3834 6332
845 348 902 364 ...μ

80 408 200 468 ιεθθ

1165 385 1501 462 ιιοιιιωΑῐ.
1541 433 1610 447 ρ-
1644 401 1710 459 ιι.
1753 402 1845 460 DE
1881 401 2193 460 sanans.

3186 415 3326 504 isto

77 522 426 582 manifestatur
451 520 508 576 in
530 499 690 577 nobis
726 520 894 577 etiam
927 521 982 577 in
1009 521 1118 578 hoc
1136 521 1358 587 saeculo,
1387 521 1432 577 si
1457 520 1634 577 simus
1662 520 1709 578 Α
1737 517 1943 589 ligandi
1970 526 2026 573 et
2051 516 2298 573 solvendi
2325 525 2614 588 potestate.
2641 518 2747 576 Sed
2775 523 3058 580 attendant
3083 531 3228 598 quod
3268 499 3324 588 in

77 613 262 676 mundi,
272 613 410 670 sicut
438 612 554 682 ipse
574 613 816 669 mundus
836 621 942 681 est;
961 612 1119 684 justi,
1147 612 1289 669 sicut
1317 612 1433 683 ipse
1449 612 1634 683 justus

74 715 163 772 est;
191 697 378 770 sancti,
401 701 546 758 sicut
565 701 682 772 ipse
712 711 940 760 sanctus
957 711 1063 760 est.
1093 701 1218 758 Vita
1252 718 1381 759 vero
1427 702 1634 774 gloriﬁ-

73 795 282 854 cationis
316 791 756 850 manifestabitur
804 792 863 850 in
909 793 1120 862 futuro,
1179 809 1290 850 non
1343 793 1522 850 solum
1573 793 1630 848 in

73 887 356 954 animabus,
378 885 471 942 sed
499 884 665 941 etiam
694 886 751 941 in
792 885 1118 958 corporibus
1140 885 1371 954 nostris,
1401 885 1631 956 quando

74 980 294 1038 videlicet
310 979 516 1036 erimus
541 978 880 1036 immortales
931 979 1076 1036 sicut
1133 979 1251 1050 ipse
1295 979 1629 1036 immortalis

72 1083 160 1141 est;
180 1072 424 1144 speciosi,
445 1072 590 1128 sicut
622 1072 740 1144 ipse
765 1071 1048 1143 speciosus
1073 1084 1178 1140 est;
1203 1071 1448 1144 gloriosi,
1480 1072 1625 1130 sicut

73 1166 172 1234 ipse
200 1163 462 1234 gloriosus
486 1171 592 1230 est;
611 1164 776 1232 beati,
803 1164 946 1220 sicut
977 1163 1094 1235 ipse
1122 1164 1316 1220 matus
1341 1172 1444 1221 est.
1463 1163 1623 1232 Quod

73 1258 172 1327 ipse
191 1255 394 1312 eritis
418 1264 474 1312 et
498 1255 990 1313 intercessionibus
1040 1265 1358 1312 sanctorum
1396 1264 1618 1327 aposto-

72 1349 224 1402 lorum
252 1363 474 1404 suorum
530 1347 690 1406 nobis
739 1348 1023 1420 largiatur,
1057 1348 1157 1420 qui
1199 1364 1327 1405 cum
1366 1347 1528 1406 Patre
1573 1355 1630 1404 et

72 1439 250 1511 Spiritu
273 1448 463 1496 sancto
486 1439 622 1496 vivit
649 1450 705 1498 et
723 1449 916 1515 regnat
935 1456 1036 1513 per
1058 1440 1244 1498 omnia
1265 1441 1466 1498 stecula
1515 1456 1622 1499 saa-

70 1531 314 1586 culorum.
336 1529 536 1586 Amen.

609 1674 612 1676 γ
788 1622 879 1682 VI.

355 1731 425 1772 DE
455 1730 766 1774 APOS'I'OLIS.
805 1729 981 1774 SERIO
1016 1733 1086 1774 DE
1123 1733 1284 1774 LUCA.

130 1807 252 1864 Ecce
281 1824 374 1880 ego
397 1809 555 1864 mitto
585 1824 674 1866 vos
708 1810 850 1865 sicut
902 1826 1018 1864 oves
1038 1811 1096 1864 in
1149 1810 1324 1864 medio
1375 1809 1625 1882 luporum

67 1900 262 1971 (Matth.
296 1902 374 1972 ι),
403 1909 465 1957 et
489 1901 722 1972 reliqua.
752 1900 812 1957 In
859 1902 962 1958 hac
1002 1903 1181 1958 sancti
1226 1901 1504 1974 Evangelii
1547 1901 1627 1956 le-

65 1993 243 2061 ctione,
262 1988 460 2050 fratres
493 1993 831 2062 charissimi,
877 1993 1146 2051 Dominus
1186 2010 1252 2051 ac
1301 1994 1632 2065 Redemptor

66 2095 230 2142 noster
245 2087 548 2159 discipulos
573 2105 727 2156 suos,
779 2103 919 2160 quos
975 2087 1045 2144 ad
1089 2085 1498 2158 praedicandum
1535 2102 1630 2157 per

65 2180 352 2237 universum
403 2175 675 2238 mundum
719 2191 836 2239 erat
865 2184 1162 2248 missurus,
1188 2179 1542 2251 praeinstruit.
1569 2178 1630 2236 In

64 2287 158 2342 quo
180 2288 391 2345 quoque
436 2289 542 2330 nos
577 2275 966 2346 praedicatores
992 2273 1216 2329 instruit
1243 2271 1627 2338 nihilominus,

64 2365 143 2434 qui
163 2365 325 2422 vicem
348 2365 574 2422 illorum
596 2367 652 2422 in
676 2365 920 2424 Ecclesia
946 2374 1220 2422 tenemus.
1271 2363 1427 2420 Facit
1465 2365 1630 2438 igitur

62 2466 291 2525 quatuor.
321 2455 535 2526 Primo,
557 2472 656 2515 eos
680 2457 962 2530 apostolos
998 2455 1303 2513 constituit.
1351 2455 1627 2522 Secundo,

61 2563 158 2618 quo
181 2563 268 2605 eos
288 2549 472 2605 mittat
491 2549 737 2621 exponit.
773 2548 982 2616 Tertio,
1015 2547 1209 2620 quales
1229 2561 1352 2603 esse
1393 2546 1629 2603 debeant

61 2641 290 2697 ostendit.
313 2639 549 2710 Quarto,
578 2651 775 2710 contra
811 2640 1224 2714 persecutiones
1247 2647 1507 2694 venturas
1529 2653 1626 2696 eos

61 2733 344 2802 permunit.
399 2733 615 2801 Primo,
665 2749 762 2792 eos
806 2733 1085 2806 apostolos
1140 2732 1448 2801 constituit,
1498 2746 1628 2789 cum

59 2821 364 2882 dicit:Eccc
385 2842 484 2898 ego
507 2827 662 2880 mitto
692 2841 802 2881 vos.
841 2825 922 2880 Ac
961 2825 1010 2881 si
1051 2831 1238 2896 aperte
1283 2822 1470 2878 dicat:
1508 2820 1626 2894 Ego

59 2915 301 2978 Dominus
324 2928 380 2976 et
406 2919 672 2991 magister
686 2927 866 2974 vester
885 2933 984 2974 vos
1007 2915 1075 2974 de
1095 2915 1383 2986 discipulis
1399 2913 1624 2980 missos,

59 3011 307 3081 aposmlos
335 3026 495 3068 meos
519 3011 815 3068 constituo.
845 3009 1142 3082 Apostolus
1180 3008 1381 3080 quippe
1433 3007 1626 3062 missus

59 3112 445 3175 interpretatur.
470 3102 529 3160 In
551 3118 663 3175 quo
699 3104 804 3160 tria
861 3103 943 3160 eis
989 3102 1350 3170 demonstrat,
1373 3099 1628 3157 videlicet

56 3199 184 3270 quis,
204 3211 256 3256 et
273 3201 340 3256 de
365 3199 596 3273 quibus,
615 3209 670 3256 et
692 3215 833 3270 quos
861 3213 960 3255 eos
987 3197 1302 3254 constituat.
1321 3193 1490 3263 Quis?
1509 3194 1625 3266 Ego

58 3289 300 3348 Dominus
323 3301 379 3348 et
404 3292 670 3364 magister
695 3295 882 3347 vester
906 3305 1006 3346 vos
1037 3289 1216 3356 mitto,
1242 3303 1352 3344 non
1387 3287 1493 3358 ipsi
1521 3303 1622 3343 vos

57 3385 360 3440 auctoritate
413 3393 598 3440 vestra
648 3383 1016 3456 apostolatum
1063 3381 1417 3453 praesumitis.
1471 3379 1624 3437 Unde

57 3474 355 3546 Apostolus:
376 3495 396 3529 ι
421 3474 712 3544 Quomodo
734 3476 1125 3547 praedicabunt,
1140 3475 1245 3530 nisi
1265 3474 1616 3529 mittantur?»

59 3564 213 3636 (liam.
241 3566 646 3637 x.)t—-tNemo
669 3568 814 3622 enim
841 3565 1074 3623 assumit
1093 3565 1198 3620 sibi
1219 3566 1508 3630 honorem,
1528 3564 1626 3620 sed

59 3659 140 3727 qui
171 3669 395 3715 vocatus
422 3668 508 3714 est
532 3675 563 3714 a
586 3659 719 3726 Deo,
749 3669 808 3714 ut
826 3659 1012 3713 Aaron
1055 3656 1246 3729 (Hebr.
1279 3658 1356 3726 v).
1393 3678 1411 3707 ι
1466 3655 1625 3723 Quod

55 3758 220 3817 aperte
237 3750 360 3806 illos
375 3749 736 3816 condemnat,
761 3749 857 3820 qui
889 3763 1001 3805 non
1023 3747 1224 3814 vocati,
1245 3747 1480 3818 pastoris
1505 3745 1624 3802 oili-

54 3839 180 3894 cium
203 3842 386 3912 potius
411 3841 634 3912 rapiunt
653 3855 818 3912 quam
855 3848 1242 3911 assequamur.
1270 3838 1344 3895 De
1368 3840 1625 3910 qualibus

53 3929 298 3990 Dominus
331 3950 434 4005 per
478 3934 800 4006 prophetam
854 3951 868 3989 :
927 3952 945 3986 ι
982 3931 1111 4004 Ipsi,
1135 3932 1332 4003 inquit,
1361 3948 1624 4003 regnave-

52 4035 186 4094 runt,
213 4038 407 4084 etnon
439 4042 508 4083 ex
563 4043 686 4094 me;
741 4027 1016 4098 principes
1057 4027 1417 4093 exstiterunt,
1439 4033 1493 4080 et
1523 4040 1626 4096 ego

53 4115 281 4188 ignoravi
346 4119 502 4190 (03c.
569 4120 725 4190 vni).
793 4138 812 4170 ι
881 4117 1094 4189 Quippe
1153 4118 1403 4174 internus
1454 4116 1625 4187 iudex

50 4219 100 4264 et
149 4213 399 4282 provehit
458 4221 514 4268 et
567 4212 763 4280 nescit,
814 4212 944 4283 quia
971 4226 1113 4282 quos
1145 4209 1508 4282 permittendo
1543 4218 1627 4264 to-

57 4301 201 4372 lerat,
235 4320 334 4376 per
393 4303 837 4376 reprobationcm
895 4304 1128 4374 ignorat.
1171 4301 1247 4357 De
1271 4301 1505 4373 quibus?
1548 4299 1626 4357 De

49 4392 316 4465 discipulis
359 4409 465 4452 vos
492 4396 768 4466 apostolos
797 4395 1093 4451 constituo.
1123 4394 1203 4448 Ac
1231 4393 1279 4448 si
1309 4393 1482 4448 dicat:
1516 4391 1625 4448 Vos

50 4485 142 4540 soli
164 4488 253 4558 qui
286 4489 459 4544 vitam
490 4496 544 4544 et
563 4487 866 4544 doctrinam
890 4502 1069 4543 meam
1092 4485 1362 4542 didicistis
1388 4493 1445 4540 et
1473 4493 1624 4540 tene-

49 4579 129 4646 tis,
154 4582 495 4652 apostolatus
515 4592 571 4637 et
594 4581 896 4652 magisterii
921 4579 1070 4652 digni
1091 4579 1246 4634 estis.
1276 4577 1334 4632 In
1355 4593 1468 4648 quo
1487 4593 1619 4634 con-

49 4667 212 4728 fundit
239 4673 364 4732 illos
381 4673 478 4744 qui
504 4680 846 4743 praesumunt
878 4672 996 4726 lieri
1026 4670 1298 4742 magistri,
1321 4678 1618 4740 antequam

48 4751 430 4822 noverintesse
460 4763 742 4834 discipuli;
772 4763 867 4834 qui
890 4763 1056 4818 vitam
1085 4778 1251 4833 quam
1286 4777 1388 4818 nec
1415 4771 1619 4828 tenent,

49 4869 141 4910 nec
159 4856 488 4924 didicerunt,
519 4864 860 4927 praesumunt
881 4855 1094 4910 docere.
1117 4853 1330 4921 Quibus
1351 4853 1621 4910 Dominus

48 4963 137 5016 per
159 4947 538 5007 Psalmistam:
577 4969 597 5002 ι
631 4947 812 5016 Quare
849 4957 904 5003 tu
933 4963 1160 5003 enarras
1179 4947 1420 5018 iustitias
1447 4961 1619 5014 meas,

48 5047 98 5094 et
129 5044 366 5098 assumis
403 5051 792 5099 testamentum
833 5056 1015 5096 meum
1059 5056 1155 5110 per
1193 5056 1258 5097 os
1303 5042 1492 5096 tuum?
1535 5039 1619 5096 Tu

47 5146 169 5189 vero
192 5136 358 5192 odisti
383 5135 750 5206 disciplinam,
775 5143 829 5191 et
851 5133 1129 5206 proiecisti
1159 5148 1444 5189 sermones
1469 5147 1624 5188 meos

48 5233 338 5284 retrorsum
367 5227 544 5302 (Paul.
571 5227 779 5297 xux)»
809 5227 998 5293 Quos?
1018 5225 1311 5296 Apostolos
1338 5239 1491 5280 meos
1527 5239 1624 5281 vos

49 5321 333 5388 constituo,
371 5321 620 5377 videlicet
644 5329 707 5376 ut
721 5335 820 5374 vos
842 5319 937 5390 qui
954 5319 1122 5374 vitam
1146 5333 1324 5374 meam
1349 5327 1404 5372 et
1422 5317 1627 5373 doctri—

49 5425 166 5465 nam
183 5413 452 5470 didicistis
467 5423 522 5469 et
533 5413 752 5478 tenetis,
768 5413 940 5468 vicem
957 5427 1177 5482 quoque
1189 5427 1365 5466 meam
1380 5411 1434 5464 in
1449 5409 1634 5466 Ecde-

49 5501 122 5557 sia
139 5505 562 5562 teneatis.Uude
575 5506 703 5562 alibi
725 5505 833 5560 illis
850 5505 1007 5560 dicit:
1039 5523 1058 5556 ι
1078 5505 1180 5571 Qui
1210 5519 1308 5560 vos
1338 5505 1511 5572 audit,
1541 5521 1628 5561 me

49 5594 210 5651 audit.
233 5596 340 5664 Qui
360 5613 455 5655 vos
478 5599 690 5670 recipit,
707 5613 796 5653 me
815 5597 1024 5668 recipit.
1050 5596 1155 5664 Qui
1174 5611 1270 5652 vos
1292 5599 1520 5668 spernit,
1543 5611 1632 5653 me

50 5687 478 5759 spernitUIattli.
498 5705 568 5758 1t;
589 5689 720 5744 Luc.
743 5691 820 5759 ιι).
834 5709 853 5740 ι
875 5687 1086 5743 Tenent
1103 5697 1285 5742 autem
1301 5687 1556 5758 discipuli
1577 5697 1634 5743 et

50 5789 392 5838 successores
417 5798 606 5840 eorum
635 5785 810 5840 vicem
842 5782 1046 5840 Christi
1079 5783 1132 5838 in
1161 5781 1372 5837 tribus:
1401 5784 1456 5836 in
1485 5797 1628 5852 prae-

53 5870 314 5932 dicatione
342 5917 359 5946 ,
415 5877 470 5936 in
523 5885 995 5937 sacramentorum
1055 5875 1456 5932 ministratione
1487 5917 1504 5944 ,
1549 5874 1648 5942 ,ὶιι-

1651 3254 1694 3315 C

1736 609 1823 665 his
1841 610 2097 666 omnibus
2125 625 2234 664 non
2271 620 2552 680 auctores,
2581 614 2676 692 sed
2701 615 2912 682 vicarii,
2945 635 3052 673 non
3080 622 3324 694 domini,

1736 701 1832 756 sed
1864 700 2022 756 missi
2056 709 2204 755 sunt.
2245 698 2353 772 Ipsi
2399 703 2546 756 enim
2583 705 2828 762 exterius
2864 710 3193 778 prmdicant.
3227 722 3320 770 sed

1733 793 1989 852 Christus
2007 795 2237 851 interius
2254 796 2432 852 docet.
2458 795 2564 862 Ipsi
2585 807 2792 854 tantum
2811 803 3052 861 exlerius
3073 807 3322 878 abluunt,

1733 887 1830 942 sed
1863 887 2122 942 Christus
2169 886 2400 944 interius
2443 889 2700 960 baptizat.
2734 885 2812 946 Illi
2853 896 3097 952 exterius
3128 914 3326 956 manus

1732 980 1946 1046 levant,
1995 979 2091 1035 sed
2142 977 2409 1036 Dominus
2451 981 2723 1039 benedicit
2766 993 2820 1040 et
2863 1000 3166 1045 consecrat.
3216 991 3323 1062 Ipsi

1731 1070 1976 1127 exterius
2003 1071 2326 1127 sententiam
2351 1071 2658 1143 proferunt,
2689 1077 2782 1132 sed
2807 1077 3062 1136 Christus
3091 1082 3326 1141 interius

1730 1162 1964 1218 absolvit
1985 1170 2040 1218 et
2060 1162 2210 1235 ligat.
2232 1158 2388 1219 Unde
2412 1164 2734 1235 Apostolus:
2765 1187 2784 1221 ‹
2817 1168 2906 1226 Sic
2927 1187 3028 1229 nos
3050 1173 3323 1232 existimet

1730 1254 1898 1310 homo
1927 1263 1990 1309 ut
2019 1255 2304 1310 ministros
2334 1253 2569 1324 Christi,
2598 1267 2654 1313 et
2683 1259 3088 1331 dispensatores
3117 1277 3322 1340 myste-

1727 1345 1939 1402 riorum
1967 1346 2066 1401 Dei
2103 1344 2157 1416 (1
2214 1344 2339 1401 Cor.
2374 1340 2468 1417 tv).
2510 1367 2528 1400 ι
2565 1347 2737 1405 Porro
2773 1353 3003 1410 ﬁdeliter
3039 1359 3245 1415 missus
3269 1369 3326 1416 et

1726 1438 2303 1507 vimriustristiest,
2319 1439 2412 1510 qui
2435 1440 2639 1497 Christi
2659 1444 2906 1503 moribus
2920 1463 2978 1504 se
2993 1451 3323 1522 conformat,

1727 1531 1823 1603 qui
1875 1545 1985 1586 non
2038 1547 2162 1598 sua,
2204 1531 2299 1586 sed
2327 1529 2531 1587 Christi
2585 1535 2751 1590 verba
2794 1539 3042 1608 nuntiat;
3083 1543 3177 1613 qui
3213 1559 3324 1601 non

1732 1639 1919 1692 suam,
1948 1623 2044 1678 sed
2069 1622 2274 1679 Christi
2297 1623 2529 1693 gloriam
2552 1635 2752 1696 captat.

1799 1713 2086 1783 Secundo,
2138 1729 2251 1784 quo
2301 1713 2606 1785 discipulos
2655 1716 2873 1786 mittat,
2917 1722 3140 1792 exponit
3193 1740 3320 1781 eum

1729 1807 1892 1864 dicit:
1911 1805 2062 1863 Sicut
2087 1823 2205 1862 oves
2227 1807 2284 1861 in
2304 1806 2476 1862 medio
2499 1806 2765 1878 luporum.
2785 1810 2864 1866 Ac
2889 1811 2934 1866 si
2957 1823 3141 1884 aperte
3159 1816 3322 1872 dicat:

1733 1899 1888 1956 Mitto
1912 1914 2034 1966 vos,
2061 1915 2170 1954 non
2195 1899 2265 1956 ad
2297 1901 2671 1968 securitatem,
2699 1901 2794 1958 sed
2818 1903 2886 1959 ad
2915 1906 3191 1973 timorem,
3217 1926 3323 1965 non

1733 1993 1803 2050 ad
1842 1991 2296 2059 dominationem,
2351 1999 2447 2048 sed
2495 1992 2564 2048 ad
2615 1992 3033 2066 subjectionem,
3091 2015 3200 2056 non
3255 2001 3325 2056 ad

1732 2083 1986 2158 gloriam,
2017 2081 2112 2138 sed
2139 2081 2208 2138 ad
2238 2081 2575 2152 passionem.
2613 2081 2672 2138 In
2706 2101 2818 2156 quo
2844 2088 3200 2146 confutantur
3223 2091 3323 2159 illi,

1731 2187 1828 2257 qui
1857 2186 2093 2243 cilicium
2129 2186 2404 2259 pastorale
2447 2195 2687 2258 captant,
2731 2194 2793 2242 ut
2827 2185 2882 2241 in
2926 2185 3240 2252 securitate,
3268 2184 3324 2239 in

1730 2278 2108 2335 dominatione
2149 2286 2206 2333 et
2255 2278 2312 2332 in
2351 2277 2526 2350 gloria
2563 2278 2769 2344 vivant,
2815 2292 2926 2331 non
2963 2275 3326 2345 attendentes,

1731 2383 1836 2425 nec
1863 2369 2010 2440 quod
2036 2368 2127 2426 hic
2148 2369 2369 2437 dicitur,
2405 2383 2506 2424 nec
2528 2369 2677 2440 quod
2704 2367 2832 2424 alibi
2866 2367 3132 2423 Dominus
3155 2367 3322 2422 dicit:

1738 2479 1757 2514 ι
1789 2460 1944 2518 Sicut
1963 2461 2114 2519 misit
2137 2477 2225 2518 me
2242 2461 2425 2529 Pater,
2449 2469 2505 2518 et
2532 2477 2634 2534 ego
2658 2461 2817 2516 mitto
2838 2476 2936 2517 vos
2961 2459 3143 2534 (Joan.
3167 2460 3284 2528 xx).
3299 2477 3319 2511 ι

1730 2553 1789 2611 Id
1814 2563 1920 2624 est,
1943 2555 2087 2611 sicut
2106 2555 2258 2612 misit
2279 2570 2366 2611 me
2387 2553 2550 2610 Pater
2577 2554 2644 2609 ad
2669 2553 3057 2620 humilitatem,
3087 2552 3155 2609 ad
3185 2567 3326 2624 pau-

1730 2656 2016 2718 pertatem,
2034 2647 2104 2704 ad
2125 2648 2437 2719 passionem
2459 2665 2475 2715 ;
2502 2647 2584 2703 sic
2603 2662 2704 2719 ego
2723 2646 2792 2702 ad
2812 2647 3000 2702 eadem
3027 2645 3183 2701 mitto
3202 2659 3324 2701 vos.

1733 2736 1805 2794 Se
1840 2738 2008 2810 igitur
2035 2754 2146 2795 non
2173 2753 2296 2795 esse
2344 2739 2578 2795 missum
2608 2754 2640 2794 a
2689 2737 2801 2794 Deo
2833 2737 3102 2806 ostendit,
3143 2737 3238 2808 qui
3268 2737 3325 2792 in

1730 2829 1856 2886 Ioco
1883 2829 2230 2899 humilitatis,
2257 2830 2712 2900 dominationem,
2745 2830 2985 2898 divitias,
3014 2839 3068 2885 et
3090 2829 3324 2902 gloriam

1731 2922 1949 2994 quaerit.
1979 2921 2153 2979 Porro
2182 2923 2438 2996 luporum
2481 2924 2702 2980 nomine
2728 2923 3007 2979 daemones
3034 2931 3089 2979 et
3117 2923 3325 2980 daemo-

1732 3017 1926 3075 niacos
1947 3018 2201 3076 homines
2227 3019 2500 3092 designat,
2531 3019 2626 3091 qui
2657 3034 2808 3076 more
2839 3019 3095 3090 luporum
3131 3019 3326 3076 ovibus

1731 3105 1939 3163 Christi
1962 3106 2314 3176 insidientur,
2336 3108 2418 3163 eis
2440 3107 2582 3162 mala
2603 3107 2870 3180 irrogant,
2893 3107 2949 3162 in
2973 3107 3056 3164 eis
3079 3107 3324 3175 saeviant,

1733 3208 1790 3256 et
1832 3215 1929 3256 eas
1975 3200 2262 3257 devorant.
2321 3198 2527 3256 Contra
2589 3217 2826 3272 quorum
2887 3192 3152 3256 malitiam
3194 3200 3327 3256 boui

1725 3288 2025 3346 Christiani
2073 3305 2229 3347 more
2273 3289 2482 3358 ovium,
2515 3290 2766 3360 beneﬁci,
2795 3291 3088 3357 mansueti,
3115 3291 3328 3360 patien-

1727 3381 1925 3438 tissimi
1955 3390 2326 3454 perseverant.
2347 3381 2474 3450 Sed,
2499 3382 2760 3454 quoniam
2782 3392 3184 3454 persecutores,
3214 3399 3324 3437 non

1726 3473 1905 3530 solum
1929 3489 2058 3530 oves
2075 3473 2282 3530 Christi
2305 3473 2360 3528 in
2387 3475 2750 3530 exterioribus
2772 3483 3199 3545 persequuntur,
3223 3475 3318 3530 sed

1723 3565 1891 3622 etiam
1930 3580 2084 3622 more
2129 3565 2382 3635 luporum
2427 3573 2614 3638 guttur
2651 3574 2708 3621 et
2751 3567 2935 3621 vitalia
2980 3565 3324 3634 invadentes,

1724 3672 1913 3713 vowm
1933 3655 2338 3728 pradicationis
2358 3665 2413 3712 et
2431 3656 2799 3713 confessionis
2819 3668 3123 3729 amputare,
3139 3670 3194 3712 et
3209 3657 3324 3729 Spi-

1723 3747 1893 3804 ritum
1913 3747 1969 3804 in
1981 3747 2061 3804 eis
2079 3748 2429 3820 exstinguere
2452 3757 2727 3820 quaerunt,
2747 3765 2854 3804 non
2881 3751 3058 3805 solum
3074 3751 3323 3818 scientia,

1726 3841 1821 3897 sed
1848 3841 2012 3898 etiam
2035 3841 2324 3912 sapientia,
2344 3841 2626 3913 vigilantia
2651 3841 2733 3898 eis
2755 3857 2894 3912 opus
2914 3841 3177 3898 eSt.Unde
3193 3851 3247 3897 et
3268 3843 3321 3896 in

1727 3931 1888 3989 tertio
1909 3932 2034 3988 loco
2063 3933 2256 4004 quales
2281 3943 2471 3989 contra
2503 3934 2606 3990 hoc
2630 3949 2752 3990 esse
2780 3935 3034 4002 debeant,
3062 3935 3323 4000 ostendit,

1690 4087 1692 4092 _
1725 4040 1853 4080 cum
1866 4023 2080 4081 subdit:
2101 4023 2284 4079 Estote
2301 4041 2424 4096 ergo
2439 4025 2723 4096 prudentes
2736 4027 2875 4080 sicut
2889 4024 3324 4096 serpentes.Sane

1695 4105 1703 4168 Γ
1725 4116 2015 4190 prudentia
2041 4117 2312 4188 serpentis
2327 4126 2434 4183 est,
2459 4119 2606 4188 quod
2640 4127 2804 4189 caput
2831 4118 2886 4172 in
2915 4133 3026 4189 quo
3056 4119 3168 4173 vita
3192 4133 3326 4174 con-

1690 4241 1692 4244 ν
1728 4210 1898 4278 sistit,
1931 4226 2044 4281 prae
2075 4209 2290 4266 caeteris
2321 4211 2592 4278 custodit,
2628 4219 2684 4266 et
2731 4221 2983 4281 respectu
3016 4199 3212 4282 capitis
3239 4219 3323 4266 to-

1689 4337 1698 4366 ~,
1727 4312 1843 4359 tum
1862 4317 2065 4372 corpus
2087 4317 2250 4359 suum
2273 4311 2652 4370 contemnens,
2673 4318 2774 4373 pro
2791 4302 2968 4358 salute
2981 4303 3178 4374 capitis
3198 4319 3320 4358 cono

1691 4403 1812 4450 gtra
1848 4395 1992 4451 ictus
2019 4392 2286 4462 ferientis,
2326 4393 2462 4449 illud
2502 4402 2764 4464 tanquam
2814 4401 3032 4448 scutum
3075 4393 3320 4464 opponit.

1685 4539 1688 4544 .
1727 4485 1976 4554 Quorum
2010 4485 2257 4557 profecto
2298 4485 2647 4557 prudentiam
2681 4501 2790 4541 non
2828 4485 3006 4542 solum
3049 4495 3321 4558 pastores,

1691 4623 1694 4626 .
1728 4623 1826 4634 η,
1857 4623 2024 4633 πη...
2061 4623 2250 4634 ν,,,,,,,,,
2274 4623 2462 4633 -..νην
2490 4623 2728 4633 mm.-."
2771 4623 2994 4646 ___,__,___,
3030 4623 3086 4632 __
3116 4623 3323 4634 "mw,

1651 4623 1701 4742 Ρ
1728 4667 1887 4722 ﬁdem
1905 4666 2388 4739 JesuChristi,qui
2412 4675 2576 4739 caput
2601 4677 2849 4724 nostrum
2863 4677 3090 4738 est,pr:e
3111 4669 3323 4723 ueteris

1700 4783 1701 4786 η
1728 4763 2350 4830 cuuctiscustodiamus,
2377 4761 2496 4818 sine
2510 4778 2618 4832 qua
2635 4778 2744 4817 non
2761 4769 2843 4817 est
2871 4761 3028 4818 nobis
3055 4761 3224 4816 salus.
3255 4758 3322 4816 Et

1728 4577 1826 4634 sed
1855 4579 2024 4633 etiam
2059 4593 2250 4634 omnes
2274 4577 2462 4633 lideles
2488 4585 2738 4633 tenentur
2770 4577 2994 4646 imitari,
3028 4588 3086 4632 ut
3116 4577 3324 4634 scilicet

1729 4869 1828 4924 pro
1863 4853 1986 4925 eius
2027 4853 2374 4911 confessione
2413 4861 2468 4911 et
2512 4855 2952 4921 conservatione,
2990 4869 3098 4908 non
3138 4853 3318 4910 solum

1729 4957 1952 5015 nostra,
2003 4948 2094 5004 sed
2141 4949 2306 5004 etiam
2353 4935 2555 5018 corpus
2601 4957 2885 5014 nostrum,
2937 4946 3100 5002 morti
3155 4962 3320 5018 expo-

1729 5053 1948 5094 namus.
1979 5037 2076 5094 Est
2102 5048 2157 5094 et
2187 5039 2292 5094 alia
2325 5038 2596 5110 serpentis
2627 5039 2848 5107 astutia,
2877 5040 3137 5110 quoniam
3164 5039 3314 5110 jeju-

1726 5146 1867 5186 nans
1913 5139 1968 5186 et
2009 5146 2107 5202 per
2145 5132 2428 5203 angustias
2470 5147 2530 5188 se
2569 5119 2895 5200 coarctans,
2932 5132 3128 5202 pellem
3166 5125 3318 5188 exuit

1725 5230 2061 5279 veteranam.
2088 5221 2260 5293 Cujus
2284 5223 2632 5294 prudentiam
2657 5239 2850 5279 omnes
2872 5240 3093 5296 quoque
3115 5215 3318 5279 imitari

1729 5316 2022 5382 debemus,
2048 5323 2110 5370 ut
2137 5316 2389 5392 videlicet
2424 5331 2646 5372 carnem
2678 5323 2920 5370 nostram
2953 5324 3315 5380 macerantes,

1730 5415 1786 5462 et
1845 5422 1941 5476 per
1993 5415 2284 5478 angustam
2335 5416 2731 5477 praeceptorum
2791 5404 2887 5460 Dei
2947 5415 3159 5475 portam
3217 5422 3319 5459 nos

1731 5507 2096 5564 coarctautes,
2129 5507 2362 5554 veterem
2394 5483 2674 5553 hominem
2703 5514 2991 5564 exuamus,
3023 5513 3145 5552 eum
3170 5495 3320 5551 vitiis

1729 5602 1785 5647 et
1821 5589 2304 5661 concupiscentiis,
2338 5598 2394 5644 et
2437 5589 2730 5645 induamus
2769 5605 2993 5654 novum,
3019 5588 3115 5658 qui
3153 5601 3316 5641 reuo-

1728 5691 1885 5736 vatur
1908 5682 1976 5736 de
2000 5681 2087 5736 die
2112 5679 2165 5734 in
2188 5680 2332 5736 diem
2363 5678 2503 5752 (Col.
2533 5679 2638 5751 ιιι).
2667 5678 2796 5748 Sed,
2813 5679 3071 5750 quoniam
3093 5693 3318 5746 serpens

1729 5787 2000 5829 venenosa
2035 5772 2208 5829 bestia
2242 5779 2347 5840 est,
2383 5781 2436 5828 et
2465 5771 2724 5828 astutiam
2759 5771 2923 5826 habet
2958 5767 3210 5834 nocendi,
3249 5783 3318 5824 ne

1727 5872 1854 5944 quis
1881 5871 2085 5950 pariter
2123 5880 2176 5928 et
2219 5870 2478 5958 astutiam
2525 5868 2671 5928 illius
2705 5868 2863 5959 vellet
2901 5865 3127 5938 imitari,
3162 5872 3318 5939 post-
