  <div class='ocr_page' id='page_1' title='image "/cluster/home/n/w/nwhite01/storage/ocr_20150623/155/hvd.32044015473838/761.png"; bbox 0 0 3844 6318; ppageno 0'>
   <div class='ocr_carea' id='block_1_1' title="bbox 543 400 675 458">
    <p class='ocr_par' dir='ltr' id='par_1_1' title="bbox 543 400 675 458">
     <span class='ocr_line' id='line_1_1' title="bbox 543 400 675 458; baseline -0.008 -2"><span class='ocrx_word' id='word_1_1' title='bbox 543 400 675 458; x_wconf 71' lang='grc'><strong>1511</strong></span> 
     </span>
    </p>
   </div>
   <div class='ocr_carea' id='block_1_2' title="bbox 1828 384 2565 444">
    <p class='ocr_par' dir='ltr' id='par_1_2' title="bbox 1828 384 2565 444">
     <span class='ocr_line' id='line_1_2' title="bbox 1828 384 2565 444; baseline -0.001 -1"><span class='ocrx_word' id='word_1_2' title='bbox 1828 388 1915 443; x_wconf 56' lang='lat' dir='ltr'><strong>lli</strong></span> <span class='ocrx_word' id='word_1_3' title='bbox 1927 384 2181 444; x_wconf 77' lang='lat' dir='ltr'><strong>DUI.Plll</strong></span> <span class='ocrx_word' id='word_1_4' title='bbox 2216 385 2565 443; x_wconf 77' lang='lat' dir='ltr'><strong>AllDENTlS</strong></span> 
     </span>
    </p>
   </div>
   <div class='ocr_carea' id='block_1_3' title="bbox 3623 387 3720 449">
    <p class='ocr_par' dir='ltr' id='par_1_3' title="bbox 3623 387 3720 449">
     <span class='ocr_line' id='line_1_3' title="bbox 3623 387 3720 449; baseline 0.041 -4"><span class='ocrx_word' id='word_1_5' title='bbox 3623 387 3720 449; x_wconf 67' lang='grc' dir='ltr'>ιειι</span> 
     </span>
    </p>
   </div>
   <div class='ocr_carea' id='block_1_4' title="bbox 539 494 3724 589">
    <p class='ocr_par' dir='ltr' id='par_1_4' title="bbox 539 494 3724 589">
     <span class='ocr_line' id='line_1_4' title="bbox 539 494 3724 589; baseline -0.005 -17"><span class='ocrx_word' id='word_1_6' title='bbox 539 532 705 589; x_wconf 85' lang='lat' dir='ltr'><strong>quam</strong></span> <span class='ocrx_word' id='word_1_7' title='bbox 740 514 905 571; x_wconf 76' lang='lat' dir='ltr'><strong>dixit:</strong></span> <span class='ocrx_word' id='word_1_8' title='bbox 944 511 1129 567; x_wconf 82' lang='lat' dir='ltr'><strong>Estote</strong></span> <span class='ocrx_word' id='word_1_9' title='bbox 1159 510 1437 581; x_wconf 84' lang='lat' dir='ltr'><strong>prudentes</strong></span> <span class='ocrx_word' id='word_1_10' title='bbox 1467 507 1604 561; x_wconf 84' lang='lat' dir='ltr'><strong>sicut</strong></span> <span class='ocrx_word' id='word_1_11' title='bbox 1628 511 1908 575; x_wconf 75' lang='lat' dir='ltr'><strong>serpentes,</strong></span> <span class='ocrx_word' id='word_1_12' title='bbox 1940 503 2123 558; x_wconf 86' lang='lat' dir='ltr'><strong>statim</strong></span> <span class='ocrx_word' id='word_1_13' title='bbox 2154 511 2199 568; x_wconf 81' lang='grc' dir='ltr'>Λ</span> <span class='ocrx_word' id='word_1_14' title='bbox 2229 510 2465 573; x_wconf 89' lang='lat' dir='ltr'><strong>putaret,</strong></span> <span class='ocrx_word' id='word_1_15' title='bbox 2512 508 2567 557; x_wconf 81' lang='lat' dir='ltr'><strong>et</strong></span> <span class='ocrx_word' id='word_1_16' title='bbox 2594 514 2692 557; x_wconf 85' lang='lat' dir='ltr'><strong>eos</strong></span> <span class='ocrx_word' id='word_1_17' title='bbox 2720 499 3091 567; x_wconf 67' lang='lat' dir='ltr'><strong>convinceret,</strong></span> <span class='ocrx_word' id='word_1_18' title='bbox 3115 495 3225 554; x_wconf 82' lang='lat' dir='ltr'><strong>nisi</strong></span> <span class='ocrx_word' id='word_1_19' title='bbox 3254 494 3672 568; x_wconf 64' lang='lat' dir='ltr'><strong>Spiritum</strong></span> <span class='ocrx_word' id='word_1_20' title='bbox 3696 523 3724 562; x_wconf 80' lang='grc' dir='ltr'><strong>ι</strong></span> 
     </span>
    </p>
   </div>
   <div class='ocr_carea' id='block_1_5' title="bbox 536 588 3727 678">
    <p class='ocr_par' dir='ltr' id='par_1_5' title="bbox 536 588 3727 678">
     <span class='ocr_line' id='line_1_5' title="bbox 536 588 3727 678; baseline -0.006 -15"><span class='ocrx_word' id='word_1_21' title='bbox 536 588 810 678; x_wconf 78' lang='lat' dir='ltr'><strong>adjunxit,</strong></span> <span class='ocrx_word' id='word_1_22' title='bbox 837 616 886 661; x_wconf 85' lang='lat' dir='ltr'><strong>et</strong></span> <span class='ocrx_word' id='word_1_23' title='bbox 915 604 1182 675; x_wconf 74' lang='lat' dir='ltr'><strong>simplices</strong></span> <span class='ocrx_word' id='word_1_24' title='bbox 1206 604 1341 657; x_wconf 81' lang='lat' dir='ltr'><strong>sicut</strong></span> <span class='ocrx_word' id='word_1_25' title='bbox 1367 598 1639 655; x_wconf 76' lang='lat' dir='ltr'><strong>columbce.</strong></span> <span class='ocrx_word' id='word_1_26' title='bbox 1664 596 1741 652; x_wconf 88' lang='lat' dir='ltr'><strong>Ac</strong></span> <span class='ocrx_word' id='word_1_27' title='bbox 1766 597 1814 651; x_wconf 88' lang='lat' dir='ltr'><strong>si</strong></span> <span class='ocrx_word' id='word_1_28' title='bbox 1839 605 2022 667; x_wconf 89' lang='lat' dir='ltr'><strong>aperte</strong></span> <span class='ocrx_word' id='word_1_29' title='bbox 2044 594 2128 650; x_wconf 89' lang='lat' dir='ltr'><strong>di-</strong></span> <span class='ocrx_word' id='word_1_30' title='bbox 2225 609 2349 648; x_wconf 89' lang='lat' dir='ltr'><strong>eam</strong></span> <span class='ocrx_word' id='word_1_31' title='bbox 2378 601 2432 649; x_wconf 90' lang='lat' dir='ltr'><strong>et</strong></span> <span class='ocrx_word' id='word_1_32' title='bbox 2464 607 2561 664; x_wconf 87' lang='lat' dir='ltr'><strong>per</strong></span> <span class='ocrx_word' id='word_1_33' title='bbox 2585 607 2707 647; x_wconf 89' lang='lat' dir='ltr'><strong>eam</strong></span> <span class='ocrx_word' id='word_1_34' title='bbox 2735 593 3089 665; x_wconf 78' lang='lat' dir='ltr'><strong>loqueretur?</strong></span> <span class='ocrx_word' id='word_1_35' title='bbox 3107 588 3396 659; x_wconf 76' lang='lat' dir='ltr'><strong>Quomodo</strong></span> <span class='ocrx_word' id='word_1_36' title='bbox 3420 590 3556 646; x_wconf 80' lang='lat' dir='ltr'><strong>beata</strong></span> <span class='ocrx_word' id='word_1_37' title='bbox 3580 592 3727 666; x_wconf 58' lang='lat' dir='ltr'><strong>Agna,</strong></span> 
     </span>
    </p>
   </div>
   <div class='ocr_carea' id='block_1_6' title="bbox 538 686 2131 767">
    <p class='ocr_par' dir='ltr' id='par_1_6' title="bbox 538 686 2131 767">
     <span class='ocr_line' id='line_1_6' title="bbox 538 686 2131 767; baseline -0.008 -13"><span class='ocrx_word' id='word_1_38' title='bbox 538 708 665 755; x_wconf 86' lang='lat' dir='ltr'><strong>cat:</strong></span> <span class='ocrx_word' id='word_1_39' title='bbox 730 696 911 751; x_wconf 82' lang='lat' dir='ltr'><strong>Estote</strong></span> <span class='ocrx_word' id='word_1_40' title='bbox 956 695 1234 767; x_wconf 74' lang='lat' dir='ltr'><strong>prudentes</strong></span> <span class='ocrx_word' id='word_1_41' title='bbox 1284 694 1422 746; x_wconf 83' lang='lat' dir='ltr'><strong>sicut</strong></span> <span class='ocrx_word' id='word_1_42' title='bbox 1469 698 1751 759; x_wconf 76' lang='lat' dir='ltr'><strong>serpentes,</strong></span> <span class='ocrx_word' id='word_1_43' title='bbox 1801 703 1870 743; x_wconf 86' lang='lat' dir='ltr'><strong>ne</strong></span> <span class='ocrx_word' id='word_1_44' title='bbox 1921 686 2131 743; x_wconf 80' lang='lat' dir='ltr'><strong>scilicet</strong></span> 
     </span>
    </p>
   </div>
   <div class='ocr_carea' id='block_1_7' title="bbox 540 778 2115 853">
    <p class='ocr_par' dir='ltr' id='par_1_7' title="bbox 540 778 2115 853">
     <span class='ocr_line' id='line_1_7' title="bbox 540 778 2115 853; baseline -0.01 -8"><span class='ocrx_word' id='word_1_45' title='bbox 540 788 701 845; x_wconf 83' lang='lat' dir='ltr'><strong>idolis</strong></span> <span class='ocrx_word' id='word_1_46' title='bbox 744 788 975 843; x_wconf 88' lang='lat' dir='ltr'><strong>aliorum</strong></span> <span class='ocrx_word' id='word_1_47' title='bbox 1015 782 1394 853; x_wconf 81' lang='lat' dir='ltr'><strong>decipiamini;</strong></span> <span class='ocrx_word' id='word_1_48' title='bbox 1436 789 1486 834; x_wconf 89' lang='lat' dir='ltr'><strong>et</strong></span> <span class='ocrx_word' id='word_1_49' title='bbox 1543 778 1809 849; x_wconf 76' lang='lat' dir='ltr'><strong>simplices</strong></span> <span class='ocrx_word' id='word_1_50' title='bbox 1853 778 1992 831; x_wconf 87' lang='lat' dir='ltr'><strong>sicut</strong></span> <span class='ocrx_word' id='word_1_51' title='bbox 2035 794 2115 831; x_wconf 87' lang='lat' dir='ltr'><strong>co-</strong></span> 
     </span>
    </p>
   </div>
   <div class='ocr_carea' id='block_1_8' title="bbox 541 870 2129 947">
    <p class='ocr_par' dir='ltr' id='par_1_8' title="bbox 541 870 2129 947">
     <span class='ocr_line' id='line_1_8' title="bbox 541 870 2129 947; baseline -0.008 -9"><span class='ocrx_word' id='word_1_52' title='bbox 541 884 757 947; x_wconf 71' lang='lat' dir='ltr'><strong>!umbce,</strong></span> <span class='ocrx_word' id='word_1_53' title='bbox 789 896 857 936; x_wconf 89' lang='lat' dir='ltr'><strong>ne</strong></span> <span class='ocrx_word' id='word_1_54' title='bbox 896 877 1104 935; x_wconf 85' lang='lat' dir='ltr'><strong>scilicet</strong></span> <span class='ocrx_word' id='word_1_55' title='bbox 1151 875 1254 946; x_wconf 93' lang='lat' dir='ltr'><strong>ipsi</strong></span> <span class='ocrx_word' id='word_1_56' title='bbox 1287 874 1425 929; x_wconf 89' lang='lat' dir='ltr'><strong>alios</strong></span> <span class='ocrx_word' id='word_1_57' title='bbox 1459 872 1764 943; x_wconf 86' lang='lat' dir='ltr'><strong>decipiatis.</strong></span> <span class='ocrx_word' id='word_1_58' title='bbox 1810 870 1985 926; x_wconf 88' lang='lat' dir='ltr'><strong>Porro</strong></span> <span class='ocrx_word' id='word_1_59' title='bbox 2028 885 2129 925; x_wconf 88' lang='lat' dir='ltr'><strong>nec</strong></span> 
     </span>
    </p>
   </div>
   <div class='ocr_carea' id='block_1_9' title="bbox 540 961 2130 1045">
    <p class='ocr_par' dir='ltr' id='par_1_9' title="bbox 540 961 2130 1045">
     <span class='ocr_line' id='line_1_9' title="bbox 540 961 2130 1045; baseline -0.008 -16"><span class='ocrx_word' id='word_1_60' title='bbox 540 973 827 1045; x_wconf 79' lang='lat' dir='ltr'><strong>prudentia</strong></span> <span class='ocrx_word' id='word_1_61' title='bbox 887 971 1005 1026; x_wconf 91' lang='lat' dir='ltr'><strong>sine</strong></span> <span class='ocrx_word' id='word_1_62' title='bbox 1063 966 1444 1036; x_wconf 76' lang='lat' dir='ltr'><strong>simplicitate,</strong></span> <span class='ocrx_word' id='word_1_63' title='bbox 1492 979 1591 1019; x_wconf 91' lang='lat' dir='ltr'><strong>nec</strong></span> <span class='ocrx_word' id='word_1_64' title='bbox 1651 962 1972 1034; x_wconf 81' lang='lat' dir='ltr'><strong>simplicitas</strong></span> <span class='ocrx_word' id='word_1_65' title='bbox 2010 961 2130 1017; x_wconf 88' lang='lat' dir='ltr'><strong>sine</strong></span> 
     </span>
    </p>
   </div>
   <div class='ocr_carea' id='block_1_10' title="bbox 542 1053 2132 1136">
    <p class='ocr_par' dir='ltr' id='par_1_10' title="bbox 542 1053 2132 1136">
     <span class='ocr_line' id='line_1_10' title="bbox 542 1053 2132 1136; baseline -0.007 -19"><span class='ocrx_word' id='word_1_66' title='bbox 542 1065 824 1136; x_wconf 70' lang='lat' dir='ltr'><strong>prudentia</strong></span> <span class='ocrx_word' id='word_1_67' title='bbox 849 1061 1087 1133; x_wconf 84' lang='lat' dir='ltr'><strong>prodest.</strong></span> <span class='ocrx_word' id='word_1_68' title='bbox 1114 1057 1406 1113; x_wconf 83' lang='lat' dir='ltr'><strong>Prudentia</strong></span> <span class='ocrx_word' id='word_1_69' title='bbox 1436 1070 1673 1126; x_wconf 85' lang='lat' dir='ltr'><strong>namque</strong></span> <span class='ocrx_word' id='word_1_70' title='bbox 1721 1054 1838 1111; x_wconf 88' lang='lat' dir='ltr'><strong>sine</strong></span> <span class='ocrx_word' id='word_1_71' title='bbox 1868 1053 2132 1125; x_wconf 89' lang='lat' dir='ltr'><strong>simplici-</strong></span> 
     </span>
    </p>
   </div>
   <div class='ocr_carea' id='block_1_11' title="bbox 542 1146 2128 1222">
    <p class='ocr_par' dir='ltr' id='par_1_11' title="bbox 542 1146 2128 1222">
     <span class='ocr_line' id='line_1_11' title="bbox 542 1146 2128 1222; baseline -0.005 -14"><span class='ocrx_word' id='word_1_72' title='bbox 542 1164 653 1209; x_wconf 89' lang='lat' dir='ltr'><strong>tate</strong></span> <span class='ocrx_word' id='word_1_73' title='bbox 694 1153 929 1222; x_wconf 80' lang='lat' dir='ltr'><strong>maligna</strong></span> <span class='ocrx_word' id='word_1_74' title='bbox 969 1150 1170 1206; x_wconf 85' lang='lat' dir='ltr'><strong>astutia</strong></span> <span class='ocrx_word' id='word_1_75' title='bbox 1211 1156 1324 1217; x_wconf 88' lang='lat' dir='ltr'><strong>est,</strong></span> <span class='ocrx_word' id='word_1_76' title='bbox 1360 1156 1413 1204; x_wconf 90' lang='lat' dir='ltr'><strong>et</strong></span> <span class='ocrx_word' id='word_1_77' title='bbox 1454 1147 1779 1218; x_wconf 86' lang='lat' dir='ltr'><strong>simplicitas</strong></span> <span class='ocrx_word' id='word_1_78' title='bbox 1828 1146 1947 1202; x_wconf 89' lang='lat' dir='ltr'><strong>sine</strong></span> <span class='ocrx_word' id='word_1_79' title='bbox 1994 1160 2128 1216; x_wconf 89' lang='lat' dir='ltr'><strong>pru-</strong></span> 
     </span>
    </p>
   </div>
   <div class='ocr_carea' id='block_1_12' title="bbox 540 1234 2127 1307">
    <p class='ocr_par' dir='ltr' id='par_1_12' title="bbox 540 1234 2127 1307">
     <span class='ocr_line' id='line_1_12' title="bbox 540 1234 2127 1307; baseline -0.005 -11"><span class='ocrx_word' id='word_1_80' title='bbox 540 1241 721 1297; x_wconf 88' lang='lat' dir='ltr'><strong>dentia</strong></span> <span class='ocrx_word' id='word_1_81' title='bbox 754 1241 917 1295; x_wconf 88' lang='lat' dir='ltr'><strong>stulta</strong></span> <span class='ocrx_word' id='word_1_82' title='bbox 958 1239 1227 1294; x_wconf 89' lang='lat' dir='ltr'><strong>bebetudo</strong></span> <span class='ocrx_word' id='word_1_83' title='bbox 1263 1250 1365 1292; x_wconf 87' lang='lat' dir='ltr'><strong>est.</strong></span> <span class='ocrx_word' id='word_1_84' title='bbox 1411 1235 1721 1307; x_wconf 78' lang='lat' dir='ltr'><strong>Propterea,</strong></span> <span class='ocrx_word' id='word_1_85' title='bbox 1767 1234 1965 1290; x_wconf 75' lang='lat' dir='ltr'><strong>fratres</strong></span> <span class='ocrx_word' id='word_1_86' title='bbox 1999 1235 2127 1301; x_wconf 86' lang='lat' dir='ltr'><strong>mei,</strong></span> 
     </span>
    </p>
   </div>
   <div class='ocr_carea' id='block_1_13' title="bbox 540 1327 2128 1402">
    <p class='ocr_par' dir='ltr' id='par_1_13' title="bbox 540 1327 2128 1402">
     <span class='ocr_line' id='line_1_13' title="bbox 540 1327 2128 1402; baseline -0.004 -15"><span class='ocrx_word' id='word_1_87' title='bbox 540 1333 841 1389; x_wconf 74' lang='lat' dir='ltr'><strong>habeamus</strong></span> <span class='ocrx_word' id='word_1_88' title='bbox 885 1341 940 1388; x_wconf 91' lang='lat' dir='ltr'><strong>et</strong></span> <span class='ocrx_word' id='word_1_89' title='bbox 985 1331 1288 1402; x_wconf 84' lang='lat' dir='ltr'><strong>simplicem</strong></span> <span class='ocrx_word' id='word_1_90' title='bbox 1327 1329 1692 1400; x_wconf 84' lang='lat' dir='ltr'><strong>prudentiam,</strong></span> <span class='ocrx_word' id='word_1_91' title='bbox 1717 1337 1772 1385; x_wconf 90' lang='lat' dir='ltr'><strong>et</strong></span> <span class='ocrx_word' id='word_1_92' title='bbox 1810 1327 2128 1399; x_wconf 83' lang='lat' dir='ltr'><strong>prudentem</strong></span> 
     </span>
    </p>
   </div>
   <div class='ocr_carea' id='block_1_14' title="bbox 540 1422 2129 1495">
    <p class='ocr_par' dir='ltr' id='par_1_14' title="bbox 540 1422 2129 1495">
     <span class='ocr_line' id='line_1_14' title="bbox 540 1422 2129 1495; baseline -0.004 -15"><span class='ocrx_word' id='word_1_93' title='bbox 540 1426 977 1495; x_wconf 50' lang='lat' dir='ltr'><strong>simplicitatem;</strong></span> <span class='ocrx_word' id='word_1_94' title='bbox 1015 1433 1076 1479; x_wconf 85' lang='lat' dir='ltr'><strong>ut</strong></span> <span class='ocrx_word' id='word_1_95' title='bbox 1107 1423 1316 1479; x_wconf 85' lang='lat' dir='ltr'><strong>scilicet</strong></span> <span class='ocrx_word' id='word_1_96' title='bbox 1346 1422 1487 1477; x_wconf 87' lang='lat' dir='ltr'><strong>mala</strong></span> <span class='ocrx_word' id='word_1_97' title='bbox 1522 1437 1713 1477; x_wconf 87' lang='lat' dir='ltr'><strong>cavere</strong></span> <span class='ocrx_word' id='word_1_98' title='bbox 1752 1422 1994 1477; x_wconf 88' lang='lat' dir='ltr'><strong>sciamus</strong></span> <span class='ocrx_word' id='word_1_99' title='bbox 2018 1434 2129 1474; x_wconf 91' lang='lat' dir='ltr'><strong>non</strong></span> 
     </span>
    </p>
   </div>
   <div class='ocr_carea' id='block_1_15' title="bbox 540 1511 2129 1593">
    <p class='ocr_par' dir='ltr' id='par_1_15' title="bbox 540 1511 2129 1593">
     <span class='ocr_line' id='line_1_15' title="bbox 540 1511 2129 1593; baseline -0.003 -20"><span class='ocrx_word' id='word_1_100' title='bbox 540 1517 739 1584; x_wconf 82' lang='lat' dir='ltr'><strong>facere,</strong></span> <span class='ocrx_word' id='word_1_101' title='bbox 792 1527 845 1573; x_wconf 89' lang='lat' dir='ltr'><strong>et</strong></span> <span class='ocrx_word' id='word_1_102' title='bbox 878 1517 1019 1572; x_wconf 86' lang='lat' dir='ltr'><strong>bona</strong></span> <span class='ocrx_word' id='word_1_103' title='bbox 1063 1516 1305 1571; x_wconf 86' lang='lat' dir='ltr'><strong>sciamus</strong></span> <span class='ocrx_word' id='word_1_104' title='bbox 1351 1513 1743 1593; x_wconf 26' lang='lat' dir='ltr'><strong>et‘faciamus.</strong></span> <span class='ocrx_word' id='word_1_105' title='bbox 1795 1511 2129 1584; x_wconf 88' lang='lat' dir='ltr'><strong>Simplicitas</strong></span> 
     </span>
    </p>
   </div>
   <div class='ocr_carea' id='block_1_16' title="bbox 540 1606 2131 1681">
    <p class='ocr_par' dir='ltr' id='par_1_16' title="bbox 540 1606 2131 1681">
     <span class='ocr_line' id='line_1_16' title="bbox 540 1606 2131 1681; baseline -0.002 -16"><span class='ocrx_word' id='word_1_106' title='bbox 540 1611 742 1681; x_wconf 86' lang='lat' dir='ltr'><strong>quippe</strong></span> <span class='ocrx_word' id='word_1_107' title='bbox 793 1611 1060 1666; x_wconf 73' lang='lat' dir='ltr'><strong>columbae</strong></span> <span class='ocrx_word' id='word_1_108' title='bbox 1100 1619 1205 1677; x_wconf 86' lang='lat' dir='ltr'><strong>est,</strong></span> <span class='ocrx_word' id='word_1_109' title='bbox 1251 1624 1415 1679; x_wconf 90' lang='lat' dir='ltr'><strong>quam</strong></span> <span class='ocrx_word' id='word_1_110' title='bbox 1457 1622 1486 1662; x_wconf 88' lang='lat' dir='ltr'><strong>a</strong></span> <span class='ocrx_word' id='word_1_111' title='bbox 1518 1607 1726 1663; x_wconf 87' lang='lat' dir='ltr'><strong>malitia</strong></span> <span class='ocrx_word' id='word_1_112' title='bbox 1780 1606 1920 1663; x_wconf 62' lang='lat' dir='ltr'><strong>fillis</strong></span> <span class='ocrx_word' id='word_1_113' title='bbox 1954 1607 2131 1662; x_wconf 90' lang='lat' dir='ltr'><strong>aliena</strong></span> 
     </span>
    </p>
   </div>
   <div class='ocr_carea' id='block_1_17' title="bbox 2228 686 3731 753">
    <p class='ocr_par' dir='ltr' id='par_1_17' title="bbox 2228 686 3731 753">
     <span class='ocr_line' id='line_1_17' title="bbox 2228 686 3731 753; baseline -0.001 -11"><span class='ocrx_word' id='word_1_114' title='bbox 2228 701 2356 742; x_wconf 92' lang='lat' dir='ltr'><strong>cum</strong></span> <span class='ocrx_word' id='word_1_115' title='bbox 2395 686 2576 742; x_wconf 86' lang='lat' dir='ltr'><strong>adhuc</strong></span> <span class='ocrx_word' id='word_1_116' title='bbox 2602 694 2815 741; x_wconf 85' lang='lat' dir='ltr'><strong>tantum</strong></span> <span class='ocrx_word' id='word_1_117' title='bbox 2849 686 3143 742; x_wconf 85' lang='lat' dir='ltr'><strong>duodecim</strong></span> <span class='ocrx_word' id='word_1_118' title='bbox 3181 698 3448 739; x_wconf 85' lang='lat' dir='ltr'><strong>annorum</strong></span> <span class='ocrx_word' id='word_1_119' title='bbox 3472 696 3731 753; x_wconf 52' lang='lat' dir='ltr'><strong>caseum</strong></span> 
     </span>
    </p>
   </div>
   <div class='ocr_carea' id='block_1_18' title="bbox 2225 775 3732 850">
    <p class='ocr_par' dir='ltr' id='par_1_18' title="bbox 2225 775 3732 850">
     <span class='ocr_line' id='line_1_18' title="bbox 2225 775 3732 850; baseline -0.001 -16"><span class='ocrx_word' id='word_1_120' title='bbox 2225 787 2311 834; x_wconf 89' lang='lat' dir='ltr'><strong>tra</strong></span> <span class='ocrx_word' id='word_1_121' title='bbox 2350 778 2628 848; x_wconf 87' lang='lat' dir='ltr'><strong>sapientes</strong></span> <span class='ocrx_word' id='word_1_122' title='bbox 2666 789 2721 835; x_wconf 89' lang='lat' dir='ltr'><strong>et</strong></span> <span class='ocrx_word' id='word_1_123' title='bbox 2750 778 2966 850; x_wconf 90' lang='lat' dir='ltr'><strong>judiccs</strong></span> <span class='ocrx_word' id='word_1_124' title='bbox 2990 778 3158 848; x_wconf 87' lang='lat' dir='ltr'><strong>hujus</strong></span> <span class='ocrx_word' id='word_1_125' title='bbox 3199 775 3390 831; x_wconf 83' lang='lat' dir='ltr'><strong>mundi</strong></span> <span class='ocrx_word' id='word_1_126' title='bbox 3421 776 3543 832; x_wconf 77' lang='lat' dir='ltr'><strong>adeo</strong></span> <span class='ocrx_word' id='word_1_127' title='bbox 3565 778 3732 837; x_wconf 74' lang='lat' dir='ltr'><strong>minii-</strong></span> 
     </span>
    </p>
   </div>
   <div class='ocr_carea' id='block_1_19' title="bbox 2228 867 3736 942">
    <p class='ocr_par' dir='ltr' id='par_1_19' title="bbox 2228 867 3736 942">
     <span class='ocr_line' id='line_1_19' title="bbox 2228 867 3736 942; baseline 0.001 -17"><span class='ocrx_word' id='word_1_128' title='bbox 2228 870 2353 926; x_wconf 89' lang='lat' dir='ltr'><strong>litcr</strong></span> <span class='ocrx_word' id='word_1_129' title='bbox 2384 870 2722 942; x_wconf 79' lang='lat' dir='ltr'><strong>loqueretur,</strong></span> <span class='ocrx_word' id='word_1_130' title='bbox 2750 869 2859 927; x_wconf 87' lang='lat' dir='ltr'><strong>nisi</strong></span> <span class='ocrx_word' id='word_1_131' title='bbox 2890 868 3130 942; x_wconf 81' lang='lat' dir='ltr'><strong>Spiritus</strong></span> <span class='ocrx_word' id='word_1_132' title='bbox 3161 876 3386 925; x_wconf 89' lang='lat' dir='ltr'><strong>sanctus</strong></span> <span class='ocrx_word' id='word_1_133' title='bbox 3415 867 3468 923; x_wconf 91' lang='lat' dir='ltr'><strong>in</strong></span> <span class='ocrx_word' id='word_1_134' title='bbox 3485 883 3591 923; x_wconf 76' lang='lat' dir='ltr'><strong>earn</strong></span> <span class='ocrx_word' id='word_1_135' title='bbox 3612 879 3736 942; x_wconf 68' lang='grc' dir='ltr'>ειμι</span> 
     </span>
    </p>
   </div>
   <div class='ocr_carea' id='block_1_20' title="bbox 2229 959 3739 1033">
    <p class='ocr_par' dir='ltr' id='par_1_20' title="bbox 2229 959 3739 1033">
     <span class='ocr_line' id='line_1_20' title="bbox 2229 959 3739 1033; baseline 0.003 -16"><span class='ocrx_word' id='word_1_136' title='bbox 2229 977 2351 1018; x_wconf 89' lang='lat' dir='ltr'><strong>eam</strong></span> <span class='ocrx_word' id='word_1_137' title='bbox 2370 962 2728 1033; x_wconf 86' lang='lat' dir='ltr'><strong>loqueretur?</strong></span> <span class='ocrx_word' id='word_1_138' title='bbox 2740 962 3032 1031; x_wconf 85' lang='lat' dir='ltr'><strong>Quomodo</strong></span> <span class='ocrx_word' id='word_1_139' title='bbox 3044 960 3265 1017; x_wconf 85' lang='lat' dir='ltr'><strong>Ciricus</strong></span> <span class='ocrx_word' id='word_1_140' title='bbox 3283 959 3480 1027; x_wconf 79' lang='lat' dir='ltr'><strong>infans,</strong></span> <span class='ocrx_word' id='word_1_141' title='bbox 3490 976 3599 1016; x_wconf 78' lang='grc' dir='ltr'>αιιιι</span> <span class='ocrx_word' id='word_1_142' title='bbox 3610 964 3739 1022; x_wconf 77' lang='lat' dir='ltr'><strong>adhuc</strong></span> 
     </span>
    </p>
   </div>
   <div class='ocr_carea' id='block_1_21' title="bbox 2230 1052 3739 1126">
    <p class='ocr_par' dir='ltr' id='par_1_21' title="bbox 2230 1052 3739 1126">
     <span class='ocr_line' id='line_1_21' title="bbox 2230 1052 3739 1126; baseline 0 -17"><span class='ocrx_word' id='word_1_143' title='bbox 2230 1062 2442 1110; x_wconf 85' lang='lat' dir='ltr'><strong>tantum</strong></span> <span class='ocrx_word' id='word_1_144' title='bbox 2477 1055 2677 1112; x_wconf 83' lang='lat' dir='ltr'><strong>trimus</strong></span> <span class='ocrx_word' id='word_1_145' title='bbox 2703 1062 2871 1125; x_wconf 86' lang='lat' dir='ltr'><strong>esset,</strong></span> <span class='ocrx_word' id='word_1_146' title='bbox 2901 1069 3005 1126; x_wconf 90' lang='lat' dir='ltr'><strong>pro</strong></span> <span class='ocrx_word' id='word_1_147' title='bbox 3034 1054 3142 1110; x_wconf 78' lang='lat' dir='ltr'><strong>ﬁde</strong></span> <span class='ocrx_word' id='word_1_148' title='bbox 3170 1052 3379 1109; x_wconf 82' lang='lat' dir='ltr'><strong>Christi</strong></span> <span class='ocrx_word' id='word_1_149' title='bbox 3412 1060 3586 1109; x_wconf 80' lang='lat' dir='ltr'><strong>contra</strong></span> <span class='ocrx_word' id='word_1_150' title='bbox 3608 1062 3739 1126; x_wconf 74' lang='lat' dir='ltr'><strong>tyran-</strong></span> 
     </span>
    </p>
   </div>
   <div class='ocr_carea' id='block_1_22' title="bbox 2229 1146 3739 1221">
    <p class='ocr_par' dir='ltr' id='par_1_22' title="bbox 2229 1146 3739 1221">
     <span class='ocr_line' id='line_1_22' title="bbox 2229 1146 3739 1221; baseline -0.001 -18"><span class='ocrx_word' id='word_1_151' title='bbox 2229 1163 2362 1203; x_wconf 90' lang='lat' dir='ltr'><strong>num</strong></span> <span class='ocrx_word' id='word_1_152' title='bbox 2386 1146 2715 1205; x_wconf 81' lang='lat' dir='ltr'><strong>mirabiliter</strong></span> <span class='ocrx_word' id='word_1_153' title='bbox 2736 1149 3080 1221; x_wconf 79' lang='lat' dir='ltr'><strong>disputaret?</strong></span> <span class='ocrx_word' id='word_1_154' title='bbox 3103 1147 3315 1203; x_wconf 87' lang='lat' dir='ltr'><strong>Deinde</strong></span> <span class='ocrx_word' id='word_1_155' title='bbox 3336 1155 3516 1203; x_wconf 87' lang='lat' dir='ltr'><strong>contra</strong></span> <span class='ocrx_word' id='word_1_156' title='bbox 3542 1147 3739 1218; x_wconf 64' lang='lat' dir='ltr'><strong>majore:</strong></span> 
     </span>
    </p>
   </div>
   <div class='ocr_carea' id='block_1_23' title="bbox 2230 1240 3742 1313">
    <p class='ocr_par' dir='ltr' id='par_1_23' title="bbox 2230 1240 3742 1313">
     <span class='ocr_line' id='line_1_23' title="bbox 2230 1240 3742 1313; baseline -0.003 -15"><span class='ocrx_word' id='word_1_157' title='bbox 2230 1242 2664 1312; x_wconf 82' lang='lat' dir='ltr'><strong>persecutionem</strong></span> <span class='ocrx_word' id='word_1_158' title='bbox 2712 1242 2979 1298; x_wconf 87' lang='lat' dir='ltr'><strong>Dominus</strong></span> <span class='ocrx_word' id='word_1_159' title='bbox 3010 1240 3317 1313; x_wconf 84' lang='lat' dir='ltr'><strong>discipulos</strong></span> <span class='ocrx_word' id='word_1_160' title='bbox 3347 1253 3476 1294; x_wconf 86' lang='lat' dir='ltr'><strong>suos</strong></span> <span class='ocrx_word' id='word_1_161' title='bbox 3502 1242 3742 1310; x_wconf 68' lang='lat' dir='ltr'><strong>prmo-lt,</strong></span> 
     </span>
    </p>
   </div>
   <div class='ocr_carea' id='block_1_24' title="bbox 2230 1333 3743 1406">
    <p class='ocr_par' dir='ltr' id='par_1_24' title="bbox 2230 1333 3743 1406">
     <span class='ocr_line' id='line_1_24' title="bbox 2230 1333 3743 1406; baseline -0.002 -16"><span class='ocrx_word' id='word_1_162' title='bbox 2230 1350 2357 1390; x_wconf 89' lang='lat' dir='ltr'><strong>cum</strong></span> <span class='ocrx_word' id='word_1_163' title='bbox 2387 1335 2573 1391; x_wconf 84' lang='lat' dir='ltr'><strong>subdit</strong></span> <span class='ocrx_word' id='word_1_164' title='bbox 2606 1354 2622 1393; x_wconf 88' lang='lat'>:</span> <span class='ocrx_word' id='word_1_165' title='bbox 2651 1334 2848 1391; x_wconf 84' lang='lat' dir='ltr'><strong>Tradet</strong></span> <span class='ocrx_word' id='word_1_166' title='bbox 2889 1344 3067 1391; x_wconf 84' lang='lat' dir='ltr'><strong>autem</strong></span> <span class='ocrx_word' id='word_1_167' title='bbox 3108 1335 3282 1406; x_wconf 77' lang='lat' dir='ltr'><strong>frater</strong></span> <span class='ocrx_word' id='word_1_168' title='bbox 3328 1334 3540 1403; x_wconf 68' lang='lat' dir='ltr'><strong>fratrem</strong></span> <span class='ocrx_word' id='word_1_169' title='bbox 3573 1333 3621 1385; x_wconf 71' lang='lat' dir='ltr'><strong>in</strong></span> <span class='ocrx_word' id='word_1_170' title='bbox 3642 1349 3743 1387; x_wconf 76' lang='lat' dir='ltr'><strong>tur-</strong></span> 
     </span>
    </p>
   </div>
   <div class='ocr_carea' id='block_1_25' title="bbox 2230 1425 3744 1496">
    <p class='ocr_par' dir='ltr' id='par_1_25' title="bbox 2230 1425 3744 1496">
     <span class='ocr_line' id='line_1_25' title="bbox 2230 1425 3744 1496; baseline -0.002 -15"><span class='ocrx_word' id='word_1_171' title='bbox 2230 1436 2357 1495; x_wconf 88' lang='lat' dir='ltr'><strong>tem,</strong></span> <span class='ocrx_word' id='word_1_172' title='bbox 2389 1437 2492 1485; x_wconf 89' lang='lat' dir='ltr'><strong>etc.</strong></span> <span class='ocrx_word' id='word_1_173' title='bbox 2536 1427 2801 1485; x_wconf 82' lang='lat' dir='ltr'><strong>Minorem</strong></span> <span class='ocrx_word' id='word_1_174' title='bbox 2827 1428 3074 1485; x_wconf 85' lang='lat' dir='ltr'><strong>dolorem</strong></span> <span class='ocrx_word' id='word_1_175' title='bbox 3120 1427 3270 1483; x_wconf 86' lang='lat' dir='ltr'><strong>mala</strong></span> <span class='ocrx_word' id='word_1_176' title='bbox 3312 1425 3556 1496; x_wconf 78' lang='lat' dir='ltr'><strong>ingerunt</strong></span> <span class='ocrx_word' id='word_1_177' title='bbox 3582 1438 3678 1495; x_wconf 77' lang='lat' dir='ltr'><strong>qu</strong></span> <span class='ocrx_word' id='word_1_178' title='bbox 3700 1426 3744 1479; x_wconf 77' lang='lat' dir='ltr'><strong>ab</strong></span> 
     </span>
    </p>
   </div>
   <div class='ocr_carea' id='block_1_26' title="bbox 2230 1516 3744 1593">
    <p class='ocr_par' dir='ltr' id='par_1_26' title="bbox 2230 1516 3744 1593">
     <span class='ocr_line' id='line_1_26' title="bbox 2230 1516 3744 1593; baseline -0.003 -17"><span class='ocrx_word' id='word_1_179' title='bbox 2230 1520 2508 1577; x_wconf 77' lang='lat' dir='ltr'><strong>extraneis</strong></span> <span class='ocrx_word' id='word_1_180' title='bbox 2546 1519 2878 1589; x_wconf 89' lang='lat' dir='ltr'><strong>inferuntur,</strong></span> <span class='ocrx_word' id='word_1_181' title='bbox 2916 1521 3188 1593; x_wconf 87' lang='lat' dir='ltr'><strong>majorem</strong></span> <span class='ocrx_word' id='word_1_182' title='bbox 3210 1534 3345 1575; x_wconf 84' lang='lat' dir='ltr'><strong>vero</strong></span> <span class='ocrx_word' id='word_1_183' title='bbox 3365 1532 3485 1589; x_wconf 70' lang='lat' dir='ltr'><strong>qua</strong></span> <span class='ocrx_word' id='word_1_184' title='bbox 3502 1516 3665 1572; x_wconf 82' lang='lat' dir='ltr'><strong>abillis</strong></span> <span class='ocrx_word' id='word_1_185' title='bbox 3685 1531 3744 1587; x_wconf 73' lang='lat' dir='ltr'><strong>pa</strong></span> 
     </span>
    </p>
   </div>
   <div class='ocr_carea' id='block_1_27' title="bbox 2231 1606 3747 1685">
    <p class='ocr_par' dir='ltr' id='par_1_27' title="bbox 2231 1606 3747 1685">
     <span class='ocr_line' id='line_1_27' title="bbox 2231 1606 3747 1685; baseline -0.002 -17"><span class='ocrx_word' id='word_1_186' title='bbox 2231 1614 2420 1681; x_wconf 88' lang='lat' dir='ltr'><strong>timur,</strong></span> <span class='ocrx_word' id='word_1_187' title='bbox 2450 1614 2520 1670; x_wconf 91' lang='lat' dir='ltr'><strong>de</strong></span> <span class='ocrx_word' id='word_1_188' title='bbox 2543 1629 2781 1685; x_wconf 89' lang='lat' dir='ltr'><strong>quorum</strong></span> <span class='ocrx_word' id='word_1_189' title='bbox 2820 1614 3113 1670; x_wconf 86' lang='lat' dir='ltr'><strong>dilectione</strong></span> <span class='ocrx_word' id='word_1_190' title='bbox 3144 1611 3615 1683; x_wconf 65' lang='lat' dir='ltr'><strong>praesumebamus.</strong></span> <span class='ocrx_word' id='word_1_191' title='bbox 3637 1606 3747 1665; x_wconf 78' lang='lat' dir='ltr'><strong>Uade</strong></span> 
     </span>
    </p>
   </div>
   <div class='ocr_carea' id='block_1_28' title="bbox 539 1696 3745 1776">
    <p class='ocr_par' dir='ltr' id='par_1_28' title="bbox 539 1696 3745 1776">
     <span class='ocr_line' id='line_1_28' title="bbox 539 1696 3745 1776; baseline -0.002 -21"><span class='ocrx_word' id='word_1_192' title='bbox 539 1709 645 1767; x_wconf 91' lang='lat' dir='ltr'><strong>est,</strong></span> <span class='ocrx_word' id='word_1_193' title='bbox 674 1716 800 1756; x_wconf 90' lang='lat' dir='ltr'><strong>ecce</strong></span> <span class='ocrx_word' id='word_1_194' title='bbox 822 1699 1205 1755; x_wconf 85' lang='lat' dir='ltr'><strong>mansuetudo.</strong></span> <span class='ocrx_word' id='word_1_195' title='bbox 1237 1696 1520 1753; x_wconf 78' lang='lat' dir='ltr'><strong>Neminem</strong></span> <span class='ocrx_word' id='word_1_196' title='bbox 1543 1706 1724 1753; x_wconf 88' lang='lat' dir='ltr'><strong>rostro</strong></span> <span class='ocrx_word' id='word_1_197' title='bbox 1748 1697 1832 1752; x_wconf 89' lang='lat' dir='ltr'><strong>vel</strong></span> <span class='ocrx_word' id='word_1_198' title='bbox 1859 1696 2134 1768; x_wconf 86' lang='lat' dir='ltr'><strong>unguibus</strong></span> <span class='ocrx_word' id='word_1_199' title='bbox 2232 1706 2497 1776; x_wconf 59' lang='lat' dir='ltr'><strong>scriptum</strong></span> <span class='ocrx_word' id='word_1_200' title='bbox 2521 1713 2608 1762; x_wconf 68' lang='grc' dir='ltr'><strong>εει</strong></span> <span class='ocrx_word' id='word_1_201' title='bbox 2632 1724 2646 1761; x_wconf 74' lang='grc' dir='ltr'><strong>ε</strong></span> <span class='ocrx_word' id='word_1_202' title='bbox 2673 1724 2691 1757; x_wconf 72' lang='grc' dir='ltr'><strong>ι</strong></span> <span class='ocrx_word' id='word_1_203' title='bbox 2723 1704 2783 1761; x_wconf 80' lang='lat' dir='ltr'><strong>Si</strong></span> <span class='ocrx_word' id='word_1_204' title='bbox 2803 1706 3062 1761; x_wconf 72' lang='lat' dir='ltr'><strong>inimicus</strong></span> <span class='ocrx_word' id='word_1_205' title='bbox 3085 1720 3247 1760; x_wconf 73' lang='lat' dir='ltr'><strong>meus</strong></span> <span class='ocrx_word' id='word_1_206' title='bbox 3267 1701 3616 1759; x_wconf 68' lang='lat' dir='ltr'><strong>maledixiasei</strong></span> <span class='ocrx_word' id='word_1_207' title='bbox 3635 1701 3745 1765; x_wconf 67' lang='lat' dir='ltr'><strong>mihi,</strong></span> 
     </span>
    </p>
   </div>
   <div class='ocr_carea' id='block_1_29' title="bbox 540 1790 2126 1861">
    <p class='ocr_par' dir='ltr' id='par_1_29' title="bbox 540 1790 2126 1861">
     <span class='ocr_line' id='line_1_29' title="bbox 540 1790 2126 1861; baseline -0.002 -13"><span class='ocrx_word' id='word_1_208' title='bbox 540 1793 709 1859; x_wconf 56' lang='lat' dir='ltr'><strong>laedit,</strong></span> <span class='ocrx_word' id='word_1_209' title='bbox 735 1809 861 1849; x_wconf 89' lang='lat' dir='ltr'><strong>ecce</strong></span> <span class='ocrx_word' id='word_1_210' title='bbox 886 1792 1220 1848; x_wconf 90' lang='lat' dir='ltr'><strong>innocentia.</strong></span> <span class='ocrx_word' id='word_1_211' title='bbox 1246 1790 1469 1847; x_wconf 78' lang='lat' dir='ltr'><strong>Alienos</strong></span> <span class='ocrx_word' id='word_1_212' title='bbox 1498 1791 1676 1861; x_wconf 89' lang='lat' dir='ltr'><strong>pullos</strong></span> <span class='ocrx_word' id='word_1_213' title='bbox 1699 1806 1798 1861; x_wconf 89' lang='lat' dir='ltr'><strong>pro</strong></span> <span class='ocrx_word' id='word_1_214' title='bbox 1825 1790 1941 1847; x_wconf 87' lang='lat' dir='ltr'><strong>suis</strong></span> <span class='ocrx_word' id='word_1_215' title='bbox 1962 1791 2126 1856; x_wconf 81' lang='lat' dir='ltr'><strong>favet,</strong></span> 
     </span>
    </p>
   </div>
   <div class='ocr_carea' id='block_1_30' title="bbox 2233 1794 3747 1871">
    <p class='ocr_par' dir='ltr' id='par_1_30' title="bbox 2233 1794 3747 1871">
     <span class='ocr_line' id='line_1_30' title="bbox 2233 1794 3747 1871; baseline -0.005 -15"><span class='ocrx_word' id='word_1_216' title='bbox 2233 1801 2621 1858; x_wconf 82' lang='lat' dir='ltr'><strong>sustinuissem</strong></span> <span class='ocrx_word' id='word_1_217' title='bbox 2655 1801 2868 1871; x_wconf 90' lang='lat' dir='ltr'><strong>utique.</strong></span> <span class='ocrx_word' id='word_1_218' title='bbox 2902 1797 2986 1854; x_wconf 85' lang='lat' dir='ltr'><strong>Tu</strong></span> <span class='ocrx_word' id='word_1_219' title='bbox 3021 1813 3153 1854; x_wconf 87' lang='lat' dir='ltr'><strong>vero</strong></span> <span class='ocrx_word' id='word_1_220' title='bbox 3187 1799 3356 1853; x_wconf 85' lang='lat' dir='ltr'><strong>homo</strong></span> <span class='ocrx_word' id='word_1_221' title='bbox 3386 1794 3652 1861; x_wconf 83' lang='lat' dir='ltr'><strong>unanimis,</strong></span> <span class='ocrx_word' id='word_1_222' title='bbox 3672 1794 3747 1849; x_wconf 74' lang='grc' dir='ltr'>ἁυι</span> 
     </span>
    </p>
   </div>
   <div class='ocr_carea' id='block_1_31' title="bbox 541 1872 3284 1963">
    <p class='ocr_par' dir='ltr' id='par_1_31' title="bbox 541 1872 3284 1963">
     <span class='ocr_line' id='line_1_31' title="bbox 541 1872 3284 1963; baseline 0.002 -22"><span class='ocrx_word' id='word_1_223' title='bbox 541 1900 671 1941; x_wconf 89' lang='lat' dir='ltr'><strong>ecce</strong></span> <span class='ocrx_word' id='word_1_224' title='bbox 706 1886 970 1942; x_wconf 74' lang='lat' dir='ltr'><strong>cliaritas.</strong></span> <span class='ocrx_word' id='word_1_225' title='bbox 1007 1883 1193 1939; x_wconf 87' lang='lat' dir='ltr'><strong>Simus</strong></span> <span class='ocrx_word' id='word_1_226' title='bbox 1229 1884 1433 1954; x_wconf 83' lang='lat' dir='ltr'><strong>itaque,</strong></span> <span class='ocrx_word' id='word_1_227' title='bbox 1467 1881 1665 1939; x_wconf 88' lang='lat' dir='ltr'><strong>fratres</strong></span> <span class='ocrx_word' id='word_1_228' title='bbox 1691 1884 1817 1949; x_wconf 91' lang='lat' dir='ltr'><strong>mei,</strong></span> <span class='ocrx_word' id='word_1_229' title='bbox 1850 1883 2125 1954; x_wconf 87' lang='lat' dir='ltr'><strong>simplices</strong></span> <span class='ocrx_word' id='word_1_230' title='bbox 2160 1872 2201 1931; x_wconf 76' lang='grc' dir='ltr'><strong>Β</strong></span> <span class='ocrx_word' id='word_1_231' title='bbox 2228 1908 2386 1948; x_wconf 74' lang='lat' dir='ltr'><strong>meus</strong></span> <span class='ocrx_word' id='word_1_232' title='bbox 2415 1903 2470 1948; x_wconf 69' lang='lat' dir='ltr'><strong>ei</strong></span> <span class='ocrx_word' id='word_1_233' title='bbox 2505 1902 2668 1949; x_wconf 78' lang='lat' dir='ltr'><strong>notus</strong></span> <span class='ocrx_word' id='word_1_234' title='bbox 2692 1908 2849 1948; x_wconf 84' lang='lat' dir='ltr'><strong>meus</strong></span> <span class='ocrx_word' id='word_1_235' title='bbox 2878 1889 3056 1963; x_wconf 85' lang='lat' dir='ltr'><strong>(Psal.</strong></span> <span class='ocrx_word' id='word_1_236' title='bbox 3094 1890 3230 1953; x_wconf 75' lang='lat' dir='ltr'><strong>Liv).</strong></span> <span class='ocrx_word' id='word_1_237' title='bbox 3264 1907 3284 1941; x_wconf 71' lang='grc' dir='ltr'><strong>ι</strong></span> 
     </span>
    </p>
   </div>
   <div class='ocr_carea' id='block_1_32' title="bbox 542 1975 2127 2046">
    <p class='ocr_par' dir='ltr' id='par_1_32' title="bbox 542 1975 2127 2046">
     <span class='ocr_line' id='line_1_32' title="bbox 542 1975 2127 2046; baseline -0.002 -12"><span class='ocrx_word' id='word_1_238' title='bbox 542 1979 685 2035; x_wconf 89' lang='lat' dir='ltr'><strong>sicut</strong></span> <span class='ocrx_word' id='word_1_239' title='bbox 720 1979 1006 2046; x_wconf 53' lang='lat' dir='ltr'><strong>columbas,</strong></span> <span class='ocrx_word' id='word_1_240' title='bbox 1045 1986 1104 2033; x_wconf 90' lang='lat' dir='ltr'><strong>ut</strong></span> <span class='ocrx_word' id='word_1_241' title='bbox 1136 1975 1386 2033; x_wconf 86' lang='lat' dir='ltr'><strong>videlicet</strong></span> <span class='ocrx_word' id='word_1_242' title='bbox 1424 1975 1630 2031; x_wconf 91' lang='lat' dir='ltr'><strong>nemini</strong></span> <span class='ocrx_word' id='word_1_243' title='bbox 1668 1975 1991 2044; x_wconf 86' lang='lat' dir='ltr'><strong>irascamur,</strong></span> <span class='ocrx_word' id='word_1_244' title='bbox 2029 1990 2127 2031; x_wconf 90' lang='lat' dir='ltr'><strong>ne-</strong></span> 
     </span>
    </p>
   </div>
   <div class='ocr_carea' id='block_1_33' title="bbox 542 2072 997 2128">
    <p class='ocr_par' dir='ltr' id='par_1_33' title="bbox 542 2072 997 2128">
     <span class='ocr_line' id='line_1_33' title="bbox 542 2072 997 2128; baseline -0.002 0"><span class='ocrx_word' id='word_1_245' title='bbox 542 2072 677 2128; x_wconf 79' lang='lat' dir='ltr'><strong>mini</strong></span> <span class='ocrx_word' id='word_1_246' title='bbox 704 2088 997 2128; x_wconf 84' lang='lat' dir='ltr'><strong>noceamus</strong></span> 
     </span>
    </p>
   </div>
   <div class='ocr_carea' id='block_1_34' title="bbox 610 2161 2131 2233">
    <p class='ocr_par' dir='ltr' id='par_1_34' title="bbox 610 2161 2131 2233">
     <span class='ocr_line' id='line_1_34' title="bbox 610 2161 2131 2233; baseline 0 -15"><span class='ocrx_word' id='word_1_247' title='bbox 610 2162 819 2230; x_wconf 84' lang='lat' dir='ltr'><strong>Quarto</strong></span> <span class='ocrx_word' id='word_1_248' title='bbox 855 2177 984 2218; x_wconf 75' lang='lat' dir='ltr'><strong>vero</strong></span> <span class='ocrx_word' id='word_1_249' title='bbox 1026 2163 1168 2225; x_wconf 87' lang='lat' dir='ltr'><strong>loco,</strong></span> <span class='ocrx_word' id='word_1_250' title='bbox 1205 2169 1395 2217; x_wconf 86' lang='lat' dir='ltr'><strong>contra</strong></span> <span class='ocrx_word' id='word_1_251' title='bbox 1433 2161 1844 2233; x_wconf 82' lang='lat' dir='ltr'><strong>persecutiones</strong></span> <span class='ocrx_word' id='word_1_252' title='bbox 1872 2171 2131 2218; x_wconf 86' lang='lat' dir='ltr'><strong>venturas</strong></span> 
     </span>
    </p>
   </div>
   <div class='ocr_carea' id='block_1_35' title="bbox 541 2251 2130 2325">
    <p class='ocr_par' dir='ltr' id='par_1_35' title="bbox 541 2251 2130 2325">
     <span class='ocr_line' id='line_1_35' title="bbox 541 2251 2130 2325; baseline -0.002 -16"><span class='ocrx_word' id='word_1_253' title='bbox 541 2254 838 2325; x_wconf 86' lang='lat' dir='ltr'><strong>discipulus</strong></span> <span class='ocrx_word' id='word_1_254' title='bbox 877 2268 1009 2309; x_wconf 90' lang='lat' dir='ltr'><strong>suos</strong></span> <span class='ocrx_word' id='word_1_255' title='bbox 1048 2254 1359 2323; x_wconf 73' lang='lat' dir='ltr'><strong>przetnunit,</strong></span> <span class='ocrx_word' id='word_1_256' title='bbox 1391 2268 1516 2308; x_wconf 91' lang='lat' dir='ltr'><strong>cum</strong></span> <span class='ocrx_word' id='word_1_257' title='bbox 1553 2252 1770 2308; x_wconf 81' lang='lat' dir='ltr'><strong>subdit:</strong></span> <span class='ocrx_word' id='word_1_258' title='bbox 1805 2251 1995 2307; x_wconf 74' lang='lat' dir='ltr'><strong>Cavete</strong></span> <span class='ocrx_word' id='word_1_259' title='bbox 2029 2269 2130 2306; x_wconf 78' lang='lat' dir='ltr'><strong>au-</strong></span> 
     </span>
    </p>
   </div>
   <div class='ocr_carea' id='block_1_36' title="bbox 543 2344 2129 2417">
    <p class='ocr_par' dir='ltr' id='par_1_36' title="bbox 543 2344 2129 2417">
     <span class='ocr_line' id='line_1_36' title="bbox 543 2344 2129 2417; baseline -0.001 -16"><span class='ocrx_word' id='word_1_260' title='bbox 543 2356 644 2401; x_wconf 83' lang='lat' dir='ltr'><strong>tent</strong></span> <span class='ocrx_word' id='word_1_261' title='bbox 682 2347 748 2401; x_wconf 86' lang='lat' dir='ltr'><strong>ab</strong></span> <span class='ocrx_word' id='word_1_262' title='bbox 784 2346 1082 2400; x_wconf 77' lang='lat' dir='ltr'><strong>hominibus</strong></span> <span class='ocrx_word' id='word_1_263' title='bbox 1130 2345 1225 2417; x_wconf 90' lang='lat' dir='ltr'><strong>qui</strong></span> <span class='ocrx_word' id='word_1_264' title='bbox 1270 2346 1479 2401; x_wconf 81' lang='lat' dir='ltr'><strong>scilicet</strong></span> <span class='ocrx_word' id='word_1_265' title='bbox 1512 2359 1611 2400; x_wconf 71' lang='lat' dir='ltr'><strong>vos</strong></span> <span class='ocrx_word' id='word_1_266' title='bbox 1646 2345 1731 2400; x_wconf 85' lang='lat' dir='ltr'><strong>vel</strong></span> <span class='ocrx_word' id='word_1_267' title='bbox 1774 2344 2129 2412; x_wconf 80' lang='lat' dir='ltr'><strong>blandiendo,</strong></span> 
     </span>
    </p>
   </div>
   <div class='ocr_carea' id='block_1_37' title="bbox 542 2437 2132 2512">
    <p class='ocr_par' dir='ltr' id='par_1_37' title="bbox 542 2437 2132 2512">
     <span class='ocr_line' id='line_1_37' title="bbox 542 2437 2132 2512; baseline -0.004 -16"><span class='ocrx_word' id='word_1_268' title='bbox 542 2439 625 2496; x_wconf 87' lang='lat' dir='ltr'><strong>vel</strong></span> <span class='ocrx_word' id='word_1_269' title='bbox 656 2440 1043 2512; x_wconf 87' lang='lat' dir='ltr'><strong>promittendo,</strong></span> <span class='ocrx_word' id='word_1_270' title='bbox 1065 2438 1148 2496; x_wconf 84' lang='lat' dir='ltr'><strong>vel</strong></span> <span class='ocrx_word' id='word_1_271' title='bbox 1177 2438 1439 2494; x_wconf 89' lang='lat' dir='ltr'><strong>minando</strong></span> <span class='ocrx_word' id='word_1_272' title='bbox 1466 2438 1649 2493; x_wconf 88' lang='lat' dir='ltr'><strong>volent</strong></span> <span class='ocrx_word' id='word_1_273' title='bbox 1674 2437 1958 2503; x_wconf 85' lang='lat' dir='ltr'><strong>seducere,</strong></span> <span class='ocrx_word' id='word_1_274' title='bbox 1986 2437 2071 2491; x_wconf 85' lang='lat' dir='ltr'><strong>vel</strong></span> <span class='ocrx_word' id='word_1_275' title='bbox 2099 2451 2132 2491; x_wconf 91' lang='lat' dir='ltr'><strong>a</strong></span> 
     </span>
    </p>
   </div>
   <div class='ocr_carea' id='block_1_38' title="bbox 541 2529 2129 2604">
    <p class='ocr_par' dir='ltr' id='par_1_38' title="bbox 541 2529 2129 2604">
     <span class='ocr_line' id='line_1_38' title="bbox 541 2529 2129 2604; baseline -0.004 -14"><span class='ocrx_word' id='word_1_276' title='bbox 541 2534 647 2590; x_wconf 82' lang='lat' dir='ltr'><strong>fide</strong></span> <span class='ocrx_word' id='word_1_277' title='bbox 682 2546 960 2604; x_wconf 88' lang='lat' dir='ltr'><strong>separare.</strong></span> <span class='ocrx_word' id='word_1_278' title='bbox 1000 2532 1151 2599; x_wconf 91' lang='lat' dir='ltr'><strong>Quos</strong></span> <span class='ocrx_word' id='word_1_279' title='bbox 1188 2546 1285 2586; x_wconf 72' lang='lat' dir='ltr'><strong>vos</strong></span> <span class='ocrx_word' id='word_1_280' title='bbox 1327 2531 1624 2602; x_wconf 83' lang='lat' dir='ltr'><strong>pntdenter</strong></span> <span class='ocrx_word' id='word_1_281' title='bbox 1653 2529 1864 2586; x_wconf 79' lang='lat' dir='ltr'><strong>debetis</strong></span> <span class='ocrx_word' id='word_1_282' title='bbox 1908 2542 2129 2597; x_wconf 89' lang='lat' dir='ltr'><strong>cavere,</strong></span> 
     </span>
    </p>
   </div>
   <div class='ocr_carea' id='block_1_39' title="bbox 541 2619 2134 2691">
    <p class='ocr_par' dir='ltr' id='par_1_39' title="bbox 541 2619 2134 2691">
     <span class='ocr_line' id='line_1_39' title="bbox 541 2619 2134 2691; baseline -0.002 -11"><span class='ocrx_word' id='word_1_283' title='bbox 541 2626 624 2681; x_wconf 89' lang='lat' dir='ltr'><strong>vel</strong></span> <span class='ocrx_word' id='word_1_284' title='bbox 647 2640 743 2681; x_wconf 91' lang='lat' dir='ltr'><strong>eos</strong></span> <span class='ocrx_word' id='word_1_285' title='bbox 772 2623 1116 2691; x_wconf 83' lang='lat' dir='ltr'><strong>declinando,</strong></span> <span class='ocrx_word' id='word_1_286' title='bbox 1140 2622 1223 2678; x_wconf 91' lang='lat' dir='ltr'><strong>vel</strong></span> <span class='ocrx_word' id='word_1_287' title='bbox 1254 2638 1445 2678; x_wconf 88' lang='lat' dir='ltr'><strong>eorum</strong></span> <span class='ocrx_word' id='word_1_288' title='bbox 1475 2621 1887 2678; x_wconf 89' lang='lat' dir='ltr'><strong>seductionibus</strong></span> <span class='ocrx_word' id='word_1_289' title='bbox 1920 2619 2134 2677; x_wconf 79' lang='lat' dir='ltr'><strong>fortiter</strong></span> 
     </span>
    </p>
   </div>
   <div class='ocr_carea' id='block_1_40' title="bbox 542 2713 2133 2786">
    <p class='ocr_par' dir='ltr' id='par_1_40' title="bbox 542 2713 2133 2786">
     <span class='ocr_line' id='line_1_40' title="bbox 542 2713 2133 2786; baseline -0.003 -13"><span class='ocrx_word' id='word_1_290' title='bbox 542 2717 869 2773; x_wconf 84' lang='lat' dir='ltr'><strong>resistendo.</strong></span> <span class='ocrx_word' id='word_1_291' title='bbox 901 2716 1135 2770; x_wconf 83' lang='lat' dir='ltr'><strong>Tradent</strong></span> <span class='ocrx_word' id='word_1_292' title='bbox 1158 2716 1298 2770; x_wconf 83' lang='lat' dir='ltr'><strong>enim</strong></span> <span class='ocrx_word' id='word_1_293' title='bbox 1321 2730 1429 2781; x_wconf 80' lang='lat' dir='ltr'><strong>ros,</strong></span> <span class='ocrx_word' id='word_1_294' title='bbox 1456 2715 1654 2786; x_wconf 89' lang='lat' dir='ltr'><strong>inquit,</strong></span> <span class='ocrx_word' id='word_1_295' title='bbox 1677 2716 1732 2769; x_wconf 77' lang='lat' dir='ltr'><strong>in</strong></span> <span class='ocrx_word' id='word_1_296' title='bbox 1756 2713 2016 2781; x_wconf 75' lang='lat' dir='ltr'><strong>conciliis,</strong></span> <span class='ocrx_word' id='word_1_297' title='bbox 2041 2714 2133 2770; x_wconf 87' lang='lat' dir='ltr'><strong>ubi</strong></span> 
     </span>
    </p>
   </div>
   <div class='ocr_carea' id='block_1_41' title="bbox 541 2792 2133 2872">
    <p class='ocr_par' dir='ltr' id='par_1_41' title="bbox 541 2792 2133 2872">
     <span class='ocr_line' id='line_1_41' title="bbox 541 2792 2133 2872; baseline -0.003 -7"><span class='ocrx_word' id='word_1_298' title='bbox 541 2808 753 2865; x_wconf 89' lang='lat' dir='ltr'><strong>scilicet</strong></span> <span class='ocrx_word' id='word_1_299' title='bbox 783 2817 868 2863; x_wconf 90' lang='lat' dir='ltr'><strong>est</strong></span> <span class='ocrx_word' id='word_1_300' title='bbox 909 2807 1066 2862; x_wconf 89' lang='lat' dir='ltr'><strong>locus</strong></span> <span class='ocrx_word' id='word_1_301' title='bbox 1102 2804 1545 2872; x_wconf 87' lang='lat' dir='ltr'><strong>deliberationis,</strong></span> <span class='ocrx_word' id='word_1_302' title='bbox 1588 2804 1677 2861; x_wconf 88' lang='lat' dir='ltr'><strong>cui</strong></span> <span class='ocrx_word' id='word_1_303' title='bbox 1722 2802 2007 2860; x_wconf 76' lang='lat' dir='ltr'><strong>sententia:</strong></span> <span class='ocrx_word' id='word_1_304' title='bbox 2043 2792 2133 2861; x_wconf 79' lang='lat' dir='ltr'><strong>ae-</strong></span> 
     </span>
    </p>
   </div>
   <div class='ocr_carea' id='block_1_42' title="bbox 542 2896 2135 2969">
    <p class='ocr_par' dir='ltr' id='par_1_42' title="bbox 542 2896 2135 2969">
     <span class='ocr_line' id='line_1_42' title="bbox 542 2896 2135 2969; baseline 0 -17"><span class='ocrx_word' id='word_1_305' title='bbox 542 2898 938 2969; x_wconf 86' lang='lat' dir='ltr'><strong>quiescendum</strong></span> <span class='ocrx_word' id='word_1_306' title='bbox 968 2901 1056 2954; x_wconf 87' lang='lat' dir='ltr'><strong>sit.</strong></span> <span class='ocrx_word' id='word_1_307' title='bbox 1095 2896 1153 2952; x_wconf 92' lang='lat' dir='ltr'><strong>ln</strong></span> <span class='ocrx_word' id='word_1_308' title='bbox 1186 2913 1298 2969; x_wconf 90' lang='lat' dir='ltr'><strong>quo</strong></span> <span class='ocrx_word' id='word_1_309' title='bbox 1332 2898 1401 2952; x_wconf 90' lang='lat' dir='ltr'><strong>de</strong></span> <span class='ocrx_word' id='word_1_310' title='bbox 1425 2897 1707 2953; x_wconf 89' lang='lat' dir='ltr'><strong>communi</strong></span> <span class='ocrx_word' id='word_1_311' title='bbox 1732 2911 2004 2953; x_wconf 88' lang='lat' dir='ltr'><strong>consensu</strong></span> <span class='ocrx_word' id='word_1_312' title='bbox 2049 2898 2135 2952; x_wconf 86' lang='lat' dir='ltr'><strong>in-</strong></span> 
     </span>
    </p>
   </div>
   <div class='ocr_carea' id='block_1_43' title="bbox 548 2987 2135 3057">
    <p class='ocr_par' dir='ltr' id='par_1_43' title="bbox 548 2987 2135 3057">
     <span class='ocr_line' id='line_1_43' title="bbox 548 2987 2135 3057; baseline -0.001 -14"><span class='ocrx_word' id='word_1_313' title='bbox 548 2988 816 3043; x_wconf 77' lang='lat' dir='ltr'><strong>liibebunt</strong></span> <span class='ocrx_word' id='word_1_314' title='bbox 849 2988 1004 3044; x_wconf 89' lang='lat' dir='ltr'><strong>vobis</strong></span> <span class='ocrx_word' id='word_1_315' title='bbox 1050 3003 1120 3044; x_wconf 88' lang='lat' dir='ltr'><strong>ne</strong></span> <span class='ocrx_word' id='word_1_316' title='bbox 1170 2988 1224 3043; x_wconf 89' lang='lat' dir='ltr'><strong>in</strong></span> <span class='ocrx_word' id='word_1_317' title='bbox 1270 2988 1494 3043; x_wconf 89' lang='lat' dir='ltr'><strong>nomine</strong></span> <span class='ocrx_word' id='word_1_318' title='bbox 1538 3002 1661 3043; x_wconf 88' lang='lat' dir='ltr'><strong>meo</strong></span> <span class='ocrx_word' id='word_1_319' title='bbox 1699 2987 2035 3057; x_wconf 64' lang='lat' dir='ltr'><strong>praedicetis,</strong></span> <span class='ocrx_word' id='word_1_320' title='bbox 2074 2995 2135 3042; x_wconf 76' lang='lat' dir='ltr'><strong>ut</strong></span> 
     </span>
    </p>
   </div>
   <div class='ocr_carea' id='block_1_44' title="bbox 547 3078 2132 3153">
    <p class='ocr_par' dir='ltr' id='par_1_44' title="bbox 547 3078 2132 3153">
     <span class='ocr_line' id='line_1_44' title="bbox 547 3078 2132 3153; baseline -0.003 -16"><span class='ocrx_word' id='word_1_321' title='bbox 547 3082 761 3138; x_wconf 85' lang='lat' dir='ltr'><strong>scilicet</strong></span> <span class='ocrx_word' id='word_1_322' title='bbox 789 3082 1026 3153; x_wconf 84' lang='lat' dir='ltr'><strong>generali</strong></span> <span class='ocrx_word' id='word_1_323' title='bbox 1050 3081 1282 3139; x_wconf 83' lang='lat' dir='ltr'><strong>concilio</strong></span> <span class='ocrx_word' id='word_1_324' title='bbox 1303 3089 1358 3137; x_wconf 92' lang='lat' dir='ltr'><strong>et</strong></span> <span class='ocrx_word' id='word_1_325' title='bbox 1382 3089 1653 3151; x_wconf 64' lang='lat' dir='ltr'><strong>praecepto</strong></span> <span class='ocrx_word' id='word_1_326' title='bbox 1680 3078 2132 3150; x_wconf 83' lang='lat' dir='ltr'><strong>superemini.Et,</strong></span> 
     </span>
    </p>
   </div>
   <div class='ocr_carea' id='block_1_45' title="bbox 548 3171 2134 3242">
    <p class='ocr_par' dir='ltr' id='par_1_45' title="bbox 548 3171 2134 3242">
     <span class='ocr_line' id='line_1_45' title="bbox 548 3171 2134 3242; baseline -0.002 -12"><span class='ocrx_word' id='word_1_327' title='bbox 548 3176 600 3230; x_wconf 86' lang='lat' dir='ltr'><strong>si</strong></span> <span class='ocrx_word' id='word_1_328' title='bbox 636 3183 826 3230; x_wconf 89' lang='lat' dir='ltr'><strong>contra</strong></span> <span class='ocrx_word' id='word_1_329' title='bbox 865 3174 968 3230; x_wconf 81' lang='lat' dir='ltr'><strong>hoc</strong></span> <span class='ocrx_word' id='word_1_330' title='bbox 1009 3172 1258 3239; x_wconf 82' lang='lat' dir='ltr'><strong>faciatis,</strong></span> <span class='ocrx_word' id='word_1_331' title='bbox 1300 3173 1356 3226; x_wconf 87' lang='lat' dir='ltr'><strong>iu</strong></span> <span class='ocrx_word' id='word_1_332' title='bbox 1397 3172 1679 3242; x_wconf 74' lang='lat' dir='ltr'><strong>synagogis</strong></span> <span class='ocrx_word' id='word_1_333' title='bbox 1720 3173 1859 3238; x_wconf 87' lang='lat' dir='ltr'><strong>suis,</strong></span> <span class='ocrx_word' id='word_1_334' title='bbox 1907 3171 2000 3227; x_wconf 81' lang='lat' dir='ltr'><strong>ubi</strong></span> <span class='ocrx_word' id='word_1_335' title='bbox 2047 3179 2134 3227; x_wconf 79' lang='lat' dir='ltr'><strong>est</strong></span> 
     </span>
    </p>
   </div>
   <div class='ocr_carea' id='block_1_46' title="bbox 546 3263 2134 3336">
    <p class='ocr_par' dir='ltr' id='par_1_46' title="bbox 546 3263 2134 3336">
     <span class='ocr_line' id='line_1_46' title="bbox 546 3263 2134 3336; baseline -0.001 -17"><span class='ocrx_word' id='word_1_336' title='bbox 546 3265 702 3322; x_wconf 85' lang='lat' dir='ltr'><strong>locus</strong></span> <span class='ocrx_word' id='word_1_337' title='bbox 740 3266 1128 3331; x_wconf 87' lang='lat' dir='ltr'><strong>correctionis,</strong></span> <span class='ocrx_word' id='word_1_338' title='bbox 1166 3263 1513 3336; x_wconf 75' lang='lat' dir='ltr'><strong>flagellabant</strong></span> <span class='ocrx_word' id='word_1_339' title='bbox 1557 3279 1666 3329; x_wconf 78' lang='lat' dir='ltr'><strong>vos,</strong></span> <span class='ocrx_word' id='word_1_340' title='bbox 1707 3271 1769 3318; x_wconf 90' lang='lat' dir='ltr'><strong>ut</strong></span> <span class='ocrx_word' id='word_1_341' title='bbox 1804 3264 1888 3317; x_wconf 90' lang='lat' dir='ltr'><strong>vel</strong></span> <span class='ocrx_word' id='word_1_342' title='bbox 1926 3263 2134 3334; x_wconf 83' lang='lat' dir='ltr'><strong>pudore</strong></span> 
     </span>
    </p>
   </div>
   <div class='ocr_carea' id='block_1_47' title="bbox 546 3354 2131 3423">
    <p class='ocr_par' dir='ltr' id='par_1_47' title="bbox 546 3354 2131 3423">
     <span class='ocr_line' id='line_1_47' title="bbox 546 3354 2131 3423; baseline -0.003 -9"><span class='ocrx_word' id='word_1_343' title='bbox 546 3357 982 3415; x_wconf 88' lang='lat' dir='ltr'><strong>confundamini.</strong></span> <span class='ocrx_word' id='word_1_344' title='bbox 1024 3355 1183 3423; x_wconf 83' lang='lat' dir='ltr'><strong>Quod</strong></span> <span class='ocrx_word' id='word_1_345' title='bbox 1225 3356 1271 3411; x_wconf 91' lang='lat' dir='ltr'><strong>si</strong></span> <span class='ocrx_word' id='word_1_346' title='bbox 1297 3370 1397 3410; x_wconf 88' lang='lat' dir='ltr'><strong>nec</strong></span> <span class='ocrx_word' id='word_1_347' title='bbox 1432 3354 1514 3411; x_wconf 88' lang='lat' dir='ltr'><strong>eis</strong></span> <span class='ocrx_word' id='word_1_348' title='bbox 1550 3355 1971 3421; x_wconf 86' lang='lat' dir='ltr'><strong>eonsenseritis,</strong></span> <span class='ocrx_word' id='word_1_349' title='bbox 2004 3370 2131 3410; x_wconf 84' lang='lat' dir='ltr'><strong>cum</strong></span> 
     </span>
    </p>
   </div>
   <div class='ocr_carea' id='block_1_48' title="bbox 545 3446 2133 3521">
    <p class='ocr_par' dir='ltr' id='par_1_48' title="bbox 545 3446 2133 3521">
     <span class='ocr_line' id='line_1_48' title="bbox 545 3446 2133 3521; baseline -0.004 -15"><span class='ocrx_word' id='word_1_350' title='bbox 545 3465 644 3521; x_wconf 88' lang='lat' dir='ltr'><strong>per</strong></span> <span class='ocrx_word' id='word_1_351' title='bbox 672 3465 733 3505; x_wconf 90' lang='lat' dir='ltr'><strong>se</strong></span> <span class='ocrx_word' id='word_1_352' title='bbox 764 3451 876 3503; x_wconf 90' lang='lat' dir='ltr'><strong>vim</strong></span> <span class='ocrx_word' id='word_1_353' title='bbox 920 3446 1122 3502; x_wconf 88' lang='lat' dir='ltr'><strong>inferre</strong></span> <span class='ocrx_word' id='word_1_354' title='bbox 1154 3447 1311 3502; x_wconf 83' lang='lat' dir='ltr'><strong>vobis</strong></span> <span class='ocrx_word' id='word_1_355' title='bbox 1346 3462 1455 3501; x_wconf 90' lang='lat' dir='ltr'><strong>non</strong></span> <span class='ocrx_word' id='word_1_356' title='bbox 1494 3455 1769 3518; x_wconf 90' lang='lat' dir='ltr'><strong>poterunt,</strong></span> <span class='ocrx_word' id='word_1_357' title='bbox 1799 3448 1870 3502; x_wconf 86' lang='lat' dir='ltr'><strong>ad</strong></span> <span class='ocrx_word' id='word_1_358' title='bbox 1908 3464 2049 3519; x_wconf 81' lang='lat' dir='ltr'><strong>rcges</strong></span> <span class='ocrx_word' id='word_1_359' title='bbox 2082 3456 2133 3501; x_wconf 85' lang='lat' dir='ltr'><strong>et</strong></span> 
     </span>
    </p>
   </div>
   <div class='ocr_carea' id='block_1_49' title="bbox 544 3538 2136 3614">
    <p class='ocr_par' dir='ltr' id='par_1_49' title="bbox 544 3538 2136 3614">
     <span class='ocr_line' id='line_1_49' title="bbox 544 3538 2136 3614; baseline -0.001 -18"><span class='ocrx_word' id='word_1_360' title='bbox 544 3542 799 3614; x_wconf 75' lang='lat' dir='ltr'><strong>prwsides</strong></span> <span class='ocrx_word' id='word_1_361' title='bbox 841 3540 1000 3611; x_wconf 87' lang='lat' dir='ltr'><strong>quasi</strong></span> <span class='ocrx_word' id='word_1_362' title='bbox 1062 3540 1129 3594; x_wconf 91' lang='lat' dir='ltr'><strong>ad</strong></span> <span class='ocrx_word' id='word_1_363' title='bbox 1180 3539 1443 3610; x_wconf 85' lang='lat' dir='ltr'><strong>majorem</strong></span> <span class='ocrx_word' id='word_1_364' title='bbox 1487 3538 1819 3595; x_wconf 86' lang='lat' dir='ltr'><strong>audientiam</strong></span> <span class='ocrx_word' id='word_1_365' title='bbox 1870 3541 2136 3595; x_wconf 64' lang='lat' dir='ltr'><strong>«tueamini</strong></span> 
     </span>
    </p>
   </div>
   <div class='ocr_carea' id='block_1_50' title="bbox 544 3631 2138 3704">
    <p class='ocr_par' dir='ltr' id='par_1_50' title="bbox 544 3631 2138 3704">
     <span class='ocr_line' id='line_1_50' title="bbox 544 3631 2138 3704; baseline 0 -17"><span class='ocrx_word' id='word_1_366' title='bbox 544 3642 758 3704; x_wconf 80' lang='lat' dir='ltr'><strong>prapter</strong></span> <span class='ocrx_word' id='word_1_367' title='bbox 787 3648 895 3698; x_wconf 88' lang='lat' dir='ltr'><strong>me,</strong></span> <span class='ocrx_word' id='word_1_368' title='bbox 923 3639 983 3686; x_wconf 91' lang='lat' dir='ltr'><strong>ut</strong></span> <span class='ocrx_word' id='word_1_369' title='bbox 1018 3631 1209 3686; x_wconf 88' lang='lat' dir='ltr'><strong>saltem</strong></span> <span class='ocrx_word' id='word_1_370' title='bbox 1246 3631 1444 3687; x_wconf 85' lang='lat' dir='ltr'><strong>timore</strong></span> <span class='ocrx_word' id='word_1_371' title='bbox 1480 3633 1707 3703; x_wconf 88' lang='lat' dir='ltr'><strong>majoris</strong></span> <span class='ocrx_word' id='word_1_372' title='bbox 1736 3633 2020 3703; x_wconf 84' lang='lat' dir='ltr'><strong>potestatis</strong></span> <span class='ocrx_word' id='word_1_373' title='bbox 2042 3634 2138 3689; x_wconf 89' lang='lat' dir='ltr'><strong>de—</strong></span> 
     </span>
    </p>
   </div>
   <div class='ocr_carea' id='block_1_51' title="bbox 546 3722 2135 3794">
    <p class='ocr_par' dir='ltr' id='par_1_51' title="bbox 546 3722 2135 3794">
     <span class='ocr_line' id='line_1_51' title="bbox 546 3722 2135 3794; baseline -0.001 -12"><span class='ocrx_word' id='word_1_374' title='bbox 546 3724 884 3783; x_wconf 83' lang='lat' dir='ltr'><strong>terreamiui.</strong></span> <span class='ocrx_word' id='word_1_375' title='bbox 913 3722 1020 3779; x_wconf 88' lang='lat' dir='ltr'><strong>Sed</strong></span> <span class='ocrx_word' id='word_1_376' title='bbox 1049 3723 1176 3779; x_wconf 84' lang='lat' dir='ltr'><strong>licet</strong></span> <span class='ocrx_word' id='word_1_377' title='bbox 1199 3722 1319 3778; x_wconf 88' lang='lat' dir='ltr'><strong>sitis</strong></span> <span class='ocrx_word' id='word_1_378' title='bbox 1348 3724 1527 3794; x_wconf 90' lang='lat' dir='ltr'><strong>pauci,</strong></span> <span class='ocrx_word' id='word_1_379' title='bbox 1561 3733 1740 3780; x_wconf 73' lang='lat' dir='ltr'><strong>tamen</strong></span> <span class='ocrx_word' id='word_1_380' title='bbox 1771 3727 2135 3780; x_wconf 80' lang='lat' dir='ltr'><strong>constantiam</strong></span> 
     </span>
    </p>
   </div>
   <div class='ocr_carea' id='block_1_52' title="bbox 545 3814 2136 3886">
    <p class='ocr_par' dir='ltr' id='par_1_52' title="bbox 545 3814 2136 3886">
     <span class='ocr_line' id='line_1_52' title="bbox 545 3814 2136 3886; baseline -0.003 -13"><span class='ocrx_word' id='word_1_381' title='bbox 545 3825 787 3873; x_wconf 83' lang='lat' dir='ltr'><strong>vestram</strong></span> <span class='ocrx_word' id='word_1_382' title='bbox 828 3831 932 3871; x_wconf 90' lang='lat' dir='ltr'><strong>nec</strong></span> <span class='ocrx_word' id='word_1_383' title='bbox 976 3816 1227 3886; x_wconf 76' lang='lat' dir='ltr'><strong>generale</strong></span> <span class='ocrx_word' id='word_1_384' title='bbox 1257 3814 1582 3883; x_wconf 90' lang='lat' dir='ltr'><strong>concilium,</strong></span> <span class='ocrx_word' id='word_1_385' title='bbox 1618 3829 1721 3871; x_wconf 90' lang='lat' dir='ltr'><strong>nec</strong></span> <span class='ocrx_word' id='word_1_386' title='bbox 1750 3815 2004 3886; x_wconf 87' lang='lat' dir='ltr'><strong>publicus</strong></span> <span class='ocrx_word' id='word_1_387' title='bbox 2034 3830 2136 3886; x_wconf 85' lang='lat' dir='ltr'><strong>pn-</strong></span> 
     </span>
    </p>
   </div>
   <div class='ocr_carea' id='block_1_53' title="bbox 547 3905 2137 3977">
    <p class='ocr_par' dir='ltr' id='par_1_53' title="bbox 547 3905 2137 3977">
     <span class='ocr_line' id='line_1_53' title="bbox 547 3905 2137 3977; baseline -0.003 -12"><span class='ocrx_word' id='word_1_388' title='bbox 547 3909 683 3974; x_wconf 90' lang='lat' dir='ltr'><strong>dor,</strong></span> <span class='ocrx_word' id='word_1_389' title='bbox 727 3923 829 3962; x_wconf 87' lang='lat' dir='ltr'><strong>nec</strong></span> <span class='ocrx_word' id='word_1_390' title='bbox 862 3905 1030 3962; x_wconf 89' lang='lat' dir='ltr'><strong>timor</strong></span> <span class='ocrx_word' id='word_1_391' title='bbox 1075 3905 1303 3977; x_wconf 86' lang='lat' dir='ltr'><strong>majoris</strong></span> <span class='ocrx_word' id='word_1_392' title='bbox 1344 3905 1628 3976; x_wconf 84' lang='lat' dir='ltr'><strong>potestatis</strong></span> <span class='ocrx_word' id='word_1_393' title='bbox 1673 3905 1972 3976; x_wconf 85' lang='lat' dir='ltr'><strong>superabit.</strong></span> <span class='ocrx_word' id='word_1_394' title='bbox 2031 3905 2137 3962; x_wconf 88' lang='lat' dir='ltr'><strong>Sed</strong></span> 
     </span>
    </p>
   </div>
   <div class='ocr_carea' id='block_1_54' title="bbox 549 3995 2136 4072">
    <p class='ocr_par' dir='ltr' id='par_1_54' title="bbox 549 3995 2136 4072">
     <span class='ocr_line' id='line_1_54' title="bbox 549 3995 2136 4072; baseline -0.003 -17"><span class='ocrx_word' id='word_1_395' title='bbox 549 4000 766 4072; x_wconf 72' lang='lat' dir='ltr'><strong>publice</strong></span> <span class='ocrx_word' id='word_1_396' title='bbox 788 4013 986 4055; x_wconf 89' lang='lat' dir='ltr'><strong>nomen</strong></span> <span class='ocrx_word' id='word_1_397' title='bbox 1013 4013 1194 4053; x_wconf 87' lang='lat' dir='ltr'><strong>meum</strong></span> <span class='ocrx_word' id='word_1_398' title='bbox 1220 3997 1634 4054; x_wconf 88' lang='lat' dir='ltr'><strong>conlltebimini.</strong></span> <span class='ocrx_word' id='word_1_399' title='bbox 1661 3995 1728 4051; x_wconf 91' lang='lat' dir='ltr'><strong>In</strong></span> <span class='ocrx_word' id='word_1_400' title='bbox 1752 3998 2136 4066; x_wconf 79' lang='lat' dir='ltr'><strong>testimonium,</strong></span> 
     </span>
    </p>
   </div>
   <div class='ocr_carea' id='block_1_55' title="bbox 553 4089 2140 4163">
    <p class='ocr_par' dir='ltr' id='par_1_55' title="bbox 553 4089 2140 4163">
     <span class='ocr_line' id='line_1_55' title="bbox 553 4089 2140 4163; baseline 0 -17"><span class='ocrx_word' id='word_1_401' title='bbox 553 4092 761 4163; x_wconf 87' lang='lat' dir='ltr'><strong>inquit,</strong></span> <span class='ocrx_word' id='word_1_402' title='bbox 792 4091 904 4145; x_wconf 81' lang='lat' dir='ltr'><strong>illis</strong></span> <span class='ocrx_word' id='word_1_403' title='bbox 945 4100 995 4146; x_wconf 91' lang='lat' dir='ltr'><strong>et</strong></span> <span class='ocrx_word' id='word_1_404' title='bbox 1039 4090 1302 4162; x_wconf 79' lang='lat' dir='ltr'><strong>gentibus,</strong></span> <span class='ocrx_word' id='word_1_405' title='bbox 1343 4098 1404 4145; x_wconf 91' lang='lat' dir='ltr'><strong>ut</strong></span> <span class='ocrx_word' id='word_1_406' title='bbox 1445 4090 1654 4147; x_wconf 87' lang='lat' dir='ltr'><strong>scilicet</strong></span> <span class='ocrx_word' id='word_1_407' title='bbox 1690 4089 1762 4146; x_wconf 86' lang='lat' dir='ltr'><strong>sit</strong></span> <span class='ocrx_word' id='word_1_408' title='bbox 1803 4089 1858 4144; x_wconf 86' lang='lat' dir='ltr'><strong>in</strong></span> <span class='ocrx_word' id='word_1_409' title='bbox 1892 4091 2140 4146; x_wconf 83' lang='lat' dir='ltr'><strong>testimo-</strong></span> 
     </span>
    </p>
   </div>
   <div class='ocr_carea' id='block_1_56' title="bbox 552 4181 2136 4248">
    <p class='ocr_par' dir='ltr' id='par_1_56' title="bbox 552 4181 2136 4248">
     <span class='ocr_line' id='line_1_56' title="bbox 552 4181 2136 4248; baseline -0.002 -9"><span class='ocrx_word' id='word_1_410' title='bbox 552 4184 708 4239; x_wconf 90' lang='lat' dir='ltr'><strong>nium</strong></span> <span class='ocrx_word' id='word_1_411' title='bbox 746 4182 1003 4237; x_wconf 90' lang='lat' dir='ltr'><strong>omnibus</strong></span> <span class='ocrx_word' id='word_1_412' title='bbox 1040 4182 1446 4238; x_wconf 81' lang='lat' dir='ltr'><strong>attestationem</strong></span> <span class='ocrx_word' id='word_1_413' title='bbox 1483 4190 1722 4237; x_wconf 82' lang='lat' dir='ltr'><strong>vestram</strong></span> <span class='ocrx_word' id='word_1_414' title='bbox 1766 4181 2136 4248; x_wconf 84' lang='lat' dir='ltr'><strong>audientibus,</strong></span> 
     </span>
    </p>
   </div>
   <div class='ocr_carea' id='block_1_57' title="bbox 549 4274 2138 4342">
    <p class='ocr_par' dir='ltr' id='par_1_57' title="bbox 549 4274 2138 4342">
     <span class='ocr_line' id='line_1_57' title="bbox 549 4274 2138 4342; baseline -0.001 -12"><span class='ocrx_word' id='word_1_415' title='bbox 549 4275 639 4331; x_wconf 70' lang='lat' dir='ltr'><strong>Vel</strong></span> <span class='ocrx_word' id='word_1_416' title='bbox 667 4274 896 4342; x_wconf 77' lang='lat' dir='ltr'><strong>salutis,</strong></span> <span class='ocrx_word' id='word_1_417' title='bbox 936 4275 984 4330; x_wconf 91' lang='lat' dir='ltr'><strong>si</strong></span> <span class='ocrx_word' id='word_1_418' title='bbox 1022 4274 1385 4341; x_wconf 88' lang='lat' dir='ltr'><strong>crediderint;</strong></span> <span class='ocrx_word' id='word_1_419' title='bbox 1411 4274 1496 4330; x_wconf 89' lang='lat' dir='ltr'><strong>vel</strong></span> <span class='ocrx_word' id='word_1_420' title='bbox 1527 4275 1929 4342; x_wconf 86' lang='lat' dir='ltr'><strong>damnationis,</strong></span> <span class='ocrx_word' id='word_1_421' title='bbox 1959 4274 2009 4331; x_wconf 89' lang='lat' dir='ltr'><strong>si</strong></span> <span class='ocrx_word' id='word_1_422' title='bbox 2030 4289 2138 4329; x_wconf 85' lang='lat' dir='ltr'><strong>non</strong></span> 
     </span>
    </p>
   </div>
   <div class='ocr_carea' id='block_1_58' title="bbox 552 4365 2138 4438">
    <p class='ocr_par' dir='ltr' id='par_1_58' title="bbox 552 4365 2138 4438">
     <span class='ocr_line' id='line_1_58' title="bbox 552 4365 2138 4438; baseline -0.003 -14"><span class='ocrx_word' id='word_1_423' title='bbox 552 4367 899 4424; x_wconf 71' lang='lat' dir='ltr'><strong>crediderint.</strong></span> <span class='ocrx_word' id='word_1_424' title='bbox 940 4366 1096 4423; x_wconf 84' lang='lat' dir='ltr'><strong>Nune</strong></span> <span class='ocrx_word' id='word_1_425' title='bbox 1137 4382 1383 4438; x_wconf 87' lang='lat' dir='ltr'><strong>quoque,</strong></span> <span class='ocrx_word' id='word_1_426' title='bbox 1419 4365 1613 4421; x_wconf 77' lang='lat' dir='ltr'><strong>fratres</strong></span> <span class='ocrx_word' id='word_1_427' title='bbox 1650 4367 1778 4433; x_wconf 87' lang='lat' dir='ltr'><strong>mei,</strong></span> <span class='ocrx_word' id='word_1_428' title='bbox 1826 4381 1929 4422; x_wconf 88' lang='lat' dir='ltr'><strong>nos</strong></span> <span class='ocrx_word' id='word_1_429' title='bbox 1964 4366 2138 4420; x_wconf 83' lang='lat' dir='ltr'><strong>infimi</strong></span> 
     </span>
    </p>
   </div>
   <div class='ocr_carea' id='block_1_59' title="bbox 551 4456 2139 4534">
    <p class='ocr_par' dir='ltr' id='par_1_59' title="bbox 551 4456 2139 4534">
     <span class='ocr_line' id='line_1_59' title="bbox 551 4456 2139 4534; baseline -0.003 -18"><span class='ocrx_word' id='word_1_430' title='bbox 551 4460 936 4534; x_wconf 69' lang='lat' dir='ltr'><strong>prmdicatorcs</strong></span> <span class='ocrx_word' id='word_1_431' title='bbox 959 4502 974 4525; x_wconf 88' lang='lat'><strong>,</strong></span> <span class='ocrx_word' id='word_1_432' title='bbox 1022 4474 1147 4516; x_wconf 90' lang='lat' dir='ltr'><strong>cum</strong></span> <span class='ocrx_word' id='word_1_433' title='bbox 1199 4459 1367 4514; x_wconf 81' lang='lat' dir='ltr'><strong>verba</strong></span> <span class='ocrx_word' id='word_1_434' title='bbox 1425 4456 1521 4511; x_wconf 88' lang='lat' dir='ltr'><strong>Dei</strong></span> <span class='ocrx_word' id='word_1_435' title='bbox 1572 4457 1728 4513; x_wconf 85' lang='lat' dir='ltr'><strong>vobis</strong></span> <span class='ocrx_word' id='word_1_436' title='bbox 1785 4457 2139 4514; x_wconf 71' lang='lat' dir='ltr'><strong>testiﬁcantes</strong></span> 
     </span>
    </p>
   </div>
   <div class='ocr_carea' id='block_1_60' title="bbox 550 4548 2214 4631">
    <p class='ocr_par' dir='ltr' id='par_1_60' title="bbox 550 4548 2214 4631">
     <span class='ocr_line' id='line_1_60' title="bbox 550 4548 2214 4631; baseline -0.001 -23"><span class='ocrx_word' id='word_1_437' title='bbox 550 4554 935 4625; x_wconf 66' lang='lat' dir='ltr'><strong>praedicamus,</strong></span> <span class='ocrx_word' id='word_1_438' title='bbox 964 4553 1118 4608; x_wconf 88' lang='lat' dir='ltr'><strong>vobis</strong></span> <span class='ocrx_word' id='word_1_439' title='bbox 1146 4551 1335 4621; x_wconf 89' lang='lat' dir='ltr'><strong>utique</strong></span> <span class='ocrx_word' id='word_1_440' title='bbox 1362 4548 1417 4604; x_wconf 92' lang='lat' dir='ltr'><strong>in</strong></span> <span class='ocrx_word' id='word_1_441' title='bbox 1439 4549 1811 4606; x_wconf 74' lang='lat' dir='ltr'><strong>testimonium</strong></span> <span class='ocrx_word' id='word_1_442' title='bbox 1838 4564 2031 4607; x_wconf 86' lang='lat' dir='ltr'><strong>sumus</strong></span> <span class='ocrx_word' id='word_1_443' title='bbox 2052 4551 2136 4606; x_wconf 85' lang='lat' dir='ltr'><strong>vel</strong></span> <span class='ocrx_word' id='word_1_444' title='bbox 2170 4573 2214 4631; x_wconf 77' lang='grc' dir='ltr'>ο</span> 
     </span>
    </p>
   </div>
   <div class='ocr_carea' id='block_1_61' title="bbox 549 4641 2134 4711">
    <p class='ocr_par' dir='ltr' id='par_1_61' title="bbox 549 4641 2134 4711">
     <span class='ocr_line' id='line_1_61' title="bbox 549 4641 2134 4711; baseline -0.003 -10"><span class='ocrx_word' id='word_1_445' title='bbox 549 4645 778 4711; x_wconf 86' lang='lat' dir='ltr'><strong>salutis,</strong></span> <span class='ocrx_word' id='word_1_446' title='bbox 820 4646 866 4701; x_wconf 86' lang='lat' dir='ltr'><strong>si</strong></span> <span class='ocrx_word' id='word_1_447' title='bbox 912 4645 1134 4701; x_wconf 82' lang='lat' dir='ltr'><strong>creditis</strong></span> <span class='ocrx_word' id='word_1_448' title='bbox 1174 4651 1230 4698; x_wconf 90' lang='lat' dir='ltr'><strong>et</strong></span> <span class='ocrx_word' id='word_1_449' title='bbox 1283 4641 1557 4709; x_wconf 63' lang='lat' dir='ltr'><strong>obeditis,</strong></span> <span class='ocrx_word' id='word_1_450' title='bbox 1595 4643 1679 4697; x_wconf 85' lang='lat' dir='ltr'><strong>vel</strong></span> <span class='ocrx_word' id='word_1_451' title='bbox 1741 4641 2134 4710; x_wconf 77' lang='lat' dir='ltr'><strong>damnationis,</strong></span> 
     </span>
    </p>
   </div>
   <div class='ocr_carea' id='block_1_62' title="bbox 549 4730 2136 4807">
    <p class='ocr_par' dir='ltr' id='par_1_62' title="bbox 549 4730 2136 4807">
     <span class='ocr_line' id='line_1_62' title="bbox 549 4730 2136 4807; baseline -0.001 -16"><span class='ocrx_word' id='word_1_452' title='bbox 549 4736 699 4807; x_wconf 90' lang='lat' dir='ltr'><strong>quod</strong></span> <span class='ocrx_word' id='word_1_453' title='bbox 747 4737 919 4791; x_wconf 87' lang='lat' dir='ltr'><strong>absit!</strong></span> <span class='ocrx_word' id='word_1_454' title='bbox 973 4734 1020 4790; x_wconf 86' lang='lat' dir='ltr'><strong>si</strong></span> <span class='ocrx_word' id='word_1_455' title='bbox 1074 4731 1297 4789; x_wconf 89' lang='lat' dir='ltr'><strong>obedire</strong></span> <span class='ocrx_word' id='word_1_456' title='bbox 1347 4744 1458 4786; x_wconf 91' lang='lat' dir='ltr'><strong>non</strong></span> <span class='ocrx_word' id='word_1_457' title='bbox 1500 4732 1687 4786; x_wconf 89' lang='lat' dir='ltr'><strong>vultis.</strong></span> <span class='ocrx_word' id='word_1_458' title='bbox 1728 4730 1902 4787; x_wconf 83' lang='lat' dir='ltr'><strong>Porro</strong></span> <span class='ocrx_word' id='word_1_459' title='bbox 1942 4740 2136 4789; x_wconf 86' lang='lat' dir='ltr'><strong>contra</strong></span> 
     </span>
    </p>
   </div>
   <div class='ocr_carea' id='block_1_63' title="bbox 549 4820 2140 4897">
    <p class='ocr_par' dir='ltr' id='par_1_63' title="bbox 549 4820 2140 4897">
     <span class='ocr_line' id='line_1_63' title="bbox 549 4820 2140 4897; baseline -0.003 -16"><span class='ocrx_word' id='word_1_460' title='bbox 549 4827 842 4897; x_wconf 65' lang='lat' dir='ltr'><strong>praedictos</strong></span> <span class='ocrx_word' id='word_1_461' title='bbox 882 4837 1157 4881; x_wconf 85' lang='lat' dir='ltr'><strong>terrores.</strong></span> <span class='ocrx_word' id='word_1_462' title='bbox 1201 4821 1458 4892; x_wconf 86' lang='lat' dir='ltr'><strong>supponit</strong></span> <span class='ocrx_word' id='word_1_463' title='bbox 1506 4820 1769 4877; x_wconf 85' lang='lat' dir='ltr'><strong>Dominus</strong></span> <span class='ocrx_word' id='word_1_464' title='bbox 1809 4823 2140 4878; x_wconf 80' lang='lat' dir='ltr'><strong>consolatio-</strong></span> 
     </span>
    </p>
   </div>
   <div class='ocr_carea' id='block_1_64' title="bbox 551 4913 2127 4987">
    <p class='ocr_par' dir='ltr' id='par_1_64' title="bbox 551 4913 2127 4987">
     <span class='ocr_line' id='line_1_64' title="bbox 551 4913 2127 4987; baseline -0.004 -12"><span class='ocrx_word' id='word_1_465' title='bbox 551 4934 700 4987; x_wconf 86' lang='lat' dir='ltr'><strong>nem,</strong></span> <span class='ocrx_word' id='word_1_466' title='bbox 727 4934 851 4975; x_wconf 85' lang='lat' dir='ltr'><strong>cum</strong></span> <span class='ocrx_word' id='word_1_467' title='bbox 876 4916 1060 4973; x_wconf 89' lang='lat' dir='ltr'><strong>subdit</strong></span> <span class='ocrx_word' id='word_1_468' title='bbox 1082 4934 1097 4947; x_wconf 86' lang='grc'><strong>·</strong></span> <span class='ocrx_word' id='word_1_469' title='bbox 1129 4913 1266 4970; x_wconf 81' lang='lat' dir='ltr'><strong>Cum</strong></span> <span class='ocrx_word' id='word_1_470' title='bbox 1284 4923 1461 4969; x_wconf 84' lang='lat' dir='ltr'><strong>autem</strong></span> <span class='ocrx_word' id='word_1_471' title='bbox 1494 4916 1702 4968; x_wconf 84' lang='lat' dir='ltr'><strong>tradent</strong></span> <span class='ocrx_word' id='word_1_472' title='bbox 1724 4930 1833 4981; x_wconf 79' lang='lat' dir='ltr'><strong>vos,</strong></span> <span class='ocrx_word' id='word_1_473' title='bbox 1858 4913 2021 4968; x_wconf 82' lang='lat' dir='ltr'><strong>nolite</strong></span> <span class='ocrx_word' id='word_1_474' title='bbox 2045 4930 2127 4968; x_wconf 81' lang='lat' dir='ltr'><strong>co-</strong></span> 
     </span>
    </p>
   </div>
   <div class='ocr_carea' id='block_1_65' title="bbox 550 5006 2134 5083">
    <p class='ocr_par' dir='ltr' id='par_1_65' title="bbox 550 5006 2134 5083">
     <span class='ocr_line' id='line_1_65' title="bbox 550 5006 2134 5083; baseline -0.002 -17"><span class='ocrx_word' id='word_1_475' title='bbox 550 5013 722 5083; x_wconf 85' lang='lat' dir='ltr'><strong>gitare</strong></span> <span class='ocrx_word' id='word_1_476' title='bbox 748 5008 1008 5082; x_wconf 82' lang='lat' dir='ltr'><strong>quomodo</strong></span> <span class='ocrx_word' id='word_1_477' title='bbox 1033 5016 1125 5061; x_wconf 77' lang='lat' dir='ltr'><strong>aut</strong></span> <span class='ocrx_word' id='word_1_478' title='bbox 1149 5006 1276 5078; x_wconf 82' lang='lat' dir='ltr'><strong>quid</strong></span> <span class='ocrx_word' id='word_1_479' title='bbox 1300 5006 1613 5079; x_wconf 79' lang='lat' dir='ltr'><strong>loquamini,</strong></span> <span class='ocrx_word' id='word_1_480' title='bbox 1637 5006 1689 5063; x_wconf 91' lang='lat' dir='ltr'><strong>id</strong></span> <span class='ocrx_word' id='word_1_481' title='bbox 1714 5015 1819 5074; x_wconf 85' lang='lat' dir='ltr'><strong>est,</strong></span> <span class='ocrx_word' id='word_1_482' title='bbox 1845 5007 2012 5063; x_wconf 81' lang='lat' dir='ltr'><strong>nolite</strong></span> <span class='ocrx_word' id='word_1_483' title='bbox 2039 5020 2134 5064; x_wconf 91' lang='lat' dir='ltr'><strong>co-</strong></span> 
     </span>
    </p>
   </div>
   <div class='ocr_carea' id='block_1_66' title="bbox 550 5097 2135 5175">
    <p class='ocr_par' dir='ltr' id='par_1_66' title="bbox 550 5097 2135 5175">
     <span class='ocr_line' id='line_1_66' title="bbox 550 5097 2135 5175; baseline -0.004 -18"><span class='ocrx_word' id='word_1_484' title='bbox 550 5103 724 5175; x_wconf 75' lang='lat' dir='ltr'><strong>gitare</strong></span> <span class='ocrx_word' id='word_1_485' title='bbox 763 5100 848 5154; x_wconf 88' lang='lat' dir='ltr'><strong>vel</strong></span> <span class='ocrx_word' id='word_1_486' title='bbox 891 5098 960 5153; x_wconf 90' lang='lat' dir='ltr'><strong>ad</strong></span> <span class='ocrx_word' id='word_1_487' title='bbox 1003 5111 1329 5167; x_wconf 87' lang='lat' dir='ltr'><strong>responsum</strong></span> <span class='ocrx_word' id='word_1_488' title='bbox 1377 5097 1792 5164; x_wconf 89' lang='lat' dir='ltr'><strong>inveniendum,</strong></span> <span class='ocrx_word' id='word_1_489' title='bbox 1832 5098 1917 5152; x_wconf 87' lang='lat' dir='ltr'><strong>vel</strong></span> <span class='ocrx_word' id='word_1_490' title='bbox 1971 5110 2135 5152; x_wconf 66' lang='lat' dir='ltr'><strong>exor-</strong></span> 
     </span>
    </p>
   </div>
   <div class='ocr_carea' id='block_1_67' title="bbox 553 5189 2134 5261">
    <p class='ocr_par' dir='ltr' id='par_1_67' title="bbox 553 5189 2134 5261">
     <span class='ocr_line' id='line_1_67' title="bbox 553 5189 2134 5261; baseline -0.004 -12"><span class='ocrx_word' id='word_1_491' title='bbox 553 5194 816 5249; x_wconf 84' lang='lat' dir='ltr'><strong>uaudum.</strong></span> <span class='ocrx_word' id='word_1_492' title='bbox 850 5190 1070 5258; x_wconf 81' lang='lat' dir='ltr'><strong>Quare?</strong></span> <span class='ocrx_word' id='word_1_493' title='bbox 1088 5189 1321 5245; x_wconf 82' lang='lat' dir='ltr'><strong>Dabitur</strong></span> <span class='ocrx_word' id='word_1_494' title='bbox 1339 5191 1479 5245; x_wconf 80' lang='lat' dir='ltr'><strong>enim</strong></span> <span class='ocrx_word' id='word_1_495' title='bbox 1500 5189 1642 5244; x_wconf 80' lang='lat' dir='ltr'><strong>vobis</strong></span> <span class='ocrx_word' id='word_1_496' title='bbox 1666 5191 1723 5244; x_wconf 85' lang='lat' dir='ltr'><strong>iu</strong></span> <span class='ocrx_word' id='word_1_497' title='bbox 1746 5190 1843 5245; x_wconf 85' lang='lat' dir='ltr'><strong>illa</strong></span> <span class='ocrx_word' id='word_1_498' title='bbox 1857 5190 1988 5243; x_wconf 77' lang='lat' dir='ltr'><strong>liora</strong></span> <span class='ocrx_word' id='word_1_499' title='bbox 2007 5189 2134 5261; x_wconf 85' lang='lat' dir='ltr'><strong>quid</strong></span> 
     </span>
    </p>
   </div>
   <div class='ocr_carea' id='block_1_68' title="bbox 553 5282 2135 5355">
    <p class='ocr_par' dir='ltr' id='par_1_68' title="bbox 553 5282 2135 5355">
     <span class='ocr_line' id='line_1_68' title="bbox 553 5282 2135 5355; baseline -0.002 -17"><span class='ocrx_word' id='word_1_500' title='bbox 553 5283 864 5355; x_wconf 82' lang='lat' dir='ltr'><strong>loquamini.</strong></span> <span class='ocrx_word' id='word_1_501' title='bbox 898 5282 1021 5337; x_wconf 84' lang='lat' dir='ltr'><strong>Non</strong></span> <span class='ocrx_word' id='word_1_502' title='bbox 1076 5285 1214 5337; x_wconf 81' lang='lat' dir='ltr'><strong>enim</strong></span> <span class='ocrx_word' id='word_1_503' title='bbox 1264 5298 1351 5337; x_wconf 76' lang='lat' dir='ltr'><strong>vos</strong></span> <span class='ocrx_word' id='word_1_504' title='bbox 1393 5285 1519 5337; x_wconf 84' lang='lat' dir='ltr'><strong>estis</strong></span> <span class='ocrx_word' id='word_1_505' title='bbox 1565 5283 1654 5353; x_wconf 81' lang='lat' dir='ltr'><strong>qui</strong></span> <span class='ocrx_word' id='word_1_506' title='bbox 1689 5282 1990 5353; x_wconf 82' lang='lat' dir='ltr'><strong>loquimini,</strong></span> <span class='ocrx_word' id='word_1_507' title='bbox 2045 5282 2135 5335; x_wconf 81' lang='lat' dir='ltr'><strong>sed</strong></span> 
     </span>
    </p>
   </div>
   <div class='ocr_carea' id='block_1_69' title="bbox 554 5372 2136 5447">
    <p class='ocr_par' dir='ltr' id='par_1_69' title="bbox 554 5372 2136 5447">
     <span class='ocr_line' id='line_1_69' title="bbox 554 5372 2136 5447; baseline -0.004 -14"><span class='ocrx_word' id='word_1_508' title='bbox 554 5375 791 5447; x_wconf 80' lang='lat' dir='ltr'><strong>Spiritus</strong></span> <span class='ocrx_word' id='word_1_509' title='bbox 819 5375 1000 5430; x_wconf 83' lang='lat' dir='ltr'><strong>Patris</strong></span> <span class='ocrx_word' id='word_1_510' title='bbox 1028 5377 1184 5431; x_wconf 80' lang='lat' dir='ltr'><strong>vestri</strong></span> <span class='ocrx_word' id='word_1_511' title='bbox 1211 5375 1300 5445; x_wconf 85' lang='lat' dir='ltr'><strong>qui</strong></span> <span class='ocrx_word' id='word_1_512' title='bbox 1326 5373 1569 5445; x_wconf 82' lang='lat' dir='ltr'><strong>loquitur</strong></span> <span class='ocrx_word' id='word_1_513' title='bbox 1588 5375 1644 5427; x_wconf 84' lang='lat' dir='ltr'><strong>in</strong></span> <span class='ocrx_word' id='word_1_514' title='bbox 1674 5372 1839 5439; x_wconf 78' lang='lat' dir='ltr'><strong>vobis,</strong></span> <span class='ocrx_word' id='word_1_515' title='bbox 1875 5380 2136 5443; x_wconf 81' lang='lat' dir='ltr'><strong>tauquam</strong></span> 
     </span>
    </p>
   </div>
   <div class='ocr_carea' id='block_1_70' title="bbox 555 5466 2135 5540">
    <p class='ocr_par' dir='ltr' id='par_1_70' title="bbox 555 5466 2135 5540">
     <span class='ocr_line' id='line_1_70' title="bbox 555 5466 2135 5540; baseline -0.003 -16"><span class='ocrx_word' id='word_1_516' title='bbox 555 5470 612 5524; x_wconf 88' lang='lat' dir='ltr'><strong>in</strong></span> <span class='ocrx_word' id='word_1_517' title='bbox 635 5471 875 5540; x_wconf 82' lang='lat' dir='ltr'><strong>organis.</strong></span> <span class='ocrx_word' id='word_1_518' title='bbox 906 5468 1007 5525; x_wconf 84' lang='lat' dir='ltr'><strong>llic</strong></span> <span class='ocrx_word' id='word_1_519' title='bbox 1057 5479 1142 5523; x_wconf 89' lang='lat' dir='ltr'><strong>est</strong></span> <span class='ocrx_word' id='word_1_520' title='bbox 1173 5468 1321 5524; x_wconf 91' lang='lat' dir='ltr'><strong>enim</strong></span> <span class='ocrx_word' id='word_1_521' title='bbox 1351 5486 1371 5519; x_wconf 78' lang='grc' dir='ltr'><strong>ι</strong></span> <span class='ocrx_word' id='word_1_522' title='bbox 1401 5466 1496 5537; x_wconf 89' lang='lat' dir='ltr'><strong>qui</strong></span> <span class='ocrx_word' id='word_1_523' title='bbox 1529 5466 1705 5537; x_wconf 89' lang='lat' dir='ltr'><strong>aperit</strong></span> <span class='ocrx_word' id='word_1_524' title='bbox 1735 5481 1798 5521; x_wconf 92' lang='lat' dir='ltr'><strong>os</strong></span> <span class='ocrx_word' id='word_1_525' title='bbox 1830 5474 2135 5532; x_wconf 82' lang='lat' dir='ltr'><strong>mutorum,</strong></span> 
     </span>
    </p>
   </div>
   <div class='ocr_carea' id='block_1_71' title="bbox 552 5555 2141 5633">
    <p class='ocr_par' dir='ltr' id='par_1_71' title="bbox 552 5555 2141 5633">
     <span class='ocr_line' id='line_1_71' title="bbox 552 5555 2141 5633; baseline -0.003 -16"><span class='ocrx_word' id='word_1_526' title='bbox 552 5571 611 5617; x_wconf 86' lang='lat' dir='ltr'><strong>et</strong></span> <span class='ocrx_word' id='word_1_527' title='bbox 632 5561 849 5633; x_wconf 81' lang='lat' dir='ltr'><strong>linguas</strong></span> <span class='ocrx_word' id='word_1_528' title='bbox 883 5561 1172 5617; x_wconf 88' lang='lat' dir='ltr'><strong>infantium</strong></span> <span class='ocrx_word' id='word_1_529' title='bbox 1204 5560 1335 5615; x_wconf 85' lang='lat' dir='ltr'><strong>facit</strong></span> <span class='ocrx_word' id='word_1_530' title='bbox 1368 5559 1604 5615; x_wconf 87' lang='lat' dir='ltr'><strong>disertas</strong></span> <span class='ocrx_word' id='word_1_531' title='bbox 1639 5555 1793 5628; x_wconf 77' lang='lat' dir='ltr'><strong>(Sap.</strong></span> <span class='ocrx_word' id='word_1_532' title='bbox 1828 5559 1906 5628; x_wconf 74' lang='grc' dir='ltr'><strong>ι).</strong></span> <span class='ocrx_word' id='word_1_533' title='bbox 1942 5576 1961 5608; x_wconf 76' lang='grc' dir='ltr'><strong>ι</strong></span> <span class='ocrx_word' id='word_1_534' title='bbox 1988 5556 2141 5623; x_wconf 89' lang='lat' dir='ltr'><strong>Quo-</strong></span> 
     </span>
    </p>
   </div>
   <div class='ocr_carea' id='block_1_72' title="bbox 556 5647 2141 5721">
    <p class='ocr_par' dir='ltr' id='par_1_72' title="bbox 556 5647 2141 5721">
     <span class='ocr_line' id='line_1_72' title="bbox 556 5647 2141 5721; baseline -0.005 -13"><span class='ocrx_word' id='word_1_535' title='bbox 556 5654 719 5709; x_wconf 87' lang='lat' dir='ltr'><strong>modo</strong></span> <span class='ocrx_word' id='word_1_536' title='bbox 731 5654 897 5721; x_wconf 87' lang='lat' dir='ltr'><strong>enim,</strong></span> <span class='ocrx_word' id='word_1_537' title='bbox 918 5652 1114 5708; x_wconf 88' lang='lat' dir='ltr'><strong>fratres</strong></span> <span class='ocrx_word' id='word_1_538' title='bbox 1129 5651 1256 5717; x_wconf 89' lang='lat' dir='ltr'><strong>mei,</strong></span> <span class='ocrx_word' id='word_1_539' title='bbox 1269 5651 1473 5721; x_wconf 85' lang='lat' dir='ltr'><strong>putatis</strong></span> <span class='ocrx_word' id='word_1_540' title='bbox 1486 5649 1636 5720; x_wconf 89' lang='lat' dir='ltr'><strong>quod</strong></span> <span class='ocrx_word' id='word_1_541' title='bbox 1654 5650 1809 5705; x_wconf 84' lang='lat' dir='ltr'><strong>beata</strong></span> <span class='ocrx_word' id='word_1_542' title='bbox 1824 5647 2141 5713; x_wconf 79' lang='lat' dir='ltr'><strong>Catharina,</strong></span> 
     </span>
    </p>
   </div>
   <div class='ocr_carea' id='block_1_73' title="bbox 556 5741 3793 5818">
    <p class='ocr_par' dir='ltr' id='par_1_73' title="bbox 556 5741 3793 5818">
     <span class='ocr_line' id='line_1_73' title="bbox 556 5741 3793 5818; baseline -0.003 -14"><span class='ocrx_word' id='word_1_543' title='bbox 556 5749 785 5818; x_wconf 77' lang='lat' dir='ltr'><strong>simplex</strong></span> <span class='ocrx_word' id='word_1_544' title='bbox 816 5749 1004 5818; x_wconf 87' lang='lat' dir='ltr'><strong>utique</strong></span> <span class='ocrx_word' id='word_1_545' title='bbox 1034 5746 1245 5817; x_wconf 87' lang='lat' dir='ltr'><strong>puella,</strong></span> <span class='ocrx_word' id='word_1_546' title='bbox 1275 5754 1465 5800; x_wconf 89' lang='lat' dir='ltr'><strong>contra</strong></span> <span class='ocrx_word' id='word_1_547' title='bbox 1499 5753 1826 5815; x_wconf 84' lang='lat' dir='ltr'><strong>tyranuum,</strong></span> <span class='ocrx_word' id='word_1_548' title='bbox 1851 5750 1908 5798; x_wconf 90' lang='lat' dir='ltr'><strong>et</strong></span> <span class='ocrx_word' id='word_1_549' title='bbox 1949 5748 2143 5797; x_wconf 85' lang='lat' dir='ltr'><strong>contra</strong></span> <span class='ocrx_word' id='word_1_550' title='bbox 2245 5741 2638 5811; x_wconf 78' lang='lat' dir='ltr'><strong>crueiligamus</strong></span> <span class='ocrx_word' id='word_1_551' title='bbox 2678 5748 2733 5797; x_wconf 88' lang='lat' dir='ltr'><strong>et</strong></span> <span class='ocrx_word' id='word_1_552' title='bbox 2759 5748 3150 5811; x_wconf 85' lang='lat' dir='ltr'><strong>torqueamus,</strong></span> <span class='ocrx_word' id='word_1_553' title='bbox 3187 5756 3319 5796; x_wconf 82' lang='lat' dir='ltr'><strong>eum</strong></span> <span class='ocrx_word' id='word_1_554' title='bbox 3352 5741 3511 5797; x_wconf 82' lang='lat' dir='ltr'><strong>vitiis</strong></span> <span class='ocrx_word' id='word_1_555' title='bbox 3544 5748 3598 5797; x_wconf 83' lang='lat' dir='ltr'><strong>et</strong></span> <span class='ocrx_word' id='word_1_556' title='bbox 3630 5753 3793 5795; x_wconf 76' lang='lat' dir='ltr'><strong>cana</strong></span> 
     </span>
    </p>
   </div>
   <div class='ocr_carea' id='block_1_74' title="bbox 553 5837 2143 5916">
    <p class='ocr_par' dir='ltr' id='par_1_74' title="bbox 553 5837 2143 5916">
     <span class='ocr_line' id='line_1_74' title="bbox 553 5837 2143 5916; baseline -0.004 -17"><span class='ocrx_word' id='word_1_557' title='bbox 553 5844 951 5916; x_wconf 79' lang='lat' dir='ltr'><strong>quinquaginta</strong></span> <span class='ocrx_word' id='word_1_558' title='bbox 980 5841 1283 5912; x_wconf 77' lang='lat' dir='ltr'><strong>exquisitos</strong></span> <span class='ocrx_word' id='word_1_559' title='bbox 1320 5838 1615 5911; x_wconf 84' lang='lat' dir='ltr'><strong>sapientes,</strong></span> <span class='ocrx_word' id='word_1_560' title='bbox 1642 5846 1770 5894; x_wconf 76' lang='lat' dir='ltr'><strong>tam</strong></span> <span class='ocrx_word' id='word_1_561' title='bbox 1811 5846 2002 5910; x_wconf 72' lang='lat' dir='ltr'><strong>argute</strong></span> <span class='ocrx_word' id='word_1_562' title='bbox 2029 5837 2143 5899; x_wconf 84' lang='lat' dir='ltr'><strong>dis-</strong></span> 
     </span>
    </p>
   </div>
   <div class='ocr_carea' id='block_1_75' title="bbox 2159 3227 2205 3287">
    <p class='ocr_par' dir='ltr' id='par_1_75' title="bbox 2159 3227 2205 3287">
     <span class='ocr_line' id='line_1_75' title="bbox 2159 3227 2205 3287; baseline 0 0"><span class='ocrx_word' id='word_1_563' title='bbox 2159 3227 2205 3287; x_wconf 91' lang='lat' dir='ltr'><strong>C</strong></span> 
     </span>
    </p>
   </div>
   <div class='ocr_carea' id='block_1_76' title="bbox 2302 1977 3750 2055">
    <p class='ocr_par' dir='ltr' id='par_1_76' title="bbox 2302 1977 3750 2055">
     <span class='ocr_line' id='line_1_76' title="bbox 2302 1977 3750 2055; baseline -0.006 -18"><span class='ocrx_word' id='word_1_564' title='bbox 2302 1983 2516 2043; x_wconf 85' lang='lat' dir='ltr'><strong>Tradet.</strong></span> <span class='ocrx_word' id='word_1_565' title='bbox 2547 1984 2747 2055; x_wconf 89' lang='lat' dir='ltr'><strong>inquit,</strong></span> <span class='ocrx_word' id='word_1_566' title='bbox 2775 1983 2944 2054; x_wconf 80' lang='lat' dir='ltr'><strong>frater</strong></span> <span class='ocrx_word' id='word_1_567' title='bbox 2969 1984 3045 2044; x_wconf 70' lang='lat' dir='ltr'><strong>[re</strong></span> <span class='ocrx_word' id='word_1_568' title='bbox 3057 1993 3192 2036; x_wconf 82' lang='lat' dir='ltr'><strong>trem</strong></span> <span class='ocrx_word' id='word_1_569' title='bbox 3220 1982 3280 2035; x_wconf 75' lang='lat' dir='ltr'><strong>in</strong></span> <span class='ocrx_word' id='word_1_570' title='bbox 3304 1987 3533 2040; x_wconf 66' lang='lat' dir='ltr'><strong>mortem.</strong></span> <span class='ocrx_word' id='word_1_571' title='bbox 3553 1985 3596 2031; x_wconf 82' lang='lat' dir='ltr'><strong>et</strong></span> <span class='ocrx_word' id='word_1_572' title='bbox 3618 1977 3750 2030; x_wconf 71' lang='lat' dir='ltr'><strong>iurar-</strong></span> 
     </span>
    </p>
   </div>
   <div class='ocr_carea' id='block_1_77' title="bbox 2230 2066 3751 2147">
    <p class='ocr_par' dir='ltr' id='par_1_77' title="bbox 2230 2066 3751 2147">
     <span class='ocr_line' id='line_1_77' title="bbox 2230 2066 3751 2147; baseline -0.005 -18"><span class='ocrx_word' id='word_1_573' title='bbox 2230 2083 2349 2147; x_wconf 83' lang='lat' dir='ltr'><strong>gent</strong></span> <span class='ocrx_word' id='word_1_574' title='bbox 2371 2073 2475 2144; x_wconf 84' lang='lat' dir='ltr'><strong>ﬁlii</strong></span> <span class='ocrx_word' id='word_1_575' title='bbox 2505 2074 2562 2129; x_wconf 84' lang='lat' dir='ltr'><strong>in</strong></span> <span class='ocrx_word' id='word_1_576' title='bbox 2591 2087 2858 2145; x_wconf 83' lang='lat' dir='ltr'><strong>parentes,</strong></span> <span class='ocrx_word' id='word_1_577' title='bbox 2882 2081 2935 2129; x_wconf 88' lang='lat' dir='ltr'><strong>et</strong></span> <span class='ocrx_word' id='word_1_578' title='bbox 2970 2081 3138 2127; x_wconf 89' lang='lat' dir='ltr'><strong>morte</strong></span> <span class='ocrx_word' id='word_1_579' title='bbox 3166 2088 3255 2126; x_wconf 83' lang='lat' dir='ltr'><strong>eos</strong></span> <span class='ocrx_word' id='word_1_580' title='bbox 3282 2071 3521 2141; x_wconf 55' lang='lat' dir='ltr'><strong>apii-ient.</strong></span> <span class='ocrx_word' id='word_1_581' title='bbox 3544 2066 3751 2124; x_wconf 65' lang='lat' dir='ltr'><strong>Bacon-</strong></span> 
     </span>
    </p>
   </div>
   <div class='ocr_carea' id='block_1_78' title="bbox 2229 2159 3750 2237">
    <p class='ocr_par' dir='ltr' id='par_1_78' title="bbox 2229 2159 3750 2237">
     <span class='ocr_line' id='line_1_78' title="bbox 2229 2159 3750 2237; baseline 0.001 -16"><span class='ocrx_word' id='word_1_582' title='bbox 2229 2167 2343 2233; x_wconf 91' lang='lat' dir='ltr'><strong>nia,</strong></span> <span class='ocrx_word' id='word_1_583' title='bbox 2375 2165 2573 2222; x_wconf 87' lang='lat' dir='ltr'><strong>fratres</strong></span> <span class='ocrx_word' id='word_1_584' title='bbox 2600 2167 2729 2235; x_wconf 89' lang='lat' dir='ltr'><strong>mei,</strong></span> <span class='ocrx_word' id='word_1_585' title='bbox 2757 2167 2814 2222; x_wconf 91' lang='lat' dir='ltr'><strong>in</strong></span> <span class='ocrx_word' id='word_1_586' title='bbox 2844 2165 3121 2237; x_wconf 85' lang='lat' dir='ltr'><strong>primitiva</strong></span> <span class='ocrx_word' id='word_1_587' title='bbox 3148 2162 3398 2220; x_wconf 84' lang='lat' dir='ltr'><strong>Ecclesia</strong></span> <span class='ocrx_word' id='word_1_588' title='bbox 3416 2159 3750 2231; x_wconf 61' lang='lat' dir='ltr'><strong>eontan</strong></span> 
     </span>
    </p>
   </div>
   <div class='ocr_carea' id='block_1_79' title="bbox 2229 2251 3753 2327">
    <p class='ocr_par' dir='ltr' id='par_1_79' title="bbox 2229 2251 3753 2327">
     <span class='ocr_line' id='line_1_79' title="bbox 2229 2251 3753 2327; baseline -0.005 -16"><span class='ocrx_word' id='word_1_589' title='bbox 2229 2256 2451 2327; x_wconf 83' lang='lat' dir='ltr'><strong>quando</strong></span> <span class='ocrx_word' id='word_1_590' title='bbox 2472 2256 2690 2312; x_wconf 89' lang='lat' dir='ltr'><strong>diabolo</strong></span> <span class='ocrx_word' id='word_1_591' title='bbox 2712 2268 2933 2327; x_wconf 87' lang='lat' dir='ltr'><strong>propter</strong></span> <span class='ocrx_word' id='word_1_592' title='bbox 2955 2255 3284 2327; x_wconf 86' lang='lat' dir='ltr'><strong>ejectionem</strong></span> <span class='ocrx_word' id='word_1_593' title='bbox 3309 2268 3466 2308; x_wconf 88' lang='lat' dir='ltr'><strong>suam</strong></span> <span class='ocrx_word' id='word_1_594' title='bbox 3494 2251 3753 2313; x_wconf 75' lang='lat' dir='ltr'><strong>insaniente,</strong></span> 
     </span>
    </p>
   </div>
   <div class='ocr_carea' id='block_1_80' title="bbox 2229 2338 3756 2419">
    <p class='ocr_par' dir='ltr' id='par_1_80' title="bbox 2229 2338 3756 2419">
     <span class='ocr_line' id='line_1_80' title="bbox 2229 2338 3756 2419; baseline -0.007 -14"><span class='ocrx_word' id='word_1_595' title='bbox 2229 2357 2384 2405; x_wconf 88' lang='lat' dir='ltr'><strong>tanta</strong></span> <span class='ocrx_word' id='word_1_596' title='bbox 2411 2356 2532 2404; x_wconf 90' lang='lat' dir='ltr'><strong>erat</strong></span> <span class='ocrx_word' id='word_1_597' title='bbox 2556 2349 2741 2405; x_wconf 89' lang='lat' dir='ltr'><strong>rabies</strong></span> <span class='ocrx_word' id='word_1_598' title='bbox 2780 2356 3221 2419; x_wconf 85' lang='lat' dir='ltr'><strong>persecutorum,</strong></span> <span class='ocrx_word' id='word_1_599' title='bbox 3250 2344 3400 2416; x_wconf 90' lang='lat' dir='ltr'><strong>quod</strong></span> <span class='ocrx_word' id='word_1_600' title='bbox 3442 2341 3606 2398; x_wconf 70' lang='lat' dir='ltr'><strong>fervor</strong></span> <span class='ocrx_word' id='word_1_601' title='bbox 3627 2338 3756 2394; x_wconf 72' lang='lat' dir='ltr'><strong>idolo-</strong></span> 
     </span>
    </p>
   </div>
   <div class='ocr_carea' id='block_1_81' title="bbox 2230 2434 3756 2502">
    <p class='ocr_par' dir='ltr' id='par_1_81' title="bbox 2230 2434 3756 2502">
     <span class='ocr_line' id='line_1_81' title="bbox 2230 2434 3756 2502; baseline -0.006 -6"><span class='ocrx_word' id='word_1_602' title='bbox 2230 2439 2405 2496; x_wconf 63' lang='lat' dir='ltr'><strong>latria:</strong></span> <span class='ocrx_word' id='word_1_603' title='bbox 2441 2441 2747 2496; x_wconf 89' lang='lat' dir='ltr'><strong>naturalem</strong></span> <span class='ocrx_word' id='word_1_604' title='bbox 2783 2439 3040 2495; x_wconf 87' lang='lat' dir='ltr'><strong>vincebat</strong></span> <span class='ocrx_word' id='word_1_605' title='bbox 3068 2438 3450 2502; x_wconf 83' lang='lat' dir='ltr'><strong>dileetionem,</strong></span> <span class='ocrx_word' id='word_1_606' title='bbox 3475 2444 3526 2489; x_wconf 88' lang='lat' dir='ltr'><strong>et</strong></span> <span class='ocrx_word' id='word_1_607' title='bbox 3557 2434 3687 2498; x_wconf 74' lang='lat' dir='ltr'><strong>ﬁlios,</strong></span> <span class='ocrx_word' id='word_1_608' title='bbox 3716 2441 3756 2486; x_wconf 83' lang='lat' dir='ltr'><strong>et</strong></span> 
     </span>
    </p>
   </div>
   <div class='ocr_carea' id='block_1_82' title="bbox 2231 2524 3757 2601">
    <p class='ocr_par' dir='ltr' id='par_1_82' title="bbox 2231 2524 3757 2601">
     <span class='ocr_line' id='line_1_82' title="bbox 2231 2524 3757 2601; baseline -0.005 -16"><span class='ocrx_word' id='word_1_609' title='bbox 2231 2531 2463 2597; x_wconf 84' lang='lat' dir='ltr'><strong>amicos,</strong></span> <span class='ocrx_word' id='word_1_610' title='bbox 2491 2545 2633 2601; x_wconf 87' lang='lat' dir='ltr'><strong>quos</strong></span> <span class='ocrx_word' id='word_1_611' title='bbox 2661 2544 2728 2585; x_wconf 75' lang='lat' dir='ltr'><strong>ex</strong></span> <span class='ocrx_word' id='word_1_612' title='bbox 2752 2528 2807 2584; x_wconf 89' lang='lat' dir='ltr'><strong>vi</strong></span> <span class='ocrx_word' id='word_1_613' title='bbox 2839 2538 3051 2585; x_wconf 61' lang='lat' dir='ltr'><strong>natura;</strong></span> <span class='ocrx_word' id='word_1_614' title='bbox 3088 2527 3346 2583; x_wconf 84' lang='lat' dir='ltr'><strong>homines</strong></span> <span class='ocrx_word' id='word_1_615' title='bbox 3374 2525 3542 2581; x_wconf 85' lang='lat' dir='ltr'><strong>solent</strong></span> <span class='ocrx_word' id='word_1_616' title='bbox 3565 2524 3757 2594; x_wconf 49' lang='lat' dir='ltr'><strong>inﬁcere,</strong></span> 
     </span>
    </p>
   </div>
   <div class='ocr_carea' id='block_1_83' title="bbox 2231 2615 3757 2693">
    <p class='ocr_par' dir='ltr' id='par_1_83' title="bbox 2231 2615 3757 2693">
     <span class='ocr_line' id='line_1_83' title="bbox 2231 2615 3757 2693; baseline -0.005 -14"><span class='ocrx_word' id='word_1_617' title='bbox 2231 2622 2394 2679; x_wconf 89' lang='lat' dir='ltr'><strong>etiam</strong></span> <span class='ocrx_word' id='word_1_618' title='bbox 2425 2631 2616 2679; x_wconf 89' lang='lat' dir='ltr'><strong>contra</strong></span> <span class='ocrx_word' id='word_1_619' title='bbox 2644 2621 2816 2678; x_wconf 87' lang='lat' dir='ltr'><strong>Deum</strong></span> <span class='ocrx_word' id='word_1_620' title='bbox 2855 2622 2959 2693; x_wconf 84' lang='lat' dir='ltr'><strong>ipsi</strong></span> <span class='ocrx_word' id='word_1_621' title='bbox 2989 2621 3216 2677; x_wconf 87' lang='lat' dir='ltr'><strong>odibant</strong></span> <span class='ocrx_word' id='word_1_622' title='bbox 3256 2627 3315 2674; x_wconf 87' lang='lat' dir='ltr'><strong>et</strong></span> <span class='ocrx_word' id='word_1_623' title='bbox 3338 2615 3757 2690; x_wconf 72' lang='lat' dir='ltr'><strong>persequebantur,</strong></span> 
     </span>
    </p>
   </div>
   <div class='ocr_carea' id='block_1_84' title="bbox 2216 2709 3837 2782">
    <p class='ocr_par' dir='ltr' id='par_1_84' title="bbox 2216 2709 3837 2782">
     <span class='ocr_line' id='line_1_84' title="bbox 2216 2709 3837 2782; baseline -0.007 -10"><span class='ocrx_word' id='word_1_624' title='bbox 2216 2725 2287 2772; x_wconf 57' lang='lat' dir='ltr'><strong>‘et</strong></span> <span class='ocrx_word' id='word_1_625' title='bbox 2316 2724 2509 2773; x_wconf 86' lang='lat' dir='ltr'><strong>contra</strong></span> <span class='ocrx_word' id='word_1_626' title='bbox 2539 2724 2816 2782; x_wconf 85' lang='lat' dir='ltr'><strong>naturam,</strong></span> <span class='ocrx_word' id='word_1_627' title='bbox 2846 2722 3115 2770; x_wconf 68' lang='lat' dir='ltr'><strong>eteorum</strong></span> <span class='ocrx_word' id='word_1_628' title='bbox 3154 2711 3354 2768; x_wconf 82' lang='lat' dir='ltr'><strong>Deum.</strong></span> <span class='ocrx_word' id='word_1_629' title='bbox 3382 2709 3608 2777; x_wconf 72' lang='lat' dir='ltr'><strong>Quorum</strong></span> <span class='ocrx_word' id='word_1_630' title='bbox 3632 2709 3760 2762; x_wconf 64' lang='lat' dir='ltr'><strong>etiam</strong></span> <span class='ocrx_word' id='word_1_631' title='bbox 3836 2746 3837 2753; x_wconf 57' lang='grc' dir='ltr'><strong>η</strong></span> 
     </span>
    </p>
   </div>
   <div class='ocr_carea' id='block_1_85' title="bbox 2233 2792 3837 2889">
    <p class='ocr_par' dir='ltr' id='par_1_85' title="bbox 2233 2792 3837 2889">
     <span class='ocr_line' id='line_1_85' title="bbox 2233 2792 3837 2889; baseline 0.009 -25"><span class='ocrx_word' id='word_1_632' title='bbox 2233 2819 2366 2864; x_wconf 86' lang='lat' dir='ltr'><strong>sunt</strong></span> <span class='ocrx_word' id='word_1_633' title='bbox 2396 2808 2562 2864; x_wconf 88' lang='lat' dir='ltr'><strong>hodie</strong></span> <span class='ocrx_word' id='word_1_634' title='bbox 2589 2807 2814 2880; x_wconf 87' lang='lat' dir='ltr'><strong>quidam</strong></span> <span class='ocrx_word' id='word_1_635' title='bbox 2840 2806 3073 2873; x_wconf 85' lang='lat' dir='ltr'><strong>similes,</strong></span> <span class='ocrx_word' id='word_1_636' title='bbox 3103 2805 3201 2877; x_wconf 87' lang='lat' dir='ltr'><strong>qui</strong></span> <span class='ocrx_word' id='word_1_637' title='bbox 3232 2804 3405 2860; x_wconf 80' lang='lat' dir='ltr'><strong>calice</strong></span> <span class='ocrx_word' id='word_1_638' title='bbox 3429 2800 3698 2875; x_wconf 46' lang='lat' dir='ltr'><strong>Babylonii</strong></span> <span class='ocrx_word' id='word_1_639' title='bbox 3724 2801 3761 2853; x_wconf 57' lang='lat' dir='ltr'><strong>id</strong></span> 
     </span>
    </p>
   </div>
   <div class='ocr_carea' id='block_1_86' title="bbox 2233 2892 3837 2971">
    <p class='ocr_par' dir='ltr' id='par_1_86' title="bbox 2233 2892 3837 2971">
     <span class='ocr_line' id='line_1_86' title="bbox 2233 2892 3837 2971; baseline -0.005 -14"><span class='ocrx_word' id='word_1_640' title='bbox 2233 2909 2337 2969; x_wconf 90' lang='lat' dir='ltr'><strong>est,</strong></span> <span class='ocrx_word' id='word_1_641' title='bbox 2369 2901 2664 2957; x_wconf 76' lang='lat' dir='ltr'><strong>mundana:</strong></span> <span class='ocrx_word' id='word_1_642' title='bbox 2702 2899 3018 2971; x_wconf 83' lang='lat' dir='ltr'><strong>cupiditatis</strong></span> <span class='ocrx_word' id='word_1_643' title='bbox 3059 2898 3140 2954; x_wconf 91' lang='lat' dir='ltr'><strong>sic</strong></span> <span class='ocrx_word' id='word_1_644' title='bbox 3178 2896 3438 2953; x_wconf 78' lang='lat' dir='ltr'><strong>inébriati</strong></span> <span class='ocrx_word' id='word_1_645' title='bbox 3481 2903 3613 2957; x_wconf 74' lang='lat' dir='ltr'><strong>sum.</strong></span> <span class='ocrx_word' id='word_1_646' title='bbox 3648 2892 3764 2962; x_wconf 69' lang='grc' dir='ltr'><strong>«ωτι</strong></span> <span class='ocrx_word' id='word_1_647' title='bbox 3836 2912 3837 2969; x_wconf 54' lang='lat'>1</span> 
     </span>
    </p>
   </div>
   <div class='ocr_carea' id='block_1_87' title="bbox 2235 2982 3837 3063">
    <p class='ocr_par' dir='ltr' id='par_1_87' title="bbox 2235 2982 3837 3063">
     <span class='ocr_line' id='line_1_87' title="bbox 2235 2982 3837 3063; baseline -0.004 -17"><span class='ocrx_word' id='word_1_648' title='bbox 2235 2990 2436 3048; x_wconf 89' lang='lat' dir='ltr'><strong>fratres</strong></span> <span class='ocrx_word' id='word_1_649' title='bbox 2460 3001 2516 3047; x_wconf 88' lang='lat' dir='ltr'><strong>et</strong></span> <span class='ocrx_word' id='word_1_650' title='bbox 2542 2999 2800 3062; x_wconf 85' lang='lat' dir='ltr'><strong>parentes</strong></span> <span class='ocrx_word' id='word_1_651' title='bbox 2828 3004 2963 3047; x_wconf 85' lang='lat' dir='ltr'><strong>suos</strong></span> <span class='ocrx_word' id='word_1_652' title='bbox 2984 2997 3213 3063; x_wconf 63' lang='lat' dir='ltr'><strong>propter</strong></span> <span class='ocrx_word' id='word_1_653' title='bbox 3241 2987 3561 3058; x_wconf 75' lang='lat' dir='ltr'><strong>temporales</strong></span> <span class='ocrx_word' id='word_1_654' title='bbox 3582 2984 3767 3041; x_wconf 69' lang='lat' dir='ltr'><strong>ba&#39;edi-</strong></span> <span class='ocrx_word' id='word_1_655' title='bbox 3836 2982 3837 3063; x_wconf 49' lang='grc' dir='ltr'><em>ξ</em></span> 
     </span>
    </p>
   </div>
   <div class='ocr_carea' id='block_1_88' title="bbox 2236 3042 3837 3154">
    <p class='ocr_par' dir='ltr' id='par_1_88' title="bbox 2236 3042 3837 3154">
     <span class='ocr_line' id='line_1_88' title="bbox 2236 3042 3837 3154; baseline -0.006 -15"><span class='ocrx_word' id='word_1_656' title='bbox 2236 3090 2376 3139; x_wconf 88' lang='lat' dir='ltr'><strong>tates</strong></span> <span class='ocrx_word' id='word_1_657' title='bbox 2404 3042 2598 3139; x_wconf 61' lang='lat' dir='ltr'><strong>Oditur“</strong></span> <span class='ocrx_word' id='word_1_658' title='bbox 2632 3092 2687 3139; x_wconf 90' lang='lat' dir='ltr'><strong>et</strong></span> <span class='ocrx_word' id='word_1_659' title='bbox 2719 3042 3147 3154; x_wconf 44' lang='lat' dir='ltr'><strong>pet-sequutum;</strong></span> <span class='ocrx_word' id='word_1_660' title='bbox 3178 3079 3291 3135; x_wconf 85' lang='lat' dir='ltr'><strong>Sed</strong></span> <span class='ocrx_word' id='word_1_661' title='bbox 3329 3042 3386 3134; x_wconf 61' lang='lat' dir='ltr'><strong>ei</strong></span> <span class='ocrx_word' id='word_1_662' title='bbox 3418 3077 3519 3150; x_wconf 84' lang='lat' dir='ltr'><strong>ipsi</strong></span> <span class='ocrx_word' id='word_1_663' title='bbox 3547 3087 3701 3148; x_wconf 78' lang='lat' dir='ltr'><strong>patres</strong></span> <span class='ocrx_word' id='word_1_664' title='bbox 3726 3084 3768 3129; x_wconf 79' lang='lat' dir='ltr'><strong>ct</strong></span> <span class='ocrx_word' id='word_1_665' title='bbox 3836 3042 3837 3107; x_wconf 33' lang='grc' dir='ltr'><strong>ι</strong></span> 
     </span>
    </p>
   </div>
   <div class='ocr_carea' id='block_1_89' title="bbox 2236 3169 3772 3244">
    <p class='ocr_par' dir='ltr' id='par_1_89' title="bbox 2236 3169 3772 3244">
     <span class='ocr_line' id='line_1_89' title="bbox 2236 3169 3772 3244; baseline -0.006 -11"><span class='ocrx_word' id='word_1_666' title='bbox 2236 3177 2378 3233; x_wconf 81' lang='lat' dir='ltr'><strong>filios</strong></span> <span class='ocrx_word' id='word_1_667' title='bbox 2409 3192 2562 3243; x_wconf 90' lang='lat' dir='ltr'><strong>suos,</strong></span> <span class='ocrx_word' id='word_1_668' title='bbox 2589 3183 2646 3231; x_wconf 90' lang='lat' dir='ltr'><strong>et</strong></span> <span class='ocrx_word' id='word_1_669' title='bbox 2681 3175 2729 3230; x_wconf 90' lang='lat' dir='ltr'><strong>si</strong></span> <span class='ocrx_word' id='word_1_670' title='bbox 2759 3190 2867 3229; x_wconf 92' lang='lat' dir='ltr'><strong>non</strong></span> <span class='ocrx_word' id='word_1_671' title='bbox 2896 3173 3279 3244; x_wconf 83' lang='lat' dir='ltr'><strong>corporaliter,</strong></span> <span class='ocrx_word' id='word_1_672' title='bbox 3315 3181 3520 3237; x_wconf 85' lang='lat' dir='ltr'><strong>tamen,</strong></span> <span class='ocrx_word' id='word_1_673' title='bbox 3548 3169 3675 3241; x_wconf 79' lang='lat' dir='ltr'><strong>quod</strong></span> <span class='ocrx_word' id='word_1_674' title='bbox 3697 3182 3772 3238; x_wconf 75' lang='lat' dir='ltr'><strong>pe-</strong></span> 
     </span>
    </p>
   </div>
   <div class='ocr_carea' id='block_1_90' title="bbox 2231 3264 3771 3340">
    <p class='ocr_par' dir='ltr' id='par_1_90' title="bbox 2231 3264 3771 3340">
     <span class='ocr_line' id='line_1_90' title="bbox 2231 3264 3771 3340; baseline -0.006 -16"><span class='ocrx_word' id='word_1_675' title='bbox 2231 3268 2323 3340; x_wconf 87' lang='lat' dir='ltr'><strong>jus</strong></span> <span class='ocrx_word' id='word_1_676' title='bbox 2352 3278 2455 3336; x_wconf 87' lang='lat' dir='ltr'><strong>est,</strong></span> <span class='ocrx_word' id='word_1_677' title='bbox 2488 3268 2850 3339; x_wconf 86' lang='lat' dir='ltr'><strong>spiritualiter</strong></span> <span class='ocrx_word' id='word_1_678' title='bbox 2870 3276 3316 3337; x_wconf 85' lang='lat' dir='ltr'><strong>persequuntur,</strong></span> <span class='ocrx_word' id='word_1_679' title='bbox 3349 3264 3479 3318; x_wconf 87' lang='lat' dir='ltr'><strong>dum</strong></span> <span class='ocrx_word' id='word_1_680' title='bbox 3516 3277 3649 3317; x_wconf 80' lang='lat' dir='ltr'><strong>more</strong></span> <span class='ocrx_word' id='word_1_681' title='bbox 3668 3275 3771 3315; x_wconf 75' lang='lat' dir='ltr'><strong>ax-</strong></span> 
     </span>
    </p>
   </div>
   <div class='ocr_carea' id='block_1_91' title="bbox 2235 3351 3776 3429">
    <p class='ocr_par' dir='ltr' id='par_1_91' title="bbox 2235 3351 3776 3429">
     <span class='ocr_line' id='line_1_91' title="bbox 2235 3351 3776 3429; baseline -0.005 -15"><span class='ocrx_word' id='word_1_682' title='bbox 2235 3360 2364 3415; x_wconf 91' lang='lat' dir='ltr'><strong>vino</strong></span> <span class='ocrx_word' id='word_1_683' title='bbox 2384 3359 2452 3415; x_wconf 90' lang='lat' dir='ltr'><strong>de</strong></span> <span class='ocrx_word' id='word_1_684' title='bbox 2481 3358 2691 3429; x_wconf 88' lang='lat' dir='ltr'><strong>rapinis</strong></span> <span class='ocrx_word' id='word_1_685' title='bbox 2727 3366 2785 3413; x_wconf 89' lang='lat' dir='ltr'><strong>et</strong></span> <span class='ocrx_word' id='word_1_686' title='bbox 2815 3357 2960 3414; x_wconf 91' lang='lat' dir='ltr'><strong>dolis</strong></span> <span class='ocrx_word' id='word_1_687' title='bbox 2993 3371 3091 3413; x_wconf 87' lang='lat' dir='ltr'><strong>eos</strong></span> <span class='ocrx_word' id='word_1_688' title='bbox 3119 3364 3379 3427; x_wconf 82' lang='lat' dir='ltr'><strong>pascunt,</strong></span> <span class='ocrx_word' id='word_1_689' title='bbox 3404 3362 3461 3409; x_wconf 90' lang='lat' dir='ltr'><strong>et</strong></span> <span class='ocrx_word' id='word_1_690' title='bbox 3487 3363 3543 3409; x_wconf 89' lang='lat' dir='ltr'><strong>ut</strong></span> <span class='ocrx_word' id='word_1_691' title='bbox 3562 3353 3681 3408; x_wconf 62' lang='lat' dir='ltr'><strong>illam</strong></span> <span class='ocrx_word' id='word_1_692' title='bbox 3714 3351 3776 3405; x_wconf 85' lang='lat' dir='ltr'><strong>fa-</strong></span> 
     </span>
    </p>
   </div>
   <div class='ocr_carea' id='block_1_92' title="bbox 2235 3440 3772 3517">
    <p class='ocr_par' dir='ltr' id='par_1_92' title="bbox 2235 3440 3772 3517">
     <span class='ocr_line' id='line_1_92' title="bbox 2235 3440 3772 3517; baseline -0.005 -13"><span class='ocrx_word' id='word_1_693' title='bbox 2235 3449 2403 3515; x_wconf 87' lang='lat' dir='ltr'><strong>ciant,</strong></span> <span class='ocrx_word' id='word_1_694' title='bbox 2433 3463 2530 3504; x_wconf 89' lang='lat' dir='ltr'><strong>eos</strong></span> <span class='ocrx_word' id='word_1_695' title='bbox 2547 3447 2828 3514; x_wconf 87' lang='lat' dir='ltr'><strong>erudiunt,</strong></span> <span class='ocrx_word' id='word_1_696' title='bbox 2854 3456 2917 3502; x_wconf 88' lang='lat' dir='ltr'><strong>ut</strong></span> <span class='ocrx_word' id='word_1_697' title='bbox 2943 3455 3001 3502; x_wconf 87' lang='lat' dir='ltr'><strong>et</strong></span> <span class='ocrx_word' id='word_1_698' title='bbox 3033 3447 3171 3517; x_wconf 88' lang='lat' dir='ltr'><strong>ipsis</strong></span> <span class='ocrx_word' id='word_1_699' title='bbox 3199 3446 3522 3515; x_wconf 84' lang='lat' dir='ltr'><strong>imputetr,</strong></span> <span class='ocrx_word' id='word_1_700' title='bbox 3544 3444 3591 3500; x_wconf 82' lang='lat' dir='ltr'><strong>si</strong></span> <span class='ocrx_word' id='word_1_701' title='bbox 3611 3442 3690 3497; x_wconf 70' lang='lat' dir='ltr'><strong>ﬁlii</strong></span> <span class='ocrx_word' id='word_1_702' title='bbox 3708 3440 3772 3497; x_wconf 65' lang='lat' dir='ltr'><strong>sui</strong></span> 
     </span>
    </p>
   </div>
   <div class='ocr_carea' id='block_1_93' title="bbox 2236 3531 3776 3609">
    <p class='ocr_par' dir='ltr' id='par_1_93' title="bbox 2236 3531 3776 3609">
     <span class='ocr_line' id='line_1_93' title="bbox 2236 3531 3776 3609; baseline -0.005 -15"><span class='ocrx_word' id='word_1_703' title='bbox 2236 3538 2441 3594; x_wconf 89' lang='lat' dir='ltr'><strong>faciant</strong></span> <span class='ocrx_word' id='word_1_704' title='bbox 2465 3538 2609 3594; x_wconf 89' lang='lat' dir='ltr'><strong>mala</strong></span> <span class='ocrx_word' id='word_1_705' title='bbox 2630 3553 2756 3609; x_wconf 65' lang='lat' dir='ltr'><strong>qua:</strong></span> <span class='ocrx_word' id='word_1_706' title='bbox 2773 3537 3012 3593; x_wconf 80' lang='lat' dir='ltr'><strong>viderint</strong></span> <span class='ocrx_word' id='word_1_707' title='bbox 3034 3537 3286 3607; x_wconf 81' lang='lat' dir='ltr'><strong>patribus</strong></span> <span class='ocrx_word' id='word_1_708' title='bbox 3308 3536 3429 3592; x_wconf 84' lang='lat' dir='ltr'><strong>suis</strong></span> <span class='ocrx_word' id='word_1_709' title='bbox 3453 3534 3649 3590; x_wconf 82' lang='lat' dir='ltr'><strong>fecisse.</strong></span> <span class='ocrx_word' id='word_1_710' title='bbox 3668 3531 3727 3587; x_wconf 77' lang='lat' dir='ltr'><strong>Et</strong></span> <span class='ocrx_word' id='word_1_711' title='bbox 3742 3532 3776 3586; x_wconf 64' lang='grc' dir='ltr'><em>ἡ</em></span> 
     </span>
    </p>
   </div>
   <div class='ocr_carea' id='block_1_94' title="bbox 2238 3625 3774 3703">
    <p class='ocr_par' dir='ltr' id='par_1_94' title="bbox 2238 3625 3774 3703">
     <span class='ocr_line' id='line_1_94' title="bbox 2238 3625 3774 3703; baseline -0.004 -17"><span class='ocrx_word' id='word_1_712' title='bbox 2238 3632 2528 3703; x_wconf 78' lang='lat' dir='ltr'><strong>insurgant</strong></span> <span class='ocrx_word' id='word_1_713' title='bbox 2573 3639 2767 3686; x_wconf 89' lang='lat' dir='ltr'><strong>contra</strong></span> <span class='ocrx_word' id='word_1_714' title='bbox 2816 3630 2968 3702; x_wconf 85' lang='lat' dir='ltr'><strong>ipsos</strong></span> <span class='ocrx_word' id='word_1_715' title='bbox 3008 3637 3196 3700; x_wconf 84' lang='lat' dir='ltr'><strong>patres</strong></span> <span class='ocrx_word' id='word_1_716' title='bbox 3228 3643 3390 3695; x_wconf 79' lang='lat' dir='ltr'><strong>suos,</strong></span> <span class='ocrx_word' id='word_1_717' title='bbox 3428 3641 3562 3698; x_wconf 80' lang='lat' dir='ltr'><strong>quos</strong></span> <span class='ocrx_word' id='word_1_718' title='bbox 3590 3625 3774 3681; x_wconf 61' lang='lat' dir='ltr'><strong>vitlem</strong></span> 
     </span>
    </p>
   </div>
   <div class='ocr_carea' id='block_1_95' title="bbox 2236 3717 3777 3793">
    <p class='ocr_par' dir='ltr' id='par_1_95' title="bbox 2236 3717 3777 3793">
     <span class='ocr_line' id='line_1_95' title="bbox 2236 3717 3777 3793; baseline -0.004 -16"><span class='ocrx_word' id='word_1_719' title='bbox 2236 3730 2427 3777; x_wconf 88' lang='lat' dir='ltr'><strong>contra</strong></span> <span class='ocrx_word' id='word_1_720' title='bbox 2477 3730 2663 3793; x_wconf 83' lang='lat' dir='ltr'><strong>patres</strong></span> <span class='ocrx_word' id='word_1_721' title='bbox 2704 3736 2839 3777; x_wconf 89' lang='lat' dir='ltr'><strong>suos</strong></span> <span class='ocrx_word' id='word_1_722' title='bbox 2880 3720 3271 3778; x_wconf 78' lang='lat' dir='ltr'><strong>insurrexisse.</strong></span> <span class='ocrx_word' id='word_1_723' title='bbox 3318 3719 3393 3773; x_wconf 76' lang='lat' dir='ltr'><strong>Et</strong></span> <span class='ocrx_word' id='word_1_724' title='bbox 3423 3720 3590 3785; x_wconf 84' lang='lat' dir='ltr'><strong>eritis,</strong></span> <span class='ocrx_word' id='word_1_725' title='bbox 3620 3717 3777 3788; x_wconf 61' lang='lat' dir='ltr'><strong>inquit.</strong></span> 
     </span>
    </p>
   </div>
   <div class='ocr_carea' id='block_1_96' title="bbox 2237 3813 3835 3887">
    <p class='ocr_par' dir='ltr' id='par_1_96' title="bbox 2237 3813 3835 3887">
     <span class='ocr_line' id='line_1_96' title="bbox 2237 3813 3835 3887; baseline -0.002 -18"><span class='ocrx_word' id='word_1_726' title='bbox 2237 3814 2361 3869; x_wconf 83' lang='lat' dir='ltr'><strong>odio</strong></span> <span class='ocrx_word' id='word_1_727' title='bbox 2417 3815 2680 3881; x_wconf 75' lang='lat' dir='ltr'><strong>omnibus,</strong></span> <span class='ocrx_word' id='word_1_728' title='bbox 2735 3814 2969 3870; x_wconf 83' lang='lat' dir='ltr'><strong>subaudi</strong></span> <span class='ocrx_word' id='word_1_729' title='bbox 3019 3813 3355 3882; x_wconf 73' lang='lat' dir='ltr'><strong>inﬁdelibus,</strong></span> <span class='ocrx_word' id='word_1_730' title='bbox 3400 3821 3606 3884; x_wconf 78' lang='lat' dir='ltr'><strong>propter</strong></span> <span class='ocrx_word' id='word_1_731' title='bbox 3633 3826 3776 3866; x_wconf 68' lang='lat' dir='ltr'><strong>una!</strong></span> <span class='ocrx_word' id='word_1_732' title='bbox 3834 3876 3835 3887; x_wconf 13' lang='grc' dir='ltr'>χ</span> 
     </span>
    </p>
   </div>
   <div class='ocr_carea' id='block_1_97' title="bbox 2212 3905 3835 3977">
    <p class='ocr_par' dir='ltr' id='par_1_97' title="bbox 2212 3905 3835 3977">
     <span class='ocr_line' id='line_1_97' title="bbox 2212 3905 3835 3977; baseline 0 -16"><span class='ocrx_word' id='word_1_733' title='bbox 2212 3923 2430 3963; x_wconf 65' lang='grc' dir='ltr'><strong>οηῐοιιηι.</strong></span> <span class='ocrx_word' id='word_1_734' title='bbox 2458 3906 2663 3963; x_wconf 69' lang='lat' dir='ltr'><strong>Deinde</strong></span> <span class='ocrx_word' id='word_1_735' title='bbox 2683 3914 2876 3963; x_wconf 87' lang='lat' dir='ltr'><strong>contra</strong></span> <span class='ocrx_word' id='word_1_736' title='bbox 2901 3906 3006 3961; x_wconf 81' lang='lat' dir='ltr'><strong>hoc</strong></span> <span class='ocrx_word' id='word_1_737' title='bbox 3023 3905 3211 3961; x_wconf 88' lang='lat' dir='ltr'><strong>subdit</strong></span> <span class='ocrx_word' id='word_1_738' title='bbox 3230 3907 3779 3973; x_wconf 68' lang='lat' dir='ltr'><strong>consolationech</strong></span> <span class='ocrx_word' id='word_1_739' title='bbox 3834 3922 3835 3977; x_wconf 32' lang='grc' dir='ltr'><em>ᾖ</em></span> 
     </span>
    </p>
   </div>
   <div class='ocr_carea' id='block_1_98' title="bbox 2238 3997 3835 4075">
    <p class='ocr_par' dir='ltr' id='par_1_98' title="bbox 2238 3997 3835 4075">
     <span class='ocr_line' id='line_1_98' title="bbox 2238 3997 3835 4075; baseline 0.002 -20"><span class='ocrx_word' id='word_1_740' title='bbox 2238 3999 2541 4065; x_wconf 70' lang='grc' dir='ltr'><strong>ᾶὶοἱῑειριιὲ</strong></span> <span class='ocrx_word' id='word_1_741' title='bbox 2571 4006 2749 4053; x_wconf 82' lang='lat' dir='ltr'><strong>autem</strong></span> <span class='ocrx_word' id='word_1_742' title='bbox 2792 3999 3202 4070; x_wconf 66' lang='lat' dir='ltr'><strong>perseveraverit</strong></span> <span class='ocrx_word' id='word_1_743' title='bbox 3240 4014 3407 4069; x_wconf 69' lang='lat' dir='ltr'><strong>usque</strong></span> <span class='ocrx_word' id='word_1_744' title='bbox 3444 3999 3501 4053; x_wconf 77' lang='lat' dir='ltr'><strong>ia</strong></span> <span class='ocrx_word' id='word_1_745' title='bbox 3530 3998 3694 4067; x_wconf 64' lang='lat' dir='ltr'><strong>ﬁnal,</strong></span> <span class='ocrx_word' id='word_1_746' title='bbox 3717 3997 3777 4049; x_wconf 64' lang='lat' dir='ltr'><strong>ﬁt</strong></span> 
     </span>
    </p>
   </div>
   <div class='ocr_carea' id='block_1_99' title="bbox 2238 4086 3835 4161">
    <p class='ocr_par' dir='ltr' id='par_1_99' title="bbox 2238 4086 3835 4161">
     <span class='ocr_line' id='line_1_99' title="bbox 2238 4086 3835 4161; baseline 0 -16"><span class='ocrx_word' id='word_1_747' title='bbox 2238 4090 2416 4146; x_wconf 79' lang='lat' dir='ltr'><strong>salvus</strong></span> <span class='ocrx_word' id='word_1_748' title='bbox 2444 4093 2567 4146; x_wconf 88' lang='lat' dir='ltr'><strong>erit.</strong></span> <span class='ocrx_word' id='word_1_749' title='bbox 2605 4089 2775 4160; x_wconf 86' lang='lat' dir='ltr'><strong>Quasi</strong></span> <span class='ocrx_word' id='word_1_750' title='bbox 2814 4090 2963 4149; x_wconf 87' lang='lat' dir='ltr'><strong>dicat</strong></span> <span class='ocrx_word' id='word_1_751' title='bbox 2988 4088 3139 4157; x_wconf 74' lang='lat' dir='ltr'><strong>:Qui</strong></span> <span class='ocrx_word' id='word_1_752' title='bbox 3168 4090 3288 4147; x_wconf 69' lang='lat' dir='ltr'><strong>haec</strong></span> <span class='ocrx_word' id='word_1_753' title='bbox 3319 4090 3779 4161; x_wconf 67' lang='lat' dir='ltr'><strong>patientur-propter</strong></span> <span class='ocrx_word' id='word_1_754' title='bbox 3834 4086 3835 4155; x_wconf 61' lang='lat' dir='ltr'><strong>l</strong></span> 
     </span>
    </p>
   </div>
   <div class='ocr_carea' id='block_1_100' title="bbox 2241 4181 3784 4254">
    <p class='ocr_par' dir='ltr' id='par_1_100' title="bbox 2241 4181 3784 4254">
     <span class='ocr_line' id='line_1_100' title="bbox 2241 4181 3784 4254; baseline -0.001 -16"><span class='ocrx_word' id='word_1_755' title='bbox 2241 4198 2348 4249; x_wconf 88' lang='lat' dir='ltr'><strong>me,</strong></span> <span class='ocrx_word' id='word_1_756' title='bbox 2405 4182 2541 4239; x_wconf 89' lang='lat' dir='ltr'><strong>salvi</strong></span> <span class='ocrx_word' id='word_1_757' title='bbox 2581 4190 2778 4249; x_wconf 86' lang='lat' dir='ltr'><strong>erunt,</strong></span> <span class='ocrx_word' id='word_1_758' title='bbox 2812 4182 2861 4238; x_wconf 91' lang='lat' dir='ltr'><strong>si</strong></span> <span class='ocrx_word' id='word_1_759' title='bbox 2901 4190 3083 4238; x_wconf 87' lang='lat' dir='ltr'><strong>tamen</strong></span> <span class='ocrx_word' id='word_1_760' title='bbox 3131 4183 3621 4254; x_wconf 73' lang='lat' dir='ltr'><strong>perseveraverint.</strong></span> <span class='ocrx_word' id='word_1_761' title='bbox 3662 4181 3784 4236; x_wconf 72' lang='lat' dir='ltr'><strong>Sicut</strong></span> 
     </span>
    </p>
   </div>
   <div class='ocr_carea' id='block_1_101' title="bbox 2238 4270 3785 4344">
    <p class='ocr_par' dir='ltr' id='par_1_101' title="bbox 2238 4270 3785 4344">
     <span class='ocr_line' id='line_1_101' title="bbox 2238 4270 3785 4344; baseline 0 -17"><span class='ocrx_word' id='word_1_762' title='bbox 2238 4272 2386 4327; x_wconf 86' lang='lat' dir='ltr'><strong>enim</strong></span> <span class='ocrx_word' id='word_1_763' title='bbox 2426 4271 2739 4328; x_wconf 86' lang='lat' dir='ltr'><strong>necessaria</strong></span> <span class='ocrx_word' id='word_1_764' title='bbox 2777 4270 3042 4342; x_wconf 86' lang='lat' dir='ltr'><strong>patientia</strong></span> <span class='ocrx_word' id='word_1_765' title='bbox 3071 4279 3131 4327; x_wconf 85' lang='lat' dir='ltr'><strong>et</strong></span> <span class='ocrx_word' id='word_1_766' title='bbox 3162 4286 3361 4340; x_wconf 86' lang='lat' dir='ltr'><strong>causa,</strong></span> <span class='ocrx_word' id='word_1_767' title='bbox 3390 4272 3465 4327; x_wconf 84' lang='lat' dir='ltr'><strong>ita</strong></span> <span class='ocrx_word' id='word_1_768' title='bbox 3486 4282 3541 4329; x_wconf 83' lang='lat' dir='ltr'><strong>et</strong></span> <span class='ocrx_word' id='word_1_769' title='bbox 3579 4286 3785 4344; x_wconf 67' lang='lat' dir='ltr'><strong>perat-ve</strong></span> 
     </span>
    </p>
   </div>
   <div class='ocr_carea' id='block_1_102' title="bbox 2240 4360 3787 4433">
    <p class='ocr_par' dir='ltr' id='par_1_102' title="bbox 2240 4360 3787 4433">
     <span class='ocr_line' id='line_1_102' title="bbox 2240 4360 3787 4433; baseline 0.001 -15"><span class='ocrx_word' id='word_1_770' title='bbox 2240 4363 2439 4418; x_wconf 87' lang='lat' dir='ltr'><strong>rantia.</strong></span> <span class='ocrx_word' id='word_1_771' title='bbox 2476 4360 2595 4416; x_wconf 87' lang='lat' dir='ltr'><strong>Non</strong></span> <span class='ocrx_word' id='word_1_772' title='bbox 2634 4362 2782 4417; x_wconf 86' lang='lat' dir='ltr'><strong>enim</strong></span> <span class='ocrx_word' id='word_1_773' title='bbox 2827 4362 3064 4432; x_wconf 64' lang='lat' dir='ltr'><strong>cepisse</strong></span> <span class='ocrx_word' id='word_1_774' title='bbox 3109 4360 3457 4428; x_wconf 87' lang='lat' dir='ltr'><strong>benefacere,</strong></span> <span class='ocrx_word' id='word_1_775' title='bbox 3504 4363 3597 4420; x_wconf 81' lang='lat' dir='ltr'><strong>sed</strong></span> <span class='ocrx_word' id='word_1_776' title='bbox 3643 4361 3787 4433; x_wconf 60' lang='grc' dir='ltr'><strong>μήτε</strong></span> 
     </span>
    </p>
   </div>
   <div class='ocr_carea' id='block_1_103' title="bbox 2238 4452 3789 4527">
    <p class='ocr_par' dir='ltr' id='par_1_103' title="bbox 2238 4452 3789 4527">
     <span class='ocr_line' id='line_1_103' title="bbox 2238 4452 3789 4527; baseline -0.001 -16"><span class='ocrx_word' id='word_1_777' title='bbox 2238 4455 2385 4511; x_wconf 85' lang='lat' dir='ltr'><strong>cisse</strong></span> <span class='ocrx_word' id='word_1_778' title='bbox 2428 4453 2702 4509; x_wconf 84' lang='lat' dir='ltr'><strong>laudabile</strong></span> <span class='ocrx_word' id='word_1_779' title='bbox 2733 4462 2838 4510; x_wconf 82' lang='lat' dir='ltr'><strong>est.</strong></span> <span class='ocrx_word' id='word_1_780' title='bbox 2867 4452 3026 4510; x_wconf 88' lang='lat' dir='ltr'><strong>Unde</strong></span> <span class='ocrx_word' id='word_1_781' title='bbox 3062 4463 3119 4510; x_wconf 88' lang='lat' dir='ltr'><strong>et</strong></span> <span class='ocrx_word' id='word_1_782' title='bbox 3164 4455 3222 4509; x_wconf 85' lang='lat' dir='ltr'><strong>in</strong></span> <span class='ocrx_word' id='word_1_783' title='bbox 3256 4454 3379 4526; x_wconf 67' lang='lat' dir='ltr'><strong>lege</strong></span> <span class='ocrx_word' id='word_1_784' title='bbox 3410 4453 3581 4527; x_wconf 70' lang='lat' dir='ltr'><strong>Moysi</strong></span> <span class='ocrx_word' id='word_1_785' title='bbox 3606 4454 3789 4525; x_wconf 66' lang='lat' dir='ltr'><strong>iam</strong></span> 
     </span>
    </p>
   </div>
   <div class='ocr_carea' id='block_1_104' title="bbox 2238 4545 3789 4619">
    <p class='ocr_par' dir='ltr' id='par_1_104' title="bbox 2238 4545 3789 4619">
     <span class='ocr_line' id='line_1_104' title="bbox 2238 4545 3789 4619; baseline 0.001 -17"><span class='ocrx_word' id='word_1_786' title='bbox 2238 4545 2422 4602; x_wconf 67' lang='lat' dir='ltr'><strong>oderri</strong></span> <span class='ocrx_word' id='word_1_787' title='bbox 2446 4546 2621 4601; x_wconf 88' lang='lat' dir='ltr'><strong>cauda</strong></span> <span class='ocrx_word' id='word_1_788' title='bbox 2655 4545 2846 4602; x_wconf 68' lang='lat' dir='ltr'><strong>hostiae</strong></span> <span class='ocrx_word' id='word_1_789' title='bbox 2875 4545 3023 4615; x_wconf 79' lang='lat' dir='ltr'><strong>(Leo.</strong></span> <span class='ocrx_word' id='word_1_790' title='bbox 3053 4548 3177 4617; x_wconf 87' lang='lat' dir='ltr'><strong>vn).</strong></span> <span class='ocrx_word' id='word_1_791' title='bbox 3203 4546 3420 4619; x_wconf 82' lang='lat' dir='ltr'><strong>Itaque,</strong></span> <span class='ocrx_word' id='word_1_792' title='bbox 3448 4547 3658 4614; x_wconf 74' lang='lat' dir='ltr'><strong>fratres,</strong></span> <span class='ocrx_word' id='word_1_793' title='bbox 3681 4561 3789 4616; x_wconf 63' lang='lat' dir='ltr'><strong>qu-</strong></span> 
     </span>
    </p>
   </div>
   <div class='ocr_carea' id='block_1_105' title="bbox 2244 4635 3791 4709">
    <p class='ocr_par' dir='ltr' id='par_1_105' title="bbox 2244 4635 3791 4709">
     <span class='ocr_line' id='line_1_105' title="bbox 2244 4635 3791 4709; baseline 0.001 -17"><span class='ocrx_word' id='word_1_794' title='bbox 2244 4637 2392 4693; x_wconf 86' lang='lat' dir='ltr'><strong>niam</strong></span> <span class='ocrx_word' id='word_1_795' title='bbox 2417 4636 2660 4692; x_wconf 75' lang='lat' dir='ltr'><strong>infinitos</strong></span> <span class='ocrx_word' id='word_1_796' title='bbox 2685 4635 2926 4692; x_wconf 83' lang='lat' dir='ltr'><strong>etetiam</strong></span> <span class='ocrx_word' id='word_1_797' title='bbox 2948 4636 3191 4693; x_wconf 85' lang='lat' dir='ltr'><strong>infantes</strong></span> <span class='ocrx_word' id='word_1_798' title='bbox 3209 4639 3423 4695; x_wconf 80' lang='lat' dir='ltr'><strong>scimus</strong></span> <span class='ocrx_word' id='word_1_799' title='bbox 3442 4656 3541 4709; x_wconf 88' lang='lat' dir='ltr'><strong>per</strong></span> <span class='ocrx_word' id='word_1_800' title='bbox 3561 4646 3791 4694; x_wconf 58' lang='lat' dir='ltr'><strong>tormenta</strong></span> 
     </span>
    </p>
   </div>
   <div class='ocr_carea' id='block_1_106' title="bbox 2239 4728 3793 4802">
    <p class='ocr_par' dir='ltr' id='par_1_106' title="bbox 2239 4728 3793 4802">
     <span class='ocr_line' id='line_1_106' title="bbox 2239 4728 3793 4802; baseline 0.001 -18"><span class='ocrx_word' id='word_1_801' title='bbox 2239 4739 2295 4784; x_wconf 87' lang='lat' dir='ltr'><strong>et</strong></span> <span class='ocrx_word' id='word_1_802' title='bbox 2326 4743 2425 4800; x_wconf 87' lang='lat' dir='ltr'><strong>per</strong></span> <span class='ocrx_word' id='word_1_803' title='bbox 2450 4729 2738 4798; x_wconf 81' lang='lat' dir='ltr'><strong>passiones</strong></span> <span class='ocrx_word' id='word_1_804' title='bbox 2766 4728 2823 4784; x_wconf 88' lang='lat' dir='ltr'><strong>in</strong></span> <span class='ocrx_word' id='word_1_805' title='bbox 2847 4728 2955 4784; x_wconf 80' lang='lat' dir='ltr'><strong>lida</strong></span> <span class='ocrx_word' id='word_1_806' title='bbox 2981 4743 3388 4799; x_wconf 83' lang='lat' dir='ltr'><strong>perseverasse,</strong></span> <span class='ocrx_word' id='word_1_807' title='bbox 3421 4744 3793 4802; x_wconf 63' lang='lat' dir='ltr'><strong>persevera-aa</strong></span> 
     </span>
    </p>
   </div>
   <div class='ocr_carea' id='block_1_107' title="bbox 2239 4819 3793 4891">
    <p class='ocr_par' dir='ltr' id='par_1_107' title="bbox 2239 4819 3793 4891">
     <span class='ocr_line' id='line_1_107' title="bbox 2239 4819 3793 4891; baseline -0.002 -15"><span class='ocrx_word' id='word_1_808' title='bbox 2239 4828 2296 4876; x_wconf 86' lang='lat' dir='ltr'><strong>et</strong></span> <span class='ocrx_word' id='word_1_809' title='bbox 2310 4835 2413 4875; x_wconf 91' lang='lat' dir='ltr'><strong>nos</strong></span> <span class='ocrx_word' id='word_1_810' title='bbox 2442 4820 2635 4875; x_wconf 85' lang='lat' dir='ltr'><strong>saltem</strong></span> <span class='ocrx_word' id='word_1_811' title='bbox 2658 4819 2711 4875; x_wconf 90' lang='lat' dir='ltr'><strong>in</strong></span> <span class='ocrx_word' id='word_1_812' title='bbox 2736 4820 3116 4891; x_wconf 83' lang='lat' dir='ltr'><strong>prosperitate.</strong></span> <span class='ocrx_word' id='word_1_813' title='bbox 3132 4819 3346 4877; x_wconf 83' lang='lat' dir='ltr'><strong>Pudeat</strong></span> <span class='ocrx_word' id='word_1_814' title='bbox 3372 4838 3483 4879; x_wconf 79' lang='lat' dir='ltr'><strong>nos</strong></span> <span class='ocrx_word' id='word_1_815' title='bbox 3507 4824 3793 4879; x_wconf 60' lang='lat' dir='ltr'><strong>barbatae</strong></span> 
     </span>
    </p>
   </div>
   <div class='ocr_carea' id='block_1_108' title="bbox 2240 4910 3833 4983">
    <p class='ocr_par' dir='ltr' id='par_1_108' title="bbox 2240 4910 3833 4983">
     <span class='ocr_line' id='line_1_108' title="bbox 2240 4910 3833 4983; baseline 0 -16"><span class='ocrx_word' id='word_1_816' title='bbox 2240 4912 2295 4967; x_wconf 85' lang='lat' dir='ltr'><strong>in</strong></span> <span class='ocrx_word' id='word_1_817' title='bbox 2322 4927 2456 4983; x_wconf 88' lang='lat' dir='ltr'><strong>pace</strong></span> <span class='ocrx_word' id='word_1_818' title='bbox 2475 4927 2586 4968; x_wconf 89' lang='lat' dir='ltr'><strong>non</strong></span> <span class='ocrx_word' id='word_1_819' title='bbox 2617 4927 2781 4983; x_wconf 73' lang='lat' dir='ltr'><strong>posse</strong></span> <span class='ocrx_word' id='word_1_820' title='bbox 2798 4910 3011 4979; x_wconf 83' lang='lat' dir='ltr'><strong>facere,</strong></span> <span class='ocrx_word' id='word_1_821' title='bbox 3029 4913 3178 4983; x_wconf 84' lang='lat' dir='ltr'><strong>quod</strong></span> <span class='ocrx_word' id='word_1_822' title='bbox 3203 4914 3281 4968; x_wconf 89' lang='lat' dir='ltr'><strong>illi</strong></span> <span class='ocrx_word' id='word_1_823' title='bbox 3302 4914 3470 4970; x_wconf 85' lang='lat' dir='ltr'><strong>etiam</strong></span> <span class='ocrx_word' id='word_1_824' title='bbox 3496 4914 3719 4971; x_wconf 75' lang='lat' dir='ltr'><strong>infantes</strong></span> <span class='ocrx_word' id='word_1_825' title='bbox 3736 4912 3795 4967; x_wconf 70' lang='lat' dir='ltr'><strong>fe</strong></span> <span class='ocrx_word' id='word_1_826' title='bbox 3832 4934 3833 4945; x_wconf 58' lang='grc' dir='ltr'><strong>π</strong></span> 
     </span>
    </p>
   </div>
   <div class='ocr_carea' id='block_1_109' title="bbox 2237 5004 3833 5076">
    <p class='ocr_par' dir='ltr' id='par_1_109' title="bbox 2237 5004 3833 5076">
     <span class='ocr_line' id='line_1_109' title="bbox 2237 5004 3833 5076; baseline -0.003 -14"><span class='ocrx_word' id='word_1_827' title='bbox 2237 5014 2434 5062; x_wconf 86' lang='lat' dir='ltr'><strong>cerunt</strong></span> <span class='ocrx_word' id='word_1_828' title='bbox 2462 5014 2518 5061; x_wconf 91' lang='lat' dir='ltr'><strong>et</strong></span> <span class='ocrx_word' id='word_1_829' title='bbox 2539 5006 2593 5060; x_wconf 93' lang='lat' dir='ltr'><strong>in</strong></span> <span class='ocrx_word' id='word_1_830' title='bbox 2609 5005 3010 5076; x_wconf 86' lang='lat' dir='ltr'><strong>persecutione.</strong></span> <span class='ocrx_word' id='word_1_831' title='bbox 3024 5004 3152 5063; x_wconf 83' lang='lat' dir='ltr'><strong>illos</strong></span> <span class='ocrx_word' id='word_1_832' title='bbox 3176 5022 3289 5062; x_wconf 89' lang='lat' dir='ltr'><strong>non</strong></span> <span class='ocrx_word' id='word_1_833' title='bbox 3304 5016 3693 5076; x_wconf 69' lang='lat' dir='ltr'><strong>superaverunt</strong></span> <span class='ocrx_word' id='word_1_834' title='bbox 3710 5016 3795 5059; x_wconf 60' lang='lat' dir='ltr'><strong>tm</strong></span> <span class='ocrx_word' id='word_1_835' title='bbox 3832 5006 3833 5076; x_wconf 56' lang='grc' dir='ltr'>ξ</span> 
     </span>
    </p>
   </div>
   <div class='ocr_carea' id='block_1_110' title="bbox 2240 5097 3801 5167">
    <p class='ocr_par' dir='ltr' id='par_1_110' title="bbox 2240 5097 3801 5167">
     <span class='ocr_line' id='line_1_110' title="bbox 2240 5097 3801 5167; baseline 0.002 -15"><span class='ocrx_word' id='word_1_836' title='bbox 2240 5106 2445 5161; x_wconf 86' lang='lat' dir='ltr'><strong>menta,</strong></span> <span class='ocrx_word' id='word_1_837' title='bbox 2459 5097 2651 5153; x_wconf 80' lang='lat' dir='ltr'><strong>saltem</strong></span> <span class='ocrx_word' id='word_1_838' title='bbox 2665 5112 2766 5152; x_wconf 88' lang='lat' dir='ltr'><strong>nos</strong></span> <span class='ocrx_word' id='word_1_839' title='bbox 2779 5111 2889 5153; x_wconf 87' lang='lat' dir='ltr'><strong>non</strong></span> <span class='ocrx_word' id='word_1_840' title='bbox 2903 5106 3164 5167; x_wconf 85' lang='lat' dir='ltr'><strong>superent</strong></span> <span class='ocrx_word' id='word_1_841' title='bbox 3174 5097 3395 5154; x_wconf 85' lang='lat' dir='ltr'><strong>blanda.</strong></span> <span class='ocrx_word' id='word_1_842' title='bbox 3409 5097 3538 5155; x_wconf 81' lang='lat' dir='ltr'><strong>illos</strong></span> <span class='ocrx_word' id='word_1_843' title='bbox 3550 5112 3801 5167; x_wconf 63' lang='lat' dir='ltr'><strong>nonsupe</strong></span> 
     </span>
    </p>
   </div>
   <div class='ocr_carea' id='block_1_111' title="bbox 2237 5187 3801 5260">
    <p class='ocr_par' dir='ltr' id='par_1_111' title="bbox 2237 5187 3801 5260">
     <span class='ocr_line' id='line_1_111' title="bbox 2237 5187 3801 5260; baseline 0 -17"><span class='ocrx_word' id='word_1_844' title='bbox 2237 5189 2380 5245; x_wconf 86' lang='lat' dir='ltr'><strong>ravit</strong></span> <span class='ocrx_word' id='word_1_845' title='bbox 2417 5187 2588 5244; x_wconf 86' lang='lat' dir='ltr'><strong>fames</strong></span> <span class='ocrx_word' id='word_1_846' title='bbox 2608 5229 2625 5255; x_wconf 88' lang='lat'><strong>,</strong></span> <span class='ocrx_word' id='word_1_847' title='bbox 2651 5188 2845 5244; x_wconf 86' lang='lat' dir='ltr'><strong>saltem</strong></span> <span class='ocrx_word' id='word_1_848' title='bbox 2868 5204 2972 5244; x_wconf 87' lang='lat' dir='ltr'><strong>nos</strong></span> <span class='ocrx_word' id='word_1_849' title='bbox 2998 5204 3110 5245; x_wconf 88' lang='lat' dir='ltr'><strong>non</strong></span> <span class='ocrx_word' id='word_1_850' title='bbox 3150 5199 3376 5259; x_wconf 85' lang='lat' dir='ltr'><strong>superet</strong></span> <span class='ocrx_word' id='word_1_851' title='bbox 3396 5191 3680 5260; x_wconf 71' lang='lat' dir='ltr'><strong>ingluvies.</strong></span> <span class='ocrx_word' id='word_1_852' title='bbox 3700 5188 3801 5243; x_wconf 60' lang='lat' dir='ltr'><strong>lib</strong></span> 
     </span>
    </p>
   </div>
   <div class='ocr_carea' id='block_1_112' title="bbox 2240 5279 3801 5351">
    <p class='ocr_par' dir='ltr' id='par_1_112' title="bbox 2240 5279 3801 5351">
     <span class='ocr_line' id='line_1_112' title="bbox 2240 5279 3801 5351; baseline 0.001 -16"><span class='ocrx_word' id='word_1_853' title='bbox 2240 5296 2349 5336; x_wconf 90' lang='lat' dir='ltr'><strong>non</strong></span> <span class='ocrx_word' id='word_1_854' title='bbox 2400 5279 2679 5351; x_wconf 81' lang='lat' dir='ltr'><strong>superavit</strong></span> <span class='ocrx_word' id='word_1_855' title='bbox 2724 5280 3016 5351; x_wconf 82' lang='lat' dir='ltr'><strong>asperitas,</strong></span> <span class='ocrx_word' id='word_1_856' title='bbox 3066 5280 3259 5341; x_wconf 81' lang='lat' dir='ltr'><strong>saltem</strong></span> <span class='ocrx_word' id='word_1_857' title='bbox 3313 5296 3421 5337; x_wconf 87' lang='lat' dir='ltr'><strong>nos</strong></span> <span class='ocrx_word' id='word_1_858' title='bbox 3464 5296 3571 5337; x_wconf 84' lang='lat' dir='ltr'><strong>non</strong></span> <span class='ocrx_word' id='word_1_859' title='bbox 3614 5288 3801 5349; x_wconf 65' lang='lat' dir='ltr'><strong>supra!</strong></span> 
     </span>
    </p>
   </div>
   <div class='ocr_carea' id='block_1_113' title="bbox 2242 5370 3801 5443">
    <p class='ocr_par' dir='ltr' id='par_1_113' title="bbox 2242 5370 3801 5443">
     <span class='ocr_line' id='line_1_113' title="bbox 2242 5370 3801 5443; baseline -0.001 -17"><span class='ocrx_word' id='word_1_860' title='bbox 2242 5370 2512 5441; x_wconf 87' lang='lat' dir='ltr'><strong>voluptas.</strong></span> <span class='ocrx_word' id='word_1_861' title='bbox 2543 5370 2671 5428; x_wconf 80' lang='lat' dir='ltr'><strong>Illos</strong></span> <span class='ocrx_word' id='word_1_862' title='bbox 2702 5387 2813 5427; x_wconf 86' lang='lat' dir='ltr'><strong>non</strong></span> <span class='ocrx_word' id='word_1_863' title='bbox 2848 5372 3127 5441; x_wconf 84' lang='lat' dir='ltr'><strong>superavit</strong></span> <span class='ocrx_word' id='word_1_864' title='bbox 3156 5372 3487 5443; x_wconf 76' lang='lat' dir='ltr'><strong>indigentia,</strong></span> <span class='ocrx_word' id='word_1_865' title='bbox 3510 5374 3699 5429; x_wconf 70' lang='lat' dir='ltr'><strong>saluam</strong></span> <span class='ocrx_word' id='word_1_866' title='bbox 3721 5384 3801 5425; x_wconf 73' lang='lat' dir='ltr'><strong>aut</strong></span> 
     </span>
    </p>
   </div>
   <div class='ocr_carea' id='block_1_114' title="bbox 2242 5462 3805 5535">
    <p class='ocr_par' dir='ltr' id='par_1_114' title="bbox 2242 5462 3805 5535">
     <span class='ocr_line' id='line_1_114' title="bbox 2242 5462 3805 5535; baseline 0 -16"><span class='ocrx_word' id='word_1_867' title='bbox 2242 5478 2353 5520; x_wconf 90' lang='lat' dir='ltr'><strong>non</strong></span> <span class='ocrx_word' id='word_1_868' title='bbox 2376 5473 2601 5535; x_wconf 87' lang='lat' dir='ltr'><strong>superet</strong></span> <span class='ocrx_word' id='word_1_869' title='bbox 2627 5464 2980 5520; x_wconf 86' lang='lat' dir='ltr'><strong>abundantia.</strong></span> <span class='ocrx_word' id='word_1_870' title='bbox 3015 5462 3082 5518; x_wconf 85' lang='lat' dir='ltr'><strong>Et</strong></span> <span class='ocrx_word' id='word_1_871' title='bbox 3109 5464 3158 5519; x_wconf 88' lang='lat' dir='ltr'><strong>si</strong></span> <span class='ocrx_word' id='word_1_872' title='bbox 3201 5480 3314 5520; x_wconf 86' lang='lat' dir='ltr'><strong>non</strong></span> <span class='ocrx_word' id='word_1_873' title='bbox 3343 5475 3433 5521; x_wconf 87' lang='lat' dir='ltr'><strong>est</strong></span> <span class='ocrx_word' id='word_1_874' title='bbox 3464 5467 3703 5522; x_wconf 72' lang='lat' dir='ltr'><strong>externis</strong></span> <span class='ocrx_word' id='word_1_875' title='bbox 3728 5462 3805 5535; x_wconf 62' lang='lat' dir='ltr'><strong>qd</strong></span> 
     </span>
    </p>
   </div>
   <div class='ocr_carea' id='block_1_115' title="bbox 2242 5555 3809 5628">
    <p class='ocr_par' dir='ltr' id='par_1_115' title="bbox 2242 5555 3809 5628">
     <span class='ocr_line' id='line_1_115' title="bbox 2242 5555 3809 5628; baseline 0.001 -16"><span class='ocrx_word' id='word_1_876' title='bbox 2242 5573 2347 5613; x_wconf 88' lang='lat' dir='ltr'><strong>nos</strong></span> <span class='ocrx_word' id='word_1_877' title='bbox 2374 5565 2648 5628; x_wconf 83' lang='lat' dir='ltr'><strong>torqueat,</strong></span> <span class='ocrx_word' id='word_1_878' title='bbox 2690 5558 2786 5627; x_wconf 83' lang='lat' dir='ltr'><strong>qui</strong></span> <span class='ocrx_word' id='word_1_879' title='bbox 2816 5571 2917 5612; x_wconf 88' lang='lat' dir='ltr'><strong>nos</strong></span> <span class='ocrx_word' id='word_1_880' title='bbox 2955 5555 3244 5626; x_wconf 75' lang='lat' dir='ltr'><strong>erneiﬁgat</strong></span> <span class='ocrx_word' id='word_1_881' title='bbox 3279 5565 3339 5612; x_wconf 87' lang='lat' dir='ltr'><strong>et</strong></span> <span class='ocrx_word' id='word_1_882' title='bbox 3382 5557 3613 5623; x_wconf 80' lang='lat' dir='ltr'><strong>occidat,</strong></span> <span class='ocrx_word' id='word_1_883' title='bbox 3640 5557 3809 5613; x_wconf 61' lang='lat' dir='ltr'><strong>salta</strong></span> 
     </span>
    </p>
   </div>
   <div class='ocr_carea' id='block_1_116' title="bbox 2245 5649 3809 5722">
    <p class='ocr_par' dir='ltr' id='par_1_116' title="bbox 2245 5649 3809 5722">
     <span class='ocr_line' id='line_1_116' title="bbox 2245 5649 3809 5722; baseline -0.002 -15"><span class='ocrx_word' id='word_1_884' title='bbox 2245 5666 2349 5707; x_wconf 87' lang='lat' dir='ltr'><strong>nos</strong></span> <span class='ocrx_word' id='word_1_885' title='bbox 2379 5650 2485 5722; x_wconf 87' lang='lat' dir='ltr'><strong>ipsi</strong></span> <span class='ocrx_word' id='word_1_886' title='bbox 2527 5665 2626 5722; x_wconf 91' lang='lat' dir='ltr'><strong>per</strong></span> <span class='ocrx_word' id='word_1_887' title='bbox 2650 5649 3039 5705; x_wconf 84' lang='lat' dir='ltr'><strong>abstinentiam</strong></span> <span class='ocrx_word' id='word_1_888' title='bbox 3077 5657 3134 5704; x_wconf 90' lang='lat' dir='ltr'><strong>et</strong></span> <span class='ocrx_word' id='word_1_889' title='bbox 3181 5650 3583 5706; x_wconf 85' lang='lat' dir='ltr'><strong>continentiam</strong></span> <span class='ocrx_word' id='word_1_890' title='bbox 3618 5656 3809 5705; x_wconf 59' lang='lat' dir='ltr'><strong>non!</strong></span> 
     </span>
    </p>
   </div>
   <div class='ocr_carea' id='block_1_117' title="bbox 2247 5833 3811 5907">
    <p class='ocr_par' dir='ltr' id='par_1_117' title="bbox 2247 5833 3811 5907">
     <span class='ocr_line' id='line_1_117' title="bbox 2247 5833 3811 5907; baseline 0.001 -18"><span class='ocrx_word' id='word_1_891' title='bbox 2247 5834 2529 5907; x_wconf 73' lang='lat' dir='ltr'><strong>piscantiis</strong></span> <span class='ocrx_word' id='word_1_892' title='bbox 2565 5833 2977 5902; x_wconf 71' lang='lat' dir='ltr'><strong>moruﬁremus,</strong></span> <span class='ocrx_word' id='word_1_893' title='bbox 3011 5842 3290 5903; x_wconf 85' lang='lat' dir='ltr'><strong>quatenus</strong></span> <span class='ocrx_word' id='word_1_894' title='bbox 3326 5835 3470 5907; x_wconf 88' lang='lat' dir='ltr'><strong>ipsis</strong></span> <span class='ocrx_word' id='word_1_895' title='bbox 3515 5833 3811 5907; x_wconf 60' lang='lat' dir='ltr'><strong>martyrium</strong></span> 
     </span>
    </p>
   </div>
   <div class='ocr_carea' id='block_1_118' title="bbox 3828 5672 3833 6207">
    <p class='ocr_par' dir='ltr' id='par_1_118' title="bbox 3829 5792 3831 6207">
     <span class='ocr_line' id='line_1_118' title="bbox 3829 5792 3831 5885; baseline 0 0"><span class='ocrx_word' id='word_1_896' title='bbox 3829 5792 3831 5885; x_wconf 51' lang='grc' dir='ltr'><strong><em>ί</em></strong></span> 
     </span>
     <span class='ocr_line' id='line_1_119' title="bbox 3830 6122 3831 6207; baseline 0 0"><span class='ocrx_word' id='word_1_897' title='bbox 3830 6122 3831 6207; x_wconf 58' lang='grc' dir='ltr'><strong>ι</strong></span> 
     </span>
    </p>
   </div>
  </div>
