3834 6332
91 339 230 397 ηειιδ

1218 339 1550 399 ΗΟΜΙιΙιΕ.
1585 373 1660 386 -ς-
1697 342 1762 400 ll.
1804 343 1894 405 DE
1928 342 2238 404 SANCTIS.

3209 363 3348 422 {5N

85 472 182 528 pro
199 454 354 512 nobis
391 452 872 522 intendentibus,
901 453 1035 509 socii
1065 468 1256 510 eorum
1283 456 1339 511 in
1366 456 1508 513 caelo
1533 473 1660 515 esse
1689 464 1732 524 Α
1759 458 1952 515 orbem
1979 459 2101 533 (Job
2151 460 2249 533 rx).
2287 482 2308 514 ι
2359 460 2622 530 Quaedam
2648 481 2778 525 vero
2807 471 3010 542 pariter
3027 483 3084 532 et
3109 477 3176 532 ad
3201 479 3347 536 litte-

83 561 404 610 mereantur,
445 543 736 638 (largiente
768 543 882 600 Deo
1025 543 1256 638 Domino
1299 556 1489 605 nostro
1529 547 1661 605 Iesu
1761 565 1880 606 ram
1909 559 1966 607 et
1986 552 2056 609 ad
2077 554 2368 626 mysticum
2396 555 2621 630 intelligi
2647 559 2868 628 debent,
2901 575 2960 621 ut
2975 569 3129 638 quod
3156 569 3343 627 Domi-

81 640 318 732 Christo,
359 637 456 708 qui
505 653 630 694 cum
659 635 822 732 Patre
852 645 910 692 et
951 635 1158 708 Spiritu
1203 648 1404 696 sancto
1445 641 1583 696 vivit
1605 651 1664 698 et
1759 657 1866 697 nus
1885 645 2197 701 masculum
2224 646 2280 702 in
2313 658 2510 706 octava
2550 651 2869 711 circumcidi
2917 635 3076 728 jubet
3131 659 3342 732 (Gem.

81 739 266 805 regnat
292 730 436 787 Deus
459 747 556 800 per
582 730 770 786 omnia
801 731 1004 786 saecula
1033 732 1383 788 smculorum.

320 928 388 966 DE
425 927 731 968 LPOS’I'OIJS.
771 926 946 970 SﬁIIO
982 929 1050 969 π
1081 930 1418 972 Αροολιινει.

144 1003 256 1076 Ego
273 1005 504 1058 Joannes
533 1003 645 1058 vidi
679 1004 738 1057 in
785 1004 1010 1060 dextera
1043 1006 1276 1060 sedentis
1308 1023 1472 1077 supra
1507 1007 1657 1062 thro-

77 1114 196 1150 mmt
213 1095 410 1152 librum
429 1095 688 1166 scriptum
717 1096 862 1150 intus
887 1104 938 1150 et
968 1097 1102 1167 foris
1119 1138 1136 1163 ,
1166 1097 1440 1168 signatum
1458 1097 1653 1168 sigillis

75 1199 261 1261 septem
281 1189 469 1259 (Apoc.
491 1189 567 1260 v).
599 1186 726 1245 Haec
750 1189 1014 1260 loquitur,
1037 1188 1240 1246 fratres
1259 1189 1392 1256 mei,
1411 1188 1656 1247 Joannes

74 1281 347 1350 apostolus
365 1288 424 1336 et
449 1279 804 1351 evangelista,
827 1280 916 1336 cui
941 1288 1094 1336 tanto
1121 1279 1298 1351 magis
1319 1280 1652 1338 credendum

73 1382 171 1439 est,
197 1381 406 1442 quanto
443 1387 552 1426 non
581 1371 822 1438 aliunde,
857 1372 952 1428 sed
982 1372 1052 1428 ab
1089 1372 1212 1443 ipso
1241 1371 1451 1442 potavit
1476 1369 1650 1428 fonte.

74 1465 206 1522 Dicit
221 1467 410 1537 itaque
437 1464 598 1521 nobis
623 1475 888 1536 quatuor:
909 1464 1183 1530 videlicet,
1215 1463 1271 1518 in
1298 1463 1459 1535 cujus
1485 1479 1652 1519 manu

74 1559 140 1614 sit
157 1567 348 1614 sancta
398 1557 702 1628 Scriptura,
733 1565 788 1613 et
831 1565 1100 1628 quantum.
1143 1554 1502 1627 intelligentia
1531 1555 1653 1625 ejus

73 1649 140 1704 sit
171 1647 560 1714 desideranda,
602 1664 634 1704 a
677 1662 791 1718 quo
837 1647 1140 1718 aperiatur,
1183 1653 1238 1702 et
1275 1655 1485 1716 quanta
1532 1645 1654 1702 laus

69 1754 185 1792 eum
207 1737 336 1794 inde
361 1747 642 1808 sequatur.
671 1737 731 1792 in
761 1738 918 1809 cujus
941 1738 1110 1809 igitur
1132 1753 1331 1794 manus
1357 1737 1430 1793 sit
1460 1747 1651 1794 sancta

1760 735 1918 802 xvn),
1941 745 1996 791 et
2015 752 2217 808 agnum
2253 738 2310 794 in
2338 738 2551 798 Pascha
2576 743 2846 802 immolari
2877 747 3076 818 (Em.
3101 753 3338 823 πηλαίων

1759 829 1987 892 teraque
2013 827 2268 882 mandata
2295 830 2602 900 ligurativa.
2643 832 2702 888 in
2740 836 2846 893 hoc
2871 854 3004 896 vero
3031 844 3180 912 quod
3207 843 3338 904 libet

1757 913 2088 970 describitur
2121 933 2242 974 esse
2263 920 2510 992 signatus
2552 923 2748 995 sigillis
2771 935 3003 998 septem,
3027 932 3342 1004 designatur

1756 1006 2016 1076 quoniam
2041 1018 2232 1065 sancta
2262 1010 2548 1084 Scriptura
2573 1016 2763 1074 clausa
2785 1028 2893 1089 est,
2915 1030 2972 1077 et
3018 1032 3248 1094 septem,
3289 1027 3343 1084 id

1756 1105 1842 1154 est
1870 1099 2228 1159 universitate
2254 1105 2702 1166 omnimodarum
2731 1111 3133 1170 obscuritatem
3175 1133 3344 1188 gene-

1754 1188 1944 1244 raliter
1965 1190 2243 1248 obvoluta.
2274 1191 2380 1250 Sed
2404 1204 2460 1252 et
2487 1199 2794 1269 specialiter
2827 1212 3035 1274 septem
3058 1205 3114 1261 in
3152 1221 3214 1264 se
3253 1221 3344 1263 oc-

1756 1280 1928 1338 cultat
1955 1285 2236 1356 mysteria,
2260 1302 2384 1358 quae
2404 1287 2546 1345 idem
2571 1290 2813 1352 Joannes
2841 1298 3241 1370 subsequenter
3271 1300 3344 1357 ita

1755 1375 2172 1446 exponit,un
2223 1378 2588 1438 nihilominus
2632 1398 2697 1439 ea
2751 1386 3030 1458 relinquat
3085 1389 3334 1462 sigillata.

1756 1463 1896 1522 Hinc
1919 1476 1975 1521 et
1995 1466 2204 1524 Danieli
2226 1484 2325 1540 per
2348 1473 2602 1543 angelum
2627 1475 2828 1532 dicitur
2862 1497 2918 1533 τε
2939 1479 3004 1536 Et
3025 1489 3103 1547 tu,
3131 1480 3345 1550 Daniel,

1754 1555 1948 1614 claude
1973 1573 2278 1628 sermones,
2305 1570 2361 1617 et
2393 1563 2549 1634 signa
2568 1565 2769 1622 librum
2787 1583 2963 1640 usque
2983 1571 3054 1626 ad
3075 1580 3345 1630 statutum

1755 1653 1973 1719 tempus
1999 1649 2166 1720 (Dan.
2193 1652 2315 1723 xu).
2351 1672 2371 1705 ι
2400 1653 2542 1713 Hinc
2579 1664 2635 1712 et
2683 1657 2854 1716 lsaias
2905 1659 3112 1720 indicis
3150 1665 3286 1720 dicit
3328 1707 3343 1720 .

1761 1757 1782 1792 r
1815 1738 1885 1796 Et
1923 1741 2030 1796 erit
2071 1742 2228 1799 vobis
2273 1745 2414 1802 visio
2457 1749 2706 1805 omnium
2770 1753 3158 1822 prophetarum
3201 1757 3347 1814 sicut

71 1831 370 1901 Scriptura,
395 1831 633 1888 ostendit
662 1830 840 1900 primo
858 1846 988 1887 cum
1010 1830 1144 1886 dicit
1168 1849 1182 1886 :
1222 1829 1344 1886 Vidi
1363 1830 1656 1886 indoctam
1693 1829 1733 1883 Β
1757 1833 1926 1889 verba
1952 1833 2078 1890 libri
2103 1835 2324 1908 signati,
2352 1853 2518 1908 quem
2559 1856 2690 1896 cum
2739 1843 2990 1901 dederint
3025 1847 3220 1904 scienti
3250 1849 3345 1905 lit-

67 1932 288 1987 sedetttis
317 1948 479 2001 supra
509 1931 776 1996 thronum,
819 1931 1038 1987 librant.
1079 1929 1220 1987 Cum
1249 1929 1416 1998 Deus,
1452 1929 1653 1986 fratres

67 2022 187 2092 mei,
215 2024 732 2096 incircumscriptus
771 2025 844 2080 sit
881 2033 940 2081 et
965 2024 1198 2096 spiritus
1241 2024 1510 2092 inﬁnitus,
1540 2039 1652 2080 non

69 2118 208 2173 sedet
249 2132 432 2188 neque
477 2117 726 2172 membra
764 2117 945 2174 habet.
1001 2116 1110 2172 Sed
1163 2117 1234 2173 de
1281 2131 1344 2174 re
1391 2117 1653 2173 invisibili

67 2210 251 2266 melius
275 2225 376 2280 per
423 2208 838 2266 similitudinem
879 2210 1181 2266 visibilium
1224 2223 1527 2282 possumus
1561 2209 1651 2266 in-

67 2300 214 2356 strui.
271 2299 536 2356 Thronus
577 2300 782 2370 quippe
821 2300 980 2356 sedes
1033 2316 1222 2371 regum
1276 2310 1382 2358 est.
1450 2299 1652 2357 Sedere

65 2395 218 2464 igitur
246 2393 310 2448 in
349 2393 548 2448 throno
569 2393 756 2463 quiete
781 2393 1062 2463 regnantis
1087 2402 1191 2448 est.
1216 2393 1283 2448 Et
1297 2393 1429 2464 quis
1451 2393 1650 2449 melius

65 2495 246 2557 regnat
271 2501 443 2558 quam
485 2486 578 2541 ille
619 2484 716 2556 qui
757 2493 959 2541 cuncta
1005 2485 1212 2541 creavit
1257 2493 1312 2541 et
1345 2486 1652 2557 gubernat?

66 2575 124 2632 Et
145 2578 272 2648 quis
310 2577 551 2648 quietius
584 2577 772 2632 omnia
806 2577 948 2648 regit
977 2592 1148 2647 quam
1183 2576 1274 2632 ille
1317 2577 1480 2648 cujus
1513 2577 1651 2634 velle

66 2677 140 2723 est
159 2667 363 2734 facere,
387 2677 442 2724 et
469 2668 630 2739 cujus
671 2685 692 2720 σ
717 2667 985 2739 sapientia
1017 2667 1236 2740 attingit
1265 2683 1300 2724 a
1334 2668 1442 2725 line
1475 2685 1651 2741 usque

63 2760 124 2816 ad
179 2759 351 2816 linem
397 2759 634 2828 fortiter,
697 2771 752 2816 et
807 2760 1048 2834 disponit
1107 2761 1298 2816 omnia
1331 2761 1645 2818 suaviter?»

63 2851 218 2923 (Sep.
271 2855 428 2924 vni.)
467 2851 593 2924 ipse
635 2852 799 2924 igitur
849 2868 976 2909 eum
1021 2853 1226 2924 ubique
1269 2852 1343 2909 sit
1378 2853 1650 2910 essentia-

63 2942 192 3009 liter,
221 2943 494 3000 tamenin
521 2943 782 3000 cordibus
807 2943 1050 2999 ﬁdelium
1079 2943 1293 3000 habitat
1316 2944 1645 3014 specialiter.

64 3033 112 3089 In
151 3036 360 3107 quibus
379 3036 532 3093 enim
558 3035 788 3102 habitat,
819 3035 928 3092 nisi
949 3035 1004 3090 in
1022 3035 1104 3094 eis
1129 3050 1273 3106 quos
1305 3035 1421 3106 ipse
1447 3035 1648 3107 diligit,

62 3138 108 3183 et
131 3129 224 3200 qui
251 3141 387 3186 eum
417 3129 676 3203 diligunt,
705 3139 762 3186 et
788 3130 882 3201 qui
915 3130 1036 3202 ejus
1058 3129 1269 3187 similes
1297 3131 1460 3187 sunt?
1489 3129 1648 3186 Mun-

1755 1933 1922 1991 teras,
1959 1926 2142 1983 dicent
2175 1946 2190 1984 :
2217 1927 2392 2000 Lege:
2424 1939 2480 1986 et
2510 1933 2860 2003 respondebit
2892 1955 2906 1991 :
2943 1934 3066 1993 Non
3091 1951 3344 2008 possum,

1753 2017 2002 2089 signatus
2027 2027 2110 2074 est
2130 2019 2278 2076 enim
2300 2020 2440 2077 liber
2461 2021 2602 2094 (Isa.
2624 2025 2800 2096 xxix).
2825 2045 2845 2078 ι
2862 2025 3022 2094 Quod
3057 2040 3244 2101 aperte
3263 2041 3348 2088 est

1753 2116 1948 2168 contra
1973 2111 2250 2181 quosdam
2283 2113 2576 2171 saeculares
2619 2117 3002 2188 philosophos,
3027 2121 3121 2192 qui
3149 2132 3346 2193 putant

1753 2214 1968 2256 sacram
1995 2199 2336 2272 Scripturam
2360 2203 2580 2274 planam
2601 2220 2728 2262 esse
2750 2215 2804 2264 et
2823 2217 3174 2278 apertam,eo
3195 2227 3342 2283 quon

1751 2292 1998 2349 exterius
2016 2293 2290 2364 simplicia
2316 2294 2516 2351 habeat
2537 2297 2701 2353 verba
2746 2307 2802 2354 et
2825 2298 3008 2370 plana,
3033 2315 3146 2356 non
3167 2301 3351 2360 atten-A

1752 2384 1946 2440 dentes
1970 2389 2236 2455 quoniam
2263 2387 2320 2442 in
2350 2403 2508 2444 sacra
2537 2387 2847 2460 Scriptura,
2871 2391 2978 2448 sub
2995 2393 3346 2464 simplicitate

1751 2477 2070 2545 verborum,
2095 2493 2295 2550 magna
2335 2479 2597 2551 utilisque
2611 2481 2778 2540 lateat
2797 2482 3165 2554 profunditas.
3189 2488 3346 2545 Sicut

1751 2569 2069 2626 econtrario
2099 2570 2156 2626 in
2193 2570 2439 2628 scientiae
2478 2574 2764 2634 saecularis
2800 2576 2958 2634 libris
3006 2579 3112 2636 sub
3157 2581 3342 2639 multi-

1750 2661 1996 2732 plicitatc
2021 2670 2078 2718 et
2099 2662 2434 2722 obscuritate
2457 2667 2774 2736 verborum,
2805 2669 2956 2726 nulla
3022 2671 3156 2728 latet
3195 2673 3342 2730 utili-

1750 2761 1856 2810 tas.
1887 2752 2036 2810 Sane
2055 2755 2235 2812 tribus
2255 2756 2324 2814 de
2337 2759 2524 2815 causis
2551 2757 2818 2818 Dominus
2839 2761 2894 2816 in
2919 2761 3222 2836 Scripturis
3241 2781 3343 2823 sua

1750 2845 2010 2916 mysteria
2035 2845 2312 2917 sigillavit.
2325 2845 2512 2905 Prima
2536 2859 2642 2918 est,
2665 2852 2927 2922 quoniam
2951 2870 3017 2912 ea
3039 2856 3215 2912 voluit
3237 2856 3345 2913 ini—

1750 2935 1912 2993 micis
1935 2937 2054 2994 suis
2077 2937 2364 3007 abscondi,
2391 2949 2446 2996 et
2473 2941 2606 3000 solis
2636 2943 2831 3000 amicis
2869 2953 2926 3001 et
2971 2947 3042 3003 iis
3100 2947 3343 3006 familia-

1749 3025 1992 3085 rioribus
2013 3030 2272 3086 reserari.
2303 3029 2458 3088 Unde
2479 3040 2536 3088 et
2562 3035 2955 3093 convenienter
2977 3037 3112 3096 dicit
3139 3040 3343 3097 librum

1749 3132 1873 3175 esse
1903 3118 2180 3192 signatum
2205 3120 2401 3194 sigillis
2427 3131 2660 3194 septem.
2706 3124 2845 3183 illud
2889 3127 3092 3202 quippe
3143 3131 3347 3204 sigilla-

62 3219 152 3275 ius
169 3221 344 3292 igitur
365 3221 578 3277 habitat
615 3222 672 3277 in
715 3221 956 3289 mundis,
983 3221 1173 3291 justus
1201 3222 1257 3277 in
1282 3221 1472 3294 justis,
1512 3237 1644 3278 san-

1755 3225 1873 3268 mus
1897 3212 2046 3282 quod
2073 3212 2209 3270 solis
2235 3214 2432 3272 amicis
2457 3216 2716 3276 volumus
2765 3220 3018 3277 revelari.
3069 3220 3226 3280 Unde
3284 3225 3342 3282 in

61 3323 170 3368 atus
199 3312 262 3368 in
312 3313 539 3380 sanctis,
569 3313 785 3370 amicus
831 3314 888 3370 in
919 3313 1135 3370 amicis.
1173 3312 1233 3368 lu
1267 3313 1436 3384 hujus
1477 3313 1646 3385 igitur

61 3403 250 3460 summi
280 3401 448 3477 Regis
479 3403 728 3470 dextera,
761 3405 815 3460 id
839 3411 932 3460 est
951 3411 1240 3474 potestate,
1283 3419 1458 3460 sacrae
1491 3405 1644 3460 Scri-

61 3505 220 3564 ptura
242 3494 392 3552 liber
419 3495 753 3563 continetur,
787 3502 977 3567 utpote
1021 3494 1183 3566 cujus
1211 3495 1571 3564 inspiratione
1591 3505 1647 3552 et

58 3587 382 3644 auctoritate
409 3586 613 3654 editur,
651 3587 936 3652 scribitur,
967 3583 1226 3656 impletur
1262 3595 1320 3642 et
1346 3587 1642 3643 revelatur.

57 3678 201 3753 Quod
221 3688 420 3750 aperte
445 3687 638 3736 contra
663 3679 788 3735 illos
803 3687 912 3747 est,
937 3679 1034 3750 qui
1059 3694 1274 3735 sacram
1305 3677 1642 3750 Scripturam

57 3785 158 3826 non
184 3776 388 3842 putant
413 3769 564 3826 aliud
591 3784 716 3826 esse
745 3769 853 3826 nisi
877 3769 1165 3825 hominum
1200 3769 1571 3825 inventionem
1581 3775 1646 3826 ‘et

56 3862 594 3931 commentationem,
642 3877 752 3918 non
799 3862 1144 3919 attendentes
1191 3861 1340 3933 quod
1377 3861 1644 3917 Dominus

56 3955 124 4009 ait
152 3955 204 4009 in
233 3954 574 4026 Evangelio:
612 3973 638 4008 ι
666 3953 839 4012 Amen
863 3955 988 4012 dico
1018 3955 1198 4022 vobis,
1241 3955 1417 4011 donec
1441 3955 1643 4010 coelum

53 4054 104 4098 et
123 4054 270 4102 terra
304 4053 570 4112 transeat,
616 4045 729 4102 iota
762 4061 936 4102 unum
967 4053 1063 4102 aut
1088 4061 1234 4101 unus
1267 4061 1403 4117 apex
1433 4045 1500 4101 de
1525 4045 1644 4118 lege

53 4152 158 4192 non
195 4137 521 4208 praeteribit,
565 4137 742 4194 donec
785 4137 979 4194 omnia
1021 4136 1158 4193 ﬁant
1209 4135 1432 4208 (Matth.
1486 4154 1642 4201 xxiv;

57 4227 219 4284 Marc.
281 4229 429 4300 xui).
487 4249 506 4280 ι
578 4227 646 4284 Et
687 4226 885 4284 Petrus
937 4228 996 4282 in
1042 4226 1288 4298 Epistola
1334 4229 1638 4284 canonica:

58 4337 76 4370 ι
109 4319 224 4377 Non
273 4322 448 4388 enim,
499 4321 700 4391 inquit,
729 4320 1012 4376 voluntate
1054 4319 1296 4374 humana
1344 4321 1506 4403 allata
1556 4329 1644 4377 est

53 4413 354 4484 prophetia,
391 4413 488 4470 sed
531 4411 738 4483 Spiritu
768 4418 962 4468 sancto
991 4409 1264 4482 inspirati,
1316 4395 1483 4466 locuti
1513 4421 1642 4466 sunt

1747 3301 2042 3374 Evangelio
2057 3323 2101 3360 ς(
2116 3303 2558 3364 Nolitesanctum
2571 3309 2702 3366 dare
2713 3310 2944 3369 canibus
2959 3312 3305 3388 (Hattlt.Vt1).
3317 3335 3338 3369 ι

1818 3393 2071 3450 Secunda
2097 3404 2204 3464 est,
2225 3397 2375 3468 quod
2405 3398 2460 3452 in
2510 3398 2922 3472 Scripturarum
2970 3403 3343 3474 profunditate

1745 3483 1920 3540 voluit
1947 3501 2049 3541 nos
2069 3488 2315 3544 exerceri
2364 3497 2420 3543 et
2461 3491 2684 3546 mereri.
2730 3489 2887 3548 Unde
2937 3509 3066 3550 cum
3111 3497 3342 3568 angelus

1745 3579 1976 3636 dixisset
1999 3578 2255 3636 Danieli:
2300 3599 2320 3633 ι
2355 3581 2566 3639 Claude
2588 3598 2930 3653 sermonem,
2951 3593 3008 3641 et
3060 3569 3219 3660 signa
3267 3589 3338 3644 1i-

1745 3670 1930 3740 brum,
1968 3690 1988 3724 ι
2014 3672 2270 3743 adjunxit
2296 3690 2312 3728 :
2343 3691 2364 3725 α
2391 3672 2818 3732 Pertransibunt
2857 3676 3052 3745 multi,
3101 3689 3158 3734 et
3199 3680 3344 3735 mul-

1745 3762 1915 3834 tiplex
1951 3764 2059 3820 erit
2106 3764 2338 3820 scientia
2389 3765 2554 3837 (Dan.
2601 3765 2724 3830 xu).
2779 3787 2801 3820 ι
2842 3766 2984 3828 Hinc
3030 3768 3340 3830 Salomon:

1752 3873 1772 3907 ι
1810 3853 2016 3923 Gloria,
2047 3855 2248 3927 inquit,
2272 3855 2369 3912 Dei
2390 3857 2570 3916 celare
2595 3861 2848 3930 verbum,
2875 3871 2932 3920 et
2969 3863 3145 3936 gloria
3194 3864 3339 3937 regis

1746 3945 2076 4019 investigare
2109 3964 2420 4012 sermonem
2448 3950 2631 4024 (Prov.
2666 3954 2820 4026 xxv).
2863 3971 2884 4009 ι
2918 3955 3101 4012 Tertia
3129 3965 3244 4025 est,
3281 3966 3342 4013 ut

1747 4039 1891 4096 sicut
1911 4040 2229 4109 editionem,
2245 4042 2320 4098 ita
2343 4059 2566 4115 quoque
2590 4046 2978 4106 revelationem
3001 4063 3177 4105 sacra:
3197 4047 3343 4104 Scri-

1744 4142 1921 4206 ptura:
1945 4148 2048 4190 suo
2077 4135 2288 4192 nomini
2319 4145 2662 4206 reservaret,
2685 4151 2758 4195 ne
2797 4139 2926 4212 quis
2970 4139 3040 4196 de
3090 4139 3334 4196 humano

1746 4225 1968 4299 ingenio
1993 4225 2050 4282 in
2087 4241 2152 4282 ea
2174 4241 2297 4282 sese
2317 4227 2581 4298 iactaret,
2605 4229 2702 4286 sed
2735 4229 2808 4286 ad
2854 4245 2978 4286 eam
3031 4228 3338 4302 intelligen-

1743 4319 1878 4376 dum
1897 4318 2142 4375 divinam
2162 4333 2324 4390 opem
2347 4319 2638 4392 ﬂagitaret.
2663 4319 2948 4388 Quantum
2977 4337 3111 4380 vero
3132 4321 3337 4380 intelli-

1715 4410 1926 4482 gentia
1947 4425 2120 4468 sacra
2146 4409 2450 4482 Scriptura:
2476 4413 2548 4470 sit
2579 4413 2944 4470 desideranda
2987 4413 3334 4472 demonstra-

52 4505 222 4561 sancti
267 4503 366 4560 Dei
405 4503 660 4560 homines
699 4501 789 4574 (II
839 4502 991 4559 Petr.
1027 4502 1105 4574 ι).
1151 4520 1172 4555 ι
1219 4501 1393 4558 Porro
1437 4501 1492 4556 in
1535 4503 1642 4558 hoc
1669 4555 1718 4578 λ
1745 4491 1856 4570 tur,
1881 4518 2010 4560 cum
2051 4503 2405 4576 subiungitur
2431 4523 2445 4560 :
2475 4504 2547 4560 Et
2570 4505 2699 4574 ridi,
2727 4506 3196 4578 inquit,,angelum
3226 4507 3340 4577 for-

52 4555 222 4664 ξιᾘᾶῐ
244 4555 387 4650 is}
405 4555 657 4651 ’“
685 4555 985 4664 Scriptura:
1030 4555 1195 4650 intus
1222 4555 1229 4556 ί
1257 4555 1317 4650 έί
1339 4555 1496 4648 si.
1537 4555 1640 4650 est
1669 4555 1720 4618 ί)
1747 4555 1856 4650 ὶζᾶ
1869 4555 2394 4666 ,ἶξῶεὲἆὶἷεῖέῖὶᾶ
2413 4555 3338 4668 seu:'a;;.‘;;:a;;;;;.;.;;;.

51 4687 308 4758 scriptus,
337 4687 500 4743 lectio
527 4686 768 4744 exterior
818 4685 1086 4754 historiis,
1131 4693 1188 4741 et
1216 4683 1378 4748 lectio
1411 4685 1638 4741 interior
1743 4686 1941 4742 librum
1970 4697 2022 4743 et
2050 4687 2250 4744 solvere
2275 4689 2560 4761 signacula
2579 4689 2738 4760 ejus?
2787 4689 3032 4761 Angelus
3061 4689 3190 4757 iste,
3217 4688 3336 4746 fra-

50 4780 350 4850 spiritualis
399 4781 770 4854 intelligentiae
817 4781 1132 4838 denotatur.
1201 4778 1262 4835 In
1323 4796 1436 4853 quo
1489 4781 1640 4851 pari-
1745 4785 1856 4836 tres
1884 4778 2018 4847 mei,
2040 4786 2190 4835 tenet
2214 4795 2506 4851 personam
2532 4779 2828 4850 cujuslibet
2855 4779 3057 4851 prioris
3083 4779 3336 4847 Patrum,

50 4879 129 4925 ter
156 4870 577 4930 confunduntur
601 4872 702 4940 illi,
737 4872 834 4944 qui
867 4871 926 4926 in
959 4887 1116 4929 sacra
1145 4869 1430 4942 Scriptura
1459 4872 1635 4928 solam
1743 4869 1862 4942 qui,
1887 4870 2140 4942 quamvis
2163 4871 2325 4930 fortis
2346 4880 2492 4930 esset
2509 4871 2715 4931 virtute
2739 4884 2795 4929 et
2821 4872 3107 4944 sapientia,
3124 4879 3334 4940 tamen,

50 4965 392 5034 superﬁciem
425 4965 618 5024 littera
669 4965 978 5037 requirunt,
1027 4973 1090 5020 ut
1137 4963 1313 5020 Judaei
1365 4965 1635 5021 secuban-

53 5063 150 5124 les,
187 5067 246 5113 et
280 5057 360 5114 illi
401 5058 496 5130 qui
539 5058 674 5114 nihil
712 5059 781 5114 ad
829 5059 1091 5124 litteram,
1119 5057 1214 5114 sed
1247 5065 1421 5114 totum
1449 5067 1632 5114 retor-

48 5159 216 5216 quent
239 5149 312 5204 ad
357 5149 650 5222 mysticum
689 5166 936 5218 sensum,
987 5158 1048 5205 ut
1094 5148 1318 5220 quidam
1361 5165 1630 5220 praesum-

49 5241 228 5306 ptuosi
271 5242 394 5313 plus
439 5258 607 5314 quant
644 5251 855 5312 oportet
875 5242 1175 5314 sapientes.
1203 5239 1261 5296 In
1285 5257 1445 5298 sacra
1477 5241 1633 5299 Scri-

47 5340 208 5399 ptura
273 5335 522 5406 quaedam
577 5336 648 5392 ad
707 5335 944 5392 litteram
1004 5343 1220 5391 tantum
1282 5334 1632 5408 intelligenda

50 5433 198 5491 sunt,
214 5435 302 5482 ut:
325 5427 556 5500 «Diliges
579 5426 873 5484 Dominum
891 5425 1077 5493 Deum
1088 5436 1243 5482 tuum
1262 5425 1462 5497 (Exod.
1478 5428 1628 5500 xx).s

51 5517 116 5573 Et
138 5538 152 5574 :
189 5519 440 5579 «Honora
461 5531 674 5595 patrem
693 5531 851 5592 tuum
863 5530 920 5578 ct
943 5529 1173 5578 matrem
1201 5530 1355 5577 tuam
1381 5521 1586 5592 (ibid.),
1607 5541 1627 5574 ι

49 5618 102 5666 et
121 5621 317 5670 caetera
340 5624 608 5686 praecepta
641 5614 896 5670 moralia.
927 5613 1194 5680 Quaedam
1228 5629 1358 5670 vero
1399 5614 1469 5670 ad
1513 5630 1632 5688 πηνα

50 5703 262 5760 sticum
278 5721 498 5774 sensum
523 5717 734 5764 tantum
757 5705 1042 5764 referenda
1071 5714 1223 5774 sunt,
1239 5715 1314 5766 ,ιιι
1338 5707 1444 5764 hoc
1487 5707 1635 5782 quod

50 5791 253 5866 legitur
273 5795 326 5852 in
343 5795 448 5852 Job
476 5816 490 5851 :
525 5816 545 5848 ι
579 5795 696 5854 Sub
729 5813 844 5868 quo
868 5805 1168 5854 curvantur
1193 5796 1230 5852 ii
1259 5797 1354 5869 qui
1407 5806 1632 5868 portant

365 5891 640 5952 Panos.
671 5891 850 5954 CLV.

1741 4977 1856 5032 prae
1879 4977 2082 5037 magno
2101 4963 2377 5021 desiderio
2405 4973 2462 5020 et
2485 4963 2748 5021 dilatione
2769 4962 3128 5020 reserationis
3161 4978 3336 5020 sacra:

1743 5053 2062 5127 Scriptura,
2107 5057 2466 5127 conqueritur
2503 5064 2560 5114 et
2587 5055 2822 5128 inquirit
2841 5055 2970 5128 quis
2999 5055 3073 5112 sit
3099 5055 3191 5112 ille
3219 5063 3334 5112 tam

1741 5145 1963 5220 dignus,
1985 5157 2100 5204 tam
2125 5149 2348 5220 sapiens
2363 5157 2420 5206 et
2443 5158 2555 5206 tam
2584 5158 2782 5222 potens
2811 5149 2909 5222 qui
2949 5163 3073 5206 eam
3115 5147 3336 5220 aperire

1741 5240 1936 5312 possit.
1965 5239 2078 5297 Nos
2110 5255 2242 5298 vero
2283 5241 2411 5313 quis
2460 5243 2532 5299 sit
2570 5243 2666 5298 ille
2689 5241 2805 5314 jam
2834 5241 3065 5310 scimus,
3105 5249 3162 5298 et
3208 5240 3334 5298 ideo

1741 5331 1920 5402 magis
1943 5338 2062 5388 toto
2097 5331 2372 5389 desiderio
2405 5333 2650 5406 totisque
2689 5331 2903 5390 viribus
2939 5347 3069 5389 eum
3114 5331 3334 5406 ﬂagite-

1743 5439 1890 5491 mus,
1916 5432 2190 5495 quatenus
2221 5425 2399 5496 sigilla
2434 5441 2550 5484 suat
2599 5407 2774 5484 sacra;
2821 5425 3124 5498 Scriptura
3170 5425 3332 5482 nobis

1743 5516 1998 5588 dignetur
2026 5516 2261 5587 aperire.
2304 5515 2371 5572 Et
2396 5535 2570 5588 nemo,
2601 5519 2803 5591 inquit,
2834 5528 3043 5591 poterat
3075 5532 3240 5590 neque
3273 5517 3332 5570 in

1741 5608 1893 5678 creto,
1923 5625 2086 5681 neque
2110 5611 2167 5664 in
2203 5619 2368 5679 terra,
2401 5628 2563 5684 neque
2605 5613 2704 5667 sub
2757 5621 2955 5666 terram
3008 5609 3218 5681 aperire
3261 5607 3332 5664 li-

1742 5703 1916 5770 bram,
1939 5718 2102 5773 neque
2128 5704 2383 5774 respicere
2410 5703 2586 5771 illum,
2616 5703 2880 5774 quoniam
2911 5716 3012 5756 nec
3041 5700 3186 5755 inter
3229 5715 3328 5754 an-

1743 5797 1914 5866 gelos,
1945 5809 2046 5852 nec
2072 5795 2211 5852 inter
2235 5797 2508 5864 homines,
2534 5812 2633 5851 nec
2679 5796 2820 5852 inter
2865 5793 3082 5849 animas
3132 5807 3332 5863 corpo-

2931 5889 3012 5952 Ιι8
