3834 6332
129 395 260 456 i511

1258 389 1591 452 HOMILUE.
1633 425 1704 435 -—
1738 392 1804 450 ll.
1831 389 1934 450 'DE
1974 389 2285 451 SANC'I‘IS.

3254 395 3393 456 15l8

121 511 364 574 euaserit,
395 519 696 568 consanam
725 505 1124 567 confessionem
1151 509 1321 565 audit.
1365 509 1473 565 Sed
1499 520 1552 567 et
1577 524 1700 566 ces-
1727 518 1773 573 Α
1801 505 2113 567 audivimus
2135 507 2416 580 subjungit
2448 525 2462 563 :
2493 505 2605 563 Hos
2619 508 2897 565 duodecim
2921 512 3066 567 misit
3089 509 3394 582 Jesus,ete.

121 613 274 664 sonte
299 611 646 678 persecutore
694 602 798 674 ipsi
840 603 1014 659 sancti
1041 602 1227 659 omnia
1257 601 1501 658 membra
1525 603 1700 658 virtu-

119 707 306 770 tesque
351 711 483 752 suas
523 696 581 751 in
625 693 724 751 Dei
766 695 929 752 laude
963 704 1168 768 cogunt
1195 710 1522 752 consonare.
1556 693 1701 750 Bene

121 799 296 847 autem
324 787 420 854 ait,
448 786 696 843 habentes
723 787 932 858 phialas
966 805 1156 843 aureas
1183 787 1366 859 plenas
1388 787 1702 842 odoramcn-

121 891 310 936 torum.
335 877 540 934 Phiala;
563 880 732 942 enim,
761 895 885 950 qua:
929 887 1060 935 sunt
1095 895 1223 936 vasa
1251 880 1453 950 ampla,
1485 879 1700 952 signiﬁ-

118 980 242 1031 cant
265 972 470 1028 chorda
520 980 840 1028 sanctorum
888 988 986 1044 per
1013 973 1335 1029 charitatem
1355 1014 1371 1042 ,
1420 988 1596 1044 usque
1625 973 1696 1028 ad

117 1067 462 1125 inimicorum
483 1067 728 1122 dilatata.
751 1064 879 1122 llaec
897 1075 1030 1122 sunt
1056 1081 1244 1134 aurea,
1277 1067 1331 1122 id
1360 1075 1446 1124 est
1471 1066 1696 1132 munda,

115 1171 170 1218 et
190 1160 560 1219 odoramentis
585 1159 939 1216 devotionum
979 1161 1160 1230 plena.
1194 1158 1485 1216 Orationes
1524 1161 1695 1225 enim,

115 1267 238 1323 quae
266 1252 335 1308 de
375 1251 540 1307 corde
589 1250 933 1319 cbaritativo,
959 1253 1166 1308 mundo
1193 1261 1248 1308 et
1283 1252 1481 1308 devoto
1507 1265 1700 1322 proce-

115 1344 268 1408 dunt,
297 1351 560 1412 tanquam
608 1340 894 1398 incensum
919 1343 1363 1401 etodoramenta
1413 1343 1482 1398 ad
1523 1342 1697 1398 Deum

113 1432 432 1490 ascendunt.
481 1431 626 1488 Bene
671 1441 853 1488 autem
899 1433 1148 1504 sequitur
1173 1439 1298 1504 post
1323 1433 1699 1489 adorationem'

113 1521 387 1580 confessio
408 1567 426 1592 ,
479 1531 536 1580 et
601 1534 726 1595 post
791 1524 1194 1582 confessionem
1253 1525 1582 1581 charitatum
1646 1534 1702 1581 et

115 1615 304 1672 mundi
331 1617 515 1673 cordis
539 1618 735 1686 oratio,
763 1617 1024 1689 quoniam
1056 1633 1157 1674 nec
1184 1617 1318 1674 ﬁdes
1337 1618 1458 1675 sine
1481 1616 1700 1674 confes-

111 1709 286 1776 sione,
315 1709 557 1766 maxime
585 1709 680 1766 ubi
711 1710 1019 1766 necessaria
1046 1719 1150 1776 est,
1185 1725 1288 1766 nec
1317 1719 1550 1780 utraque
1580 1710 1700 1766 sine

109 1802 376 1859 cbaritate
419 1811 475 1858 et
520 1802 789 1859 munditia
841 1802 1024 1859 cordis
1067 1809 1303 1874 possunt
1329 1801 1441 1858 Deo
1461 1801 1696 1873 placere.

111 1890 182 1948 Et
200 1893 514 1958 cantabant,
541 1893 740 1966 inquit,
775 1894 1044 1948 canticum
1072 1909 1284 1960 novum,
1314 1893 1574 1964 quoniam
1601 1908 1702 1948 n0-

106 1999 234 2042 vum
288 1985 570 2042 hominem
617 1987 685 2042 de
733 1987 974 2042 novitate
1019 1985 1266 2058 mysterii
1313 1985 1418 2057 ipsi
1453 1985 1701 2042 innovati

105 2077 512 2136 callaudabant.
545 2079 753 2150 Dignus
783 2096 857 2144 es,
904 2078 1184 2150 inquiunt,
1219 2077 1465 2144 Domine,
1496 2079 1704 2149 aperire

105 2170 323 2241 librum,
350 2181 402 2228 et
427 2173 628 2229 soluere
668 2171 949 2244 signacula
988 2171 1126 2241 ejus.
1178 2169 1400 2238 Quare?
1438 2168 1703 2236 Quoniam

106 2265 314 2320 occisus
346 2282 422 2331 es,
445 2273 498 2320 et
522 2264 794 2320 redemisti
831 2281 926 2319 nos
958 2263 1068 2318 Deo
1096 2263 1155 2318 in
1189 2263 1446 2334 sanguine
1472 2272 1583 2318 tuo.
1625 2261 1704 2318 Ac

107 2357 151 2412 si
178 2357 332 2413 dicat
358 2374 374 2412 :
404 2355 463 2411 ln
494 2357 599 2413 hoc
621 2356 771 2428 quod
801 2355 1021 2414 occisus
1066 2371 1128 2412 es
1175 2362 1232 2411 et
1264 2369 1368 2411 nos
1397 2354 1699 2422 redemisti,

105 2447 370 2518 aperuisti
405 2462 622 2503 sacram
655 2445 1023 2518 Scriptorum,
1062 2461 1129 2501 ea:
1156 2447 1301 2501 omni
1329 2446 1474 2501 tribu
1510 2455 1562 2501 et
1595 2445 1703 2502 lin-

104 2551 226 2610 gua,
260 2545 316 2592 et
331 2537 549 2609 populo,
582 2545 634 2592 et
655 2538 890 2605 natione,
920 2535 1174 2614 subaudi,
1199 2551 1300 2594 nos
1323 2536 1603 2609 colligens.
1632 2535 1703 2592 Et

106 2630 282 2698 fecisti
341 2646 438 2685 nos
483 2629 594 2685 Deo
613 2639 796 2686 nostra
833 2645 1052 2702 regnum
1073 2637 1123 2685 et
1149 2629 1468 2684 sacerdotes.
1495 2627 1702 2686 Omnes

103 2726 601 2792 quotquotsumus,
615 2721 812 2779 fratres
830 2722 959 2790 mei,
974 2721 1020 2779 si
1041 2721 1155 2777 veri
1169 2721 1469 2777 Christiani
1485 2736 1698 2789 sumus,

104 2812 473 2884 spiritualiter
511 2813 624 2871 Deo
650 2822 843 2871 nostro
871 2829 1028 2886 reges
1057 2821 1113 2870 et
1141 2813 1454 2870 sacerdotes
1483 2828 1698 2869 sumus.

103 2903 422 2962 Deonostro
433 2921 593 2979 reges
603 2921 820 2974 sumus,
837 2906 886 2963 si
913 2906 980 2962 ad
996 2905 1324 2978 obsequium
1347 2905 1490 2976 ejus,
1506 2919 1700 2960 omnes

103 3004 291 3054 motus
304 2997 488 3055 cordis
509 3007 566 3054 et
587 2999 833 3070 corporis
845 2999 1021 3054 nostri
1043 2999 1183 3055 bene
1211 2997 1475 3070 regimus,
1499 3012 1701 3069 pravos

103 3089 447 3157 cohibentes,
477 3097 535 3146 et
562 3089 738 3146 bonos
769 3089 1098 3158 nutrientes,
1122 3087 1396 3160 justitiam
1424 3096 1481 3144 et
1507 3101 1699 3159 pacem

103 3178 485 3236 observantes.
505 3178 618 3237 Deo
641 3189 834 3238 nostro
861 3181 1175 3238 sacerdotes
1203 3195 1417 3250 sumus,
1447 3179 1494 3236 si
1519 3180 1575 3236 in
1603 3193 1700 3236 ara

100 3269 290 3326 cordis
323 3269 500 3326 nostri
549 3270 796 3341 quotidie
819 3271 1150 3328 sacrificium
1172 3270 1396 3327 contriti
1438 3270 1622 3328 cordis
1643 3281 1699 3326 et

111 3363 404 3419 incensum
415 3363 626 3420 devotae
637 3363 904 3422 orationis
917 3366 968 3421 ei
989 3365 1290 3433 offerimus,
1309 3365 1356 3422 si
1366 3365 1415 3422 ei
1433 3381 1701 3436 permun-

98 3452 297 3509 ditiam
327 3453 629 3512 familiares
665 3471 880 3525 sumus,
919 3457 968 3513 si
997 3457 1139 3516 inter
1167 3473 1295 3514 eum
1343 3467 1398 3514 et
1446 3459 1700 3516 homines

100 3546 442 3605 mediatores
461 3563 586 3606 esse
597 3549 865 3606 valemus.
894 3549 966 3604 Et
987 3551 1344 3622 regnabimus,
1369 3551 1567 3624 inquit,
1601 3569 1699 3607 su-

99 3657 191 3710 per
215 3649 442 3696 terram.
455 3641 536 3697 Ac
550 3641 597 3699 si
615 3643 760 3700 dicat
781 3663 795 3700 :
816 3643 894 3699 illi
911 3644 1014 3700 soli
1035 3644 1090 3699 in
1109 3653 1373 3702 aeternum
1390 3646 1701 3718 regnabunt

99 3732 155 3788 in
170 3742 336 3790 terra
357 3733 680 3803 viventium,
706 3737 804 3808 qui
827 3735 917 3792 hic
933 3750 1154 3792 omnem
1179 3739 1551 3796 terrenitatem
1573 3753 1698 3796 om-

104 3839 352 3896 nemque
375 3827 677 3883 vanitatem
723 3827 827 3883 sibi
867 3827 1253 3886 subdiderunt.
1308 3829 1601 3903 Propterea
1642 3831 1699 3887 in

101 3919 374 3991 regimine
399 3921 664 3977 domicilii
694 3921 869 3978 nostri
884 3921 1194 3994 vigilemus,
1217 3931 1402 3980 motus
1441 3925 1625 3981 cordis
1644 3931 1700 3980 et

101 4014 360 4086 corporis
384 4015 559 4072 nostri
579 4015 811 4072 sollicite
833 4014 1558 4085 circumspiciamus,malos
1581 4029 1708 4071 mo-

101 4118 192 4167 tus
221 4120 517 4183 surgentes
539 4113 722 4168 statim
741 4127 1178 4184 compescamus,
1203 4125 1424 4167 carnem
1437 4118 1490 4166 et
1511 4110 1700 4166 omnia

98 4201 354 4259 membra
379 4203 596 4274 spiritui
626 4205 834 4261 servire
863 4219 1148 4276 cogamus,
1177 4202 1489 4259 mundanas
1516 4203 1701 4258 illece-

100 4291 258 4361 bras,
272 4307 394 4364 quae
415 4294 712 4352 mundanis
734 4295 1052 4352 hominibus
1073 4295 1364 4365 imperant,
1395 4293 1556 4350 nobis
1569 4294 1702 4349 sub—

99 4385 325 4452 damus,
341 4397 617 4456 quatenus
633 4402 861 4459 regnum
887 4395 1105 4444 aeternae
1127 4385 1484 4442 beatitudinis
1502 4401 1700 4442 conse-

99 4475 196 4543 qui
219 4488 556 4543 mereamur,
585 4485 879 4547 praestante
907 4475 1142 4532 Domino
1165 4484 1359 4531 nostro
1385 4474 1514 4531 Jesu
1539 4475 1702 4531 Chri-

1803 600 1861 655 ln
1886 616 2018 671 quo,
2049 600 2246 656 fratres
2271 601 2401 666 mei,
2431 609 2668 672 quatuor
2695 603 3044 674 intelligenda
3072 606 3394 678 signiﬁcan-

1803 699 1915 759 tur,
1978 691 2254 758 videlicet,
2303 691 2456 762 quod
2502 692 2735 763 apostoli
2783 693 2940 749 electi
2968 695 3099 763 sint,
3146 705 3202 753 et
3251 698 3397 755 unde

1801 783 1960 839 electi
1991 784 2123 850 sint,
2150 792 2206 840 et
2233 792 2370 855 quot
2395 784 2554 842 electi
2583 785 2714 853 sint,
2744 793 2800 841 et
2823 786 2891 841 ad
2918 788 3050 858 quid
3075 789 3234 845 electi
3258 791 3391 847 sint.

1801 871 1976 929 Porro
1997 873 2050 928 in
2077 873 2180 930 hoc
2206 875 2353 945 quod
2380 875 2614 946 apostoli
2639 875 2796 932 electi
2828 885 2977 944 sunt,
3001 887 3058 934 ct
3078 894 3108 933 a
3135 875 3394 947 Domino,

1801 963 1966 1020 datur
2017 965 2178 1022 nobis
2223 967 2535 1038 exemplum
2561 1006 2577 1034 ,
2628 967 2890 1038 quoniam
2920 968 2975 1024 in
3002 968 3249 1026 Ecclesia
3297 969 3397 1027 Dei

1800 1054 2001 1111 debent
2043 1065 2294 1126 pastores
2317 1058 2466 1130 eligi,
2493 1067 2549 1115 et
2585 1075 2617 1115 a
2665 1058 2900 1118 Domino
2931 1059 3158 1134 jejuniis
3182 1072 3238 1119 et
3265 1079 3397 1120 ora—

1803 1151 2046 1208 tionibus
2099 1151 2456 1225 interrogato.
2527 1153 2587 1209 In
2656 1169 2768 1226 quo
2816 1155 3022 1226 pariter
3085 1158 3400 1229 sigillantur

1800 1253 1856 1300 et
1902 1244 1981 1299 illi
2026 1245 2122 1315 qui
2171 1260 2281 1301 non
2312 1245 2610 1318 eliguntur,
2659 1248 2756 1304 sed
2813 1249 2999 1318 potius
3049 1249 3396 1322 ingeruntur,

1800 1344 1857 1392 et
1903 1335 1982 1392 illi
2031 1337 2128 1408 qui
2177 1353 2288 1393 non
2333 1338 2640 1408 divinitus,
2704 1339 2800 1396 sed
2868 1342 3225 1399 mundanitus
3291 1343 3396 1396 eli-

1801 1439 2025 1503 guntur.
2081 1431 2142 1488 ln
2191 1433 2298 1490 hoc
2335 1436 2485 1505 quod
2527 1435 2596 1492 de
2625 1437 2814 1494 schola
2861 1440 3139 1498 communi
3193 1441 3397 1496 electo-

1801 1539 1926 1579 rum
1989 1523 2386 1595 discipulorum
2451 1527 2876 1599 przeeliguntur,
2921 1529 3328 1586 demonstratur
3378 1548 3394 1586 :

1799 1617 2064 1688 quoniam
2091 1633 2193 1673 nec
2218 1619 2498 1692 neophyti,
2526 1636 2626 1677 nec
2643 1621 2829 1687 rudes,
2861 1622 2956 1679 sed
2992 1622 3087 1693 qui
3119 1623 3176 1678 in
3207 1623 3395 1680 schoLa

1803 1719 2118 1767 sanctarum
2150 1712 2415 1768 virtutum
2459 1723 2514 1769 et
2548 1728 2764 1769 morum
2809 1730 2922 1786 prae
2956 1717 3170 1772 caeteris
3195 1715 3397 1772 eruditi

1803 1811 1953 1870 sunt,
1982 1803 2184 1860 debent
2216 1804 2345 1876 eligi
2366 1804 2437 1860 ’in
2463 1815 2734 1875 pastores,
2767 1813 2831 1862 ut
2870 1807 3122 1864 videlicet
3156 1823 3266 1864 non
3308 1823 3400 1865 so-

1736 1868 1774 1924 “
1805 1893 1920 1948 lum
1938 1868 2063 1949 sint
2090 1893 2270 1962 electi,
2293 1868 2389 1951 sed
2417 1868 2582 1952 etiam
2605 1868 2746 1952 inter
2764 1897 2970 1954 electos
2989 1907 3239 1968 pastores
3259 1914 3400 1970 prai-

1802 1984 1982 2042 electi.
2011 1985 2171 2053 Quod
2201 1996 2388 2058 aperte
2415 1987 2540 2044 illos
2587 1990 2918 2046 condemnat
2931 1989 3038 2062 qui
3060 1997 3401 2061 praesumunt

1803 2077 1922 2134 fieri
1955 2079 2203 2151 magistri
2233 2090 2532 2152 antequam
2577 2081 2856 2154 discipuli,
2883 2083 3145 2140 docentes
3168 2099 3233 2140 ea
3259 2067 3400 2155 quae

1804 2186 1916 2226 non
1944 2171 2278 2240 didicerunt,
2301 2181 2356 2229 et
2380 2189 2547 2245 super
2579 2189 2676 2232 eos
2699 2175 2794 2248 qui
2823 2177 2930 2233 sibi
2957 2186 3013 2234 et
3051 2177 3299 2234 moribus
3344 2184 3402 2234 et

1803 2261 2034 2318 scientia
2088 2271 2334 2333 praesunt
2362 2263 2737 2336 magisterium
2775 2265 2978 2322 habere
3011 2278 3286 2338 quaerunt.
3315 2266 3399 2323 'ln

1803 2353 1910 2408 hoc
1937 2367 2181 2424 quoque,
2217 2355 2368 2426 quod
2405 2356 2694 2414 duodecim
2727 2357 3023 2430 eliguntur,
3049 2359 3398 2416 demonstra-

1805 2451 1896 2500 tur
1935 2445 2096 2502 nobis
2126 2455 2379 2518 pastores
2419 2457 2624 2506 sanctae
2657 2448 2920 2508 Ecclesia:
2959 2467 3125 2523 quam
3171 2451 3399 2523 perfecti

1802 2549 1924 2591 esse
1959 2543 2273 2593 teneantur.
2319 2536 2702 2597 Duodenarius
2737 2541 2940 2613 quippe
2983 2549 3251 2600 numerus
3274 2559 3400 2615 per-

1804 2625 1982 2684 fectus
2013 2637 2119 2696 est,
2153 2629 2300 2686 unde
2319 2637 2376 2686 et
2402 2631 2592 2689 soldus
2630 2633 2747 2690 sive
2775 2634 2986 2690 solidus
3025 2645 3396 2707 nuncupatur.

1805 2719 2012 2777 Debent
2046 2737 2287 2793 namque
2310 2731 2563 2794 pastores
2599 2736 2803 2783 sanctae
2827 2725 3088 2786 Ecclesia:
3112 2729 3193 2786 sic
3221 2730 3400 2800 perfe-

1802 2812 1876 2867 cti
1905 2821 1961 2868 et
1990 2814 2151 2871 solidi
2181 2829 2305 2873 esse
2325 2857 2342 2883 ,
2398 2825 2672 2888 quatenus
2700 2833 2803 2876 nec
2839 2821 3138 2891 prosperis,
3181 2837 3284 2878 nec
3311 2821 3404 2878 ad-

1802 2902 2000 2972 versis,
2035 2919 2136 2960 nec
2163 2904 2403 2975 blandis,
2438 2919 2541 2963 nec
2565 2909 2798 2978 asperis,
2826 2925 2928 2966 nec
2960 2909 3260 2978 favoribus,
3299 2927 3402 2968 nec

1803 2997 2110 3054 terroribus
2154 2998 2384 3066 cedant;
2423 2999 2536 3056 imo
2565 2999 2718 3072 ipsos
2747 3000 2998 3058 infirmos
3045 3011 3101 3060 et
3143 3004 3402 3060 cadentes

1800 3095 2366 3160 sustentarequeant.
2400 3088 2460 3146 In
2501 3106 2614 3163 quo
2635 3105 2738 3148 nos
2758 3092 2969 3164 indigni
3000 3102 3249 3164 pastores
3269 3110 3403 3151 con-

1727 3216 1770 3275 C
1803 3176 2107 3275 fundimur,
2146 3197 2288 3275 quos
2325 3182 2560 3240 adversa
2609 3183 2906 3252 deterrent,
2938 3184 3137 3241 blanda
3187 3186 3404 3242 demul-

1800 3280 1945 3338 cent,
1979 3272 2048 3328 ad
2084 3273 2265 3330 minas
2304 3283 2588 3344 potentum
2628 3276 2939 3348 dejicimur,
2987 3277 3268 3334 favoribus
3295 3294 3398 3340 ex-

1799 3362 2067 3430 tollimur,
2095 3362 2166 3419 ad
2192 3363 2366 3420 instar
2389 3365 2678 3423 arundinis
2720 3368 2832 3424 huc
2859 3375 2914 3424 et
2941 3368 3070 3424 illuc
3095 3368 3394 3440 agitamur,

1798 3456 1930 3512 vitia
1958 3464 2245 3528 potentum
2285 3473 2395 3514 non
2429 3460 2785 3530 corripimus,
2825 3461 2920 3518 sed
2963 3462 3272 3534 palpamus,
3303 3463 3398 3536 ju-

1801 3547 2007 3604 stitiam
2035 3561 2295 3604 exercere
2312 3563 2424 3605 non
2457 3550 2746 3618 audemus,
2775 3565 2876 3608 nec
2897 3552 3150 3609 infirmos
3175 3562 3396 3611 susten-

1799 3648 2002 3708 tantes,
2024 3655 2126 3697 nec
2149 3639 2316 3696 etiam
2341 3641 2713 3714 nosmetipsos
2742 3651 3052 3700 sustentare
3067 3645 3182 3716 jam
3203 3645 3398 3702 valen-

1801 3739 1904 3788 tes.
1942 3730 2004 3787 ln
2041 3731 2150 3788 hoc
2190 3746 2323 3788 vero
2374 3734 2528 3805 quod
2579 3734 2896 3801 mittuntur,
2929 3735 2997 3791 ad
3041 3737 3188 3807 quod
3237 3737 3399 3794 electi

1801 3822 1912 3879 sint
1956 3821 2370 3880 demonstratur
2397 3838 2412 3880 :
2443 3823 2742 3896 Apostolus
2771 3825 2974 3896 quippe
3004 3825 3400 3898 interpretatur

1801 3917 2015 3972 missus.
2056 3915 2366 3989 intelligant
2395 3917 2563 3989 igitur
2595 3925 2848 3988 pastores
2896 3927 3114 3994 sancta:
3140 3918 3401 3977 Ecclesiae

1802 4023 1863 4064 se
1898 4022 2022 4064 esse
2066 4007 2291 4076 missos,
2325 4023 2437 4064 non
2480 4007 2757 4077 dominos,
2801 4008 3005 4065 missos
3050 4011 3402 4080 humilitatis,

1801 4101 1910 4157 non
1938 4099 2214 4168 elationis,
2235 4100 2438 4156 missos
2467 4115 2579 4156 non
2608 4099 2934 4169 ministrari,
2968 4103 3063 4158 sed
3085 4103 3404 4160 ministrare

1805 4193 1961 4264 (Luc.
1999 4193 2079 4261 xl,
2101 4192 2305 4250 missos
2329 4208 2440 4250 non
2468 4193 2536 4250 ad
2563 4193 2830 4250 honorem
2858 4202 2914 4250 et
2943 4193 3013 4250 ad
3039 4195 3402 4267 gloriam,sed

1801 4284 1871 4340 ad
1894 4283 2139 4340 laborem
2159 4293 2215 4340 et
2248 4283 2316 4340 ad
2341 4285 2678 4356 passionem.
2718 4283 2876 4342 Unde
2903 4285 2958 4341 in
3009 4287 3402 4360 subsequenti-

1801 4375 1908 4431 bus
1923 4375 2006 4432 eis
2031 4375 2202 4431 dicit:
2232 4373 2369 4431 Ecce
2390 4391 2484 4446 ego
2507 4377 2661 4431 mitto
2681 4393 2770 4432 vos
2788 4378 2927 4433 sicut
2949 4395 3115 4450 agnos
3131 4381 3272 4435 inter
3306 4381 3398 4435 lu—

1801 4483 1916 4539 pos.
1948 4467 2105 4524 Tunc
2130 4467 2299 4539 igitur
2325 4468 2568 4538 episcopi
2595 4483 2656 4524 se
2676 4484 2800 4526 esse
2824 4485 2951 4526 vere
2982 4471 3401 4529 missostristi

99 4576 210 4634 sto,
240 4567 338 4638 qui
370 4581 496 4624 cum
522 4567 684 4624 Patre
720 4576 776 4624 et
807 4566 1017 4638 Spiritu
1046 4577 1240 4626 sancto
1267 4569 1402 4624 vivit
1427 4575 1484 4624 et
1507 4575 1702 4639 regnat
1731 4564 1777 4620 D
1801 4560 2127 4631 intelligant,
2159 4575 2286 4614 cum
2308 4557 2514 4614 Christi
2540 4559 2925 4627 humilitatem,
2950 4563 3326 4632 paupertatem
3347 4571 3403 4618 et

82 4675 200 4778 ἱπει·
223 4660 415 4717 omnia
443 4661 642 4717 saecula
673 4660 1023 4804 saeculgrailm.
1052 4661 1249 4717 Amen.

387 4857 455 4898 ιιι
481 4857 790 4898 Αροετοιιε.
823 4856 999 4897 881110
1025 4857 1094 4897 »ε
1121 4853 1418 4897 ΙΑΤΊἮΕΟ.

175 4933 334 4989 Misit
364 4933 522 4990 Iesus
556 4933 846 5004 discipulos
885 4949 1031 5002 suos,
1057 4935 1370 5004 pracipiens
1403 4933 1502 4999 eis,
1536 4941 1588 4986 et
1611 4932 1698 4986 di-

99 5041 227 5082 cens
255 5025 474 5096 (Matth.
515 5027 593 5098 ι),
621 5035 726 5082 etc.
757 5024 1214 5096 Quinquepartita
1240 5031 1326 5079 est
1355 5025 1470 5079 haec
1515 5022 1697 5089 lectio,

105 5115 310 5174 lintres
354 5118 480 5172 mei.
506 5117 694 5173 Primo
717 5117 922 5188 quippe
950 5115 1221 5171 Dominus
1245 5113 1534 5170 duodecim
1568 5113 1698 5166 mit-

106 5209 194 5262 tit.
245 5206 516 5274 Secundo,
547 5223 660 5279 quo
683 5209 918 5264 debeant
963 5207 1044 5262 ire
1072 5207 1157 5263 vel
1207 5221 1314 5262 non
1357 5205 1455 5260 ire.
1491 5202 1698 5272 Tertio,

105 5301 244 5372 quid
271 5302 587 5373 prdicare.
636 5299 864 5368 Quarto,
910 5299 1043 5372 quid
1075 5313 1254 5370 agere.
1304 5297 1532 5365 Quinto,
1561 5312 1702 5368 quo-

105 5393 278 5450 modo
305 5395 616 5450 innotescit.
666 5394 854 5448 Primo
901 5392 1089 5464 igitur_
1120 5390 1412 5446 Dominum
1464 5391 1704 5448 ostendit

103 5485 402 5544 duodecim
430 5487 670 5553 misisse,
695 5487 824 5542 cum
850 5484 1048 5540 dicitur
1077 5502 1091 5539 :
1131 5482 1282 5537 Misit
1313 5481 1471 5536 Iesus
1501 5482 1710 5536 duode-v

105 5579 222 5632 cius
262 5579 550 5650 discipulos
591 5595 735 5635 suos.
788 5572 968 5634 Porro
1009 5579 1064 5633 in
1107 5577 1359 5644 lectione,
1406 5592 1531 5648 qua:
1551 5578 1703 5632 hanc

107 5671 367 5740 praecidit
387 5712 404 5739 ,
455 5671 694 5728 ostendit
739 5671 1070 5743 evangelista
1121 5669 1415 5726 Dominum
1445 5669 1514 5724 de
1545 5684 1701 5725 com-

109 5763 273 5818 muni
317 5765 709 5839 discipulorum
773 5765 1056 5822 consortio
1110 5763 1400 5820 duodecim
1450 5763 1700 5835 elegisse,

105 5869 352 5919 quorum
377 5866 433 5915 et
478 5859 701 5914 nomina
740 5858 915 5928 ponit.
965 5855 1169 5914 Deinde
1213 5856 1320 5913 hoc
1365 5855 1512 5928 quod
1541 5855 1705 5914 modo

1802 4651 2125 4723 patientiam
2164 4659 2502 4722 ceterasque
2541 4653 2775 4708 virtutes
2801 4651 3008 4708 Christi
3044 4654 3102 4708 in
3137 4669 3198 4733 se
3245 4650 3403 4710 exhié

1799 4741 2041 4808 buerint,
2073 4755 2201 4796 cum
2225 4755 2332 4796 non
2355 4755 2477 4807 sua,
2501 4739 2598 4796 sed
2618 4739 2827 4796 Christi
2857 4741 3023 4797 verba
3063 4741 3395 4812 praedicave-
3461 4808 3468 4816 ί

1697 4873 1702 4876 -
1801 4842 1934 4901 rint,
1960 4849 2089 4890 cum
2117 4849 2228 4890 non
2257 4849 2438 4902 suam,
2471 4833 2565 4890 sed
2589 4831 2794 4887 Christi
2818 4831 3047 4905 gloriam
3070 4833 3127 4888 in
3145 4833 3404 4914 omnibus

1800 4927 2143 4998 quesierint,
2170 4943 2296 4985 cum
2337 4942 2448 4982 non
2471 4926 2650 4982 solum
2690 4940 2812 4990 sua,
2860 4926 2957 4982 sed
2994 4926 3162 4982 etiam
3188 4925 3406 4997 'seipsos

1801 5035 1902 5092 pro
1929 5019 2194 5076 fratribus
2227 5017 2532 5090 posuerint.
2579 5016 2856 5086 Secundo,
2888 5025 3001 5088 quo
3037 5018 3118 5074 ire
3165 5019 3254 5073 vel
3293 5015 3403 5074 non

1803 5113 1884 5169 ire
1908 5113 2146 5168 debeant
2171 5110 2690 5167 ostenditDominus
2719 5125 2847 5166 cum
2874 5109 3007 5166 dicit
3019 5110 3101 5166 eis
3127 5127 3142 5166 ;
3169 5109 3238 5164 In
3262 5111 3405 5164 υἱαηί

1803 5207 2038 5278 gentium
2062 5221 2124 5260 ne
2161 5204 2422 5270 abieritis,
2451 5211 2503 5258 et
2551 5203 2610 5257 in
2657 5203 2900 5258 ciuitates
2928 5191 3399 5258 Samaritanorum

1805 5314 1868 5352 ne
1889 5297 2242 5362 intraneritis,
2272 5297 2363 5350 sed
2402 5297 2474 5350 ite
2514 5297 2694 5366 potius
2735 5297 2806 5350 ad
2849 5313 2966 5352 oves
2992 5313 3110 5368 qua
3127 5299 3400 5368 perierunt

1803 5390 1992 5444 domus
2017 5385 2210 5443 Israel.
2235 5386 2375 5442 Cum
2416 5397 2632 5444 codstet
2659 5388 2954 5447 Dominum
2990 5397 3212 5462 propter
3245 5387 3402 5447 'salu-‘

1802 5490 1912 5536 tem
1943 5481 2449 5552 gentiumvenisse,
2476 5482 2621 5538 unde
2639 5492 2696 5539 et
2713 5485 2829 5554 ipse
2848 5485 2978 5542 alibi
3007 5485 3170 5542 dicit:
3200 5504 3223 5537 ι
3245 5477 3400 5540 Alias‘

1804 5589 1933 5630 oves
1966 5575 2159 5644 habeo,
2181 5569 2306 5644 quae
2329 5589 2436 5628 non
2462 5582 2592 5630 sunt
2617 5590 2685 5632 ex
2715 5577 2819 5632 hoc
2838 5563 3068 5644 ovili,i,et
3089 5577 3212 5631 illas
3232 5575 3402 5647 opor-i

1803 5674 1880 5722 tet
1901 5681 1990 5722 me
2008 5665 2296 5731 adducere,
2319 5673 2376 5720 et
2408 5665 2500 5720 fiet
2529 5682 2716 5738 unum‘
2737 5669 2879 5724 ovile
2917 5680 2982 5724 et.
3021 5685 3164 5724 unus
3207 5676 3398 5738 pastor

1805 5757 1987 5828 (Joan.
2025 5759 2106 5829 ι),
2138 5777 2157 5808 ι
2211 5757 2341 5828 quid
2386 5766 2500 5826 est,
2545 5757 2764 5828 fratres,
2800 5760 2948 5831 quod
2995 5761 3086 5817 hic
3122 5759 3294 5815 dicit:
3334 5757 3396 5814 In

1806 5851 1950 5907 viam
1981 5851 2224 5923 gentium
2247 5864 2319 5906 ne
2357 5851 2626 5921 abieritis,
2653 5862 2706 5908 ct
2733 5851 2788 5907 in
2815 5853 3064 5909 civitates
3092 5849 3392 5908 Samarita-
