3834 6332
484 382 622 441 1519

1728 359 2080 423 RADULPHI
2114 358 2462 425 ARDENTIS

484 510 679 553 norum
707 506 819 550 non
843 488 1206 556 intraveritis,
1236 485 1343 544 nisi
1363 484 1510 556 quod
1546 496 1613 538 ea
1636 481 1744 538 fine
1768 479 1920 547 facti,
1958 480 2071 539 col-
2098 479 2145 547 Δ
2170 473 2466 546 praedicare
2487 468 2912 537 contemnimus,
2936 482 3047 523 non
3069 469 3440 533 considerantes
3453 480 3633 542 qm

483 590 734 662 ligimus;
750 585 900 658 quod
916 582 1224 655 specialiter
1242 578 1422 651 primo
1443 576 1593 631 venit
1617 573 1686 630 ad
1700 572 1920 631 Iudaeos
1941 573 2069 646 qui-

481 679 589 737 bus
609 677 918 749 promissus
938 682 1087 741 erat;
1121 688 1150 727 ει
1174 670 1376 741 quibus
1405 682 1502 738 per
1522 663 2071 725 incredulitatemre-

484 772 681 845 pulsus
727 768 942 825 transiit
969 766 1037 823 ad
1061 765 1291 820 alienos.
1337 758 1561 829 Triplici
1607 756 1775 828 igitur
1802 756 1871 812 de
1906 770 2076 811 causa

486 864 662 919 voluit
688 860 951 916 Dominus
984 856 1162 928 primo
1185 852 1391 909 Iudaeis
1430 859 1486 907 et
1515 865 1625 904 non
1655 848 1911 920 gentibus
1933 862 2074 917 prae-

484 957 691 1013 dicare.
720 952 928 1019 Primo,
951 959 1011 1005 ut
1033 947 1342 1005 ostenderet
1368 960 1427 1001 se
1460 959 1582 999 esse
1601 939 2074 997 MessiamJudieis

485 1046 820 1118 promissum
851 1043 906 1097 in
935 1042 1070 1111 lege.
1102 1038 1375 1103 Secundo,
1403 1044 1463 1091 ut
1498 1033 1702 1091 Iudaeis
1736 1047 1957 1089 omnem
1982 1046 2076 1088 oc-

485 1139 767 1198 casionem
814 1149 923 1189 nou
976 1128 1272 1201 recipiendi
1314 1126 1669 1199 Evangelium
1715 1125 1979 1191 auferret,
2027 1122 2075 1178 si

485 1231 723 1304 primum
748 1228 879 1285 illud
905 1224 1160 1298 gentibus
1188 1222 1556 1294 prmdicasset.
1588 1219 1796 1286 Tertio,
1810 1218 2073 1291 quoniam

486 1333 618 1379 tunc
639 1329 798 1377 erant
825 1319 967 1374 inter
989 1316 1207 1371 Judasos
1233 1314 1327 1385 qui
1351 1311 1596 1368 salvandi
1620 1319 1796 1376 erant,
1828 1320 1883 1366 et
1919 1318 2078 1366 erant

485 1417 629 1471 inter
658 1423 845 1485 gentes
866 1411 961 1483 qui
986 1409 1232 1466 salvaudi
1257 1423 1366 1461 non
1390 1415 1566 1460 erant.
1603 1403 1740 1458 Nam
1771 1402 1839 1458 ad
1876 1402 2075 1473 praedi-

485 1506 758 1569 cationem
794 1502 940 1557 Petri
978 1516 1088 1557 uno
1128 1499 1353 1554 die'tria
1396 1496 1565 1551 millia
1595 1497 1734 1566 (Act.
1766 1494 1852 1563 ιι),
1883 1501 1939 1547 et
1970 1493 2076 1547 alia

485 1598 575 1657 die
598 1596 842 1669 quinque
867 1594 1036 1649 millia
1059 1592 1198 1663 (Act.
1234 1590 1308 1661 iv)
1332 1588 1703 1653 crediderunt,
1730 1594 1931 1643 etcum
1963 1585 2077 1640 vel-

485 1692 601 1747 lent
620 1686 854 1758 apostoli
886 1687 940 1740 in
983 1684 1170 1739 Asiam
1215 1681 1537 1753 praedicare,
1571 1695 1601 1734 a
1633 1677 1842 1749 Spiritu
1888 1686 2078 1733 sancto

486 1778 748 1851 prohibiti
787 1784 916 1832 sunt
945 1774 1086 1846 (Art.
1113 1774 1247 1844 xvi).
1292 1771 1467 1839 Quam
1503 1779 1685 1826 tamen
1716 1769 1905 1825 Asiam
1927 1778 2078 1841 post-

2172 566 2479 624 melius'cst
2506 564 2795 634 acquirere
2829 561 2943 617 Deo
2973 561 3210 616 animam
3253 578 3398 616 unam
3418 580 3542 634 quin
3561 572 3633 627 ut

2172 660 2305 728 lam,
2329 656 2544 729 etquod
2565 669 2731 713 omne
2750 653 2885 710 illud
2903 664 3120 724 tempus
3140 654 3418 724 perdimus,
3433 674 3518 729 quo
3537 661 3638 720 tum

2172 750 2486 806 animarum
2540 763 2651 803 non
2702 762 2986 802 vacamus.
3031 743 3140 801 Nec
3182 748 3457 817 exemplum
3496 750 3638 809 Daiei

2173 851 2506 912 spectamus,
2531 840 2626 912 qui
2648 840 2751 896 soli
2780 837 3141 894 Samaritana
3163 839 3217 893 in
3236 839 3318 895 via
3337 841 3468 912 juxta
3490 856 3642 914 pater.

2175 934 2472 1005 praedicare
2500 948 2608 995 non
2638 931 2896 1003 neglexit,
2928 931 3089 1002 cujus
3115 930 3336 987 salutem
3360 949 3411 987 se
3430 951 3517 990 non
3536 942 3641 1007 negti»

2174 1043 2322 1101 gere,
2345 1026 2440 1083 sed
2472 1024 2657 1097 potius
2681 1040 2741 1081 se
2760 1040 2882 1082 esse
2911 1024 3170 1091 ostendit,
3192 1041 3312 1080 cuiu
3570 1034 3646 1086 suis

2175 1117 2255 1172 ait
2283 1135 2297 1172 :
2331 1136 2350 1168 ι
2384 1116 2498 1188 Ego
2529 1116 2705 1172 habeo
2732 1115 2916 1171 cibum
2943 1115 3294 1183 manducare,
3322 1133 3463 1187 quem
3487 1134 3559 1175 ros
3583 1139 3645 1176 iic-

2176 1209 2331 1266 scitis
2366 1207 2551 1280 (Joan.
2585 1208 2682 1281 tv).
2716 1227 2734 1259 i
2776 1207 3254 1278 Appropinquavit,
3301 1208 3474 1279 inquit,
3506 1228 3647 1282 regna

2178 1301 2449 1357 oratorum.
2498 1301 2664 1369 Tota,
2712 1299 2909 1355 fratres
2961 1300 3090 1367 mei,
3136 1301 3428 1371 praedicatio
3460 1302 3649 1375 Εςωῤ

2176 1408 2429 1451 versatur
2472 1395 2619 1450 circa
2647 1393 2810 1449 finem
2857 1392 3069 1458 mundi,
3090 1403 3147 1448 et
3194 1393 3533 1449 beatitudinem
3554 1400 3650 1467 rga

2178 1485 2391 1546 aeterni.
2430 1483 2545 1540 Hoc
2569 1483 2838 1538 Dominus
2860 1482 3197 1553 prmdicavit,
3226 1484 3325 1537 hoc
3358 1486 3561 1553 apostoli,
3587 1487 3649 1539 hoc

2178 1578 2351 1635 sancti
2376 1586 2643 1649 martyres
2664 1586 2718 1631 et
2735 1573 3080 1631 confcssorcs
3098 1592 3113 1635 ;
3128 1574 3249 1630 bare
3268 1590 3362 1629 nos
3379 1575 3653 1644 praelii-aiore

2179 1668 2564 1739 praedicamus,
2599 1668 2694 1723 sed
2735 1668 2970 1735 utinam,
2996 1666 3140 1722 sicut
3176 1682 3323 1726 voce.
3360 1668 3491 1723 itaet
3523 1670 3650 1739 opere!

2180 1757 2355 1829 Opere
2380 1758 2542 1813 finem
2561 1759 2751 1814 mundi
2774 1768 2828 1815 et
2845 1758 3142 1814 adventum
3170 1759 3319 1829 regni
3342 1758 3556 1813 animum
3573 1775 3657 1828 ιηι

486 1847 552 1926 ea
602 1867 841 1940 Spiritus
887 1872 1113 1920 sanctus
1145 1878 1241 1934 per
1282 1861 1563 1932 apostolos
1603 1860 1889 1915 convertit.
1940 1857 2078 1915 Nam

2186 1848 2455 1915 dicamus,
2470 1849 2516 1904 si
2530 1847 2795 1904 mundum
2811 1848 3041 1920 ejusque
3052 1848 3655 1917 illecebrascontemniuu,

488 1960 584 2017 diu
605 1959 723 2031 jam
743 1967 829 2014 est
858 1956 1003 2028 quod
1020 1955 1150 2011 Asia
1180 1954 1428 2010 credidit.
1464 1951 1661 2008 Subtili
1687 1967 1819 2024 ergo
1845 1953 2083 2010 occulto-

489 2068 597 2125 que
616 2050 827 2123 judicio
861 2048 1190 2121 quibusdam
1218 2046 1532 2118 praedicatio
1557 2044 1920 2111 subtrahitur,
1952 2044 2081 2115 quia

489 2143 746 2203 suscitari
780 2157 875 2215 per
900 2140 1131 2214 gratiam
1161 2155 1272 2195 nou
1303 2146 1602 2195 merentur.

562 2235 718 2293 Unde
752 2251 975 2293 necesse
1001 2242 1106 2301 est,
1140 2233 1339 2290 fratres
1367 2230 1702 2299 eliarissimi,
1729 2237 1790 2285 ut
1819 2229 1874 2285 in
1920 2244 2083 2285 omne

488 2328 638 2400 quod
683 2328 898 2401 agimus
947 2325 1161 2381 occulta
1192 2323 1288 2379 Dei
1327 2322 1536 2395 judicia
1567 2336 1731 2392 super
1755 2335 1856 2376 nos
1887 2318 2083 2374 timea-

490 2437 639 2490 mus,
663 2435 731 2477 ne
765 2420 898 2477 dum
938 2417 1183 2475 exterius
1215 2431 1376 2473 mens
1416 2424 1605 2471 nostra
1633 2413 1757 2470 fusa
1805 2428 1839 2467 a
1882 2426 1981 2467 sua
2025 2425 2084 2467 se

489 2512 771 2571 voluntate
805 2525 915 2566 non
948 2516 1190 2575 revocat,
1223 2506 1372 2563 intus
1400 2514 1592 2561 contra
1622 2519 1744 2560 eam
1776 2501 1942 2573 judex
1981 2509 2087 2556 ter-

489 2605 724 2661 ribiliter
748 2603 1024 2674 disponat.
1058 2599 1215 2669 Quod
1237 2600 1376 2655 bene
1405 2598 1625 2653 intuens
1644 2594 1935 2652 Psalmista
1957 2592 2034 2648 ait
2067 2610 2080 2646 :

497 2716 515 2751 ι
555 2695 749 2753 Venite
795 2703 850 2750 et
901 2694 1077 2749 videte
1128 2707 1295 2763 opera
1333 2689 1553 2745 Domini
1598 2703 1765 2760 quam
1826 2684 2084 2742 terribilis

492 2789 549 2845 in
597 2786 848 2845 consiliis
878 2800 1044 2858 super
1098 2784 1239 2840 filios
1291 2783 1579 2838 hominum
1626 2777 1800 2853 (Psal.
1854 2778 2001 2849 va).
2058 2796 2078 2829 ι

492 2878 642 2935 Vidit
689 2882 929 2949 namque
982 2876 1129 2949 quod
1177 2876 1323 2931 alius
1356 2872 1787 2930 misericorditer
1822 2878 2084 2936 vocatur;

492 2972 636 3035 alius
668 2970 882 3041 justitia
924 2968 1154 3040 occulta]
1181 2966 1493 3038 repellitur,
1546 2973 1602 3021 et
1648 2963 1776 3035 quia
1816 2963 1923 3017 alia
1961 2977 2089 3033 par-

492 3062 699 3129 cendo,
742 3062 849 3118 alia
885 3060 1172 3117 irascendo
1201 3057 1472 3130 disponit,
1520 3056 1778 3128 expavit,
1803 3055 1949 3126 quod
1992 3070 2088 3125 pe-

495 3163 716 3211 netrare
744 3170 851 3209 non
891 3152 1087 3225 potuit.
1126 3152 1194 3209 Et
1224 3152 1484 3223 quoniam
1516 3166 1628 3207 non
1654 3151 1834 3211 solum
1862 3149 2086 3206 investi-

494 3246 750 3318 gabilem,
783 3244 878 3302 sed
900 3245 1064 3301 etiam
1091 3245 1146 3300 in
1178 3243 1507 3316 quibusdam
1532 3242 1883 3299 inflexibilem
1925 3242 2083 3308 vidit,

493 3338 796 3396 terribilem
822 3354 944 3396 esse
973 3337 1317 3401 memoravit.
1358 3336 1637 3393 Moraliter
1656 3350 1788 3393 vero
1830 3337 2085 3408 praecepit

495 3439 699 3493 sanctae
726 3430 986 3488 Ecclesiae
1012 3430 1347 3503 pastoribus,
1370 3445 1440 3485 ne
1481 3430 1537 3485 in
1560 3429 1707 3487 viam
1735 3431 2003 3501 gentium,
2032 3430 2087 3485 id

493 3532 609 3592 est,
649 3538 718 3580 ne
746 3522 803 3579 in
845 3538 1062 3580 errores
1094 3531 1150 3580 et
1204 3521 1421 3594 negotia
1457 3521 1862 3578 mundanorum
1911 3522 2090 3578 homi-

496 3630 654 3683 num,
689 3614 992 3686 sequendo,
1022 3623 1149 3670 eant
1186 3621 1284 3669 :et
1322 3612 1379 3668 iu
1416 3612 1669 3669 civitates
1712 3611 2090 3667 Samaritano-

494 3722 643 3768 rum.
667 3705 719 3761 id
745 3714 851 3775 est,
885 3721 953 3761 ne
996 3705 1049 3759 in
1079 3705 1349 3761 tumultus
1377 3702 1809 3761 sollicitudinum
1834 3711 1889 3760 et
1928 3717 2090 3760 cura-

495 3814 619 3854 rum
646 3797 871 3865 intrent,
897 3796 990 3852 sed
1025 3805 1153 3854 eaut
1178 3796 1363 3868 potius
1382 3796 1451 3851 ad
1478 3810 1613 3851 oves
1640 3810 1768 3866 quae
1810 3795 2091 3865 perierunt

495 3888 697 3944 domus
716 3886 908 3954 lsrael,
947 3887 1001 3944 id
1035 3897 1118 3951 est
1146 3888 1215 3943 ad
1240 3888 1457 3944 ruinam
1484 3886 1795 3942 animarum
1828 3900 2091 3955 reparan-

497 3978 645 4034 dam.
696 3976 828 4035 Vult
875 3978 1076 4050 quippe
1121 3977 1386 4035 Dominus
1429 3977 1578 4047 quod
1618 3976 2005 4048 praedicatores
2038 3985 2094 4033 ct

496 4079 746 4143 pastores
761 4078 965 4126 sanctae
978 4068 1235 4126 Ecclesia:
1255 4086 1364 4125 non
1380 4070 1555 4125 solum
1576 4084 1789 4125 errores
1809 4077 1863 4129 et
1874 4070 2092 4139 publica

500 4160 783 4217 smcularis
810 4162 936 4216 vita:
961 4162 1203 4232 negotia,
1232 4162 1327 4218 sed
1353 4162 1520 4217 etiam
1561 4175 1756 4217 omnes
1777 4161 1913 4216 alias
1944 4162 2092 4217 solli-

500 4252 774 4311 citudines
798 4263 853 4310 et
884 4269 1048 4310 curas
1076 4253 1308 4325 fugiant,
1340 4262 1613 4325 quatenus
1644 4254 1747 4311 soli
1780 4255 2092 4315 animarum

500 4344 839 4417 reparationi
868 4344 1209 4403 incessanter
1238 4344 1540 4401 intendant.
1585 4344 1741 4413 Quod
1767 4355 1951 4418 aperte
1991 4362 2094 4404 nos

500 4435 757 4509 indignos
804 4444 1055 4509 pastores
1100 4436 1400 4509 redarguit,
1429 4438 1524 4508 qui
1569 4439 1702 4497 dum
1741 4440 2094 4499 saecularibus

2183 1941 2229 1998 si
2255 1940 2474 1996 divitias
2492 1983 2507 2008 ,
2534 1940 2581 1996 si
2612 1940 2883 2007 honores,
2904 1940 2952 1996 si
2977 1940 3185 2012 glorias
3216 1948 3269 1994 et
3305 1940 3558 2009 voluptates
3583 1940 3657 2007 ejus

2182 2032 2495 2105 abjicimus,
2519 2033 2566 2088 si
2595 2041 2709 2088 toto
2732 2032 3005 2088 desiderio
3038 2032 3108 2087 ad
3138 2032 3302 2087 aliam
3339 2032 3481 2087 vitam
3512 2029 3655 2085 [estina-

2183 2142 2328 2193 mus,
2353 2126 2398 2181 si
2423 2136 2643 2197 propter
2654 2141 2776 2180 eam
2787 2141 3133 2197 quaecunque
3147 2140 3427 2197 possumus
3446 2124 3655 2197 [humus].

2186 2216 2291 2273 Sed
2323 2217 2490 2289 (quod
2514 2217 2632 2273 sine
2661 2217 2920 2290 lacrymis
2947 2233 3166 2290 nequeo
3199 2217 3392 2287 dicere)
3422 2218 3657 2273 nosincon-

2183 2309 2414 2365 trarium
2450 2324 2768 2380 operamur,
2796 2319 2850 2365 et
2874 2309 3008 2365 dum
3039 2310 3309 2365 mundum
3336 2319 3389 2365 et
3409 2310 3507 2379 ejus
3519 2310 3659 2380 cupidi.

2183 2410 2324 2459 tates
2347 2401 2729 2472 amplectimur
2771 2410 2826 2458 et
2867 2410 3167 2469 sectamur,
3196 2410 3251 2458 et
3275 2416 3370 2474 pro
3405 2401 3660 2472 regaoetde

2186 2510 2309 2549 rum
2340 2494 2591 2548 laborare
2617 2493 2968 2565 negligimus,
3000 2494 3375 2565 pradicationi
3395 2505 3555 2547 nostra
3582 2507 3661 2560 ope

2184 2586 2339 2641 ribus
2382 2584 2692 2640 obviamus.
2746 2583 2806 2640 In
2854 2599 2967 2656 quo
3013 2584 3269 2642 infirmos
3314 2584 3661 2643 scandalilalits

2184 2677 2278 2755 qui
2308 2691 2475 2748 opera
2502 2684 2689 2733 nostra
2714 2676 3153 2746 considerantes,
3180 2678 3263 2746 Si,
3291 2676 3526 2747 inquiunt,
3547 2690 3661 2730 saru-

2188 2769 2289 2825 dos
2310 2768 2397 2824 vel
2424 2767 2717 2840 episcopus
2743 2783 2974 2840 regnum
3004 2769 3276 2826 caelorum
3303 2774 3665 2839 exspectaret.»

2186 2876 2463 2931 quaquam
2488 2860 2695 2917 mundo
2734 2861 3021 2933 tantisper,
3065 2858 3665 2932 mundanisquem

2186 2952 2520 3019 adhiererct;
2552 2961 2606 3007 et
2654 2952 2736 3008 sic
2773 2954 2919 3009 malo
2950 2954 3205 3024 exemplo
3247 2962 3423 3009 nostro
3446 2951 3647 3009 exorbitat

2188 3055 2274 3101 tes
2292 3062 2520 3117 regnum
2550 3046 2815 3103 caelorum
2844 3064 2955 3104 non
2969 3058 3314 3119 exspectant,
3337 3048 3421 3104 sed
3440 3045 3595 3103 mendo
3607 3044 3666 3097 ad-

2191 3142 2420 3211 hmrent,
2438 3160 2599 3214 quem
2618 3144 2698 3200 sic
2714 3144 3270 3215 semperduraturum
3289 3152 3477 3216 putant.
3490 3140 3666 3196 Sedeat:

2188 3237 2306 3308 ipsa
2326 3236 2484 3292 ruina
2506 3238 2698 3293 mundi
2738 3246 2851 3293 tam
2875 3252 2976 3293 nos
2997 3254 3171 3309 quam
3188 3239 3309 3296 illos
3323 3233 3667 3303 accusamuiw

2186 3330 2274 3387 bis
2290 3331 2597 3387 tacentibus
2606 3331 2721 3403 jam
2735 3346 2795 3388 se
2815 3347 3075 3388 casurum
3086 3333 3311 3397 clamat,
3327 3330 3506 3388 etaliud
3519 3339 3665 3397 ωειδ-

2186 3431 2478 3480 venturum
2508 3422 2866 3480 demonstrat.
2902 3423 3008 3479 Tot
3039 3434 3094 3480 et
3122 3425 3290 3481 tantis
3322 3425 3497 3496 quippe
3512 3418 3669 3476 nudis

2189 3528 2245 3574 et
2258 3515 3286 3586 tribulationibusmuudusamarescit,
3298 3516 3432 3588 quod
3443 3511 3671 3580 etimit!!!

2186 3618 2460 3666 amatores
2493 3622 2626 3665 suos
2663 3609 2781 3665 suis
2810 3609 3274 3666 amaritudinibus
3298 3624 3327 3664 a
3349 3622 3405 3664 se
3426 3604 3601 3675 repellit

2258 3700 2470 3773 Itaque,
2507 3699 2728 3768 fratres,
2754 3700 2884 3772 quia
2929 3701 3203 3757 mundum
3246 3701 3427 3758 cadere
3462 3696 3668 3755 cerni-I5.

2187 3811 2314 3852 eum
2338 3794 2637 3867 fugiamus,
2662 3809 2732 3850 ne
2758 3810 2887 3851 cum
2914 3795 3148 3852 cadente
3192 3796 3353 3852 simul
3379 3794 3599 3850 cedamus.
3624 3785 3669 3838 De

2188 3887 2351 3943 ruina
2396 3886 2588 3942 mundi
2616 3901 2718 3943 nos
2742 3887 3075 3957 quantocius
3103 3888 3492 3949 subtrahamus,
3509 3893 3609 3939 etet
3626 3893 3667 3933 ca

2189 3992 2332 4050 quos
2357 3994 2654 4049 possumus
2683 3979 3071 4047 curabamus,
3104 3990 3161 4035 et
3194 3979 3261 4035 ad
3294 3977 3587 4036 memmium
3618 3988 3671 4025 m-

2190 4086 2360 4145 gnum
2395 4072 2661 4127 ccelorum
2693 4070 3114 4141 pmnittamus.
3142 4066 3671 4142 Quarto,de

2191 4178 2351 4235 agere
2376 4162 2621 4218 ostendit
2651 4177 2779 4218 cum
2804 4163 2990 4219 subdit
3008 4182 3023 4218 :
3040 4162 3296 4235 Inﬁrmus
3324 4167 3671 4226 curate-erm

2191 4256 2467 4323 euscitate,
2496 4254 2728 4327 leprosos
2779 4257 3052 4323 mandate,
3093 4249 3356 4312 Jcmonea
3397 4254 3559 4324 ἠείδη.
3582 4245 3668 4313 Oli:

2191 4349 2340 4407 enim
2366 4356 2497 4405 tunc
2532 4348 2773 4404 mundus
2794 4348 2989 4405 adhuc
3028 4348 3279 4415 ﬂorebat,
3308 4349 3460 4405 homo
3476 4344 3550 4400 diu
3572 4342 3668 4393 vite-

2192 4440 2307 4509 bat,
2340 4440 2643 4497 visibilium
2688 4438 2965 4497 bonorum
3005 4441 3287 4511 opulentia
3327 4435 3611 4496 exuberabat.
3636 4438 3670 4481 ει

501 4528 737 4602 negotiis
774 4527 1136 4598 intendimus,
1160 4538 1216 4586 et
1252 4529 1423 4593 variis
1455 4529 1720 4601 vanisque
1745 4531 1895 4595 curis
1926 4546 2093 4589 oecu-
2124 4567 2169 4626 D
2194 4532 2263 4589 ad
2291 4546 2353 4589 se
2372 4531 2628 4589 homines
2653 4531 2923 4599 trahebat,
2959 4540 3021 4587 ut
3040 4532 3150 4589 alia
3180 4532 3321 4588 bona
3358 4545 3455 4586 non

499 4621 720 4695 paritur,
749 4636 853 4693 nec
898 4629 1233 4691 nostrarum,
1275 4636 1377 4679 nec
1402 4622 1827 4681 commissarum
1853 4623 2090 4685 aliarum
2124 4612 2165 4626 "
2199 4622 2309 4679 nisi
2335 4638 2458 4694 quae
2486 4622 2767 4692 videbant,
2794 4623 2919 4680 ideo
2962 4624 3169 4681 sanctis
3202 4619 3591 4695 praedicatoribus
3607 4612 3665 4666 ιδ·

504 4713 725 4783 utilitati
778 4713 948 4786 (sicut
996 4717 1232 4788 oportet)
1289 4715 1658 4787 invigilemus.
1717 4714 1903 4773 Tertio
1957 4734 2089 4776 vero

500 4806 647 4878 quod
670 4806 967 4878 praedicare
987 4806 1221 4865 debeant
1239 4808 1477 4867 ostendit
1500 4808 1789 4877 Dominus,
1815 4825 1942 4867 cum
1966 4809 2090 4869 sub-

497 4897 715 4971 iungit:
746 4896 1464 4970 Euntesgautempmdicate.
1498 4901 1577 4959 Ac
1602 4902 1650 4961 si
1678 4912 1864 4973 aperte
1899 4901 2083 4959 dicat:

502 4987 597 5046 Sic
641 4988 763 5061 sitis
794 4988 973 5051 festivi
1013 4999 1070 5063 et
1097 4991 1291 5048 intenti
1322 4992 1716 5064 prmdicationi,
1737 4994 1885 5065 quod
1921 4993 2086 5052 etiam

499 5080 684 5137 eundo
739 5082 1078 5153 praedicetis,
1125 5092 1182 5145 et
1216 5084 1566 5155 praedicando
1616 5084 1776 5152 eatis,
1824 5095 2099 5156 quatenus

502 5192 608 5234 nec
648 5176 741 5239 via
787 5178 1048 5251 impediat
1108 5180 1574 5251 praedicationem,
1622 5196 1724 5238 nec
1778 5180 2098 5252 praedicatio

501 5265 672 5335 viam,
705 5275 767 5324 ut
788 5269 993 5335 scilicet
1018 5269 1327 5341 praedicetis
1368 5287 1482 5328 non
1522 5270 1702 5331 solum
1729 5270 1785 5327 in
1809 5271 1976 5339 villis,
1998 5271 2097 5329 sed
2136 5282 2145 5287 ‘

502 5358 673 5425 etiam
737 5358 793 5416 in
851 5361 978 5432 viis,
1040 5377 1151 5429 non
1226 5364 1406 5423 solum
1457 5363 1715 5436 populis,
1773 5364 1870 5422 sed
1926 5363 2093 5420 etiam

502 5450 777 5522 personis,
799 5464 912 5508 non
956 5451 1137 5509 solum
1165 5452 1403 5523 civibus,
1433 5456 1530 5527 sed
1572 5457 1740 5519 etiam
1766 5454 2094 5527 peregrinis,

502 5541 758 5616 agricolis
784 5552 844 5601 et
868 5544 1190 5605 viatoribus.
1228 5546 1289 5603 In
1317 5563 1430 5619 quo
1470 5564 1576 5607 nos
1612 5548 1821 5621 indigni
1845 5558 2096 5620 tuismet

398 5648 399 5651 ‘
504 5631 876 5705 confutamur,
904 5637 1001 5709 qui
1024 5637 1092 5694 ad
1128 5637 1535 5709 praedicandum
1559 5640 1699 5701 tardi
1729 5640 1979 5712 pigrique
2007 5655 2099 5696 su-

505 5738 653 5794 mus,
680 5728 774 5798 qui
794 5728 965 5797 diem,
996 5729 1179 5785 locum
1213 5738 1269 5784 et
1294 5740 1626 5793 conventum
1667 5731 1954 5792 hominum
1991 5747 2091 5788 ex-

507 5824 839 5889 spectamus,
883 5829 938 5878 et
971 5821 1194 5893 quando
1228 5835 1434 5891 paucos
1477 5823 1746 5884 habemus
1791 5824 2094 5892 auditores,

2190 4715 2383 4786 juncta
2408 4722 2538 4770 sunt
2560 4714 2849 4783 miracula,
2876 4725 2939 4771 ut
2961 4716 3135 4773 virtus
3170 4725 3384 4773 ostensa
3409 4714 3536 4769 daret
3555 4704 3669 4761 tedis

2195 4806 2379 4875 fidem,
2405 4814 2460 4863 et
2480 4821 2623 4863 nova
2654 4807 2902 4864 facerent
2946 4807 3044 4879 qui
3072 4824 3215 4866 nova
3242 4806 3567 4879 radiarent.
3582 4810 3667 4867 en-

2196 4907 2356 4956 tenus
2383 4913 2482 4969 per
2503 4914 2571 4955 ea
2604 4899 2870 4956 miracula
2903 4916 3031 4966 quae
3060 4899 3401 4957 faciebantiu
3431 4895 3562 4962 rebus
3580 4888 3665 4943 *δ’

2196 4991 2420 5059 bilibus,
2445 4991 2760 5049 crederetur
2781 4992 2866 5050 eis
2884 4991 2955 5049 de
2980 4991 3311 5050 invisilibus.
3344 4990 3420 5047 Ad
3438 4980 3666 5053 δοεςιὶπε

2196 5082 2462 5141 miracula
2489 5092 2808 5153 coruscant,
2834 5092 2898 5140 ut
2927 5086 3095 5140 corda
3133 5082 3418 5141 videntium
3454 5078 3513 5136 ad
3538 5068 3665 5130 inviSi'

2198 5173 2390 5233 bilium
2412 5172 2575 5231 fidem
2599 5175 2841 5233 trahant.
2890 5174 3047 5233 Unde
3074 5192 3198 5234 eum
3225 5176 3356 5232 fides
3392 5187 3513 5230 nunc
3534 5164 3665 5230 Ilii"

2196 5280 2338 5337 pene
2382 5264 2606 5322 dilatata
2634 5277 2739 5333 est,
2770 5266 2926 5324 multi
2951 5277 3083 5325 sunt
3108 5268 3163 5325 in
3188 5261 3419 5325 Ecclesia
3457 5261 3533 5335 qui
3557 5257 3663 5311 tibi

2196 5357 2419 5429 quidem
2446 5358 2713 5416 virtutum
2737 5367 2942 5428 tenent,
2964 5362 3061 5418 sed
3082 5362 3236 5434 signa
3257 5362 3489 5417 virtutum
3506 5368 3586 5409 Ml
3603 5348 3662 5401 δι’

2196 5450 2349 5508 bent.
2376 5449 2537 5519 Nam,
2562 5460 2702 5510 teste
2726 5451 2921 5522 Paulo,
2948 5454 3149 5527 lingua:
3172 5455 3230 5511 in
3255 5454 3569 5526 signinum
3591 5452 3661 5527 ιη

2195 5541 2470 5610 fidelibus,
2497 5543 2596 5605 sed
2620 5542 2954 5601 infidelibus.
2992 5524 3323 5603 Unde‘idem‘
3336 5541 3510 5599 Paulus
3529 5531 3594 5605 qui
3615 5524 3659 5580 ad

2195 5634 2638 5708 praedicationem
2668 5651 2827 5695 suam
2847 5636 3203 5695 dormientem
3230 5635 3517 5708 Eutychum.
3532 5621 3659 5681 οὖν

2198 5738 2418 5803 temque
2445 5731 2514 5787 de
2532 5730 2777 5789 fenestra
2800 5748 2924 5801 sua,
2946 5740 3003 5790 et
3030 5734 3105 5791 ita
3126 5743 3391 5789 mortuum
3414 5735 3560 5783 conn

2195 5799 2409 5880 delibus
2432 5823 2719 5882 suscitavit
2736 5823 2879 5896 (Act.
2904 5799 3026 5895 ax),
3046 5834 3100 5883 et
3121 5821 3359 5897 ininsula
3369 5799 3655 5875 limati!"
