1917 3166
50 186 136 215 559.!
638 186 805 215 liOMlthE.
825 202 861 207 -—~

47 244 174 271 delibus
197 242 288 278 plena,
309 246 415 278 patrem
443 242 532 270 Publii
555 243 710 280 dysenteria
732 248 861 273 vexatum

47 289 172 316 sanavit
187 288 258 325 (Act.
275 289 388 324 xxviii),
407 288 573 325 discipulum
587 296 669 317 suum
685 289 860 318 Timotheum

50 335 206 362 inﬁrmum
229 334 314 362 verbo
336 342 391 363 non
412 340 502 370 curat,
518 335 567 364 sed
584 336 740 364 medicinali
758 340 817 364 arte
835 336 861 365 ei

49 381 167 408 mederi
183 385 271 416 pa‘at,
289 381 384 409 dicens
401 391 407 409 :
427 391 438 408 ε
451 382 558 410 Modico
581 382 646 410 vino
661 387 738 411 utere
750 386 862 418 propter

48 428 237 455 stomachum
244 433 270 455 et
277 427 434 464 frequentes
440 434 502 457 tuas
510 429 717 466 inﬁrmitates“
726 429 837 465 Titum).
848 439 858 455 ι

47 473 117 501 Cur
132 480 208 509 ergo,
223 474 296 502 sicut
307 475 456 509 inﬁdelem,
471 476 509 503 ita
524 476 631 504 ﬁdelem
643 476 727 504 verbo
740 484 795 504 non
810 483 860 504 cu-

48 521 122 547 rat?
139 520 193 548 nisi
207 520 273 556 quia
290 521 335 549 ille
352 530 400 557 per
411 522 577 551 exteriorem
593 523 766 551 curationem
787 522 861 552 intus

47 566 203 595 curandus
221 572 291 602 erat,
314 571 342 596 et
364 568 415 596 iste
435 569 566 597 exteriori
588 569 668 605 signo
687 569 858 598 erudiendus

50 621 113 640 non
130 617 200 647 erat,
215 613 264 649 qui
279 613 354 642 intus
365 614 513 643 salubriter
534 615 652 644 vivebat.
669 615 741 650 Quia
766 616 860 652 igitur,

50 659 163 687 fratres
183 660 247 694 mei,
271 668 347 688 nunc
371 661 463 689 ﬁdeles
489 662 671 690 exterioribus
698 662 784 698 signis
804 670 859 690 non

49 711 152 741 egent,
166 706 329 735 ittsistamus
344 707 468 736 interiori
483 708 637 736 animarum
650 708 798 742 curationi,
814 708 859 735 iu—

49 752 159 779 tirmos
173 752 200 779 in
216 752 279 786 ﬁde,
299 752 435 788 doctrina,
451 754 678 782 etadmonitioue
694 761 824 782 curemus
832 758 860 781 et

50 798 265 827 conﬁrmemus.
299 798 422 828 Hor-tuos
445 799 473 827 in
493 800 613 835 peccatis
636 800 809 828 correctione
830 805 859 828 et

49 844 197 879 spirituali
210 845 326 873 consilio
345 846 563 881 resuscitemus;
580 846 704 882 leprosos
721 846 857 874 haeresum

47 896 78 918 et
102 899 233 919 errorum
260 892 403 926 varietate,
428 892 560 921 doctrinis
582 892 707 921 ﬁdelibus
726 892 858 921 emunde-

50 946 141 970 mns;
156 942 269 965 vexatos
282 946 299 965 a
322 937 423 966 diaboli
447 939 678 975 suggestionibus,
695 939 856 967 sacerdotali

48 991 141 1018 rpere
166 984 325 1013 liberemus.
354 984 468 1018 Quinto,
483 985 624 1020 quomodo
650 985 707 1013 haec
732 984 856 1013 facienda

48 1030 111 1057 sint
137 1029 270 1063 ostendit,
284 1038 348 1058 cum
360 1030 472 1059 subdit:
490 1030 581 1058 Gratia
602 1031 752 1066 accepirtis.
773 1031 856 1066 gratis

47 1077 127 1104 dare.
143 1076 309 1104 Praesciebat
319 1083 438 1113 namque
451 1076 585 1105 Dominus
600 1077 750 1105 nonnul‘os
766 1077 856 1113 ipsum

53 1122 149 1150 sancti
167 1121 287 1157 Spiritus
302 1123 406 1151 donum
433 1123 468 1151 ad
489 1123 633 1151 avaritiam
657 1123 855 1152 declinaturos.

51 1168 135 1197 Unde
157 1168 252 1196 Simon
274 1176 323 1204 per
338 1169 541 1205 impositionem
559 1177 659 1199 manus
681 1171 754 1199 edita
771 1171 856 1199 mira-

49 1215 117 1242 cula
140 1215 352 1250 concupiscens,
380 1216 433 1244 hoc
453 1216 569 1251 pecunia
596 1224 687 1245 emere
706 1217 802 1251 voluit,
827 1221 858 1245 ut

49 1260 179 1288 deterius
192 1261 323 1290 venderet
335 1262 410 1297 quod
424 1262 494 1289 male
506 1267 694 1298 comparasset
706 1263 855 1298 (Act.vut).

51 1306 124 1335 llinc
139 1308 174 1336 de
186 1308 287 1343 templo
301 1308 436 1337 Dominus
450 1308 556 1345 ﬂagello
566 1309 600 1337 de
617 1309 747 1337 resticulo
762 1309 856 1338 turbas

49 1354 151 1389 cjecit,
185 1354 331 1384 cathedras
366 1355 543 1383 vendentium
577 1356 722 1384 columbas
758 1356 857 1384 evertit

51 1400 168 1434 (πρωί.
188 1400 257 1436 xxi).
278 1400 428 1429 Columbae
445 1402 546 1437 quippe
565 1402 684 1430 vendere
705 1406 747 1430 est
771 1402 857 1438 impo-

51 1446 185 1474 sitionern
201 1453 334 1474 manuum
355 1453 409 1481 qua
433 1445 553 1482 Spiritus
575 1452 687 1475 sanctus
710 1447 854 1483 accipitur,

52 1500 107 1519 uou
132 1492 169 1520 ad
189 1492 252 1520 vita:
275 1492 415 1526 meritum,
434 1492 481 1520 sed
504 1492 539 1520 ad
562 1493 706 1529 przemium
726 1494 802 1523 dare.
823 1494 857 1522 Et

52 1541 119 1564 sunt
138 1537 263 1565 nonnulli
282 1537 330 1573 qui
351 1537 472 1573 quidem,
486 1537 539 1565 etsi
554 1545 609 1566 non
623 1538 767 1567 conferant
782 1540 855 1568 ordi-

877 186 909 215 ll.
932 187 976 215 DE
996 187 1150 217 SANCTIS.
1639 190 1708 219 1522

876 246 898 276 Δ
914 245 997 273 tiones
1009 246 1099 273 variat
1122 245 1270 273 incideritir
1286 245 1357 281 (Jac.
1375 245 1406 282 l),
1427 250 1479 274 etc.
1505 246 1707 283 Quadripartita

911 296 954 319 cst
968 292 1026 320 haec
1041 292 1133 326 lectio,
1151 291 1252 320 fratres
1267 293 1331 320 mei.
1350 292 1442 320 Primo
1465 293 1537 321 enim
1552 302 1603 322 nos
1615 299 1709 322 monet

913 339 1056 374 apostolus
1076 343 1108 367 ut
1130 339 1158 367 in
1171 339 1397 368 tribulationibus
1410 340 1513 368 nostris
1528 341 1705 376 gaudeamus.

912 384 1050 418 Secundo,
1063 389 1093 413 ut
1105 385 1269 420 sapientiam
1290 393 1307 413 a
1327 385 1383 413 Deo
1399 386 1580 421 postulamus.
1599 385 1706 422 Tertio,

911 430 1348 466 promittithumiliexaltationem
1356 432 1464 460 etdiviti
1476 432 1706 461 humiliationem.

911 476 1026 511 Quarto,
1038 477 1157 505 ostendit
1175 478 1284 505 beatum
1300 485 1361 506 esse
1378 478 1426 513 qui
1441 478 1523 506 habet
1535 478 1706 513 patientiam.
1726 509 1728 512 τ

911 523 1005 552 Primo
1023 523 1107 560 igitur
1133 524 1263 560 quoniam
1288 524 1411 560 plerique
1435 528 1581 559 nostrum,
1609 524 1708 554 fratres

912 570 976 604 mei,
984 570 1013 597 in
1024 569 1238 599 adversitatibus
1246 570 1429 598 ultramodum
1436 570 1539 604 dolent,
1546 570 1708 599 deﬁciuntet

912 615 1077 651 desperant,
1088 616 1214 644 hortatur
1228 624 1280 644 nos
1290 616 1431 652 apostolus
1443 624 1478 644 ne
1490 616 1518 643 in
1535 616 1708 644 adversitati—

912 661 964 689 bus
973 660 1126 695 doleamus,
1134 662 1180 690 sed
1195 662 1286 698 potius
1294 662 1473 699 gaudeamus,
1488 662 1582 690 dicens
1599 671 1605 688 :
1624 662 1708 690 Omne

912 708 1041 744 gaudium
1048 709 1209 742 existimate.
1221 709 1329 744 fratrea,
1337 717 1398 736 cum
1407 709 1435 736 in
1449 709 1605 736 tentationes
1617 709 1706 736 varia:

909 753 1059 781 incideritis
1084 752 1170 782 Vocat
1180 758 1272 782 autem
1282 755 1462 783 adversitates
1476 760 1504 783 et
1515 755 1706 784 tribulationcs

910 798 993 834 hujus
1004 799 1099 828 mundi
1110 800 1287 834 tentationes,
1299 801 1430 836 quoniam
1440 809 1489 836 per
1499 809 1547 829 eas
1567 805 1705 828 tentantur

910 850 1002 874 utrum
1009 846 1081 875 firmi
1089 848 1131 875 vel
1138 847 1240 875 inﬁrmi
1248 848 1344 875 simus.
1358 847 1413 876 llas
1419 852 1511 875 autem
1517 853 1597 875 vocat
1604 847 1704 881 varias,

909 892 1040 926 quoniam
1051 893 1295 928 quemadmodum,
1304 893 1384 928 juxta
1392 893 1551 921 varietatem
1567 893 1705 922 membro-

909 946 981 972 rum,
999 944 1042 967 cst
1056 940 1176 967 varietas
1190 940 1370 973 medelarum,
1383 939 1431 973 ita,
1446 939 1525 974 juxta
1544 940 1704 967 varietatem

908 993 1027 1019 morum,
1052 986 1198 1013 adhibetur
1212 993 1228 1012 a
1243 993 1353 1013 summo
1377 985 1485 1013 medico
1510 985 1630 1013 varietas
1655 985 1705 1013 tri-

909 1031 1091 1060 bulationum.
1117 1031 1188 1065 Quia
1212 1039 1332 1066 namque
1355 1031 1467 1066 quidam
1491 1031 1655 1067 delinquunt
1676 1031 1704 1059 in

909 1078 995 1106 nimio
1018 1086 1113 1106 amore
1139 1082 1166 1105 et
1196 1085 1248 1105 usu
1280 1085 1373 1105 rerum
1401 1077 1615 1113 temporalium,
1644 1078 1705 1105 ideo

906 1124 980 1160 juslc
1009 1124 1163 1160 puniuntur
1194 1123 1222 1150 in
1253 1122 1475 1150 damniﬁcatione
1502 1131 1607 1150 earum.
1634 1122 1704 1156 Quia

907 1178 973 1198 vero
998 1170 1046 1198 alii
1072 1170 1233 1206 delinquunt
1263 1169 1290 1195 in
1307 1168 1393 1196 nimio
1421 1177 1516 1197 amore
1543 1169 1703 1204 conjugum,

908 1216 1026 1244 ﬁliorum
1055 1220 1082 1245 ct
1104 1216 1278 1248 amicorum,
1310 1214 1373 1243 ideo
1398 1214 1472 1250 juste
1498 1215 1649 1250 puniuntur
1677 1215 1704 1241 in

907 1261 1057 1289 amissione
1089 1269 1196 1289 eorum.
1224 1260 1294 1295 Quia
1325 1268 1434 1296 quoque
1461 1261 1553 1296 plures
1580 1260 1626 1287 alii
1654 1260 1704 1287 de-

908 1308 1035 1343 linquunt
1052 1307 1080 1335 in
1107 1307 1246 1342 voluptate
1270 1306 1363 1333 carnis
1381 1306 1516 1341 propriae,
1550 1307 1609 1333 ideo
1630 1306 1703 1341 justc

907 1353 1059 1388 puniuntur
1080 1353 1107 1381 in
1128 1353 1250 1389 ejusdem
1275 1351 1432 1381 afflictione.
1456 1352 1488 1380 Et
1511 1353 1544 1380 de
1569 1353 1706 1381 similibus

908 1399 1043 1428 similiter.
1069 1399 1270 1428 Convenienter
1292 1403 1384 1428 autem
1398 1420 1408 1434 ,
1427 1399 1506 1435 juxta
1531 1399 1703 1429 infirmorum

907 1446 1127 1480 aestimationem,
1142 1446 1192 1480 ait,
1216 1446 1377 1480 incideritit,
1395 1445 1475 1481 quasi
1489 1445 1523 1473 de
1538 1445 1594 1473 alto
1607 1450 1635 1473 et
1649 1445 1703 1473 im-
1743 1444 1745 1446 ’

907 1493 1028 1529 proviso.
1044 1491 1148 1520 Inﬁrmi
1163 1492 1264 1528 quippe
1288 1496 1416 1528 reputant
1436 1491 1614 1528 temporalem
1639 1499 1704 1527 pro-

907 1538 1065 1573 speritatem
1086 1545 1147 1566 esse
1167 1537 1246 1574 quasi
1276 1537 1445 1566 altitudinem
1470 1543 1498 1567 et
1522 1538 1702 1566 felicitatem:

876 923 895 950 Β

53 1582 208 1617 nationem,
227 1583 271 1611 vel
298 1577 419 1619 aliquam
435 1583 517 1611 aliam
541 1584 756 1613 ecclesiasticam
772 1586 854 1613 miui—
868 1596 890 1626 ο
906 1584 1099 1612 adversitatem
1114 1590 1180 1611 vero
1192 1583 1273 1619 quasi
1286 1583 1437 1619 quamdam
1449 1583 1661 1619 profunditatem
1676 1587 1704 1611 ct

53 1629 230 1663 stratiouem,
256 1634 368 1665 propter
395 1629 542 1665 pecuniam
562 1634 655 1658 tamen
676 1638 737 1658 eam
760 1631 854 1660 confe-

54 1679 132 1709 runt,
147 1675 190 1703 vel
205 1680 316 1711 propter
328 1675 503 1711 obsequium,
526 1676 569 1704 vel
590 1682 701 1712 propter
721 1676 854 1712 faverent,

54 1720 94 1747 vel
110 1725 223 1756 propter
231 1721 434 1757 cognationem,
448 1721 491 1749 vel
504 1726 616 1757 propter
629 1721 854 1757 familiaritatem,

54 1767 96 1795 vel
124 1772 237 1802 propter
255 1775 368 1803 precum
393 1767 564 1803 instantiam,
577 1768 619 1796 vel
630 1773 741 1804 propter
763 1773 856 1805 poten-

56 1817 113 1840 tum
142 1813 279 1847 timorem,
294 1814 338 1841 vel
351 1818 462 1849 propter
475 1814 597 1850 aliquam
611 1814 693 1842 aliam
717 1819 854 1843 terrenam

54 1859 247 1887 intentionem.
272 1859 323 1893 Qui
345 1867 442 1888 omnes
457 1861 553 1896 procul
574 1860 659 1889 dubio
683 1868 734 1888 nec
757 1861 853 1897 gratis,

54 1914 104 1933 nec
113 1905 191 1941 juste
205 1905 340 1938 tribuunt,
351 1907 483 1941 quoniam
496 1906 682 1935 in‘tribuendo
692 1914 749 1934 non
757 1906 852 1941 Deum,

55 1952 102 1979 sed
118 1956 258 1979 terrenam
269 1960 382 1980 causam
395 1953 550 1981 attendunt.
571 1952 609 1980 De
624 1953 726 1988 quibus
740 1953 855 1981 Psalmi-

55 2001 96 2025 sta
111 2006 120 2025 :
141 2006 150 2023 ε
169 1996 198 2024 in
213 2005 343 2032 quorum,
353 1998 452 2034 inquit,
463 1998 591 2026 manibus
605 1998 763 2033 iniquitates
774 2004 853 2033 sunt;

56 2043 172 2070 dextera
183 2050 280 2070 eorum
292 2043 395 2078 repleta
416 2048 459 2071 cst
470 2042 631 2071 muneribus
647 2042 734 2078 (Psal.
749 2043 824 2080 xxv).
841 2054 850 2071 ι

58 2087 90 2115 Ει
103 2088 192 2117 Isaias
204 2088 313 2117 beatum
326 2089 416 2117 virum
428 2089 587 2118 describens
602 2089 659 2117 ait:
676 2099 685 2116 ι
694 2089 795 2118 Beatus
807 2090 854 2126 qui

55 2134 161 2162 excutit
175 2142 275 2162 manus
286 2142 353 2163 suas
367 2135 402 2164 ab
417 2135 493 2162 omni
504 2143 618 2163 munere
629 2134 700 2171 (Isa.
715 2136 824 2171 xxxiii).
842 2146 851 2163 ι

56 2179 102 2207 Ille
125 2179 209 2216 igitur
222 2180 299 2209 solus
321 2180 406 2216 gratis
425 2185 453 2209 ct
463 2181 538 2217 justo
561 2181 655 2216 donat,
675 2182 723 2217 qui
744 2186 855 2218 propter

58 2225 145 2255 Deum
169 2226 259 2255 solum
276 2231 304 2255 et
319 2227 403 2264 digno
431 2227 523 2255 donat.
543 2227 648 2264 itaque,
671 2227 770 2257 fratres
787 2229 852 2264 mei,

907 1630 1057 1665 miseriam;
1073 1634 1101 1658 et
1115 1630 1181 1658 dum
1194 1630 1223 1658 iu
1238 1629 1294 1657 alto
1308 1629 1509 1666 prosperitatis,
1521 1629 1601 1665 quasi
1612 1629 1703 1657 securi

906 1677 1127 1712 requiescentes,
1152 1683 1208 1703 non
1232 1675 1466 1712 praeconsiderant
1489 1674 1700 1708 tribulationes,

906 1722 986 1758 quasi
1000 1722 1034 1751 de
1057 1722 1208 1757 improviso
1234 1722 1345 1750 cadunt.
1357 1721 1393 1750 At
1406 1721 1526 1757 sapiens,
1542 1720 1589 1756 qui
1605 1728 1701 1749 omnes

906 1767 1071 1805 temporales
1083 1766 1281 1803 prosperitates
1295 1766 1422 1802 intelligit
1438 1774 1510 1800 esse,
1526 1774 1580 1794 non
1595 1766 1701 1794 exalta-

907 1813 1020 1846 tionem,
1036 1812 1083 1841 sed
1096 1812 1188 1848 potius
1204 1812 1329 1846 insidias,
1346 1811 1509 1840 tentationes
1528 1816 1555 1839 et
1577 1811 1701 1839 adversi-

905 1863 976 1887 tates
997 1859 1075 1887 novit
1096 1866 1157 1887 esse
1175 1858 1258 1894 iustis
1284 1858 1423 1893 perutiles,
1448 1858 1511 1894 quia
1536 1866 1643 1893 semper
1657 1866 1704 1886 cas

906 1904 1038 1941 praevidet
1050 1909 1078 1933 et
1091 1908 1246 1940 exspectat;
1270 1912 1333 1933 cum
1357 1904 1470 1932 veniunt
1486 1912 1540 1931 non
1556 1903 1639 1937 cadit,
1655 1903 1703 1931 sed

908 1951 999 1987 potius
1012 1958 1059 1980 eas
1085 1955 1223 1987 gratanter
1244 1950 1354 1986 excipit.
1375 1949 1419 1977 Ait
1431 1958 1506 1986 ergo,
1523 1950 1621 1978 fratres
1636 1950 1701 1983 mei,

907 2005 967 2023 cum
980 1997 1165 2024 incideritisiu
1178 1996 1267 2024 uarias
1282 1996 1451 2030 tentatianes,
1463 1996 1614 2023 existimate
1629 2004 1704 2023 omne

907 2043 1036 2078 gaudium
1060 2042 1140 2071 vobis
1175 2046 1384 2078 preventurum.
1415 2040 1502 2069 Porro
1526 2040 1700 2077 gaudiorum,

907 2089 981 2117 aliud
1002 2093 1045 2117 est
1070 2096 1152 2117 omne
1175 2089 1318 2126 gaudium,
1341 2088 1415 2116 aliud
1439 2087 1543 2115 nullum
1561 2087 1702 2124 gaudium,

907 2135 980 2163 aliud
996 2135 1135 2171 quoddam
1150 2136 1293 2172 gaudium.
1307 2133 1395 2163 Omne
1418 2134 1547 2172 gaudium
1572 2140 1614 2162 est
1634 2142 1703 2170 gau-

907 2182 983 2210 dium
998 2181 1136 2218 generale,
1148 2189 1243 2210 verum
1260 2185 1288 2210 et
1298 2185 1440 2209 aeternum.
1467 2180 1598 2209 Generale
1609 2201 1616 2213 ,
1644 2180 1704 2208 sine

905 2228 997 2264 aliquo
1014 2235 1151 2262 interere;
1176 2235 1286 2260 verum,
1312 2226 1373 2255 sine
1397 2226 1532 2260 falsitate;
1558 2230 1702 2260 mteruum,

59 2277 145 2300 totam
163 2273 249 2301 vitam
273 2277 396 2302 nostram
422 2278 578 2302 scrutemur
600 2278 628 2302 et
650 2274 855 2311 circumspicia-
871 2279 892 2307 ο
905 2273 964 2301 sine
978 2273 1042 2301 ﬁne.
1058 2272 1136 2301 Unde
1151 2272 1282 2304 Dominus
1296 2271 1439 2307 discipulis
1453 2271 1512 2300 suis
1539 2271 1576 2298 ait
1591 2280 1598 2297 :
1612 2280 1621 2296 ι
1633 2270 1703 2298 Gau-

58 2326 131 2352 mus,
146 2326 293 2347 caveamus
318 2327 353 2347 ne
375 2320 447 2347 mala
467 2319 673 2355 quoquomodo,
698 2328 749 2349 nec
773 2321 855 2349 etiam

58 2363 131 2392 bona
140 2372 210 2392 vana
224 2365 374 2393 intentione
385 2365 529 2393 faciamus.
539 2365 720 2394 intentionem
731 2367 855 2395 omnium

58 2411 228 2439 voluntatum
240 2416 268 2439 et
283 2412 473 2447 operatiouum
488 2416 645 2440 nostrarum
662 2412 697 2440 ad
714 2413 800 2441 Deum
812 2413 856 2441 di-

60 2456 191 2492 rigamus,
200 2465 309 2486 omnem
324 2458 473 2485 vanitatem
489 2467 504 2486 a
520 2459 600 2486 nobis
614 2459 858 2494 circumcidamus,

60 2503 190 2531 mundum
202 2512 264 2532 cum
277 2504 473 2540 cupiditatibus
487 2504 546 2533 suis
554 2509 776 2539 contemnamus,
788 2514 857 2541 pau-

60 2548 98 2577 cis
110 2550 232 2577 contenti
246 2550 381 2584 vivamus,
393 2558 564 2587 quaecunque
575 2559 724 2587 possumus
731 2551 764 2579 de
776 2551 857 2580 ruina

61 2594 143 2630 hujus
153 2596 248 2624 mundi
260 2597 294 2624 ad
306 2597 444 2625 caelestem
459 2597 575 2632 patriam
587 2605 636 2633 per
647 2605 746 2625 manus
757 2605 857 2634 paupe-

63 2649 121 2668 rum
135 2641 350 2676 transferamus;
367 2643 432 2671 illuc
444 2647 502 2671 toto
517 2643 663 2677 desiderio,
676 2644 740 2672 totis
750 2644 856 2672 viribus

62 2687 231 2722 suspiremus
244 2692 272 2716 et
286 2688 441 2716 tendamus.
460 2688 539 2722 Quod
553 2689 632 2717 nobis
647 2695 751 2718 annuat
762 2689 861 2724 Pater,

61 2736 87 2759 ct
101 2732 197 2769 Filius,
211 2738 240 2762 et
250 2733 370 2769 Spiritus
381 2738 504 2762 sanctus.

256 2780 427 2810 COMMUNE
442 2780 653 2810 MARTYRUM.

434 2827 480 2855 lX.

277 2881 356 2902 UNIUS
372 2881 517 2902 κυιτνιιιε.
537 2882 633 2903 εειιυο.

99 2915 179 2946 Omtte
193 2917 322 2954 gaudium
340 2919 502 2954 existimate,
519 2919 628 2955 fratres,
646 2928 706 2948 cum
720 2920 747 2948 in
766 2924 855 2948 tenta-

910 2318 994 2351 debit,
1006 2318 1106 2354 inquit,
1120 2325 1168 2345 cor
1178 2322 1300 2345 vestrum
1315 2326 1322 2351 ;
1339 2317 1472 2353 gaudium
1482 2323 1603 2344 vestrum
1621 2323 1702 2344 nemo

911 2364 987 2392 tollet
998 2373 1014 2392 a
1025 2363 1202 2400 vobis(Joan.
1219 2364 1285 2399 xw).
1299 2373 1308 2390 ›
1320 2362 1456 2390 Gaudium
1468 2370 1531 2391 vero
1539 2362 1704 2397 nullum,est

911 2411 1042 2446 gaudium
1051 2411 1233 2444 mundanum,
1247 2410 1280 2438 de
1290 2417 1345 2445 quo
1357 2408 1488 2437 Salomon
1504 2419 1511 2437 :
1526 2419 1534 2436 ι
1550 2408 1646 2438 Risum
1660 2403 1704 2437 re-

913 2458 1006 2494 putavi
1015 2465 1148 2492 errorem;
1163 2461 1190 2485 et
1203 2456 1303 2494 gaudio
1315 2455 1373 2483 dixi
1387 2455 1475 2490 :Quid
1487 2455 1589 2483 frustra
1599 2455 1705 2491 decipe-

911 2504 970 2533 ris?
979 2514 987 2531 ι
998 2504 1099 2541 (Eccle.
1117 2503 1160 2540 Il.)
1171 2503 1307 2532 Gaudium
1315 2503 1453 2539 quoddam
1460 2507 1502 2531 est
1508 2502 1625 2539 gaudere
1634 2502 1704 2530 inter

908 2551 1088 2579 adversitates
1100 2549 1291 2586 hujus.s:ecuii
1304 2549 1333 2577 in
1348 2556 1397 2585 spe
1409 2548 1500 2585 gaudii
1514 2547 1609 2576 futuri.
1626 2547 1704 2576 Unde

909 2596 1078 2632 Apostolus:
1096 2605 1106 2622 α
1119 2594 1179 2624 Non
1195 2596 1284 2624 solum
1308 2600 1410 2629 autem,
1433 2594 1480 2623 sed
1504 2594 1654 2631 gloriamur
1675 2594 1702 2621 in

908 2641 1136 2670 tribulationibus
1152 2641 1240 2677 (Rom.
1265 2640 1304 2677 v).
1327 2650 1337 2667 ι
1365 2640 1437 2668 Sane
1460 2640 1513 2668 hoc
1538 2639 1703 2676 particulam

908 2687 1037 2724 gaudium
1051 2692 1161 2716 sanctos
1174 2687 1246 2715 inter
1261 2686 1389 2715 miserias
1403 2690 1431 2714 et
1445 2685 1634 2714 tribulationes
1649 2685 1701 2712 hu-

905 2734 952 2770 jus
977 2733 1073 2761 mundi
1097 2732 1254 2767 recreabat,
1275 2732 1469 2761 consolabatur
1491 2737 1519 2760 et
1539 2731 1701 2760 sustinebat.

908 2780 1053 2809 Discamus
1067 2779 1159 2815 igitur,
1174 2778 1275 2808 fratres
1289 2779 1354 2813 mei,
1369 2783 1397 2807 et
1409 2778 1480 2807 inter
1494 2778 1607 2807 adversa
1620 2776 1703 2813 hujus

908 2827 1003 2855 mundi
1017 2827 1145 2864 gaudere,
1160 2831 1188 2855 et
1212 2826 1284 2856 inter
1297 2825 1493 2863 prosperitates
1517 2824 1656 2861 plangere,
1673 2827 1703 2851 ut

907 2873 948 2901 sic
968 2880 1019 2902 nec
1035 2873 1172 2901 elevemur
1193 2871 1222 2900 in
1245 2872 1397 2909 prosperis,
1422 2879 1472 2899 nec
1495 2870 1659 2906 dejiciamur
1673 2869 1702 2898 in

908 2919 1040 2950 adversis.
1055 2919 1147 2955 Quare
1160 2923 1252 2949 autem
1275 2919 1312 2949 sit
1330 2917 1505 2956 gaudendum
1520 2917 1591 2946 inter
1602 2915 1687 2950 adver
