3844 6318
448 391 590 449 1523

1689 371 2043 433 ιιΑυυιριιι
2081 364 2432 426 ΑιωεΝτιε
3549 355 3635 414 ιδῃ

447 508 671 570 sitates,
707 502 944 558 ostendit
983 500 1268 572 apostolus
1321 512 1448 554 cum
1493 494 1679 552 subdit
1724 513 1736 526 -
1787 476 2108 548 ‘Scientes'A
2141 482 2302 540 nobis
2339 476 2752 549 multiplicetur.
2787 471 2941 528 lianc
2977 469 3309 572 Saloni-oua
3336 466 3546 572 ‘Domiuo
3571 471 3639 529 sibi

443 594 586 668 quod
620 594 866 666 probatio
895 592 1023 664 ﬁdei
1054 600 1239 646 vestrm
1267 587 1584 660 patientiam
1625 592 1898 656 operatur,
1930 598 2030 652 pa-

447 687 636 741 tientia
657 695 832 740 autem
852 684 1235 754 probationem,
1273 689 1330 734 ut
1359 679 1478 732 sitis
1509 678 1565 732 in
1596 674 1836 730 omnibus
1862 673 2036 744 perfe-

443 781 520 836 cti
555 788 604 833 et
646 778 702 832 in
740 777 888 831 nullo
927 777 1247 846 deﬁcientes.
1282 771 1454 827 Vocat
1495 772 1701 826 autem'
1727 766 2036 824 tribulatio-

445 889 573 929 nem
605 872 982 943 probationem
1011 867 1168 933 ﬁdei;
1221 865 1344 921 ideo
1393 863 1625 928 scilicet,
1654 861 1782 933 quia
1811 876 1910 932 per
1938 859 2030 914 tri-

447 963 780 1020 bulationem
829 961 962 1016 ﬁdes
1001 958 1264 1030 probatur
1298 971 1310 1008 :
1359 955 1467 1010 hoc
1509 963 1594 1009 est
1636 953 1788 1024 quod
1832 950 2036 1006 Paulus

445 1041 581 1112 dicit
606 1055 693 1111 his
747 1053 928 1109 verbis
957 1070 970 1107 :
1009 1070 1028 1103 ι
1059 1049 1305 1106 Scientes
1333 1047 1480 1119 quod
1507 1045 1788 1101 tribulatio
1819 1043 2035 1115 patien-

446 1149 579 1203 tiam
631 1154 910 1217 operatur,
936 1141 1198 1215 patientia
1227 1156 1357 1197 vero
1388 1139 1788 1210 probationem,
1833 1125 2035 1208 proba-

445 1242 522 1296 tio
553 1255 685 1294 vero
711 1253 888 1309 spem,
911 1252 1037 1308 spes
1063 1247 1247 1292 autem
1275 1250 1383 1288 non
1411 1231 1699 1290 confundit
1722 1230 1895 1296 (Rom.
1921 1229 2032 1298 v).r

444 1315 748 1385 Tribulatio
771 1327 936 1400 igitur
955 1343 1052 1398 per
1070 1325 1393 1383 exercitium
1416 1330 1674 1394 operatur
1692 1319 2034 1392 patientiam.

443 1422 601 1478 Sicut
627 1422 772 1478 enim
799 1422 985 1493 pullus
1014 1419 1169 1476 rudis
1195 1420 1262 1474 ad
1291 1419 1466 1489 prima
1493 1416 1719 1471 verbera
1749 1413 2039 1484 impatiens

439 1520 548 1582 est,
575 1513 671 1569 sed
698 1521 890 1584 postea
932 1528 1032 1584 per
1077 1509 1402 1566 exercitium
1455 1506 1839 1580 quotidianum
1876 1519 2037 1560 mau-

444 1605 673 1672 suescit,
701 1612 757 1661 et
785 1604 927 1660 freni
957 1604 1211 1674 sellazque
1238 1603 1451 1673 patiens
1496 1600 1556 1654 fit
1581 1619 1598 1653 :
1623 1599 1695 1654 ita
1739 1596 1894 1653 rudis
1919 1595 2041 1651 ani-

441 1714 568 1755 mus
604 1698 848 1754 hominis
885 1698 954 1753 ad
984 1697 1220 1768 primam
1248 1693 1658 1750 tribulationem
1686 1689 2036 1756 inhorrescit,

439 1788 502 1845 et
527 1789 819 1860 impatiens
847 1797 964 1854 est;
1016 1787 1111 1844 sed
1145 1786 1407 1857 paulatim
1447 1799 1545 1856 per
1574 1783 1834 1852 frequens
1865 1781 2040 1836 tribu-

441 1869 710 1960 lationum
739 1879 1061 1937 exercitium
1101 1877 1441 1934 mansuescit
1469 1885 1525 1933 et
1549 1876 1762 1948 patiens
1787 1876 1866 1942 fit,
1897 1889 2037 1945 prae-

441 1974 605 2044 cipue
631 1960 760 2030 cum
793 1972 1044 2045 intelligit
1069 1981 1125 2030 et
1171 1971 1504 2028 ordinationi
1534 1970 1631 2027 Dei
1663 1987 1771 2026 non
1797 1985 1921 2027 esse
1947 1983 2037 2024 re-

441 2067 771 2133 sistendum,
801 2075 857 2123 et
905 2082 964 2122 se
1011 2081 1108 2137 per
1154 2065 1470 2136 hujusmodi
1502 2081 1626 2122 esse
1663 2063 2033 2137 purgandum,

439 2166 498 2214 et
523 2172 634 2214 non
665 2165 858 2214 contra
886 2157 1097 2224 limam,
1142 2157 1240 2213 sed
1270 2166 1464 2213 contra
1491 2156 1687 2212 vitium
1718 2171 1881 2212 suum
1912 2169 2036 2213 esse

441 2249 811 2305 irascendum.
845 2247 1114 2304 Patientia
1157 2263 1287 2304 vero
1332 2255 1592 2318 operatur
1631 2247 2032 2320 probationem,

439 2347 558 2403 sive
611 2360 750 2418 opus
793 2343 1093 2416 perfectum
1121 2385 1137 2412 ,
1205 2343 1262 2398 id
1307 2354 1391 2400 est
1439 2342 1856 2414 perfectionem,
1885 2342 2033 2415 quod

439 2436 586 2493 idem
624 2444 727 2492 est.
760 2435 899 2491 Cum
948 2434 1095 2491 enim
1135 2433 1323 2504 justus
1366 2433 1552 2488 omnia
1575 2432 1806 2488 adversa
1850 2447 2036 2504 aequa-

441 2528 662 2584 nimiter
685 2527 939 2594 sustinet,
965 2541 1072 2582 non
1097 2525 1277 2581 solum
1302 2525 1358 2580 in
1381 2525 1470 2582 his
1517 2541 1628 2581 non
1654 2540 2032 2593 murmurans,

440 2620 538 2679 sed
563 2621 728 2676 etiam
769 2618 940 2676 Deum
963 2619 1312 2687 benedicens,
1339 2618 1637 2689 probatur,
1661 2619 1716 2674 id
1753 2626 1839 2674 est
1857 2616 2034 2689 perfe-

441 2723 565 2771 ctus
587 2730 708 2770 esse
729 2713 1161 2779 demonstratur,
1182 2711 1340 2782 juxta
1373 2710 1538 2767 illud:
1563 2731 1582 2764 ι
1606 2711 1817 2767 Aurum
1839 2712 2036 2782 probat

443 2807 677 2876 fornax,
728 2814 784 2861 et
817 2806 998 2878 justus
1045 2804 1354 2877 persecutio
1397 2804 1766 2862 tribulationis
1823 2803 2031 2876 (Prov.

444 2901 639 2972 xxvn).
671 2920 692 2952 ι
721 2893 978 2968 Probatio
1019 2915 1148 2955 vero
1169 2908 1430 2969 operatur
1467 2913 1640 2968 spem.
1676 2896 1782 2965 Qui
1805 2897 1950 2953 enim
1974 2911 2035 2953 se

441 3007 540 3070 per
584 2991 962 3064 tribulationes
1006 2998 1298 3069 purgatum
1341 2989 1594 3061 intelligit
1632 2998 1686 3046 ct
1719 2990 2031 3060 probatum,

443 3101 554 3140 non
579 3100 722 3139 vana
746 3099 862 3155 spe,
891 3093 951 3139 ut
972 3084 1218 3155 quidam,
1242 3083 1336 3140 sed
1360 3091 1508 3138 certa
1532 3098 1627 3154 spe
1648 3081 1889 3139 futuram
1912 3083 2031 3155 glo-

2139 575 2416 647 optionem
2451 567 2752 642 postulanti
2777 566 2966 633 dante,
3001 560 3298 634 postulavit
3321 559 3519 618 dicens:
3544 566 3642 622 «Do.

2138 669 2285 724 mine
2305 665 2475 732 Deus,
2495 678 2600 735 ego
2623 676 2746 718 sum
2769 675 2906 732 puer
2929 657 3218 729 parvulus,
3242 649 3486 726 ignorans
3506 655 3644 730 ἰητρε-

2136 775 2260 815 sum
2282 767 2338 815 et
2355 757 2568 812 exitum
2588 769 2795 810 meum.
2839 751 2916 806 Da
2936 765 3071 822 ergo
3113 763 3213 804 eor
3233 747 3410 804 docile
3429 762 3556 804 seno
3567 758 3644 820 tto,

2136 862 2198 908 ut
2221 850 2426 926 possim
2449 849 2698 921 judicare
2728 845 2991 917 populum
3027 852 3208 909 tuum,
3243 850 3300 898 et
3325 840 3650 900 ὀίεαι-ιιεηὶθ-

2137 956 2219 1001 ter
2259 945 2468 1000 bonum
2507 950 2563 998 et
2606 941 2836 996 malum.
2881 937 2950 994 Et
2991 937 3201 1010 placuit
3235 935 3462 993 Domino
3495 938 3648 994 etait:

2139 1042 2279 1110 Quia
2320 1057 2431 1097 non
2463 1038 2776 1112 postulasti,
2807 1037 2966 1110 juxta
3008 1035 3234 1091 verbum
3276 1033 3654 1100 hominum,dies

2137 1137 2342 1192 multos
2375 1143 2433 1192 et
2463 1133 2706 1201 divitias,
2747 1141 2804 1188 et
2837 1130 3052 1187 animas
3092 1127 3446 1184 inimicorum
3481 1136 3652 1194 tuorum,

2140 1229 2244 1285 feci
2268 1229 2368 1284 tibi
2390 1241 2676 1284 sermones
2700 1233 2846 1281 tuos.
2884 1222 3014 1279 Dedi
3037 1221 3134 1278 tibi
3159 1234 3264 1276 cor
3283 1219 3513 1290 sapiens,
3541 1221 3656 1276 inun-

2138 1329 2256 1378 tum
2279 1329 2342 1377 ut
2361 1321 2544 1377 nullus
2566 1328 2694 1375 ante
2713 1327 2767 1374 te
2788 1317 2886 1373 tibi
2907 1315 3107 1373 similis
3129 1312 3313 1369 fuerit.
3347 1311 3451 1367 Sed
3472 1314 3656 1384 hacque

2141 1433 2254 1473 non
2287 1415 2573 1489 postulasti
2593 1414 2718 1470 dedi
2741 1412 2859 1479 tibi,
2883 1412 2930 1468 si
2953 1419 3135 1465 tamen
3158 1407 3516 1464 ambulaveris
3533 1406 3573 1462 in
3587 1409 3657 1466 riis

2140 1509 2300 1577 meis,
2329 1517 2389 1564 ut
2421 1516 2576 1579 pater
2603 1517 2733 1562 tuus
2770 1502 2896 1576 (III
2929 1502 3053 1573 Reg.
3081 1499 3187 1570 ιιι).
3221 1518 3242 1551 ι
3289 1497 3490 1569 itaque,
3524 1497 3657 1554 fratres

2139 1602 2283 1669 mei,
2326 1609 2581 1673 petamus
2633 1616 2665 1655 a
2709 1597 2943 1654 Domino
2987 1608 3098 1650 non
3142 1591 3552 1663 longaevitatem,
3583 1606 3658 1645 non

2139 1693 2379 1761 divitias,
2405 1708 2517 1749 non
2540 1692 2799 1758 honores,
2840 1703 2953 1744 non
2977 1694 3176 1744 caetera
3212 1681 3516 1754 huiusmodi
3545 1698 3658 1747 vani,

2142 1804 2267 1858 quae
2290 1787 2480 1844 multis
2503 1785 2728 1842 fuerunt
2751 1799 2918 1841 causa
2943 1778 3290 1854 perditionis,
3319 1777 3416 1835 sui
3437 1793 3587 1832 veram
3601 1793 3662 1831 ςι-

2139 1881 2423 1952 pientiam,
2447 1888 2670 1936 orantes
2699 1894 2825 1934 cum
2851 1875 3109 1948 Sapiente
3139 1893 3155 1930 :
3187 1893 3207 1926 ι
3236 1871 3453 1938 Emitte,
3478 1869 3660 1934 Domine,

2137 1973 2465 2045 sapientiam
2497 1972 2567 2030 de
2594 1972 2724 2028 sede
2750 1968 3150 2042 magnitudinis
3176 1975 3308 2033 tum,
3339 1973 3400 2020 ut
3425 1979 3598 2019 mecum
3614 1964 3664 2018 sit

2135 2076 2191 2124 et
2220 2082 2437 2123 mecum
2473 2065 2701 2131 laboret,
2731 2072 2787 2120 et
2831 2072 2892 2121 ut
2935 2062 3108 2119 sciam
3153 2059 3287 2132 quid
3334 2066 3585 2129 acceptant
3614 2059 3664 2112 sit

2135 2170 2261 2217 ante
2290 2168 2344 2216 te
2372 2159 2526 2216 omni
2551 2167 2794 2229 tempore
2825 2155 2981 2227 (Sap.
3020 2157 3120 2224 rx).
3146 2173 3166 2206 ι
3189 2153 3236 2207 Α
3264 2168 3378 2224 quo
3396 2150 3588 2223 petenda
3607 2161 3666 2205 est

2134 2254 2406 2325 sapientia
2426 2254 2452 2308 3
2495 2253 2542 2309 Α
2570 2252 2703 2320 Deo,
2733 2251 2996 2324 quoniam
3051 2249 3236 2305 onmis
3266 2246 3518 2319 sapientis
3539 2262 3562 2301 a
3585 2245 3663 2301 Do»

2140 2347 2294 2404 mino
2326 2345 2439 2402 Deo
2463 2355 2566 2403 est.
2615 2345 2846 2401 Frustra
2896 2343 3064 2416 igitur
3093 2340 3327 2398 confidis
3373 2341 3438 2396 de
3481 2339 3666 2410 ingenio,

2135 2441 2221 2496 vel
2249 2440 2319 2496 de
2363 2438 2647 2511 temporali
2697 2437 2941 2504 doctore,
2975 2434 3181 2491 frustra
3210 2433 3400 2490 studes
3430 2441 3481 2487 et
3507 2432 3668 2503 vigilas,

2135 2533 2395 2605 quoniam
2441 2548 2551 2587 non
2583 2539 2740 2601 potes
2770 2529 3095 2601 sapientiam
3128 2527 3398 2592 obtinere,
3433 2526 3523 2580 nisi
3547 2541 3570 2578 ιι
3592 2523 3669 2578 Pa-

2135 2635 2219 2683 tre
2243 2623 2537 2680 luminum.
2589 2621 2696 2689 Qui
2738 2621 2854 2688 dat,
2901 2619 3101 2690 inquit,
3134 2617 3402 2682 omnibus,
3442 2614 3669 2680 subaudis,

2133 2719 2297 2790 digne
2324 2717 2655 2789 petentibus,
2685 2717 2781 2772 dat
2806 2724 2862 2772 et
2896 2715 3197 2785 aﬂuenter,
3227 2713 3348 2770 sine
3380 2712 3588 2769 thesauri
3606 2710 3671 2766 sui

2135 2811 2501 2868 diminutione
2511 2809 2634 2881 pios
2648 2807 2857 2864 faciens
2870 2806 3171 2862 abundare.
3190 2804 3262 2859 Et
3277 2821 3380 2860 non
3391 2805 3670 2875 improperat,

2138 2912 2203 2959 ut.
2225 2903 2452 2976 quidam
2475 2901 2730 2957 homines
2754 2900 3193 2972 improperantes
3221 2897 3347 2954 aliis
3371 2898 3452 2954 vel
3470 2898 3672 2969 ignobili-

2135 3003 2330 3063 tatem,
2359 2994 2447 3051 vel
2472 2993 2867 3059 intirmitatem,
2899 2992 2985 3047 vel
3013 3006 3329 3056 excessum,
3363 2991 3446 3045 vel
3473 2989 3672 3059 hujusce-

2135 3087 2303 3143 modi.
2349 3084 2637 3155 Quomodo
2665 3085 2824 3142 debet
2853 3084 3074 3156 petere?
3093 3081 3234 3139 Cum
3265 3083 3392 3150 fide,
3421 3099 3531 3138 eum
3567 3081 3674 3136 ﬁdu-

442 3179 583 3236 riam
609 3177 970 3248 praestolatur.
1015 3175 1142 3237 Haec
1169 3185 1350 3232 autem
1388 3193 1514 3247 spes
1556 3192 1665 3232 non
1711 3177 1766 3232 in
1812 3177 2034 3234 homine
2060 3199 2106 3260 ρ
2134 3181 2240 3249 cia,
2263 3196 2390 3236 cum
2420 3178 2786 3251 simplicitate.
2841 3176 2908 3232 Et
2955 3176 3049 3247 qui
3098 3175 3180 3232 sic
3209 3175 3363 3247 petit,
3404 3175 3569 3246 procul
3593 3175 3675 3229 du-

445 3270 542 3341 qui
565 3269 794 3326 mendax
823 3277 928 3336 cst,
952 3268 1048 3324 sed
1072 3269 1127 3323 in
1169 3267 1280 3324 Deo
1319 3268 1412 3338 qui
1461 3266 1648 3324 fallere
1679 3283 1788 3323 non
1830 3277 2032 3339 potest,

443 3363 640 3436 posita,
677 3363 780 3421 etsi
840 3362 1200 3434 prudentibus
1241 3363 1452 3429 mundi,
1491 3377 1559 3418 eo
1602 3361 1748 3433 quod
1795 3361 2034 3418 humana

445 3471 558 3512 non
583 3462 764 3528 potest
786 3454 960 3517 asseri
982 3454 1215 3521 ratione,
1242 3469 1383 3514 vana
1417 3453 1688 3519 videatur,
1715 3462 1897 3508 tamen
1922 3467 2032 3507 non

441 3547 749 3614 confundit,
773 3547 883 3610 imo
906 3546 972 3603 ad
997 3545 1385 3603 beatitudinem
1410 3545 1677 3616 perducit.
1701 3543 1760 3602 ln
1786 3561 1894 3616 qua
1916 3544 2036 3602 sitis

441 3638 669 3712 perfecti
694 3648 748 3696 et
771 3638 988 3716 integri,
1014 3639 1069 3693 in
1093 3637 1242 3693 nullo
1265 3637 1596 3699 deficientes.

517 3730 792 3798 Secundo,
807 3746 911 3786 nos
935 3739 1118 3790 mouet
1139 3729 1423 3800 apostolus
1458 3736 1518 3782 ut
1538 3728 1604 3783 ad
1628 3726 2035 3798 intelligendum

445 3822 724 3893 quomodo
747 3820 1128 3881 tribulationes
1169 3820 1282 3876 sint
1323 3819 1486 3876 nobis
1512 3819 1696 3886 utiles,
1735 3834 1766 3874 a
1800 3817 1912 3873 Deo
1947 3831 2037 3874 sa-

443 3913 705 3986 pientiam
742 3913 1107 3990 postulemus,
1151 3926 1278 3967 cum
1321 3909 1508 3968 subdit
1550 3928 1563 3965 :
1613 3909 1675 3965 Si
1703 3909 1822 3980 quis
1858 3916 2037 3962 autem

443 4015 674 4060 oestrum
717 4005 914 4076 indiget
961 4003 1248 4074 sapientia,
1291 4001 1520 4073 postulet
1555 4018 1588 4056 a
1638 3999 1770 4068 Deo,
1814 3999 1904 4070 qui
1941 3999 2037 4054 dat

444 4097 688 4156 omnibus
730 4095 1158 4166 aﬂluenter;qui
1208 4111 1310 4148 non
1349 4095 1692 4164 improperat,
1729 4102 1779 4146 et
1820 4091 2038 4145 dabitur

442 4189 514 4243 ei.
542 4186 782 4242 Postulet
815 4195 993 4246 autem
1015 4186 1064 4241 ei
1096 4186 1150 4239 in
1175 4185 1281 4256 ﬁde
1303 4184 1439 4240 nihil
1465 4184 1740 4248 Izwsilaits,
1763 4191 1868 4237 etc.
1904 4179 2038 4247 Qni-

447 4283 552 4342 bus
572 4280 755 4340 verbis
774 4287 1011 4359 quatuor
1039 4277 1200 4334 nobis
1226 4278 1489 4344 insinuat,
1514 4275 1787 4342 videlicet,
1820 4274 1916 4345 qui
1943 4273 2039 4330 de-

442 4376 566 4430 beat
582 4381 787 4450 petere,
806 4379 861 4427 et
881 4370 1034 4442 quid,
1057 4379 1112 4426 et
1131 4384 1162 4424 a
1186 4385 1317 4441 quo,
1343 4378 1398 4425 et
1421 4367 1717 4441 quomodo.
1742 4365 1850 4434 Qui
1879 4365 2040 4421 debet

443 4465 666 4538 petere?
709 4462 814 4538 Qui
859 4463 1080 4534 indiget.
1125 4460 1260 4518 Nam
1307 4461 1355 4518 si
1391 4476 1502 4518 non
1545 4461 1752 4532 indiget
1791 4467 1845 4515 et
1879 4455 2035 4530 petit,

2137 3273 2228 3330 bio
2277 3272 2497 3329 dabitur
2548 3271 2620 3328 ei.
2673 3269 2832 3338 Quod
2875 3285 3001 3326 cum
3051 3267 3156 3324 ﬁde
3213 3269 3410 3324 debeat
3455 3267 3676 3339 postulare

2136 3364 2394 3433 ostendit,
2420 3379 2544 3420 cum
2591 3362 2758 3419 dicit:
2807 3359 3049 3416 Postulet
3079 3369 3259 3414 autem
3311 3360 3367 3413 in
3410 3359 3528 3429 fide,
3561 3357 3676 3410 vide-

2136 3456 2265 3513 licet
2293 3455 2525 3512 firmiter
2549 3453 2822 3511 credendo
2851 3451 3022 3508 Deum
3055 3451 3482 3521 omnipotentem
3513 3449 3605 3503 hac
3633 3454 3674 3500 et

2138 3555 2338 3604 caztera
2394 3547 2547 3604 dare.
2610 3545 2767 3602 Unde
2796 3543 3090 3599 -Dominus
3121 3562 3135 3598 :
3167 3561 3187 3595 ι
3219 3540 3279 3598 Si
3309 3541 3498 3607 credis,
3520 3539 3677 3610 inquit,

2138 3640 2324 3697 omnia
2348 3638 2634 3711 possibilia
2654 3646 2784 3695 sunt
2804 3637 3047 3694 credenti
3079 3636 3278 3708 (Marc.
3306 3635 3437 3705 13).»
3455 3633 3514 3699 Et
3541 3633 3676 3687 alibi:

2143 3751 2165 3786 ι
2200 3732 2258 3788 Si
2283 3732 2609 3799 habueritis,
2641 3731 2850 3802 inquit,
2887 3729 3051 3786 fidem
3093 3738 3365 3800 quantum
3395 3740 3594 3798 granum
3615 3724 3678 3779 si-

2138 3823 2318 3895 napis,
2335 3822 2530 3880 dieetis
2553 3821 2726 3878 monti
2747 3840 2760 3876 :
2787 3818 3050 3877 Transfer
3074 3829 3145 3888 te,
3158 3828 3214 3876 et
3232 3819 3328 3877 fiet
3347 3819 3675 3890 (Mettium;

2139 3915 2270 3971 Luc.
2302 3915 2461 3986 χιιι).
2488 3934 2506 3967 ι
2527 3913 2682 3982 Quod
2700 3929 2825 3970 eum
2855 3912 3052 3968 fiducia
3079 3912 3347 3980 ostendit,
3371 3926 3486 3967 cum
3507 3908 3679 3966 subdit:

2139 4008 2383 4064 Postuiet
2415 4017 2594 4062 autem
2625 4006 2765 4061 nihil
2785 4006 3062 4062 Itatsitans.
3088 4003 3319 4063 Haesitat
3343 4015 3513 4060 autem
3536 4004 3580 4056 in
3603 4015 3681 4070 po-

2140 4099 2438 4156 stulatione
2479 4114 2642 4169 quem
2671 4097 3013 4154 conscientia
3036 4097 3270 4154 interius
3306 4098 3544 4154 mordens
3569 4092 3681 4149 ditii-

2139 4188 2270 4245 dcre
2302 4188 2435 4244 facit
2460 4187 2528 4244 de
2557 4187 2965 4258 impetratione.
3000 4187 3106 4254 Qui
3135 4188 3302 4255 enim,
3351 4186 3533 4258 inquit,
3555 4183 3680 4238 Ιιειὶσ

2142 4293 2219 4338 tat
2244 4281 2440 4338 similis
2467 4291 2544 4336 est
2583 4281 2776 4352 ﬂuctui
2809 4281 2996 4348 maris,
3033 4282 3127 4352 qui
3156 4298 3189 4334 a
3224 4289 3378 4335 vento
3422 4286 3680 4334 meumst

2141 4376 2535 4446 circumfertur.
2567 4373 2797 4430 Fluctus
2839 4373 2988 4429 enim
3017 4382 3182 4429 vento
3209 4373 3375 4429 cedit.
3409 4372 3494 4428 Sic
3530 4381 3577 4427 et
3613 4370 3682 4423 ille

2141 4469 2238 4540 qui
2291 4483 2387 4539 per
2441 4467 2565 4522 fidei
2621 4465 3097 4531 incredulitatem,
3147 4466 3236 4520 vel
3266 4481 3362 4536 per
3388 4463 3682 4521 conscientia

444 4557 624 4615 Otiose
643 4565 699 4614 et
733 4557 874 4619 male
903 4556 1058 4628 petit.
1105 4553 1262 4623 Quod
1287 4564 1474 4627 aperte
1498 4564 1659 4614 estet
1682 4562 1874 4611 contra
1913 4553 2034 4610 illos

2145 4559 2469 4630 pravitatem
2500 4556 2718 4623 difﬁdit,
2755 4556 2907 4611 omni
2935 4565 3101 4612 vento
3128 4557 3449 4612 teutationis
3475 4554 3619 4619 cedit,
3640 4561 3682 4605 et

443 4654 540 4726 qui
580 4670 670 4711 res
717 4653 1079 4730 temporales,
1122 4652 1324 4724 quibus
1364 4651 1665 4720 abundant,
1709 4649 1891 4706 adhuc
1933 4650 2038 4706 sibi

445 4743 796 4815 multiplicari
822 4752 1034 4816 petunt,
1070 4753 1124 4799 et
1145 4751 1338 4804 contra
1377 4742 1500 4798 illos
1543 4741 1637 4821 qui
1675 4755 1764 4797 res
1795 4741 1900 4797 sibi
1926 4759 2038 4798 non

443 4837 808 4906 necessarias,
824 4837 938 4892 imo
971 4837 1077 4897 sibi
1107 4835 1350 4903 inutiles,
1374 4843 1428 4890 et
1458 4835 1696 4890 honores
1723 4841 1777 4888 et
1800 4833 2039 4889 admini-

447 4930 742 4988 strationes
767 4939 822 4985 et
847 4929 1164 5000 huiusmodi
1192 4935 1402 4998 petunt.
1445 4925 1602 4982 Unde
1632 4926 1774 4981 idem
1799 4924 2040 4985 Jacobus

445 5021 503 5076 in
545 5021 908 5092 sequentibus.
943 5021 1076 5076 dicit
1113 5040 1126 5075 :
1173 5038 1190 5071 ι
1223 5019 1414 5075 Petitis
1453 5028 1508 5075 et
1538 5033 1647 5074 non
1672 5019 1943 5091 accipitis,
1968 5034 2034 5075 eo

444 5112 590 5187 quod
617 5114 758 5168 male
779 5113 998 5186 petatis,
1023 5123 1082 5168 ut
1112 5113 1166 5166 in
1191 5111 1652 5192 concupiscentiis
1678 5111 1876 5169 vestris
1901 5110 2035 5167 insi-

445 5203 629 5258 nuatis
655 5202 798 5274 (Jac.
826 5204 921 5274 IV).
957 5222 976 5256 ι
1014 5202 1271 5271 Proinde,
1299 5205 1497 5261 fratres
1518 5206 1647 5272 mei,
1673 5197 1788 5260 non
1816 5205 1925 5260 nisi
1947 5219 2036 5260 ne-

443 5294 688 5350 cessaria
708 5303 762 5350 et
781 5295 1026 5371 proficua
1048 5314 1076 5352 a
1100 5285 1214 5352 Deo.
1229 5306 1496 5368 petamus,
1520 5308 1574 5354 et
1599 5299 1643 5355 si
1667 5297 1818 5354 dubii
1842 5313 2035 5353 sumus

445 5401 517 5443 an
562 5384 694 5442 illud
735 5388 880 5462 quod
902 5397 1086 5460 petere
1125 5390 1380 5446 volumus
1422 5391 1495 5446 sit
1527 5391 1660 5448 utile
1694 5392 1875 5459 nobis,
1905 5406 2032 5446 cum

445 5479 758 5536 conditione
799 5491 1071 5552 petamus,
1113 5482 1356 5540 dicentes
1395 5502 1409 5539 :
1453 5503 1471 5536 ι
1500 5467 1749 5551 Domine,
1773 5485 1842 5540 da
1875 5485 2036 5541 nobis

447 5565 620 5641 iliud,
671 5572 719 5628 si
757 5573 868 5630 scis
902 5575 1050 5648 quod
1083 5576 1335 5652 expediat
1377 5577 1558 5634 nobis.
1593 5596 1613 5629 ι
1663 5576 1803 5644 Quid
1845 5578 2040 5633 debeat

444 5664 661 5732 petere?
689 5661 969 5737 Praecipue
992 5667 1335 5737 sapientiam.
1366 5666 1501 5734 Quze
1528 5666 1738 5743 petitio,
1763 5665 1908 5720 haud
1931 5664 2036 5719 du-

446 5755 596 5811 bium
619 5756 750 5827 quid
773 5757 846 5814 sit
864 5758 1012 5828 justa
1035 5767 1091 5814 et
1123 5759 1438 5830 expediens.
1466 5758 1680 5830 Omnes
1724 5758 1872 5824 enim
1897 5756 2037 5812 indi-

445 5863 658 5920 gemus,
685 5850 766 5906 vel
787 5851 933 5922 quod
958 5852 1225 5926 sapientia
1247 5853 1408 5910 nobis
1433 5854 1610 5923 detur,
1636 5853 1729 5908 vel
1743 5851 1890 5928 quod
1911 5850 2038 5906 data

2145 4671 2177 4711 a
2211 4653 2324 4710 Deo
2346 4652 2571 4709 recedit.
2597 4650 2724 4705 Non
2749 4667 2892 4722 ergo,
2919 4650 3118 4722 inquit,
3143 4651 3411 4705 existimet
3430 4648 3680 4716 homoque!

2146 4745 2374 4816 accipiat
2395 4743 2604 4820 aliquid
2617 4760 2648 4797 a
2662 4743 2911 4798 Domino.
2927 4741 3190 4812 Accipere
3210 4742 3428 4814 quidem
3457 4735 3678 4812 potestte-

2144 4853 2177 4892 ιι
2190 4852 2281 4891 um
2309 4835 2694 4906 temporalium
2721 4833 3119 4905 stipendiorum
3142 4877 3157 4901 ,
3184 4851 3311 4891 cum
3334 4833 3594 4907 iumentis,
3613 4825 3678 4885 et

2143 4945 2251 4984 non
2274 4937 2492 4984 aeternae
2521 4927 2857 4986 stabilitatis.

2220 5021 2378 5088 Quod
2411 5036 2539 5078 cum
2573 5020 2925 5091 simplicitate
2949 5019 3145 5075 debeat
3170 5019 3447 5090 postulare
3475 5009 3679 5073 ostenti“.

2143 5130 2267 5168 eum
2298 5113 2483 5169 subdit
2531 5131 2544 5168 :
2613 5111 2709 5166 Vir
2751 5111 2946 5182 duplex
2973 5111 3153 5165 animo
3196 5113 3499 5166 inconstans
3541 5113 3603 5160 est
3644 5102 3683 5152 il

2143 5207 2386 5260 omnibus
2418 5206 2517 5260 viis
2552 5205 2697 5273 suis,
2737 5203 3012 5271 subaudi,
3049 5212 3103 5259 et
3131 5203 3257 5259 ideo
3296 5219 3402 5259 non
3430 5193 3686 5273 potestdi-

2143 5298 2275 5368 quid
2327 5298 2642 5369 impetrare.
2689 5295 2984 5372 Propterea
3013 5311 3138 5353 cum
3167 5295 3511 5368 simplicitate
3536 5295 3686 5361 postu-

2141 5388 2366 5445 landum
2403 5399 2507 5447 est.
2560 5387 2732 5444 Porro
2777 5404 2902 5444 eum
2955 5388 3310 5459 simplicitate
3368 5383 3685 5458 postulamus

2141 5483 2366 5553 quando
2386 5481 2534 5554 quod
2559 5481 2798 5554 petimus
2820 5499 2848 5537 a
2882 5480 2990 5537 Deo
3023 5488 3251 5558 propter
3278 5481 3454 5552 ipsum
3483 5468 3684 5546 postula-

2141 5591 2292 5633 mus.
2330 5574 2540 5646 Duplex
2569 5589 2700 5630 vero
2729 5575 2916 5629 animo
2937 5582 3038 5640 est,
3055 5573 3150 5644 qui
3179 5589 3306 5630 cum
3331 5568 3522 5641 aliquid
3542 5561 3670 5618 ἠόα

2141 5679 2232 5724 ιιιι·
2262 5676 2448 5739 petere
2481 5683 2513 5723 a
2538 5667 2774 5722 Domino
2793 5665 2924 5734 Deo,
2951 5673 3006 5721 et
3033 5675 3259 5736 propter
3285 5665 3469 5728 Deum,
3495 5651 3687 5713 interius

2144 5762 2200 5816 in
2233 5760 2546 5816 intentione
2577 5760 2744 5816 habet
2764 5758 2966 5830 aliquid
2991 5768 3294 5813 terrenum.
3337 5753 3532 5825 Duplex
3552 5745 3686 5802 etiam

2145 5857 2328 5913 animo
2376 5865 2481 5925 est,
2515 5854 2610 5925 qui
2661 5854 2836 5926 ipsam
2893 5852 3252 5909 intentionem
3297 5848 3549 5907 dividens.
3597 5849 3688 5892 ιω
