3844 6318
150 370 268 433 {525

1222 362 1554 421 llOIdlLlsE.
1595 395 1662 405 —
1694 362 1761 420 ll.
1801 360 1892 420 DE
1927 362 2239 422 SANCTIS.

3217 344 3352 429 ista
3376 378 3379 385 ·

150 495 326 562 mopse:
374 476 551 539 Deum,
606 479 719 527 tum
782 482 1005 545 propter
1043 477 1303 533 sacculum
1356 477 1537 536 facere
1579 477 1667 534 in-
1687 482 1741 546 ,Α
1771 479 2022 552 injurias,
2054 489 2111 539 et
2131 480 2469 553 hujusmodi.
2497 477 2651 540 Hanc
2682 481 2944 557 debemus
2970 482 3113 541 ferre
3139 484 3351 556 paticn-
3382 472 3391 479 ’

149 580 382 737 “milia
404 674 610 733 quoque
637 661 825 718 animo
849 670 934 719 est
961 661 1057 735 qui
1082 672 1136 718 et
1157 661 1243 718 hic
1274 664 1511 736 gaudere
1536 680 1663 721 cum

147 758 337 823 seculo,
372 766 421 811 et
444 753 499 809 in
538 751 723 810 futuro
749 769 981 827 regnare
1008 771 1132 811 eum
1160 752 1277 811 Deo
1308 757 1521 828 quaerit.
1553 755 1665 813 lta-

144 867 248 924 que,
273 849 470 915 fratres,
500 846 546 902 si
572 847 827 904 volumus
874 864 907 904 a
954 846 1070 905 Deo
1104 840 1666 921 exaudiri,‘petamus

146 945 272 1000 abeo
292 939 626 1013 sapientiam,
680 949 986 1012 ceteraque
1014 942 1318 1013 spiritualia
1345 953 1400 999 et
1422 940 1668 1000 emlestia

144 1038 278 1104 dona,
297 1044 345 1091 et
361 1043 600 1106 petamus
622 1049 688 1090 ea
730 1050 856 1092 cum
888 1034 1012 1091 lidei
1050 1034 1307 1092 firmitate
1324 1078 1341 1103 ,
1368 1051 1496 1092 cum
1523 1035 1666 1092 fidu-

143 1136 210 1192 tia
248 1131 444 1189 munda:
492 1130 842 1188 conscientiae
864 1174 880 1202 ,
935 1148 1063 1189 cum
1102 1132 1423 1190 intentionis
1458 1131 1669 1205 simpli-

139 1228 286 1285 citate.

191 1315 371 1385 Tertio,
381 1314 641 1389 promittit
661 1317 941 1388 apostolus
957 1316 1154 1373 humili
1180 1316 1589 1383 exultationem,
1614 1323 1670 1370 et

139 1410 334 1482 superbo
369 1408 515 1465 diviti
552 1409 1015 1478 humiliationem,
1047 1425 1173 1466 cum
1194 1408 1381 1465 subdit
1418 1427 1433 1464 :
1462 1406 1670 1464 Glorie-

138 1515 209 1558 tsr
248 1512 405 1558 autem
450 1502 620 1572 frater
658 1503 875 1557 humilis
906 1504 964 1559 in
991 1502 1318 1557 exultatione
1354 1518 1476 1559 sua.
1510 1501 1591 1557 Ac
1622 1500 1671 1557 si

133 1594 253 1649 dicat
283 1610 297 1647 :
323 1591 466 1648 Licet
508 1591 713 1665 aliquis
763 1593 940 1649 lidclis
981 1592 1124 1649 inter
1147 1592 1532 1650 tribulationcs
1566 1592 1670 1647 hu-

135 1686 253 1741 milis
273 1694 322 1740 et
339 1685 599 1756 abjectns,
623 1695 809 1742 tamen
835 1702 945 1743 non
969 1686 1095 1742 inde
1118 1684 1330 1755 doleat,
1369 1685 1463 1742 sed
1486 1683 1669 1756 potius

131 1778 366 1848 glorietur,
392 1777 652 1848 quoniam
702 1778 898 1834 merito
944 1778 1269 1835 humilitatis
1315 1793 1431 1834 suae
1478 1777 1669 1850 procul

1768 581 1852 629 ter
1900 581 2162 645 tauquam
2191 575 2420 632 verbera
2466 574 2543 647 pii
2582 573 2774 647 patris,
2804 576 2955 633 illata
2977 577 3138 634 nobis
3166 577 3252 634 vel
3287 579 3353 635 ad

1769 669 2168 742 purgationem,
2198 669 2285 726 vel
2311 669 2379 725 ad
2399 668 2798 741 probationem,
2825 669 2911 725 vel
2935 669 3004 725 ad
3028 670 3355 727 humilitatis

1767 761 2267 819 conservationem.
2292 762 2529 832 Quando
2561 762 2667 820 erit
2684 762 2912 820 beatus?
2945 761 3079 818 Cum
3104 762 3354 835 probatus

1769 853 1949 924 fuerit.
1982 851 2138 911 Sicut
2178 853 2324 910 enim
2369 854 2634 924 triticum,
2670 853 2893 910 nonnisi
2919 853 3077 926 prius
3125 854 3357 911 tritura"

1771 953 1907 1013 tum,
1965 960 2076 1001 non
2130 945 2416 1017 reponitur
2461 946 2520 1002 in
2562 945 2846 1015 horreum,
2876 955 2933 1003 et
2971 946 3118 1003 sicut
3141 945 3357 1013 vinum,

1770 1036 1992 1094 nonnisi
2042 1037 2197 1110 prius
2246 1047 2649 1110 pressuratum,
2680 1053 2793 1096 non
2836 1040 3062 1111 ponitur
3088 1036 3150 1094 in
3189 1037 3358 1095 cella-

1770 1130 1938 1199 rium,
1976 1139 2033 1187 et
2063 1130 2207 1188 sicut
2228 1146 2459 1201 aurum,
2504 1131 2728 1189 nonnisi
2756 1131 2912 1205 prius
2959 1132 3357 1199 examinatum,

1770 1240 1882 1280 non
1930 1225 2153 1296 ponitur
2200 1225 2257 1281 in
2307 1226 2672 1293 thesaurum;
2711 1226 2787 1281 ita
2814 1223 3029 1295 ﬁdelis,
3072 1224 3180 1282 nisi
3204 1222 3360 1297 prius

1771 1330 2036 1390 purgatus
2057 1326 2113 1374 et
2133 1317 2420 1388 probatus,
2438 1334 2549 1374 non
2570 1317 2835 1390 recipitur
2849 1317 2910 1374 in
2930 1332 3162 1390 regnum
3189 1316 3362 1372 celo-

1768 1426 1916 1468 rum.
1961 1408 2125 1467 Extra
2151 1411 2355 1483 quippe
2376 1411 2720 1484 quadrantur
2757 1419 2815 1468 et
2840 1410 3123 1484 poliuntur
3150 1407 3362 1481 lapides

1769 1513 1826 1561 et
1854 1504 2032 1577 ligna;
2062 1504 2121 1559 in
2162 1503 2366 1575 templo
2403 1518 2539 1560 vero
2590 1512 2817 1561 aeterna
2869 1502 3228 1560 beatitudinis
3248 1516 3360 1562 nan

1771 1597 2027 1654 audietur
2048 1597 2267 1654 sonitus
2293 1596 2476 1652 mallei
2496 1595 2583 1653 vel
2601 1596 2834 1654 securis.
2869 1594 2932 1652 In
2968 1611 3081 1668 quo
3104 1595 3208 1652 erit
3230 1595 3364 1651 bea—

1772 1691 1898 1748 tus?
1939 1689 2080 1759 Quia
2110 1690 2332 1762 accipiet
2359 1705 2610 1744 coronam
2655 1689 2797 1745 vita.
2842 1690 3084 1757 Corona,
3114 1687 3245 1760 quia
3271 1686 3361 1743 ill-

1771 1784 1929 1857 signe
1972 1783 2154 1856 regale
2201 1791 2309 1852 est,
2345 1780 2620 1855 signiﬁcat
2638 1795 2891 1854 regnum.
2922 1779 3068 1849 Quia
3104 1779 3361 1845 rotunda,
3390 1784 3391 1789 ‘

132 1867 268 1924 dubio
289 1868 626 1924 exaltabitur.
658 1867 910 1927 Praesens
951 1871 1186 1943 abjectio
1216 1879 1301 1927 est
1326 1886 1516 1942 parva,
1545 1885 1671 1927 mo-
1701 1856 1745 1916 Β
1773 1856 2048 1946 significat
2094 1870 2513 1944 perfectionem.
2546 1870 2694 1939 Quia
2724 1884 2857 1927 vero
2877 1869 3231 1949 principioet
3256 1868 3368 1923 Iino

132 1968 395 2028 tinentanea,
432 1968 485 2016 et
526 1963 962 2031 contemnenda;
997 1962 1179 2018 l'utura
1205 1978 1335 2020 vero
1356 1963 1670 2021 sublimatio

130 2053 212 2107 erit
237 2053 482 2122 maxima,
503 2061 710 2110 {eterna
735 2062 791 2109 et
818 2053 1077 2126 gloriosa.
1116 2052 1275 2109 Dives
1306 2070 1446 2122 vero,
1469 2054 1669 2125 inquit,

128 2145 345 2214 glorietur
366 2144 418 2198 in
436 2143 745 2200 humilitate
769 2161 892 2201 sua.
922 2143 1103 2202 ironia
1133 2155 1237 2202 est.
1277 2144 1453 2213 Quasi
1480 2145 1667 2202 dicat:

124 2236 240 2303 Quia
257 2236 407 2292 modo
442 2236 499 2292 in
537 2236 748 2295 divitiis
774 2238 1065 2311 gloriatur,
1098 2238 1296 2295 merito
1328 2238 1668 2295 humiliatur.

125 2328 276 2384 Gloria
307 2344 541 2400 praesens
569 2339 657 2387 est
677 2346 871 2401 parva,
923 2330 1109 2389 brevis
1150 2340 1205 2388 et
1248 2331 1669 2387 contemnenda.

125 2420 402 2478 llumiliatio
431 2438 565 2479 vero
588 2423 963 2481 damnationis
983 2424 1105 2497 ejus
1130 2425 1234 2480 erit
1255 2424 1481 2497 ingens,
1514 2430 1675 2480 teter-

124 2531 197 2583 na,
240 2523 290 2571 et
344 2514 736 2586 perborrenda.
793 2515 951 2585 Quod
1017 2517 1198 2573 innuit
1251 2533 1376 2574 eum
1431 2516 1670 2574 subdit:

125 2607 350 2673 Quoniam
391 2610 531 2663 sicut
554 2610 662 2680 ﬂos
699 2609 811 2682 feni
857 2611 1128 2666 transibit.
1162 2609 1399 2666 Exortus
1427 2620 1505 2666 est
1534 2610 1675 2666 enim

120 2699 184 2753 soi
206 2716 311 2754 cum
334 2700 524 2756 ardore
556 2709 608 2755 et
634 2700 854 2772 arefecit
874 2700 1088 2772 fenum,
1117 2710 1167 2756 et
1196 2701 1296 2770 [los
1320 2700 1433 2771 ejus
1453 2700 1673 2769 decidit,

118 2802 158 2846 et
178 2792 311 2847 decor
344 2794 515 2848 cultus
542 2794 661 2865 ejus
684 2795 889 2866 deperit
911 2809 930 2850 :
952 2795 1029 2849 ita
1057 2803 1107 2850 et
1141 2794 1284 2850 dives
1310 2796 1367 2848 in
1396 2793 1674 2849 itineribus

117 2885 206 2939 suis
226 2886 730 2943 ntercescet.Fcnum
754 2887 954 2960 quippe
973 2887 1239 2960 gradatim
1261 2888 1422 2957 viret,
1453 2886 1674 2955 crescit,

119 2976 266 3045 ﬂoret,
291 2987 422 3044 aret,
454 2979 619 3050 perit.
649 2978 742 3037 Sic
767 2988 822 3035 et
849 2978 1003 3036 dives
1025 2979 1167 3036 viret
1198 2995 1296 3052 per
1336 2978 1673 3052 prosperita-

117 3077 224 3136 tcm,
246 3070 437 3126 crescit
459 3087 559 3143 per
585 3071 943 3143 temporalem
970 3071 1377 3141 exaltationem,
1396 3069 1554 3128 floret
1578 3086 1676 3142 per

116 3161 412 3219 inundanam
448 3164 717 3239 gloriam,
753 3174 871 3220 aret
921 3180 1019 3237 per
1066 3173 1299 3220 mortem
1324 3205 1341 3233 ,
1396 3164 1537 3235 perit
1578 3179 1676 3236 per

114 3262 338 3312 teternam
367 3255 802 3313 damnationem.
830 3254 963 3313 ἣξει)
983 3265 1112 3315 sunt
1137 3256 1331 3312 itinera
1353 3255 1481 3312 vani
1505 3266 1561 3313 ct
1581 3272 1675 3313 su-

114 3346 240 3416 perbi
282 3347 482 3403 divitis.
534 3347 669 3405 Flos
715 3346 826 3404 feni
865 3365 995 3405 cum
1039 3349 1267 3420 pulcher
1282 3348 1554 3417 videatur,
1586 3363 1675 3406 res

115 3454 252 3509 parva
290 3449 371 3497 est
396 3448 451 3497 ct
480 3442 629 3499 vilis.
668 3441 761 3498 Sic
786 3450 842 3498 et
880 3441 1053 3515 gloria
1076 3442 1300 3510 mundi,
1327 3443 1409 3498 ira
1432 3441 1529 3499 Dei
1557 3441 1676 3499 fer-

116 3546 350 3603 vesceute,
377 3538 618 3605 decidit;
664 3536 765 3595 llos
798 3538 907 3595 leni
935 3538 1055 3595 sine
1079 3539 1263 3611 aliquo
1291 3537 1471 3594 fructu
1509 3537 1674 3610 perit,

123 3638 155 3681 et
170 3628 322 3699 gloria
351 3630 546 3686 mundi
576 3631 700 3687 sine
721 3631 903 3703 aliqua
934 3632 1166 3687 utilitate
1184 3631 1501 3703 pertransit.
1518 3628 1674 3688 Unde

114 3719 368 3780 Psalmista
406 3742 419 3783 :
459 3744 478 3775 σ
513 3723 641 3779 Vidi
664 3724 893 3796 impium
918 3726 1386 3797 superexaltatum
1413 3734 1469 3781 et
1495 3725 1674 3781 eleva-

111 3820 206 3867 tum
253 3814 392 3871 sicut
421 3815 623 3873 cedros
655 3813 885 3885 Libani;
936 3825 994 3873 et
1033 3817 1286 3886 transivi,
1313 3826 1369 3874 et
1407 3832 1536 3874 ecce
1564 3832 1674 3872 non

108 3916 234 3973 enat;
265 3909 490 3979 quaesivi
537 3925 703 3978 eum,
738 3920 927 3966 etnon
955 3920 1041 3967 est
1068 3912 1325 3967 inventus
1352 3910 1507 3967 locus
1553 3911 1675 3983 ejus

109 3995 257 4067 (Psal.
287 4001 496 4072 xxxvi).
536 4020 557 4055 ι
586 4000 905 4073 Propterea,
933 4001 1131 4059 fratres
1160 4002 1291 4070 mei,
1321 4000 1491 4059 falsas
1533 4002 1674 4058 divi-

107 4088 213 4156 tias,
232 4089 487 4159 honores,
502 4091 837 4164 voluptates,
863 4102 917 4149 et
935 4093 1199 4166 gloriolas
1219 4093 1412 4150 mundi
1437 4103 1676 4151 contem-

109 4194 300 4261 namus,
324 4184 390 4240 ad
414 4200 580 4241 \‘eras
629 4186 783 4257 regni
826 4185 1091 4242 cmlorum
1125 4186 1349 4245 divitias
1378 4194 1496 4243 toto
1523 4185 1672 4243 desi-

107 4271 237 4330 derio
283 4276 740 4346 inardeséamus;
780 4287 1004 4351 propter
1027 4278 1152 4337 illas
1176 4286 1474 4351 praesentes
1498 4279 1674 4336 tribu-

105 4360 327 4435 lationes,
352 4377 710 4440 paupertates
734 4377 790 4425 et
816 4370 1149 4441 abjcctiones
1173 4371 1285 4443 pati
1313 4371 1668 4445 gaudeamus.

160 4457 355 4525 Quarto
378 4504 395 4530 ,
420 4463 773 4519 demonstrat
806 4464 1088 4535 apostolus
1125 4464 1277 4520 illum
1306 4464 1527 4521 beatum
1551 4481 1674 4522 esse

1773 1974 1946 2032 caret,
1987 1963 2267 2035 signiﬁcat
2290 1963 2674 2020 aeternitatem.
2720 1959 2781 2016 ln
2813 1960 2922 2017 hoc
2942 1958 3130 2031 igitur,
3166 1958 3370 2014 fratres

1773 2056 1905 2125 mei,
1936 2055 2085 2112 beati
2106 2055 2336 2123 erimus,
2358 2054 2509 2127 quod
2531 2067 2763 2126 regnum
2797 2060 2854 2108 et
2892 2049 3286 2123 perfectionem
3311 2056 3371 2105 et

1775 2149 2135 2206 aeternitatem
2154 2147 2282 2205 Viue
2318 2147 2559 2205 caelestis
2581 2145 2935 2217 accipiemus.
2969 2142 3221 2217 Regnum
3246 2142 3374 2200 sine

1774 2243 2116 2316 impotentia,
2145 2240 2547 2315 perfectionem
2560 2240 2680 2298 sine
2706 2237 3111 2308 insullieientia,
3146 2236 3335 2295 ater-ni
3350 2264 3369 2279 -

1775 2346 1942 2394 tatem
1969 2337 2091 2394 sine
2107 2345 2272 2393 meta.
2296 2333 2401 2391 Per
2419 2349 2584 2406 quem
2609 2333 2805 2391 beatus
2831 2332 2972 2391 erit?
2997 2328 3118 2387 Non
3145 2337 3371 2402 propter

1775 2429 1971 2485 merita
1997 2445 2121 2507 sua,
2146 2428 2242 2486 sed
2265 2443 2365 2500 per
2394 2427 2629 2501 gratiam
2667 2425 2867 2484 divinae
2893 2421 3367 2496 repromissionis

1781 2522 1934 2579 Unde
1955 2522 2163 2591 subdit,
2190 2539 2350 2595 quam
2375 2521 2698 2593 repromisit,
2727 2519 2782 2576 id
2809 2530 2913 2587 est,
2959 2520 3158 2575 iterum
3185 2526 3241 2574 et
3264 2516 3368 2573 ite-
3388 2536 3412 2555 ··

1776 2631 1899 2671 rum
1925 2631 2022 2688 per
2041 2616 2359 2687 prophetas,
2388 2628 2488 2687 per
2511 2612 2792 2686 apostolos
2820 2611 3076 2686 promisit
3098 2611 3245 2668 Deus
3273 2610 3370 2681 qui

1774 2708 2126 2779 omnipotens
2159 2715 2214 2763 et
2233 2722 2400 2763 verax
2424 2715 2529 2763 est.
2564 2705 2920 2777 Diligentibus
2945 2721 3002 2761 se
3037 2720 3057 2760 :
3092 2714 3153 2760 ut
3203 2702 3373 2775 igitur

1777 2815 2040 2858 coronam
2064 2816 2096 2856 a
2114 2797 2227 2856 Deo
2248 2799 2410 2855 nobis
2431 2798 2765 2871 promissam
2789 2787 3368 2868 consetptivaleamus,

1778 2890 1951 2948 Deum
1976 2901 2091 2949 toto
2110 2892 2382 2950 desiderio
2406 2891 2723 2963 diligamus,
2742 2891 2798 2946 in
2812 2890 3091 2946 mandatis
3107 2890 3228 2960 ejus
3238 2888 3372 2944 obe-

1777 2982 1987 3042 dientes
2006 3027 2021 3053 ,
2050 2984 2235 3041 omnia
2263 2983 2472 3040 caduca
2502 2991 2726 3055 propter
2750 2997 2878 3039 eum
2914 2990 3335 3038 contemnentes
3352 3024 3371 3046 ,

1777 3079 1963 3136 omnia
1977 3079 2204 3135 adversa
2214 3077 2484 3151 patienter
2494 3074 2839 3146 suflerentes,
2853 3075 2921 3132 ad
2943 3074 3120 3146 ipsius
3136 3072 3374 3146 promis-

1778 3189 1903 3228 sum
1922 3179 2041 3228 toto
2068 3170 2343 3229 desiderio
2363 3168 2727 3237 festinantes;
2748 3168 2870 3241 ipso
2890 3177 3185 3241 prcstante
3206 3165 3297 3224 cui
3312 3179 3371 3222 es

1778 3265 1955 3321 honor
1982 3272 2040 3324 et
2065 3262 2237 3338 gloria
2252 3278 2350 3336 per
2361 3262 2547 3320 omnia
2568 3260 2769 3320 saecula
2793 3259 3143 3318 surculorum.
3167 3258 3363 3316 Amen.

2532 3397 2603 3455 X.

2045 3529 2203 3571 UNIUS
2237 3525 2526 3570 IAITIIIS.
2567 3524 2742 3567 SEIIO
2763 3524 2833 3566 ΒΕ
2868 3522 3089 3566 ιολκιιε.

1848 3630 2001 3687 Dixit
2023 3629 2180 3686 Iesus
2210 3628 2491 3701 discipulis
2535 3627 2683 3683 suis:
2713 3627 2883 3682 Amen
2919 3625 3041 3681 dico
3066 3623 3235 3701 voltis,
3260 3612 3385 3679 nisi

1773 3740 2000 3796 granum
2046 3723 2300 3795 frumenti
2344 3721 2538 3778 cadens
2562 3721 2620 3775 in
2650 3724 2849 3775 terram
2886 3726 3155 3773 mortuum
3185 3717 3370 3787 fuerit.

1774 3820 1950 3888 ipsum
1975 3815 2148 3871 solum
2178 3822 2377 3870 manet.
2413 3811 2475 3868 Si
2508 3820 2690 3867 autem
2718 3818 2987 3865 mortuum
3014 3808 3197 3880 fuerit,
3224 3807 3370 3863 ntul—

1776 3918 1888 3963 tum
1915 3908 2151 3978 fructum
2178 3905 2358 3975 a/j'ert,
2389 3912 2495 3960 etc.
2522 3901 2707 3974 (Joan.
2750 3898 2878 3973 xu.)
2907 3901 3048 3957 Ante
3073 3901 3372 3957 adventum

1775 3998 2158 4071 Redemptoris
2184 3997 2383 4065 nostri,
2407 3995 2611 4051 fratres
2637 3992 2989 4060 charissimi,’
3005 3991 3246 4047 mundus
3278 4005 3375 4062 op-

1773 4105 1999 4163 pressus
2020 4097 2139 4145 erat
2164 4087 2407 4144 tenebris
2428 4084 2751 4160 ignorantiae
2771 4092 2827 4140 et
2843 4080 3216 4151 inﬁdelitatis;
3273 4094 3372 4136 ne—

1773 4181 2176 4241 sciebantenim
2198 4179 2679 4246 resurrectionem,
2706 4175 3024 4234 nesciebant
3050 4182 3368 4232 sanctorum

1775 4275 2016 4332 futuram
2065 4273 2235 4330 vitam
2260 4315 2277 4342 ,
2326 4271 2650 4329 nesciebant
2706 4268 2952 4326 futuram
3003 4266 3379 4339 reproborum

1774 4366 2206 4423 damnationem.
2239 4360 2427 4420 Solam
2456 4359 2818 4433 temporalem
2862 4358 3035 4415 vitam
3078 4364 3367 4422 noverant,

1774 4469 1825 4516 et
1856 4458 1925 4515 ad
1947 4473 2069 4514 eam
2100 4455 2287 4513 omnia
2331 4452 2663 4511 referebant.
2709 4450 2941 4523 Propter
2969 4464 3094 4506 eam
3137 4461 3375 4504 conser-

103 4551 180 4622 qui
207 4551 367 4609 habet
392 4556 745 4626 patientiam,
793 4572 921 4612 eum
976 4555 1163 4612 subdit
1189 4577 1201 4612 :
1229 4556 1430 4612 Beatus
1471 4558 1551 4613 vir
1579 4559 1670 4629 qui
1703 4567 1749 4626 ι)
1775 4551 2029 4619 vandam,
2060 4548 2226 4617 furta,
2250 4548 2496 4620 rapinas,
2532 4544 2773 4613 fraudes,
2795 4542 3083 4612 sacrilegia
3110 4548 3166 4596 et
3192 4539 3370 4595 caedes

102 4646 262 4715 stt/fert
309 4651 689 4717 tentationem,
738 4650 989 4721 quoniam
1026 4666 1147 4707 cum
1181 4656 1435 4720 probatus
1488 4650 1676 4720 fuerit,

104 4739 299 4809 accipiet
320 4757 579 4795 coronam
601 4741 744 4807 vitae,
766 4756 928 4813 quant
950 4740 1252 4813 repromisit
1274 4737 1416 4793 Deus
1446 4737 1675 4811 diligen-

103 4831 221 4886 tibus
239 4850 311 4888 se.
341 4833 600 4905 Quatuor
627 4832 762 4889 dicit
787 4850 800 4889 :
837 4831 963 4903 quis
1000 4831 1071 4887 sit
1096 4830 1315 4887 futurus
1342 4831 1534 4887 beatus
1554 4873 1569 4898 ,
1619 4839 1674 4886 et

100 4922 293 4998 inquo,
326 4935 380 4982 et
413 4926 663 4998 quando,
702 4933 756 4980 et
783 4941 879 4999 per
908 4940 1092 4995 quem.
1126 4922 1306 4991 Quis?
1351 4922 1457 4991 Qui
1488 4923 1674 4993 su/I‘ert

99 5021 443 5077 testationem.
502 5019 561 5074 ιι.
617 5034 729 5089 quo
760 5017 1207 5089 distinguendum
1246 5024 1354 5085 est,
1408 5015 1671 5089 quoniam

99 5124 185 5166 nec
208 5127 421 5168 omnem
452 5113 811 5168 tenuitionem
840 5109 1127 5175 sull'erens,
1165 5125 1265 5164 nec
1289 5108 1517 5179 quilibet
1556 5105 1673 5162 suf-

95 5200 259 5261 ferens
286 5204 486 5259 beatus
523 5203 647 5261 erit.
697 5200 951 5257 Tentatio
1005 5201 1235 5273 quippe,
1277 5201 1383 5254 alia
1421 5206 1505 5254 est
1531 5198 1672 5253 inte-

98 5290 213 5359 rior,
234 5310 357 5366 quze
384 5294 450 5349 lit
471 5294 560 5348 vel
581 5310 615 5352 a
647 5292 891 5362 diabolo,
921 5292 1005 5348 vel
1032 5308 1061 5347 a
1089 5291 1312 5364 propria
1346 5306 1531 5347 carne.
1593 5288 1671 5344 De

101 5401 187 5454 pia
217 5386 269 5441 in
295 5385 661 5457 sequentibus
702 5383 836 5441 dicit
888 5404 902 5440 :
962 5383 1329 5456 Unusquisque
1359 5391 1596 5438 tentatur
1634 5397 1668 5436 a

96 5466 507 5550 concupiscentia
544 5495 641 5531 sua
678 5476 981 5533 abstractus
1038 5486 1088 5531 et
1134 5476 1364 5531 illectus.
1418 5473 1667 5542 Quorqu

94 5570 435 5627 to'ntationem
464 5584 578 5624 non
607 5555 871 5630 debemus
899 5568 1160 5637 sufferre,
1211 5567 1308 5624 sed
1357 5566 1540 5643 potius
1572 5580 1668 5625 ex-

1777 4643 2124 4701 cxercebant.
2148 4641 2377 4712 Propter
2395 4655 2518 4696 eam
2540 4639 2596 4694 in
2626 4652 2819 4694 omnes
2844 4634 3119 4700 libidines,
3142 4631 3368 4703 ﬂagitia,

1778 4737 1982 4794 scelera
2014 4746 2070 4791 et
2109 4732 2549 4791 abominationes
2575 4728 2904 4787 deﬂuebant.
2948 4723 3246 4796 Propterea
3274 4737 3371 4779 ve.

1778 4833 1937 4888 niens
1964 4829 2299 4901 Redemptor
2326 4835 2514 4886 noster
2540 4822 2730 4881 docuit
2752 4816 3237 4885 resurrectionem,
3264 4816 3369 4872 do-

1777 4924 1891 4981 cuit
1902 4924 2073 4980 vitam
2095 4923 2295 4978 bonam
2322 4922 2729 4984 sanetorum,et
2750 4911 3156 4970 damnationem
3179 4922 3373 4980 repro-

1776 5018 1994 5073 borum.
2027 5014 2226 5075 Docuit
2254 5013 2424 5070 vitam
2456 5016 2779 5082 praesentem
2803 5001 3284 5076 contemnendam,
3313 5007 3373 5056 et

1778 5117 2009 5168 mortem
2040 5104 2397 5176 temporalem
2423 5100 2590 5174 justls
2628 5114 2739 5155 non
2761 5095 3081 5163 timendam,
3106 5094 3222 5159 imo
3244 5102 3291 5148 ts
3316 5108 3367 5159 ιτ-

1777 5216 1946 5278 quam
1992 5200 2277 5259 introitum
2321 5196 2389 5252 ad
2435 5192 2678 5264 requiem
2720 5187 3106 5261 exoptandam.
3144 5185 3221 5242 De
3262 5184 3370 5241 hoc

1774 5294 1944 5366 igitur
1991 5293 2237 5367 loquitur
2281 5287 2548 5349 Dominus
2591 5286 2648 5342 in
2697 5284 2932 5343 lectione
2968 5280 3270 5355 praalibata.
3302 5278 3371 5336 Et

1776 5386 1882 5440 hoc
1903 5382 2088 5446 modo.
2114 5381 2320 5451 Primo,
2336 5382 2471 5438 dicit
2492 5386 2724 5436 mortem
2749 5392 2906 5434 suam
2935 5389 3275 5446 suorumque
3296 5371 3369 5428 al

1776 5458 1951 5531 instar
1996 5475 2161 5549 grani,
2206 5473 2464 5531 seminati
2496 5487 2621 5528 esse
2674 5470 3036 5528 fructuosam.
3090 5464 3368 5537 Secundo,

1774 5568 1907 5625 dicit
1935 5568 2083 5640 quod
2112 5568 2207 5641 qui
2236 5568 2400 5623 stulte
2429 5565 2670 5622 animam
2692 5579 2849 5622 suam
2880 5570 3048 5630 amat,
3068 5576 3190 5617 eam
3216 5558 3367 5614 οςιῆ-

93 5676 347 5732 pugnare,
377 5671 438 5718 et
462 5677 495 5715 a
532 5660 689 5719 nobis
710 5662 1022 5717 excludere.
1053 5660 1174 5716 Alia
1202 5660 1473 5728 exterior,
1501 5673 1668 5730 quam
1771 5656 1880 5727 dit;
1901 5666 1957 5715 et
1979 5658 2073 5731 qui
2097 5659 2370 5730 sapienter
2391 5673 2515 5714 eam
2541 5666 2709 5724 amat,
2730 5671 2850 5712 eam
2877 5651 3134 5711 custodit.
3152 5649 3363 5718 Tertio,

92 5754 321 5824 iuunittit
350 5754 531 5822 Deus,
548 5756 628 5811 vel
660 5772 756 5831 per
782 5772 861 5817 se.
885 5765 947 5813 ut
968 5755 1190 5811 morbos
1219 5762 1273 5809 et
1298 5753 1667 5821 inﬁrmitates,
1775 5753 1843 5811 ad
1864 5751 2203 5824 sequendum
2232 5766 2292 5811 se
2318 5766 2420 5809 nos
2442 5750 2783 5808 exhortatur.
2809 5746 3038 5815 Quarto,
3077 5743 3366 5816 praemium

92 5849 166 5901 vi
190 5866 282 5914 per
310 5847 686 5907 ministerium
718 5852 1017 5915 inalorum,
1060 5859 1117 5905 ut
1149 5847 1559 5918 persecutiones
1589 5847 1673 5904 vel
1773 5845 2062 5919 pollicetur
2156 5844 2323 5919 Igitur
2359 5844 2542 5919 primo
2613 5858 2769 5902 suam
2823 5853 3161 5913 suorumque
3207 5849 3363 5893 more
