3844 6318
431 303 572 385 ist?

1679 299 2030 375 nantium
2067 301 2419 387 Annam-ts

428 425 540 474 tem
574 414 821 489 prasdicit
856 415 976 475 fore
1005 415 1373 501 fructuosam,
1401 430 1539 479 cum.
1555 413 1691 475 dicit
1714 433 1733 473 :
1756 414 1885 477 Nisi
1905 432 2032 490 σγα-
2056 418 2108 477 Α
2130 434 2256 501 mus
2290 429 2348 478 et
2394 419 2811 481 mortificamus.
2844 421 3051 483 Vitituu
3084 408 3233 490 dico,
3274 440 3381 482 non
3423 439 3650 505 natum,

429 526 555 569 num
572 509 826 582 frumenti
847 509 1041 566 cadens
1062 511 1118 566 in
1142 492 1339 569 terrent
1361 517 1627 575 mortuum
1648 508 2021 583 fuerit,ipsum

427 601 600 659 solum
631 612 833 671 manet,
866 611 972 662 etc.
1015 601 1265 669 Granum,
1289 599 1552 665 frumenti
1574 601 1804 662 interius
1832 600 2022 659 candi-

428 692 561 751 dum
602 702 708 769 est,
749 693 993 755 exterius
1020 694 1275 760 rubeum,
1310 692 1467 751 cibus
1490 700 1576 749 est
1613 691 1875 761 hominis,
1910 708 2019 749 non

421 785 824 859 iumentorum,
853 785 974 844 Prae
994 785 1207 847 caeteris
1229 774 1451 857 quoque
1475 783 1618 842 cibis
1636 794 1719 842 est
1741 783 2021 843 conforta-

427 878 596 937 tivus.
623 876 956 950 Redemptor
980 891 1202 951 quoque
1246 884 1434 935 noster
1461 876 1697 933 interius
1723 889 1807 937 est
1832 875 2023 933 candi-

426 974 532 1035 dus
561 974 802 1035 candore
842 971 1172 1031 innocentiae
1213 987 1364 1032 suae:
1399 970 1645 1029 exterius
1700 979 1787 1029 est
1816 971 2021 1029 rubens

426 1070 695 1143 sanguine
725 1066 1004 1141 passionis
1040 1082 1175 1125 suae.
1228 1064 1384 1123 Unde
1423 1082 1631 1139 sponsa
1672 1065 1728 1124 in
1777 1065 2023 1124 Canticis

424 1166 765 1237 canticorum
785 1184 799 1221 :
818 1184 839 1218 ι
858 1163 1089 1229 Amicus
1105 1178 1262 1225 meus
1281 1163 1552 1229 candidus
1569 1172 1655 1223 est
1678 1172 1734 1221 et
1755 1162 2020 1218 rubicun—

422 1258 530 1316 dus
557 1256 739 1330 (Cant.
761 1256 840 1330 v).
879 1274 900 1310 ι
928 1254 999 1313 Et
1024 1254 1199 1315 Isaias
1233 1274 1248 1313 :
1288 1275 1308 1309 ‹
1331 1255 1469 1326 Quis
1497 1263 1587 1315 est
1617 1255 1724 1315 iste
1750 1255 1846 1326 qui
1874 1253 2025 1311 venit

420 1351 488 1412 de
513 1349 690 1419 Edon,
722 1348 913 1417 tinctis
948 1349 1197 1407 vestibus
1235 1348 1306 1406 de
1331 1348 1540 1405 Bosra?
1573 1346 1755 1417 Quare
1792 1347 2022 1417 rubrum

420 1450 509 1501 est
533 1442 920 1501 indumentum
961 1450 1141 1510 tuum,
1178 1451 1234 1500 et
1275 1441 1664 1501 vestimentum
1691 1449 1849 1499 tuum
1880 1439 2026 1497 sicut
2063 1475 2077 1489 .

417 1534 749 1595 calcantium
771 1534 825 1591 in
855 1533 1189 1609 torculariii
1208 1531 1372 1605 (Iam,
1399 1532 1580 1606 LXIII.)
1606 1530 1781 1591 Cibus
1802 1544 2027 1605 quoque

419 1643 535 1685 non
585 1636 674 1685 est
711 1626 1059 1695 animalium,
1107 1626 1162 1683 id
1204 1635 1289 1683 est
1316 1626 1629 1683 animaliter
1669 1623 2021 1701 sapientium,

417 1720 523 1777 sed
552 1720 988 1789 rationabilium,
1028 1719 1187 1791 juxta
1216 1718 1385 1787 illud;
1415 1716 1662 1775 «Panem
1701 1716 2021 1789 angelorum

2119 522 2374 583 peccata,
2405 528 2517 569 non
2554 522 2886 570 creaturam.
2921 515 3206 588 Alioquin,
3244 516 3382 575 sicut
3410 519 3653 585 damnatur

2119 606 2215 676 qui
2242 606 2407 667 etiam
2438 605 2569 667 vitia
2597 608 2847 679 corporis
2871 618 2929 665 et
2954 608 3157 667 anima:
3186 612 3373 678 nutrit,
3399 612 3469 671 ita
3502 619 3582 689 qui
3611 631 3659 680 et

2119 694 2297 767 ipsam
2325 706 2578 754 naturam
2617 705 2673 754 et
2705 699 2925 756 occidit.
2954 698 3107 758 Licet
3145 701 3325 770 enim,
3352 702 3535 763 fratres
3557 712 3657 781 mei,

2118 798 2446 859 prasentem
2494 790 2663 847 vitam
2690 801 3067 862 contemnere,
3094 801 3153 851 et
3191 797 3259 851 ad
3299 804 3539 856 aeternam
3575 811 3661 862 toto

2119 880 2396 941 desiderio
2429 878 2691 939 festinare
2716 883 3037 952 debeamus,
3068 894 3252 944 tamen
3282 900 3583 960 prmsentem
3600 896 3662 951 vi-

2120 980 2235 1028 tam
2274 987 2386 1028 non
2426 971 2692 1032 debemus
2715 977 3031 1047 praecidere,
3056 985 3120 1034 ut
3147 979 3373 1052 quidam

2120 1065 2217 1137 qui
2251 1065 2337 1121 vel
2364 1064 2534 1122 nimia
2566 1068 2959 1138 maceratione,
2988 1070 3076 1128 vel
3106 1062 3275 1128 manu
3305 1075 3514 1146 propria
3551 1093 3664 1137 mor-

2121 1164 2233 1212 tem
2259 1155 2383 1213 sibi'
2401 1156 2706 1227 intulerint,
2742 1159 2839 1216 sed
2868 1162 3051 1231 potius
3084 1161 3260 1234 ipsam
3290 1164 3454 1219 vitam
3474 1182 3667 1236 praen—

2122 1256 2232 1306 tem
2259 1249 2529 1321 patienter
2551 1256 2827 1310 sustinere
2845 1262 2902 1311 et
2921 1254 2978 1311 in
3006 1253 3104 1311 Dei
3126 1255 3352 1313 servitio
3377 1272 3569 1328 regere,
3584 1276 3666 1316 non

2122 1337 2407 1413 frangere;
2442 1341 2617 1413 ipsam
2641 1360 2774 1401 vero
2804 1354 3038 1410 mortem
3061 1347 3146 1403 vel
3173 1363 3202 1402 a
3238 1353 3671 1421 persecutor-evel

2122 1449 2156 1489 a
2193 1431 2306 1491 Deo
2344 1435 2504 1493 nobis
2529 1438 2736 1495 illatam
2773 1439 3052 1511 suscipere
3072 1456 3199 1497 eum
3227 1442 3519 1514 gratiarum
3540 1444 3672 1499 actio-

2123 1541 2213 1585 ne.
2261 1526 2333 1583 At
2363 1544 2468 1586 nos
2501 1528 2682 1601 (unde
2720 1531 3017 1588 dolendum
3046 1534 3156 1604 est)
3190 1532 3360 1589 vitam
3390 1548 3671 1605 praesentem

2124 1633 2234 1674 non
2258 1618 2438 1676 solum
2462 1637 2573 1677 non
2596 1622 2837 1692 odimus,
2872 1623 2970 1678 sed
2997 1622 3162 1679 etiam
3195 1623 3338 1679 ultra
3362 1623 3568 1678 modum
3579 1641 3673 1679 eam

2124 1708 2427 1783 diligimus,
2462 1722 2517 1769 et
2544 1725 2832 1786 propterea
2861 1715 3083 1771 solliciti
3109 1730 3325 1783 sumus,
3352 1716 3581 1772 volentes
3604 1718 3678 1772 hic

416 1813 771 1873 manducavit
790 1814 958 1871 homo
970 1811 1150 1884 (Psal.
1179 1812 1410 1885 LXXVII).
1431 1830 1451 1866 ι
1485 1810 1607 1869 Prae
1630 1810 1844 1869 caeteris
1864 1826 2004 1883 quo-
2035 1791 2079 1852 Β
2104 1798 2198 1861 diu
2226 1806 2428 1872 vivere,
2452 1805 2617 1861 vitam
2642 1805 2883 1862 futuram
2906 1806 2989 1862 vel
3014 1821 3128 1862 non
3149 1807 3457 1873 credentes,
3477 1809 3552 1863 vel
3568 1824 3680 1880 qna-

419 1919 529 1974 que
549 1904 688 1961 cibis
716 1905 896 1977 magis
926 1904 1327 1963 conl‘ortativus
1348 1913 1454 1973 est,
1481 1904 1746 1977 quoniam
1775 1904 1830 1961 in
1858 1902 2014 1960 forti-

418 1995 610 2055 tudine
648 1995 761 2052 cibi
786 1996 948 2054 istius
973 1997 1330 2057 ambulamus
1350 1996 1715 2070 quadraginta
1737 1995 1934 2053 diebus
1959 2003 2016 2051 et

415 2088 780 2162 quadraginta
818 2090 1073 2153 noctibus
1099 2106 1277 2163 usque
1309 2089 1379 2147 ad
1400 2098 1647 2147 montem
1686 2087 1785 2151 Dei
1835 2086 2016 2146 Horeb

419 2178 547 2250 (111
570 2179 698 2254 Reg.
734 2182 918 2253 svnt).
963 2181 1105 2241 Hine
1130 2190 1218 2245 est
1245 2181 1396 2255 quod
1421 2190 1616 2241 sancta
1657 2180 1905 2241 Ecclesia
1932 2197 2018 2239 sa-

416 2282 761 2333 cramentum
778 2275 1033 2347 corporis
1067 2273 1276 2332 Christi
1299 2290 1410 2332 non
1434 2274 1491 2332 in
1517 2274 1647 2344 alio,
1676 2274 1773 2335 sed
1799 2282 2014 2331 tantum

417 2365 477 2422 in
501 2381 644 2437 pane
671 2366 741 2423 de
782 2364 1063 2425 frumento
1095 2367 1377 2429 celebrare
1400 2367 1709 2425 consuevit.
1734 2366 2015 2436 Quemad-

416 2458 643 2517 modum
674 2458 844 2533 igitur
869 2474 1104 2532 granum
1138 2458 1403 2521 fi'umenti
1449 2461 1556 2519 nisi
1586 2460 1829 2532 jaciatur
1860 2460 2018 2532 prius

415 2551 475 2609 in
494 2559 721 2621 terram,
766 2554 1051 2626 operiatur
1069 2561 1128 2610 et
1146 2553 1437 2621 moriatur,
1463 2567 1574 2610 non
1593 2562 1893 2610 renovatur
1914 2567 2018 2610 nec

413 2643 830 2715 multiplicatur;
853 2644 931 2702 ita
951 2644 1231 2714 Christus,
1252 2643 1698 2709 nisimitteretur
1717 2660 1750 2702 a
1770 2643 1932 2701 Patre
1959 2643 2018 2701 in

415 2742 643 2803 terram,
670 2744 727 2795 et
752 2735 863 2795 nisi
885 2743 1194 2793 moreretur
1212 2743 1270 2792 et
1289 2735 1637 2809 sepeliretur,
1666 2749 1778 2791 non
1809 2749 1908 2806 per
1928 2748 2018 2791 re-

414 2824 816 2887 surrectiouem
861 2834 1221 2885 renovaretur
1237 2867 1261 2897 ,
1304 2841 1408 2885 nec
1455 2842 1554 2900 per
1604 2826 1771 2885 ﬁdem
1810 2826 2017 2883 multo-

414 2934 542 2975 rum
589 2917 1074 2990 multiplicaretur.
1132 2918 1365 2991 Propter
1419 2919 1527 2978 hoc
1576 2920 1726 2978 enim
1781 2919 2017 2978 descen-

413 3013 497 3073 dit
533 3020 590 3070 et
630 3021 889 3071 mortuus
917 3021 1027 3082 est,
1045 3021 1109 3069 ut
1148 3014 1352 3073 multos
1393 3012 1499 3070 sibi
1545 3022 1878 3071 convocaret
1907 3012 2020 3070 fra-

415 3114 530 3162 tres
601 3113 658 3162 ει
713 3105 1048 3203 coheredes.
1124 3104 1314 3164 Sancti
1380 3121 1603 3180 quoque
1664 3104 1902 3203 apostoli
1958 3114 2016 3163 et
2042 3143 2087 3203 Ο

417 3203 709 3267 martyres,
750 3195 858 3252 nisi
885 3211 984 3268 per
1023 3211 1225 3254 manus
1266 3207 1685 3270 persecutorum
1715 3196 1772 3253 in
1806 3205 2012 3253 terram

415 3285 766 3342 mitterentur
814 3296 870 3344 et
927 3296 1295 3357 morerentur,
1347 3304 1462 3345 non
1501 3304 1601 3360 per
1651 3289 2015 3347 resurrectio-

416 3376 506 3434 nis
561 3377 791 3450 gloriam
848 3388 1248 3436 renovarentur
1269 3421 1286 3449 ,
1342 3395 1446 3437 nec
1499 3395 1599 3452 per
1647 3380 2009 3437 imitationem

415 3471 1257 3542 multorummultiplicareutur.
1298 3470 1413 3531 Nos
1436 3472 1626 3541 etiam,
1655 3472 1855 3533 fratres
1882 3473 2013 3544 mei,

415 3562 534 3635 nisi
550 3564 921 3637 nosmetipsos
944 3580 1044 3636 per
1079 3564 1446 3623 humilitatem
1474 3565 1529 3621 in
1555 3574 1761 3623 terram
1788 3565 2014 3639 dejicia-

420 3670 572 3725 mus,
600 3655 710 3714 nisi
748 3656 998 3713 membra
1050 3665 1244 3715 nostra
1293 3672 1420 3714 cum
1466 3657 1617 3714 vitiis
1663 3668 1718 3715 et
1759 3658 2015 3731 concupi-

415 3747 643 3807 scentiis
662 3745 1081 3817 mortiﬁcemus,
1128 3745 1238 3805 nisi
1261 3731 1436 3821 ipsam
1480 3748 1730 3821 corporis
1776 3756 2013 3805 mortem

411 3839 685 3911 patienter
706 3840 1104 3909 sustineamus,
1134 3854 1238 3897 nec
1261 3856 1360 3913 per
1378 3840 1612 3912 gloriam
1653 3841 2014 3903 resurrectio-

416 3931 821 4000 nisreuovari,
853 3947 956 3989 nec
996 3948 1095 4004 per
1139 3932 1298 3991 bona.
1320 3933 1627 3995 cmlestium
1658 3935 2013 4006 praemiorum

413 4021 721 4081 valebimus
744 4023 983 4081 dilatari.

489 4115 765 4185 Secundo,
812 4115 1152 4177 demonstrat
1195 4115 1466 4187 Dominus
1525 4119 1674 4189 quod
1700 4119 1797 4190 qui
1848 4119 2013 4177 stulte

416 4209 663 4273 animam
687 4225 861 4267 suam.
880 4210 1078 4283 diligit,
1103 4226 1227 4267 eam
1248 4210 1471 4280 occidit,
1496 4227 1622 4268 cum
1655 4211 1870 4269 subdit:
1906 4211 2013 4280 Qui

418 4311 569 4361 amat
594 4303 834 4361 animum
856 4319 1013 4359 suam
1039 4303 1224 4375 perdet
1247 4320 1388 4359 eam.
1414 4302 1591 4360 Stulte
1616 4313 1673 4361 et
1699 4304 1866 4374 male,
1902 4298 2021 4363 fra-‘

415 4401 533 4450 tres
576 4392 706 4461 mei,
747 4393 991 4457 animam
1020 4401 1269 4451 nostram
1295 4392 1598 4466 diligimus,
1639 4395 1688 4451 si
1725 4396 1847 4468 ejus
1884 4412 2015 4454 sen-

2115 1898 2162 1955 si
2178 1898 2536 1972 negligentes.
2564 1896 2703 1955 Heu!
2728 1907 2995 1970 quantum
3031 1915 3228 1956 sumus
3256 1898 3546 1957 dissimiles
3574 1916 3680 1972 apt»

2115 1991 2273 2049 stolis
2286 2000 2342 2049 et
2361 1991 2565 2048 sanctis
2580 1990 2938 2063 martyribus,
2950 1993 3278 2066 exterisque
3291 1991 3538 2050 Patribus
3550 2035 3564 2061 ,
3581 1993 3680 2064 qui,

2115 2082 2284 2139 vitam
2318 2093 2643 2155 praesentem
2682 2083 3035 2140 vehementer
3058 2083 3189 2142 odio
3241 2083 3543 2154 habentes,
3577 2103 3680 2141 cum

2114 2182 2270 2235 tanto
2299 2175 2574 2233 desiderio
2598 2185 2655 2233 et
2677 2176 2937 2233 aviditate
2965 2177 3035 2233 ad
3059 2176 3228 2233 vitam
3262 2186 3519 2234 sternam
3543 2179 3679 2234 etiam

2114 2284 2212 2341 per
2235 2277 2505 2326 tormenta
2524 2279 2909 2339 cucurrerunt,
2934 2284 3169 2341 eamque
3191 2271 3380 2343 potius
3423 2284 3688 2341 rapuerunt

2115 2379 2283 2436 quam
2339 2363 2583 2422 assecuti
2621 2372 2772 2431 sunt,
2807 2362 2966 2436 juxta
3010 2363 3145 2419 illud
3186 2363 3420 2419 verbum
3452 2361 3685 2419 Domini:

2123 2474 2142 2509 ι
2179 2456 2224 2511 Δ
2246 2455 2446 2513 diebus
2469 2453 2701 2513 Joannis
2726 2470 2956 2528 regnum
2982 2455 3250 2512 caelorum
3277 2455 3390 2511 vim
3414 2456 3620 2526 patitur,
3641 2462 3689 2510 et

2115 2548 2342 2607 violenti
2364 2547 2637 2621 diripiunt
2661 2547 2794 2604 illud
2824 2546 3045 2616 (Matth.
3079 2544 3195 2618 xl)!
3228 2565 3251 2600 ι

2190 2638 2400 2706 Tertio,
2422 2638 2692 2696 Dominus
2732 2655 2834 2695 nos
2871 2637 3128 2697 hortatur
3172 2636 3242 2693 ad
3271 2634 3598 2709 sequendum
3622 2650 3690 2702 se,

2117 2748 2245 2790 cum
2268 2733 2482 2791 subdit:
2504 2731 2612 2801 Qui
2636 2733 2766 2788 mihi
2792 2732 3087 2798 ministrat,
3113 2747 3197 2786 me
3224 2728 3693 2803 sequutar.Quam-

2117 2826 2203 2883 vis
2242 2825 2627 2885 universaliter
2670 2839 2866 2881 omnes
2904 2822 3093 2881 ﬁdeles
3119 2822 3217 2896 qui
3256 2821 3371 2879 Dec
3400 2822 3621 2877 militant
3646 2830 3695 2874 et

2118 2918 2400 2985 obediunt,
2436 2917 2639 2975 milites
2661 2916 2891 2985 Christi,
2920 2915 3184 2984 ministri,
3216 2924 3451 2988 possunt
3473 2913 3697 2981 dici,ta-

2119 3026 2246 3068 men
2276 3009 2586 3082 specialiter
2609 3009 2868 3067 Christus
2902 3008 3189 3066 ministros
3226 3023 3362 3065 suos
3396 3023 3495 3064 nos
3528 3008 3699 3079 appel-

2118 3103 2215 3172 lat,
2236 3102 2333 3175 qui
2356 3102 2408 3160 ei
2442 3103 2510 3160 ad
2532 3103 2708 3159 altare
2735 3102 3142 3171 ministramus,
3169 3100 3266 3175 qui
3286 3101 3571 3157 verborum
3592 3099 3702 3171 ejus

2117 3196 2299 3252 nuntii
2328 3204 2383 3252 et
2408 3195 2797 3266 pradicatores
2824 3210 3043 3263 sumus,
3072 3193 3171 3267 qui
3189 3193 3315 3266 ejus
3345 3193 3514 3249 vicem
3539 3190 3701 3250 inii:-

2116 3288 2285 3347 elesia
2313 3297 2588 3347 tenemus.
2619 3286 2731 3346 Nos
2764 3288 2951 3361 igitur,
2984 3287 3183 3344 fratres
3231 3285 3361 3355 mei,
3387 3302 3491 3343 nos
3515 3285 3701 3357 praei-

2114 3395 2367 3453 puecum
2390 3380 2547 3453 sequi
2572 3390 2842 3450 tenemur,
2865 3396 2976 3438 non
2998 3380 3067 3437 de
3088 3380 3269 3453 longe.
3291 3388 3356 3436 ut
3379 3380 3561 3437 ueteri
3584 3378 3703 3435 tide-

2114 3472 2194 3530 les
2219 3472 2290 3530 de
2317 3474 2542 3546 populo,
2573 3474 2668 3533 sed
2698 3473 2766 3530 de
2798 3488 2967 3546 prope
2994 3473 3117 3544 ejus
3144 3473 3392 3547 vestigiis
3416 3472 3704 3529 adhaerere.

2115 3560 2388 3622 Debemus
2418 3574 2602 3621 autem
2636 3564 2793 3636 sequi
2823 3580 2949 3621 eum
2980 3563 3258 3636 praecipue
3297 3567 3354 3620 in
3382 3564 3633 3622 doctrina
3657 3574 3708 3619 et

2114 3655 2448 3724 obedientia,
2478 3656 2535 3713 in
2562 3656 2856 3724 munditia,
2882 3657 2939 3713 in
2979 3656 3270 3726 eharitate,
3302 3657 3357 3712 in
3396 3666 3709 3730 contemptu

2114 3746 2330 3815 mundi,
2342 3746 2396 3802 in
2411 3746 2740 3813 humilitate,
2757 3746 2812 3803 in
2831 3746 3117 3818 patientia,
3135 3746 3191 3801 in
3209 3747 3334 3803 vitae
3348 3748 3639 3814 munditia,
3656 3756 3712 3807 ut

2114 3838 2291 3897 simus
2316 3836 2373 3895 in
2404 3849 2701 3912 conspectu
2738 3838 2956 3896 Domini
2986 3840 3162 3895 nostri
3193 3837 3325 3896 Jesu
3354 3837 3584 3907 Christi,
3614 3841 3703 3911 qui

2115 3947 2226 3987 non
2253 3931 2432 3989 solum
2471 3933 2713 3989 mundus
2735 3940 2841 4001 est,
2864 3932 2960 3989 sed
2983 3932 3149 3988 etiam
3173 3931 3290 4003 ipsa
3314 3931 3588 3988 munditia
3612 3942 3710 3999 est,

2114 4024 2307 4081 mundi
2338 4023 2598 4083 ministri.
2630 4022 2788 4081 Unde
2814 4024 2931 4096 ipse
2960 4024 3071 4080 ait:
3100 4044 3119 4076 ι
3151 4022 3336 4079 Sancti
3363 4033 3564 4090 estote,
3581 4041 3710 4095 quo-

2115 4118 2265 4177 niam
2291 4136 2392 4193 ego
2421 4129 2649 4177 sanctus
2676 4136 2799 4176 sum
2823 4117 2970 4191 (Leo.
3004 4119 3142 4190 xix).
3175 4139 3195 4170 ι
3224 4117 3293 4173 Ει
3313 4118 3446 4174 illud
3469 4138 3483 4174 ε
3506 4139 3525 4170 σ
3556 4118 3711 4173 Hun-

2114 4212 2347 4283 damini,
2385 4213 2479 4287 qui
2527 4211 2680 4270 fertis
2708 4228 2841 4269 vasa
2878 4212 3097 4268 Domini
3130 4210 3273 4283 (Ian.
3308 4212 3468 4284 mi).
3506 4233 3527 4266 ι
3580 4211 3711 4268 Nam

2116 4305 2163 4363 si
2193 4322 2349 4378 reges
2378 4314 2434 4360 et
2470 4304 2677 4362 domini
2714 4304 3043 4375 temporales
3088 4303 3282 4359 volunt
3315 4303 3522 4359 habere
3556 4305 3714 4358 mini-

2116 4406 2261 4454 stros
2283 4397 2540 4466 mundos,
2559 4396 2715 4469 juxta
2740 4396 2887 4469 quod
2923 4395 3091 4451 David
3123 4397 3195 4452 ait
3229 4415 3243 4452 :
3278 4416 3299 4449 ‹
3328 4397 3639 4453 Ambulans
3663 4398 3715 4451 in

418 4483 666 4551 sualitati
708 4484 765 4541 in
808 4484 1068 4559 ingluvie,
1115 4485 1175 4541 in
1222 4484 1464 4554 luxuria,
1514 4484 1570 4541 in
1618 4486 1912 4558 voluptate,
1958 4489 2015 4545 in
2044 4488 2207 4551 Dvia
2240 4489 2444 4544 munda
2466 4489 2557 4545 hic
2590 4489 2723 4546 mihi
2757 4489 3107 4545 ministrabat
3135 4487 3313 4560 (Psal.
3355 4490 3448 4560 c);
3486 4510 3505 4541 ι
3543 4505 3716 4563 quan-

417 4575 615 4651 gloria,
649 4576 791 4633 etin
819 4576 1033 4634 caeteris
1058 4574 1240 4633 carnis
1269 4573 1698 4633 satisfaciamus.
1724 4576 1864 4634 llinc
1887 4579 2011 4650 qui-

414 4669 544 4726 dam
584 4669 853 4740 reprobus
897 4684 1024 4726 cum
1063 4675 1393 4738 moreretur,
1421 4669 1619 4726 anima:
1652 4687 1769 4727 sua:
1807 4671 2013 4729 dixisse

413 4760 587 4820 fertur
611 4780 626 4816 :
657 4760 884 4817 «Anima
911 4776 1055 4829 mea,
1078 4777 1177 4817 cur
1197 4775 1286 4816 me
1314 4760 1562 4820 deseris?
1586 4760 1778 4818 Nonne
1802 4771 1855 4819 te
1874 4763 2013 4820 bene

414 4853 809 4924 pascebamus?
849 4851 1043 4909 Nonne
1070 4860 1125 4908 te
1159 4851 1297 4910 bene
1332 4855 1696 4926 potabamus?
1737 4854 1929 4913 Nonne
1959 4864 2012 4913 te

417 4946 561 5015 bene
587 4945 999 5003 vestiebamus?
1047 4942 1241 5015 Nonne
1270 4947 1411 5004 bene
1459 4948 1677 5007 caeteris
1727 4946 2014 5007 desideriis

417 5036 527 5096 tuis
558 5036 1028 5095 inserviebamus?
1054 5057 1074 5091 ι
1107 5036 1165 5094 Si
1215 5038 1296 5095 sic
1316 5082 1331 5105 .
1361 5039 1586 5109 fratres,
1616 5040 1857 5097 animam
1907 5056 2009 5097 no-

416 5134 591 5183 stram
614 5116 915 5199 diligimus,
944 5143 1065 5185 eam
1094 5130 1284 5202 procul
1305 5129 1475 5186 dubio
1502 5127 1861 5198 destruimus,
1884 5139 1939 5186 et
1962 5129 2015 5185 ei

414 5218 794 5298 damnationis
824 5227 1040 5285 aetet'nte
1078 5230 1311 5283 mortem
1354 5220 1716 5292 acquirimus.
1767 5218 1918 5293 Unde
1957 5230 2015 5280 et

416 5320 824 5384 consequenter
853 5312 1120 5374 Dominus
1159 5316 1505 5373 demonstrat
1532 5315 1680 5388 quod
1707 5312 1882 5388 quiin
1907 5315 2014 5374 hoc

418 5404 628 5461 mundo
648 5405 887 5477 animam
920 5425 1077 5477 suam
1102 5409 1239 5477 odit,
1266 5424 1392 5465 eam
1421 5416 1592 5478 amat,
1628 5424 1752 5464 cum
1778 5408 1967 5465 subdit
1994 5428 2009 5468 :

418 5495 491 5553 Et
522 5499 615 5570 qui
648 5500 762 5556 odit
796 5502 1032 5559 animum
1066 5519 1221 5558 suam
1248 5502 1309 5558 in
1349 5501 1449 5558 hoc
1475 5501 1692 5568 mundo,
1739 5501 1796 5556 in
1846 5501 2009 5557 vitam

416 5595 943 5663 mternarnruuodit
978 5612 1118 5651 eam.
1156 5593 1325 5665 Bene,
1361 5594 1583 5664 fratres,
1635 5593 1877 5650 animam
1906 5609 2011 5651 no-

415 5691 587 5739 stram
632 5685 872 5752 odimus,
921 5694 978 5743 et
1027 5686 1079 5742 ei
1128 5686 1579 5747 vitanueternam
1626 5684 2003 5755 acquirimus,

415 5777 636 5851 quando
658 5778 1133 5851 concupiscentias
1160 5794 1411 5852 vanaque
1437 5775 1709 5836 desideria
1740 5776 1865 5849 ejus
1885 5774 2005 5832 odi-

2118 4590 2174 4639 to
2189 4581 2368 4655 magis
2395 4580 2509 4637 Rex
2536 4597 2723 4653 regum
2752 4593 2807 4637 et
2833 4580 3103 4638 Dominus
3126 4581 3572 4638 dominantium!
3602 4584 3717 4652 Qua

2114 4673 2282 4746 igitur
2302 4673 2555 4739 audacia,
2584 4688 2692 4744 qua
2726 4672 2926 4740 fronte,
2958 4681 3016 4728 tu
3040 4682 3335 4742 scortator,
3380 4681 3440 4730 tu
3490 4676 3717 4746 polluta,

2116 4765 2286 4837 audes
2314 4765 2370 4823 in
2391 4774 2690 4836 conspectu
2722 4763 2816 4820 Dei
2842 4765 3179 4835 ministrare,
3205 4766 3274 4822 ad
3296 4766 3472 4824 altare
3495 4785 3719 4825 sacrum

2115 4857 2410 4923 accedere,
2467 4866 2524 4915 et
2584 4857 2756 4912 ﬁlium
2814 4855 3056 4929 Virginis
3106 4858 3409 4916 immundis
3459 4860 3719 4916 manibus

2115 4949 2491 5005 contrectare?
2520 4947 2589 5003 In
2619 4947 2917 5004 obedientia
2942 4990 2958 5019 ,
2985 4957 3045 5005 ut
3073 4964 3293 5021 semper
3317 4950 3367 5006 ei
3398 4950 3718 5007 obedientes

2116 5038 2315 5108 simus,
2362 5040 2507 5096 sicut
2561 5038 2678 5111 ipse
2732 5039 2995 5096 obediens
3042 5039 3149 5095 fuit
3192 5039 3344 5096 Patri
3411 5058 3600 5113 usque
3653 5041 3718 5096 ad

2113 5142 2369 5200 mortem;
2398 5149 2506 5189 non
2538 5140 2804 5200 nostram,
2835 5132 2929 5189 sed
2957 5148 3116 5191 suam
3146 5132 3486 5189 voluntatem
3516 5144 3579 5191 et
3608 5136 3719 5206 glo-

2114 5224 2253 5280 riam
2280 5239 2496 5295 semper
2519 5222 2699 5280 facere
2724 5239 3061 5295 quaeramus,
3079 5224 3224 5280 sicut
3249 5226 3367 5296 ipse
3395 5241 3507 5280 non
3534 5242 3715 5293 suam,

2116 5317 2211 5373 sed
2240 5315 2420 5373 Patris
2445 5317 2785 5372 voluntatem
2815 5316 3072 5387 quaesivit
3090 5335 3104 5372 :
3124 5337 3143 5369 ι
3174 5315 3294 5374 Non
3321 5318 3473 5373 enim
3499 5334 3637 5374 vent
3662 5328 3718 5375 ut

2115 5405 2316 5464 faciam
2362 5407 2703 5464 voluntatem
2750 5422 2953 5477 meam,
2996 5407 3093 5465 sed
3138 5408 3484 5464 voluntatem
3534 5407 3720 5466 Patris

2114 5500 2222 5556 mei
2250 5501 2346 5573 qui
2383 5501 2535 5567 misit
2570 5517 2660 5557 me
2685 5499 2869 5573 (Joan.
2898 5499 2999 5573 vi).
3036 5520 3057 5555 ι
3099 5498 3213 5560 Nec
3244 5517 3570 5573 quaeramus
3598 5518 3719 5575 qua:

2113 5601 2303 5649 nostra
2339 5600 2488 5661 sunt,
2531 5594 2628 5650 sed
2661 5608 2786 5665 quae
2822 5590 2955 5649 Jesu
2984 5590 3214 5661 Christi,
3252 5593 3400 5649 sicut
3438 5593 3562 5666 ipse
3610 5611 3718 5651 non

2110 5683 2365 5755 quaesivit
2386 5701 2566 5754 suam,
2593 5685 2687 5743 sed
2716 5684 2963 5741 omnium
2986 5684 3297 5742 utilitatem.
3329 5684 3495 5754 Quod
3518 5696 3717 5744 contu

2109 5779 2402 5855 plerosque
2431 5787 2681 5837 nostrum
2713 5786 2817 5849 est,
2850 5777 3047 5836 fratres
3089 5780 3220 5849 mei,
3256 5779 3352 5855 qui
3385 5780 3444 5838 in
3478 5778 3717 5837 admini.
