3844 6318
93 370 190 430 1529

1127 345 1462 408 HOMILM'I.
1499 379 1568 394 —-
1603 345 1670 405 ll.
1707 345 1801 404 DE
1839 349 2153 410 SANCTIS.

3132 357 3278 420 1550

87 475 362 544 strationibus
379 466 757 525 ecclesiasticis
777 464 1076 536 qumrimus
1110 465 1293 536 potius
1315 479 1438 535 quae
1474 480 1578 520 no-
1605 468 1655 527 Α
1683 463 1901 534 (Matth.
1929 466 2032 538 tu),
2054 483 2073 519 ι
2104 465 2178 521 ita
2212 472 2270 522 et
2293 479 2398 522 nos
2425 480 2535 522 non
2584 464 2768 521 sutum
2807 465 3130 546 majoribuS,
3175 471 3274 528 sed

85 588 165 634 sm
183 575 283 627 sunt
316 576 464 635 quam
492 576 614 631 qua:
647 557 738 614 Dei
778 565 833 614 et
877 557 1278 628 proximorum,
1316 556 1448 612 dum
1496 555 1572 611 ibi

81 667 240 722 lucrum
266 653 421 726 potius
445 648 822 720 temporalium
855 646 1252 718 stipendiorum
1273 647 1578 718 quaerimus

81 766 201 828 quam
240 747 536 802 animarum.
585 738 890 806 Quterimus
931 737 1266 806 Ecclesium,
1316 753 1426 794 nou
1480 737 1572 795 ubi

76 848 165 921 phis
184 840 418 897 valeamus
447 833 734 888 animabus
761 833 1044 904 prolicere,
1075 832 1171 888 sed
1201 831 1291 887 ubi
1330 831 1454 903 plus
1479 847 1576 887 va-

76 942 232 996 leamus
247 941 566 1002 congregare;
599 925 773 998 magis
801 925 946 982 circa
976 939 1166 981 curam
1193 924 1570 998 jumentorum

72 1040 316 1088 nostrorum
358 1035 514 1093 quam
563 1019 800 1076 ﬁdelium
849 1020 1181 1086 animarum,
1231 1033 1330 1090 pro
1369 1018 1573 1089 quibus

73 1129 265 1176 mortuus
281 1109 638 1176 cstChristus,
671 1109 890 1165 solliciti
918 1124 1132 1165 smnus.
1166 1109 1274 1165 Sed
1300 1118 1568 1180 quotquot

67 1214 165 1266 tales
185 1221 366 1269 smnus,
391 1202 573 1274 procul
603 1202 770 1258 dubio
801 1216 910 1257 non
937 1212 1204 1275 pastores,
1233 1202 1326 1258 sed
1357 1217 1576 1258 merce-

68 1302 164 1358 uarii
186 1312 367 1356 sumus.
401 1294 462 1350 In
491 1295 787 1360 cltttritntc,
820 1305 878 1354 ut
910 1294 1204 1367 diligamus
1240 1294 1407 1351 Deum
1438 1311 1569 1367 pro-

61 1407 146 1466 pter
182 1407 247 1458 sc,
283 1399 330 1446 et
377 1387 680 1460 proximum
723 1398 942 1461 propter
989 1389 1189 1461 ipsum,
1221 1389 1376 1461 juxta
1419 1390 1566 1461 quod

61 1489 142 1557 ipse
166 1482 380 1554 praecepit
405 1481 589 1538 dicens
619 1499 647 1536 :-
676 1501 696 1535 ι
737 1480 850 1540 Iloc
877 1493 960 1539 est
990 1493 1318 1554 pra-ceptum
1359 1498 1563 1549 meum,

56 1589 97 1631 ut
113 1575 306 1647 diligatis
339 1573 584 1641 invicem,
614 1574 759 1631 sicut
787 1574 950 1631 dilexi
984 1591 1084 1632 vos
1111 1574 1295 1647 (John.
1315 1575 1566 1646 πλωί-

57 1672 230 1740 ligzttnns
250 1676 416 1722 autent
443 1681 551 1721 non
583 1668 762 1723 solum
788 1668 1019 1735 amicos,
1051 1669 1146 1726 sed
1176 1669 1341 1726 etiam
1372 1669 1558 1727 inimi-

53 1775 135 1826 cus,
160 1768 204 1813 ct
225 1755 612 1813 hencfacianms
640 1757 727 1813 his
751 1759 844 1829 qui
869 1761 1103 1816 oderunt
1116 1775 1236 1826 nos,
1259 1771 1314 1817 ct
1335 1776 1560 1818 oremus

1675 556 1842 613 etiam
1888 557 2196 614 minoribus
2241 573 2345 614 nos
2372 557 2748 621 hnmiliemus.
2779 554 2892 614 Nos
2915 560 3128 620 ceteris
3165 561 3270 618 mi-

1674 663 1838 705 nores
1858 665 1968 704 non
1995 649 2174 706 solum
2216 663 2314 704 ore
2341 648 2724 716 confiteantur,
2769 647 2864 704 sed
2892 650 3057 704 etiam
3089 660 3273 709 mente

1674 742 1997 798 sentiamus.
2023 741 2099 798 De
2129 742 2246 798 sola
2267 742 2575 798 humilitate
2605 741 3027 809 contendamus,
3051 758 3270 814 semper

1673 835 1797 892 aliis
1825 835 2066 906 priorem
2116 835 2366 890 ordinem
2409 835 2494 890 vel
2545 833 2693 890 fandi
2736 833 2822 890 vel
2866 834 3150 905 operandi,
3182 834 3270 890 vel

1672 928 1918 996 sedendi,
1947 929 2033 984 vel
2076 927 2397 998 hujusmodi
2453 927 2840 985 concedentes.
2873 925 3030 994 Quod
3074 935 3268 983 contra

1671 1021 1942 1092 quosdam
1966 1029 2215 1077 nostrum
2241 1031 2348 1089 est,
2377 1020 2576 1078 fratres
2606 1021 2736 1089 mei,
2767 1021 2865 1092 qui
2898 1035 3118 1090 semper
3143 1035 3264 1074 ma-

1665 1111 1820 1184 jores
1843 1111 2014 1168 videri
2047 1111 2368 1182 querimus,
2412 1111 2467 1168 in
2513 1112 2866 1170 contentione
2909 1111 3046 1168 nulli
3075 1112 3267 1168 cedere

1673 1206 1948 1264 volumus.
1962 1202 2074 1261 Nos
2098 1205 2480 1273 humiliare,et
2499 1223 2531 1261 a
2554 1206 2810 1278 proximo
2830 1214 3024 1261 nostro
3046 1204 3264 1260 veniam

1668 1297 1948 1369 postulare
1971 1297 2330 1369 opprobrium
2359 1308 2700 1370 repetamus,
2723 1306 3033 1369 querentes
3053 1297 3266 1369 primos

1669 1390 1950 1447 recubitus
1980 1389 2036 1444 in
2067 1391 2263 1459 caenis,
2295 1399 2352 1446 et
2391 1391 2599 1462 primas
2626 1391 2917 1447 cathedras
2940 1390 2994 1445 in
3025 1404 3266 1462 synago-

1669 1485 1771 1555 gis,
1799 1494 1854 1539 et
1884 1483 2244 1540 salutationes
2284 1483 2337 1538 in
2366 1482 2509 1551 foro,
2537 1493 2594 1539 et
2624 1483 2812 1539 vocari
2842 1483 2912 1539 ab
2946 1482 3264 1538 hominibus

1668 1574 1844 1632 liabbi
1868 1573 2090 1648 (Matth.
2115 1575 2300 1645 mn).
2325 1572 2446 1630 Non
2473 1575 2819 1631 attendentes
2839 1575 3101 1646 quoniam
3122 1590 3264 1645 quo-

1666 1669 1771 1725 ties
1819 1666 2219 1740 superexalta—ri
2273 1667 2566 1733 volumus,
2620 1667 2899 1723 diabolum
2956 1667 3260 1733 imitamur;

1664 1763 1884 1835 quoties
1927 1777 2058 1819 vero
2110 1761 2488 1828 humiliamur,
2511 1759 2797 1817 Christum
2841 1761 3146 1816 imitamur.
3192 1757 3264 1814 In

53 1869 121 1920 pro
144 1848 556 1920 persequentibus
575 1850 1108 1908 etcalunmiantibus
1133 1867 1255 1919 nos,
1279 1853 1423 1909 sicut
1445 1853 1562 1924 ipse
1593 1829 1640 1886 Β
1662 1829 1946 1926 patientia,
1975 1864 2040 1912 ut
2059 1853 2524 1926 quemadmodum
2552 1853 2671 1924 ipse
2694 1853 2948 1924 injurias,
2973 1867 3261 1908 contume-

51 1944 199 1998 rccitct
235 1941 474 2013 pra-cepit
514 1939 736 2010 (Matth.
770 1943 846 2013 v).
878 1943 1036 2011 Quod
1079 1954 1270 2000 contra
1320 1946 1563 2015 plerum-

55 2050 117 2103 μω
143 2041 360 2088 nostrum
395 2041 500 2099 est,
535 2031 734 2090 fratres
768 2035 898 2102 mei,
925 2035 1022 2106 qui
1055 2035 1108 2089 in
1131 2051 1229 2092 eos
1256 2037 1358 2107 qui
1380 2037 1432 2092 in
1459 2037 1562 2092 ali-

52 2142 117 2196 pm
139 2141 222 2182 nos
265 2125 533 2192 luserunt,
570 2125 654 2182 vel
691 2126 931 2198 aliquam
968 2128 1366 2184 contumeliam
1402 2129 1560 2186 nobis

51 2216 251 2281 Iixerunt,
293 2214 533 2270 animum
589 2214 831 2286 gerimus
890 2215 1250 2287 implicatum.
1303 2217 1408 2272 Sed
1453 2217 1556 2274 etsi

51 2308 304 2378 (nandique
333 2306 412 2362 eis
447 2316 671 2378 propter
711 2307 1030 2364 mandatum
1067 2308 1395 2366 dimittimus
1438 2324 1557 2377 ore,

51 2416 167 2453 auten
192 2399 355 2454 adhuc
386 2413 674 2455 rancorem
708 2393 1022 2456 'rctinemus
1049 2399 1103 2455 in
1135 2401 1320 2457 corde.
1352 2401 1562 2458 Contra

58 2510 127 2549 nos
154 2491 392 2550 Dominus
421 2493 558 2548 dixit
591 2512 607 2550 :
643 2509 662 2547 t
699 2493 756 2549 Si
783 2493 1013 2566 diligitis
1043 2509 1152 2552 cos-
1173 2495 1269 2567 qui
1302 2510 1398 2552 vos
1425 2497 1557 2552 dili-

54 2594 140 2649 unt,
171 2593 217 2639 ct
261 2583 304 2640 si
350 2583 678 2641 benefacitis
719 2584 802 2642 eis
841 2586 936 2657 qui
976 2585 1135 2642 vobis
1183 2586 1554 2656 benefacinnt,

52 2691 144 2729 nant
192 2677 484 2733 mercedem
545 2677 862 2740 habebitis?
907 2677 1108 2736 Nonne
1156 2681 1433 2751 publicani
1502 2693 1558 2739 et

52 2768 169 2823 tlmici
206 2769 302 2825 hoc
327 2769 577 2825 faciunt?
606 2788 626 2823 ι
655 2769 875 2842 (Matth.
901 2787 966 2838 v;
1003 2770 1117 2827 Luc
1149 2773 1252 2845 vt.)
1284 2772 1558 2832 Debemus

52 2861 142 2914 'itur
176 2861 556 2932 injuriantibus
607 2863 768 2920 nobis
809 2863 1086 2938 dimittere
1123 2877 1345 2938 propter
1383 2867 1496 2924 duo
1537 2887 1552 2924 :

51 2966 188 3026 mptcr
223 2957 481 3014 damnant
546 2958 870 3028 cavendum,
905 2969 959 3016 ct
1003 2970 1222 3033 propter
1264 2962 1552 3018 utilitatem

52 3047 376 3116 lipiscendam.
436 3047 673 3121 Propter
716 3049 980 3106 damnum
1022 3052 1350 3118 cavendum,
1409 3067 1552 3124 quo-

55 3157 122 3194 am
143 3143 182 3197 si
213 3159 316 3199 non
347 3143 684 3200 dimittimus
704 3143 992 3216 proximis,
1022 3160 1122 3202 nec
1146 3145 1550 3203 Deus-dimittet
1578 3178 1624 3243 ο

52 3235 132 3288 this
168 3235 374 3306 (Matth.
430 3253 486 3292 vt
514 3239 555 3308 ).
605 3236 720 3293 lmo
778 3239 962 3293 omnia
994 3255 1116 3310 qua!
1136 3238 1364 3296 dimissa
1397 3239 1548 3296 vide-

59 3337 175 3393 ntnr,
203 3329 450 3400 requirit.
483 3329 717 3402 Propter
741 3331 1054 3396 utilitatem,
1085 3332 1347 3403 quoniam
1374 3333 1419 3390 si
1459 3333 1546 3388 tli-

51 3419 218 3476 ittinms
239 3431 292 3477 ct
311 3423 629 3478 dimittetur
652 3424 809 3479 nobis
848 3424 1051 3493 (ibid.).
1081 3425 1137 3480 Si
1162 3425 1546 3482 misericordes

51 3527 162 3577 mus,
188 3514 624 3570 miseaicordiam
668 3513 1047 3581 inveniemus;
1071 3527 1123 3572 et
1156 3533 1410 3574 mensura
1437 3535 1545 3590 qua

53 3603 132 3656 :nsi
175 3603 464 3674 fuerimus,
515 3607 674 3663 nobis
718 3608 1037 3663 remetietur
1067 3608 1286 3678 (Matth.
1317 3615 1434 3678 vn).
1483 3611 1550 3666 Ιιι

52 3705 233 3766 ttemptu
273 3700 495 3767 mutuli,
540 3708 604 3756 ut
646 3700 1112 3771 quemadmodum
1159 3701 1275 3773 ipse
1320 3718 1420 3760 nec
1465 3705 1546 3760 di-

51 3786 231 3852 ias,ncc
246 3790 336 3846 ubi
359 3801 534 3863 caput
560 3791 852 3848 reclinaret
879 3793 1080 3849 habere
1099 3794 1426 3862 volnit(l.m'.
1446 3798 1545 3864 ts),

55 3891 304 3949 Ipcrtatem
329 3885 545 3942 amavit
570 3893 627 3940 et
655 3885 1006 3956 prmdicavit;
1033 3887 1156 3942 illus
1178 3886 1271 3957 qui
1298 3904 1423 3943 eum
1454 3903 1549 3943 vo-

55 3982 159 4026 runt
200 3977 548 4032 constituere
608 3993 788 4048 regem
849 3977 1147 4034 declinavit
1200 3977 1385 4048 (Jonu.
1433 3982 1545 4048 vt);

59 4075 103 4119 et
146 4083 239 4122 nos
261 4068 514 4136 divitias,
551 4069 813 4138 honores,
841 4080 897 4126 et
927 4071 1186 4142 gloriolas
1219 4071 1432 4140 nmndi,
1463 4073 1547 4128 vel

52 4158 157 4213 nino
179 4159 484 4232 fugiamus,
537 4163 622 4218 vel
649 4163 842 4220 saltem
873 4173 1308 4222 contenmamns.
1343 4163 1398 4220 In
1437 4177 1550 4237 quo

52 4249 108 4304 od
133 4251 244 4307 sine
274 4255 493 4326 gemitu
517 4254 704 4312 dicere
726 4271 834 4312 non
857 4258 1104 4329 possunt)
1135 4273 1236 4315 nos
1254 4257 1546 4316 confundi-

51 4360 84 4408 r.
119 4347 207 4415 qui
238 4348 342 4404 ista
398 4364 508 4405 nec
545 4348 827 4422 fugimus,
865 4367 966 4408 nec
995 4353 1420 4421 contemnimus,
1451 4355 1545 4410 sed

51 4438 105 4508 gis
117 4452 162 4497 et
177 4444 350 4515 magis
375 4445 670 4502 ambimns
690 4446 1132 4518 etamplexamur
1149 4466 1162 4503 :
1181 4462 1314 4518 opes
1326 4448 1544 4519 opibus,

52 4545 139 4587 ram
168 4536 363 4605 vincte,
397 4537 640 4593 domum
672 4538 859 4594 domui
890 4549 1237 4611 aggerautes.
1271 4539 1543 4598 Habentes
1579 4529 1622 4584 ί)

53 4626 226 4695 esiam,
265 4629 619 4686 decanatum
650 4630 957 4697 ambimus;
993 4631 1258 4689 habentes
1286 4648 1416 4689 vero
1447 4634 1544 4690 de-

52 4728 196 4787 ntem,
215 4723 618 4794 episcopatum
641 4723 936 4780 ambitnus.
953 4722 1069 4778 Non
1095 4735 1174 4780 est
1195 4725 1320 4782 linis
1341 4737 1545 4784 metra:

52 4810 231 4871 ilitatis
276 4825 335 4872 et
383 4815 741 4872 ambitionis.
767 4814 885 4872 Non
917 4818 1250 4875 attendimus
1295 4835 1417 4890 quae
1468 4821 1544 4876 ait

51 4907 242 4963 stolas:
269 4910 424 4977 «Qui
452 4909 662 4965 volunt
690 4909 806 4965 lleri
833 4909 1032 4967 divites
1078 4910 1134 4966 in
1165 4911 1273 4968 hoc
1311 4904 1539 4980 mundo,

51 4996 164 5055 lunt
187 5001 242 5056 in
286 5002 575 5073 laqueum
612 5009 669 5057 et
700 5003 1033 5058 tentationes
1059 5002 1285 5058 diaboli.
1321 5003 1538 5060 Victum

52 5093 232 5148 stilum
258 5095 575 5159 habentes,
606 5093 675 5149 iis
698 5094 938 5150 contenti
964 5094 1158 5150 simus.
1187 5093 1332 5151 Nihil
1362 5096 1542 5153 intuli-

71 5181 120 5238 in
155 5183 307 5243 hunc
349 5185 667 5252 mundum,
710 5186 857 5240 haud
884 5185 1111 5240 dubium
1135 5186 1265 5257 quia
1309 5204 1409 5244 nec
1438 5204 1539 5244 au-

51 5290 60 5326 :
94 5278 221 5346 quid
247 5278 563 5349 possimus
589 5275 642 5348 (Ι
675 5276 814 5331 Tim.
849 5277 980 5347 vr)»
1023 5276 1089 5330 In
1122 5277 1444 5335 humilitate.
1476 5279 1548 5337 Ut

51 5367 382 5425 uadmodum
436 5369 595 5440 ipse,
635 5383 761 5423 cum
790 5377 940 5423 esset
990 5367 1135 5424 Deus
1177 5378 1233 5426 et
1265 5369 1546 5430 Dominus

52 5457 178 5528 ium,
232 5478 298 5519 se
345 5459 684 5517 humiliavit
741 5458 978 5515 formam
1033 5462 1178 5516 servi
1230 5463 1541 5534 accipiens,

51 5549 87 5608 is
119 5555 240 5612 suis
293 5555 506 5612 Maria:
553 5563 610 5608 et
637 5552 840 5625 Joseph
884 5569 944 5610 se
991 5553 1250 5622 subdens,
1277 5557 1543 5613 tributum

51 5648 112 5701 tri
161 5650 440 5716 reddens,
495 5647 674 5718 pedes
716 5662 1000 5703 servorum
1057 5664 1291 5704 suorum
1332 5650 1543 5720 lavans,

72 5741 389 5800 ministrari
453 5740 565 5798 sed
615 5739 932 5797 ministrare
953 5741 1165 5809 volens,
1212 5742 1457 5800 clamans
1491 5755 1548 5801 et

52 5848 117 5904 is,
137 5854 157 5891 ι
178 5835 399 5895 Discite
423 5852 460 5892 a
475 5849 578 5891 me
595 5831 721 5905 quia
739 5832 888 5890 mitis
913 5849 1034 5890 sum
1056 5843 1110 5890 ct
1135 5834 1356 5892 humilis
1383 5838 1546 5894 corde

1661 1945 1786 2014 llas,
1818 1945 2049 2018 ﬂagella,
2079 1955 2263 2017 sputa,
2289 1946 2604 2016 passionem
2633 1953 2690 2001 et
2717 1952 2952 2000 mortem
2976 1959 3080 2015 pro
3100 1944 3263 1998 nobis

1659 2040 1931 2110 patienter
1959 2037 2244 2105 sustinuit,
2286 2037 2364 2092 ita
2408 2051 2512 2092 nos
2547 2052 2648 2107 pro
2671 2052 2738 2091 eo
2767 2035 2884 2091 haec
2921 2033 3114 2090 eadem
3147 2031 3261 2104 pati

1661 2146 1771 2187 non
1796 2129 2179 2196 formidemus,
2199 2129 2354 2199 juxta
2399 2129 2549 2199 quod
2579 2126 2774 2184 Petrus
2818 2128 2894 2183 ait
2921 2147 2934 2182 :
2965 2127 3262 2182 ιϋιιγὶςιιιε

1661 2237 1860 2296 passus
1886 2233 1982 2280 est
2014 2239 2114 2294 pro
2157 2222 2338 2288 nobis,
2368 2221 2530 2277 nobis
2562 2221 2880 2290 relinquens
2921 2219 3258 2290 exemplum,

1661 2325 1724 2372 ut
1774 2332 2072 2387 sequamur
2119 2314 2348 2386 vestigia
2394 2313 2515 2384 ejus
2562 2311 2617 2384 (1
2641 2312 2788 2368 Patr.
2820 2313 2904 2380 tt).
2931 2331 2950 2364 ι
3007 2311 3113 2367 Sed
3155 2327 3258 2367 nos

1661 2409 1830 2480 (quod
1865 2409 1986 2464 sine
2023 2407 2226 2480 gemitu
2269 2406 2452 2462 dicere
2483 2420 2593 2460 non
2625 2407 2877 2476 possum)
2914 2405 3064 2476 ipsas
3105 2404 3259 2458 inﬁr-

1660 2503 1898 2570 mitates,
1927 2501 2318 2573 castigationes
2346 2509 2403 2555 et
2425 2498 2806 2565 adversitatcs,
2838 2499 2998 2553 nobis
3021 2513 3122 2568 pro
3137 2511 3261 2567 pec—

1660 2595 1797 2653 catis
1822 2595 2026 2652 nostris
2055 2593 2310 2660 inﬂictas,
2339 2593 2610 2663 patienter
2633 2606 2742 2647 non
2765 2591 3127 2655 sustinemus,
3154 2589 3252 2645 sed

1659 2701 2092 2753 murtnuramus,
2123 2694 2178 2740 et
2204 2683 2484 2739 sordidam
2496 2697 2563 2736 ur
2592 2681 2738 2737 unde
2772 2679 2997 2752 purgari
3024 2679 3253 2735 debere-

1659 2800 1803 2840 mus.
1839 2780 1896 2840 Si
1942 2781 2068 2853 quis
2113 2780 2274 2837 nobis
2313 2777 2486 2834 infert
2522 2776 2805 2846 injuriam,
2831 2785 2886 2830 et
2916 2775 3119 2829 malum
3149 2785 3255 2842 pro

1658 2876 1823 2943 malo,
1856 2872 2295 2930 maledictionem
2323 2885 2424 2943 pro
2456 2869 2768 2935 maledicto,
2796 2868 2878 2924 vel
2911 2867 3089 2922 sinon
3130 2879 3256 2935 poo-

1655 2984 1870 3035 snmus,
1897 2967 2061 3023 corde
2099 2966 2149 3021 ei
2179 2966 2566 3037 imprccamur.
2599 2960 2720 3018 Non
2743 2960 3087 3016 attendentes
3111 2975 3258 3032 qur;-

1657 3062 1802 3118 niam
1854 3069 1964 3117 tam
2027 3059 2355 3131 injuriantes
2401 3072 2568 3128 quam
2645 3054 2904 3126 injuriam
2956 3054 3250 3111 reddentes

1655 3151 1817 3210 alieni
1854 3160 1984 3208 sunt
2011 3166 2045 3208 a
2093 3149 2350 3216 Christo,
2403 3147 2498 3219 qui
2527 3147 2753 3202 dorsum
2805 3160 2967 3200 suum
2998 3145 3256 3216 exposuit

1653 3247 1720 3302 ad
1753 3243 1987 3318 ﬂagella,
2013 3252 2070 3299 et
2089 3241 2413 3298 maledictus
2440 3255 2549 3294 non
2580 3237 2882 3294 maledixit.

1720 3336 1950 3404 Quarto,
1978 3334 2264 3405 praemium
2303 3332 2592 3403 pollicetur
2620 3345 2748 3385 cum
2787 3328 2974 3385 subdit
3003 3346 3018 3384 :
3051 3328 3123 3383 Et
3159 3329 3252 3384 ubi

1649 3446 1764 3485 sum
1796 3445 1912 3501 ego,
1961 3427 2053 3482 ille
2081 3436 2130 3482 et
2182 3426 2426 3480 minister
2455 3439 2602 3478 meus
2647 3422 2771 3490 erit,
2823 3421 2876 3476 id
2925 3431 3031 3488 est,
3056 3421 3112 3476 in
3161 3422 3252 3477 illa

1649 3522 1844 3594 gloria,
1891 3521 1946 3575 in
1979 3519 2071 3575 illa
2102 3518 2372 3584 claritate,
2407 3517 2462 3572 in
2491 3516 2583 3577 illo
2613 3515 2844 3580 honore,
2871 3513 2927 3568 in
2951 3513 3044 3568 illa
3067 3513 3250 3568 beati-

1651 3615 1857 3682 tudine,
1877 3613 1969 3670 ubi
1989 3627 2094 3685 ego
2114 3626 2239 3669 sum
2249 3610 2689 3668 substantialiter
2713 3618 2770 3664 et
2791 3607 3251 3662 naturalitercum

1651 3708 1833 3776 Patre,
1863 3709 1918 3764 in
1964 3708 2056 3764 iila
2099 3707 2205 3763 erit
2229 3721 2326 3778 per
2370 3704 2606 3778 gratiam-
2650 3704 2903 3759 minister
2946 3701 3250 3771 meus,qui

1651 3801 1957 3857 imitatione
1983 3810 2207 3857 secutus
2231 3798 2397 3854 fuerit
2422 3813 2527 3854 me.
2544 3795 2700 3865 Quod
2725 3811 3008 3867 exponens
3033 3794 3248 3851 subdit:

1651 3892 1710 3948 Si
1740 3893 1860 3963 quis
1893 3892 2021 3946 mihi
2054 3892 2348 3958 ministrat,
2373 3889 2746 3960 honoriﬁcabit
2769 3905 2889 3944 eum
2911 3888 3076 3943 Pater
3102 3903 3248 3941 metu

1648 3983 1740 4055 qui
1766 3984 1819 4037 iu
1849 3982 1994 4038 ratiis
2027 3991 2127 4038 est.
2173 3981 2240 4037 Et
2269 3983 2397 4052 quis
2425 3982 2622 4049 honor,
2664 3981 2865 4038 fratres
2899 3979 3030 4047 mei,
3071 3979 3252 4050 major

1652 4088 1827 4149 potest
1849 4092 1976 4133 esse
2021 4091 2189 4148 quam
2217 4076 2420 4132 esscin
2467 4075 2559 4131 illa
2584 4075 2944 4132 inenarrabili
2974 4075 3147 4148 gloria
3191 4074 3249 4131 in

1650 4186 1758 4242 qua
1797 4179 1882 4226 est
1915 4169 2086 4226 Filius
2121 4167 2251 4224 Dei?
2275 4183 2442 4240 quam
2479 4184 2604 4224 esse
2650 4169 2990 4226 cohteredem
3030 4177 3084 4223 et
3121 4183 3251 4238 par-

1652 4263 1870 4334 ticipem
1920 4261 2042 4316 Filii
2091 4259 2222 4316 Dei?
2271 4260 2412 4328 Quid
2453 4261 2600 4316 enim
2649 4261 2778 4315 mali
2811 4261 2995 4324 habet,
3024 4267 3080 4314 et
3108 4260 3244 4330 quid

1651 4357 1776 4412 boui
1837 4370 1945 4411 non
1995 4355 2198 4422 habet,
2246 4355 2342 4426 qui
2395 4355 2451 4409 in
2506 4355 2596 4409 illa
2645 4362 2850 4410 aeterna
2905 4353 3248 4409 beatitudine

1649 4464 1774 4505 cum
1800 4448 1940 4505 Filio
1964 4447 2058 4503 Dei
2088 4463 2306 4520 semper
2318 4448 2540 4503 manet?
2558 4446 2872 4522 Propterea,
2896 4445 3094 4503 fratres
3116 4447 3247 4516 mei,

1648 4539 1912 4595 vilescunt
1954 4539 2114 4596 nobis
2155 4539 2394 4607 divitiae,
2444 4539 2717 4606 honores,
2761 4539 2949 4610 gloriae
2988 4547 3045 4594 et
3087 4538 3243 4594 volu-

1650 4642 1847 4704 ptates,
1883 4642 1939 4688 et
1970 4647 2313 4704 quascunque
2342 4633 2398 4688 in
2421 4633 2528 4688 hoc
2556 4631 2762 4688 saeculo
2787 4632 3039 4687 videmus
3065 4651 3080 4698 ;
3113 4647 3248 4688 eon-

1649 4725 2020 4796 cupiscentias
2090 4735 2148 4780 et
2189 4725 2379 4782 illicita
2432 4725 2622 4782 carnis
2674 4723 2947 4784 desideria
3003 4723 3247 4780 refrene—

1650 4832 1808 4885 mus,
1857 4816 2183 4873 munditiam
2238 4818 2437 4874 meutis
2501 4828 2556 4874 et
2607 4817 2857 4888 corporis
2907 4816 3240 4886 habeamus;

1646 4911 1818 4967 Deum
1870 4925 2051 4982 super
2085 4911 2276 4966 omnia
2333 4919 2390 4966 et
2423 4912 2736 4981 proximum
2782 4910 2928 4966 sicut
2973 4924 3076 4966 nos
3119 4909 3246 4970 dili-

1642 5020 1858 5076 gamus,
1901 5003 2114 5060 viseera
2137 5002 2540 5074 compassionis
2567 5012 2621 5058 et
2657 5003 3052 5058 misericordia:
3075 5017 3244 5072 super

1643 5097 1874 5151 alllictos
1915 5095 2252 5162 habeamus;
2291 5095 2416 5162 Dei,
2443 5110 2549 5150 non
2608 5103 2855 5151 nostram
2901 5095 3240 5150 voluntatem

1643 5204 1990 5260 quaeramus;
2015 5197 2414 5260 paupertatem,
2432 5187 2797 5243 humilitatem
2819 5187 3144 5259 diligamus;
3172 5186 3242 5242 ad

1645 5281 1973 5352 promissam
2003 5281 2392 5336 beatitudinem
2421 5288 2537 5335 toto
2581 5279 2852 5335 desiderio
2885 5278 3237 5345 festinemus,

1644 5373 2007 5430 adversitatcs
2029 5373 2520 5442 etpersecutiones
2550 5388 2651 5443 pro
2694 5372 2917 5429 Christo
2965 5371 3074 5443 pati
3105 5388 3240 5445 gau-

1644 5468 1896 5532 deamus,
1925 5466 2016 5521 illa
2053 5465 2298 5523 coelestia
2333 5467 2531 5538 gaudia
2576 5481 2794 5537 semper
2825 5466 2878 5520 in
2903 5467 3092 5521 animo
3139 5481 3212 5520 no

1645 5570 1762 5615 stro
1783 5559 2116 5616 meditemur
2139 5559 2553 5626 etiambiamus;
2584 5573 2743 5614 mora
2786 5559 2948 5614 nobis
2987 5558 3241 5616 videatur

1647 5652 1795 5723 quod
1825 5652 1880 5706 in
1923 5653 2031 5708 hoc
2069 5651 2274 5707 saeculo
2306 5664 2606 5719 moramur,
2638 5665 2832 5722 parum
2862 5649 3022 5705 nobis
3051 5650 3239 5706 videa-

1648 5755 1739 5801 tur
1788 5752 2278 5817 quantumcunque
2308 5744 2401 5800 hic
2427 5761 2526 5816 pro
2562 5741 2786 5800 Christo
2808 5743 3143 5799 laboramus.
3175 5740 3236 5798 Si

1650 5839 1749 5907 sic,
1773 5837 1971 5896 fratres
1994 5839 2122 5908 mei,
2152 5837 2468 5906 fecerimus,
2502 5838 2692 5910 procul
2723 5836 2890 5894 dubio
2920 5834 3067 5893 illius
3089 5850 3240 5891 sum-
