3844 6318
541 308 676 367 1551

540 522 860 570 sanctorum
890 518 1195 583 martyrum
1223 520 1450 564 suorum
1472 505 1737 577 largiatur
1759 503 1918 560 nobis
1948 503 2136 560 Domi-

542 618 651 658 nus
681 611 873 658 noster
899 600 1063 658 Jesus
1080 598 1360 663 Christus,
1383 594 1480 667 qui
1510 610 1637 651 cum
1669 593 1831 650 Patre
1849 603 1903 651 et
1928 593 2137 666 Spiritu

540 703 736 753 sancto
768 696 907 752 vivit
927 703 983 752 et
1005 700 1199 767 regnat
1225 690 1371 747 Deus
1394 703 1492 761 per
1514 688 1699 745 omnia
1728 686 1929 744 saecula
1963 702 2138 744 saecu-

539 789 743 845 lorum.

1293 873 1386 930 XI.

676 988 835 1030 IJNIUS
871 983 1159 1027 IARTYRIS.
1200 982 1375 1024 SERIO
1411 980 1480 1023 BE
1518 980 1677 1022 LIBRO
1710 978 2027 1022 ωιιιητιι.

608 1065 803 1120 Justus
822 1058 889 1118 si
917 1068 1319 1133 prcoccupatus
1352 1069 1520 1115 morte
1550 1059 1742 1130 fuerit,
1792 1058 1977 1113 anima
2015 1054 2137 1128 ejus

541 1159 599 1212 ὸι
622 1156 901 1228 refrigerio
936 1154 1038 1209 erit
1069 1150 1224 1224 (Sep.
1252 1153 1352 1224 tv),
1382 1162 1489 1209 etc.
1532 1151 1673 1207 Cum
1701 1150 1974 1223 praecipue
2000 1149 2139 1221 justi

540 1249 822 1319 patiantur
843 1246 900 1301 in
923 1247 1031 1302 hoc
1067 1245 1272 1303 saeculo
1310 1244 1713 1312 tribulationes,
1763 1242 2135 1310 inﬁrmitates,

537 1346 595 1393 et
637 1337 1073 1409 persecutiones,
1125 1346 1181 1393 et
1225 1337 1551 1409 plerumque
1590 1334 1795 1408 gladio,
1837 1335 1924 1391 vel
1951 1333 2136 1406 aliqua

538 1430 648 1486 alia
677 1438 857 1486 morte
880 1428 1160 1498 festinata,
1192 1430 1312 1485 sine
1335 1435 1695 1497 testamento,
1719 1436 1776 1484 et
1802 1427 1925 1484 sine
1946 1442 2131 1484 rerum

539 1524 908 1595 dispositione
929 1524 1197 1580 tollantur
1225 1522 1293 1579 de
1315 1523 1421 1579 hoc
1451 1522 1681 1590 mundo,
1723 1521 2137 1578 considerantes

541 1617 647 1673 hoc
680 1616 946 1673 mundani
989 1614 1264 1683 homines,
1289 1624 1486 1687 putant
1515 1617 1615 1672 eos
1639 1615 1726 1671 vel
1752 1631 1783 1670 a
1808 1613 1922 1671 Deo
1945 1628 2138 1685 repro-
2233 1615 2461 1688 jcjnn’iis
2484 1622 2542 1672 ct
2561 1609 3044 1677 obsecrationibus
3062 1607 3155 1664 dic
3182 1617 3241 1664 et
3264 1615 3450 1674 nocte,
3471 1615 3524 1662 ct
3555 1605 3648 1661 ideo
3668 1621 3746 1660 ne-

541 1706 701 1763 batos
728 1721 884 1774 esse,
915 1707 999 1762 vel
1024 1705 1195 1762 Deum
1226 1704 1506 1761 mundana
1538 1721 1648 1761 non
1673 1720 1891 1761 curare.
1923 1702 2133 1760 Contra
2171 1772 2195 1775 Α
2241 1715 2471 1764 ruerunt
2512 1721 2544 1761 a
2586 1703 2806 1775 ,Spiritu
2867 1710 3063 1758 saneto
3098 1698 3369 1756 illustrari
3408 1706 3467 1753 et
3504 1712 3746 1769 responsum

541 1798 712 1870 igitur
747 1772 912 1855 istam
955 1786 1362 1855 mundanorum
1392 1798 1709 1870 opinionem
1730 1797 1988 1869 loquitur
2027 1772 2213 1873 Sa-_B
2239 1798 2488 1870 accipere
2530 1772 2753 1853 vidcindi
2784 1793 3097 1861 Christum,
3124 1801 3428 1863 antequam
3468 1800 3751 1855 morerentur,

539 1890 698 1959 piens
726 1891 781 1945 in
805 1891 910 1947 bac
937 1891 1207 1959 lectione,
1255 1890 1553 1947 ostendens
1601 1890 1706 1946 tria
1738 1888 1964 1947 :Primo
1987 1890 2136 1962 quod

535 1984 726 2054 justus
762 1992 1254 2056 quantumcunque
1286 1991 1701 2056 praeoccupatus
1730 1983 1982 2040 videatur
2004 2025 2020 2053 ,
2055 1991 2140 2040 ta-

545 2091 672 2132 men
705 2075 954 2148 requiem
996 2077 1318 2149 ingreditur.
1356 2074 1632 2145 Secundo,
1684 2076 1833 2147 quod
1888 2075 1946 2131 in
1992 2076 2138 2134 bona

543 2176 827 2225 senectute
876 2169 1131 2225 moritur.
1170 2167 1389 2238 Tertio,
1422 2168 1763 2227 demonstrat
1806 2184 1980 2240 quare
2025 2178 2136 2226 tam

542 2261 656 2317 cito
688 2259 756 2317 de
794 2260 1002 2318 mundo
1043 2261 1287 2316 tollatur.
1342 2259 1532 2316 Primo
1579 2258 1748 2332 igitur
1798 2259 2143 2317 demonstrat

537 2351 688 2423 quod
710 2352 895 2424 justus
915 2360 1403 2424 quantumcunque
1423 2359 1842 2423 praeoccupatus
1854 2351 2134 2420 videatur,

537 2452 724 2500 tamen
755 2444 1348 2517 requiemringreditur.
1363 2444 1510 2501 Bene
1536 2452 1722 2500 autem
1751 2444 1899 2513 dico,
1930 2458 2142 2516 praeoc—

540 2544 776 2606 cupatus
797 2534 1073 2602 videatur,
1122 2534 1387 2606 quoniam
1434 2544 1852 2608 praeoccupatus
1889 2550 2000 2591 non
2030 2542 2138 2602 est,

543 2625 643 2681 sed
671 2627 910 2682 videtur.
962 2625 1070 2694 Qui
1115 2626 1266 2683 enim
1314 2643 1536 2700 semper
1585 2636 1812 2699 paratus
1858 2637 2143 2700 exspectat

540 2725 775 2773 mortem
801 2758 818 2785 ,
846 2717 1219 2789 pmoccupari
1244 2733 1355 2774 non
1390 2726 1592 2790 potest.
1619 2716 1726 2786 Qui
1754 2733 1887 2776 vero
1913 2728 2142 2791 paratus

539 2818 780 2876 nonest,
824 2810 929 2865 etsi
953 2825 1122 2867 senex
1160 2818 1217 2867 et
1266 2810 1582 2882 decrepitus
1629 2812 1919 2879 moriatur,
1952 2821 2139 2870 tamen

539 2907 957 2973 prmoccupatus
982 2902 1233 2957 moritur.
1254 2900 1412 2959 Unde
1436 2902 1763 2960 Psalmista:
1797 2924 1817 2958 ι
1844 2902 1957 2960 Viri
1986 2904 2139 2975 impii

540 3006 655 3046 non
695 2990 1062 3050 dimidiabunt
1087 2993 1207 3051 dies
1227 3009 1361 3052 suos
1387 2994 1566 3067 (Psat.
1598 2996 1732 3068 ιιν).
1772 3014 1791 3048 ι
1835 2996 1909 3051 At
1927 2997 2136 3068 justus,

540 3085 632 3141 cui
656 3094 744 3155 est
765 3085 921 3141 oneri
941 3086 1051 3142 vita
1079 3103 1323 3158 praesens
1344 3097 1400 3145 et
1419 3089 1515 3161 qui
1534 3098 1820 3146 venturam
1842 3090 2137 3158 desiderat,

542 3186 600 3233 et
627 3177 697 3234 ad
722 3177 871 3233 illam
916 3180 1047 3236 totis
1088 3179 1407 3241 viribus,se
1439 3190 1742 3253 praeparat,
1799 3182 1998 3239 similis
2031 3184 2136 3240 bo-

545 3270 1256 3342 minibusexspectantibus
1275 3272 1560 3330 dominum
1585 3289 1772 3341 suum,
1809 3275 2034 3345 quando
2058 3290 2141 3332 re-

542 3372 791 3420 vertatur
818 3379 852 3419 a
876 3365 1107 3436 nuptiis.
1151 3363 1222 3421 Et
1246 3365 1297 3423 si
1343 3365 1401 3421 in
1435 3366 1614 3438 prima
1642 3367 1729 3423 vel
1757 3368 2021 3436 secunda,
2053 3371 2140 3425 vel

541 3455 599 3510 in
640 3457 823 3523 tertia,
852 3457 939 3512 vel
971 3456 1029 3517 in
1051 3465 1250 3529 quarta
1298 3458 1486 3531 vigilia
1533 3448 1779 3528 venerit,”
1816 3459 2013 3518 beatus
2052 3466 2141 3518 est

543 3563 710 3618 quem
751 3548 1012 3606 dominus
1037 3564 1175 3606 suus
1196 3548 1469 3606 invenerit
1493 3549 1810 3621 vigilantem
1827 3592 1845 3620 ,
1873 3551 2138 3624 quoniam

538 3654 709 3711 super
747 3640 935 3697 omnia
993 3640 1140 3697 bona
1184 3656 1287 3698 sua
1337 3641 1642 3699 constituet
1698 3658 1833 3701 eum
1892 3643 2134 3716 (Matth.

546 3736 724 3804 xxxv).
772 3733 914 3802 Quia
950 3735 1118 3808 igitur
1141 3736 1260 3795 dies
1281 3735 1525 3806 Domini,
1563 3737 1709 3795 sicut
1741 3736 1831 3793 fur
1855 3738 1911 3794 in
1953 3745 2134 3807 nocte,

541 3825 616 3882 ita
652 3826 836 3883 veniet
864 3868 881 3894 ,
910 3842 1157 3899 semper,
1189 3827 1388 3886 fratres
1417 3830 1549 3896 mei,
1580 3830 1891 3904 vigilemus,
1924 3846 2142 3903 semper

544 3918 723 3987 parati
763 3918 961 3988 simus,
997 3928 1232 3979 mortem
1261 3922 1425 3981 nobis
1454 3922 1666 3981 instare
1692 3938 1909 3996 semper
1931 3922 2140 3995 cogite-

542 4026 689 4068 mus.
738 4010 976 4083 Propter
1023 4014 1130 4072 boc
1166 4015 1371 4087 quippe
1401 4016 1579 4073 voluit
1626 4015 1894 4077 Dominus
1945 4014 2142 4075 mortis

542 4112 748 4184 nostra:
774 4105 1070 4162 terminum
1118 4108 1283 4165 nobis
1310 4124 1436 4166 esse
1474 4109 1767 4178 incertum,
1816 4118 1879 4165 ut
1926 4123 2144 4180 semper

547 4206 782 4254 mortem
804 4201 966 4271 quasi
991 4211 1319 4273 praesentem
1345 4203 1758 4273 timeremus,ct
1778 4203 1847 4261 ad
1865 4218 1990 4259 eam
2015 4218 2144 4260 sus-

547 4291 859 4363 cipiendam
917 4310 1379 4366 praepararemur.
1426 4295 1706 4364 Secundo,
1735 4296 2147 4355 demonstratur

540 4384 687 4454 quod
716 4385 903 4457 justus
928 4395 1424 4459 quantumcunque
1455 4388 1531 4445 sit
1574 4396 1755 4445 morte
1788 4403 2142 4460 praeoccupa-

544 4484 659 4546 tus,
686 4484 873 4567 tamen
914 4478 971 4533 in
1023 4479 1171 4536 bona
1209 4487 1494 4536 senectute
1514 4480 1770 4550 moritur,
1794 4496 1923 4538 eum
1953 4480 2145 4538 subdi-
2170 4507 2219 4567 υ
2245 4475 2316 4531 da
2337 4482 2447 4542 est,
2479 4474 2742 4545 quoniam
2769 4474 2957 4545 justus
2986 4474 3109 4531 ideo
3136 4474 3248 4531 cito
3281 4475 3617 4549 deImundo

541 4576 633 4623 tur
667 4587 681 4625 :
711 4566 962 4624 Senectus
1000 4571 1145 4625 enim
1176 4569 1492 4627 venerabilis
1530 4580 1642 4637 est;
1694 4588 1801 4627 non
1844 4572 2135 4640 diuturna,

542 4659 597 4715 id
610 4669 698 4717 est
728 4676 839 4717 non
867 4662 1082 4718 dierum
1097 4678 1279 4735 neque
1299 4678 1531 4719 numero
1552 4679 1825 4721 annorum
1849 4676 2138 4735 computa-

543 4761 620 4807 ta.
653 4752 790 4808 Cani
819 4755 961 4810 enim
991 4763 1116 4811 sunt
1137 4772 1324 4811 sensus
1349 4756 1601 4825 hominis,
1632 4757 1687 4814 id
1718 4765 1823 4825 est,
1869 4758 2141 4830 sapientia

542 4857 631 4903 est
651 4847 795 4903 bona
820 4849 1053 4905 canities
1076 4849 1339 4917 hominis,
1361 4858 1413 4906 et
1436 4859 1570 4909 tetas
1590 4852 1873 4907 senectutis
1906 4853 2016 4908 vita
2031 4854 2137 4907 im-

546 4939 844 5008 maculata,
868 4941 922 4997 id
945 4951 1051 5008 est,
1082 4941 1229 4999 bona
1254 4942 1367 4997 vita
1391 4949 1478 4998 est
1502 4942 1647 4999 bona
1691 4952 1969 5000 senectus.
2009 4944 2142 5000 Duae

543 5038 858 5087 senectutes
878 5030 1042 5086 nobis
1064 5029 1536 5101 demonstrantur,
1566 5049 1677 5090 una
1718 5050 1992 5090 annorum
2013 5076 2029 5102 ,
2062 5036 2144 5091 al-

545 5130 661 5177 tera
690 5137 930 5178 morum.
968 5121 1153 5177 Prima
1194 5122 1315 5180 sine
1351 5126 1592 5182 secunda
1618 5135 1704 5184 est
1732 5127 1990 5198 pessima.
2022 5127 2143 5183 Pri-

547 5228 635 5266 ma
665 5212 832 5268 simul
867 5221 923 5268 et
970 5214 1236 5283 secunda,
1286 5215 1449 5272 bona.
1495 5216 1746 5275 Secunda
1787 5218 1909 5274 sine
1938 5217 2141 5289 prima,

541 5304 774 5373 Optima.
820 5308 999 5359 Senex
1033 5305 1181 5361 enim
1205 5307 1403 5364 diebus
1433 5316 1489 5365 et
1514 5325 1625 5366 non
1650 5309 1901 5365 moribus
1927 5309 2142 5364 abomi—

543 5394 744 5450 nabilis
775 5401 879 5450 est.
910 5394 1186 5467 Scriptum
1208 5406 1297 5453 est
1321 5398 1469 5454 enim
1503 5417 1518 5454 :
1555 5419 1574 5451 ι
1610 5397 1757 5455 Puer
1774 5406 1996 5456 centum
2034 5416 2138 5455 an-

545 5501 744 5540 norum
772 5488 1092 5547 maledictus
1121 5490 1226 5548 erit
1273 5489 1413 5563 (Isa.
1445 5492 1595 5563 va).
1632 5511 1652 5545 ι
1684 5490 1818 5559 Quae
1839 5493 1985 5549 enim
2018 5508 2136 5547 ma-

543 5573 636 5644 jor
662 5575 1000 5634 abominatio
1024 5595 1188 5650 quam
1211 5596 1505 5638 canescere
1530 5597 1762 5653 corpore
1781 5590 1837 5638 et
1871 5598 1979 5638 non
2006 5598 2133 5639 cor-

545 5667 646 5731 de;
682 5678 889 5734 mento,
917 5680 1109 5729 etnon
1152 5683 1366 5742 mente;
1407 5690 1576 5746 quam
1625 5683 1843 5746 gestare
1890 5676 2137 5733 exterius

545 5775 809 5833 rugosum
838 5779 1045 5836 senem,
1069 5783 1235 5839 quam
1260 5768 1493 5824 interius
1537 5767 1795 5839 juvenem
1847 5769 2135 5826 lascivien-

1824 295 2009 353 ΒΑΜ]
2018 294 2177 352 LPlll
2212 291 2564 350 AllDENTlS

540 439 644 480 mae
677 419 1035 478 beatitudinis
1094 415 1392 490 participes
1440 413 1671 469 erimus.
1724 411 1879 478 Quod
1922 410 2135 467 meritis
2164 415 2209 475 Α
2242 420 2372 464 tem.
2408 406 2570 462 Tales
2607 414 2766 462 erant
2812 404 2891 460 illi
2939 402 3054 460 duo
3104 418 3267 461 senes
3294 402 3544 462 inveterati
3565 408 3705 469 diu“

3608 296 3701 354 l53‘l

2241 500 2538 565 malorum,
2566 497 2662 569 qui
2690 495 2927 567 puellam
2956 505 3202 563 teneram
3232 493 3518 551 Susanuam
3543 513 3707 558 corrum-

2238 608 2367 665 pere
2391 591 2717 657 voluerunt,
2753 588 2849 645 sed
2884 589 2956 645 ab
2974 603 3039 644 ea
3068 588 3313 659 superati
3336 598 3458 645 sunt
3478 588 3710 667 (Damam).

2238 683 2571 756 Huiusmodi
2616 696 2781 739 senes
2808 696 2920 753 pre
2952 680 3174 737 cunctis
3214 679 3462 737 aetatibus
3486 691 3601 737 tanto
3614 685 3715 741 dan.

2239 777 2452 834 nabiles
2465 784 2615 842 sunt,
2630 785 2844 846 quanto
2873 773 2928 830 in
2958 772 3042 829 eis
3061 788 3163 829 nec
3184 771 3457 844 frigiditas
3472 775 3719 834 attatisarlo-
3828 771 3829 846 ξ

2239 886 2355 927 rem
2377 867 2644 937 libidinis,
2671 882 2774 924 nec
2808 864 3312 939 gravitascorporis
3332 864 3577 921 levitatem
3593 871 3722 927 mus
3828 864 3829 925 ἲ

2237 976 2501 1033 superare
2520 968 2717 1032 potest.
2750 959 2929 1015 Senex
2949 972 3082 1014 vero
3100 956 3299 1013 diebus
3324 955 3486 1012 simul
3504 959 3724 1017 etimribus

2237 1054 2417 1112 bonus
2440 1062 2496 1109 et
2518 1051 2850 1110 venerabilis
2870 1059 2978 1107 est.
2998 1048 3108 1117 Qui
3129 1048 3514 1106 convenienter
3530 1053 3728 1121 I'espoalet

2237 1146 2556 1204 maturitate
2596 1144 2780 1202 cordis
2834 1142 3138 1199 maturitati
3174 1141 3457 1213 corporis,
3496 1148 3545 1197 et
3573 1143 3729 1201 audere

2240 1239 2441 1297 mentis
2484 1236 2712 1295 candori
2767 1220 2937 1292 menti
2956 1277 2975 1304 ,
3024 1242 3083 1292 et
3119 1233 3395 1307 gravitate
3429 1232 3579 1288 animi
3619 1236 3733 1306 gravi-

2238 1333 2335 1391 tati
2374 1331 2580 1391 earnis.
2606 1329 2769 1388 Tales
2796 1337 2958 1393 erant
2988 1328 3084 1411 illi
3130 1328 3244 1386 duo
3279 1325 3596 1385 sanctissimi
3633 1343 3736 1384 tetu

2239 1428 2462 1487 Simeon
2508 1436 2567 1484 et
2615 1427 2806 1493 Anna,
2838 1424 2937 1496 qui
2987 1432 3116 1480 ante
3164 1421 3343 1479 Deum
3377 1431 3543 1488 erant
3575 1420 3672 1492 justi
3700 1432 3739 1478 et
3828 1420 3829 1467 ἲ

2238 1520 2506 1589 timorati,
2523 1535 2634 1577 non
2686 1516 3009 1575 recedentes
3035 1531 3066 1571 a
3097 1514 3328 1585 templo,
3374 1512 3636 1581 servientes
3669 1511 3742 1569 beo

2237 1900 2293 1947 ct
2320 1890 2500 1962 ipsum
2524 1889 2579 1944 in
2604 1888 2767 1944 ulnas
2790 1898 2926 1961 suas
2954 1885 3207 1955 accipere
3242 1892 3302 1939 et
3322 1882 3393 1938 de
3415 1896 3485 1936 eo
3509 1881 3757 1952 prophetare

2240 1982 2395 2054 (Luc.
2427 1980 2514 2052 ιι).
2550 1978 2730 2036 Senex
2754 1994 2757 1995 ν
2779 1993 2932 2045 νοτο⁵
2961 1976 3213 2032 moribus
3235 1983 3295 2030 et
3320 1988 3434 2029 non
3471 1972 3637 2029 diebus
3651 1981 3759 2027 tanto

2239 2073 2488 2131 sanctior
2515 2082 2601 2129 est
2624 2081 2689 2133 et
2708 2068 3112 2134 admirabilior,
3143 2075 3359 2139 quanto
3401 2066 3589 2121 virtute
3614 2066 3760 2120 mentis
3828 2066 3829 2145 ξ

2239 2175 2465 2240 supcrat
2515 2175 2768 2222 naturam
2803 2162 2983 2219 mtatis
3009 2203 3030 2229 ,
3086 2160 3396 2216 observans
3452 2158 3506 2213 in
3548 2157 3764 2228 iuventute
3828 2214 3829 2219 η

2242 2260 2636 2326 maturitatem,
2663 2257 2718 2312 in
2746 2255 2935 2313 carnis
2963 2254 3151 2311 calore
3174 2252 3490 2311 castitatem
3511 2293 3528 2319 ,
3559 2251 3607 2307 in
3638 2252 3767 2305 atatis

2240 2354 2462 2412 levitate
2499 2352 2849 2425 gravitatem.
2878 2348 3039 2405 Tales
3087 2362 3253 2404 senes
3301 2344 3526 2402 fuerunt
3551 2343 3705 2399 Daniel
3735 2354 3772 2399 ct

2241 2446 2396 2521 pueri
2452 2446 2509 2503 in
2568 2444 2847 2503 fornacem
2903 2440 3086 2508 missi,
3157 2438 3291 2495 talis
3356 2452 3522 2494 senes
3576 2435 3665 2493 fuit
3710 2435 3773 2490 lo-

2242 2536 2399 2609 scph,
2426 2535 2568 2592 talis
2594 2546 2761 2591 senex
2805 2531 2911 2588 fuit
2957 2529 3206 2587 Smnncs
3262 2528 3508 2601 Baptista
3551 2537 3601 2584 et
3650 2525 3776 2583 Joan-

2242 2647 2340 2688 acs
2395 2627 2731 2702 evangelista
2750 2668 2768 2695 ,
2818 2627 2954 2682 tales
3011 2639 3177 2682 senes
3250 2621 3483 2680 fuerunt
3525 2621 3780 2679 itiannrera-
3828 2654 3829 2699 φ

2242 2723 2380 2781 biles
2401 2721 2668 2795 virgines,
2711 2734 2837 2792 quae
2861 2733 2971 2774 non
3023 2717 3208 2795 solum
3259 2725 3505 2783 atatem,
3540 2714 3782 2770 innocuas:
3828 2730 3829 2735 π

2243 2830 2436 2873 sexum
2466 2823 2523 2871 ct
2545 2813 2811 2888 saeculum
2852 2819 2909 2868 et
2958 2810 3127 2867 etiam
3173 2808 3356 2881 ipsam
3415 2816 3638 2864 mortem
3662 2821 3788 2876 supe-

2242 2918 2538 2976 raverunt,
2591 2917 2649 2965 et
2704 2922 2803 2981 per
2852 2903 3255 2962 immanitatem
3309 2910 3695 2958 tormentorum
3737 2900 3787 2953 al

2243 3003 2416 3061 Deum
2447 3008 2840 3075 pervenerunt.
2859 2997 2999 3054 Vera
3016 3007 3103 3055 est
3126 2997 3318 3069 igitur,
3342 2994 3679 3059 fratresmei,
3698 3008 3795 3047 sea-
3828 3002 3829 3023 ξ

2244 3095 2436 3164 tentia,
2467 3093 2731 3166 quoniam
2753 3092 2942 3164 justus
2968 3098 3470 3162 quantumcunque
3492 3101 3797 3158 prmoccupa-

2241 3199 2331 3246 tus
2360 3188 2652 3254 moriatur,
2675 3194 2859 3241 tamen
2895 3198 3008 3240 non
3040 3181 3281 3238 moritur
3303 3182 3415 3238 nisi
3447 3198 3623 3240 canus
3646 3190 3696 3235 et
3712 3194 3801 3234 au-
3828 3186 3829 3254 ξ

2241 3293 2418 3339 turns.
2451 3279 2723 3337 Canitiem
2751 3277 2919 3350 igitur
2943 3289 3164 3332 morum
3211 3283 3275 3330 et
3303 3276 3681 3330 maturitatem
3703 3272 3803 3328 vita

2242 3373 2447 3430 habere
2481 3380 2821 3443 satagamus,
2854 3367 3058 3424 fratres
3102 3364 3257 3433 mei,
3312 3381 3489 3436 quam
3548 3364 3805 3427 habentes,

2240 3471 2472 3519 mortem
2491 3460 2671 3518 securi
2698 3466 3089 3531 exspectamus
3110 3474 3126 3511 ε
3159 3455 3461 3527 pneveniri
3481 3470 3519 3510 a
3540 3464 3709 3510 morte
3729 3467 3807 3506 ne:

2240 3569 2568 3627 possumus;
2591 3568 2701 3609 non
2728 3552 2784 3608 in
2800 3550 3054 3618 dimidio,
3069 3548 3165 3612 sed
3188 3547 3247 3603 in
3269 3548 3623 3621 plenitudine
3638 3547 3812 3601 diei-na

2240 3646 2309 3703 de
2337 3644 2545 3702 mundo
2568 3644 2638 3700 ad
2663 3644 2869 3701 cmlum
2902 3645 3393 3717 transmigramus.

2266 3796 2269 3799 λ
2313 3736 2502 3794 Tertio
2522 3778 2537 3803 ,
2563 3736 2978 3793 demonstratur
3003 3753 3177 3807 quare
3210 3737 3353 3808 justi
3386 3736 3509 3793 cito
3551 3738 3625 3793 de
3651 3734 3817 3792 mutulo

2243 3831 2527 3886 tolluntur.
2558 3827 2849 3884 Ponuntur
2876 3835 3060 3883 autem
3085 3828 3179 3883 hic
3192 3828 3458 3899 quinque
3489 3826 3821 3886 causam.

2241 3941 2331 3983 ma
2351 3932 2459 3992 est,
2482 3922 2747 3995 quoniam
2780 3922 2906 3978 ideo
2927 3921 3043 3979 cito
3078 3922 3148 3979 de
3181 3922 3396 3978 mundo
3434 3923 3693 3987 tollitur,
3713 3935 3823 3991 qau-

2241 4016 2390 4083 niam
2418 3992 2564 4072 Deus
2611 4014 2792 4086 diligit
2825 4029 2977 4081 eum,
3008 4023 3065 4070 et
3083 4013 3202 4069 vult
3227 4028 3360 4083 eum
3388 4015 3517 4070 cito
3545 4016 3612 4069 in

2240 4109 2501 4183 diuersua
2528 4107 2729 4164 habere
2775 4121 2987 4165 secum.
3020 4105 3176 4163 Hanc
3222 4122 3465 4165 causam
3501 4108 3712 4171 innuit,
3734 4122 3794 4161 cm

2243 4200 2430 4257 subdit
2478 4198 2756 4255 :Placens
2808 4198 2919 4254 Deo
2965 4200 3144 4269 factus
3190 4198 3454 4255 dilectus.
3494 4200 3583 4255 Ac.
3612 4201 3662 4257 si
3690 4201 3813 4255 dicat

2242 4291 2384 4359 Quia
2410 4291 2690 4362 placuerat
2709 4289 2821 4347 Deo
2853 4292 3211 4361 immaculata
3233 4292 3372 4358 vita,
3408 4291 3549 4348 ideo
3579 4293 3701 4346 vult
3726 4290 3814 4344 Dea

2247 4389 2309 4455 ut
2340 4380 2437 4435 ﬁat
2461 4379 2513 4436 ei
2534 4380 2770 4436 dilectus
2788 4387 2845 4436 et
2866 4379 3157 4437 familiaris
3179 4380 3235 4436 in
3268 4381 3443 4436 beata
3475 4382 3624 4437 vita.
3660 4380 3804 4436 Secti!

3730 4202 3813 4254 ita!

3730 4398 3756 4435 c

3730 4476 3759 4528 li

3730 4613 3830 4813 ’ἓ

3730 4813 3830 5143 ξ

3730 5143 3830 5559 ἓ

2246 4568 2515 4641 quoniam
2552 4583 2622 4624 eo
2651 4568 2852 4639 dignus
2880 4583 2990 4624 non
3028 4577 3148 4624 erat
3188 4568 3472 4625 mundus.
3527 4568 3703 4624 lianc
3746 4580 3814 4622 at

2253 4678 2372 4719 sam
2428 4661 2616 4733 ponit,
2671 4677 2798 4717 cum
2853 4662 3086 4731 subdit:
3132 4660 3322 4716 Vivens
3367 4663 3530 4718 inter
3583 4674 3810 4735 peccata:

2250 4756 2557 4811 translatus
2579 4765 2679 4812 est.
2712 4755 2792 4811 Ac
2818 4756 2867 4811 si
2888 4767 3075 4827 aperte
3095 4756 3277 4813 dicat:
3311 4756 3471 4824 Quia
3504 4769 3719 4814 sancte
3743 4756 3827 4809 vis:

2248 4848 2342 4903 hat
2364 4848 2506 4903 inter
2526 4855 2867 4918 peccatores,
2891 4863 2993 4903 nec
3017 4857 3199 4903 tamen
3223 4860 3583 4919 peccatores
3610 4850 3687 4905 ad
3708 4864 3795 4903 ese

2249 4941 2401 5011 plum
2431 4949 2486 4997 et
2508 4941 2819 4997 doctrinam
2854 4940 2976 5013 ejus
3015 4942 3477 5014 corrigebantur,
3507 4944 3657 5000 ideo
3697 4940 3816 4996 nisi

2249 5032 2494 5104 indignis
2523 5033 2870 5089 subtrahitur
2890 5032 2958 5089 ad
2990 5033 3113 5104 ejus
3144 5033 3425 5106 gloriam,
3458 5046 3522 5091 et
3558 5037 3643 5091 ad
3676 5036 3818 5088 illam

2251 5124 2657 5189 confusionem.
2693 5125 2777 5182 Ad
2823 5126 2948 5198 ejus
2983 5126 3188 5197 quippe
3226 5127 3483 5199 gloriam
3546 5129 3711 5193 fuit,
3750 5140 3794 5193 qi

2250 5219 2396 5274 inter
2425 5227 2744 5290 peccatores
2767 5219 2908 5276 bene
2931 5211 3086 5275 vixit:
3116 5218 3236 5275 Non
3266 5220 3432 5277 enim
3466 5222 3676 5295 gloria
3708 5234 3804 5287 an;

2246 5311 2390 5367 inter
2426 5321 2649 5371 sanctos
2685 5320 2877 5369 sancte
2913 5312 3156 5377 vixisse,
3208 5314 3305 5369 sed
3344 5314 3510 5371 inter
3566 5321 3816 5386 perstate:

2244 5411 2434 5458 sancte
2489 5401 2693 5459 vixisse
2737 5403 2895 5459 valde
2932 5403 3207 5460 laudabile
3238 5415 3351 5462 est.
3426 5405 3599 5463 llinc
3644 5405 3800 5461 lauda

2242 5492 2347 5547 Joh
2385 5509 2512 5549 cum
2538 5493 2740 5549 dicitur
2767 5513 2781 5549 :
2811 5513 2830 5545 α
2871 5493 3004 5548 Erat
3044 5495 3126 5550 vir
3173 5495 3229 5551 in
3273 5505 3437 5555 terra
3486 5499 3657 5566 Ilus,
3686 5490 3811 5551 una?

2243 5585 2368 5653 λοι),
2396 5586 2627 5657 simplex
2662 5594 2719 5642 et
2749 5596 2932 5644 rectus
2960 5585 3082 5657 (Job
3113 5588 3177 5657 ι).
3216 5608 3237 5639 ι
3272 5588 3429 5649 llinc
3459 5602 3527 5649 et.
3556 5593 3631 5648 in
3663 5583 3830 5657 Cesti

2244 5679 2584 5735 canticorum
2614 5679 2856 5747 dicitur:
2891 5698 2913 5732 ί
2946 5679 3101 5736 Sicut
3136 5681 3317 5739 lilium
3356 5685 3525 5741 inter

2244 5772 2420 5829 amica
2449 5788 2574 5830 mea
2607 5773 2748 5829 inter
2779 5773 2917 5830 ﬁlias
2946 5774 3127 5843 (Cant.
3169 5776 3257 5848 η.)
3303 5797 3316 5817 ι
3359 5778 3453 5834 Ad
3490 5772 3830 5877 eorum
