3844 6318
12 397 116 462 1:553

1113 401 1441 460 llOMlleE.
1486 439 1556 448 —-
1594 407 1657 465 ll.
1697 410 1786 466 DE
1822 411 2129 475 SANCTIS.

3120 419 3259 476 1554

7 537 164 582 eorum
197 528 279 576 est
307 519 403 590 qui
438 535 542 574 nec
570 520 641 576 ad
684 521 1013 599 exempluom,
1037 537 1138 578 nec
1159 523 1226 578 ad
1250 523 1557 579 doctrinam

1673 547 1814 586 mam
1861 543 1912 589 et
1939 518 2213 607 sequatur
2257 554 2336 591 me
2377 536 2616 610 (Matth.
2669 534 2818 603 xw),
2867 544 2972 590 etc.
3022 535 3261 604 Quadri-

12 618 99 687 ejus
127 622 444 684 praesentem
466 612 752 667 emendari
774 613 1089 680 voluerunt;
1120 629 1220 669 nec
1245 614 1559 671 festinatam

8 707 153 766 sancti
165 704 228 760 de
246 703 386 758 inter
406 717 506 758 eos
542 703 992 771 subtractionem,
1013 705 1148 759 iram
1181 705 1275 762 Dei
1297 722 1562 763 essecon-

7 815 64 856 η
110 797 228 853 illos
266 795 677 852 intellexerunt.
728 795 867 853 Hinc
906 797 1105 854 etenim
1145 799 1407 870 scriptum
1433 809 1560 856 est:

7 889 174 946 «Ecce
208 889 487 960 quomodo
506 889 744 944 moritur
779 889 998 959 justus;
1039 898 1094 946 et
1133 905 1294 947 nemo
1332 892 1565 964 percipit

7 982 164 1049 :orde,
217 990 273 1037 et
311 981 417 1036 viri
440 979 580 1052 justi
614 979 902 1050 tolluntur,
939 990 994 1038 et
1022 996 1184 1038 nemo
1231 983 1561 1040 considerat.

7 1077 27 1129 λ
59 1074 197 1131 facie
217 1073 526 1146 iniquitatis
550 1073 766 1130 ablatus
795 1083 882 1130 est
903 1074 1106 1146 justus,
1138 1083 1192 1130 et
1225 1076 1328 1131 erit
1353 1077 1406 1131 in
1430 1093 1563 1148 pace

7 1166 240 1223 nemoris
260 1166 383 1238 ejus
411 1164 556 1238 (Isa.
597 1165 758 1237 Lvn.)
798 1185 817 1219 ι
854 1165 1006 1223 Hanc
1037 1167 1174 1222 iram
1199 1167 1314 1237 Dei,
1341 1168 1560 1238 fratres,

8 1261 211 1315 nultum
253 1258 554 1316 formidare
586 1259 879 1328 debemus;
917 1260 1140 1331 quando
1173 1259 1422 1316 videmus
1462 1262 1564 1317 ali-

7 1369 137 1424 laem
163 1362 414 1408 sanctum
438 1351 698 1408 demedio
719 1361 969 1409 nostrum
999 1352 1270 1421 subtrahi,
1314 1369 1384 1410 ne
1412 1353 1563 1410 vide-

8 1447 98 1501 icet
113 1445 275 1500 nobis
297 1444 420 1500 ideo
441 1431 819 1512 Subtrahatur,
859 1443 988 1514 quia
1011 1443 1133 1514 ejus
1153 1453 1562 1503 contemnentes

7 1539 302 1607 Ioctrinam,
340 1553 410 1594 eo
441 1537 593 1610 digni
621 1551 730 1592 non
763 1551 1006 1592 eramus.
1057 1533 1241 1592 Tertia
1267 1553 1431 1592 causa
1457 1547 1561 1607 est,

7 1630 233 1704 [ueniam
279 1629 574 1702 aliquando
613 1629 800 1700 justus
831 1629 943 1684 cito
987 1627 1054 1684 de
1104 1628 1314 1684 mundo
1338 1630 1552 1686 subtra-

7 1726 140 1790 uitur,
170 1739 242 1780 ne
272 1723 329 1779 in
357 1732 472 1779 tam
500 1723 711 1779 lubrica
739 1721 907 1793 hujus
934 1720 1125 1777 mundi
1147 1721 1233 1778 via
1265 1722 1562 1794 aliquando

7 1817 208 1872 ibatur.
247 1814 404 1872 Hanc
432 1830 656 1872 causam
678 1815 832 1886 ponit
857 1831 983 1872 cum
1006 1815 1190 1872 subdit
1214 1834 1227 1870 :
1255 1814 1460 1887 Raptus
1481 1824 1560 1869 est

1663 626 1862 696 partita
1908 636 1991 683 est
2054 629 2214 684 lectio
2241 631 2380 696 ista,
2440 629 2637 684 fratres
2693 626 2820 682 mei.
2867 627 3054 684 Primo
3107 631 3254 684 enim

1665 719 1928 776 Dominus
1962 722 2201 777 ostendit
2242 724 2372 794 quid
2410 722 2590 777 facere
2641 719 2971 786 debeamus,
3023 720 3070 776 si
3127 736 3256 776 eum

1663 810 1820 880 sequi
1863 811 2136 867 volumus.
2203 811 2485 880 Secundo,
2533 811 2872 867 demonstrat
2923 825 3096 880 quare
3139 811 3258 865 ani-

1663 916 1784 958 mas
1839 911 2062 959 nostras
2121 913 2177 959 et
2235 906 2421 960 omnia
2481 903 2802 975 temporalia
2856 917 2957 973 pro
3026 917 3095 958 eo
3159 918 3258 972 po-

1661 1008 1794 1050 nere
1839 995 2154 1053 debeamus.
2211 995 2425 1065 Tertio,
2486 998 2732 1052 minatur
2783 995 2930 1066 quod
2977 995 3094 1066 ipse
3129 1010 3258 1050 eru-

1663 1086 1849 1142 bescet
1893 1087 1947 1142 in
1987 1086 2175 1144 futuro
2217 1104 2314 1146 eos
2355 1090 2451 1160 qui
2488 1106 2616 1145 eum
2656 1089 2812 1160 sequi
2845 1087 3010 1143 modo
3055 1087 3256 1144 erube-

1664 1181 1844 1234 scunt.
1888 1178 2116 1247 Quarto,
2180 1180 2314 1235 dicit
2357 1180 2623 1252 quosdam
2669 1178 3065 1250 discipulorum
3129 1187 3258 1234 ante

1664 1278 1893 1326 mortem
1933 1271 2264 1342 promissum
2299 1270 2396 1327 Dei
2431 1287 2658 1343 regnum
2702 1277 2826 1328 esse
2861 1271 3105 1326 visuros.‘
3131 1269 3256 1324 Pri-

1664 1377 1755 1418 mo
1798 1361 1964 1434 igitur
1999 1361 2130 1433 quid
2163 1361 2344 1417 facere
2371 1362 2704 1430 debeamus,
2731 1362 2779 1418 si
2813 1378 2938 1418 eum
2969 1362 3125 1433 sequi
3155 1377 3255 1417 vo-

1663 1449 1869 1522 lumus,
1897 1444 2140 1508 ostendit
2179 1469 2304 1508 cum
2331 1453 2502 1510 dicit:
2541 1451 2600 1508 Si
2642 1453 2760 1524 quis
2793 1453 2903 1508 uult
2924 1461 3043 1524 post
3066 1469 3148 1507 me
3173 1469 3257 1506 ve—

1664 1550 1799 1617 nire,
1817 1549 2034 1620 abneget
2050 1548 2413 1620 semetipsum,
2455 1551 2504 1603 'et
2520 1541 2683 1601 tollat
2709 1561 3074 1602 crucemsuam
3087 1547 3260 1617 quati.

1662 1640 1770 1708 die,
1791 1647 1844 1694 et
1888 1646 2142 1711 sequatur
2163 1653 2262 1694 me.
2291 1637 2420 1693 Tria
2451 1637 2620 1693 dicit:
2646 1637 2875 1708 Abneget
2899 1637 3257 1706 semetipsum,

1665 1731 1822 1786 tollat
1847 1747 2056 1786 crucem
2079 1745 2256 1799 suam,
2277 1737 2532 1801 sequatur
2559 1745 2658 1784 me.
2686 1728 2744 1784 In
2760 1728 2962 1800 quibus
2989 1736 3042 1783 et
3067 1742 3259 1782 nume-

1663 1838 1762 1879 rus
1813 1829 1871 1878 et
1908 1822 2044 1880 ordo
2076 1821 2426 1879 necessarius
2456 1833 2560 1881 est.
2591 1818 2779 1892 Neque
2815 1820 2964 1876 enim
3018 1819 3258 1889 primum

9 1910 277 1965 ematitia
306 1918 537 1964 muniret
555 1908 884 1964 intellectum
921 1908 1093 1976 illius,
1136 1916 1230 1963 aut
1252 1909 1401 1979 ﬁctio
1426 1908 1570 1964 deci—
1601 1900 1643 1960 Β
1670 1911 1880 1982 absque
1947 1911 2165 1968 duobus
2215 1909 2606 1982 sequentibus,
2670 1923 2850 1978 neque
2909 1907 3020 1963 duo
3082 1906 3260 1976 prima

7 2013 106 2057 cret
149 2003 396 2057 animam
433 2001 604 2069 illius,
642 2000 696 2057 id
733 2009 916 2058 estne
946 2000 1157 2057 malitia
1209 2015 1400 2057 eorum
1438 2017 1565 2058 cum

11 2091 170 2148 uibus
200 2090 654 2159 conversabatur,
687 2091 774 2146 vel
813 2091 959 2147 malo
986 2091 1258 2162 exemplo,
1295 2092 1381 2147 vel
1421 2091 1564 2147 mala

8 2184 239 2251 octrina,
288 2182 377 2239 vel
423 2182 662 2256 graviori
702 2183 1101 2254 persecutione,
1140 2191 1376 2239 mutaret
1408 2183 1568 2240 intel-

7 2287 169 2331 rctum
212 2275 366 2331 illius
399 2275 468 2331 de
501 2275 650 2332 bono
677 2274 745 2332 ad
782 2276 1012 2344 malum,
1062 2283 1158 2331 aut
1199 2275 1368 2344 ﬁctio,
1400 2275 1454 2332 id
1483 2287 1568 2334 est

8 2369 197 2425 :ntalio
240 2368 483 2436 occulta,
529 2368 618 2424 vel
663 2369 850 2426 carnis
891 2369 976 2425 vel
1016 2369 1240 2436 diaboli,
1290 2368 1567 2440 deciperet

7 2465 213 2518 nimam
282 2461 455 2529 illius,
511 2461 655 2518 sicut
710 2461 986 2533 plerisque
1033 2462 1315 2518 multoties
1361 2461 1561 2517 evenit.

14 2564 169 2611 uarta
200 2570 374 2612 causa
402 2562 510 2623 est,
536 2554 796 2626 quoniam
819 2554 942 2611 ideo
963 2555 1149 2626 justus
1175 2555 1284 2611 cito
1303 2555 1370 2612 de
1398 2561 1563 2610 mun-

7 2665 30 2702 υ
52 2648 296 2715 tollitur,
338 2647 598 2719 quoniam
637 2648 694 2703 in
727 2647 940 2704 meritis
971 2656 1090 2704 erat
1123 2637 1561 2706 consummatus.

9 2758 114 2799 anc
165 2757 401 2798 causam
433 2733 598 2812 ponit
649 2757 776 2798 cum
809 2741 996 2798 subdit
1026 2760 1039 2798 :
1067 2742 1478 2799 Consummatus
1508 2743 1566 2798 in

7 2835 101 2889 'eus'
149 2833 386 2905 explerit
431 2842 667 2904 tempora
707 2833 898 2889 multa.
943 2834 1023 2891 Ac
1063 2833 1110 2891 si
1131 2843 1318 2906 aperte
1362 2835 1508 2892 dicat
1545 2853 1561 2891 :

8 2925 229 2982 uamvis
285 2925 438 2982 brevi
473 2933 717 2997 tempore
758 2925 976 2994 vixerit,
1011 2934 1193 2983 tamen
1225 2927 1420 2999 plenus
1449 2927 1564 2984 die-

7 3035 81 3073 ιω
110 3029 170 3074 et
201 3025 623 3075 consummatus
655 3017 978 3074 meritorum
1003 3028 1259 3076 mortuus
1287 3027 1391 3086 est,
1419 3035 1562 3091 quo-

8 3125 109 3164 iam
165 3109 263 3164 illa
313 3124 438 3181 qua:
479 3109 572 3164 alii
615 3124 714 3180 per
745 3109 908 3182 longa
946 3118 1194 3182 tempora
1239 3121 1564 3183 comparant

9 3204 184 3270 erita,
208 3202 318 3259 iste
341 3201 495 3259 brevi
541 3211 786 3275 tempore
832 3203 1192 3275 comparavit.
1245 3201 1313 3260 Et
1357 3219 1561 3272 nonne,

8 3302 169 3348 atres
229 3292 364 3359 mei,
419 3293 644 3363 probior
695 3301 751 3349 et
804 3291 1014 3349 felicior
1061 3293 1276 3350 videtur
1327 3294 1418 3350 ille
1469 3294 1565 3365 qui

8 3431 9 3436 η
63 3384 228 3440 brevi
291 3384 466 3439 multa
521 3382 748 3455 perfecit
803 3400 969 3456 quam
1021 3385 1111 3439 ille
1159 3384 1254 3455 qui
1315 3384 1422 3439 nisi
1471 3399 1568 3455 per

15 3480 133 3534 ulta
193 3485 447 3548 tempora
499 3476 592 3533 illa
643 3477 904 3549 perficere
950 3492 1060 3532 non
1101 3477 1322 3548 potuit?
1372 3475 1568 3533 Nonne

8 3567 184 3628 licius
240 3578 330 3626 est
359 3570 469 3626 cito
519 3585 684 3641 quam
743 3570 897 3625 tarde
931 3570 1017 3624 ad
1069 3569 1318 3624 bravium
1377 3583 1570 3640 perve-

9 3665 114 3718 re?
162 3661 396 3718 Placita
439 3661 601 3728 enim,
643 3660 840 3731 inquit,
883 3669 996 3714 erat
1042 3659 1148 3714 Deo
1180 3660 1362 3714 anima
1398 3658 1568 3713 illius.

7 3764 358 3828 tpropterea
405 3754 554 3810 dedit
594 3753 645 3809 ei
689 3753 746 3808 in
793 3752 945 3809 brevi
985 3754 1268 3824 perficere,
1310 3765 1436 3822 qua:
1467 3765 1576 3806 caa-

8 3850 60 3905 ri
117 3863 238 3904 non
290 3847 502 3903 faciunt
547 3845 656 3902 nisi
704 3846 760 3901 in
812 3845 979 3918 longo
1029 3854 1291 3916 tempore.
1346 3842 1576 3913 Propter

7 3958 88 4010 re,
131 3941 192 3996 id
227 3950 318 3996 cst
351 3947 572 4010 propter
603 3939 746 3993 hanc
773 3946 828 3994 et
852 3946 1073 4009 propter
1124 3935 1411 4007 praedictas
1438 3949 1575 3989 cau-

9 4051 72 4101 s,
130 4031 466 4105 properavit
519 4030 753 4086 educere
806 4045 934 4086 eum
981 4029 1051 4085 de
1100 4028 1280 4084 medio
1313 4026 1576 4098 iniquita-

8 4145 100 4182 m.
143 4125 361 4194 Quinta
391 4138 524 4179 vero
554 4138 718 4179 causa
746 4131 830 4180 est
861 4121 1125 4193 quoniam
1155 4120 1278 4176 ideo
1325 4119 1578 4190 aliquan-

7 4243 12 4262 ι
36 4219 280 4289 justum
313 4214 580 4270 Dominus
604 4213 714 4269 cito
741 4213 809 4268 de
839 4211 1045 4268 mundo
1074 4209 1274 4277 aufert,
1303 4217 1366 4264 ut
1387 4215 1580 4280 parcat

8 4311 252 4368 mribus
299 4308 441 4379 ejus.
479 4298 630 4362 Hanc
670 4321 896 4363 causam
937 4303 1147 4371 innuit,
1182 4319 1308 4359 cum
1351 4301 1574 4358 subdit:

8 4407 100 4458 tia
146 4402 345 4475 gratia
395 4399 490 4455 Dei
542 4391 598 4454 et
645 4397 1012 4453 misericordia
1041 4395 1175 4466 ejus,
1219 4404 1270 4450 et
1307 4402 1572 4464 respectus

44 4496 254 4551 electis
307 4492 480 4548 illius.
523 4490 734 4556 Gratia,
784 4488 1007 4561 quando
1049 4488 1131 4544 eis
1173 4487 1230 4542 in
1272 4485 1361 4541 via
1409 4486 1578 4556 hujus

13 4588 150 4644 culi
216 4584 459 4658 gratiam
515 4583 779 4638 virtutum
851 4579 1084 4638 confert.
1159 4577 1529 4634 Misericordia
1557 4619 1572 4644 ,

8 4679 188 4735 ando
233 4692 337 4733 eos
377 4675 519 4730 inter
563 4671 964 4739 tribulationes,
993 4685 1061 4724 ne
1101 4669 1376 4735 deliciam,
1408 4667 1578 4722 susti-

11 4791 53 4828 ε.
113 4771 468 4841 Respectus,
501 4767 720 4838 quando
754 4765 866 4821 cito
899 4763 969 4819 de
1006 4763 1193 4818 labore
1231 4761 1300 4816 ad
1331 4759 1576 4830 requiem

15 4884 34 4922 ι
93 4861 400 4920 transfert.
447 4859 682 4916 Oremus
725 4857 912 4929 igitur,
954 4854 1153 4911 fratres
1197 4853 1326 4922 mei,
1355 4867 1579 4908 oremus

17 4958 270 5014 uitibus
315 4965 370 5009 et
404 4952 662 5024 suspiriis
691 4951 860 5006 Deum
893 4958 949 5005 et
975 4948 1270 5004 Dominum
1298 4955 1574 5013 nostrum,

17 5059 250 5106 atenus
281 5045 443 5101 nobis
470 5044 705 5099 servulis
731 5043 850 5099 suis
881 5040 1113 5112 gratiam
1141 5055 1321 5105 suam,
1350 5054 1448 5108 per
1474 5038 1570 5091 liu-

97 5139 314 5198 mundi
361 5137 620 5194 tenebras
671 5133 1114 5190 iliuminatricem
1159 5141 1211 5188 et
1261 5128 1576 5187 conductri-

19 5253 103 5299 ο,
136 5230 434 5296 conferat,
480 5234 976 5284 sustentamentum
1032 5223 1422 5280 misericordiae
1462 5237 1577 5277 suae

25 5329 130 5384 )is
205 5324 355 5379 inter
411 5320 794 5377 tribulationes
840 5318 1006 5388 hujus
1055 5315 1248 5372 mundi
1298 5314 1575 5386 praebeat,

56 5419 256 5490 hujus
306 5416 497 5472 mundi
545 5413 825 5470 laboribus
868 5412 936 5467 ad
980 5409 1321 5482 refrigerium
1364 5417 1579 5464 aeterna:

47 5510 338 5570 titudinis
365 5523 467 5565 nos
498 5505 814 5563 transferat.
846 5504 1040 5560 Amen.

727 5597 842 5652 XII.

189 5713 360 5762 ιτειί,
402 5708 578 5749 εεῐυω
616 5707 682 5746 DE
722 5705 1022 5745 ιιΑττιιιΕο.
1065 5703 1132 5742 DE
1171 5702 1366 5742 εουεκ.

37 5791 208 5845 )ί.τὶι
255 5788 414 5844 Iesus
469 5784 748 5855 discipulis
791 5784 954 5838 suis:
1007 5780 1069 5837 Si
1130 5781 1248 5851 quis
1296 5778 1402 5834 vult
1466 5788 1582 5849 post

97 5885 305 5952 venire,
348 5883 568 5953 abneget
619 5879 950 5948 semetipsum
981 5919 995 5945 ,
1051 5884 1100 5930 et
1159 5873 1314 5930 tollat
1378 5887 1580 5927 erucem

1667 2005 1874 2076 absque
1906 2003 2070 2060 tertio
2103 2001 2356 2062 sufﬁcere
2383 2009 2636 2072 possunt.
2675 1998 2864 2054 Primo
2905 1997 3070 2067 igitur
3116 2010 3260 2066 pra:-

1664 2096 1798 2168 cipit
1855 2105 1915 2152 ut
1945 2095 2280 2168 abuegemus
2309 2093 2698 2164 nosmetipsos.
2730 2090 2872 2147 Sunt
2899 2099 3104 2157 autem,
3149 2087 3262 2144 fra-

1667 2195 1778 2243 tres
1803 2186 1934 2254 mei,
1973 2195 2086 2242 tres
2121 2185 2334 2256 species
2358 2183 2806 2254 abnegationum.
2832 2180 3118 2251 Abnegare
3163 2193 3255 2235 se-

1665 2279 1877 2350 ipsum,
1909 2278 2180 2349 abnegare
2220 2293 2310 2334 res
2357 2276 2630 2348 proprias,
2673 2275 2944 2345 abnegare
2977 2272 3259 2343 propriam

1666 2371 2002 2426 voluntatem
2029 2411 2044 2438 ,
2087 2379 2142 2426 et
2178 2369 2448 2440 abnegare
2499 2367 2722 2438 quidem
2763 2364 3030 2436 seipsum,
3067 2364 3120 2419 id
3178 2371 3264 2420 est

1665 2463 1886 2534 propria
1910 2463 2062 2529 vitia,
2085 2462 2231 2533 quod
2255 2461 2346 2517 hic
2366 2459 2700 2532 pmcipitur,
2717 2466 2929 2514 tenetur
2951 2458 3132 2512 omnis
3155 2457 3262 2511 ho-

1664 2569 1779 2623 mo,
1815 2565 1876 2612 ut
1904 2555 2236 2626 abuegemus
2260 2567 2370 2609 non
2408 2560 2683 2620 naturam,
2743 2551 2840 2607 sed
2869 2550 3098 2604 vitium:
3147 2561 3259 2602 non

1664 2646 1813 2718 quod
1835 2663 1868 2702 a
1908 2645 2019 2702 Deo
2062 2645 2188 2701 facti
2217 2660 2430 2711 sumus,
2476 2643 2572 2700 sed
2606 2643 2797 2714 quales
2825 2657 2928 2699 nos
2980 2640 3256 2712 peccando

1663 2740 1916 2796 fecimus.
1951 2738 2226 2810 Scriptum
2255 2745 2341 2794 est
2365 2735 2512 2793 enim
2549 2755 2564 2792 :
2597 2734 2791 2792 «Verte
2821 2733 3039 2804 impios,
3061 2743 3118 2789 et
3143 2747 3253 2787 non

1664 2841 1828 2889 erunt
1848 2831 2032 2904 (Prov.
2067 2832 2190 2903 xu).
2217 2849 2236 2882 ι
2265 2830 2319 2886 id
2347 2838 2454 2896 est,
2487 2837 2743 2884 converte
2771 2843 2870 2883 eos
2892 2827 2961 2882 de
2989 2826 3267 2896 impietate

1664 2923 1732 2980 ad
1756 2923 2034 2994 pietatem,
2062 2932 2118 2978 et
2136 2922 2251 2993 jam
2283 2937 2391 2977 non
2419 2927 2583 2976 erunt
2607 2919 2782 2989 impii,
2830 2918 2924 2975 sed
2955 2918 3138 2988 potius
3163 2916 3261 2987 pii.

1668 3015 1726 3071 Si
1753 3016 1879 3087 quis
1924 3015 2137 3071 vixerat
2168 3020 2223 3070 et
2260 3011 2434 3068 fuerat
2473 3011 2811 3078 luxuriosus,
2848 3017 3196 3066 convertatur
3212 3013 3270 3062 et

1664 3089 1940 3162 luxuriam
1958 3107 2194 3172 deserat,
2210 3104 2444 3175 abnegat
2466 3103 2656 3172 utique
2665 3101 2810 3171 quod
2827 3100 2951 3156 fuit.
2969 3098 3026 3154 Si
3053 3098 3179 3170 quis
3195 3097 3257 3152 vi

1665 3208 1822 3255 xerat
1837 3214 2058 3265 avarus,
2073 3212 2196 3254 esse
2209 3211 2408 3252 avarus
2427 3193 2662 3262 desinat,
2679 3193 2910 3264 abnegat
2923 3191 3110 3262 utique
3120 3189 3266 3262 quod

1669 3291 1796 3348 fuit.
1837 3289 1979 3346 Hinc
2020 3288 2226 3345 Paulus
2271 3295 2564 3358 postquam
2624 3284 2999 3341 inﬁdelitatem
3042 3291 3099 3338 et
3138 3297 3267 3337 cru-

1675 3380 1951 3436 delitatem
1978 3378 2252 3445 deseruit,
2281 3393 2341 3434 se
2369 3391 2479 3433 non
2515 3377 2695 3432 vivere
2735 3374 2914 3446 qualis
2959 3381 3088 3428 ante
3116 3373 3268 3427 vive-

1668 3475 1762 3530 bat
1785 3473 1954 3530 dicit:
1980 3491 2000 3526 s
2026 3470 2185 3538 Vivo,
2214 3469 2414 3541 inquit,
2437 3483 2558 3540 ego,
2576 3467 2691 3539 jam
2703 3483 2814 3522 non
2831 3482 2933 3538 ego
2954 3464 3098 3537 (Gal.
3120 3463 3205 3532 ιι).
3237 3481 3257 3515 s

1676 3563 1818 3630 Quid
1853 3577 1992 3634 ergo
2039 3560 2232 3618 vivis?
2264 3579 2284 3611 ι
2322 3557 2468 3613 Vivit
2498 3557 2554 3611 in
2597 3571 2708 3622 me,
2765 3555 2964 3625 inquit,
3012 3552 3272 3608 Christus

1674 3652 1893 3726 (1054.).
1906 3652 2013 3709 sAc
2035 3651 2081 3707 si
2105 3657 2291 3722 aperte
2311 3648 2491 3704 dicat:
2517 3645 2720 3700 Malitia
2732 3643 2882 3714 prior
2892 3658 2954 3698 es
2964 3641 3160 3697 stincta
3186 3648 3272 3695 est

1673 3747 1732 3803 in
1761 3762 1870 3813 me,
1911 3754 1966 3802 et
1997 3743 2202 3810 Christi
2250 3740 2424 3813 gratia
2466 3737 2602 3794 vivit
2638 3736 2695 3792 in
2716 3750 2824 3792 me.
2850 3733 2971 3790 Non
3001 3733 3126 3788 vivo
3145 3747 3265 3787 ma—

1673 3840 1784 3906 lus,
1809 3839 1902 3894 sed
1926 3837 2052 3892 vivo
2068 3835 2439 3892 Christianus.
2455 3831 2740 3901 Abnegare
2757 3841 2888 3884 vero
2908 3825 3159 3898 preprias
3179 3839 3270 3880 res

1677 3939 1890 3987 tantum
1915 3937 2000 3986 est
2039 3927 2427 4000 perfecturum,
2481 3923 2599 3994 qui,
2627 3921 2916 3992 implentes
2944 3935 3054 3974 non
3088 3917 3266 3973 solum

1675 4034 1966 4096 praecepta,
1996 4021 2088 4078 sed
2105 4020 2273 4076 etiam
2297 4016 2526 4074 consilia
2549 4014 2755 4070 Christi
2768 4012 3000 4069 dicentis
3020 4030 3034 4066 :
3065 4030 3081 4062 ι
3105 4009 3163 4065 Si
3185 4010 3270 4066 vis

1683 4116 1958 4190 perfectus
1979 4129 2123 4181 esse,
2159 4112 2313 4178 vade,
2367 4122 2423 4166 et
2444 4109 2514 4164 da
2555 4123 2680 4179 quae
2714 4106 2884 4162 habes
2913 4104 3268 4175 pauperibus,

1676 4219 1733 4266 et
1772 4209 1920 4276 veni,
1964 4220 2194 4278 sequere
2233 4219 2322 4260 me
2367 4200 2587 4272 (Matth.
2641 4216 2677 4255 ι
2707 4199 2762 4269 ),
2796 4217 2816 4252 ι
2861 4197 3048 4254 omnia
3099 4196 3270 4252 relin-

1681 4310 1880 4374 quunt,
1924 4307 1980 4355 et
2016 4299 2221 4354 nudum
2261 4294 2544 4351 Christum
2596 4291 2730 4347 nudi
2791 4295 3116 4360 sequuntur.
3164 4287 3271 4342 Te-

1684 4409 1881 4450 nemur
1933 4391 2152 4462 quidem
2189 4405 2257 4444 ex
2303 4387 2583 4453 mandato,
2622 4382 2822 4438 fratres
2853 4381 2959 4436 mei
2995 4421 3012 4447 ,
3075 4395 3269 4436 omnes

1681 4495 1796 4542 tam
1825 4483 2048 4556 perfecti
2074 4497 2238 4553 quam
2285 4477 2590 4551 imperfecti
2628 4475 2980 4547 cupiditatem
3018 4479 3073 4528 et
3114 4486 3268 4526 amo-

1682 4595 1795 4634 rem
1819 4578 2120 4647 abnegare;
2153 4574 2248 4631 sed
2276 4574 2424 4644 ipsas
2457 4587 2548 4626 res
2581 4570 2893 4639 relinquere
2922 4582 2986 4621 ex
3014 4563 3273 4618 mandato

1681 4688 1792 4728 non
1821 4680 2089 4736 tenemur,
2118 4667 2213 4724 sed
2239 4683 2308 4722 ex
2351 4664 2583 4721 consilio
2615 4662 3006 4724 admonemur,
3035 4672 3099 4712 eo
3123 4654 3272 4725 quod

1681 4771 2013 4820 exoneratus
2040 4769 2096 4816 et
2120 4759 2302 4814 nudus
2341 4755 2517 4826 magis
2568 4752 2854 4822 expeditus
2905 4748 2973 4804 sit
3014 4747 3082 4800 ad
3127 4745 3270 4798 viam

1682 4850 2306 4927 percurrendam.-Cum
2355 4861 2522 4904 onere
2558 4843 2760 4914 quippe
2790 4853 2986 4896 cursor
3020 4850 3265 4927 nonpo-

1679 4923 1788 5005 test
1812 4948 1952 5002 bene
1982 4958 2204 5001 currere
2235 4983 2251 5008 ,
2302 4954 2406 4994 nec
2450 4943 2671 4992 natator
2701 4932 2839 4987 bene
2885 4936 3093 4983 natare.
3137 4923 3274 5008 Hinc

1669 5039 1885 5106 Paulus
1906 5056 1920 5092 :
1953 5056 1972 5088 ι
1993 5034 2184 5090 Omnis
2205 5005 2300 5103 qui
2327 5030 2382 5084 in
2410 5041 2584 5100 agone
2610 5019 2992 5086 contendit,ab
3015 5005 3273 5071 omnibus

1675 5105 1736 5190 se
1781 5130 2018 5188 abstinet
2056 5126 2111 5198 (Ι
2133 5125 2258 5180 Cor.
2296 5120 2396 5188 ix).
2431 5139 2450 5171 ι
2491 5117 2554 5172 Et
2589 5134 2602 5171 :
2632 5135 2650 5167 ς
2680 5112 2852 5168 Nemo
2887 5109 3128 5165 militans
3163 5105 3275 5160 Deo

1676 5224 1918 5294 implicat
1931 5235 1992 5278 se
2018 5217 2254 5290 negotiis
2279 5211 2636 5281 saecularibus
2685 5205 2773 5280 (II
2808 5203 2945 5260 Tim.
2968 5203 3053 5294 n).
3071 5220 3101 5294 _i
3134 5199 3273 5254 Dum

1676 5292 1826 5373 enim
1871 5313 1925 5366 in
1972 5308 2060 5364 via
2094 5306 2259 5377 hujus
2289 5302 2478 5358 mundi
2501 5301 2703 5366 simus,
2742 5312 2867 5354 cum
2905 5292 3125 5350 diabolo
3151 5305 3272 5346 cer-

1678 5416 1864 5463 tamen
1893 5404 2181 5468 habemus,
2210 5397 2306 5469 qui
2337 5395 2474 5451 nihil
2516 5391 2759 5466 possidet
2792 5390 2848 5444 in
2883 5389 2990 5444 hoc
3034 5383 3264 5440 munde.

1680 5497 1825 5553 Nudi
1888 5509 2020 5567 ergo
2071 5493 2341 5548 luctcmur
2399 5502 2527 5543 cum
2589 5483 2738 5540 nudo
2787 5497 2802 5535 :
2866 5495 2995 5536 nam
3060 5476 3108 5532 si
3141 5566 3147 5567 γ
3175 5489 3268 5528 ve-

1679 5591 1842 5648 stitus
1890 5566 2016 5659 quis
2071 5599 2198 5640 cum
2247 5581 2396 5637 nudo
2455 5580 2712 5643 luctetur,
2775 5572 2933 5630 facile
2986 5566 3270 5659 dej’icitur,

1685 5685 1815 5756 quia
1845 5657 2011 5738 habet
2038 5679 2183 5735 unde
2239 5683 2510 5732 teneatur.
2537 5671 2854 5740 Propterea,
2893 5663 3087 5718 fratres
3131 5657 3233 5710 mei
3257 5697 3272 5720 ,

1685 5774 2071 5846 impedimenta
2097 5783 2282 5831 rerum
2304 5763 2687 5837 temporalium
2709 5757 3056 5837 abjiciamus,
3089 5766 3156 5804 ne
3179 5763 3276 5818 ιιι-ιι

1685 5883 1748 5924 ea
1774 5864 1969 5925 tentati
1994 5879 2026 5919 a
2056 5861 2274 5920 diabolo
2294 5856 2715 5932 pimcipitemur,
2739 5850 2868 5904 vela
2899 5860 3062 5912 cursu
3088 5850 3277 5896 nostro
