3844 6318
547 389 690 448 1535

1828 361 2179 423 RADULPHI
2217 354 2572 416 ARDENTIS

3633 351 3729 407 im

545 500 915 561 retardemur.
940 495 1223 564 Abuegarc
1235 502 1363 545 vero
1381 481 1655 557 propriam
1669 478 2001 535 voluntatem
2019 491 2145 547 per-
2172 481 2217 538 Α
2255 487 2368 538 mo,
2396 469 2492 524 sed
2523 475 2704 564 tamen
2729 479 2824 536 per
2848 462 3303 564 indiscretionem
3328 475 3444 515 eam
3461 461 3548 516 sibi
3559 463 3731 564 inutilem

546 593 820 650 factorum
843 597 964 656 est,
1002 585 1098 656 qui
1139 598 1247 638 non
1283 579 1461 637 solum
1491 573 1714 646 propria
1753 571 1885 626 vitia
1911 577 1967 624 et
2013 583 2142 639 pro-

546 685 698 758 prias
715 698 825 751 res,
839 681 935 739 sed
949 679 1114 736 etiam
1131 673 1380 747 proprias
1391 670 1698 726 voluntates
1708 665 1912 758 abnego
1919 669 1998 726 nt,
2013 659 2144 758 sub:

547 749 744 834 dentes
842 771 1102 830 mandato
1121 761 1424 836 spiritualis
1453 759 1646 830 patris,
1669 764 1726 812 et
1741 754 1856 826 iam
1873 768 1980 810 non
1995 749 2144 820 quod

551 872 657 942 ipsi
693 870 1010 930 voluerunt,
1056 859 1150 918 sed
1184 856 1332 929 quod
1363 855 1481 925 ipse
1506 846 1868 942 praeceperit,
1917 843 2160 942 faciant.

550 939 760 1018 Diones
779 958 1000 1031 quidem
1023 963 1294 1014 tenemur,
1329 945 1527 1002 fratres
1551 943 1681 1010 mei,
1706 939 1882 996 malas
1895 940 2149 994 reuma--

550 1053 958 1122 tesabnegare;
989 1045 1086 1102 sed
1109 1051 1166 1099 et
1190 1041 1282 1098 isti
1319 1040 1487 1096 etiam
1516 1052 1647 1095 suas
1677 1035 1852 1091 bonas
1887 1031 2147 1088 volunta-

554 1156 638 1201 tes
661 1145 954 1214 abnegant,
969 1149 1030 1195 ut
1035 1137 1150 1208 iam
1173 1136 1447 1191 deczelero
1460 1145 1636 1202 neque
1654 1129 1820 1184 etiam
1836 1140 2015 1193 orare,
2046 1138 2145 1179 ue-

557 1254 665 1309 que
675 1237 945 1309 ieiunare,
965 1246 1142 1302 neque
1162 1229 1404 1300 aliquam
1425 1227 1624 1282 bonam
1634 1223 1974 1292 voluntatem
1989 1233 2146 1274 suam

553 1331 756 1398 facere,
795 1327 903 1383 nisi
941 1327 1096 1397 iuxta
1133 1320 1421 1378 arbitrium
1469 1327 1525 1374 et
1569 1317 1905 1373 voluntatem
1936 1310 2150 1368 abbatis

555 1421 640 1476 sui
670 1427 896 1492 queant,
935 1415 1115 1472 effecti
1157 1412 1470 1485 spirituales
1499 1409 1630 1466 Jesu
1669 1406 1874 1464 Christi
1911 1405 2152 1460 imitato-

557 1529 666 1581 res,
687 1512 785 1584 qui
814 1511 882 1566 de
903 1509 1084 1580 seipse
1108 1507 1185 1565 ait
1212 1524 1227 1562 :
1263 1526 1283 1558 ι
1311 1503 1431 1560 Non
1457 1503 1580 1559 veni
1617 1510 1680 1556 ut
1716 1500 1916 1558 faciam
1957 1497 2153 1554 volun-

556 1615 722 1661 tatem
763 1620 966 1670 meam,
1027 1603 1124 1658 sed
1172 1601 1508 1657 voluntatem
1553 1597 1675 1669 ejus
1723 1595 1819 1667 qui
1869 1593 2022 1649 misit
2063 1607 2154 1648 tne

558 1699 740 1769 (lam.
783 1698 882 1768 iv).
919 1715 944 1749 ι
967 1696 1036 1751 Et
1057 1696 1205 1768 quis,
1231 1693 1429 1749 fratres
1450 1693 1578 1759 mei,
1625 1691 1822 1746 melius
1858 1696 2040 1759 posset
2070 1685 2153 1743 fa-

557 1805 684 1846 cere
721 1790 1061 1845 voluntatem
1111 1803 1268 1842 suam
1317 1801 1500 1856 quam.
1543 1784 1632 1839 ille
1687 1781 1850 1852 cuius
1894 1781 2150 1836 voluntas

557 1896 778 1951 semper
811 1880 1018 1952 optima
1045 1887 1151 1946 est,
1196 1887 1253 1934 et
1297 1877 1392 1948 qui
1423 1890 1638 1946 semper
1667 1874 1810 1930 idem
1865 1873 1982 1930 vult
2021 1887 2149 1928 cum

558 1971 752 2028 Patre?
772 1971 1032 2028 Attamen
1048 1972 1165 2042 ipse
1193 1970 1326 2027 dicit
1373 1985 1433 2024 se
1474 1985 1582 2024 non
1623 1983 1804 2034 suam,
1845 1965 1940 2021 sed
1971 1965 2154 2021 Patris

565 2063 750 2118 facere
808 2069 868 2118 et
911 2077 1158 2134 querere
1211 2062 1589 2126 voluntatem,
1641 2068 1700 2114 ut
1752 2063 2151 2114 demonstraret

561 2156 723 2213 nobis
756 2156 930 2210 multo
955 2156 1133 2227 magis
1168 2171 1288 2222 nos,
1326 2155 1420 2226 qui
1449 2153 1763 2224 frequenter
1797 2152 1973 2207 malas
2005 2151 2154 2220 cogi-

558 2248 795 2305 tationes
817 2248 1104 2315 habemus,
1138 2264 1247 2302 non
1290 2247 1490 2302 debere
1537 2254 1778 2311 nostras,
1823 2245 1920 2300 sed
1973 2243 2155 2314 potius

562 2339 868 2411 spiritualis
891 2340 1067 2411 patris
1097 2339 1270 2396 nostri
1305 2349 1361 2396 ct
1398 2352 1646 2410 qutererc
1673 2346 1728 2394 et
1762 2336 1941 2393 facere
1961 2336 2157 2391 volun-

556 2438 720 2488 tates.

631 2523 951 2592 Secundo,‘
987 2525 1234 2596 praecipit
1286 2524 1551 2580 Dominus
1607 2534 1668 2579 ut
1713 2523 1810 2594 qui
1867 2523 2158 2594 abnegavit

559 2617 940 2689 semetipsum,
974 2618 1104 2690 quia
1136 2619 1242 2674 hoc
1267 2633 1377 2672 non
1419 2617 1639 2684 sufficit,
1683 2617 2030 2689 aggrediatur
2076 2617 2158 2671 la-

561 2710 749 2766 borem
774 2711 1072 2778 virtutum,
1103 2725 1231 2767 cum
1267 2710 1480 2766 subdit:
1518 2709 1694 2764 Tollat
1731 2726 1941 2764 crucem
1977 2725 2152 2764 ruant.

558 2799 734 2866 Crux,
773 2799 974 2856 fratres
1003 2801 1134 2869 mei,
1186 2800 1344 2856 labor
1373 2809 1428 2856 et
1458 2809 1789 2855 tormentum
1818 2808 1922 2856 est.
1954 2798 2158 2854 Praeci-

561 2889 747 2954 pimur
775 2889 943 2960 igitur
976 2905 1196 2946 crucem
1232 2899 1477 2946 nostram
1517 2890 1736 2957 tollere,
1770 2890 1825 2945 id
1871 2898 1958 2946 est
2003 2889 2174 2944 labo-

563 2997 678 3036 rem
735 2992 791 3038 et
841 2992 1178 3040 tormentum
1233 2985 1499 3040 virtutum
1555 2984 2016 3056 acquirendarum
2073 2985 2156 3040 vel

561 3089 658 3144 per
689 3090 791 3131 nos
837 3078 1123 3146 spontanei
1168 3093 1472 3143 assumere,
1505 3079 1590 3132 vel
1618 3093 1714 3148 per
1743 3078 1882 3134 alios
1930 3078 2156 3149 imposi-

2245 563 2500 628 mddunt,
2539 559 2671 615 dum
2715 573 2810 629 per
2844 555 3038 613 falsam
3081 553 3340 625 pietatem
3384 568 3541 624 usque
3569 555 3622 608 ad
3645 573 3734 613 coa-

2244 653 2685 713 descendendum
2716 651 2864 707 vitiis
2893 667 2988 708 eos
3018 649 3269 705 inclinat.
3286 645 3585 719 Compassio
3604 653 3738 726 quippe

2246 748 2480 815 homini,
2509 754 2568 803 et
2587 745 2858 802 rectitude
2887 744 3032 800 vitiis
3053 742 3304 808 debetur,
3329 741 3456 796 utin
3481 757 3574 797 uno
3593 745 3740 802 eodem,

2245 857 2355 913 que
2383 840 2604 896 homine
2650 848 2708 894 et.
2745 838 3038 910 diligamus
3064 837 3273 892 bonum
3319 834 3466 905 quod
3501 833 3740 908 factumet,

2247 945 2302 991 et
2327 947 2722 1006 persequamur
2756 932 2900 986 mala
2922 945 3047 1003 qua:
3076 927 3228 984 fecit.
3261 925 3342 983 Ne
3367 926 3497 981 dum
3520 929 3664 999 culpas
3688 933 3744 987 in.

2249 1036 2408 1084 caute
2434 1025 2791 1091 remittimus,
2818 1041 2928 1078 non
2955 1025 3069 1094 iam
3097 1038 3195 1093 per
3228 1020 3544 1076 eharitatem
3569 1027 3746 1094 mapali,

2250 1121 2345 1177 sed
2386 1136 2484 1191 per
2530 1118 2920 1189 negligentiam
2965 1115 3275 1171 concidisse
3328 1113 3612 1168 videamur.
3651 1113 3749 1169 llulti

2249 1213 2470 1286 quidem
2520 1227 2739 1268 crucem
2789 1209 3108 1280 passionum
3164 1215 3223 1262 et
3279 1193 3513 1276 corpore
3550 1212 3595 1258 et
3628 1207 3751 1262 animo

2250 1314 2495 1378 portant,
2551 1315 2613 1361 ut
2668 1304 2900 1377 gentiles
2945 1312 3002 1360 et
3043 1299 3384 1374 philosophi,
3428 1297 3654 1355 sedlianc
3688 1299 3755 1354 sibi

2253 1399 2499 1456 inutilem
2531 1398 2782 1461 reddunt.
2808 1398 2938 1452 dum
2969 1412 3079 1452 non
3110 1411 3211 1467 pro
3252 1393 3523 1450 cbaritate
3558 1401 3603 1447 et
3634 1392 3756 1447 imita-

2254 1489 2401 1546 tione
2424 1489 2653 1556 Christi,
2685 1490 2786 1545 sed‘
2814 1497 3030 1544 tantum
3066 1503 3170 1559 pro
3216 1487 3465 1542 vanitate
3494 1484 3762 1556 philosophia

2254 1600 2369 1641 sua:
2415 1599 2538 1639 eam
2580 1582 2784 1640 ferunt.
2832 1582 2890 1638 Si
2935 1597 3089 1653 ergo,
3134 1580 3338 1636 fratres
3361 1579 3492 1646 mei,
3520 1578 3608 1633 has
3632 1595 3764 1633 cruces

2254 1677 2414 1732 nobis
2445 1675 2626 1733 facere
2652 1677 2932 1743 volumus,
2966 1690 3062 1746 per
3091 1690 3190 1730 eas
3212 1672 3500 1728 Christum
3529 1687 3763 1742 sequamur,

2254 1778 2317 1825 ut
2373 1769 2623 1825 videlicet
2681 1776 2736 1824 ct
2796 1769 2850 1823 in
2907 1782 3073 1824 cruce
3116 1764 3501 1837 castigationis
3553 1780 3768 1835 sequamur

2185 1835 2224 1890 Β
2253 1861 2534 1918 Christum
2601 1862 2924 1930 intentione,
2981 1871 3038 1918 et
3101 1863 3157 1916 in
3223 1835 3395 1916 cruce
3455 1858 3772 1930 eompassionis

2254 1971 2552 2026 sequamur
2577 1955 2926 2012 discretionis
2968 1954 3322 2020 rectitudine,
3363 1961 3421 2008 et
3460 1953 3514 2008 in
3539 1969 3772 2024 erumper-

2255 2047 2603 2104 secutionum
2652 2064 2952 2119 sequamur
2987 2048 3274 2104 Christum
3307 2088 3324 2112 ,
3379 2056 3613 2101 causaet
3649 2047 3774 2102 imita-

2254 2140 2422 2197 tione.

2328 2230 2592 2303 Sequitur
2625 2247 2755 2302 pars
2779 2231 3046 2298 secunda,
3078 2230 3133 2286 in
3153 2245 3268 2300 qua
3297 2231 3626 2285 demonstrat
3651 2227 3778 2282 Domi-

2256 2339 2362 2380 nus
2414 2325 2488 2380 ob
2527 2340 2694 2396 quam
2741 2340 2968 2380 causam
3030 2323 3249 2379 animas
3314 2331 3539 2377 nostras
3578 2322 3779 2376 etomriia

2257 2417 2578 2487 temporalia
2600 2427 2822 2489 propter
2845 2433 2972 2474 eum
2991 2432 3196 2488 ponere
3217 2415 3548 2482 debeamus,
3568 2431 3672 2469 cum
3693 2414 3782 2468 sub-

2256 2507 2337 2563 dit
2368 2525 2382 2561 :
2421 2508 2528 2576 Qui
2555 2510 2693 2565 enim
2717 2509 2944 2564 voluerit
2965 2509 3204 2563 animam
3240 2523 3403 2562 suam
3429 2505 3621 2560 saluam
3645 2506 3782 2576 fatue,

2255 2602 2435 2673 perdet
2457 2619 2598 2658 eam.
2634 2601 2702 2656 Et
2727 2603 2817 2673 qui
2845 2601 3138 2672 perdiderit
3177 2601 3426 2655 animant
3454 2615 3600 2653 suam
3633 2607 3786 2667 propter

2259 2710 2359 2761 me,
2403 2694 2608 2749 salvam
2648 2694 2810 2764 faciet
2838 2710 2975 2748 eam.
3017 2691 3176 2748 Sicut
3217 2699 3354 2748 sunt
3397 2689 3524 2746 duae
3555 2690 3677 2745 vinas
3706 2689 3787 2744 ani-

2259 2806 2383 2856 mae,
2432 2787 2768 2844 sensualitas
2806 2787 3014 2842 scilicet
3041 2801 3209 2856 quam
3255 2785 3447 2843 anima
3477 2800 3569 2855 per
3602 2783 3793 2839 ofﬁcinas

2258 2879 2508 2952 corporis
2533 2887 2771 2946 exercet,
2801 2886 2857 2934 et
2885 2877 3047 2945 ratio,
3088 2877 3163 2932 ita
3190 2885 3324 2933 sunt
3357 2876 3485 2931 dua).
3530 2875 3794 2931 salvationes

2257 2985 2314 3030 et
2361 2973 2697 3046 perditiones
2739 2971 2861 3041 ejus
2910 2987 2923 3023 :
2961 2985 3073 3026 una
3110 2968 3372 3024 videlicet
3419 2967 3730 3037 temporalis,
3762 2981 3799 3020 ei

2260 3069 2429 3124 altera
2464 3075 2690 3122 aeterna.
2719 3061 2788 3117 Et
2818 3060 3137 3132 temporalis
3177 3059 3409 3130 quidem
3459 3059 3646 3114 ammte
3663 3058 3800 3112 salva-

560 3173 680 3220 tum
710 3176 990 3238 gratanter
1012 3170 1302 3226 sustinere.
1336 3170 1537 3226 Tribus
1574 3171 1777 3241 quippe
1806 3171 1986 3226 modis
2024 3186 2152 3226 cru-

2261 3162 2337 3216 tio
2359 3168 2464 3226 est,
2501 3157 2724 3228 quando
2777 3155 2904 3226 quis
2958 3153 3079 3224 ejus
3137 3151 3632 3208 seusualitatemet
3678 3151 3805 3204 rium

559 3271 680 3311 cem
714 3258 976 3326 tollimus,
1008 3261 1091 3315 vel
1125 3276 1251 3316 cum
1286 3275 1382 3331 per
1414 3259 1801 3316 abstinentiam
1825 3271 1881 3316 et
1923 3261 2159 3332 castiga—

563 3348 766 3405 tionem
812 3365 1012 3421 corpus
1059 3362 1309 3408 nostrum
1359 3353 1691 3424 adtigimus,
1749 3353 1830 3407 vel
1881 3367 2006 3408 cum
2061 3369 2161 3424 per

560 3443 1000 3513 compassionem
1050 3446 1284 3515 proximi
1336 3462 1492 3501 mens
1532 3453 1720 3501 nostra
1764 3444 2016 3512 ailicitur,
2073 3446 2158 3501 vel

561 3552 687 3591 cum
721 3537 886 3593 illata:
911 3554 941 3593 a
971 3539 1418 3609 persecutoribus
1451 3537 1666 3607 iniuria:
1694 3553 1927 3609 corpore
1960 3547 2015 3593 et
2037 3538 2158 3593 aui-

563 3644 654 3683 rno
699 3629 968 3698 patienter
1001 3631 1383 3694 sustinentur:
1420 3630 1471 3684 in
1491 3629 1691 3700 primo,
1722 3630 1982 3685 virtutem
2027 3630 2156 3685 abs-

562 3720 808 3776 tinentiae
891 3731 946 3776 et
1001 3723 1378 3790 continentiae;
1445 3723 1498 3777 in
1560 3723 1834 3789 secundo,
1901 3723 2155 3777 virtutem

560 3815 850 3870 charitatis
894 3825 949 3870 et
978 3815 1396 3882 misericordiae;
1441 3816 1494 3869 in
1543 3816 1726 3881 tertio,
1758 3817 2012 3871 virtutem
2043 3815 2158 3871 for-

561 3907 812 3964 titudinis
863 3918 918 3963 et
953 3908 1227 3979 patientiae
1265 3918 1684 3980 consequentes.
1734 3907 1973 3962 Primam
2028 3923 2158 3963 cru-

563 4017 683 4058 cem
720 4002 1061 4058 demonstrat
1119 4017 1178 4058 sc
1227 4001 1428 4058 Doctor
1470 4002 1712 4074 gentium
1761 4010 2002 4072 portare,
2031 4015 2158 4055 cum

559 4093 731 4148 dicit:
775 4111 793 4144 ‹
829 4093 1052 4165 Castigo
1088 4108 1292 4165 corpus
1317 4103 1608 4161 meum,et
1631 4094 1684 4147 in
1718 4094 2035 4148 servitutem
2074 4108 2160 4148 re-

559 4185 688 4257 digo
715 4186 766 4256 (Ι
788 4185 910 4242 Cor.
934 4189 1032 4257 rx).
1059 4206 1076 4238 ι
1101 4185 1408 4242 S’ccundam
1434 4201 1562 4240 vero
1584 4188 1927 4242 demonstrat
1949 4201 2007 4240 sc
2031 4201 2161 4256 por-

561 4290 680 4337 tare
702 4295 828 4334 cum
863 4279 998 4334 dicit
1026 4297 1040 4334 :
1080 4299 1098 4330 ι
1133 4277 1270 4345 Quis
1303 4279 1635 4343 infirmatur,
1661 4286 1716 4332 et
1736 4291 1838 4348 ego
1871 4293 1979 4332 non
2007 4277 2162 4330 infir-

562 4371 728 4427 mor?
769 4390 786 4422 ι
827 4370 917 4443 (Il
947 4371 1072 4427 Cor.
1106 4372 1214 4442 xi.)
1247 4371 1488 4425 Tertiam
1531 4383 1664 4424 vero
1715 4370 2058 4425 demonstrat
2097 4383 2161 4424 se

562 4462 706 4519 ferre
740 4479 867 4517 cum
916 4463 1048 4520 dicit
1093 4481 1107 4518 :
1156 4482 1176 4514 ‹
1219 4461 1444 4516 Gaudeo
1495 4475 1641 4515 nunc
1693 4460 1748 4514 in
1805 4460 2160 4530 passionihus

561 4571 663 4627 pro
687 4556 861 4622 vobis,
889 4565 942 4610 et
971 4555 1245 4624 adimpleo
1272 4569 1395 4623 quae
1419 4553 1618 4607 desunt
1657 4567 1976 4623 passzonum
2005 4552 2164 4606 Chri-
2191 4533 2241 4592 ί)
2267 4561 2420 4599 suam
2467 4552 2682 4613 propter
2711 4559 2812 4606 me,
2853 4541 3059 4595 saluam
3092 4541 3254 4609 faciet
3280 4557 3428 4594 eam.
3461 4539 3643 4607 Quasi
3673 4533 3841 4627 dicati"

561 4650 630 4703 sti
666 4648 718 4702 in
747 4664 913 4703 carne
953 4663 1072 4702 mea
1117 4645 1257 4717 (Col.
1297 4645 1357 4714 r).
1400 4665 1418 4696 ›
1455 4643 1560 4700 Sed
1608 4661 1727 4711 nec,
1775 4645 1973 4700 fratres
2029 4645 2156 4711 mei,

562 4741 666 4795 ista
730 4741 988 4811 cuiquam
1050 4738 1352 4805 sufﬁciunt,
1416 4737 1523 4792 nisi
1556 4747 1612 4792 et
1672 4737 1892 4792 tertium
1927 4737 2161 4792 addatur

561 4834 710 4906 quod
762 4833 1047 4904 subiungit
1091 4830 1378 4897 Dominus,
1433 4840 1486 4886 et
1545 4842 1798 4902 sequatur
1852 4847 1953 4884 me.
2005 4829 2158 4884 Multi

561 4928 766 5000 quippe
787 4942 1006 4982 crucem
1045 4924 1390 4979 abstinentize
1438 4935 1493 4979 et
1539 4923 1918 4996 castigationis
1951 4922 2155 4990 ferunt,

562 5019 656 5076 sed
684 5028 865 5072 tamen
909 5032 1007 5086 per
1049 5016 1407 5071 intentionem
1459 5031 1613 5072 vana:
1646 5017 1834 5088 gloriae
1875 5031 1994 5070 eam
2055 5015 2158 5072 sibi

565 5109 815 5167 inutilem
846 5106 1100 5162 reddunt.
1149 5106 1299 5174 Quos
1345 5107 1483 5162 bene
1533 5105 1726 5160 Simon
1772 5105 1862 5160 ille
1889 5105 2165 5177 significat

564 5201 684 5272 qui,
722 5201 978 5255 inventus
1003 5200 1058 5255 in
1086 5200 1301 5268 itinere,
1347 5215 1568 5256 crucem
1598 5198 1814 5253 Domini
1852 5197 1904 5252 in
1936 5198 2161 5270 angaria

563 5301 749 5366 portat
781 5290 996 5362 (Matth.
1029 5292 1222 5364 xxv"),
1249 5291 1380 5364 quia
1432 5306 1561 5347 cum
1595 5289 1664 5344 ad
1692 5303 1832 5360 opus
1857 5289 2062 5344 bonum
2093 5305 2161 5344 ex

564 5394 707 5444 Dona
739 5385 1017 5441 voluntate
1063 5387 1266 5457 aliquis
1317 5399 1428 5439 non
1473 5382 1722 5450 ducitur,
1771 5397 1990 5438 crucem
2026 5381 2162 5453 iusti

564 5477 684 5536 sine
731 5475 913 5534 fructu
957 5485 1215 5551 peccator
1261 5483 1542 5548 operatur.
1575 5473 1731 5531 Unde
1777 5475 1918 5530 idem
1969 5474 2160 5529 Simon

562 5587 783 5629 crucem
831 5580 1032 5644 portat,
1063 5572 1159 5628 sed
1190 5586 1302 5627 non
1331 5569 1585 5638 moritur,
1601 5570 1730 5642 quia
1764 5569 1991 5642 gloriosi
2034 5569 2164 5626 abs-

565 5665 803 5726 tinentes
866 5681 963 5736 per
991 5663 1380 5721 abstinentiam
1417 5663 1639 5735 quidem
1670 5677 1875 5734 corpus
1899 5661 2162 5730 alliciunt,

565 5760 658 5816 sed
713 5775 811 5830 per
865 5757 1200 5817 destderium
1249 5773 1405 5814 vana:
1459 5756 1647 5828 gloria:
1688 5755 1896 5811 mundo
1947 5756 2158 5810 vivunt.

565 5851 719 5908 Multi
750 5866 970 5923 quoque
1001 5866 1220 5908 crucem
1273 5849 1677 5923 compassionis
1720 5848 1901 5906 ferunt
1959 5847 2013 5904 in
2043 5846 2162 5904 ani-

2263 3250 2537 3306 carnalem
2575 3247 2716 3303 bene
2761 3245 3022 3312 custodit,
3047 3260 3170 3299 eam
3202 3244 3348 3299 bene
3389 3243 3676 3314 pascendo,
3705 3242 3810 3295 bene

2264 3339 2522 3410 potando,
2546 3338 2685 3393 bene
2728 3335 3029 3402 vestiendo,
3057 3334 3292 3404 eiusque
3331 3333 3608 3389 desiderio
3635 3327 3812 3385 satida-

2262 3431 2485 3497 ciendo;
2517 3445 2640 3486 eam
2669 3443 2773 3484 nec
2799 3435 2966 3482 etiam
2993 3440 3093 3497 pro
3123 3424 3351 3480 Christo
3377 3440 3583 3496 ponere
3605 3423 3812 3477 voieudo.
3842 3407 3844 3422 ³

2262 3523 2367 3591 Qui
2395 3523 2475 3580 sic
2518 3523 2638 3579 vult
2681 3522 2926 3577 animam
2989 3535 3149 3576 suam
3199 3518 3422 3578 salvare
3475 3519 3844 3591 temporalium

2263 3617 2453 3689 procul
2503 3616 2673 3672 dubio
2699 3614 2889 3686 perdet
2940 3629 3061 3668 eam
3119 3611 3479 3667 mternaliter.
3506 3609 3705 3666 Idcirco
3727 3626 3818 3662 vero

2264 3715 2582 3786 temporalis
2610 3713 2810 3768 anima:
2836 3719 2941 3777 est,
2977 3709 3203 3780 quando
3243 3707 3424 3765 fidelis
3457 3707 3822 3763 sensualth

2261 3820 2316 3865 et
2337 3809 2678 3880 corporalem
2744 3821 2900 3862 suam
2950 3804 3118 3860 vitam
3151 3801 3346 3872 allligit
3378 3799 3844 3880 lahoramlo,ieis-{

2265 3875 2467 3968 nando,
2522 3898 2867 3970 castigando,
2914 3894 3250 3966 cupiditates
3306 3902 3367 3948 et
3414 3894 3689 3948 desideria
3738 3875 3844 3970 eius}

2262 3993 2592 4060 cohibenda,
2622 4004 2698 4060 ct,
2723 3991 2770 4047 si
2796 3991 2951 4046 locus
2979 3988 3166 4055 fuerit,
3190 3987 3360 4042 etiam
3385 4001 3514 4040 eam
3533 4002 3635 4056 pm
3655 3984 3828 4040 Christo

2264 4085 2426 4140 morti
2473 4083 2816 4154 exponendo.
2844 4081 2950 4148 Qui
2999 4081 3083 4136 sic
3139 4079 3528 4151 temporaliter
3584 4077 3832 4148 perdiderit

2263 4176 2502 4230 animam
2527 4190 2684 4230 suam
2717 4181 2940 4243 propter
2963 4171 3272 4236 Christum,
3311 4170 3513 4240 procul
3562 4169 3725 4224 dubio
3755 4165 3832 4221 sal-

2265 4285 2386 4324 vam
2419 4284 2540 4324 eam
2571 4267 2734 4322 faciet
2758 4268 2811 4321 in
2834 4274 3122 4322 aeternum.
3155 4264 3248 4319 Sic
3269 4280 3405 4336 ergo
3430 4265 3605 4320 nobis
3636 4249 3838 4334 loquitur

2262 4357 2531 4412 Dominus
2550 4372 2674 4411 eum
2714 4355 2850 4410 dicit
2879 4372 2892 4410 ;
2926 4354 3034 4421 Qui
3059 4355 3284 4408 voluerit
3311 4356 3728 4409 animarum“:
3759 4346 3841 4405 id:

2263 4469 2381 4507 eam
2417 4453 2611 4522 facere,
2651 4449 2830 4520 perdet
2854 4465 2994 4504 eam.
3041 4447 3112 4503 Et
3156 4448 3246 4518 qui
3293 4448 3603 4517 perdiderit
3647 4447 3807 4500 enim

3771 4299 3844 4743 ἓ

3749 4778 3844 5018 ἓ

3743 5018 3844 5240 Ξ

3774 5700 3844 5797 εὖ

3793 5797 3844 5984 ἢ

2269 4634 2522 4705 agricolae
2551 4651 2566 4686 :
2597 4633 2957 4688 Frumentum
2983 4631 3030 4688 si
3059 4646 3250 4686 servas
3288 4631 3508 4700 perdis,
3547 4630 3599 4686 si

2270 4747 2524 4787 renovas.
2551 4728 2686 4784 Nam
2718 4728 2822 4784 nisi
2852 4729 3112 4798 perdatur
3147 4726 3201 4781 in
3231 4727 3490 4797 pulvere,
3518 4742 3630 4781 nec
3660 4723 3838 4798 renum;

2269 4833 2358 4878 tur
2389 4822 2444 4876 in
2473 4836 2673 4876 messe.
2705 4819 2798 4874 Sic
2828 4835 2962 4889 ergo
2985 4819 3304 4889 temporalis
3332 4819 3449 4872 vita
3483 4833 3689 4874 coutra
3716 4814 3841 4889 Ded;

2267 4914 2558 4980 custodita,
2585 4928 2694 4967 non
2726 4912 2968 4982 prodest,
3014 4911 3126 4966 imo
3159 4920 3344 4967 nocet.
3374 4909 3530 4982 Ergo
3577 4912 3781 4965 multo:

2265 5006 2349 5076 gis
2380 5004 2702 5075 temporalia
2729 5005 2884 5059 lucra
2914 5010 3136 5073 propter
3153 5017 3276 5057 eam
3313 5001 3468 5057 facta
3490 5013 3700 5057 contra
3719 5001 3811 5052 De:

2273 5114 2382 5153 non
2422 5104 2674 5168 prosunt,
2711 5095 2824 5150 imo
2848 5097 3080 5150 multum
3102 5103 3320 5150 nocent.
3352 5093 3426 5149 Et
3467 5096 3583 5152 hoc
3619 5104 3708 5150 est
3743 5103 3811 5161 qni

2268 5189 2554 5260 subiungit
2601 5206 2616 5242 :
2662 5187 2806 5253 Quid
2849 5189 2989 5242 enim
3029 5187 3244 5257 prodest
3277 5186 3494 5240 homini
3551 5188 3610 5241 si

2267 5291 2436 5337 totum
2461 5278 2738 5355 mundum,
2763 5296 2817 5333 se
2849 5289 3030 5334 autem
3059 5278 3245 5350 perdat
3281 5289 3333 5334 et
3370 5279 3768 5334 detrimentum

2265 5375 2480 5446 faciat?
2506 5371 2913 5429 Persecutionis
2957 5381 3204 5442 tempore
3243 5373 3506 5442 ponenda
3535 5382 3638 5428 est
3679 5369 3841 5446 θείης

2265 5468 2418 5540 pacis
2447 5482 2578 5523 vero
2608 5475 2856 5536 tempore
2885 5464 3188 5536 frangenda
3212 5473 3298 5521 est
3324 5464 3624 5535 cupiditas
3655 5464 3835 5540 terra!

2263 5560 2404 5615 Cum
2464 5558 2776 5631 persecutio
2841 5558 2912 5614 ab
2973 5557 3316 5614 adversariis
3359 5558 3554 5625 deest,
3611 5567 3791 5612 tuncc

2265 5669 2484 5711 summa
2517 5651 2798 5724 vigilantia
2831 5667 2928 5708 cor
2950 5650 3378 5708 custodiendum
3406 5660 3517 5707 est.
3551 5649 3703 5704 Nam

2266 5762 2534 5823 tempore,
2592 5748 2721 5820 quia
2768 5747 2892 5804 iicet
2956 5747 3182 5814 vivere,
3230 5746 3362 5803 licet
3419 5747 3607 5803 etiam
3667 5738 3799 5798 andi

2267 5845 2441 5912 Quam
2473 5841 2856 5912 ambitionem,
2883 5838 3085 5912 fratres
3110 5839 3242 5908 mei,
3281 5839 3430 5897 bcne
3461 5835 3841 5907 restringwﬁ

3661 5187 3766 5239 latr
