3844 6318
53 345 146 410 l55'i

1102 340 1430 402 ΙΙΟΜΙΙΔΑΞ.
1471 373 1541 382 -
1579 342 1641 398 ll.
1684 342 1772 399 DE
1811 343 2121 403 SANCTIS.

3109 357 3252 417 1538

52 461 360 521 sibrevitatcm
386 457 509 514 vitae
535 472 750 529 semper
774 458 1118 514 meditemur.
1153 457 1336 529 Longa
1364 467 1552 514 nostra
1587 461 1628 518 Α
1662 460 1819 528 nulli,
1863 462 1967 516 soli
2008 460 2232 517 nomine
2249 459 2576 531 Christiani,
2605 465 2702 535 qui
2748 463 2865 521 sola
2906 466 3146 524 vlsibilia
3169 467 3252 525 di-

51 552 252 610 desideria
296 550 528 619 increpat
573 549 757 605 brevis
816 549 924 605 via.
982 550 1123 617 Quid
1171 551 1320 606 enim
1375 551 1552 621 magis
1653 553 1850 624 ligunt,
1889 554 2188 610 invisibilia
2229 569 2340 609 non
2372 564 2656 626 appetunt,
2683 557 2778 627 qui
2825 572 2931 614 nec
2977 575 3105 616 esse
3133 575 3255 616 crc-

49 647 221 702 stultum
263 656 433 712 quam,
484 641 837 699 decrescente
884 643 996 712 via,
1039 643 1300 700 viaticum
1329 659 1552 717 augere,

47 751 96 806 et,
116 736 443 794 deficientibus
463 736 680 804 diebus,
706 737 905 793 dictant
929 737 1332 808 multiplicare?

95 828 307 899 Sequitur
348 841 469 897 pars
505 825 688 894 tertia,
742 826 798 881 in
851 843 960 898 qua
999 826 1264 884 Dominus
1316 825 1559 882 minatur

47 919 156 993 quod
192 920 290 990 ipse
322 919 600 976 erubescet
634 919 688 974 in
738 917 925 976 futuro
960 935 1056 976 eos
1093 919 1188 990 qui
1225 919 1560 976 erubescunt

41 1029 135 1069 mm
163 1013 296 1083 sequi
315 1011 489 1079 modo,
519 1028 648 1068 cum
673 1012 956 1084 subjungit
981 1031 994 1066 :
1022 1013 1127 1078 Qui
1159 1029 1240 1068 me
1289 1013 1560 1070 erubuerit

42 1116 78 1160 et
113 1121 338 1159 sermones
389 1121 548 1170 meos,
593 1105 730 1159 hunc
781 1103 961 1159 Filius
1011 1104 1240 1159 hominis
1295 1104 1562 1160 erubescet

39 1210 126 1246 rum
151 1193 320 1246 renerit
350 1192 402 1246 in
437 1192 714 1261 majestate
759 1207 880 1259 sua,
922 1200 972 1245 et
997 1189 1206 1258 Patris,
1253 1201 1306 1246 et
1355 1199 1564 1248 sancto.

40 1303 124 1340 rum
164 1286 459 1358 anget'orum.
515 1285 629 1342 Hac
686 1286 954 1343 sententia
1001 1286 1277 1342 invehitur
1310 1285 1367 1342 in
1429 1301 1562 1352 nos,

37 1381 194 1436 fratres
237 1380 350 1446 mei,
396 1379 489 1449 qui
548 1379 765 1435 tametsi
816 1378 1098 1434 Christum
1161 1379 1397 1449 ejusque
1448 1394 1566 1440 ser-

37 1486 193 1526 mones
212 1485 295 1526 ore
314 1470 576 1536 confiteri,
612 1485 679 1525 eo
706 1471 856 1540 quod
891 1470 1071 1525 ett-teri
1122 1486 1250 1525 eum
1296 1469 1566 1526 confiten-

35 1574 119 1626 tur,
145 1578 240 1617 non
271 1561 659 1630 erubescimus,
686 1571 872 1617 tamen
912 1563 1162 1618 moribus
1208 1571 1263 1616 et
1289 1562 1396 1617 vita
1437 1577 1566 1616 eum

31 1657 240 1712 confiteri
288 1655 733 1712 verecundamur.
791 1654 1031 1726 Insignia
1097 1655 1299 1727 quippe
1362 1653 1568 1710 Christi

30 1768 128 1822 quze
155 1751 204 1804 in
234 1766 289 1806 se
311 1750 544 1806 ostendit
581 1759 638 1805 et
685 1751 809 1805 aliis
855 1749 1190 1819 praedicavit,
1223 1758 1353 1804 sunt
1381 1749 1564 1803 humi-

1653 646 1811 702 dunt.
1845 645 2000 713 Quos
2043 647 2222 704 sancti
2265 655 2536 735 martyres
2563 649 2767 720 quibus
2804 651 3252 718 solemnizamus,

1654 737 2016 809 redarguunt.
2071 735 2332 809 Nunquid
2371 739 2516 793 enim
2554 754 2614 794 se
2656 737 2731 794 ita
2761 747 3046 810 promptos
3087 739 3254 794 morti

1657 829 1968 898 traderent,
2037 829 2148 886 nisi
2198 830 2537 886 constitisset
2571 830 2654 886 eis
2704 845 2830 887 esse
2877 830 3046 886 vitam
3100 829 3255 886 futu-

1658 920 1812 976 ram?
1837 918 1905 974 Et
1929 935 2060 975 ecce
2081 920 2159 975 illi
2186 921 2285 990 qui
2321 921 2399 976 ita
2439 922 2809 987 crediderunt,
2843 931 2898 978 et
2937 923 3097 979 miris
3124 937 3256 994 ope—

1659 1012 1814 1068 ribus
1842 1012 2184 1080 eii‘ulserunt,
2237 1021 2294 1068 et
2341 1015 2543 1069 mortui
2599 1029 2720 1070 sese
2765 1015 2949 1070 vivere
2977 1015 3262 1070 miraculis

1661 1103 1920 1174 produnt.
1949 1103 2030 1159 Ad
2048 1103 2319 1159 exstincta
2349 1121 2585 1176 namque
2613 1121 2844 1177 corpora
2865 1121 3057 1161 eorum
3080 1106 3264 1161 viren-

1664 1203 1748 1250 tes
1779 1193 1910 1266 aegri
1939 1194 2189 1262 veniunt,
2225 1205 2280 1250 et
2321 1207 2618 1263 sanan-tur;
2661 1197 2865 1268 perjuri
2919 1199 3170 1264 veniunt,
3206 1205 3263 1252 et

1665 1288 1992 1346 adtemonio
2018 1296 2318 1357 vexantur;
2363 1290 2687 1345 daemoniaci
2739 1291 2988 1357 veniunt,
3019 1299 3075 1345 et
3125 1290 3263 1344 libe-

1665 1394 1882 1440 rantur.
1911 1382 2089 1448 Quam
2118 1382 2358 1454 gloriose
2412 1382 2576 1453 igitur
2603 1383 2791 1437 vivunt
2821 1383 2914 1437 ubi
2952 1382 3173 1438 vivunt!
3203 1381 3262 1436 Si

1667 1475 1722 1532 in
1751 1482 1833 1528 tot
1857 1473 2143 1528 miraculis
2169 1473 2364 1528 vivunt
2399 1474 2510 1541 hic,
2539 1474 2631 1529 ubi
2660 1474 2861 1528 mortui
2893 1475 3056 1530 sunt?
3078 1471 3262 1528 (Eter-

1669 1579 1798 1620 nam
1825 1564 1992 1635 igitur
2017 1563 2210 1629 vitam,
2235 1561 2454 1629 fratres,
2485 1565 2776 1619 credamus
2799 1565 3047 1632 firmiter,
3080 1579 3267 1635 spere-

1671 1673 1795 1712 mus
1847 1666 1903 1711 et
1952 1664 2308 1726 appetamus;
2364 1665 2589 1726 propter
2640 1673 2761 1712 eam
2807 1658 2993 1712 omnia
3045 1668 3266 1713 terrena

1672 1758 2126 1817 contemnamus,
2177 1749 2431 1804 carnales
2478 1749 2787 1818 voluptates
2842 1760 2897 1804 et
2958 1749 3271 1804 voluntates

31 1845 144 1908 Iitas,
174 1857 465 1913 paupertas,
517 1842 774 1913 ahjectio,
813 1842 1096 1912 patientia,
1144 1842 1351 1912 passio,
1381 1852 1435 1898 et
1461 1841 1568 1896 hu—
1601 1835 1644 1892 Β
1673 1849 1896 1896 nostras
1937 1841 2294 1912 abnegemus,
2319 1856 2540 1896 crucem
2585 1839 2792 1896 Christi
2837 1848 2892 1895 et
2935 1841 2988 1894 in
3034 1839 3270 1911 castiga-

21 1935 248 2003 jusmodi.
298 1933 427 1992 Cum
479 1935 664 2005 igitur,
707 1933 924 2001 fratres,
980 1934 1281 2000 humiliari,
1305 1948 1574 2006 pauperes

23 2027 134 2092 fieri,
173 2027 353 2097 abjici,
380 2028 675 2090 contemni,
719 2027 830 2098 pati
884 2037 1108 2098 propter
1141 2028 1428 2085 Christum
1455 2043 1578 2083 cru.

20 2120 280 2184 llt’SClIllllS,
316 2135 491 2175 nonne
537 2119 818 2175 Christum
845 2129 897 2176 et
934 2135 1222 2176 sermones
1271 2120 1392 2190 ejus
1449 2136 1578 2175 cru-

21 2211 309 2266 bescimus?
337 2209 390 2266 Si
421 2210 561 2267 forte
592 2226 718 2266 cum
750 2211 1000 2282 proximo
1042 2212 1286 2284 jurgium
1323 2210 1576 2279 fecimus,

19 2305 206 2368 priores
235 2300 544 2357 satisfacere
578 2303 1036 2368 vcrecumlamnr,
1065 2312 1120 2358 et
1140 2319 1266 2358 eum
1322 2313 1381 2358 ιιι
1431 2304 1578 2375 prior

22 2389 150 2443 nobis
200 2388 512 2457 satisfaciat,
555 2400 960 2460 exspectamus.
1010 2390 1081 2447 Ut
1134 2392 1266 2463 quid
1316 2393 1420 2448 hoc
1469 2405 1574 2460 est,

25 2482 245 2553 iisiqnia
303 2484 471 2556 magis
519 2484 780 2540 honorari
826 2501 993 2556 quam
1049 2485 1326 2541 lmmiliari
1375 2486 1576 2556 quseri-

22 2591 134 2642 nus,
187 2586 238 2630 et
286 2575 589 2646 exemplum
657 2575 862 2631 Christi
929 2577 1084 2648 sequi
1149 2575 1576 2634 erubescimus?

24 2667 242 2721 Ibristus
262 2666 403 2720 enim
443 2683 571 2722 cum
617 2666 893 2722 discordia
939 2667 1079 2722 inter
1114 2683 1216 2724 nos
1263 2676 1319 2723 et
1369 2667 1573 2737 ipsum,

23 2755 230 2811 eccatis
265 2755 464 2812 nostris
487 2756 854 2828 exigentibus,
886 2766 1055 2825 esset,
1097 2772 1206 2812 non
1238 2757 1578 2828 exspectavit

26 2855 50 2899 t
70 2863 170 2901 nos
216 2846 420 2918 priores
469 2862 596 2902 eum
640 2847 1069 2918 requireremns,
1121 2849 1216 2905 sed
1272 2848 1389 2920 ipse
1427 2850 1577 2921 prior

26 2954 85 2993 os
122 2938 429 3009 requisivit,
456 2938 957 2996 reconciliationem
1000 2940 1159 2996 nobis
1181 2940 1399 3007 obtulit,
1426 2941 1573 3011 lega-

26 3045 66 3085 )S
100 3032 254 3101 pacis
307 3031 582 3103 apostolos
638 3039 694 3086 et
743 3046 1007 3102 sequaces
1060 3047 1254 3088 eorum
1305 3033 1475 3099 misit,
1521 3041 1576 3088 et

23 3125 160 3179 llmc
199 3123 443 3194 quotidie
485 3123 674 3178 mittit.
729 3122 886 3179 Unde
915 3139 1060 3178 llllllS
1109 3139 1323 3190 eorum,
1372 3123 1576 3180 Paulus

1676 1934 1828 1991 tione
1877 1933 2082 2000 carnis,
2123 1941 2180 1988 ct
2237 1933 2291 1988 in
2354 1932 2742 2003 eompassione
2800 1933 3059 2003 proximi,
3105 1938 3163 1988 et
3217 1931 3272 1985 in

1677 2023 2090 2094 aequanimitate
2135 2023 2548 2093 persecutiones
2587 2023 2860 2093 patienter
2898 2022 3164 2090 feramus,
3188 2022 3274 2076 vi-

1681 2124 1790 2170 tam
1818 2125 1874 2170 et
1915 2115 2224 2172 doctrinam
2264 2115 2473 2170 Christi
2513 2116 2836 2172 omnimodo
2869 2116 3024 2185 sequi
3056 2115 3276 2170 studea-

1679 2223 1830 2274 mus,
1856 2217 2129 2278 quatenus
2154 2207 2276 2277 ejus
2301 2206 2661 2262 beatitudinis
2688 2207 2985 2277 participes
3010 2221 3136 2262 esse
3167 2222 3278 2260 mc-

1681 2313 1923 2364 reamur,
1975 2297 2096 2366 ipso
2151 2297 2420 2369 largiente
2457 2297 2555 2369 qui
2616 2313 2743 2352 cum
2778 2296 2941 2353 Patre
2985 2307 3040 2353 ct
3069 2296 3275 2368 Spiritu

1679 2400 1870 2446 sancto
1898 2389 2030 2446 vivit
2056 2398 2114 2446 et
2133 2399 2327 2462 regnat
2356 2405 2454 2461 per
2470 2390 2659 2446 omnia
2695 2390 2895 2446 saecula
2925 2390 3273 2446 surculorum.
3373 2415 3375 2417 -

1677 2481 1876 2540 Amen.
3209 2481 3216 2488 ’

2401 2565 2545 2629 XIII.

1854 2680 2009 2722 UNII'S
2033 2679 2320 2720 HABTYPJS.
2345 2680 2523 2721 θεειαο
2547 2681 2613 2720 DE
2643 2680 2749 2719 ιιι.
2769 2679 3096 2721 ελιιιεκτιιε.

1743 2757 1943 2814 Beatus
1969 2759 2047 2812 vir
2069 2761 2160 2830 qni
2185 2759 2432 2813 inuentus
2459 2758 2673 2812 estsine
2705 2756 2942 2822 macula,
2970 2765 3020 2810 et
3043 2757 3133 2826 qui
3161 2764 3280 2826 post

1675 2868 1866 2906 anrnnt
1889 2869 1992 2906 non
2036 2852 2194 2917 abiit,
2243 2867 2336 2905 nec
2375 2851 2606 2919 speravit
2649 2851 2703 2904 in
2751 2850 2990 2920 pecunia:
3017 2848 3283 2902 thesauris

1677 2941 1874 3012 (Eccli.
1909 2943 2088 3012 xxxi),
2112 2951 2219 2998 etc.
2257 2939 2669 3012 Quadripartita
2691 2950 2777 2996 est
2805 2941 2924 2995 hac
2953 2938 3137 3007 lectio,
3167 2937 3282 2993 fra-

1678 3042 1790 3091 tres
1811 3034 1939 3090 mei.
1972 3033 2159 3089 Primo
2177 3033 2380 3104 quippe
2423 3032 2552 3103 quis
2584 3032 2657 3088 sit
2688 3032 2886 3088 beatus
2913 3032 3279 3090 demonstrat.

1681 3123 1956 3189 Secundo,
1983 3139 2110 3180 eum
2159 3123 2530 3178 commendat.
2565 3121 2774 3190 Tertio,
2827 3123 2974 3179 unde
3017 3123 3285 3179 meruerit

21 3193 263 3280 idelicet,
296 3213 472 3274 dicit:
516 3233 535 3267 ι
570 3213 677 3268 Pro
712 3213 937 3270 Christo
976 3215 1242 3285 legatione
1275 3213 1574 3287 fungimur,
1606 3193 1650 3253 (ἶ
1679 3216 1832 3272 dicit.
1893 3215 2124 3282 Quarto,
2187 3217 2242 3270 in
2307 3231 2420 3286 quo
2485 3215 2769 3286 praemium
2825 3214 2948 3285 ejus
3013 3215 3286 3270 consistat

21 3325 241 3378 Inquam
271 3307 382 3363 Deo
408 3307 733 3363 exhortante
761 3324 856 3379 per
880 3324 982 3363 nos
1017 3326 1030 3362 :
1075 3309 1429 3365 obsecramus
1459 3325 1578 3376 vos,

24 3399 417 3454 :conciliamini
464 3398 576 3455 Deo
612 3397 698 3472 (11
742 3398 867 3456 Cor.
897 3401 973 3470 v).
1017 3419 1036 3452 ι
1073 3399 1376 3457 Erubescat
1412 3403 1581 3473 igitur

21 3494 237 3564 tperbia
267 3503 473 3549 nostra.
507 3491 652 3548 Deus
691 3493 937 3549 offensus
995 3509 1095 3550 nos
1133 3503 1449 3565 peccatores
1482 3511 1581 3567 per

23 3595 184 3656 gates
219 3601 354 3640 suos
379 3584 446 3639 ad
495 3600 685 3656 pacem
735 3584 886 3654 prior
931 3593 1089 3655 rogat
1139 3585 1346 3652 venire,
1373 3593 1429 3641 et
1473 3602 1580 3644 nos

23 3679 160 3734 iseri
187 3677 582 3749 peccatoribus
607 3677 874 3749 proximis
911 3677 1118 3734 nostris
1145 3678 1360 3750 priores
1383 3678 1581 3736 erube-

23 3775 180 3828 imns
216 3771 570 3828 satisfacere!

28 3864 316 3936 Sequitur
338 3880 470 3936 pars
493 3872 710 3934 quarta,
768 3863 822 3920 in
855 3880 962 3935 qna
1016 3862 1306 3929 Dominus,
1335 3861 1406 3918 ad
1453 3879 1583 3934 pro-

33 3958 118 4014 ssi
154 3957 326 4030 regni
379 3957 852 4022 certilicationem,
885 3957 1152 4026 promittit
1191 3956 1460 4026 quosdam
1499 3957 1582 4012 di-

31 4049 324 4120 pulorum
354 4046 573 4103 visuros
613 4047 946 4102 illumctiam
985 4057 1112 4102 ante
1139 4056 1370 4102 mortem
1400 4063 1579 4114 suam,

26 4159 78 4196 ιη
111 4140 325 4207 subdit
347 4139 702 4195 :Dicoaulem
725 4139 868 4196 vobis
889 4155 1026 4194 vere:
1041 4139 1176 4194 Sunt
1196 4139 1462 4212 hicah'qui
1489 4141 1582 4210 qui

28 4254 48 4288 ι
83 4233 406 4307 gustabunt
437 4242 678 4301 mortem,
721 4233 883 4288 donec
921 4234 1129 4290 videant
1172 4233 1380 4288 Filiam
1407 4235 1582 4292 homi-

50 4330 119 4382 s‘u
149 4343 333 4398 regno
363 4341 483 4381 suo.
536 4324 600 4380 lli
621 4325 875 4397 discipuli
921 4337 1050 4382 sunt
1101 4325 1316 4394 Petrus,
1343 4326 1585 4388 Jacobus

27 4419 316 4484 foanmes,
349 4418 555 4489 quibus
583 4427 709 4488 post
733 4427 941 4489 septem
977 4419 1118 4486 dies,
1154 4427 1216 4474 ut
1256 4419 1309 4475 in
1343 4435 1582 4491 sequen-

28 4529 95 4567 ιε
128 4511 500 4577 continetur,
538 4508 804 4566 Dominus
837 4509 1068 4582 gloriam
1103 4527 1262 4569 suam
1299 4509 1355 4568 in
1399 4523 1584 4569 monte

30 4605 185 4659 tbor
242 4603 689 4674 transfiguratus
727 4603 1126 4662 demonstravit
1160 4601 1383 4674 (Matth.
1417 4603 1575 4675 xvn).

27 4695 272 4767 cipulis
301 4693 514 4766 quippe
542 4694 721 4750 adhuc
759 4694 991 4750 rudibus
1017 4693 1224 4766 aliquid
1252 4695 1589 4772 promitten-‘

21 4805 62 4844 τι
105 4788 241 4843 fuit
280 4786 348 4840 in
399 4785 656 4856 praesenti
685 4785 819 4854 vita,
856 4793 916 4840 ut
961 4785 1016 4839 in
1055 4785 1158 4842 fide
1189 4785 1582 4861 roborarentur

21 4898 66 4936 η
99 4894 228 4950 spe
254 4876 496 4932 futurae
533 4874 624 4932 Sic
667 4885 721 4932 et
766 4874 1067 4933 Israelitico
1119 4878 1322 4948 populo
1356 4879 1584 4950 promis-

23 4973 114 5028 sis
143 4981 328 5026 terra
363 4969 722 5042 promittitur,
747 4978 822 5038 et,
851 4986 977 5031 cum
1007 4971 1286 5034 vocandus
1335 4981 1482 5046 esset
1512 4973 1582 5028 ad

22 5063 245 5136 assist,
292 5060 540 5116 terrenis
579 5059 1044 5131 promissionibus
1083 5060 1345 5124 suadetur
1381 5061 1585 5129 (Exod.

79 5152 174 5210 Ut
238 5150 396 5224 quid
459 5150 599 5206 hoc?
654 5151 760 5207 nisi
813 5153 942 5222 quia
984 5152 1116 5218 dum
1172 5163 1320 5214 esset
1377 5154 1584 5226 aliquid

24 5247 65 5303 j
139 5259 234 5299 ex
308 5241 503 5312 vicino
561 5243 974 5316 perciperetur,
1026 5243 1159 5306 illud
1210 5243 1328 5316 jam
1382 5247 1589 5308 certius

29 5340 206 5388 erct
267 5331 440 5402 quod
479 5329 530 5386 ei
578 5330 646 5388 de
678 5331 978 5410 longinquo
1023 5332 1360 5404 promissum
1418 5346 1586 5394 esset.

26 5424 208 5480 salis
272 5423 444 5478 enim
499 5422 758 5496 populus,
811 5423 859 5480 si
908 5440 1075 5498 parva
1131 5440 1240 5488 non
1292 5427 1586 5498 acciperet,

1681 3308 1942 3365 ostendit.
2001 3307 2250 3362 Primtnn
2293 3309 2461 3380 igitur
2497 3308 2624 3378 quis
2666 3309 2740 3363 sit
2790 3309 2985 3363 beatus
3018 3307 3282 3372 ostendit,

1681 3416 1805 3456 cum
1829 3399 1965 3454 dicit
1997 3418 2010 3453 :
2038 3399 2238 3454 Beatus
2281 3402 2362 3454 rir
2390 3401 2479 3471 qui
2512 3401 2753 3454 inretitus
2793 3411 2869 3454 est
2907 3400 3021 3455 sine
3045 3400 3282 3465 macula,

1680 3502 1786 3548 ctc.
1813 3491 1951 3559 Quis
1984 3500 2072 3548 est
2109 3492 2338 3548 beatus?
2371 3493 2455 3548 vir
2480 3491 2689 3549 scilicet
2719 3492 2814 3563 qui
2841 3507 2950 3548 non
2982 3501 3067 3550 est
3102 3493 3284 3548 mollis

1683 3599 1788 3642 nec
1829 3585 2216 3652 effeminatus,
2273 3585 2369 3641 sed
2411 3585 2597 3656 potius
2635 3584 2808 3641 Virilis
2867 3594 2924 3640 et
2976 3585 3280 3641 virtuosus.

1684 3675 1828 3733 Deus
1849 3678 1999 3761 enim
2037 3678 2180 3733 duro
2211 3677 2385 3733 milite
2411 3678 2634 3748 gaudet,
2659 3692 2768 3732 non
2794 3692 2862 3733 eo
2885 3677 2980 3749 qui
3019 3677 3155 3745 otio,
3185 3677 3279 3732 de-

1683 3772 1846 3839 liciis,
1872 3773 2247 3845 voluptatibus
2296 3787 2420 3829 sese
2455 3773 2680 3844 prtebct,
2705 3773 2800 3829 sed
2831 3787 2898 3828 co
2929 3773 3025 3844 qui
3069 3773 3124 3827 in
3155 3772 3286 3828 abs»

1682 3864 1952 3933 tincntiis,
2002 3865 2057 3921 in
2106 3865 2532 3936 asperitatibus,
2583 3876 2640 3922 et
2713 3865 2768 3921 in
2821 3865 3104 3921 laboribus
3159 3879 3286 3920 sese

1682 3965 1902 4014 exercet
1933 3972 1948 4009 :
1981 3975 2002 4011 ι
2031 3956 2148 4012 Νοιι
2178 3958 2326 4013 enim
2359 3958 2734 4024 coronabitnr,
2774 3958 2879 4014 nisi
2910 3956 3003 4028 qni
3047 3955 3286 4028 legitime

1683 4049 1974 4106 (amaverit
1999 4047 2089 4120 (II
2117 4048 2257 4105 Tim.
2285 4051 2370 4120 ιι).
2406 4069 2426 4102 s
2449 4049 2556 4107 Nec
2583 4049 2900 4122 pervenitur
2927 4049 2995 4104 ad
3022 4064 3282 4120 magnum

1684 4141 1972 4214 pratmium
2027 4141 2136 4199 nisi
2189 4159 2286 4214 per
2323 4143 2566 4199 laborem
2617 4157 2899 4214 magnum.
2929 4139 3134 4198 Deinde
3179 4140 3286 4195 vir-

1686 4244 1833 4291 tutes
1861 4235 2005 4291 beati
2033 4235 2141 4290 viri
2175 4235 2433 4305 exponit,
2480 4249 2608 4290 eum
2640 4233 2825 4291 subdit
2854 4250 2868 4287 :
2909 4233 3014 4299 Qui
3045 4234 3285 4288 inventus

1683 4340 1760 4383 est
1788 4329 1902 4384 sine
1923 4328 2160 4384 macula.
2191 4326 2309 4384 Non
2340 4329 2417 4384 ait
2459 4328 2556 4399 qui
2606 4343 2715 4383 non
2747 4326 2939 4382 habuit
2986 4326 3283 4393 maculam,

1685 4422 1947 4494 quoniam
1989 4437 2151 4478 nemo
2181 4421 2422 4478 mundus
2472 4437 2503 4476 a
2551 4420 2732 4487 sorde,
2761 4434 2864 4475 nec
2893 4419 3061 4474 etiam
3103 4418 3287 4472 infans

1685 4512 1846 4582 cujus
1872 4512 1982 4567 vita
2019 4520 2106 4568 est
2126 4511 2292 4569 unius
2319 4512 2427 4568 dici
2467 4526 2634 4583 super
2680 4519 2907 4576 terram,
2941 4509 3033 4565 sed
3075 4508 3166 4580 qui
3201 4509 3285 4561 in-

1686 4617 1867 4662 ventus
1897 4608 2109 4662 estsine
2146 4607 2384 4674 macula,
2430 4607 2483 4662 id
2529 4614 2634 4672 est,
2680 4605 2798 4676 qui,
2848 4603 2952 4658 etsi
2987 4601 3288 4671 aliquando

1688 4699 1882 4756 habuit
1910 4701 2206 4768 maculam,
2243 4709 2427 4756 tamen
2460 4698 2718 4770 lacrymis
2749 4712 2893 4752 verte
2948 4694 3288 4765 paenitentia-

1685 4807 1808 4848 cam
1832 4792 2008 4848 abluit
2056 4802 2112 4848 et
2155 4793 2491 4859 emundarit,
2522 4792 2681 4862 juxta
2733 4788 2878 4861 quod
2929 4786 3223 4842 Psalmista
3265 4801 3283 4839 :

1695 4903 1714 4936 s
1761 4884 1933 4952 Beati,
1967 4885 2166 4956 inquit,
2191 4901 2428 4956 quorum
2466 4883 2716 4939 remissa:
2769 4889 2899 4937 sunt
2941 4878 3283 4949 iniquitates,

1687 4981 1744 5036 et
1775 4990 2010 5046 quorum
2036 4985 2177 5031 tecta
2203 4984 2335 5032 sunt
2357 4981 2579 5045 peccata
2619 4971 2798 5044 (Psal.
2845 4971 3023 5042 xxxi).
3057 4988 3078 5022 ι
3111 4965 3284 5023 Voca-

1690 5074 1780 5126 tur
1803 5077 1986 5123 autem
2011 5068 2394 5124 nuiversaliter
2432 5066 2646 5121 macula
2695 5063 2999 5120 criminalis
3046 5061 3280 5134 peccati,

1689 5159 2002 5232 specialiter
2050 5175 2184 5218 vero
2229 5160 2445 5216 macula
2489 5158 2672 5215 vocari
2721 5165 2904 5229 potest
2945 5156 3184 5224 lururia,
3214 5172 3286 5212 eo

1689 5252 1838 5322 quod
1881 5251 2006 5323 plus
2051 5266 2219 5322 quam
2270 5259 2467 5307 cratera
2517 5249 2868 5306 eriminalitia
2921 5257 3033 5304 tam
3080 5264 3285 5320 corpus

1690 5358 1858 5414 quam
1931 5342 2176 5400 animam
2245 5343 2632 5398 commaculet.
2691 5340 2848 5398 Unde
2908 5341 3207 5413 Apostolus
3263 5359 3281 5397 :

1701 5451 1720 5485 s
1755 5431 1931 5491 Omne
1956 5434 2497 5504 peccstum,-inquit,
2539 5420 2910 5506 qnodcrinque
2959 5433 3150 5491 fecerit
3182 5433 3286 5489 ho-

27 5532 129 5571 Ila
184 5529 330 5580 non
367 5515 639 5571 crederet
672 5512 827 5570 Unde
849 5523 904 5579 ct
927 5515 994 5584 de
1022 5514 1104 5574 eis
1132 5515 1368 5580 dicitur:
1403 5518 1592 5574 «Dedit
1695 5540 1814 5594 mo,
1835 5533 1990 5584 extra
2013 5540 2218 5596 corpus
2238 5535 2342 5581 est.
2371 5525 2476 5593 Qui
2507 5535 2690 5582 autem
2723 5526 3049 5593 fornicatur,
3079 5527 3133 5580 in
3165 5539 3286 5581 cor-

31 5607 344 5680 egiones
363 5608 649 5682 gentium,
665 5615 721 5663 et
743 5607 957 5664 labores
979 5609 1302 5680 populorum
1331 5610 1590 5682 possede-

33 5746 46 5767 ,
120 5710 210 5756 ut
265 5703 614 5759 custodiant
663 5701 1088 5774 justificationes
1135 5704 1278 5777 ejus,
1314 5714 1368 5762 et
1413 5705 1590 5776 legem

91 5794 450 5868 requirant
491 5793 675 5870 (Psal.
728 5794 860 5868 etv).
904 5814 924 5848 ι
953 5793 1019 5854 Ει
1063 5807 1192 5856 sunt
1225 5797 1405 5856 adhuc
1449 5810 1561 5854 non

1693 5629 1800 5686 pus
1826 5629 1989 5672 suum
2016 5624 2208 5686 peccat
2237 5607 2291 5686 (Ι
2321 5615 2446 5674 Cor.
2471 5615 2570 5687 Vt).
2608 5637 2630 5670 ι
2662 5617 2718 5674 Id
2749 5626 2856 5686 est,
2881 5617 3031 5672 nullo
3057 5623 3285 5685 peccato

1693 5707 1776 5764 sic
1798 5715 1947 5766 totus
1980 5708 2146 5763 homo
2163 5709 2416 5778 corporis
2460 5710 2636 5781 ipsius
2686 5707 2950 5779 voluptati
2989 5705 3276 5770 addicitur,

1671 5781 1751 5857 let
1778 5799 2162 5862 inevitabiliter
2173 5799 2431 5874 silicitur,
2444 5802 2590 5861 sicut
2612 5801 3000 5868 fornicatione,
3017 5795 3282 5876 qudniapt
