3834 6332
585 400 725 458 i539

1869 383 2222 446 RADULPIII
2259 379 2608 443 ARDENTIS
3624 385 3707 442 ιειο

579 513 640 566 in
674 507 799 562 aliis
839 503 1098 577 peccatis,
1133 504 1241 560 illis
1269 504 1435 559 etiam
1483 515 1612 572 qua:
1651 514 1747 571 per
1793 514 1996 569 corpus
2017 512 2169 552 eser-
2200 505 2241 561 Α
2272 497 2624 566 contagiosos
2653 492 2834 550 vivere
2864 490 3040 547 sane?
3091 489 3192 555 Qui
3223 491 3275 544 in
3317 485 3402 544 illo
3427 535 3440 555 ,
3480 491 3709 564 inquit,”

579 609 798 666 ocatur,
827 599 1013 670 qualia
1041 607 1170 654 sunt
1195 597 1434 653 ebrietas
1460 603 1518 650 et
1559 593 1774 664 rapina,
1813 592 2048 647 liberum
2085 599 2174 646 est

589 692 769 748 animo
792 691 848 745 in
876 689 1072 746 eodem
1117 699 1362 759 tempore
1379 696 1436 742 et
1467 686 1620 742 aliud
1671 684 1910 755 operari,
1943 693 2001 740 et
2041 683 2172 738 alibi

585 783 914 856 cogitatione
940 780 1200 837 distendi.
1233 779 1340 847 Qui
1367 794 1497 834 vero
1537 777 1862 843 fornicatur,
1895 784 2044 831 totus
2071 775 2174 830 ab-

585 874 860 940 sorbetur,
889 882 949 942 ut
967 873 1188 928 animus
1214 872 1350 926 iiber
1361 886 1470 926 non
1493 871 1585 936 sit,
1609 869 1704 925 sed
1730 877 1876 924 totus
1890 869 2058 923 homo
2079 867 2176 922 ﬁat

585 981 738 1021 caro.
763 965 834 1020 Et
861 967 976 1036 qui,
1013 964 1212 1036 inquit,
1263 973 1380 1036 post
1429 980 1624 1017 astrum
1678 977 1782 1015 non
1810 961 1968 1027 abiit,
2000 960 2055 1015 id
2087 968 2176 1014 est

585 1073 752 1128 quem
766 1057 1078 1114 divitiarum
1092 1058 1152 1128 et;
1160 1058 1521 1112 ambitionum
1545 1055 1816 1126 cupiditas
1827 1069 1857 1108 a
1867 1055 1994 1108 vitae
2014 1052 2178 1108 recti-

589 1150 776 1204 tudine
802 1165 912 1206 non
940 1148 1068 1206 fecit
1087 1151 1327 1206 deviare.
1361 1147 1490 1205 Haec
1521 1148 1652 1214 duo,
1681 1147 1934 1201 videlicet
1959 1145 2176 1199 luxuria

585 1251 642 1298 et
676 1243 967 1312 cupiditas,
998 1253 1160 1311 sunt,
1199 1243 1356 1314 juxta
1398 1240 1746 1296 Salomonem
1788 1239 1972 1312 (Prov.
2019 1238 2175 1308 xxx),

593 1351 612 1383 ε
634 1331 756 1388 dua:
777 1332 904 1389 (ilia:
929 1334 1302 1405 sanguisuga,
1333 1352 1352 1384 ι
1387 1332 1438 1387 id
1465 1341 1550 1387 est
1565 1330 2180 1400 concupiscentiae,quz

587 1440 804 1495 semper
824 1425 1041 1480 dicunt:
1064 1445 1082 1476 ε
1103 1424 1269 1490 Mler,
1286 1423 1438 1478 aﬂer.
1454 1442 1471 1473 ι
1497 1420 1738 1491 Utraque
1760 1420 1908 1475 enim
1931 1428 2017 1474 est
2039 1419 2184 1473 insa-

589 1518 824 1585 tiabilis;
875 1518 1150 1573 luxuriam
1205 1517 1409 1587 quippe
1469 1523 1679 1584 quanto
1727 1512 1852 1583 plus
1909 1511 2181 1580 sequeris,

592 1618 743 1666 tanto
761 1611 886 1681 plus
918 1626 1038 1665 eam
1063 1609 1229 1680 gestis
1253 1625 1270 1674 ;
1309 1615 1366 1662 et
1393 1613 1518 1676 post
1545 1605 1762 1674 ecpiam
1799 1616 1996 1657 rursus
2028 1605 2182 1671 pate-

591 1705 671 1759 ris
692 1711 1012 1775 egestatem.
1027 1699 1392 1770 Cupiditatem
1415 1711 1635 1767 quoque
1651 1694 1800 1750 nulla
1821 1693 1985 1749 satiat
2003 1693 2184 1747 abun-

591 1796 802 1861 dantia,
829 1794 946 1859 sed,
997 1807 1151 1847 more
1190 1789 1494 1862 hydropici,
1531 1801 1657 1845 cum
1702 1786 1827 1858 plus
1863 1785 2022 1851 bibit,
2059 1785 2184 1856 plus

593 1889 730 1945 sitit.
765 1886 832 1940 Et
862 1904 876 1940 :

667 1978 868 2036 Crescit
890 1979 1042 2032 timor
1070 1977 1270 2031 nummi
1301 1983 1558 2044 quantum
1583 1974 1703 2044 ipsa
1723 1973 1948 2043 pecunia
1969 1973 2180 2028 crescit.

667 2069 781 2126 Nec
841 2071 1070 2141 speravit
1098 2110 1115 2136 ,
1174 2067 1371 2138 inquit,
1443 2067 1501 2120 in
1567 2066 1804 2136 pecunia
1879 2065 2182 2131 thesauris,

596 2163 778 2230 idest,
817 2177 928 2218 non
956 2161 1062 2215 fuit
1085 2176 1286 2215 avarus
1329 2155 1598 2229 pecuniae,
1639 2156 1738 2213 sed
1782 2156 1968 2228 potius
1993 2154 2185 2210 distri-

595 2256 779 2322 butor,
825 2256 984 2326 juxta
1028 2253 1161 2308 illud
1205 2271 1219 2308 :
1257 2273 1276 2302 σ
1314 2251 1601 2321 Dispersit,
1631 2250 1780 2306 dedit
1825 2250 2180 2321 pauperibus,

587 2349 804 2420 justitia
830 2348 953 2420 ejus
976 2354 1162 2402 manet
1192 2346 1246 2400 in
1277 2345 1540 2400 saeculum
1562 2343 1749 2400 saeculi
1770 2342 1948 2413 (Paul.
1986 2343 2123 2413 cxi),
2159 2361 2178 2394 ι

595 2443 753 2498 Sicut
796 2440 945 2497 enim
987 2439 1174 2511 cupidi
1217 2447 1303 2494 est
1341 2453 1454 2493 non
1500 2436 1941 2508 concupiscenda
1979 2449 2183 2492 concu-

594 2537 826 2606 piscere,
859 2535 933 2590 ita
959 2534 1109 2589 avari
1163 2541 1250 2589 est
1288 2548 1398 2588 non
1441 2532 1726 2588 retinenda
1754 2532 1994 2588 retinere
2043 2540 2099 2587 et
2128 2531 2184 2585 in

593 2629 674 2685 eis
730 2642 976 2700 sperare.
1022 2625 1180 2682 Unde
1225 2625 1455 2681 avaritia
1508 2625 1780 2682 idolorum
1835 2624 2072 2680 servitus
2117 2624 2188 2678 ab

595 2719 859 2792 Apostolo
901 2727 1251 2790 nuncupatur
1282 2717 1422 2789 (Col.
1458 2715 1565 2788 m).
1601 2716 1816 2772 Avarus
1839 2715 1988 2771 enim
2017 2730 2185 2770 num-

596 2829 748 2870 anim
774 2827 876 2884 pro
921 2811 1035 2868 Deo
1079 2811 1232 2866 colit.
1276 2809 1482 2880 itaque,
1519 2807 1718 2864 fratres
1764 2807 1896 2874 mei,
1934 2806 2030 2878 qui
2075 2819 2187 2860 non

599 2905 783 2961 mollis
822 2911 1026 2968 mente,
1063 2903 1134 2956 sit
1159 2901 1461 2956 virtuosus.
1509 2898 1617 2966 Qui
1646 2906 1733 2954 est
1753 2907 1936 2952 mente
1965 2904 2021 2952 et
2064 2911 2188 2952 cor-

596 3013 730 3068 pore
785 2995 1202 3059 immaculatus,
1253 2992 1348 3063 qui
1391 2990 1711 3062 temporalia
1753 2989 2087 3056 contemnit,
2135 2997 2190 3044 et

597 3102 662 3142 ca
713 3086 760 3142 si
809 3084 1036 3149 haheat,
1098 3090 1319 3152 propter
1378 3079 1551 3136 Deum
1612 3078 1944 3150 pauperibus
1998 3077 2208 3134 distri-

601 3176 739 3240 bnit,
771 3175 873 3231 iste
903 3173 1106 3228 dicitur
1145 3171 1262 3243 jam
1310 3186 1434 3227 esse
1485 3171 1700 3226 beatus.
1727 3169 1812 3224 Ad
1847 3171 1986 3225 istas
2022 3168 2190 3240 igitur

601 3233 830 3322 virtutes
855 3233 1236 3336 adipiscendas
1265 3273 1382 3320 toto
1400 3263 1672 3319 desiderio
1691 3262 2025 3330 laboremus,
2044 3233 2191 3332 qua-
2217 3233 2262 3296 (δ

599 3368 760 3414 tenus
795 3367 852 3413 et
884 3372 987 3413 nos
1032 3357 1090 3412 in
1126 3371 1358 3412 numero
1395 3356 1680 3411 beatorum
1721 3353 2029 3424 computari
2074 3368 2192 3409 me-

601 3465 840 3508 reamur.

673 3540 933 3612 Sequitur
972 3556 1101 3611 pars
1137 3540 1424 3607 secunda,
1457 3538 1514 3594 in
1552 3553 1663 3608 qua
1695 3537 2020 3609 praedictum
2070 3536 2194 3594 lau-

601 3634 726 3702 dat,
767 3651 895 3692 cum
935 3634 1121 3696 subdit
1159 3651 1172 3689 :
1215 3632 1349 3700 Quis
1375 3640 1454 3688 est
1480 3632 1588 3699 hic,
1626 3631 1680 3686 id
1717 3639 1804 3687 est
1837 3638 2079 3702 quantus
2108 3639 2196 3687 est

604 3725 724 3793 hic,
762 3733 812 3780 et
857 3725 1197 3780 laudabimus
1236 3741 1356 3779 cum
1382 3725 1409 3778 1’
1458 3724 1582 3795 fecit
1627 3724 1770 3778 enim
1815 3722 2090 3778 mirabilia
2135 3723 2193 3777 in

604 3822 714 3874 rita
766 3835 886 3873 sua.
917 3818 1037 3874 Non
1088 3818 1166 3874 ait
1191 3817 1469 3885 mirabile,
1517 3816 1613 3873 sed
1660 3815 1954 3872 mirabilia.
1989 3814 2097 3884 Qui
2129 3831 2188 3873 e-

607 3912 722 3968 nim
789 3911 1104 3982 hujusmodi
1153 3911 1385 3966 virtutes
1449 3909 1506 3964 in
1573 3908 1680 3964 hac
1709 3909 1822 3966 vita
1875 3910 2192 3976 observant,

607 4003 713 4058 tria
761 4001 1031 4056 mirabilia
1079 4001 1134 4056 in
1171 4016 1232 4058 se
1273 4001 1673 4056 demonstrant.
1708 3999 1954 4056 Mirabile
1993 3999 2196 4055 rarita-

609 4100 684 4158 te,
718 4091 980 4161 quoniam
1005 4091 1206 4146 mirum
1235 4099 1322 4148 est
1344 4091 1494 4162 quod
1524 4090 1724 4162 aliquis
1765 4090 2069 4158 virtuosus,
2087 4089 2195 4146 im-

611 4181 939 4248 macnlatus,
961 4191 1302 4254 contemptor
1331 4182 1518 4239 muli
1545 4190 1600 4239 et
1633 4181 1960 4238 distributor
1986 4195 2198 4252 paupe—

613 4272 769 4326 ribus
819 4271 1127 4327 inveniatur
1163 4273 1222 4326 in
1264 4272 1371 4328 hoc
1409 4272 1635 4340 saeculo,
1670 4272 1765 4328 ubi
1819 4281 1952 4329 sunt
2003 4287 2197 4328 omnes

614 4362 826 4429 molles,
851 4362 1106 4418 maculati
1126 4403 1142 4427 ,
1205 4370 1484 4419 amatores
1545 4363 1768 4431 saeculi,
1796 4372 2232 4436 contemptora~

613 4470 915 4528 pauperum
943 4455 1232 4524 habentur,
1253 4455 1572 4526 juxtaillud
1589 4465 1763 4528 poeta!
1791 4475 1808 4514 :

685 4551 835 4606 Rara
868 4549 980 4606 acia
1001 4551 1060 4605 in
1089 4551 1246 4606 terris
1293 4550 1542 4623 nigroque
1568 4550 1848 4606 simillima
1871 4567 2056 4622 cycno.

1580 4642 1723 4715 (Juv.
1753 4652 1858 4701 sat.
1879 4659 1956 4711 vr,
1986 4644 2137 4716 164.)

613 4735 862 4794 Mirabile
881 4736 1103 4806 virtute,
1127 4737 1392 4810 quoniam
1421 4737 1623 4794 mirum
1637 4737 1884 4809 estquod
1905 4753 2017 4794 non
2035 4737 2211 4794 homi-

615 4830 1038 4898 nis,seddivinae
1050 4831 1269 4890 virtutis
1297 4840 1404 4900 est,
1418 4832 1566 4903 quod
1593 4833 1759 4888 homo
1776 4832 1989 4904 positus
2005 4833 2061 4888 in
2084 4847 2209 4888 car-

617 4937 704 4989 ne,
723 4937 829 4978 non
853 4922 1154 4978 secundum
1183 4938 1427 4991 carnem;
1455 4922 1510 4978 in
1533 4923 1760 4991 mundo,
1777 4939 1886 4978 non
1903 4923 2206 4980 secundum

616 5014 883 5072 mundum
919 5033 935 5083 ;
966 5015 1109 5072 inter
1139 5015 1425 5083 homines,
1452 5031 1564 5071 non
1591 5015 1892 5072 secundum
1936 5015 2211 5082 hominem

2273 588 2442 658 fectus
2473 587 2713 640 inuentus
2761 594 2860 646 est,
2903 583 2956 637 id
2987 594 3074 637 est
3106 583 3159 635 in
3188 579 3521 652 puniit-tarum
3543 588 3709 644 vim

2272 677 2662 743 exsecutione,
2733 676 2836 730 erit
2911 673 2998 728 illi
3045 673 3216 744 gloria
3274 682 3466 727 clerus.
3533 674 3710 748 εφη,

2275 770 2527 826 mirabile
2551 779 2608 825 et
2635 767 2938 840 gloriosum
2983 765 3259 831 meritum,
3309 765 3483 835 majus,
3515 767 3714 826 ωἱηΕῇις

2275 871 2331 918 et
2363 861 2661 933 gloriosius
2689 859 2976 930 premium
2995 865 3368 927 consequetur.

2348 953 2611 1026 Sequitur
2639 968 2767 1024 pars
2801 952 2988 1018 tertia,
3033 950 3090 1004 in
3133 965 3241 1020 qua
3267 949 3530 1004 ostenditur
3554 953 3650 1007 nde
3679 959 3716 1008 si:

2277 1047 2560 1112 meritum,
2583 1060 2711 1101 cum
2739 1043 3096 1114 subjungitur
3131 1060 3148 1096 :
3173 1040 3278 1107 Qui
3304 1043 3454 1111 potuit
3496 1049 3716 1113 transgredi.

2280 1153 2391 1192 non
2417 1136 2671 1193 faciendo
2694 1151 2760 1191 ea
2787 1150 2914 1205 quae
2937 1143 3205 1205 praecepta
3242 1141 3364 1188 sunt
3391 1134 3506 1196 licri.
3523 1138 3625 1204 quod
3643 1153 3716 1202 pru-

2279 1231 2399 1301 prie
2419 1238 2505 1285 est
2549 1229 2832 1294 delictum,
2858 1237 2908 1282 et
2945 1242 3048 1280 non
3089 1235 3164 1279 cst
3209 1234 3522 1296 trangrcssrs,
3553 1233 3591 1281 et
3619 1227 3716 1296 Ῑσατ(

2281 1324 2428 1378 mala
2456 1338 2580 1395 quae
2604 1322 2877 1393 prohibita
2909 1329 3061 1386 sunt,
3092 1318 3240 1390 quod
3267 1319 3463 1388 proprie
3481 1319 3625 1373 dicitur
3646 1337 3716 1389 per-

2281 1427 2492 1483 catnm,
2525 1425 2576 1470 et
2598 1431 2702 1469 non
2734 1415 2880 1484 fecit.
2912 1411 2992 1467 Ex
3027 1411 3284 1477 eoenim,
3325 1409 3495 1464 fratres
3525 1411 3615 1475 mei,
3636 1411 3718 1480 qua]

2283 1515 2554 1568 habemus
2582 1512 2889 1567 libertatem
2945 1508 3196 1574 arbitrii,
3248 1510 3359 1563 sive
3407 1507 3466 1562 ad
3505 1505 3718 1568 bona}

2283 1621 2352 1662 ve
2375 1605 2445 1660 ad
2479 1605 2706 1670 malum,
2732 1601 3035 1673 promereri
3075 1599 3313 1656 dicimur
3332 1641 3349 1662 ,
3394 1597 3572 1668 quando
3601 1598 3720 1652 sdiitu

2285 1699 2492 1754 malum
2540 1697 2689 1768 quod
2727 1693 2909 1750 facere
2960 1707 3265 1764 possumus
3315 1691 3558 1754 evitantes,
3602 1691 3719 1744 intra

2287 1793 2543 1864 eligimus
2585 1797 2642 1844 et
2683 1801 3000 1858 operamur.
3025 1784 3133 1840 Pro
3184 1797 3351 1855 opere
3391 1782 3516 1838 enim
3564 1783 3659 1852 quoi
3683 1781 3724 1834 h-

2215 1871 2256 1928 Β
2284 1898 2408 1939 cere
2431 1897 2541 1937 non
2578 1893 2896 1952 possumus,
2928 1891 3030 1933 nec
3057 1890 3282 1948 pinnam
3307 1889 3402 1930 nec
3436 1874 3645 1945 prmia-
3664 1889 3726 1925 Ib-

2285 1990 2492 2032 remur.
2535 1971 2755 2040 Quanto
2816 1969 2984 2041 igitur
3053 1965 3323 2038 majorem
3369 1964 3614 2020 libertate-
3654 1977 3724 2032 qus

2284 2069 2469 2135 habet,
2513 2074 2668 2122 tanto
2701 2062 2879 2134 magis
2924 2069 3193 2124 meretur,
3240 2059 3288 2116 si
3327 2057 3458 2112 malo
3498 2055 3644 2111 evitato
3667 2055 3724 2107 io-

2283 2176 2418 2216 num
2460 2167 2738 2231 operetur.
2779 2154 3010 2210 Multum
3061 2153 3236 2225 igitur
3287 2159 3561 2207 meruerunt
3603 2147 3722 2206 stati.

2283 2254 2380 2324 qui
2447 2253 2753 2308 libertatem
2799 2247 3034 2314 arbitrii,
3084 2256 3142 2303 et
3203 2247 3486 2302 libertatem
3529 2243 3667 2316 gratia.
3697 2253 3727 2294 et

2284 2348 2590 2403 libertatem
2625 2343 2966 2415 corporalem
3009 2339 3302 2407 habentes,
3325 2354 3426 2393 non
3460 2337 3559 2393 inde
3581 2334 3724 2408 (atqu

2284 2441 2410 2496 dam
2438 2442 2684 2496 iecerunt
2706 2438 2726 2509 )
2751 2445 2904 2492 tanto
2945 2435 3207 2492 diﬂ‘usius
3252 2441 3446 2504 quanto
3477 2428 3641 2485 liberius
3661 2441 3726 2495 ptr-

2287 2540 2572 2599 cavenmt,
2618 2531 2776 2603 juxta
2819 2529 2953 2585 illud
2981 2527 3168 2584 Petri:
3222 2545 3242 2579 ι
3273 2523 3432 2593 Quasi
3471 2521 3591 2576 liberi
3614 2529 3726 2574 ctam

2286 2625 2448 2697 quasi
2502 2624 2754 2680 velamen
2799 2620 3065 2677 habentes
3111 2618 3342 2674 malitiae
3385 2616 3650 2676 libertatem,
3678 2607 3728 2663 si

2288 2719 2432 2774 sicut
2462 2717 2606 2774 servi
2658 2716 2753 2772 Dei
2794 2714 2872 2788 (ι
2898 2714 3016 2772 Pet.
3042 2715 3128 2783 ιι).
3179 2732 3200 2764 ι
3244 2710 3400 2766 Juxta
3432 2705 3729 2780 igituruium-

2288 2809 2473 2880 gulam
2500 2807 2676 2881 magis
2705 2816 2950 2863 meretur
2977 2805 3071 2878 qui
3121 2805 3177 2860 in
3222 2803 3460 2858 libertate
3479 2811 3604 2869 quam
3621 2793 3678 2865 qui
3703 2791 3729 2842 '-

2290 2899 2554 2956 servitute
2577 2898 2712 2954 vivit
2733 2897 3077 2964 innocenter,
3113 2895 3214 2966 qui
3255 2894 3311 2948 in
3349 2888 3616 2947 abundantia
3639 2896 3732 2954 qui

2289 2989 2384 3061 qui
2434 2990 2490 3046 in
2523 2996 2841 3061 paupertate
2862 2988 2996 3044 vivit
3053 2985 3411 3051 abstinenter,
3448 2979 3526 3053 qui
3565 2979 3605 3033 in
3639 2990 3734 3048 pop

2292 3082 2346 3137 Io
2386 3096 2553 3154 quam
2607 3081 2702 3153 qui
2747 3081 2804 3136 in
2866 3082 3111 3138 claustro
3175 3078 3317 3134 vivit
3364 3074 3646 3132 continenter.
3679 3067 3733 3118 Sel

2292 3175 2556 3245 quoniam
2598 3174 2824 3246 quidam
2880 3173 2947 3229 ad
2996 3173 3103 3228 hoc
3151 3187 3217 3229 se
3275 3169 3495 3228 sentiunt
3538 3158 3735 3220 imbecilla.

2292 3268 2611 3339 prmeligunt
2631 3282 2740 3322 non
2775 3267 3039 3338 majorem
3070 3279 3358 3329 coronam,
3389 3259 3472 3317 sed
3493 3257 3674 3326 majorem
3692 3265 3737 3302 se

2291 3362 2604 3429 curitatem,
2633 3371 2949 3432 spontanea:
2975 3351 3560 3431 servituti,paupertati,
3579 3355 3618 3404 et
3635 3353 3736 3400 asto-

2207 3477 2212 3482 -
2291 3453 2398 3508 diae
2426 3467 2486 3509 se
2537 3452 2838 3508 tradentes.
2874 3449 2936 3506 in
2989 3466 3103 3523 quo
3151 3463 3378 3521 quoque
3419 3437 3736 3536 ωωωτΙίΨ

2293 3559 2470 3612 mum,
2523 3543 2572 3600 si
2621 3551 3040 3614 perseveranter
3094 3553 3148 3599 et
3180 3550 3377 3614 sponte
3401 3543 3736 3604 servantpmc

2295 3651 2419 3692 sum
2460 3650 2645 3690 suum.
2694 3633 3012 3706 Propterea,
3059 3632 3264 3689 fratres
3329 3632 3446 3697 mei,
3492 3621 3736 3693 unusququ

2293 3727 2459 3800 eligat
2489 3727 2636 3784 viam
2663 3727 2771 3783 sibi
2793 3726 2967 3800 magis
2998 3735 3184 3798 aptam
3235 3723 3340 3793 Qui
3361 3724 3572 3778 libertate
3590 3724 3628 3771 et
3645 3713 3738 3768 thr

2295 3818 2480 3874 dantia
2505 3817 2792 3889 temporali
2814 3818 2920 3874 scit
2939 3818 3019 3873 uti
3050 3817 3214 3884 bene,
3244 3818 3327 3872 eis
3347 3825 3536 3878 utatur,
3557 3818 3598 3864 et
3612 3822 3672 3878 να
3691 3813 3739 3854 ω

2295 3909 2464 3965 vitam
2488 3917 2748 3966 aeternam
2775 3918 3076 3965 mereatur.
3109 3906 3222 3976 Qui
3251 3922 3379 3964 vero
3401 3906 3474 3962 eis
3493 3904 3597 3958 bene
3614 3895 3664 3952 uti
3681 3907 3738 3948 In

2297 4002 2468 4070 novit,
2483 4008 2840 4072 spontaneum
2851 4001 3015 4073 eligat
3027 3999 3417 4071 subiectionem
3431 4008 3477 4052 et
3487 3997 3741 4066 papam

2297 4104 2570 4168 quatenus
2590 4093 2820 4150 arbitrio
2845 4102 3066 4166 regatur
3076 4093 3279 4159 alieno,
3315 4091 3404 4164 qui
3426 4080 3657 4150 nescitrqzi
3676 4091 3739 4131 ςκ-

2369 4187 2630 4259 Sequitur
2655 4201 2784 4258 pars
2799 4194 3020 4258 quarta,
3042 4185 3097 4240 in
3125 4201 3239 4256 qua
3264 4175 3664 4240 demonstraturi:
3684 4181 3742 4238 φ

2297 4279 2585 4352 prtemium
2595 4277 2731 4349 justi
2757 4277 3142 4344 constituatur,
3166 4292 3297 4333 cum
3316 4275 3538 4332 subditur
3558 4287 3569 4322 :
3588 4264 3671 4321 Ida
3685 4271 3742 4352 ιιίξ

2301 4351 2458 4426 hilita
2483 4378 2612 4425 sunt
2643 4369 2780 4426 bona
2813 4368 2966 4424 illius
3001 4369 3060 4423 in
3089 4368 3337 4423 Domino.
3363 4365 3529 4421 Justus
3545 4351 3741 4431 φιῑιιικςιέ

2303 4462 2460 4519 tlrma
2474 4477 2573 4534 spe
2589 4477 2806 4534 semper
2825 4449 3062 4518 Domino
3081 4461 3332 4529 adhaesit,
3353 4459 3440 4532 qui
3463 4456 3519 4512 ad
3533 4467 3625 4509 eun
3639 4443 3741 4502 (mi:

2233 4581 2284 4639 ι)
2307 4572 2474 4629 opera
2515 4571 2617 4612 sua
2661 4554 2867 4622 retulit,
2911 4552 3008 4625 qui
3053 4567 3143 4609 res
3199 4550 3508 4624 ιεωροηιεε
3535 4561 3607 4618 3'“

2314 4665 2614 4720 Pauperum
2657 4649 2724 4705 ad
2770 4663 2898 4704 eum
2943 4648 3271 4715 transmisit,
3318 4647 3468 4702 habet
3497 4643 3621 4702 horia,
3647 4633 3742 4686 idest

2313 4742 2535 4813 praemia
2555 4758 2679 4812 sua,
2701 4741 2754 4798 in
2777 4741 2889 4798 Deo
2909 4741 3183 4810 stabilita;
3208 4742 3264 4797 in
3288 4744 3438 4796 tlrmo
3457 4731 3645 4799 ﬁmi:
3658 4735 3742 4779 w-

2313 4850 2387 4892 no
2425 4844 2650 4903 aeterna,
2680 4835 2734 4890 in
2777 4834 2940 4890 beato
2972 4835 3152 4891 beata.
3189 4832 3260 4889 Et
3291 4834 3612 4898 elemosyna,

2307 4927 2460 4983 illius
2479 4927 2754 4982 enarrabit
2775 4927 2949 4981 omnis
2971 4925 3532 4984 Ecclesia‘sanctoram,
3551 4907 3743 4972 ctW

2315 5017 2529 5075 scilicet
2563 5017 2810 5073 militans
2858 5025 2916 5073 et
2957 5015 3202 5075 Ecclesia
3241 5012 3566 5084 triumphans
3601 4999 3743 5056 ωδε-ι

617 5108 713 5164 sed
756 5108 938 5180 potius
989 5107 1370 5180 spiritualiter,
1409 5109 1628 5166 coalitus
1669 5118 1725 5166 et
1765 5109 2009 5182 angelice
2044 5111 2242 5166 vivat.-

619 5199 776 5256 Unde
801 5200 905 5258 Job
935 5201 1004 5258 ad
1035 5201 1208 5272 Deum
1249 5201 1483 5257 clamat:
1535 5220 1557 5254 ι
1585 5199 1722 5269 Quis
1763 5210 1962 5273 potest,
2004 5202 2212 5274 inquit,

622 5293 801 5350 facere
842 5295 1111 5350 mundum
1163 5294 1232 5350 de
1268 5293 1556 5352 immundo
1587 5304 1912 5366 conceptum
1943 5296 2216 5368 ,semine?
2245 5327 2249 5332 η

621 5385 814 5442 Nonne
839 5396 894 5443 tu
915 5387 1194 5458 quisolus
1213 5402 1274 5444 es
1295 5387 1318 5442 ?
1337 5407 1355 5439 ι
1388 5387 1408 5459 (
1435 5387 1540 5442 Job
1565 5387 1962 5459 x1v.)Mirabile
1979 5388 2216 5445 difticui-

623 5488 754 5550 tate,
782 5479 1044 5551 quoniam
1073 5479 1274 5536 mirum
1306 5487 1394 5535 est
1425 5488 1479 5536 et
1507 5494 1738 5536 summa:
1767 5479 2109 5536 difﬁcultatis
2130 5481 2240 5536 in-~

625 5583 708 5630 ter
735 5573 988 5630 homines
1024 5580 1186 5629 nocte
1217 5580 1275 5627 ct
1301 5572 1394 5628 die
1415 5571 1754 5639 conversari,
1784 5581 1840 5628 et
1869 5587 2061 5628 eorum
2083 5587 2214 5643 pra-

620 5681 694 5722 vo
743 5666 1002 5722 convictu
1052 5679 1164 5720 non
1212 5665 1514 5736 corrumpi,
1565 5679 1759 5721 eorum
1802 5665 2060 5726 sordibus
2104 5680 2216 5721 non

628 5757 834 5812 illiniri.
879 5756 1024 5824 Quid
1074 5756 1223 5811 enim
1276 5757 1584 5813 mirabilius
1626 5771 1793 5828 quam
1855 5757 1998 5812 inter
2035 5757 2217 5812 ebrios

628 5857 686 5904 et
721 5857 1005 5906 vomentes
1054 5848 1260 5906 siccum
1310 5858 1368 5905 et
1410 5850 1656 5907 sobrium
1694 5863 1838 5919 esse,
1871 5865 2040 5921 quam
2075 5846 2218 5905 linter

2314 5107 2560 5166 militans
2607 5109 2676 5165 ad
2722 5108 3108 5176 imitationem,
3157 5106 3395 5163 Ecclesia
3444 5096 3691 5168 triumlth5
3713 5097 3743 5136 ³³

2316 5203 2710 5258 laudationem.
2736 5199 2852 5258 Nos
2881 5202 3103 5274 quippe,
3136 5200 3334 5257 fratres
3361 5195 3477 5262 mei,
3502 5185 3660 5264 quando
3679 5190 3744 5231 α’

2315 5311 2526 5364 ramus,
2569 5295 2651 5352 vel
2705 5295 2918 5351 narrari
2966 5293 3222 5350 audimus
3258 5307 3416 5364 quam
3453 5275 3744 5368 comm.“

2318 5389 2634 5446 misericors
2671 5387 2776 5444 fuit
2803 5386 3064 5444 Nicolaus
3093 5403 3255 5459 super
3283 5383 3497 5440 afﬂictos
3516 5421 3528 5444 ,
3546 5385 3659 5446 quau

2317 5492 2372 5538 et
2387 5481 2855 5554 eleemosynarius
2876 5480 2981 5537 fuit
2993 5455 3233 5538 Joannes
3253 5473 3534 5553 patriarcha

2323 5587 2451 5640 nus,
2491 5551 2780 5642 exterique
2821 5571 2998 5628 sancti
3035 5587 3197 5643 super
3234 5551 3442 5642 egenos,
3478 5551 3740 5643 inscii"?

2323 5667 2391 5721 ad
2417 5637 2616 5743 similia
2647 5637 2965 5732 incitamur,
2993 5637 3380 5737 qua-tenus'per
3404 5653 3565 5715 similia

2321 5739 2558 5815 similem
2598 5773 2858 5815 coronam
2907 5757 3192 5830 pervenire
3234 5761 3544 5826 satagamus.

2321 5851 2467 5908 bo'na
2493 5865 2656 5922 opera
2687 5859 2872 5909 nostra
2902 5815 3143 5908 stabilita
3173 5849 3298 5915 sint,
3334 5815 3432 5902 non
3457 5842 3500 5896 in
3525 5843 3638 5892 tam,
3659 5815 3734 5869 ⁸⁸⁵³
