3834 6332
88 395 192 454 1541

1166 390 1492 449 ΙΙΟΜΙΙλΙίΕ.
1534 422 1603 430 ——
1643 389 1706 448 11.
1745 390 1836 446 DE
1875 391 2184 474 SANCTIS.

3161 400 3296 456 1312

85 515 204 570 tinea
233 517 281 562 et
317 516 493 573 aerugo
522 501 835 569 demolitur,
862 512 915 558 et
955 503 1105 560 fures
1129 506 1391 562 ellodiunt
1428 515 1482 562 et
1527 506 1614 558 fu-
1643 509 1690 566 Α
1722 515 1820 560 ret.
1849 505 2112 563 Similiter
2133 507 2179 562 si
2223 506 2452 563 affectus
2489 516 2774 577 parentum
2809 510 2891 564 vel
2937 510 3168 567 ﬁliorum
3196 529 3296 570 nos

85 612 240 662 rantur
269 595 477 669 (Matth.
510 595 586 666 v),
625 616 644 647 ι
685 596 779 651 sed
808 597 865 651 in
889 596 1139 662 Domino,
1171 599 1262 669 qui
1333 615 1431 668 pro
1481 614 1607 670 par-

81 697 146 751 vis
173 689 407 762 ingentia,
446 703 546 758 pro
583 688 804 744 caducis
832 697 1055 757 aeterna,
1096 705 1194 760 pro
1226 690 1455 746 terrenis
1495 705 1610 746 ete-

83 782 210 839 lestia
231 777 439 850 przemia
468 777 592 832 suis
627 777 876 848 largitur,
911 777 1000 833 cui
1029 779 1208 834 honor
1233 785 1288 833 et
1317 778 1487 850 gloria
1516 795 1613 850 per

79 873 230 930 omnia
262 870 449 926 smeula
474 869 818 925 sreculorum.
850 871 1043 927 Amen.

761 961 903 1017 XIV.

327 1069 478 1108 UNIL’S
517 1070 802 1110 IARTYIUS.
843 1071 1014 1112 εειιυο
1051 1072 1118 1112 DE
1158 1073 1311 1112 LUCA.

136 1146 263 1199 Dixit
295 1145 444 1198 Iesus
474 1146 783 1216 discipulis:
815 1143 874 1200 Si
895 1148 1011 1218 quis
1035 1149 1172 1203 venit
1199 1149 1268 1202 ad
1298 1165 1398 1216 me,
1429 1157 1478 1203 et
1509 1165 1611 1202 non

75 1241 164 1292 odit
188 1245 376 1308 patrem
415 1254 568 1292 suum
603 1247 652 1291 et
684 1249 926 1307 matrem,
957 1250 1006 1294 et
1041 1258 1279 1310 uxorem,
1311 1253 1359 1296 et
1394 1241 1608 1312 fratres,

72 1343 111 1384 et
133 1347 334 1397 sorores,
357 1329 527 1384 adhuc
553 1338 727 1386 autem
754 1341 803 1387 et
827 1325 1061 1388 animam
1093 1352 1266 1403 suam,
1306 1353 1409 1389 non
1441 1345 1610 1406 potest

71 1439 190 1477 meus
219 1439 320 1476 esse
356 1422 648 1493 discipulus
688 1423 843 1495 (Luc.
889 1427 1022 1497 xw).
1057 1436 1162 1484 etc.
1204 1427 1262 1483 In
1303 1429 1407 1484 hac
1437 1429 1609 1484 sancti

69 1514 306 1586 Evangelii
341 1515 594 1582 lectione,
647 1515 843 1574 fratres
890 1521 1223 1588 cbarissimi,
1274 1522 1611 1578 demonstrat

67 1608 196 1661 nobis
223 1606 478 1663 Dominus
505 1625 627 1680 qua:
644 1609 755 1666 sint
772 1612 934 1668 nobis
957 1613 1284 1679 necessaria,
1312 1613 1380 1668 ad
1406 1614 1530 1679 hoc,
1551 1623 1609 1668 ut

63 1699 116 1753 de
137 1715 349 1754 numero
376 1701 675 1758 electorum
712 1720 939 1760 suorum
969 1722 1090 1762 esse
1124 1707 1420 1762 valeamus.
1470 1705 1608 1761 Sunt

61 1802 213 1847 autem
256 1793 340 1848 illa
375 1804 654 1866 quatuor:
687 1797 817 1852 vitia
857 1798 1058 1865 odisse,
1098 1799 1323 1854 virtutes
1360 1797 1604 1870 diligere,

1715 596 2016 667 impediunt
2040 613 2071 652 a
2117 597 2385 654 charitatc
2428 596 2543 665 Dei,
2569 597 2709 654 sicut
2739 599 2898 656 ﬁebat
2941 601 2993 656 in
3023 604 3296 674 primitiva

1715 687 1978 757 Ecclesia,
2033 689 2376 760 parentibus,
2426 689 2553 745 ﬁliis
2614 698 2669 745 et
2723 691 2915 747 amicis
2965 693 3294 766 inﬁdelibus,

1714 775 1924 832 ﬁdelem
1968 793 2000 832 a
2044 777 2147 833 ﬁde
2174 779 2601 846 retrahentibus,
2646 795 2743 835 eos
2784 789 3046 851 tanquam
3089 783 3296 838 alienos

1714 867 2048 940 ignoremus.
2081 869 2194 925 Etsi
2251 888 2310 927 se
2343 871 2502 926 nobis
2537 871 2820 943 objiciunt,
2851 873 2931 930 eis
2977 875 3199 931 calcatis
3229 877 3294 931 ad

1714 959 1885 1016 Demn
1915 962 2315 1035 confugiamus.
2345 962 2572 1021 Pietatis
2610 965 2757 1021 enim
2785 981 2957 1038 genus
2980 975 3065 1023 est
3102 968 3205 1024 hac
3241 967 3294 1022 in

1713 1067 1773 1108 re
1800 1068 1922 1108 csse
1947 1055 2240 1110 crudelem.

1785 1143 2038 1201 Secundo
2065 1162 2192 1201 vero
2227 1162 2328 1203 nos
2377 1147 2630 1203 hortatur
2657 1148 2725 1203 ad
2754 1137 2982 1203 virtutes
3004 1165 3127 1204 cum
3167 1149 3296 1204 sub-

1711 1237 1830 1294 dit:
1865 1235 1934 1290 Et
1976 1239 2067 1309 qui
2097 1256 2200 1293 non
2235 1239 2438 1310 bajulat
2483 1258 2690 1296 crucem
2719 1259 2873 1296 suam
2914 1251 2964 1297 et
3006 1245 3143 1298 venit
3179 1255 3294 1313 post

1711 1345 1814 1395 me,
1839 1345 1942 1382 non
1991 1339 2159 1402 potest
2201 1349 2344 1386 meus
2371 1349 2482 1387 esse
2526 1334 2839 1404 discipulus.
2886 1333 3038 1389 Multi
3071 1335 3292 1405 quidem

1710 1419 1964 1490 discipuli
1983 1418 2188 1475 Christi
2210 1420 2448 1488 fuerunt,
2472 1423 2567 1492 qui
2590 1432 2768 1479 tamen
2791 1425 2971 1479 crucis
2991 1424 3291 1494 patibulum

1709 1511 1916 1581 experti
1940 1526 2046 1566 non
2069 1521 2216 1566 sunt.
2243 1508 2362 1565 Non
2387 1512 2563 1568 solum
2597 1513 2760 1584 igitur
2788 1514 2969 1569 crucis
2991 1514 3293 1583 patibulum

1709 1611 1868 1659 vocat
1894 1602 2159 1658 Dominus
2189 1617 2428 1667 erucem,
2454 1602 2548 1658 sed
2577 1603 2739 1658 etiam
2777 1603 3075 1674 quamlibet
3100 1619 3295 1674 corpo-

1710 1693 1786 1749 ris
1817 1693 1899 1748 vel
1931 1693 2127 1748 anima:
2157 1693 2398 1748 laborem
2429 1693 2512 1748 vel
2556 1694 2925 1750 alllictioncm.
2973 1693 3146 1748 Porro
3175 1696 3294 1750 sine

1710 1800 1908 1856 magno
1955 1784 2140 1841 labore
2185 1793 2240 1840 et
2285 1783 2575 1841 atllictione
2616 1785 2682 1840 de
2731 1785 2843 1840 imo
2892 1785 2959 1839 ad
2990 1785 3180 1851 altum,
3227 1785 3297 1839 de

61 1883 103 1936 in
135 1884 211 1939 his
243 1900 613 1955 perseverare,
644 1905 746 1944 nec
775 1889 842 1945 de
877 1889 993 1945 suis
1023 1891 1253 1957 mel-ius,
1281 1890 1375 1946 sed
1400 1891 1467 1947 de
1492 1891 1606 1946 sola
1643 1881 1684 1936 Β
1710 1877 1856 1932 vitiis
1879 1877 1948 1933 ad
1973 1878 2203 1933 virtutes
2231 1877 2525 1934 ascendere
2547 1893 2655 1932 non
2678 1879 2942 1933 valemus.
2969 1875 3104 1932 Nam
3131 1878 3294 1932 vitio-

59 1973 134 2028 Dei
177 1976 547 2035 misericordia
598 1996 950 2052 praesumere.
1003 1981 1244 2038 Primum
1293 1983 1458 2054 igitur
1506 2000 1605 2040 nos

57 2066 272 2122 hortatur
302 2068 572 2128 Dominus
598 2073 666 2129 ad
693 2073 877 2130 odium
905 2075 1184 2142 vitiorum,
1222 2093 1345 2131 eum
1377 2077 1558 2132 subdit
1588 2097 1601 2132 ε

56 2155 104 2211 Si
131 2161 237 2228 quis
274 2163 414 2216 venit
461 2163 530 2218 ad
577 2182 676 2232 me,
711 2175 762 2220 et
801 2183 904 2220 non
941 2168 1054 2222 odit
1092 2177 1294 2239 patrem
1331 2186 1506 2235 suum,
1554 2179 1602 2224 et

54 2259 264 2318 matrem,
290 2261 344 2308 et
375 2270 613 2322 uxorem,
648 2265 698 2310 et
728 2256 892 2326 ﬁlios,
939 2267 990 2312 et
1029 2258 1244 2328 fratres,
1293 2269 1342 2313 et
1378 2276 1600 2325 sorores,

50 2337 196 2391 adhuc
214 2351 391 2396 autem
416 2352 466 2397 et
494 2345 729 2399 animam
770 2364 944 2415 suam,
979 2365 1081 2402 non
1113 2358 1279 2420 potest
1315 2366 1458 2404 meus
1495 2367 1604 2404 esse

46 2426 333 2499 discipulus.
409 2430 530 2488 Non
567 2435 711 2490 enim
754 2437 808 2490 in
852 2437 938 2493 bis
977 2438 1159 2494 verbis
1199 2439 1481 2506 Dominus,
1507 2440 1601 2511 qui

47 2518 153 2574 alibi
171 2523 423 2594 prmeepit
453 2525 612 2581 nobis
641 2527 910 2584 honorare
942 2539 1148 2600 patrem
1177 2538 1232 2586 et
1258 2541 1512 2597 matrem,
1549 2538 1600 2585 et

43 2608 239 2680 diligere
267 2614 582 2683 proximum
610 2615 807 2686 (Exod.
841 2618 919 2684 Χ),
951 2621 1195 2692 praecipit
1227 2637 1323 2677 eos
1350 2622 1476 2677 odio
1506 2623 1602 2676 ha-

43 2699 168 2767 bere,
221 2703 314 2759 sed
367 2713 577 2761 tantum
619 2709 751 2764 vitia
792 2709 1056 2780 ipsorum.
1109 2711 1188 2768 Eo
1230 2714 1396 2784 igitur
1440 2714 1603 2768 modo

42 2806 137 2860 quo
156 2793 420 2853 debemus
444 2798 626 2855 odisse
656 2803 1044 2874 nosmetipsos,
1071 2819 1138 2860 eo
1159 2805 1321 2860 modo
1341 2805 1602 2861 debemus

38 2879 200 2936 odisse
214 2894 476 2954 parentes
499 2895 552 2942 et
570 2889 848 2958 proximos
873 2900 1111 2947 nostros.
1148 2891 1415 2949 Debemus
1440 2894 1600 2964 quip-

37 2985 95 3039 pe
120 2973 293 3031 odisse
335 2979 724 3049 nosmetipsos,
755 2982 946 3052 quales
975 2983 1182 3039 scilicet
1203 2985 1479 3054 peccando
1503 3001 1602 3040 nos

35 3060 264 3133 fecimus,
309 3076 374 3122 et
417 3069 679 3126 debemus
721 3073 946 3144 diligere
985 3075 1372 3146 nosmetipsos,
1412 3077 1602 3147 quales

33 3153 265 3212 videlicet
324 3174 361 3214 a
420 3159 532 3214 Deo
584 3160 712 3216 facti
767 3179 979 3218 sumus.
1031 3163 1302 3220 Debemus
1348 3169 1597 3238 persequi

29 3247 143 3302 vitia
172 3259 387 3316 nostra,
419 3267 542 3322 quae
575 3269 608 3309 a
643 3255 803 3310 nobis
829 3271 938 3310 non
969 3272 999 3311 a
1031 3255 1142 3312 Deo
1180 3265 1332 3326 sunt,
1369 3271 1423 3314 et
1459 3258 1604 3314 fove-

30 3353 80 3390 re
105 3350 361 3397 naturam
407 3343 606 3415 ipsam,
645 3362 768 3416 qua:
797 3362 828 3401 a
861 3345 992 3413 Deo,
1037 3364 1148 3403 non
1183 3365 1249 3405 ex
1295 3350 1456 3406 nobis
1496 3359 1598 3406 est.

29 3428 95 3484 Ita
137 3450 366 3506 quoque
417 3435 471 3490 in
516 3439 834 3507 parentibus
869 3447 922 3494 et
954 3440 1220 3510 proximis
1269 3441 1473 3497 nostris
1517 3441 1602 3496 vi-

28 3522 91 3577 tia
131 3540 321 3582 eorum
372 3527 635 3585 debemus
681 3531 807 3584 odio
848 3531 1070 3599 habere,
1118 3541 1174 3588 et
1219 3541 1472 3588 naturam
1519 3532 1603 3588 fo-

24 3627 137 3668 vere
177 3631 304 3671 cum
357 3626 507 3673 tanta
545 3619 875 3676 discretione
923 3629 985 3676 ut
1037 3623 1330 3694 aliquando
1381 3632 1604 3695 propter

24 3705 138 3760 vitia
193 3723 396 3764 eorum
445 3721 696 3767 naturam
754 3728 947 3769 eorum
1001 3730 1114 3770 non
1185 3732 1599 3788 persequamur,

23 3812 109 3852 nec
159 3801 468 3872 aliquando
517 3813 738 3876 propter
798 3806 1149 3862 dilectionem
1201 3818 1413 3865 natura:
1467 3809 1599 3865 vitia

23 3902 196 3946 eorum
236 3892 551 3950 foveamus.
587 3895 816 3967 Propter
854 3897 959 3954 hoc
1008 3899 1154 3954 enim
1204 3899 1428 3956 nomine
1475 3917 1599 3957 car-

23 3982 212 4038 nalium
270 3985 607 4056 affectuum,
655 3989 907 4046 videlicet
959 4001 1170 4062 patrem
1225 4001 1279 4048 et
1334 4003 1598 4061 matrem,

23 4087 256 4143 uxorem,
292 4086 358 4133 et
385 4077 548 4147 ﬁlios,
609 4089 664 4136 et
702 4082 942 4138 animam
981 4085 1277 4155 pr0priam,
1317 4085 1603 4157 vigilanter

23 4167 218 4236 tosuit,
259 4179 332 4226 ut
365 4171 674 4228 ostenderet
723 4175 870 4244 quod
903 4184 1130 4247 propter
1163 4177 1373 4232 nullum
1409 4193 1602 4234 cama-

27 4273 110 4314 em
154 4261 423 4318 allectum
463 4271 584 4318 erat
645 4266 846 4337 aliquis
899 4267 956 4322 in
1001 4279 1226 4339 peccato
1263 4285 1368 4326 suo
1414 4269 1602 4327 foven-

24 4351 106 4408 lus
135 4396 152 4420 ,
203 4356 296 4410 vel
353 4363 547 4412 contra
595 4356 766 4413 Deum
820 4359 1128 4431 diligendus
1155 4403 1171 4428 ,
1222 4362 1335 4417 imo
1380 4370 1604 4434 propter

23 4461 251 4504 umorem
285 4448 414 4518 Dei,
438 4449 486 4505 si
508 4465 734 4507 necesse
758 4451 852 4520 sit,
877 4467 1069 4510 onmes
1099 4455 1345 4512 carnales
1375 4455 1602 4514 allectus

1631 3217 1679 3280 ο

1709 1983 1831 2021 rum
1856 1967 1941 2022 via
1966 1967 2142 2023 facilis
2165 1977 2250 2023 est
2273 1986 2288 2036 ;
2321 1969 2585 2023 virtutum
2611 1984 2740 2024 vero
2767 1968 2853 2023 via
2883 1969 3038 2024 valde
3061 1968 3294 2025 diﬁlcilis

1705 2067 1808 2113 est.
1824 2056 1980 2114 Unde
2002 2058 2266 2116 Dominus
2301 2077 2315 2115 :
2351 2078 2369 2112 ι
2405 2060 2622 2138 Ampla,
2649 2059 2845 2131 inquit,
2874 2069 2927 2116 et
2963 2061 3070 2116 lata
3098 2070 3182 2116 est
3206 2062 3293 2118 via
3325 2067 3332 2078 '

1705 2167 1826 2222 qua:
1851 2151 2002 2207 ducit
2049 2151 2115 2206 ad
2141 2151 2310 2206 vitam
2350 2151 2570 2224 (Matth.
2611 2154 2730 2223 vn).
2765 2171 2782 2204 ι
2841 2153 2980 2209 Dicit
3009 2154 3293 2224 igiturhic

1706 2244 1866 2298 nobis
1911 2241 2176 2299 Dominus
2213 2244 2360 2315 quod
2399 2245 2652 2314 discipuli
2687 2245 2806 2316 ejus
2832 2261 2954 2300 esse
2979 2247 3294 2316 nequimus,

1707 2334 1812 2390 nisi
1859 2351 2076 2390 erm-em
2126 2345 2368 2391 nostram
2397 2335 2728 2407 bajulemus,
2753 2336 2802 2391 id
2825 2346 2908 2392 est
2931 2337 3034 2392 nisi
3055 2338 3294 2391 laborem

1703 2436 1758 2482 et
1804 2425 2179 2483 difficultatem
2218 2428 2481 2483 virtutum
2523 2429 2937 2498 amplectamur.
2982 2427 3126 2483 Sane
3161 2444 3295 2483 crux

1709 2517 1814 2573 ista
1861 2519 2147 2590 triplieiter
2182 2519 2490 2591 bajulatur;
2537 2528 2631 2575 aut
2657 2520 2802 2576 enim
2837 2535 2933 2590 per
2967 2520 3208 2575 laborem
3243 2515 3296 2574 ει

1705 2610 2092 2667 abstinentiam
2153 2627 2353 2683 corpus
2389 2613 2706 2684 castigatur,
2769 2622 2864 2668 aut
2922 2627 3018 2684 per
3045 2628 3296 2682 compas-

1704 2702 1915 2758 siouem
1949 2704 2182 2774 proximi
2213 2721 2370 2762 mens
2413 2705 2689 2777 affligitur,
2726 2715 2822 2761 aut
2852 2722 2976 2762 cum
3014 2707 3174 2762 illata:
3206 2705 3291 2760 in—

1699 2793 1859 2862 jnrlte
1879 2795 2260 2865 aequanimiter
2285 2796 2646 2851 sustinentur.
2689 2794 2747 2850 ln
2779 2796 2978 2867 primo,
3005 2795 3289 2850 abstinen-

1705 2883 1836 2938 tiam
1879 2894 1935 2939 et
1975 2885 2396 2952 continentiam;
2443 2887 2496 2940 in
2543 2887 2806 2953 secundo,
2855 2888 3174 2942 ebaritatcm
3234 2897 3290 2943 et

1703 2973 2174 3044 misericordiam;
2202 2976 2255 3031 in
2280 2979 2460 3044 tertio,
2491 2978 2862 3034 fortitudinem
2892 2988 2940 3034 et
2973 2978 3290 3050 patientiam

1703 3065 2066 3134 possidemus.
2115 3066 2221 3122 Sed
2268 3066 2396 3137 quia
2445 3066 2668 3137 quidam
2717 3083 2934 3123 crucem
2987 3071 3289 3140 corporalis

1705 3157 2082 3229 castigationis
2132 3157 2314 3214 ferunt
2367 3168 2589 3230 propter
2638 3175 2833 3214 vanam
2883 3161 3148 3232 gloriam,
3195 3171 3288 3216 aut

1709 3264 1928 3305 crucem
1953 3249 2352 3320 compassionis
2378 3261 2600 3322 pr0ptcr
2641 3253 2918 3308 carnalem
2951 3262 3006 3307 et
3029 3253 3294 3308 indiscre-

1709 3349 1816 3396 tam
1841 3341 2119 3412 pietatem,
2143 3352 2237 3399 aut
2258 3359 2476 3400 crucem
2501 3345 2828 3416 iniuriarum
2857 3355 3076 3417 propter
3099 3362 3296 3400 vanam

1706 3434 1954 3506 gloriam,
1991 3437 2119 3506 quia
2153 3436 2208 3490 hi
2247 3453 2440 3493 omnes
2469 3455 2688 3495 crucem
2722 3448 2964 3510 portant,
2991 3439 3086 3494 sed
3111 3437 3296 3494 Domi-

1712 3539 1843 3579 num
1865 3541 1975 3582 non
1993 3537 2316 3597 sequuntur,
2336 3529 2616 3602 subjungit
2637 3529 2926 3597 Dominus,
2947 3540 2997 3585 et
3017 3531 3156 3585 venit
3176 3543 3294 3601 post
3377 3555 3388 3562 —

1704 3629 1820 3681 me;
1849 3624 1908 3672 ut
1943 3615 2228 3684 videlicet,
2261 3618 2459 3676 fratres
2491 3621 2633 3686 mei,
2665 3630 2719 3675 et
2755 3621 2996 3676 laborem
3029 3621 3293 3676 virtutum

1703 3707 1759 3763 in
1782 3707 2143 3780 castigatione
2171 3711 2443 3781 corporis,
2477 3719 2531 3767 et
2561 3713 2615 3766 in
2654 3713 3037 3785 compassione
3073 3713 3292 3778 mentis,

1702 3808 1756 3855 et
1780 3800 1834 3854 in
1876 3801 2136 3871 patientia
2180 3803 2576 3873 persecutionis
2621 3806 3034 3875 amplectamur,
3085 3815 3139 3860 et
3176 3806 3294 3860 haec

1703 3895 2085 3950 tantummodo
2140 3904 2363 3968 propter
2423 3897 2748 3953 charitatem
2810 3905 2866 3954 et
2930 3896 3291 3952 imitationem

1701 3986 1908 4042 Christi
1959 3985 2246 4044 faciamus.
2325 3987 2512 4044 Tertio
2555 4005 2776 4061 quoque
2824 3989 3289 4061 perseverantiam

1701 4093 1824 4134 esse
1844 4078 2004 4134 nobis
2022 4079 2387 4135 necessariam
2410 4080 2669 4148 ostendit,
2697 4096 2822 4136 cum
2849 4096 2947 4151 per
2972 4081 3286 4151 parabolam

1703 4171 1921 4228 subdit:
1983 4168 2116 4236 Quis
2179 4172 2321 4225 enim
2376 4188 2444 4227 ea:
2496 4172 2640 4227 vobis
2700 4173 2874 4228 colens
2919 4173 3110 4226 turrim
3153 4175 3290 4228 cedi-

1701 4264 1896 4334 ficare,
1951 4279 2054 4317 non
2104 4264 2255 4335 prius
2327 4264 2510 4320 sedens
2543 4308 2545 4310 .
2576 4271 2844 4333 computat
2891 4273 3132 4336 sumptus
3198 4267 3290 4337 qui

1703 4355 1988 4409 necessarii
2039 4362 2208 4422 sunt,
2281 4356 2330 4410 si
2387 4355 2542 4410 habet
2599 4357 2669 4410 ad
2744 4357 3123 4427 perficiendam
3152 4398 3168 4423 ,
3230 4375 3318 4412 ne

1701 4455 1881 4516 postea
1913 4462 2033 4499 cum
2073 4448 2310 4517 posuerit
2347 4447 2768 4518 fundamentum,
2812 4458 2866 4504 et
2901 4466 3007 4503 non
3054 4452 3292 4520 potuerit

24 4545 130 4593 :unt
155 4539 483 4610 abiiciendi.
506 4540 757 4610 Quandiu
777 4545 1025 4601 carnales
1047 4545 1273 4604 affectus
1293 4548 1379 4602 vel
1405 4549 1602 4606 animae

1708 4539 1975 4608 per/icere,
1999 4555 2177 4594 omnes
2210 4540 2301 4610 qui
2345 4541 2570 4595 viderint
2602 4541 2864 4612 incipiant
2895 4541 3121 4595 illudere
3144 4556 3290 4604 eum,

23 4636 228 4697 nostra,
268 4631 362 4686 vel
399 4643 711 4702 parentum,
739 4636 826 4692 vel
865 4635 1104 4693 ﬁliorum
1152 4647 1465 4695 nostrorum
1495 4656 1604 4696 non
1708 4629 1936 4684 dicentes
1958 4645 1978 4684 :
2001 4628 2141 4695 Quia
2165 4631 2250 4686 hie
2271 4632 2424 4687 Iconio
2445 4634 2898 4710 caepimdiﬁcare,
2923 4644 2971 4687 et
2991 4649 3096 4686 non
3116 4635 3294 4704 potuit

23 4719 288 4778 tbsistunt
308 4725 473 4780 nobis
495 4725 552 4780 in
571 4725 662 4782 via
679 4725 797 4794 Dei,
827 4741 925 4784 eos
945 4736 1248 4785 teneamus.
1267 4729 1325 4786 Si
1353 4746 1484 4787 vero
1505 4745 1602 4787 nos

1708 4737 2070 4776 consummare
2093 4724 2119 4778 ἵ
2146 4721 2285 4780 Cum
2319 4724 2374 4780 in
2417 4725 2644 4781 aedilicio
2685 4724 2779 4779 Dei
2825 4725 3160 4792 laborantes,
3193 4725 3294 4780 bo-

23 4814 340 4882 mpediunt,
368 4830 463 4870 eos
489 4815 834 4888 abjiciamus.
867 4817 1028 4875 Certe
1055 4819 1187 4875 dum
1217 4819 1422 4878 Paulus
1454 4819 1605 4877 Jeru-

1707 4825 1842 4868 num
1903 4825 2044 4883 opus
2101 4814 2248 4870 bono
2328 4815 2513 4887 operi,
2576 4814 2830 4870 virtutem
2903 4815 3129 4882 virtuti,
3191 4814 3314 4869 sil--

27 4901 170 4956 alem
202 4907 484 4975 pergeret,
529 4905 792 4977 propheta
828 4906 1050 4979 Agabus
1091 4923 1284 4964 zonam
1330 4908 1477 4966 illius
1509 4925 1608 4982 ap-
1699 4903 1960 4975 jiciendo,
2003 4905 2356 4964 ascensiones
2395 4907 2451 4962 in
2493 4906 2657 4962 corde
2697 4914 2888 4963 nostro
2943 4906 3290 4978 disponimus

23 4992 328 5060 rebendit,
361 5003 417 5050 et
433 4995 661 5065 pedibus
685 4997 804 5054 suis
825 4998 1085 5070 alligavit,
1107 4999 1294 5055 dicens
1317 5017 1362 5054 τι
1391 4999 1603 5068 Virum,

25 5081 159 5153 ujus
211 5092 312 5141 est
355 5085 474 5142 hac
517 5101 687 5156 zona,
742 5088 825 5145 sic
871 5089 1172 5162 alligabunt
1195 5090 1254 5146 in
1297 5090 1601 5148 Jerusalem

23 5175 136 5230 Aet.
167 5175 325 5247 ιιι).
369 5195 390 5228 ι
423 5175 532 5233 Sed
556 5178 650 5250 qui
675 5178 913 5250 perfecte
942 5182 1183 5238 animam
1210 5198 1366 5240 suam
1392 5184 1616 5247 oderat.-

24 5264 217 5322 icebat
243 5285 260 5322 :
295 5286 318 5320 ι
341 5266 454 5340 Ego
477 5285 586 5326 non
605 5271 786 5328 solum
807 5272 1040 5345 alligari,
1065 5274 1160 5331 sed
1179 5274 1347 5332 etiam
1376 5275 1520 5331 mori
1544 5276 1600 5331 iu

23 5359 320 5417 mnsalem
367 5371 592 5430 paratus
637 5379 761 5420 sum
817 5380 920 5436 pro
961 5365 1187 5423 nomine
1233 5365 1365 5424 Iesu
1393 5365 1600 5424 Christi

24 5449 204 5522 ΜΛ).
251 5469 278 5504 s
315 5480 387 5492 -
412 5472 432 5505 ι
461 5451 576 5511 Nec
593 5452 736 5511 facio
757 5457 998 5528 anitum
1018 5473 1196 5514 meam
1217 5459 1596 5532 pretiosiorem

23 5558 158 5598 nam
194 5559 300 5599 me
325 5544 464 5616 (Act.
495 5546 612 5620 xx).
642 5543 682 5601 ›’
703 5547 845 5606 Ecce
868 5552 1144 5621 quomodo
1172 5551 1416 5606 animam
1437 5567 1596 5608 suam

23 5635 220 5704 derat,
287 5636 402 5695 imo
439 5640 632 5697 odiens
679 5642 919 5711 amabat,
950 5643 1110 5714 cujus
1153 5644 1427 5700 carnalem
1466 5643 1600 5701 aﬂ'e-

24 5743 138 5783 ;um
171 5727 500 5798 abjiciebat,
537 5732 730 5796 volens
757 5747 879 5789 eam
904 5735 1046 5791 mori
1074 5734 1443 5805 temporaliter
1469 5750 1608 5806 pro-.

23 5825 106 5873 ter
132 5817 480 5880 charitatem
507 5821 737 5894 Christi,
763 5832 824 5882 ut
848 5841 976 5882 cum
995 5841 1064 5884 eo
1091 5825 1419 5884 aeternaliter
1447 5826 1595 5885 vive-

1709 4995 1885 5068 (Psal.
1931 4999 2188 5070 Lxxxm),
2237 4999 2368 5070 quid
2413 4998 2562 5053 aliud
2601 5014 2767 5070 quam
2809 4999 3005 5054 turrim
3052 4998 3288 5055 adiﬁca-

1705 5088 1864 5144 mus?
1895 5089 2050 5145 Sicut
2071 5091 2216 5146 enim
2248 5090 2434 5158 turris,
2466 5090 2539 5144 ita
2570 5100 2621 5147 et
2649 5089 2988 5146 constructio
3019 5091 3284 5146 virtutum

1704 5193 1808 5234 nos
1833 5179 1906 5234 ab
1935 5179 2176 5236 inimicis
2203 5179 2478 5248 defendit,
2525 5191 2581 5236 et
2621 5182 2687 5237 ad
2731 5182 2837 5237 alta
2881 5195 2987 5237 nos
3027 5182 3283 5238 sustollit.

1703 5271 1857 5328 Hane
1883 5272 2080 5328 turrim
2115 5271 2250 5328 ﬁdes
2279 5272 2489 5340 fundat,
2525 5290 2651 5344 spes
2677 5276 2913 5344 parietes
2941 5273 3122 5348 erigit,
3155 5277 3287 5333 cha-

1703 5366 1838 5422 ritas
1884 5364 2092 5436 lapides
2136 5365 2408 5435 lapidibus
2449 5365 2600 5438 ligat,
2644 5368 2863 5438 imaque
2911 5368 3083 5425 virtus
3123 5385 3286 5424 suum

1699 5455 2170 5529 propugnaculum
2201 5455 2450 5530 fabricat.
2482 5456 2770 5515 Humilitas
2793 5467 2966 5514 totum
2997 5461 3310 5515 aediﬁcium

1697 5548 1958 5604 sublimat
1982 5554 2037 5603 et
2062 5559 2425 5603 crmsummat.
2455 5547 2628 5614 Quam
2656 5550 2846 5621 utique
2868 5550 3062 5606 turrim
3083 5551 3129 5607 si
3152 5551 3308 5606 adio.

1697 5643 1863 5696 ﬁeare
1890 5641 2147 5696 volumus
2169 5680 2185 5706 ,
2215 5649 2430 5711 oportet
2460 5640 2616 5710 prius
2650 5651 2708 5696 ut
2737 5643 3008 5709 sedentes,
3044 5643 3099 5697 id
3133 5651 3219 5696 est
3253 5658 3284 5696 a

1696 5734 2026 5790 tumultibus
2061 5733 2250 5788 mundi
2296 5733 2642 5805 quiescentes
2665 5774 2680 5800 ,
2717 5743 2972 5805 sumptus
3000 5742 3306 5804 computo»

1696 5840 1838 5882 mus.
1887 5823 2043 5882 Tune
2091 5832 2343 5896 sumptus
2382 5834 2787 5896 computamus,
2837 5839 2962 5882 cum
3007 5823 3302 5882 discerni-.
