3844 6318
526 423 667 479 1545

1818 400 2165 460 nsnncrm
2209 396 2553 458 ARDENTIS
2882 446 2895 468 ,
3631 387 3717 464 an

525 554 651 594 unus
699 542 921 608 propter
965 533 1187 595 caeleste
1234 525 1522 584 :edifieium
1576 537 1744 578 omne
1773 523 1969 576 vitium
2002 537 2126 576 esse
2164 535 2198 584 ,χ
2229 521 2314 575 bis
2365 518 2728 573 morientilms
2765 525 2820 572 et
2862 517 2929 571 ad
2970 515 3242 586 judicium
3290 513 3614 581 venientibus,
3641 531 3719 582 ιυικ

525 629 868 703 fugiendum,
897 627 1153 681 virtutem
1197 635 1302 679 .sse
1327 617 1683 689 sequendam,
1711 615 1950 669 animam
1982 629 2114 669 cou-

526 731 608 776 tra
653 720 881 776 adversa
928 733 1048 773 esse
1098 709 1532 784 praeparandam,
1565 706 1833 762 mundum
1868 713 2110 759 contem-

525 814 790 880 nendum,
817 821 872 868 et
896 807 1247 880 temporalem
1294 801 1657 858 substantiam
1688 807 1908 871 propter
1937 795 2090 852 chari

524 917 691 965 tatem
725 905 939 963 Domini
986 899 1156 956 nostri
1191 896 1544 968 erogandam,
1582 892 1712 950 etin
1743 890 2000 948 omnibus
2034 887 2120 944 bis

526 997 1005 1070 perseverandum.
1039 990 1154 1045 Non
1183 989 1328 1044 enim
1363 987 1506 1043 sicut
1537 985 1604 1041 ad
1638 992 1915 1040 terrenum
1944 979 2116 1036 ωιιίῐί-

523 1093 669 1148 cium
699 1085 1151 1150 construendum,
1180 1081 1260 1138 sic
1289 1080 1358 1136 ad
1389 1079 1612 1135 caeleste
1639 1091 1864 1132 necesse
1890 1083 1977 1130 est
2018 1089 2120 1127 nos

523 1197 790 1252 expensas
839 1177 1127 1248 colligere,
1177 1173 1289 1227 imo
1337 1170 1521 1243 potius
1564 1182 1811 1239 erOgare.
1863 1163 2004 1220 llinc
2035 1172 2120 1217 est

521 1275 666 1344 quod
712 1273 864 1328 dives
923 1286 1050 1326 cum
1113 1267 1360 1324 audisset
1417 1281 1448 1320 a
1513 1262 1746 1317 Domino
1787 1270 2118 1332 prarccptum

520 1367 704 1422 omnia
741 1363 1118 1436 relinquendi,
1144 1361 1279 1416 abiit
1311 1359 1486 1415 tristis
1515 1355 1735 1429 (Matth.
1767 1369 1896 1419 xix;
1947 1349 2117 1404 Marc.

523 1460 608 1529 x);
644 1467 699 1513 et
725 1466 877 1512 tanto
905 1456 1028 1526 plus
1058 1461 1300 1511 arctatus
1328 1461 1412 1507 est
1443 1451 1498 1504 in
1529 1456 1731 1513 mente,
1758 1452 1966 1517 quanto
1997 1442 2120 1513 plus

518 1552 780 1606 dilatatus
828 1549 1007 1604 fuerat
1056 1549 1111 1602 in
1162 1545 1535 1618 possessione.
1589 1539 1792 1596 Omnes
1849 1537 2015 1609 igitur
2064 1534 2119 1589 hi

520 1652 773 1713 sumptus
819 1657 945 1697 cum
986 1637 1391 1710 perseverantia
1421 1632 1718 1692 necessarii
1757 1641 1887 1687 sunt
1937 1627 2118 1683 nobis.

519 1736 678 1805 Quod
709 1737 756 1792 si
787 1737 842 1791 in
883 1735 1030 1790 bono
1063 1731 1334 1804 principio
1373 1729 1538 1802 (quod
1583 1723 1746 1796 absit)
1785 1739 1895 1779 non
1929 1735 2120 1793 perse—

518 1845 799 1895 veramus,
831 1842 1024 1884 omnes
1050 1826 1266 1881 labores
1292 1833 1511 1879 nostros
1541 1819 1763 1875 inutiles
1793 1815 1954 1872 nobis
1990 1812 2118 1868 red-

518 1923 723 1987 dimus,
752 1929 807 1975 et
841 1919 1048 1975 inimici
1077 1917 1274 1984 nostri,
1321 1915 1373 1972 id
1415 1923 1500 1970 est
1545 1913 1824 1968 daemones
1867 1917 1922 1964 et
1961 1922 2120 1963 mun-

518 2013 648 2069 dani
699 2013 981 2080 homines,
1031 2009 1296 2081 incipient
1346 2007 1573 2063 illudere
1626 2004 1787 2060 nobis
1827 2001 2112 2057 dicentes:

521 2105 660 2173 Quia
707 2105 792 2158 hic
834 2104 989 2158 homo
1028 2103 1183 2172 cwpit
1213 2100 1502 2170 wdiﬁcare,
1549 2106 1598 2152 et
1638 2113 1744 2151 non
1773 2094 1944 2166 potuit
1986 2109 2114 2146 con-

517 2209 806 2260 summare,
844 2201 982 2248 teste
1015 2192 1237 2263 quidem
1284 2189 1476 2256 Paulo,
1514 2207 1531 2240 ι
1577 2185 1704 2242 facti
1750 2198 1943 2242 sumus
1994 2197 2115 2252 spe-

518 2285 790 2340 ctaculum
817 2284 1044 2352 mundo,
1071 2283 1279 2355 angelis
1307 2290 1362 2337 et
1394 2279 1712 2336 hominibus
1735 2277 1792 2349 (I
1815 2275 1939 2333 Cor.
1972 2275 2066 2345 Iv).
2089 2293 2108 2324 ο

523 2374 675 2432 Unde
701 2377 756 2430 lu
787 2392 950 2432 omne
973 2375 1120 2447 quod
1145 2375 1362 2448 agimus
1377 2373 1624 2429 occultos
1639 2367 1985 2426 adversarios
2012 2379 2113 2419 no~

517 2477 664 2525 stros
711 2485 927 2540 semper
955 2468 1196 2538 cogitare
1225 2467 1510 2534 debemus,
1549 2463 1644 2536 qui
1680 2462 1884 2518 nostris
1918 2459 2116 2532 opibus

519 2561 881 2628 insidiantur,
913 2570 970 2616 et
1003 2560 1112 2616 nisi
1141 2568 1333 2615 contra
1371 2574 1468 2615 eos
1509 2557 1829 2629 vigilemus,
1875 2552 2116 2625 patimur

518 2651 772 2710 Irrisores
793 2669 936 2724 quos
966 2653 1260 2708 habuimus
1296 2651 1365 2707 ad
1404 2650 1611 2706 malum
1661 2663 1940 2705 suasores.
1985 2643 2116 2700 Inde

513 2756 600 2804 est
641 2746 789 2818 quod
838 2746 1131 2803 Psalmista
1179 2755 1334 2818 rogat
1383 2744 1678 2800 Dominum
1729 2742 1961 2798 dicens:
1989 2758 2008 2792 ι
2036 2737 2140 2795 Ne'

517 2840 781 2896 irrideant
809 2855 896 2895 me
926 2839 1134 2895 inimici
1167 2839 1274 2894 mei
1305 2837 1481 2909 (Psal.
1521 2837 1672 2908 xxxv)
1707 2854 1726 2909 η

587 2931 815 3000 Quarto,
870 2932 1214 2988 demonstrat
1266 2905 1534 2986 Dominus
1577 2905 1764 3001 quod,
1821 2934 2109 2999 postquam

515 3024 772 3094 prasdieta
823 3023 1137 3091 fecerimus,
1186 3037 1469 3092 nunquam
1517 3019 1787 3076 estnobis
1811 3019 1878 3074 de
1906 3016 2117 3073 meritis

517 3117 742 3183 nostris,
793 3117 888 3174 sed
939 3117 1007 3172 de
1048 3116 1166 3173 sola
1215 3114 1308 3171 Dei
1347 3112 1726 3170 misericordia
1778 3125 2119 3182 praesumen-

517 3209 673 3280 dum,
719 3224 846 3265 cum
895 3224 991 3280 per
1037 3207 1456 3264 similitudinem
1492 3207 1560 3262 de
1603 3203 1806 3261 minori
1834 3203 1903 3260 ad
1936 3203 2117 3274 majus

519 3306 704 3362 subdit
729 3324 742 3360 :
768 3305 872 3359 Aut
897 3305 1016 3376 quis
1041 3320 1133 3358 rex
1156 3304 1330 3357 iturus
1353 3302 1679 3356 committere
1700 3299 1895 3355 bellum
1929 3299 2116 3354 adver-

518 3413 608 3450 sus
634 3396 803 3450 alium
829 3412 1028 3467 regem,
1083 3411 1186 3449 non
1209 3395 1359 3465 prius
1402 3394 1586 3449 sedens
1608 3394 1807 3464 cogitat
1854 3392 1902 3446 si
1947 3392 2117 3463 possit

519 3505 638 3542 cum
661 3489 840 3543 decem
863 3487 1100 3542 millibus
1123 3503 1395 3542 occurrere
1420 3486 1503 3540 illi
1526 3487 1617 3559 qui
1641 3503 1763 3541 cum
1782 3485 1970 3557 viginti
1995 3483 2120 3539 mil-

518 3582 656 3638 libus
685 3583 823 3638 venit
851 3582 920 3636 ad
961 3582 1061 3637 se?
1095 3581 1334 3652 Alioqui,
1374 3580 1470 3636 illo
1507 3580 1680 3634 adhuc
1721 3579 1875 3650 longe
1913 3587 2116 3650 agente,

519 3677 734 3730 mittens
757 3674 1079 3745 legationem
1121 3683 1272 3744 rogat
1294 3690 1354 3728 ea
1382 3689 1500 3744 qua:
1525 3673 1675 3744 pacis
1709 3681 1853 3726 sunt.
1893 3670 1963 3725 At
2003 3669 2120 3726 Rex

523 3781 713 3836 regum
758 3772 956 3820 contra
1005 3779 1106 3820 nos
1137 3765 1370 3820 miseros
1401 3771 1716 3835 peccatores
1753 3763 1823 3819 ad
1845 3761 2117 3834 judicium

525 3859 688 3915 venit.
737 3856 955 3925 Quanta
1001 3855 1167 3928 igitur
1213 3856 1607 3928 lacrymarum,
1655 3855 2023 3926 suspiriorum
2066 3862 2122 3909 et

521 3951 738 4021 piorum
782 3964 1011 4019 opermn
1059 3946 1328 4020 legatione
1373 3947 1444 4003 ab
1483 3963 1550 4004 eo
1596 3946 2032 4003 misericordiam
2067 3955 2124 4002 et

519 4042 740 4098 veniam
791 4040 1086 4112 implorare
1135 4040 1432 4107 debemus,
1481 4039 1578 4112 qui
1624 4055 1753 4096 eum
1800 4053 1868 4096 eo
1911 4039 2123 4110 judicio

522 4135 854 4194 contendere
882 4150 992 4190 non
1027 4134 1274 4190 valemus
1298 4136 1312 4188 l
1338 4131 1456 4189 Hoc
1477 4132 1780 4205 pravidens
1809 4131 2121 4199 Psalmista,

525 4229 725 4286 timens
751 4227 1044 4298 judicium,
1075 4226 1510 4282 misericordiam
1549 4235 1724 4296 rogat,
1755 4225 1979 4281 dicens:
2009 4222 2127 4280 «Ne

526 4323 698 4378 intres
739 4337 868 4376 cum
914 4335 1075 4376 servo
1122 4319 1176 4374 in
1211 4318 1504 4390 judicium,
1553 4315 1802 4383 Domine,
1846 4316 1978 4388 quia
2011 4331 2124 4372 non

522 4415 914 4488 justificabitur
942 4414 1000 4470 in
1027 4423 1328 4484 conspectu
1374 4421 1471 4468 tuo
1497 4410 1681 4468 omnis
1708 4411 1900 4468 vivens
1943 4409 2122 4483 (Psal.

527 4509 717 4578 exui).
750 4526 770 4560 ι
803 4505 897 4562 Ille
918 4505 1064 4562 enim
1087 4521 1215 4562 cum
1256 4504 1449 4577 viginti
1483 4504 1727 4560 millibus
1756 4504 1827 4560 ad
1852 4503 2126 4574 judicium

2223 628 2333 666 non
2356 611 2462 666 erit
2488 620 2706 681 tempus
2720 610 2934 680 legandi
2960 619 3014 663 et
3029 607 3394 678 supplicandi,
3411 606 3494 661 sed
3507 611 3649 678 potius
3664 634 3722 686 pm

2222 702 2435 758 meritis
2451 702 2768 774 recipiendi.
2796 701 3162 756 lnfertautem
3196 697 3455 755 Dominus
3477 716 3536 754 ex
3563 710 3716 772 premis

2222 794 2301 850 sis
2327 793 2788 851 similitudinibus
2815 810 2828 847 :
2855 791 2943 848 Sic
2961 793 3129 862 igitur
3167 790 3336 844 omnis
3361 807 3423 845 ea:
3446 792 3572 845 vobis
3590 797 3718 863 quino:

2222 888 2490 943 renuntiat
2513 888 2756 942 omnibus
2778 903 2896 958 qua!
2919 886 3178 957 possidet,
3207 901 3307 938 non
3348 895 3512 955 potest
3538 903 3644 942 meus
3660 909 3721 949 ιω

2221 980 2539 1051 discipulus.
2568 980 2647 1035 Ac
2675 979 2721 1035 si
2749 989 2933 1050 aperte
2957 978 3104 1035 dicat
3129 996 3143 1032 :
3171 977 3326 1033 Sicut
3347 994 3452 1032 non
3483 986 3629 1047 potest
3645 984 3726 1038 adi-

2224 1071 2408 1127 ficium
2448 1072 2586 1126 bene
2615 1086 3023 1138 consummare,
3049 1069 3155 1125 nisi
3183 1071 3278 1140 qui
3322 1069 3531 1124 cazteris
3557 1075 3728 1128 commis-

2223 1165 2301 1220 sis
2348 1165 2546 1222 sedens
2579 1172 2862 1234 computat
2891 1173 3146 1234 sumptus
3171 1205 3186 1229 ,
3239 1174 3293 1217 et
3320 1163 3464 1220 sicut
3498 1179 3588 1218 non
3617 1177 3729 1234 potest

2224 1272 2416 1313 secure
2448 1272 2741 1312 occurrere
2779 1253 3016 1320 fortiori,
3050 1253 3154 1308 nisi
3187 1253 3281 1324 qui
3303 1294 3321 1318 ,
3363 1252 3431 1307 de
3470 1254 3660 1324 propriis
3683 1257 3730 1308 vi-

2225 1350 2379 1406 ribus
2403 1348 2678 1414 diffidens,
2710 1349 2854 1420 legat
2881 1356 2935 1401 et
2963 1355 3120 1418 rogat
3147 1361 3362 1416 pacem,
3400 1345 3482 1400 sic
3510 1361 3596 1398 non
3619 1355 3731 1416 potest

2225 1458 2380 1498 meus
2410 1456 2532 1497 esse
2561 1441 2790 1506 electus,
2822 1439 2928 1494 nisi
2957 1439 3052 1508 qui
3083 1437 3365 1492 renuntiat
3413 1437 3635 1492 omnibus
3655 1455 3733 1508 prr-

2223 1544 2344 1606 pter
2373 1550 2479 1590 me.
2511 1531 2726 1600 Quibus
2757 1530 3059 1587 omnibus?
3091 1529 3264 1595 vitiis,
3309 1527 3596 1594 affectibus,
3629 1531 3732 1584 rebus

2222 1637 2278 1683 et
2319 1627 2552 1682 meritis.
2599 1624 2658 1680 Si
2685 1627 2854 1692 enim,
2901 1623 3122 1689 fratres,
3164 1624 3428 1679 volumus
3467 1637 3576 1678 esse
3607 1622 3654 1677 de
3670 1639 3736 1676 ns-

2223 1738 2374 1778 mero
2402 1722 2702 1778 electorum
2733 1719 2958 1785 Christi,
3000 1733 3228 1774 necesse
3274 1727 3362 1772 est
3397 1723 3458 1771 ut
3491 1725 3665 1786 propter
3685 1717 3734 1786 ip-

2223 1832 2345 1872 sum
2396 1815 2546 1871 vitiis
2597 1813 3074 1877 abrenuntiemus,
3145 1826 3211 1865 ea
3258 1811 3484 1882 penitus
3529 1807 3737 1879 fugiendo;

2157 1907 2196 1962 B
2223 1906 2675 1962 abrenuntiemus
2705 1903 2988 1960 affectibus
3020 1902 3250 1968 nostris,
3277 1917 3377 1957 eos
3407 1899 3589 1955 divina:
3612 1899 3740 1954 volun-

2220 2000 2318 2056 tati
2350 1998 2766 2071 postponendo;
2797 1996 3250 2052 abrenuntiemus
3285 1995 3457 2049 etiam
3491 1992 3630 2048 rebus
3653 2003 3742 2046 lem-

2217 2093 2520 2163 poralibus,
2552 2105 2648 2146 eas
2674 2097 2896 2162 pr0pter
2931 2088 3156 2144 eceleste
3183 2084 3482 2142 aedificium
3509 2083 3739 2156 eroganda;

2219 2183 2669 2238 abrenuntiemus
2694 2195 2915 2252 quoque
2939 2179 3151 2234 meritis
3180 2177 3415 2241 noStris,
3437 2175 3503 2231 de
3521 2176 3608 2242 eis,
3627 2191 3745 2245 quan-

2217 2287 2559 2347 tumcunque
2590 2272 3052 2346 benefecerjmus,
3087 2268 3392 2325 dlffidendo
3413 2315 3427 2336 ,
3470 2276 3522 2323 et
3548 2267 3605 2321 ad
3629 2267 3744 2321 solam

2219 2369 2313 2424 Dei
2347 2368 2782 2424 misericordiam
2825 2364 3216 2437 confugiendo,
3253 2379 3353 2434 per
3393 2376 3550 2433 quem
3579 2376 3657 2415 nos
3677 2360 3748 2413 sal-

2218 2460 2629 2532 vare-dignetur
2663 2459 2756 2530 qui
2787 2458 2920 2512 vivit
2949 2465 3006 2513 et
3050 2463 3247 2527 regnat
3290 2469 3389 2525 per
3414 2453 3586 2508 omnia
3612 2453 3749 2507 saecula

2218 2551 2568 2609 seculorum.
2616 2549 2812 2606 Amen.

2219 2839 2566 2881 ριυῐιιιιοιιωι
2587 2837 2902 2879 δωιτγιιωι.
2916 2834 3090 2875 SEBIO
3108 2835 3176 2874 DE
3197 2832 3457 2874 EPISTOLA
3472 2831 3536 2870 AD
3551 2828 3756 2873 IEBR£0§~

2299 2939 2479 2997 Sancti
2507 2955 2602 3010 per
2622 2937 2784 3008 [idem
2808 2937 3048 2991 vicerunt
3072 2949 3259 3005 regna,
3288 2932 3492 3003 operati
3515 2937 3626 2984 sunt
3642 2927 3762 2997 justi-

2220 3033 2372 3098 tiam,
2419 3030 2599 3101 adepti
2643 3037 2767 3082 sunt
2801 3026 3242 3098 repromissioncs
3274 3021 3466 3091 (Hebr.
3499 3021 3593 3092 xl),
3617 3028 3700 3075 etc.
3724 3016 3763 3069 Is

2220 3123 2325 3178 hac
2359 3121 2613 3188 lectione,
2641 3119 2841 3175 fratres
2868 3119 2998 3186 mei,
3035 3117 3395 3174 commendat
3433 3112 3762 3186 Aposwlusti-

2219 3215 2366 3283 dem,
2399 3228 2509 3268 non
2548 3213 2871 3284 quamlibet,
2915 3209 3012 3267 sed
3054 3225 3180 3265 eam
3209 3208 3390 3266 solam
3419 3222 3542 3278 quae
3567 3213 3766 3274 operatur

2218 3322 2315 3379 per
2341 3321 2494 3377 spem
2519 3314 2574 3361 et
2601 3305 2948 3360 cbaritatem.
2979 3302 3218 3370 Quidam
3248 3301 3398 3356 enim
3433 3300 3592 3355 fidem
3617 3297 3772 3352 habers

2219 3401 2340 3457 sine
2378 3415 2496 3471 spe,
2540 3407 2602 3456 ut
2645 3399 2946 3454 dmmones.
2993 3395 3232 3464 Quidam
3273 3395 3480 3450 habent
3526 3390 3772 3464 perceptu

2219 3508 2346 3550 nem
2376 3493 2625 3549 veritatis
2660 3489 3022 3547 invisibilium
3068 3488 3138 3544 ad
3180 3487 3507 3559 religionem
3548 3484 3772 3557 pertinea-

2221 3585 2381 3652 tium,
2413 3601 2538 3641 eum
2564 3584 2905 3648 assensione,
2939 3582 3036 3639 sed
3064 3591 3252 3637 tamen
3291 3595 3405 3636 non
3446 3579 3644 3636 habent
3665 3590 3772 3645 spct-

2221 3675 2436 3743 salutis,
2468 3675 2564 3732 sed
2589 3682 2804 3729 tantum
2835 3673 3092 3730 timorem
3118 3669 3518 3727 damnationis.
3551 3665 3689 3724 Unde
3707 3663 3773 3718 la-

2221 3766 2433 3823 cohus:
2465 3785 2484 3818 ι
2515 3765 2836 3832 Daemones,
2866 3763 3080 3835 inquit,
3119 3763 3377 3829 credunt,
3423 3770 3480 3817 et
3526 3759 3773 3817 contremi-

2223 3871 2384 3919 scunt
2406 3860 2549 3933 (Jac.
2575 3860 2660 3932 ιι).
2693 3879 2714 3914 ι
2745 3859 2980 3927 Quidam
3002 3873 3133 3915 vero
3152 3857 3360 3913 habent
3383 3856 3572 3922 fidem,
3590 3853 3778 3910 etcum

2223 3959 2520 4029 quamdam
2549 3971 2702 4028 spem
2729 3955 2946 4023 salutis,
2969 3954 3068 4010 sed
3097 3970 3205 4009 non
3238 3953 3449 4009 habent
3478 3950 3778 4008 eharitatem.

2225 4058 2286 4106 ut
2313 4049 2539 4121 quidam
2591 4047 2716 4104 falsi
2764 4045 3090 4111 Christiani,
3126 4044 3222 4115 qui
3255 4043 3486 4114 quidem
3515 4040 3782 4096 creduntet
3814 4055 3815 4078 ι

2225 4150 2470 4214 sperant,
2515 4141 2611 4198 sed
2654 4139 2943 4203 inutiliter,
2994 4153 3124 4195 cum
3169 4151 3339 4208 opera
3383 4134 3674 4192 cbaritatis
3704 4144 3782 4184 non
3814 4147 3815 4151 η

2225 4234 2484 4290 habeant.
2517 4233 2595 4290 De
2620 4233 2879 4304 qualibus
2903 4229 3184 4287 Jacobus:
3215 4248 3235 4281 ι
3264 4227 3454 4296 Fides,
3489 4222 3782 4298 utquiusiu

2226 4326 2494 4398 cperibus
2519 4334 2739 4382 mortua
2768 4332 2855 4382 est
2881 4323 3088 4395 (ibid.).
3117 4341 3138 4374 ι
3181 4319 3422 4388 Quidam
3453 4330 3640 4376 autem
3667 4315 3784 4375 5dr-

2226 4429 2282 4476 et
2326 4434 2478 4490 spem
2516 4434 2612 4490 per
2657 4417 2983 4474 charitatem
3012 4423 3356 4486 operantem,
3400 4423 3467 4468 ut
3509 4411 3627 4468 veri
3663 4403 3780 4462 Chri-

2229 4512 2414 4569 stiani.
2463 4510 2541 4566 De
2583 4525 2696 4582 qua
2738 4525 2868 4566 vera
2913 4509 3020 4564 fide
3068 4506 3330 4564 Habacuc
3373 4506 3646 4577 propheta
3686 4501 3784 4554 ait:

527 4610 721 4699 contra
768 4615 869 4656 nos
896 4598 1067 4665 venit,
1115 4597 1379 4699 quoniam
1425 4598 1697 4668 geminam
1731 4597 1986 4699 Decalogi
2017 4597 2124 4652 im-
2157 4639 2205 4699 υ
2236 4624 2256 4658 ι
2282 4603 2475 4662 Justus
2502 4620 2572 4660 ex
2599 4602 2706 4659 fide
2731 4602 2867 4658 vivit
2902 4599 3138 4671 (nam.
3172 4599 3256 4669 ιι).
3290 4618 3312 4652 ι
3349 4597 3535 4665 Quam
3563 4591 3786 4652 venui-

529 4693 821 4764 pletionem
838 4732 854 4758 ,
889 4705 1055 4760 quam
1089 4687 1342 4744 videlicet
1366 4697 1548 4744 mente
1575 4697 1632 4743 et
1656 4703 1819 4760 opere
1859 4689 2130 4744 debuera-
2157 4682 2202 4699 ”
2231 4697 2354 4754 dem
2386 4695 2643 4767 superius
2669 4695 2969 4765 Apostolus
2995 4693 3388 4763 descripserat,
3433 4691 3667 4746 dicens:
3691 4704 3707 4736 ι
3729 4682 3789 4736 ii-

530 4802 656 4843 mus
681 4785 930 4856 implere,
958 4781 1120 4837 nobis
1147 4780 1394 4851 opponit.
1427 4779 1498 4836 At
1530 4796 1632 4838 nos
1661 4782 1709 4838 si
1737 4783 1968 4839 multum
1998 4797 2129 4853 pro-

532 4877 768 4944 ficimus,
797 4875 891 4930 vix
921 4889 1049 4930 cum
1079 4872 1267 4928 decem
1298 4871 1563 4941 millibus,
1602 4873 1654 4929 id
1682 4883 1768 4931 est
1815 4891 1943 4932 cum
1969 4883 2125 4930 exte-

531 4969 667 5025 riori
683 4967 1002 5039 impletione
1018 4965 1294 5038 Decalogi,
1305 4965 1354 5022 ei
1370 4966 1734 5023 occurrimus.
1750 4964 1887 5022 Nam
1901 4967 2131 5024 si'luxu—

534 5063 615 5118 ria
645 5078 678 5117 a
705 5075 873 5118 carne
891 5060 1007 5130 jam
1034 5059 1250 5116 abscisa
1271 5069 1383 5126 est,
1413 5068 1594 5117 tamen
1621 5077 1650 5116 a
1681 5059 1848 5118 corde
1880 5059 2129 5118 funditus

534 5153 752 5209 abscisa
767 5167 878 5208 non
891 5160 994 5208 est.
1011 5150 1103 5208 llle
1129 5153 1225 5224 qui
1249 5153 1315 5209 ad
1332 5167 1436 5209 nos
1447 5155 1593 5209 venit
1612 5155 1873 5212 interiora
1884 5154 2049 5211 simul
2075 5163 2133 5211 et

536 5245 808 5302 exteriora
837 5247 1078 5303 discutit.
1105 5245 1246 5314 Quid
1285 5263 1436 5319 ergo,
1463 5246 1683 5316 fratres,
1721 5247 2007 5316 faciemus,
2031 5249 2128 5319 qui

539 5353 759 5393 summo
777 5337 909 5411 Regi
922 5338 976 5394 in
984 5338 1252 5410 judicium
1269 5338 1438 5411 duplo
1453 5339 1691 5411 exigenti
1704 5339 1774 5395 de
1788 5339 2016 5395 dimidio
2039 5354 2129 5394 ra-

539 5431 742 5487 tionem
756 5429 1028 5506 [reddere]
1041 5431 1132 5489 vix
1142 5433 1411 5499 valemus,
1428 5433 1536 5488 nisi
1555 5441 1614 5488 ut
1631 5433 1760 5489 dum
1775 5433 1956 5488 adhuc
1968 5433 2130 5504 longe

539 5529 646 5590 est,
666 5521 718 5578 id
729 5531 815 5578 est
827 5523 957 5580 dum
971 5539 1074 5580 nos
1103 5522 1377 5594 patienter
1388 5530 1675 5593 exspectat
1689 5529 1746 5578 et
1763 5522 1831 5577 ad
1855 5522 2128 5592 judicium

539 5614 727 5672 venire
754 5615 952 5682 differt,
999 5616 1324 5687 legationem
1350 5615 1738 5686 lacrymarum,
1785 5616 2132 5686 paenitentia-

541 5723 687 5776 rum,
716 5709 1207 5781 eleemosynarum,
1235 5708 1550 5764 orationum
1577 5717 1894 5765 sanctarum
1924 5720 1981 5766 et
2003 5727 2126 5768 om-

542 5801 698 5858 nium
726 5801 996 5858 bonorum
1038 5799 1347 5857 studiorum
1386 5801 1806 5871 praemittamus,
1835 5814 1891 5861 et
1915 5805 2132 5862 veniam

545 5891 937 5949 miwricordite
962 5891 1340 5964 postulcmus?
1367 5890 1507 5947 Cum
1533 5893 1679 5953 enim
1703 5910 1872 5967 prope
1899 5899 2001 5954 erit
2028 5913 2130 5954 no-

2229 4791 2329 4847 dos
2370 4799 2457 4848 est
2499 4789 2807 4846 substantia
2841 4803 3030 4844 rerum
3061 4785 3492 4857 sperandarum,
3544 4791 3813 4853 argum»;

2232 4891 2348 4938 tum
2381 4896 2495 4936 non
2521 4880 2906 4952 apparentium
2936 4878 3126 4951 (Hebr.
3154 4877 3256 4950 XI),
3287 4895 3310 4929 ο
3359 4874 3418 4930 id
3447 4885 3560 4942 est,
3589 4873 3712 4929 ﬁdes
3732 4875 3813 4952 eali

2231 4989 2358 5046 quae
2380 4973 2513 5030 facit
2542 4973 2660 5045 jam
2700 4973 3007 5030 subsistere
3047 4986 3147 5041 per
3188 4984 3343 5040 spem
3383 4969 3444 5023 in
3473 4963 3788 5024 conditus“-

2232 5067 2438 5124 delium
2465 5067 2692 5138 praemia
2717 5065 3075 5137 repromissa.
3113 5062 3174 5118 In
3199 5078 3312 5134 quo
3340 5070 3665 5117 removetur
3697 5055 3794 5111 ita

2233 5159 2569 5226 demonu,
2597 5174 2722 5230 qua
2767 5174 2878 5214 non
2924 5167 3010 5214 est
3053 5157 3110 5212 in
3149 5157 3236 5213 eis
3283 5155 3610 5212 substantia
3651 5157 3792 5206 ινα-ιι

2231 5252 2652 5323 sperandam,
2679 5251 2775 5307 sed
2799 5251 2984 5322 potius
2998 5249 3384 5306 timeudarnm.
3404 5248 3796 5318 Argumenta.

2235 5347 2413 5420 inquit
2435 5389 2452 5414 ,
2488 5362 2600 5404 non
2637 5347 3040 5420 appar-entiam,
3071 5346 3336 5418 quoniam
3362 5345 3503 5400 fides
3531 5345 3790 5414 justo!“

2234 5440 2366 5496 dum
2396 5441 2454 5496 in
2487 5455 2588 5512 spe
2625 5439 2942 5497 futurorum
2988 5439 3340 5511 pramiorum
3375 5453 3482 5508 per
3509 5435 3811 5493 chus-itali:

2233 5543 2512 5604 operatur,
2543 5533 2677 5590 vitia
2723 5533 3006 5607 fugiendo,
3046 5514 3400 5603 virtutesque
3437 5529 3732 5602 aegr-eadm
3755 5525 3811 5606 αἱ

2237 5625 2408 5680 multa
2435 5625 2560 5680 dira
2579 5625 2924 5693 sustinendo,
2945 5633 3330 5696 argumentum
3352 5633 3442 5680 est
3462 5623 3644 5678 nobis
3657 5629 3811 5686 nam

2238 5717 2502 5778 rectionis
2537 5726 2592 5773 et
2631 5717 2832 5774 futura
2873 5718 3266 5775 retributionis.
3311 5715 3432 5771 Nisi
3473 5717 3634 5771 ωε-
3670 5713 3730 5767 ἀι
3751 5707 3811 5778 cl

2238 5809 2373 5866 certi
2401 5820 2609 5879 essent,
2640 5827 2924 5884 nunquam
2950 5827 3052 5884 pro
3079 5812 3202 5882 ejus
3221 5812 3515 5880 adeptione
3539 5819 3694 5866 tanta
3711 5809 3811 5886 ml

2241 5899 2556 5959 tinuissent.
2612 5901 2670 5958 In
2719 5920 2830 5976 quo
2887 5913 3178 5961 revocatur
3209 5902 3341 5958 fides
3368 5901 3648 5958 falson:
3679 5897 3788 5951 ὼ

3809 5719 3811 5818 +

3809 6049 3811 6205 ι
