3834 6332
90 367 209 425 1565
1190 360 1523 420 ΗΟΜΙΙιΙΑ..
1564 393 1604 403 -

1809 360 1871 417 DE
1908 358 2199 417 ωασπς
3184 372 3323 430 {6&6

79 480 375 544 stianorum,
405 475 497 549 qui
523 474 654 531 dum
685 490 796 532 non
826 488 982 543 nene,
1012 476 1107 531 sed
1139 477 1280 532 male
1307 488 1622 550 operantur,
1654 484 1702 544 Α
1727 477 2079 534 inimicorum
2113 493 2256 550 saepe
2282 477 2336 532 in
2368 476 2552 549 fugam
2589 489 2869 539 verterunt
2914 487 3070 543 multi
3111 495 3226 545 tam
3264 492 3329 550 in

77 587 169 628 non
210 569 493 625 ostendunt
533 566 694 623 nobis
736 576 1120 639 argumentum
1166 568 1314 640 quod
1359 569 1465 639 ipsi
1509 585 1628 627 ere-
1734 566 1912 626 Veteri
1952 583 2120 639 quam
2155 568 2209 624 in
2246 566 2399 624 Novo
2440 568 2812 629 Testamento.
2855 574 3179 648 Acceperunt
3204 596 3323 637 ista-

72 673 214 729 nant,
266 660 376 717 imo
407 659 589 731 potius
622 659 768 730 quod
808 660 914 731 ipsi
944 676 1054 716 non
1106 661 1334 716 credam
1384 660 1624 733 futuram
1725 660 1880 715 lieres
1909 660 2052 732 ﬁlios
2080 677 2204 715 suos
2233 669 2468 717 mrtuos
2498 661 2563 717 de
2588 666 2987 735 resurrectione,
3015 668 3069 724 id
3096 681 3182 727 est
3224 688 3323 744 per

73 753 494 812 resurrectionem
521 760 576 808 et
604 752 1042 808 retributionem.
1074 752 1435 809 Commendat
1462 753 1628 825 igitur
1726 753 2183 809 resurrectionem
2211 771 2223 807 :
2249 761 2310 808 ut
2346 768 2443 810 eos
2482 755 2577 825 qui
2619 770 2717 825 per
2757 755 2934 813 Ellam
2979 768 3036 815 et
3076 760 3318 823 Elisenm

71 848 334 921 Apostolus
352 846 440 901 hic
458 862 644 901 veram
666 846 826 901 [idem
848 846 1149 916 iustorum,
1173 846 1469 902 ostendens
1491 846 1622 913 duo,
1726 846 2038 903 resuscitati
2064 857 2211 903 sunt.
2245 846 2307 902 ln
2331 845 2484 903 Novo
2511 863 2643 904 vero
2673 847 3024 913 Testamento
3069 870 3166 924 per
3207 854 3313 912 Pe-

69 940 311 1006 videlicet,
335 946 391 993 et
418 946 622 1008 quanta
648 936 783 1007 justi
813 945 1034 1008 propter
1076 937 1238 993 fidem
1274 945 1622 1008 peregerunt,
1724 946 1872 995 trum
1899 947 1955 995 et
1980 938 2232 1007 Paulum,
2264 955 2358 1010 per
2396 948 2733 1012 cazterosque
2762 945 3059 1015 apostolos,
3091 955 3147 1003 et
3172 963 3321 1006 mar-

67 1043 111 1087 et
134 1038 321 1101 quanta
354 1039 574 1100 propter
621 1029 782 1085 tidem
823 1030 972 1101 passi
1020 1037 1170 1086 sunt.
1199 1028 1268 1087 Et
1295 1028 1476 1099 primo
1498 1029 1625 1099 qui-
1724 1035 1891 1100 tyres,
1922 1039 1978 1085 et
2001 1028 2365 1097 confessores,
2393 1037 2455 1086 ut
2479 1046 2577 1101 per
2608 1031 2904 1090 Martinum
2934 1044 2989 1092 et
3020 1036 3314 1108 Hilarium,

66 1123 171 1178 deni
193 1130 388 1193 quanta
410 1137 506 1193 per
530 1121 692 1178 fidem
725 1129 1047 1194 peregerunt
1074 1121 1314 1179 ostendit
1340 1137 1467 1177 cum
1497 1122 1623 1178 sub-
1721 1134 1929 1190 perque
1956 1120 2159 1177 multos
2190 1120 2328 1177 alios
2355 1122 2515 1179 multi
2539 1125 2854 1183 resuscitati
2880 1137 3030 1186 sunt.

65 1215 163 1270 dit:
188 1212 363 1269 Sancti
390 1230 483 1283 per
516 1213 678 1284 ﬁdem
707 1215 941 1268 vicerant
972 1230 1132 1285 regna
1153 1255 1169 1281 ,
1216 1214 1360 1270 sicut
1385 1212 1619 1287 Moyses,
1793 1208 1920 1267 Haec
1956 1212 2141 1267 omnia
2160 1254 2178 1281 ,
2222 1212 2420 1272 fratres
2467 1216 2612 1283 mei,
2642 1218 2748 1275 etsi
2796 1234 2907 1276 non
2936 1224 3315 1294 corporaliter,

64 1305 226 1371 Iosue,
265 1304 503 1373 Gedeon,
550 1304 806 1370 Samson,
851 1305 1040 1373 David,
1091 1306 1146 1361 in
1197 1305 1379 1361 Veteri
1428 1304 1623 1363 Testa-
1720 1306 1929 1368 tamen,
1956 1303 2104 1373 quod
2132 1304 2331 1362 melius
2358 1314 2466 1374 est,
2497 1310 2743 1378 quotidie
2778 1310 3033 1383 facimus,
3080 1315 3127 1372 si
3149 1316 3314 1373 ﬁdem

64 1402 249 1462 mento;
278 1394 332 1450 in
365 1393 520 1451 Novo
547 1403 734 1451 autem
765 1394 1159 1452 Constantinus
1186 1410 1285 1467 per
1311 1396 1473 1452 ﬁdem
1494 1412 1623 1453 cru-
1719 1402 2038 1462 operantem
2067 1410 2165 1466 per
2192 1397 2517 1456 eharitatem
2545 1400 2832 1460 habemus.
2862 1404 3146 1465 Vincimus
3164 1409 3313 1466 enim

61 1487 129 1542 eis
149 1486 341 1543 Christi
368 1486 539 1542 vincit
567 1486 903 1543 Maxentium
927 1495 985 1544 et
1007 1488 1308 1544 exercitum
1349 1486 1615 1545 Barbaro-
1719 1486 1963 1556 quotidie
1994 1502 2161 1560 regna
2188 1497 2243 1545 et
2270 1489 2501 1561 imperia
2529 1492 2960 1565 dmmoniorum,
3003 1499 3050 1555 si
3092 1500 3173 1558 eis
3218 1518 3311 1558 rc-

62 1594 184 1633 rum.
227 1577 291 1633 Et
314 1577 623 1636 'Heracleus
654 1579 930 1635 Chosroes
977 1593 1162 1652 regem
1205 1578 1521 1648 Persarum,
1563 1592 1621 1637 et
1718 1577 1988 1648 sistimus,
2021 1589 2079 1637 et
2119 1596 2217 1637 eos
2256 1598 2289 1638 a
2318 1584 2479 1641 nobis
2510 1593 2565 1642 et
2589 1587 2660 1642 ab
2700 1587 2821 1645 aliis
2858 1590 3207 1661 repellimus;
3254 1603 3312 1650 et

59 1668 269 1727 Joannes
308 1679 364 1727 et
393 1669 604 1727 Paulus
640 1686 822 1744 regem
855 1670 1203 1745 Scytharum,
1249 1680 1306 1728 et
1330 1671 1488 1728 multi
1525 1672 1619 1729 alii
1716 1670 1884 1726 etiam
1928 1687 2097 1744 regna
2138 1681 2520 1745 tyrannorum,
2566 1677 2616 1735 si
2663 1677 2835 1735 Deum
2877 1681 3170 1754 plusquam
3214 1699 3312 1742 eos

59 1776 190 1834 reges
220 1764 384 1819 multa
416 1778 585 1836 regna
616 1763 887 1819 vicerunt.
923 1761 1139 1834 Operati
1174 1771 1299 1818 sunt
1317 1764 1614 1835 justitiam,
1719 1762 1994 1832 timentes,
2030 1764 2112 1822 eis
2154 1779 2255 1837 pro
2295 1766 2508 1837 iustitia
2549 1768 2645 1825 Dei
2690 1770 2995 1830 obviamus.
3032 1772 3311 1833 Justitiam

57 1854 228 1911 divinis
251 1856 537 1928 pmceptis
569 1856 896 1925 obediendo,
920 1871 981 1913 se
1006 1856 1156 1928 ipsos
1183 1856 1526 1929 castigando,
1556 1866 1615 1914 et
1642 1848 1691 1910 Β
1714 1871 1936 1927 quoque
1969 1871 2283 1928 operamur,
2318 1859 2365 1916 si
2395 1858 2491 1916 Dei
2520 1862 2794 1920 mandatis
2815 1864 3152 1937 ohedientes,
3189 1884 3308 1924 ma-

57 1946 206 2004 ionos
222 1947 583 2016 defendendo,
604 1958 661 2005 et
688 1950 864 2006 malos
894 1948 1192 2020 puniendo,
1217 1957 1279 2005 ut
1320 1949 1536 2023 Moyses
1555 1950 1613 2007 in
1715 1942 1800 2000 los
1832 1944 2184 2015 corripimus,
2207 1945 2384 2005 bonos
2408 1946 2774 2018 defendimus,
2803 1951 2851 2008 si
2872 1967 2974 2010 nec
2998 1954 3163 2010 etiam
3186 1971 3310 2026 pee-

56 2035 210 2094 Veteri
252 2038 607 2101 Testamento
656 2039 917 2097 occidens
971 2038 1327 2108 idololatras,
1377 2039 1614 2098 Phinees
1711 2038 1852 2095 catis
1897 2039 2103 2096 nostris
2144 2055 2402 2112 paremus
2420 2082 2438 2109 ,
2476 2042 2525 2098 si
2582 2058 2684 2100 nos
2725 2059 2917 2116 aspere
2944 2046 3307 2120 castigamus.

52 2132 346 2206 transﬁgens
387 2132 698 2193 lsraelitam
732 2133 1095 2192 fornicantem
1126 2150 1254 2192 cum
1285 2133 1609 2202 Madianita;
1713 2126 2195 2201 Repromissiones
2223 2130 2390 2187 etiam
2416 2130 2793 2203 adipiscimur,
2822 2133 2954 2192 dum
2985 2136 3054 2193 de
3080 2136 3227 2196 bono
3248 2138 3308 2195 in

54 2224 98 2279 in
122 2224 260 2282 Novo
290 2243 443 2295 vero,
473 2238 535 2284 ut
566 2228 763 2286 Petrus
801 2228 896 2301 qui
929 2228 1201 2285 Ananiam
1240 2237 1295 2284 et
1324 2226 1568 2300 Saphirat

1793 2221 1911 2279 :lius
1928 2221 2282 2295 proficiendo,
2307 2224 2536 2295 gratiam
2568 2223 2685 2292 Dei,
2726 2225 2870 2283 sicut
2904 2228 3064 2286 nobis
3096 2230 3307 2302 promi-

52 2318 149 2375 zelo
174 2318 393 2390 justitize
438 2321 669 2390 occidit;
704 2331 759 2378 et
790 2320 1016 2388 Paulus,
1064 2322 1161 2393 qui
1212 2321 1446 2377 Elimam
1494 2336 1613 2377 ma.
1713 2315 1804 2382 sit,
1835 2324 2154 2387 operantem
2183 2324 2239 2373 et
2267 2326 2652 2388 cooperantem
2683 2320 3005 2393 accipimus,
3050 2332 3106 2380 et
3128 2324 3213 2382 sic
3237 2326 3309 2382 ab

48 2427 157 2481 gum
204 2414 451 2471 caecitate
495 2414 785 2486 percussit.
816 2413 884 2469 Et
925 2413 1019 2470 alii
1059 2414 1218 2470 multi
1260 2414 1442 2487 adepti
1487 2423 1613 2471 sunt
1710 2406 1818 2464 hac
1840 2408 1953 2464 vita
1982 2409 2315 2482 migrantes,
2350 2417 2613 2468 aeternam
2643 2414 2946 2485 accipimus
2984 2417 3308 2488 promissio-

50 2504 484 2573 repromissionea,
518 2513 580 2561 ut
615 2504 892 2561 Abraham
941 2506 1145 2577 recepit
1184 2504 1357 2562 lilium
1400 2506 1506 2564 sibi
1555 2507 1611 2564 in
1712 2514 1859 2557 nem.
1891 2497 2335 2574 Obturamusque
2361 2517 2458 2559 ora
2485 2502 2728 2573 laonum,
2770 2504 2822 2562 si
2867 2504 3056 2564 fauces
3097 2509 3305 2566 daemo-

48 2604 293 2652 senectute
320 2597 682 2668 promissum,
714 2604 772 2652 et
800 2596 898 2652 ﬁlii
928 2595 1096 2654 Israel
1129 2606 1331 2653 terram
1377 2598 1614 2670 promis-
1712 2607 1866 2660 num,
1892 2591 2109 2650 animas
2138 2602 2356 2652 nostras
2383 2593 2773 2665 esurientium,
2804 2613 2873 2654 ne
2893 2598 3053 2656 nobis
3077 2600 3162 2657 vel
3181 2600 3307 2657 aliis

47 2684 211 2753 sionis,
258 2694 312 2741 et
352 2686 545 2742 Aaron
586 2686 1010 2758 promissionem
1056 2686 1343 2744 sacerdotii
1371 2728 1389 2755 ,
1436 2686 1611 2744 David
1711 2692 1985 2751 noceant,
2050 2684 2393 2743 orationibus
2454 2685 2818 2747 reirenamus.
2886 2688 3306 2763 Exstinguimua

46 2775 438 2843 promissionem
476 2777 649 2849 regni.
678 2776 739 2832 ln
768 2774 923 2832 Novo
947 2792 1078 2833 vero
1104 2775 1457 2834 Testamento
1486 2794 1611 2835 sus-
1709 2774 1878 2833 etiam
1911 2774 2174 2847 impetum
2202 2774 2372 2848 ignis,
2404 2776 2452 2835 si
2478 2777 3081 2841 'incendiumilihidinis
3109 2791 3166 2839 et
3206 2798 3305 2840 cu-

43 2864 224 2937 cipiant
254 2869 515 2941 discipuli
544 2868 881 2942 promissum
917 2868 1024 2928 sibi
1051 2868 1397 2928 Paracletum
1424 2869 1483 2928 in
1520 2870 1611 2927 die
1710 2864 1957 2936 piditatis
2003 2864 2059 2922 in
2097 2866 2257 2923 nobis
2295 2876 2351 2924 et
2384 2867 2442 2925 in
2473 2868 2597 2926 aliis
2626 2869 2853 2942 jejuniis
2879 2879 2935 2927 et
2958 2872 3307 2933 orationibus

42 2954 375 3030 Pentecostcs,
418 2971 475 3018 et
500 2961 797 3020 eﬂcaciam
826 2962 1091 3021 virtutum
1116 2970 1175 3021 et
1202 2963 1483 3037 signorum
1522 2980 1611 3022 su-
1710 2957 2083 3029 censopimus.
2109 2958 2428 3033 Eﬂ‘ugamus
2447 2976 2670 3034 quoque
2690 2963 2865 3021 aciem
2885 2965 3075 3036 gladii,
3092 2965 3139 3024 si
3153 2982 3306 3024 exer-

42 3064 121 3119 per
140 3052 274 3109 male
294 3053 586 3121 habentes,
618 3063 673 3111 et
685 3070 882 3112 omnes
910 3054 1099 3112 ildeles
1117 3055 1173 3113 in
1206 3056 1459 3127 praesenti
1496 3055 1609 3112 vita
1709 3048 1851 3107 citus
1875 3050 2210 3121 daemonum,
2259 3053 2474 3112 animas
2508 3064 2731 3115 nostras
2752 3056 3007 3131 jugulare
3049 3075 3303 3131 queren-

39 3144 270 3215 gratiam;
316 3155 449 3217 post
484 3154 719 3205 mortem
762 3161 929 3215 vero,
974 3147 1143 3204 vitam
1191 3147 1603 3220 sempiternam.
1638 3211 1674 3224 Α
1711 3142 1868 3212 tium,
1901 3144 2246 3203 orationibus
2270 3155 2325 3203 et
2350 3147 2515 3205 bonis
2543 3149 2741 3208 studiis
2767 3165 2799 3206 a
2830 3151 2986 3210 nobis
3012 3152 3304 3224 propulsa-

41 3211 406 3294 Dbturuerunt
438 3254 533 3294 ora
558 3239 787 3308 leonum,
820 3211 994 3307 ut,—in
1022 3238 1202 3296 Veteri
1232 3211 1601 3311 Testamento,
1632 3211 1676 3269 Ο
1707 3249 1853 3291 mllS-
1880 3233 2332 3293 convalescimus
2357 3253 2577 3310 Quoque
2604 3238 2697 3297 Dei
2721 3211 3054 3311 inﬁrmitate,
3080 3242 3126 3300 si
3153 3252 3302 3315 post-

40 3326 183 3385 David
221 3341 273 3387 et
308 3332 551 3388 Samson
594 3347 692 3388 ora
731 3332 1130 3406 insurgentium
1170 3334 1388 3390 leonum
1438 3334 1603 3392 dissi-
1705 3341 1872 3397 quam
1896 3341 2001 3384 nos
2026 3342 2285 3398 peccasse
2308 3328 2815 3399 animadvertimus.
2842 3333 3022 3389 statim
3046 3348 3144 3405 per
3179 3350 3290 3406 ραι·

37 3423 223 3491 pando,
266 3433 321 3482 et
364 3425 563 3483 Daniel
599 3440 697 3481 ora
737 3426 1101 3483 esurientium
1138 3428 1390 3496 leonum,
1424 3443 1493 3485 ne
1520 3429 1551 3501 il

1782 3417 1992 3475 entiam
2023 3427 2078 3474 et
2099 3420 2538 3479 emendationem
2562 3421 2631 3479 ad
2660 3422 2899 3492 priorem
2926 3432 2982 3480 et
3017 3425 3296 3482 meliorem

35 3529 141 3570 sum
179 3516 538 3586 devorat-ent,
588 3519 1044 3592 constringendo;
1094 3520 1151 3576 in
1194 3518 1348 3577 Novo
1393 3530 1598 3589 autem,
1704 3510 1934 3580 gradum
1967 3511 2247 3569 cautiores
2277 3513 2646 3586 resurgimus;
2693 3511 2865 3571 fortes
2908 3515 3074 3572 etiam
3103 3533 3299 3574 sumus

34 3605 197 3666 ιοοηεε
221 3612 547 3668 esuriem“,
568 3620 791 3669 sum
816 3613 923 3669 sibi
953 3613 1235 3684 εχροείιοε
1264 3628 1375 3669 non
1419 3614 1603 3671 solum
1705 3600 1763 3657 in
1786 3601 1949 3670 bello,
1978 3602 2027 3659 si
2055 3612 2247 3659 contra
2268 3604 2396 3660 vitia
2423 3604 2866 3677 tentationesque
2892 3607 3123 3665 viriliter
3142 3610 3301 3669 oblu-

33 3711 127 3752 non
165 3699 452 3769 leserunt,
502 3700 598 3758 sed
647 3702 815 3759 etiam
855 3702 939 3760 eis
980 3714 1317 3775 paruerunt,
1364 3705 1603 3776 pecudes
1701 3705 1940 3752 ειεὶωυτο
1977 3696 2175 3754 (ἔθεινε
2210 3712 2431 3769 quoque
2475 3697 2826 3756 ίηίωίοοτιιω
2863 3700 2922 3756 in
2953 3699 3140 3774 ΐυεωιι
3169 3719 3295 3761 Vel"

27 3803 199 3847 eorum
224 3802 607 3863 servaverunt,
636 3802 693 3851 et
710 3794 780 3851 ad
802 3796 1116 3867 sepelienda
1135 3806 1454 3855 sanctorum
1472 3814 1541 3855 co

1781 3805 1893 3857 ius,
1929 3790 1979 3847 si
2019 3789 2319 3847 diabolicas
2348 3790 2685 3850 munitiones
2721 3800 2777 3849 et
2813 3792 3044 3852 insidias
3083 3795 3295 3854 fortiori

31 3897 146 3950 pora
181 3883 363 3944 foveas
413 3889 692 3960 unguibus
728 3900 1080 3961 paraverunt.
1134 3890 1205 3947 Et
1232 3895 1603 3951 exstinxerat
1703 3884 1906 3940 νίτιυῑθ
1931 3885 2280 3952 Mamilium,
2306 3885 2727 3956 ieiuniorum“
2766 3887 3037 3955 δοιιοτιιηι
3067 3906 3296 3962 operum

29 3973 258 4045 impetum
286 3980 470 4052 ignis,
510 3990 571 4035 ut
605 3990 717 4038 tres
745 3981 901 4053 pueri
935 3982 994 4040 in
1036 3982 1216 4041 Veteri
1249 3984 1540 4044 Testamen

1784 3975 2070 4048 .sipamus;
2106 3987 2162 4034 et
2187 3978 2491 4049 ell‘ugamus
2525 3980 2595 4035 de
2618 3983 3021 4041 resurrectione
3048 3993 3298 4042 mortuos

30 4066 164 4125 missi
187 4086 218 4126 a
248 4070 762 4131 Nabuchodonosor
791 4074 849 4130 in
877 4074 1189 4145 fornacem;
1226 4076 1285 4135 in
1308 4075 1464 4136 Novo
1502 4094 1544 4135 at

1783 4086 1857 4136 os,
1899 4070 1945 4126 si
1986 4070 2131 4128 filios
2176 4080 2491 4128 sanctarum
2531 4071 2924 4144 Ecclesiarum,
2962 4076 3019 4134 in
3058 4078 3297 4150 peccatis

28 4163 121 4214 tein
147 4172 367 4221 una";
401 4162 759 4238 Ροιςωι-ριιε,
787 4176 978 4225 sancta
1006 4166 1209 4242 Ακηεε,
1238 4179 1432 4229 sum
1457 4172 1601 4246 A83.
1703 4169 1975 4229 mortuos,
2003 4162 2271 4230 oratione,
2306 4163 2653 4235 correptione
2677 4173 2734 4222 et
2758 4166 3153 4225 eruditionein
3170 4169 3294 4226 ani-

26 4249 125 4319 tha,
152 4265 338 4314 sancta
377 4256 630 4326 Caecilia,
670 4260 941 4333 multique
973 4261 1068 4318 alii
1098 4263 1273 4321 sancti
1299 4273 1356 4321 et
1395 4275 1601 4324 sanctae
1700 4269 1793 4310 ma
1820 4254 2234 4317 resuscitat!!!”-

25 4340 339 4419 ineeadium,
372 4365 447 4407 ne
473 4351 579 4408 sibi
610 4361 850 4422 noceret,
875 4368 973 4425 per
1000 4354 1161 4413 tidem
1187 4356 1539 4414 exstinxeruu

1774 4347 2028 4405 Secundo
2060 4364 2192 4405 vero
2219 4357 2425 4421 quanta
2457 4349 2606 4422 passi
2635 4351 2748 4409 sint
2771 4353 2948 4410 sancti
2975 4370 3074 4427 per
3100 4353 3288 4423 ﬁdem,

25 4431 395 4512 ﬁngam»;
422 4445 592 4501 aciem
620 4445 810 4517 gladii,
843 4446 898 4503 id
925 4455 1010 4504 εει
1045 4449 1319 4507 exercitus
1351 4460 1594 4509 armato.
1699 4438 1940 4494 ostendit
1985 4453 2112 4495 cum
2188 4440 2375 4496 subdit
2418 4458 2434 4495 :
2482 4439 2594 4495 Alii
2644 4451 2822 4497 autem
2863 4442 3085 4498 distenti
3126 4453 3251 4499 sunt
3277 4487 3295 4513 ,

21 4543 157 4601 rum,
199 4544 261 4591 ιιι
297 4535 493 4606 ιοευε,
544 4536 801 4607 Samson,
840 4538 1034 4609 David,
1085 4541 1141 4598 in
1185 4541 1372 4600 vereri
1412 4542 1601 4604 res“.
1625 4595 1671 4609 ﬁ
1697 4528 1933 4587 subaudi
1960 4529 2018 4585 in
2048 4530 2357 4598 tormentis,
2401 4547 2513 4588 non
2554 4533 2919 4605 suscipientes
2962 4536 3298 4608 redemptio-

23 4636 218 4694 mento;
256 4631 314 4687 in
339 4628 499 4688 Novo
527 4641 708 4689 autem
739 4632 1048 4691 Germanus
1076 4633 1512 4705 Antissiodorus,

1782 4639 1853 4690 tn,
1892 4623 1946 4679 id
1983 4632 2087 4692 est,
2135 4639 2247 4680 non
2280 4595 2539 4682 curantes
2582 4595 2908 4696 praesentem
2938 4643 2972 4684 a
3000 4595 3296 4687 tormentis

21 4713 193 4789 Lupus
218 4724 537 4795 episcopus,
565 4733 621 4780 ει
646 4724 738 4780 am
782 4726 959 4781 mum,
994 4726 1386 4784 ςοηυαιιιεηιηε
1411 4730 1478 4785 ά,
1515 4731 1599 4785 in.
1698 4716 2099 4783 liberationem,
2148 4726 2209 4773 ut
2255 4717 2538 4774 meliorem
2581 4717 2893 4776 invenirent
2928 4723 3298 4779 resurrectio-

21 4809 282 4879 ﬁrmitate,
318 4826 382 4871 ut
409 4814 517 4873 Job
544 4824 599 4872 et
630 4815 894 4875 Ezechias
923 4818 981 4873 iu
1009 4817 1191 4875 Veteri
1214 4818 1594 4889 Testamento;
1697 4824 1846 4877 nem.
1879 4817 1943 4865 ut
1970 4809 2028 4864 in
2068 4807 2246 4866 Veteri
2292 4808 2641 4867 Testamenta
2666 4809 2984 4881 Eleazarus.
3026 4814 3123 4885 qui
3163 4830 3292 4872 cum

20 4900 68 4956 in
109 4901 259 4963 Novo
298 4916 486 4964 autem
525 4907 729 4965 Paulus
783 4910 840 4965 in
884 4908 1157 4982 Lycaonia
1216 4910 1489 4982 lapidatus

1776 4916 1872 4958 ore
1909 4910 1966 4958 et
1988 4910 2198 4973 septem
2244 4902 2372 4959 aliis
2412 4902 2485 4959 ab
2504 4901 2777 4959 Antiocho
2804 4905 2971 4963 variis
2999 4908 3290 4964 tormentis

20 5004 254 5055 mortuus
289 5009 597 5070 reputatus.
641 4999 848 5057 Tamen
888 5017 987 5072 per
1018 5001 1113 5057 Dei
1155 5002 1592 5060 misericordiam
1698 5005 1927 5052 ventus
1966 5003 2023 5050 ει
2062 4994 2282 5052 οοοίειιε
2319 5003 2433 5062 θείς
2467 4994 2526 5050 in
2557 4992 2712 5052 Νονο
2744 5005 2927 5053 autem
2971 4998 3116 5056 idem
3143 5015 3294 5056 111³1³·

20 5090 281 5147 conraluit
304 5092 375 5147 ad
396 5091 700 5164 profectum
732 5093 1115 5163 plurimorum.
1144 5093 1211 5149 Et
1238 5104 1462 5151 sanctus
1491 5092 1591 5150 se-
1699 5098 1846 5160 tyres
1866 5087 2113 5144 fecerunt
2135 5088 2585 5145 innumerabiles.
2607 5088 2719 5143 Alii
2740 5088 2979 5146 ludibria
3003 5102 3053 5148 et
3074 5095 3290 5150 verbera

20 5177 288 5241 bastianus
322 5202 354 5241 a
397 5185 735 5243 Diocletiano
772 5187 1085 5259 sagittatus,
1113 5199 1168 5245 et
1190 5189 1406 5261 sagittis
1432 5203 1534 5259 qua

1775 5181 1918 5245 uerti,
1948 5181 2163 5250 insuper
2195 5180 2409 5235 vincula
2435 5190 2486 5235 et
2512 5197 2767 5239 carceres.
2799 5182 3060 5252 Verbera,
3089 5194 3149 5241 ut
3174 5185 3289 5243 Noe

19 5275 202 5334 ericius
227 5280 464 5348 obsitus,
492 5290 675 5337 tamen
703 5297 799 5353 per
826 5280 921 5338 Dei
952 5283 1182 5355 gratiam
1213 5283 1510 5350 convaluit,

1787 5272 2033 5337 Eliseus;
2066 5272 2284 5329 vincula
2312 5281 2367 5329 et
2394 5288 2666 5343 carceres,
2697 5283 2763 5330 ut
2781 5272 3005 5347 Ioseph,
3032 5276 3289 5336 licheas

19 5364 96 5418 alii
127 5370 304 5425 multi.
337 5368 529 5426 Fortes
555 5364 688 5441 facti
730 5380 854 5427 sunt
893 5374 951 5426 in
982 5372 1139 5440 bello,
1180 5373 1236 5428 in
1278 5387 1390 5444 quo
1432 5387 1533 5444 pau

1774 5364 1960 5436 ipheta
2004 5372 2065 5420 et
2099 5364 2193 5421 alii
2235 5367 2414 5424 multi.
2461 5366 2523 5425 In
2579 5366 2732 5427 Novo
2769 5385 2901 5427 vero
2934 5370 3288 5431 Testamento

19 5457 204 5515 multos
236 5460 505 5531 vicerunt,
547 5464 686 5519 duce
713 5462 902 5532 Iosue,
949 5465 1034 5520 vel
1059 5464 1314 5533 Samson,
1342 5465 1426 5521 vel
1452 5463 1592 5520 Iuda
1690 5458 1882 5514 eadem
1907 5457 2118 5529 experti
2145 5468 2278 5517 sunt
2299 5461 2624 5533 apostoli,et
2642 5472 2912 5538 martyres
2933 5465 3155 5529 infiniti.
3171 5464 3286 5525 La-

19 5546 335 5609 Iachabaao.
384 5553 442 5610 ln
472 5553 625 5612 Novo
663 5566 846 5614 autem
889 5556 1305 5625 Constantinus,
1341 5555 1533 5613 ’Πιεοά

1771 5552 1864 5607 tati
1892 5561 2037 5621 sm,
2079 5561 2161 5621 ut,
2202 5553 2261 5610 in
2303 5552 2484 5611 Veteri
2513 5555 2885 5627 Testamento,
2933 5557 3200 5615 Jeremias
3228 5557 3285 5613 in

19 5641 138 5711 sius,
170 5643 491 5717 Heracleas,
520 5648 775 5717 Carolus,
805 5651 1074 5721 multique
1112 5649 1206 5706 alii
1232 5650 1592 5721 imperatores
1692 5644 1951 5718 Egypto,
1978 5644 2233 5703 Ezechiel
2261 5647 2319 5705 in
2342 5647 2652 5722 Babylone;
2682 5651 2738 5707 in
2768 5648 2921 5707 Novo
2942 5659 3127 5708 autem
3159 5650 3283 5706 Ste-

20 5744 56 5787 ξι
75 5738 356 5810 principes
388 5756 482 5811 per
516 5740 678 5799 tidem
705 5742 763 5799 ia
794 5743 937 5801 bello
960 5743 1184 5800 fuerunt
1205 5741 1372 5799 fortes
1409 5750 1465 5798 et
1504 5740 1591 5797 vi-
1689 5738 1907 5810 phanus
1946 5748 2318 5813 protomartyr
2339 5782 2357 5809 ,
2396 5752 2454 5798 et
2493 5742 2699 5801 Paulus
2736 5746 3019 5818 apostolus
3040 5786 3057 5814 ,
3094 5752 3152 5802 et
3189 5744 3285 5801 alii

20 5836 197 5887 :tores.
243 5828 439 5911 Castra
479 5843 746 5891 verterunt
788 5842 1089 5893 ceterorum
1115 5876 1130 5906 ,
1179 5834 1233 5891 id
1276 5843 1364 5892 est
1411 5841 1590 5892 castra
1690 5833 1899 5905 plures.
1925 5831 2067 5890 Secti
2103 5844 2250 5908 sunt,
2285 5845 2371 5912 ut,
2391 5837 2448 5896 in
2475 5837 2660 5899 Veteri
2684 5838 3054 5909 Testamento,
3077 5838 3279 5909 Isaias;

322 5910 595 5989 Ptrnon.
633 5926 812 5991 CLV.
2352 5910 2360 5912 ὴ
