3820 6312
501 322 639 381 154⁸1

500 443 558 498 in
600 441 750 497 Novo
793 455 944 506 vero,
987 448 1044 493 ut
1089 442 1521 494 Barthotomzeus
1567 433 1850 504 apostolus
1893 443 1947 490 et
1989 435 2082 489 alii
2113 441 2160 500 Α

496 533 702 605 plures.
751 531 960 587 Tantali
1006 541 1167 595 sunt,
1219 527 1450 585 subaudi
1499 525 1976 597 promissionibus,
2025 535 2088 582 ut

493 625 697 696 Ioseph
736 625 808 679 ab
833 620 1316 693 uxore'Putiphar,
1362 632 1417 675 et
1455 619 1750 675 Machabaei
1791 621 1861 675 ab
1889 619 2119 676 Antio-)1

494 719 620 774 eho.
655 716 712 772 ln
743 716 895 773 Novo
923 731 1052 772 vero
1088 715 1438 771 Testamento
1467 712 1624 766 multi
1653 714 1828 767 sancti
1859 713 2088 782 promis-

494 809 748 864 sionibus
794 825 825 863 a
865 808 1084 863 diabolo
1113 815 1168 862 et
1198 805 1485 861 diabolicis
1531 806 1847 863 hominibus
1891 807 2085 863 tentati

495 909 659 967 sunt,
712 909 792 968 ut,
835 899 1057 954 Christo
1101 898 1389 964 derelicto,
1426 897 1716 953 simulacra
1773 899 2084 968 adorarent,

500 1001 563 1046 ut
591 1000 816 1048 sanctus
863 989 1250 1054 Sebastianus,
1285 997 1508 1043 sanctus
1547 987 1888 1060 Hippolytus,
1919 988 2114 1044 Joan-.

494 1099 593 1139 nes
640 1095 694 1139 et
722 1082 945 1149 Paulus,
969 1090 1158 1136 sancta
1183 1079 1387 1151 Agnes,
1414 1089 1604 1136 sancta
1630 1079 1864 1152 Agatha,
1897 1091 2084 1136 sancta

493 1173 789 1230 Catharina
818 1183 873 1229 et
904 1174 1058 1229 multi
1113 1172 1227 1228 alii.
1265 1171 1333 1227 In
1377 1173 1636 1228 occisione
1667 1172 1848 1245 .gladii
1887 1175 2085 1228 mortui

491 1275 636 1333 sunt,
681 1275 741 1321 ut
781 1267 836 1320 in
875 1264 1056 1322 Veteri
1106 1264 1456 1322 Testamento
1497 1265 1816 1322 Abiinelech
1857 1282 1984 1322 cum
2019 1265 2088 1320 70

489 1358 694 1414 indutis
742 1359 920 1428 ephod
962 1368 1020 1414 et
1068 1357 1249 1416 Urias.
1317 1358 1377 1414 ln
1420 1357 1574 1414 Novo
1618 1367 1799 1429 autem
1845 1358 2085 1415 Joannes

490 1451 754 1522 Baptista,
790 1450 995 1508 Paulus
1042 1452 1348 1522 apostolus,
1398 1460 1452 1506 et
1492 1451 1581 1505 alii
1630 1450 1808 1506 multi.
1847 1449 2120 1506 σει·εωὶε-ι

490 1552 638 1610 runt,
697 1542 932 1597 subaudi
974 1542 1190 1601 diversa
1231 1541 1418 1596 mundi
1463 1541 1604 1607 loca,
1633 1541 1704 1593 ‘in
1750 1539 1979 1604 melotis,
2030 1539 2085 1594 id

489 1644 594 1702 est,
625 1635 826 1691 vilibus
845 1645 901 1691 et
931 1635 1142 1706 asperis
1167 1635 1374 1690 tunicis
1402 1634 1550 1690 tecti.
1575 1632 1671 1689 Vel
1696 1632 1846 1705 quod
1872 1632 2006 1688 dicit
2019 1632 2083 1686 in

489 1728 982 1798 melotis,aexponit
1008 1723 1327 1783 subdensin
1370 1727 1596 1797 pellibus
1636 1725 1894 1796 caprinis.
1943 1723 2089 1780 Dicit

1743 315 2095 373 RADULPHI
2132 316 2482 378 ARDENTIS

3599 331 3694 390 15ιό

2184 450 2329 503 mus,
2363 445 2424 492 ut
2445 437 2750 492 moriamur
2773 437 3004 504 mundo,
3027 436 3280 494 vivamus
3305 449 3474 496 autem
3497 441 3609 500 Deo.
3624 446 3699 506 Cir.

2187 528 2404 583 coimus
2431 543 2654 599 quoque
2673 528 3169 600 peregrinationem
3201 528 3365 585 istius
3383 533 3578 602 mundi,
3593 537 3628 591 si
3647 538 3699 594 in-

2187 621 2492 692 telligentes
2521 637 2623 677 nos
2657 637 2767 677 non
2805 621 3010 677 habere
3035 621 3132 676 hic
3184 640 3204 674 ι
3239 621 3503 679 civitatem
3539 641 3702 695 perma-

2188 722 2428 780 nentem,
2461 712 2701 769 futuram
2750 714 3083 784 inquirimus
3115 713 3304 784 (Hebr.
3339 718 3478 782 xm).
3504 735 3524 770 ι
3564 717 3618 774 Et
3635 721 3704 778 hoc

2188 801 2244 858 in
2275 803 2514 872 melotis,
2545 803 2856 874 inapellibus
2876 804 3144 874 caprinis,
3176 805 3262 859 vel
3288 805 3358 860 ad
3388 805 3596 862 litteram

2189 895 2291 953 ciis
2323 905 2379 951 et
2413 896 2588 954 sacris
2615 896 3090 967 paenitentialibus
3117 908 3220 952 nos
3250 897 3546 966 induentea,
3573 902 3709 957 vehi-

2186 988 2419 1056 litatem,
2463 991 2929 1060 et-asperitatem,
2973 999 3031 1046 et
3073 991 3500 1061 corruptionem,
3527 995 3710 1062 quati:-

2187 1083 2538 1149 cumdamur,
2566 1099 2783 1154 semper
2810 1083 3247 1139 considerantes.
3296 1082 3527 1154 Egentes
3551 1100 3712 1156 quoque

2186 1190 2400 1240 sumus,
2416 1173 2618 1230 fratres
2647 1175 2776 1242 mei,
2803 1175 2982 1246 magis
3008 1174 3210 1230 divinat
3230 1176 3420 1244 gratiae
3446 1183 3500 1230 et
3521 1176 3713 1245 spiritua-

2185 1264 2320 1320 lium
2345 1263 2607 1320 virtutum
2643 1281 2809 1336 quam
2853 1275 3200 1322 terrenarum
3241 1265 3643 1336 stipendiorum,
3673 1280 3715 1324 ut

2185 1356 2333 1412 dicat
2361 1356 2742 1428 unusquisque
2784 1367 3040 1414 nostrum
3082 1358 3331 1429 quotidie
3376 1372 3500 1412 cum
3535 1358 3711 1415 Psalmi-

2187 1456 2310 1503 sta:
2347 1468 2365 1500 ‹
2398 1447 2513 1519 Ego
2551 1465 2682 1504 vero
2721 1463 2930 1520 egenus
2970 1459 3027 1505 et
3067 1466 3277 1520 pauper
3313 1466 3472 1516 sum;
3496 1449 3716 1517 Densa!-

2180 1540 2310 1612 juva
2344 1556 2433 1597 me
2461 1540 2638 1612 (Psal.
2671 1543 2847 1613 LXIX).
2886 1562 2905 1594 ι
2953 1542 3354 1614 Angustiamur
3391 1555 3594 1612 quoque
3613 1559 3713 1614 quo-

2185 1633 2334 1701 tidie,
2367 1649 2493 1689 cum
2515 1633 2767 1689 videmus
2794 1635 2960 1689 aliam
2988 1634 3166 1705 legem
3194 1635 3250 1688 in
3292 1634 3546 1689 membris
3567 1638 3718 1696 nostris

2186 1733 2578 1794 repugnaan
2620 1725 2725 1796 legi
2761 1725 2963 1781 mentis
3003 1734 3213 1782 nostra:
3233 1767 3249 1792 ,
3309 1733 3367 1780 et
3418 1725 3717 1796 captivantem

487 1821 638 1876 enim
678 1820 901 1890 quidam
945 1819 1202 1874 melotam
1229 1833 1353 1874 esse
1377 1819 1545 1875 vestis
1583 1834 1775 1890 genus,
1823 1817 1981 1875 facta:
2011 1835 2080 1874 ex
2113 1810 2156 1870 Β
2185 1829 2286 1869 nos
2318 1815 2375 1868 in
2399 1815 2516 1886 lege
2559 1815 2768 1885 peccati
2804 1815 2981 1886 (Rom.
3006 1816 3134 1886 Vn),
3166 1825 3222 1870 et
3267 1816 3564 1870 clamamus
3593 1831 3718 1872 unus-

489 1912 724 1983 pellihus
753 1910 1016 1981 caprinis,
1058 1925 1195 1981 qua,
1237 1919 1456 1980 propter
1495 1911 1846 1981 asperitatem
1891 1909 2074 1979 Elias,

489 2001 734 2059 Joannes
758 2001 1024 2072 Baptista,
1061 2010 1115 2056 et
1155 2001 1527 2072 adhuc'aliqui
1551 2003 1790 2057 eremitae
1825 2011 2072 2057 utuntur.

487 2094 707 2165 Semper
741 2103 966 2165 egentes,
1014 2093 1247 2148 subaudi
1292 2093 1648 2160 necessariis,
1688 2095 1982 2164 angustiati
2010 2094 2076 2148 ἰη
2106 2131 2112 2136 -

487 2187 698 2255 animo,
727 2187 924 2257 amicti
965 2186 1199 2242 diversis
1239 2185 1706 2241 tribulationibus.
1753 2187 1976 2253 Quibus,
2021 2186 2077 2244 id

483 2285 571 2333 est
603 2291 838 2347 quorum
867 2276 1282 2332 conversatione
1323 2292 1426 2330 non
1461 2286 1577 2331 erat
1613 2277 1840 2331 mundus
1861 2277 2074 2347 dignus,

485 2369 538 2423 id
565 2369 648 2424 est
679 2379 953 2424 amatores
990 2368 1199 2423 mundi.
1234 2366 1301 2421 In
1324 2367 1707 2422 solitudinibus
1728 2379 1985 2436 errantes,
2021 2370 2078 2424 in
2109 2413 2112 2416 .

485 2461 772 2528 montibus,
804 2462 858 2514 in
892 2460 1176 2531 speluncis,
1217 2461 1272 2514 in
1314 2461 1550 2515 cavernis
1573 2471 1766 2526 terra};
1805 2471 1864 2516 ut
1906 2460 2074 2529 Elias,

483 2564 540 2611 et
565 2555 664 2610 filii
693 2555 1105 2626 prophetarum,
1147 2568 1289 2626 quos
1319 2553 1524 2610 Abdias
1561 2563 1692 2613 tunc
1733 2555 2074 2627 quinquage-

486 2663 590 2706 nos
618 2651 783 2720 pavit.
835 2647 893 2704 ln
941 2647 1094 2704 Novo
1139 2657 1322 2704 autem
1365 2647 1718 2704 Testamento
1748 2648 1904 2702 multi
1953 2649 2078 2703 soli-

483 2743 611 2800 tarii
640 2743 720 2799 sic
743 2743 1016 2799 vixerunt.
1056 2739 1120 2795 lli
1157 2756 1372 2808 omnes,
1399 2739 1601 2796 fratres
1630 2739 1756 2807 mei,
1799 2749 1855 2795 et
1887 2755 1988 2796 nos
2029 2740 2076 2796 si

482 2851 611 2892 vere
636 2835 823 2894 lideles
844 2832 1058 2902 sumus",
1085 2833 1330 2904 quotidie
1361 2847 1462 2904 pro
1484 2833 1706 2888 modulo
1735 2841 1925 2888 nostro
1951 2847 2078 2887 sus-

483 2928 747 2982 tinemus.
777 2924 836 2981 Si
877 2925 1024 2982 enim
1050 2930 1204 2996 vere;
1226 2916 1414 2980 fideles
1453 2939 1646 2980 sumus
1679 2922 2073 2990 distendimur;
2106 2961 2110 2966 -

481 3018 588 3074 etsi
644 3032 754 3072 non
784 3017 840 3070 in
871 3017 1181 3084 tormentis,
1212 3017 1404 3072 saltem
1428 3015 1674 3086 jejuniis,
1704 3016 1988 3071 labori-bus
2015 3015 2076 3070 in

481 3108 762 3165 anteriora
783 3123 886 3163 nos
913 3107 1290 3175 extendentes,
1322 3122 1431 3162 non
1473 3106 1834 3176 suscipientes
1862 3106 2076 3162 redem-
2103 3145 2112 3154 .

481 3201 725 3273 ptionem
752 3201 1053 3272 corporalis
1075 3199 1405 3268 afﬂictionis,
1434 3208 1495 3255 ut
1521 3199 1800 3254 meliorem
1829 3197 2076 3254 invenia-
2101 3173 2148 3238 ο

483 3310 611 3350 mus
653 3293 1134 3368 resurrectionem.
1184 3291 1242 3346 Si
1294 3307 1422 3348 vere
1462 3291 1648 3348 fideles
1687 3307 1900 3359 sumus,
1931 3290 2076 3346 ludi-

482 3386 603 3441 bria
631 3386 948 3456 experimur
985 3401 1016 3440 a
1046 3383 1341 3440 mundanis
1366 3384 1680 3441 hominibus
1702 3395 1952 3440 nostrum
1975 3384 2075 3440 bo-

480 3491 613 3530 num
651 3477 992 3546 propositum
1040 3475 1414 3543 irridentibus,
1450 3485 1505 3531 et
1552 3491 1652 3531 nos
1692 3475 1776 3530 vel
1819 3475 2068 3544 insanos,

478 3567 566 3622 vel
591 3565 927 3639 hypocritas,
969 3565 1052 3621 vel
1091 3567 1417 3638 impustores
1445 3567 1789 3622 vocantibus.
1835 3565 2070 3622 Verbera
2108 3611 2110 3614 μ

478 3672 702 3730 quoque
727 3656 1039 3728 frequenter
1087 3659 1344 3729 patimur,
1394 3659 1476 3714 vel
1520 3659 1590 3714 ab
1635 3659 1877 3726 homine,
1922 3659 2070 3714 vela

477 3747 612 3816 Deo,
644 3759 907 3820 tanquam
943 3751 1032 3822 pio
1060 3759 1232 3821 patre,
1274 3766 1376 3806 nos
1417 3750 1646 3822 ﬂagellis
1667 3751 1972 3819 erudiente,
2002 3753 2071 3807 ad

479 3851 730 3898 nostram
788 3844 1171 3914 purgationem
1220 3843 1305 3898 vel
1355 3843 1752 3914 probationem.
1809 3842 2074 3901 Garceres

479 3949 724 4006 quoque,
754 3934 804 3991 si
829 3933 1015 3992 ﬁdele's
1042 3950 1255 4001 sumus,
1287 3935 1532 4006 quotidie
1569 3936 1901 4007 experimur,
1949 3936 2071 3992 vin-

477 4029 604 4091 cula
633 4028 840 4084 scilicet
866 4028 1065 4085 divinat
1101 4029 1236 4101 legis
1269 4038 1324 4085 et
1351 4029 1657 4096 charitatis,
1693 4031 1896 4101 quibus
1927 4041 2051 4088 tene
2095 4051 2099 4055 ί

478 4134 608 4176 mur
635 4129 922 4178 necontra
947 4119 1045 4176 Dei
1084 4120 1418 4177 voluntatem
1446 4130 1541 4176 aut
1570 4122 1803 4178 velimus
1845 4131 1943 4178 aut
1983 4120 2070 4178 fa-

477 4213 712 4279 ciamus,
753 4213 910 4283 juxta
955 4213 1102 4284 quod
1143 4214 1440 4284 Apostolus
1479 4215 1594 4270 ait:
1625 4233 1644 4268 ι
1675 4213 1907 4271 Solliciti
1953 4229 2070 4270 ser-
2102 4257 2107 4264 .

475 4320 608 4360 vare
637 4305 899 4359 unitatem
927 4306 1152 4375 spiritus
1171 4305 1227 4359 in
1253 4305 1472 4360 vinculo
1500 4306 1653 4377 pacis
1676 4306 1894 4376 (Ephes.
1921 4307 2017 4376 rv).
2041 4325 2060 4358 ι

475 4393 740 4452 Careeres
768 4412 1006 4468 quoque.
1035 4397 1280 4468 quotidie
1335 4398 1538 4468 patitur
1567 4398 1750 4454 anima
1781 4407 1990 4464 nostra,
2013 4407 2068 4452 et

475 4488 523 4542 si
551 4504 662 4544 non
690 4489 829 4545 alios
856 4491 1048 4545 saltem
1075 4490 1358 4558 angustias
1398 4500 1452 4546 et
1488 4490 1768 4547 molestias
1795 4489 2064 4560 corporis,
2099 4537 2142 4592 Β

474 4581 628 4648 dum,
658 4583 938 4653 cupientes
958 4583 1184 4638 dissolvi
1207 4592 1402 4639 etesse
1425 4599 1550 4638 cum
1565 4583 1789 4638 Christo
1803 4581 1975 4652 (Phil.
2000 4584 2062 4651 ι),

473 4689 602 4728 cum
613 4672 882 4745 Propheta
899 4675 966 4730 ad
979 4674 1271 4730 Dominum
1287 4676 1619 4730 clamamus:
1639 4693 1658 4726 ι
1690 4674 1842 4732 Educ
1866 4675 1932 4729 de
1943 4690 2066 4730 car-

475 4782 600 4822 cere
612 4768 1068 4835 animam'meam,
1088 4778 1146 4824 ut
1167 4769 1492 4823 conﬁteatur
1511 4767 1722 4821 nomini
1752 4776 1844 4822 tuo
1886 4767 2062 4836 (Psal.

473 4861 642 4929 ειη).
665 4860 1143 4931 s.Lapidaniui-que
1158 4860 1491 4930 frequenter,
1520 4859 1567 4914 si
1596 4859 1779 4915 fideles
1801 4875 2015 4927 sumus,
2033 4875 2062 4914 a
2098 4901 2102 4906 .

471 4951 768 5008 mundanis
781 4950 1313 5016 hominibus,saltem
1328 4949 1600 5019 lapidibus
1610 4950 2063 5005 contumeliarum
2096 4979 2101 4986 ι

473 5043 740 5116 injurisru
749 5060 822 5111 m,
837 5043 1237 5098 detractionum
1253 5049 1314 5094 et
1331 5041 1762 5096 accusationum.
1780 5041 2066 5098 Sectamur

473 5134 640 5189 etiam
657 5134 726 5188 ab
755 5133 845 5188 his
869 5133 1126 5187 omnibus
1155 5131 1371 5189 diversa
1397 5133 1465 5190 de
1498 5134 1660 5190 nobis
1689 5135 2038 5206 opinantibus

471 5224 1053 5294 aliisquedicentihus:
1077 5245 1097 5278 ‹
1117 5224 1591 5298 Βοιιιιςθειμοαη.
1615 5228 1751 5300 xu),
1777 5247 1802 5288 ,ι
1831 5227 1952 5284 aliis
1979 5226 2063 5283 di-
2101 5273 2105 5278 ί

471 5317 754 5373 cantibus:
775 5335 793 5370 ι
813 5314 1064 5386 Non,sed
1078 5318 1704 5393 seducitturbas(ibid.).
1729 5341 1748 5373 ι
1766 5320 2063 5376 Tentamur
2095 5353 2098 5355 λ

471 5423 692 5479 quoque
707 5423 738 5464 a
753 5409 1172 5481 propriacarne,
1189 5413 1275 5468 vel
1302 5429 1332 5469 a
1356 5414 1591 5479 diabolo,
1617 5413 1699 5468 vel
1727 5429 1759 5468 a
1780 5412 2061 5470 diabolicis
2103 5463 2106 5466 .

472 5500 788 5560 hominibus
802 5518 902 5560 nos
924 5504 1184 5561 seducere
1209 5505 1516 5561 volentibus
1535 5511 1750 5560 :eontra
1761 5519 1901 5574 quos
1921 5519 2060 5574 opus
2085 5534 2090 5540 ‹

467 5598 553 5645 est
578 5592 738 5648 nobis
766 5595 972 5649 auxilio
996 5595 1183 5651 divino
1216 5604 1272 5651 et
1315 5596 1462 5651 lucta
1495 5595 1836 5666 quotidiana.
1869 5594 1930 5650 In
1956 5611 2055 5654 oc-
2085 5633 2090 5639 ι

467 5683 676 5742 cisione
702 5699 923 5758 quoque
962 5688 1128 5760 gladii
1153 5688 1443 5756 morimur,
1483 5688 1532 5744 si
1557 5688 1737 5760 gladio
1767 5689 1916 5745 verbi
1959 5688 2057 5746 Dei

468 5790 644 5851 usque
663 5777 735 5840 ad
753 5779 1024 5853 interiora
1053 5780 1415 5854 penetrantis,
1437 5796 1548 5846 nos
1578 5781 1728 5853 ipsos
1762 5781 2056 5840 mortifica-

2182 1908 2416 1979 quisque
2430 1916 2682 1964 nostrum
2697 1914 2823 1965 eum
2843 1906 3107 1979 Apostolo
3121 1926 3145 1964 τ
3177 1927 3198 1962 ο
3221 1907 3417 1964 Infelix
3435 1908 3610 1964 homo!
3628 1910 3721 1980 quis

2181 2015 2270 2055 me
2284 1998 2535 2054 liberabit
2554 1998 2624 2054 de
2645 2008 2876 2070 carpore
2889 1999 3088 2070 hujus?
3117 2018 3139 2052 ι
3166 1997 3219 2071 (1
3224 1998 3336 2053 bid.
3345 2000 3384 2062 ).
3399 1999 3583 2054 Aﬁlicti
3601 2000 3723 2056 etiam

2181 2107 2377 2148 sumus
2401 2106 2502 2162 pro
2531 2092 2772 2162 peccatis
2799 2092 3004 2149 nostris
3028 2090 3346 2164 frequenter
3384 2101 3442 2148 et
3466 2108 3661 2163 corpore
3679 2104 3720 2148 et

2180 2194 2382 2253 mente,
2410 2185 2494 2240 vel
2519 2184 2686 2240 etiam
2722 2198 2829 2256 pro
2869 2185 3064 2242 alienis
3098 2193 3306 2252 mente,
3355 2185 3486 2240 dum
3518 2186 3719 2242 conside-

2178 2286 2366 2332 rantes
2402 2276 2645 2332 infinitos
2673 2276 2872 2333 divina:
2914 2276 3051 2348 legis
3086 2285 3550 2348 transgressores,
3589 2277 3726 2332 dum

2167 2356 2480 2440 possumus
2545 2368 2928 2440 ultusquisque
2967 2383 3096 2424 cum
3161 2368 3440 2439 Propheta
3477 2368 3542 2423 ad
3579 2367 3723 2422 Domi-

2178 2476 2349 2518 num:
2382 2479 2399 2512 I
2434 2458 2736 2517 Tabescere
2757 2476 2845 2516 me
2875 2460 3002 2517 fecit
3031 2462 3184 2516 zelus
3217 2477 3411 2528 meus,
3455 2460 3575 2532 quia
3610 2461 3726 2515 obliti

2179 2563 2309 2610 sunt
2341 2553 2508 2610 verba
2530 2561 2631 2610 tua
2659 2553 2868 2610 inimici
2897 2554 3007 2609 mei
3035 2553 3212 2624 (Paul.
3242 2555 3461 2624 θίγω).
3490 2574 3512 2607 ι
3555 2552 3724 2609 Insoli-

2181 2646 2465 2703 tudinibus
2494 2660 2717 2717 quoque
2745 2661 3018 2715 erramus,
3056 2646 3102 2702 si
3131 2647 3430 2702 mundana
3455 2647 3729 2717 perditionis

2178 2735 2523 2808 frequentata
2569 2744 2626 2792 et
2675 2736 2784 2792 lata
2821 2737 3016 2792 itinera
3065 2735 3364 2808 fugientes,
3410 2747 3466 2792 et
3511 2745 3733 2794 secretam

2177 2830 2657 2898 vitamducentes,
2687 2830 2982 2886 mundanis
3013 2831 3338 2887 hominibus
3363 2847 3547 2887 errare
3582 2832 3732 2888 videa-

2177 2936 2322 2990 mur,
2353 2922 2597 2978 dicentes
2629 2921 3011 2992 unusquisque
3055 2938 3184 2977 cum
3234 2922 3548 2994 Propheta:
3583 2942 3600 2976 ι
3626 2921 3739 2978 lie:

2177 3012 2429 3084 elongavi
2485 3011 2742 3084 fugiens,
2797 3022 2853 3069 et
2897 3014 3079 3070 mansi
3123 3014 3180 3070 in
3235 3016 3531 3072 solitudine
3573 3014 3736 3086 (Prol.

2177 3104 2314 3176 ιιν),
2343 3124 2363 3157 ι
2403 3105 2474 3160 ad
2533 3114 2750 3162 montes
2798 3104 3064 3161 virtutum
3107 3108 3359 3178 quotidie
3401 3109 3740 3169 ascendentes.

2176 3205 2233 3252 et
2252 3205 2440 3253 tamen
2469 3197 2525 3253 in
2565 3197 2847 3269 speluncis
2872 3213 2976 3254 nos
3014 3199 3391 3267 humiliando,
3417 3210 3474 3256 et
3503 3203 3555 3256 in
3581 3217 3740 3257 ease:-

2177 3289 2265 3347 nis
2297 3289 2528 3362 gloriam
2577 3290 2876 3347 humanam
2921 3290 3182 3363 fugiendo
3237 3294 3534 3350 latitantes.
3580 3293 3643 3348 Et
3675 3295 3705 3346 ii
3728 3336 3742 3356 ,

2177 3382 2375 3456 inquit,
2427 3386 2730 3440 testimonio
2773 3385 2921 3454 ﬁdei,
2971 3385 3208 3442 subaudi
3254 3401 3516 3456 operum,
3567 3388 3742 3456 prolati

2176 3486 2319 3532 sunt.
2353 3478 2433 3535 Ae
2468 3478 2516 3533 si
2553 3478 2740 3534 dicat:
2768 3476 3097 3548 Hujusmodi
3129 3493 3327 3534 omnes
3369 3480 3468 3550 qui
3515 3488 3656 3534 tanta
3679 3478 3746 3533 ie-

2174 3580 2370 3628 cerunt
2411 3580 2468 3627 et
2507 3573 2658 3642 passi
2687 3580 2858 3641 sunt,
2910 3572 3230 3630 testimonio
3271 3572 3515 3628 fidelium
3547 3588 3745 3642 operum

2173 3664 2388 3735 probati
2415 3672 2545 3720 sunt
2583 3665 2728 3734 apud
2770 3663 2964 3721 Deum.
2999 3665 3214 3732 Quibus
3254 3682 3362 3722 nos
3397 3666 3652 3735 adjuvare
3679 3663 3748 3717 ὥσ

2173 3765 2370 3827 giretur
2397 3765 2454 3812 et
2480 3757 2705 3826 praemio
2723 3765 2778 3812 et
2805 3757 3022 3825 merito,
3054 3756 3239 3826 Pater,
3268 3767 3326 3815 et
3348 3756 3544 3826 Filius,
3567 3765 3621 3814 et
3645 3755 3746 3825 Spi-

2173 3850 2314 3908 ritus
2353 3859 2598 3908 sanctus.
2643 3851 2838 3908 Amen.

2912 3941 3030 3998 XVI

2368 4049 2713 4092 PLURIIORUI
2751 4052 3063 4092 IARTYBUI.
3107 4053 3284 4094 suam
3323 4055 3391 4093 DE
3431 4049 3588 4095 ιδεμ

2243 4128 2379 4186 Cum
2425 4129 2712 4184 audieritis
2763 4129 2954 4199 prwlia
3000 4139 3048 4184 et
3099 4131 3421 4198 seditiodes,
3463 4133 3625 4186 nolite
3664 4143 3752 4186 ter-

2171 4223 2276 4276 reri
2303 4221 2456 4293 (Luc.
2495 4221 2633 4290 χιι),
2669 4231 2724 4276 et
2750 4221 2847 4281 rei.
2879 4220 3151 4288 Quoniam
3197 4224 3588 4282 tribulatione:
3611 4235 3660 4281 et
3696 4240 3751 4280 ει

2171 4315 2471 4386 improviso
2502 4314 2805 4381 venientes,
2847 4324 3129 4384 prostrare
3165 4317 3350 4372 solent
3376 4318 3546 4373 etiam
3577 4317 3751 4374 fortio-

2169 4423 2292 4474 res,
2342 4406 2464 4462 ideo
2495 4404 2765 4460 Dominus
2798 4414 2853 4460 et
2901 4404 3238 4477 Redemptor
3282 4416 3474 4463 noster
3508 4418 3751 4464 venturas

2168 4499 2329 4568 longe
2360 4504 2488 4556 ante
2524 4495 2776 4565 praedixit
2813 4494 3098 4566 discipulis
3141 4496 3260 4552 suis
3302 4498 3752 4567 perturbationes,

2167 4598 2232 4644 ut
2267 4596 2420 4644 tanto
2457 4587 2641 4642 minus
2665 4603 2762 4643 eos
2791 4588 3174 4658 perturbarent
3201 4599 3415 4659 quanto
3443 4591 3625 4662 magis
3669 4603 3750 4642 eos
3816 4633 3817 4636 η

2168 4681 2358 4753 clypeo
2408 4679 2765 4750 praescientite
2809 4679 3008 4743 muniti
3075 4689 3282 4736 essent.
3349 4679 3541 4737 Primo
3587 4681 3752 4752 igitur.

2165 4771 2248 4828 eis
2283 4770 2534 4841 praedixit
2561 4768 2939 4824 tribulationes
2961 4769 3335 4840 praecedentes
3362 4779 3419 4824 et
3452 4771 3750 4840 signiﬁcan-

2169 4873 2252 4920 tes
2283 4863 2446 4918 iinem
2480 4861 2694 4928 mundi,
2727 4869 2782 4916 et
2819 4870 3012 4928 contra
3043 4877 3139 4916 eas
3181 4863 3646 4918 consolationem.
3671 4860 3752 4914 Se-

2167 4957 2347 5012 cundo
2385 4970 2537 5022 vero,
2574 4952 2827 5024 praedixit
2865 4968 2964 5009 eos
3009 4953 3300 5021 tenendos,
3345 4962 3402 5008 et
3443 4953 3512 5008 ad
3553 4952 3754 5022 judiees

2165 5044 2496 5112 trahendos,
2543 5052 2600 5100 et
2644 5051 2838 5100 contra
2879 5059 2979 5098 eos
3019 5044 3482 5100 consolationem.
3540 5044 3752 5108 Tertio,

2163 5139 2301 5195 dixit
2335 5153 2433 5194 eos
2485 5138 2557 5195 ab
2606 5135 2852 5191 inimicis
2907 5136 3272 5204 occidendos,
3319 5146 3376 5192 et
3425 5148 3623 5194 contra
3665 5137 3750 5190 hoc

2165 5231 2621 5287 consolationem.
2663 5228 2852 5284 Primo
2894 5230 3078 5299 itaque
3129 5230 3514 5286 tribulationes
3563 5247 3750 5302 prae:-

2163 5326 2358 5382 dentes
2404 5333 2460 5380 et
2492 5323 2867 5396 significantes
2913 5322 3080 5379 tinem
3115 5324 3350 5391 mundi,
3389 5325 3471 5380 eis
3513 5322 3752 5394 pradixit

2161 5433 2288 5474 cum
2324 5416 2481 5483 dixit,
2503 5433 2623 5470 cum
2645 5415 2928 5470 audieritis
2956 5413 3147 5484 praelia
3172 5425 3222 5468 et
3248 5415 3564 5469 seditiones.
3592 5410 3752 5465 Porro

2160 5507 2322 5572 bella,
2359 5504 2560 5561 fratres
2595 5505 2736 5572 mei,
2766 5504 2836 5560 ad
2871 5505 3061 5560 hostes
3105 5503 3414 5574 pertinent,
3455 5502 3752 5558 seditiones

2159 5599 2228 5656 ad
2255 5597 2422 5654 cives.
2474 5595 2542 5652 Ut
2570 5612 2701 5668 ergo
2735 5612 2836 5654 nos
2875 5597 3082 5652 iudicet
3120 5596 3368 5653 exterius
3416 5595 3780 5662 interiusque

2160 5691 2484 5758 turbandos,
2514 5689 2765 5760 praedixit
2805 5705 2910 5745 nos
2934 5689 3004 5745 ab
3033 5689 3292 5746 hostibus
3327 5700 3382 5746 et
3420 5704 3449 5743 a
3487 5686 3748 5743 fratribus

2157 5799 2280 5842 esse
2309 5797 2594 5856 passuros.
2643 5780 2797 5839 Sicut
2834 5781 3320 5840 enimhumanum
3348 5797 3554 5853 corpus
3579 5781 3644 5860 in
3671 5792 3749 5835 se-
