3820 6312
128 368 229 429 1549

1135 342 1467 403 HOMILLE.
1510 374 1580 385 —-
1616 342 1682 399 ll.
1723 341 1814 399 DE
1852 343 2162 402 SANCTIS.

3134 350 3276 411 1550

122 485 279 540 nectute
299 471 464 546 patitur
500 464 741 523 crebrius
785 462 1073 536 passiones
1121 461 1320 518 mortis
1358 474 1590 537 prmam-
1619 462 1667 525 Α
1695 471 1867 528 route,
1907 459 1983 515 ita
2011 459 2118 517 erit
2162 459 2243 516 eis
2283 476 2449 518 causa
2483 461 2852 521 damnationis
2895 475 3130 525 aeternae.
3162 467 3277 525 Un’

118 574 245 635 bulas,
283 574 328 622 et
361 563 418 619 ab
448 557 796 617 exterioribus
824 555 1200 611 accidentibus
1229 553 1491 619 exterius,
1535 559 1591 609 et

115 651 466 725 audissouantia
512 649 800 703 humor-um
854 648 1103 714 interius,
1151 646 1231 703 sic
1266 646 1359 701 lict
1405 645 1605 703 immi-_

111 761 239 811 uento
267 748 357 807 ho
377 744 431 801 in
460 755 680 812 corpore
722 739 991 795 machinae
1034 738 1349 795 mundialis.
1400 736 1590 810 Surget

109 846 223 910 ιηὶιη,
241 836 401 910 inquit,
418 850 529 907 gens
553 840 735 889 contra
764 839 989 903 gentem,
1017 840 1068 886 et
1092 846 1309 902 regnum
1336 830 1588 885 adversus

110 948 283 1009 mgnum,
293 938 334 985 et
346 934 646 983 terminatus
663 940 754 994 per
768 924 891 981 loca
900 923 1077 996 magni
1087 932 1261 991 erant,
1275 922 1591 994 pestilentiae

103 1036 139 1080 et
156 1024 304 1096 fama,
330 1028 619 1087 terroresque
654 1015 719 1070 de
759 1012 913 1082 creto,
937 1023 993 1073 et
1011 1014 1155 1071 sicut
1175 1014 1231 1069 in
1257 1013 1589 1085 quibusdam

105 1112 318 1171 radicibus
362 1105 555 1176 legitur,
595 1113 647 1159 et
687 1113 1049 1175 tempestates,
1089 1112 1142 1159 et
1185 1103 1338 1176 signa
1393 1119 1589 1174 magna

99 1212 228 1261 erunt.
257 1199 377 1256 Sane
401 1199 543 1269 signa
571 1196 679 1252 ista
698 1195 1146 1253 demonstrantur
1178 1210 1302 1253 esse
1335 1203 1587 1264 ventura,

99 1297 287 1369 quadam
313 1309 340 1350 e
367 1291 512 1359 cmlo,
541 1289 790 1361 quadam
823 1304 855 1345 e
891 1298 1059 1356 terra,
1093 1289 1344 1362 quapiam
1373 1303 1442 1345 ex
1479 1288 1589 1344 ele-

94 1386 258 1454 mentis,
296 1384 519 1456 qutedam
550 1382 619 1438 ab
664 1381 1001 1440 hominibus.
1048 1381 1138 1437 Ait
1186 1380 1373 1437 enim:
1409 1390 1588 1452 surget

93 1498 184 1554 gens
201 1487 351 1534 contra
367 1485 577 1549 gentem,
595 1489 722 1532 ecce
734 1474 1071 1547 perturbatio
1092 1473 1399 1530 hominum.
1415 1472 1588 1528 Erunt

87 1580 349 1629 terrwmotus
384 1586 474 1641 per
508 1567 647 1636 loca,
686 1582 814 1624 ecce
857 1567 939 1623 ira
985 1565 1082 1625 Dei
1123 1565 1376 1638 desuper.
1413 1563 1589 1622 Erunt

87 1663 350 1736 pestilentia,
386 1676 504 1717 ecce
531 1660 874 1732 inaequalitas
907 1658 1068 1718 aeris.
1101 1657 1241 1727 Quia
1273 1657 1441 1733 igitur
1469 1675 1588 1714 om-

82 1755 145 1812 n‘a
172 1754 561 1812 consummanda
596 1762 746 1821 sunt,
771 1751 955 1809 omnia
987 1761 1114 1809 ante
1148 1753 1584 1808 consummatio-

1694 548 1763 607 de
1804 559 1860 607 et
1904 552 2091 609 subdit
2138 571 2152 608 :
2191 551 2470 627 Continget
2522 564 2701 611 autem
2746 559 2892 613 vobis
2933 561 2988 615 in
3036 562 3275 618 testimoc
3336 606 3345 611 -

1696 642 1864 698 nium.
1922 641 1983 699 In
2031 644 2402 703 testimonium
2449 647 2698 706 videlicet
2740 665 2957 708 coronae
3002 666 3193 710 vestrae
3218 662 3280 713 et

1694 737 1751 792 in
1780 738 2152 795 testimonium
2191 738 2560 800 damnationis
2602 757 2746 813 suae;
2781 743 2899 816 qui,
2926 744 3082 802 vobis
3123 746 3277 803 salu-

1691 835 1801 883 tem
1849 845 2006 886 suam
2038 831 2429 902 quaerentibus,
2473 834 2621 906 quod
2654 843 2739 891 est
2784 834 2940 890 vobis
2979 851 3147 893 causa
3183 852 3278 895 co-

1692 936 1861 989 ronas,
1916 937 2027 978 non
2082 923 2469 994 crediderunt,
2527 925 2640 982 imo
2701 936 2757 984 et
2796 927 3073 999 persecuti
3126 939 3273 987 sunt.

1690 1010 1752 1069 ln
1776 1013 2149 1071 testimonium
2195 1032 2295 1088 pro
2319 1017 2494 1086 vobis,
2531 1027 2586 1074 et
2623 1018 2682 1075 in
2726 1019 3099 1077 testimonium
3139 1037 3283 1091 con-,

1691 1112 1775 1159 tra
1806 1102 1950 1160 illos.
1985 1102 2141 1163 Unde
2180 1106 2328 1162 enim
2374 1123 2473 1164 vos
2503 1123 2786 1178 coronam,
2833 1109 2912 1164 illi
2967 1109 3095 1168 inde
3133 1111 3278 1169 rcci-

1690 1194 1841 1265 pient
1858 1194 2285 1253 damnationem.
2305 1195 2460 1253 Unde
2484 1195 2793 1256 Psalmista:
2818 1220 2838 1252 ‹
2863 1200 3024 1269 Deus,
3057 1200 3275 1259 laudem

1691 1300 1870 1341 meam
1906 1301 1976 1343 ne
2017 1289 2276 1357 tacueris,
2303 1289 2433 1361 quia
2461 1306 2524 1346 os
2566 1292 2893 1363 peccatoris,
2943 1302 2998 1349 et
3022 1278 3089 1350 dos
3122 1294 3277 1350 dolo-

1691 1379 1737 1434 si
1761 1394 1929 1451 super
1975 1394 2065 1437 me
2112 1389 2361 1452 apertum
2419 1391 2523 1440 est.
2575 1381 2769 1441 Loculi
2812 1394 2943 1442 sunt
2983 1386 3274 1444 adversum

1692 1486 1779 1526 me
1816 1471 2004 1546 lingua
2031 1471 2245 1542 dolosa,
2276 1482 2332 1529 et
2370 1476 2718 1533 sermonibus
2752 1477 2863 1534 odii
2901 1477 3299 1549 circumdede:

1689 1570 1820 1619 runt
1848 1578 1959 1631 me,
2002 1572 2058 1621 et
2102 1576 2554 1636 expugnaverunt
2602 1584 2689 1624 me
2733 1568 2921 1641 gratis.
2969 1569 3075 1627 Pro
3122 1586 3187 1628 eo
3219 1580 3278 1627 ut

1689 1666 1777 1712 me
1798 1655 2104 1730 diligerent,
2133 1657 2490 1714 detrahebant
2509 1660 2781 1735 mihi,ego
2804 1673 2983 1718 autem
3011 1665 3272 1732 orabam;

1689 1755 1744 1803 et
1763 1757 2069 1819 posuerunt
2088 1749 2378 1806 adversum
2403 1767 2491 1807 me
2517 1752 2659 1808 mala
2686 1769 2786 1824 pro
2810 1753 2990 1822 bonis,
3016 1755 3276 1812 etodium

81 1865 171 1903 nem
193 1848 563 1918 perturbantur.
593 1844 658 1900 Et
683 1845 777 1917 qui
811 1844 866 1901 in
909 1845 1122 1901 cunctis
1151 1841 1496 1916 delinquunt,
1527 1844 1582 1900 in
1611 1831 1661 1890 Β
1688 1856 1786 1910 pro
1808 1841 2100 1899 dilectione
2126 1858 2249 1899 mea
2279 1842 2453 1913 (Psal.
2479 1843 2653 1916 cvm).
2686 1865 2703 1897 ι
2736 1844 2841 1901 Sed
2864 1846 2990 1918 quis
3022 1848 3145 1903 inde
3173 1848 3248 1903 bu
3306 1900 3311 1903 _

74 1939 239 1995 cunctis
262 1938 566 2010 puniuntur,
594 1947 653 1993 ut
677 1938 967 2010 impleatur
990 1937 1137 2009 quod
1158 1938 1426 2009 scriptum
1460 1946 1547 1995 est
1570 1956 1584 1995 :

78 2050 92 2083 α
121 2029 348 2102 Pugnabit
377 2044 473 2101 pro
506 2045 573 2086 eo
600 2031 751 2086 orbis
785 2038 1053 2086 terrarum
1094 2027 1246 2103 (Sap.
1273 2030 1350 2103 v).
1385 2047 1405 2084 ι
1448 2028 1590 2099 Quia

68 2123 177 2178 enim
213 2123 482 2191 omnibus,
512 2139 637 2196 quae
674 2122 744 2179 ad
791 2138 955 2180 usum
1000 2123 1125 2180 vita:
1165 2138 1588 2195 acceperamus,

67 2216 306 2284 abutimur,
335 2216 452 2273 ideo
478 2225 679 2274 cuncta
710 2217 949 2274 nobisin
972 2217 1238 2274 ultionem
1263 2225 1592 2274 convertun-

64 2318 145 2364 tur.
177 2308 367 2365 Bouum
417 2310 575 2392 pacis
630 2310 898 2367 vertimus
946 2310 1003 2367 in
1046 2326 1209 2368 usum
1256 2309 1587 2367 securitatis.

60 2399 497 2475 Peregrinationem
525 2413 685 2461 terra:
713 2421 813 2476 pro
834 2405 1172 2462 habitatione
1196 2404 1475 2477 diligimus
1496 2421 1597 2478 pa-

57 2496 159 2552 triar.
192 2494 416 2554 Salutem
456 2514 753 2570 corporum
792 2499 847 2555 in
870 2499 1104 2556 abusum
1130 2496 1396 2556 vertimus
1424 2499 1590 2555 vitio-

54 2606 163 2645 nm.
187 2591 520 2647 Abundantia
548 2592 837 2661 ubertatis,
856 2608 966 2649 non
996 2592 1065 2648 ad
1080 2591 1458 2649 necessitatem
1485 2592 1593 2647 uti—

50 2696 159 2750 mur,
186 2682 272 2739 sed
288 2683 358 2739 ad
380 2685 745 2756 voluptatem.
774 2685 933 2742 Aeris
955 2685 1305 2742 serenitatem
1334 2685 1404 2742 ad
1426 2700 1591 2741 num-

47 2773 143 2829 dani
167 2778 333 2847 gaudii
371 2786 763 2851 retorquemus
791 2779 1108 2836 vanitatem.
1158 2777 1376 2837 Justum
1420 2787 1505 2834 est
1532 2784 1595 2832 ut

45 2866 217 2924 cunctis
256 2868 543 2939 feriamur,
586 2872 684 2943 qui
711 2872 928 2928 cunctis
969 2871 1353 2939 abutebamur,
1376 2876 1433 2926 et
1457 2877 1595 2940 quot

41 2971 91 3012 ex
116 2959 208 3016 illis
240 2961 541 3020 habuimus
584 2978 755 3034 prava
789 2964 1219 3031 oblectamenta,
1260 2969 1343 3020 tot
1370 2977 1441 3020 ex
1484 2961 1593 3019 illis

39 3049 300 3109 sentiamus
336 3062 644 3110 tormenta.
679 3052 862 3122 Quare
888 3060 1075 3111 autem
1101 3053 1354 3125 adjunxit
1385 3060 1595 3125 tempe-

34 3150 173 3199 states
207 3144 347 3202 inter
385 3148 578 3220 signa,
623 3147 731 3205 nisi
779 3147 910 3219 quia
948 3155 1299 3219 tempestates
1342 3145 1624 3205 ordinem:

1688 1931 1935 2003 jusmodi
1982 1932 2195 1989 homini
2220 1942 2492 1992 eventus:
2538 1955 2557 1989 ‹
2596 1934 2734 1993 Cum
2772 1936 3074 2009 judicatur,
3124 1948 3281 1995 exeat

1691 2023 2089 2082 condemnatus
2135 2023 2327 2098 (Ibid.)
2366 2043 2385 2079 ι
2428 2024 2595 2084 Porto
2622 2038 2815 2085 contra
2845 2029 3134 2100 praedictas
3168 2040 3281 2087 tra-

1693 2115 1929 2173 ditiones
1961 2125 2015 2173 et
2040 2116 2420 2174 accusationes
2440 2119 2758 2177 consolatur
2788 2120 2932 2178 Deus
2959 2122 3279 2195 discipulos,

1693 2224 1819 2265 cum
1846 2208 2030 2267 subdit
2050 2229 2064 2266 :
2082 2211 2273 2268 Ponite
2292 2229 2415 2284 ergo
2453 2212 2509 2268 in
2533 2214 2778 2269 cordibus
2802 2216 2987 2269 vestris
3015 2231 3119 2270 non
3138 2233 3280 2286 pra:-

1695 2300 1948 2356 meditari
1975 2301 2421 2374 quemadmodum
2446 2304 2824 2375 respondeatis.
2843 2303 2955 2378 Ego
2983 2306 3121 2360 enim
3143 2306 3280 2360 dabo

1695 2390 1841 2445 vobis
1870 2407 1949 2460 os,
1984 2392 2038 2448 id
2067 2402 2153 2449 est
2174 2392 2565 2465 eloquentiam.
2591 2392 2658 2449 Et
2677 2394 2804 2466 quia
2827 2395 3137 2467 eloquentia
3163 2396 3281 2451 sine

1696 2484 1964 2556 sapientia
2012 2500 2123 2541 non
2154 2486 2399 2556 prodest,
2436 2485 2717 2560 adjungit,
2746 2492 2795 2542 et
2832 2487 3150 2558 sapientiam
3192 2485 3281 2542 cui

1697 2592 1802 2630 non
1821 2585 2067 2648 poterunt
2090 2578 2328 2634 resistere
2372 2586 2420 2634 et
2450 2580 2811 2634 contradicere
2834 2596 3009 2635 omnes
3039 2580 3284 2635 adversa-

1698 2668 1768 2723 rii
1802 2669 1981 2726 vestri.
2007 2670 2085 2727 Ac
2114 2670 2161 2727 si
2183 2669 2348 2728 dicat:
2374 2669 2553 2728 Nolite
2578 2666 2939 2742 prmmeditari
2963 2680 3152 2728 contra
3179 2673 3283 2729 hu-

1693 2760 1958 2833 iusmodi,
1992 2759 2253 2834 quoniam
2286 2772 2339 2818 et
2359 2763 2405 2819 si
2431 2777 2529 2819 vos
2550 2763 2712 2818 verba
2738 2761 2993 2834 profertis
3016 2806 3031 2831 ,
3053 2779 3155 2837 ego
3188 2780 3282 2836 per

1698 2868 1797 2910 vos
1838 2855 2067 2927 loquor;
2117 2863 2173 2911 et
2200 2856 2247 2912 si
2282 2872 2379 2913 vos
2425 2854 2493 2912 ad
2542 2862 2817 2912 certamen
2872 2856 3152 2927 acceditis,
3182 2873 3283 2931 ego

1699 2961 1798 3018 per
1818 2962 1915 3002 vos
1938 2962 2144 3021 pugno.

1775 3035 2036 3110 Sequitur
2063 3056 2194 3112 pars
2248 3041 2430 3102 tertia.
2464 3042 2519 3097 in
2566 3058 2672 3115 qua
2725 3040 2993 3099 Dominus
3037 3042 3288 3114 praedixit

1701 3131 1988 3203 discipulis
2040 3132 2157 3189 suis
2199 3132 2362 3189 etiam
2404 3133 2475 3189 ab
2515 3133 2709 3190 amicis
2739 3132 3110 3206 perimendos,
3156 3149 3283 3190 cum

37 3243 297 3310 ωηροηιη
320 3210 710 3299 “aulai-Vw;
733 3210 1094 3298 co-nsuemm'?
1119 3239 1275 3308 Quod
1302 3255 1477 3312 nuper
1498 3252 1596 3296 ex-
1626 3210 1671 3274 Ο
1702 3225 1889 3281 subdit
1912 3243 1925 3281 ‘.
1959 3223 2264 3281 Trademini
2306 3239 2483 3282 autem
2510 3244 2542 3281 a
2564 3227 2847 3300 fratribus,
2870 3236 2918 3283 et
2944 3226 3280 3299 parentibus,

34 3331 370 3400 pertisumus,
420 3334 527 3406 qui
581 3342 759 3391 totum
802 3341 1022 3406 tempus
1059 3334 1312 3391 aestivum
1353 3332 1595 3389 vidimus

35 3439 328 3482 murenam.
357 3425 539 3484 Porro
557 3435 755 3485 eorttra
775 3428 894 3485 haec
914 3427 1100 3484 futura
1121 3427 1265 3483 mala
1293 3425 1594 3496 discipulos
1622 3464 1627 3469 -

31 3519 483 3589 meonsolatur,
501 3535 643 3578 cum
654 3520 808 3578 addit
829 3538 844 3577 :
869 3519 1046 3577 Nolite
1062 3520 1268 3577 terreri.
1298 3517 1369 3575 Et
1395 3533 1596 3576 conse-

33 3615 248 3674 mentem
275 3609 510 3683 Oportet
541 3612 690 3668 enim
718 3613 954 3684 primum
972 3611 1084 3668 hac
1105 3610 1243 3683 ﬁeri,
1265 3616 1429 3669 erunt
1447 3608 1596 3666 enim

32 3702 137 3773 ign:
171 3705 277 3764 ista
316 3708 502 3780 iustis
533 3707 610 3765 ad
648 3708 1079 3769 consolationem
1121 3717 1181 3765 et
1210 3705 1594 3764 eruditionem.

32 3790 140 3852 inde
174 3799 333 3870 prius
361 3801 632 3859 dicitur:
684 3799 788 3857 His
825 3810 1004 3858 atem
1045 3801 1168 3869 ﬁeri
1198 3799 1596 3871 incipientibus,

27 3899 139 3947 nate
177 3896 365 3964 capita
386 3903 586 3951 uestra
608 3909 629 3950 :
656 3893 1099 3967 appropinquavit
1128 3893 1270 3949 enim
1308 3891 1598 3962 redemptio

33 3991 177 4041 utra.
202 3984 580 4053 Quibusdam
608 4002 739 4043 vero
758 3986 1154 4059 peccatoribus
1193 3991 1359 4043 erum
1386 3983 1455 4040 ad
1482 3999 1600 4055 ρω-

27 4073 208 4135 ﬂentis
246 4079 716 4138 festinationem.
769 4078 1038 4152 Reprobis
1072 4087 1237 4136 erunt
1275 4076 1342 4135 ad
1383 4084 1601 4134 aeternas

31 4180 147 4224 tum
189 4170 663 4229 inchoationem.
724 4170 828 4228 Sed
868 4171 1124 4239 nonduin,
1171 4169 1371 4242 inquit,
1413 4169 1601 4225 statim

25 4262 107 4318 vis.
139 4262 351 4322 Ultima
386 4266 565 4323 enim
619 4264 898 4321 tribulatio
927 4264 1116 4321 multis
1154 4262 1602 4321 tribulationibus

29 4366 410 4414 monstratur.
448 4357 531 4413 Et.
575 4358 701 4414 ideo
732 4359 931 4415 debent
957 4358 1130 4414 multa
1167 4350 1327 4414 malai
1355 4370 1600 4428 praecur-
1628 4410 1636 4417 .

24 4463 97 4515 re,
130 4458 195 4505 ut
222 4452 458 4507 Muta
494 4450 729 4509 valeant
757 4450 878 4506 sine
898 4449 1312 4507 lincnuntiare.

35 4538 300 4612 Sequitur
321 4558 478 4614 pars
509 4540 796 4609 seemida,
823 4541 882 4596 in
909 4550 1020 4612 qua
1062 4539 1331 4597 Dominus
1353 4538 1603 4611 praedicit

19 4633 243 4706 κίμιῶ
288 4651 403 4694 eos
459 4634 770 4701 tenendos,
814 4633 1111 4691 trabendos
1151 4641 1208 4689 et
1250 4632 1600 4704 iudicandos,

26 4741 78 4781 m
105 4729 309 4785 subdit
344 4750 360 4784 :
394 4728 524 4784 Sed
550 4739 680 4782 ante
707 4727 819 4782 hac
841 4727 1023 4781 omnia
1051 4725 1293 4796 injicient
1319 4726 1462 4780 nobis
1486 4742 1603 4780 ma-
1628 4764 1635 4771 .

21 4836 61 4887 s,
101 4830 155 4876 et
202 4829 647 4895 persequentur
673 4835 763 4876 vos
806 4820 1074 4877 tradetues
1112 4820 1169 4874 in
1218 4834 1515 4891 synagogas
1550 4826 1603 4875 et

24 4914 246 4981 rtodias,
280 4915 605 4993 trahentes
629 4913 700 4967 ad
733 4929 874 4985 reges
907 4922 958 4968 et
986 4912 1241 4984 pras'ides
1266 4922 1478 4983 propter
1502 4929 1633 4969 no-.

20 5020 58 5059 η
83 5023 300 5064 meum.
327 5009 427 5065 Ac
460 5008 522 5063 si
556 5016 754 5078 aperte
779 5006 957 5062 dicat:
998 5004 1127 5062 ideo
1155 5005 1311 5077 signa
1326 5014 1379 5061 et
1397 5013 1629 5061 aeterna-

21 5101 230 5156 lnnatio
257 5110 417 5159 sunt
440 5106 704 5155 ventura
726 5114 892 5170 supa-
911 5098 1197 5168 reprobos,
1220 5096 1483 5167 quoniam
1497 5094 1601 5166 ipsi

16 5206 84 5247 us
113 5191 241 5249 hoc.
266 5192 692 5250 merebuntur
724 5189 1002 5246 reddendo
1021 5190 1175 5246 vobis
1204 5189 1350 5248 mala
1376 5203 1477 5259 pro
1505 5189 1604 5244 bo—

21 5323 35 5335 .
72 5281 263 5341 Vobis
304 5284 571 5355 quippe
610 5281 917 5338 volentibus
956 5297 1053 5337 eos
1076 5281 1144 5336 de
1187 5296 1353 5336 manu
1400 5279 1605 5336 diaboli

15 5392 166 5436 :rare
224 5379 546 5453 injia'cnt
598 5392 815 5432 manus.
843 5374 954 5432 Vos
990 5390 1212 5446 quoque
1236 5375 1478 5431 volentes
1513 5388 1608 5429 eos

15 5472 301 5528 erute-ab
361 5467 607 5527 eterni
648 5466 843 5537 iudicii
881 5466 1255 5532 damnatione,
1302 5464 1367 5520 ad
1400 5463 1609 5534 judicia

15 5577 109 5618 um
134 5572 203 5620 et
244 5561 621 5635 Midam
647 5558 884 5614 trahent.
915 5557 982 5612 Et
1001 5558 1134 5623 hac,
1160 5556 1357 5626 inquit,
1409 5556 1608 5625 facient

15 5652 57 5705 is
87 5664 350 5723 propter
374 5664 619 5706 mea
645 5664 837 5703 nicum.
863 5647 1035 5715 Quasi
1056 5647 1206 5707 dicat
1234 5664 1247 5700 :
1274 5645 1499 5716 Propter
1520 5660 1610 5701 me

46 5744 365 5811 adibant.
410 5742 543 5815 qui
601 5753 823 5811 propter
866 5755 956 5796 me
999 5755 1099 5796 vos
1134 5737 1358 5808 diligere
1405 5737 1608 5794 debue—
1642 5778 1647 5787 .

15 5845 47 5893 ι.
82 5838 247 5907 Quae
288 5838 549 5906 utique
599 5846 769 5889 causa
797 5831 938 5889 sicut
966 5830 1277 5919 .crit‘vobi‘s
1318 5843 1484 5902 causa
1513 5842 1606 5882 co-

1632 4580 1681 4637 ι)

1697 3328 1750 3374 et
1775 3319 2045 3392 cognatis,
2093 3330 2143 3374 et
2169 3330 2332 3375 morte
2352 3318 2590 3391 ofﬁcient
2632 3337 2697 3375 ea:
2724 3320 2886 3375 vobis.
2922 3318 3282 3379 Tolerabilius

1698 3418 1783 3468 est
1799 3410 1911 3483 pati
1935 3411 2005 3467 ab
2033 3412 2308 3468 extraneis
2331 3427 2495 3484 quam
2518 3413 2587 3469 ab
2608 3411 2819 3468 amicis.
2847 3411 3106 3485 Majorem
3135 3411 3281 3468 enim

1698 3502 1975 3565 dolorem.
2022 3503 2181 3560 nobis
2262 3505 2538 3561 incutiunt
2610 3512 2880 3561 tormenta
2952 3504 3022 3561 ab
3092 3502 3287 3561 amicis

1700 3593 1849 3651 illata
1882 3637 1898 3663 ,
1934 3595 2063 3667 quia
2118 3612 2245 3652 cum
2292 3596 2496 3653 damno
2530 3598 2780 3671 corporis
2820 3597 2964 3652 mala
2997 3611 3101 3653 nos
3154 3612 3284 3654 cru-

1698 3687 1846 3744 ciant
1866 3687 2084 3746 amissa:
2113 3688 2416 3748 charitatis.
2441 3689 2580 3746 Hinc
2602 3699 2685 3748 est
2718 3690 2864 3764 quod
2892 3690 2959 3747 de
2986 3689 3125 3746 Juda
3150 3705 3282 3763 pro-

1699 3779 1875 3837 ditore
1916 3796 2016 3853 per
2042 3778 2393 3839 Psalmistam
2420 3781 2688 3840 Dominus
2734 3782 2896 3840 dicit:
2929 3802 2947 3836 ι
2978 3781 3046 3840 Et
3064 3780 3287 3856 quidem
3314 3858 3323 3865 ἱ

1701 3872 1748 3928 si
1801 3872 2060 3931 inimicus
2107 3890 2265 3931 meus
2297 3873 2669 3933 maledixisset
2702 3874 2866 3945 mihi,
2897 3877 3285 3933 sustinuissem

1704 3967 1912 4038 utique.
1932 3965 2013 4023 Tu
2040 3984 2171 4024 vero
2204 3967 2369 4025 homo
2391 3968 2809 4039 unanimis,dux
2842 3986 3019 4039 meus,
3039 3980 3095 4027 et
3124 3979 3288 4026 notus

1701 4075 1858 4115 meus
1884 4058 2058 4131 (Psat.
2085 4060 2216 4133 Liv).
2255 4082 2273 4114 ι
2315 4061 2381 4118 Et
2412 4079 2667 4118 rursum:
2703 4083 2721 4115 ι
2755 4058 2931 4119 Homo
2968 4062 3119 4135 pacis
3154 4078 3291 4119 mea:

1701 4153 1757 4209 in
1789 4170 1899 4226 quo
1930 4154 2165 4226 speravi,
2195 4154 2289 4227 qui
2320 4155 2512 4211 edebat
2533 4172 2704 4226 panes
2736 4172 2887 4212 meos
2918 4156 3291 4230 magniﬁcavit

1701 4264 1866 4320 super
1874 4264 1962 4305 me
1976 4246 2645 4322 supplantationcm(Psal.
2664 4248 2775 4322 XL).
2802 4270 2820 4302 ι
2830 4247 2956 4306 llaec
2969 4248 3175 4318 omnia,
3187 4244 3292 4305 fra—

1700 4351 1813 4405 tres
1825 4340 2023 4411 mei,in
2050 4340 2327 4412 primitiva
2346 4339 2588 4399 Ecclesia
2615 4342 3024 4416 contingebant,
3042 4341 3287 4414 quando,

1704 4435 1923 4491 diabolo
1951 4450 2049 4506 per
2077 4433 2395 4505 eiectionem
2429 4450 2585 4491 suam
2614 4432 2848 4502 furente,
2880 4443 3029 4490 tanta
3056 4441 3176 4489 erat
3202 4450 3291 4490 ra-

1704 4528 1820 4584 bies
1832 4536 2243 4600 persecutorum
2270 4527 2415 4599 quod
2436 4525 2615 4586 fervor
2641 4527 2961 4585 idololatriae
2985 4526 3290 4582 naturalem

1706 4618 1947 4675 vinceret
1974 4618 2254 4691 pietatem,
2299 4629 2354 4676 et
2382 4618 2543 4688 ﬁlios,
2578 4628 2633 4675 et
2678 4618 2920 4686 amicos,
2963 4632 3104 4689 quos
3141 4632 3208 4672 ex
3238 4616 3292 4670 vi
3322 4600 3329 4615 ’

1706 4721 1915 4768 natura:
1944 4709 2197 4768 homines
2214 4712 2393 4769 solent
2426 4711 2670 4784 diligere,
2701 4711 2865 4766 etiam
2895 4716 3088 4775 contra
3116 4707 3292 4765 Deum
3324 4698 3331 4709 ’

1705 4804 1808 4877 ipsi
1836 4804 2114 4873 odiebant,
2137 4814 2193 4862 et
2212 4804 2703 4878 persequebantur,
2735 4811 2789 4860 et
2816 4809 3006 4858 contra
3036 4809 3291 4857 naturam

1704 4908 1759 4954 et
1820 4907 2007 4955 contra
2046 4897 2238 4955 Deum.
2280 4898 2387 4956 Sed
2422 4898 2549 4970 quia
2585 4912 2682 4954 eos
2716 4895 2965 4968 praedixit
3018 4895 3293 4966 perimen-
3326 4962 3333 4971 ἰ

1706 4990 1827 5060 dos,
1856 4994 2107 5065 protinus
2134 5008 2230 5049 eos
2273 4990 2610 5059 consolatur,
2640 4988 2908 5046 subdens:
2956 4982 3197 5058 Capillus
3229 4986 3293 5042 de

1704 5085 1874 5156 capite
1895 5095 2062 5140 vestro
2091 5101 2194 5139 non
2218 5082 2428 5154 peribit.
2454 5080 2719 5154 Capillus,
2743 5079 2942 5136 fratres
2962 5078 3068 5134 mei
3092 5119 3108 5147 ,
3129 5078 3295 5135 mini-

1704 5194 1793 5233 ma
1826 5193 1953 5248 pars
1975 5176 2219 5247 corporis
2241 5176 2414 5232 nostri
2442 5185 2544 5244 est,
2568 5192 2691 5249 qua:
2714 5177 2878 5233 etiam
2909 5177 3150 5235 abscissa
3181 5190 3294 5230 non
3322 5228 3331 5239 ,

1710 5271 1964 5327 sentitur.
1996 5270 2093 5327 Est
2127 5288 2258 5343 ergo
2288 5282 2673 5344 argumentum
2702 5289 2734 5328 a
2770 5273 2993 5329 minori.
3026 5274 3105 5329 Ac
3135 5272 3181 5329 si
3207 5272 3291 5327 di-

1709 5370 1901 5416 catur:
1942 5359 2000 5415 Si
2022 5361 2155 5416 illud
2186 5362 2333 5433 quod
2359 5363 2415 5417 in
2440 5362 2596 5419 vobis
2625 5362 2914 5420 minimum
2942 5371 3043 5431 est,
3074 5373 3127 5418 et
3148 5361 3294 5434 quod

1713 5455 1951 5512 incisum
1976 5471 2088 5511 non
2123 5456 2289 5525 dolet,
2326 5457 2504 5528 perire
2544 5473 2656 5514 non
2693 5466 2892 5530 potest,
2917 5458 3088 5513 multo
3112 5458 3295 5515 minus

1717 5549 1850 5606 illud
1888 5550 2034 5622 quod
2075 5550 2131 5604 in
2163 5549 2322 5605 vobis
2368 5551 2547 5623 majus
2599 5559 2721 5619 est,
2767 5559 2822 5607 et
2864 5551 3009 5623 quod
3056 5550 3293 5606 incisum

1715 5646 1881 5713 dolet,
1922 5644 2103 5716 perire
2136 5660 2249 5699 non
2290 5652 2488 5716 potest.
2531 5643 2754 5716 Mystice
2789 5659 2920 5700 vero
2965 5659 3073 5698 non
3113 5641 3294 5697 solum

1713 5753 1839 5795 ossa
1895 5744 2079 5792 nostra
2111 5778 2128 5805 ,
2166 5736 2219 5792 id
2279 5744 2364 5793 est
2404 5736 2562 5791 fortia
2614 5745 2766 5808 gesta
2792 5778 2805 5802 ,
2866 5735 2951 5791 vel
2990 5732 3134 5788 dicta
3162 5747 3292 5803 per-

1714 5830 1890 5896 ibunt,
1923 5830 2034 5888 imo
2064 5831 2588 5901 remunerabuntur,
2614 5830 2710 5887 sed
2746 5830 2908 5885 etiam
2960 5824 3191 5908 capilli,
3239 5822 3294 5877 id
