3820 6312
494 330 625 387 1551

1771 325 1955 382 ΒΑῡυ
1965 324 2120 382 LPHI
2158 325 2508 383 ARDENTIS

3599 341 3682 402 155']

491 453 577 502 est
608 445 769 502 bonae
802 447 1160 520 cogitationes
1185 453 1403 510 nostrte,
1427 458 1550 514 quae
1570 443 1636 499 de
1658 442 1905 510 cerebro,
1930 443 2088 516 quasi
2115 452 2166 514 Α
2195 443 2411 499 animas
2462 458 2591 501 suas
2637 445 3108 502 commendarent.
3146 445 3212 502 Et
3232 447 3324 504 alii
3348 450 3551 522 angelos
3573 453 3687 530 ίιιετο.

488 537 556 594 de
576 539 743 594 corde
763 548 987 607 exeunt,
1016 554 1123 594 non
1150 537 1403 609 peribunt
1420 535 1563 607 apud
1590 535 1761 590 Deum
1781 579 1796 603 ,
1818 535 1914 593 sed
1936 535 2086 606 justa

490 630 742 686 mercede
772 631 1143 687 donabuntur.
1187 628 1254 682 In
1283 627 1545 699 patientia
1565 666 1582 692 ,
1639 625 1818 697 inquit
1847 668 1863 694 ,
1912 636 2086 682 vestra

493 723 836 793 possidebitis
858 724 1070 778 animus
1093 733 1316 777 vestras.
1351 718 1527 788 Sicut,
1578 718 1777 776 fratres
1807 718 1944 787 mei,
1982 718 2086 774 im-

487 817 705 888 patiens
727 831 835 873 non
866 814 1114 889 possidet
1155 814 1398 869 animam
1444 827 1622 880 suam,
1657 809 1753 868 sed
1802 811 1986 882 potius
2015 811 2085 866 ab

489 908 572 963 ira
597 951 614 976 ,
643 907 862 963 tristitia
891 915 944 962 et
971 903 1343 976 indignatione
1371 902 1693 973 cantet-isque
1721 901 1920 956 anima:
1951 916 2083 971 per-

488 997 892 1053 turbationibus
920 1003 1234 1065 superatur,
1256 992 1338 1048 sic
1357 991 1451 1064 qui
1475 992 1690 1064 patiens
1710 999 1796 1047 est
1839 991 2082 1046 animam

487 1106 642 1146 suam
667 1087 948 1160 possidet,
972 1087 1102 1142 dum
1129 1086 1328 1141 anima:
1357 1083 1865 1157 perturbationibus
1900 1083 2084 1140 domi-

483 1188 664 1235 natur.
690 1177 792 1234 Per
814 1175 1132 1248 patientiam
1155 1190 1286 1247 ergo
1312 1175 1550 1242 animas,
1577 1188 1701 1246 qua:
1725 1189 1926 1246 corpus
1948 1189 2080 1246 pos-

481 1271 679 1336 sident,
709 1269 1088 1341 possidemus,
1121 1283 1249 1323 cum
1279 1283 1377 1323 eas
1416 1267 1483 1323 ad
1512 1266 1792 1339 patientiae
1827 1267 2078 1340 aequani-

479 1361 724 1417 mitatem
740 1361 977 1434 ‘ratione
1011 1360 1403 1432 gubernamus.
1437 1358 1515 1415 De
1539 1360 1645 1416 hoc
1674 1357 1936 1417 Salomon
1970 1359 2075 1415 ait:

487 1473 506 1506 ι
539 1452 729 1510 Melior
759 1463 844 1510 cst
888 1454 1105 1526 patiens
1138 1453 1258 1509 viro
1300 1451 1469 1520 forti,
1515 1461 1570 1510 et
1619 1453 1714 1525 qui
1763 1453 2080 1510 dominatur

479 1547 666 1603 animo
689 1562 813 1614 suo,
842 1556 1216 1620 expugnatore
1242 1545 1462 1602 urbium
1487 1544 1671 1618 (Prov.
1703 1546 1842 1618 xvt).
1877 1565 1896 1600 ι
1927 1544 2076 1601 Pau-

480 1655 545 1696 ca
572 1639 784 1695 viribus
802 1681 817 1708 ,
850 1639 947 1696 sed
972 1639 1162 1695 omnia
1187 1640 1453 1711 patientia
1492 1647 1842 1712 superantur.
1871 1637 1948 1695 De
1976 1646 2076 1710 pa—

477 1732 666 1788 tientia
696 1747 892 1789 rursus
937 1731 1197 1789 Salomon
1223 1731 1300 1788 ait
1328 1750 1342 1788 :
1381 1751 1401 1785 ι
1432 1730 1693 1788 Doctrina
1723 1729 1825 1786 viri
1856 1745 1953 1802 per
1979 1746 2076 1802 pa-

2190 535 2405 590 dientes
2459 537 2739 606 corporeis
2788 537 2968 593 oculis
3019 539 3309 608 viderunt,
3352 541 3442 596 alii
3475 559 3580 600 vero
3601 551 3688 612 nihil

2188 626 2467 694 viderunt,
2501 627 2596 682 sed
2627 637 2893 699 utrosque
2926 637 3112 685 tantus
3140 631 3306 687 timor
3350 631 3533 690 invasit
3553 647 3596 694 ut
3612 643 3688 704 nul-

2187 713 2296 785 lus,
2345 717 2435 773 illa
2487 727 2679 774 sancta
2733 720 2918 774 anima
2967 721 3302 793 egrediente,
3351 723 3458 780 illic
3478 731 3688 793 consistere

2185 812 2444 881 potuerit.
2483 810 2737 881 Pensate,
2782 811 3002 879 fratres,
3052 824 3322 885 quantum
3355 825 3544 874 terreat
3575 829 3690 883 omni.

2187 912 2382 974 potens
2432 902 2601 971 Deus,
2652 919 2779 960 cum
2808 904 3096 962 districtus
3142 907 3312 978 iudex
3341 919 3397 965 et
3426 911 3612 970 visibilis
3630 932 3688 973 ve-

2184 994 2321 1062 niet,
2363 994 2411 1050 si
2442 995 2523 1052 sic
2553 1004 2764 1067 gratus,
2817 1006 3201 1053 remunerator
3224 1008 3279 1054 et
3308 1000 3576 1056 invisibilis
3602 1009 3694 1064 assi-

2184 1095 2393 1144 stentes
2423 1089 2616 1144 terruit
2637 1089 2863 1160 quando
2895 1091 3084 1146 venit?
3116 1091 3258 1148 Ecce
3285 1103 3498 1149 servata
3525 1095 3590 1151 illa
3608 1101 3692 1156 etin

2182 1180 2556 1237 ecclesiastica
2583 1197 2718 1253 pace
2749 1183 3033 1252 patientia,
3062 1184 3130 1240 ad
3155 1194 3430 1256 quantum
3453 1187 3604 1259 gloria
3616 1193 3694 1247 cul-

2183 1289 2308 1329 men
2337 1273 2492 1328 illum
2515 1273 2734 1330 evexit?
2761 1272 2924 1331 Nullo
2950 1275 3054 1331 istc
3080 1277 3265 1347 gladio
3297 1293 3569 1346 percussus
3586 1299 3696 1341 om.

2180 1365 2320 1436 buit,
2345 1376 2398 1424 et
2427 1375 2606 1422 tamen
2638 1382 2926 1436 coronam,
2967 1384 3132 1439 quam
3166 1385 3264 1440 per
3287 1371 3549 1441 patientiae
3587 1377 3699 1434 vim.

2182 1467 2291 1516 tem
2346 1459 2402 1516 in
2465 1458 2662 1515 merito
2705 1459 2903 1528 tenuit,
2947 1459 3003 1516 in
3032 1463 3484 1519 remuneratione
3511 1470 3695 1539 perurit.

2177 1550 2291 1608 Nos
2312 1568 2557 1625 quoque,
2593 1552 2793 1610 fratres
2830 1551 2964 1622 mei,
2996 1554 3042 1610 si
3067 1554 3351 1626 patientia:
3379 1557 3602 1614 virtutem
3621 1577 3704 1618 ser-

2178 1646 2515 1714 va'Vcrimus,
2566 1659 2772 1701 corona
2816 1645 3068 1720 martyrii
3117 1663 3470 1720 nequaquam
3518 1662 3700 1722 expertes

2179 1737 2352 1795 futuri
2417 1753 2631 1794 sumus.
2679 1736 2955 1805 Quoniam
2996 1738 3241 1796 Joannes
3274 1742 3705 1814 evangelistabibi-

477 1826 722 1882 tientiam
748 1826 994 1883 noscitur
1021 1825 1203 1898 (Prov.
1242 1825 1380 1899 arx).
1421 1843 1442 1880 ι
1477 1823 1696 1896 Quanto
1717 1840 1847 1898 ergo
1877 1824 2076 1896 aliquis
2111 1815 2154 1876 Β
2182 1839 2340 1885 turus
2390 1827 2620 1883 calicem
2658 1829 2936 1900 passionis
2979 1845 3012 1885 a
3048 1828 3284 1886 Domino
3313 1831 3530 1900 dicitur,
3553 1835 3701 1905 quia.

475 1925 561 1972 est
583 1917 755 1990 magis
777 1918 1011 1989 patiens,
1035 1925 1192 1972 tanto
1207 1926 1293 1974 est
1314 1916 1489 1990 magis
1517 1916 1734 1974 doctus.
1763 1913 2075 1971 Notandum

478 2026 610 2067 vero
635 2021 721 2068 est
746 2011 895 2084 quod
937 2011 1188 2084 quaedam
1219 2027 1252 2068 a
1280 2003 1417 2080 Deo,
1465 2011 1717 2086 quaedam
1759 2019 1794 2066 a
1819 2008 2074 2078 diabolo,

474 2105 728 2176 quaedam
749 2121 781 2160 a
812 2105 1065 2176 proximo
1108 2105 1471 2162 sustinemus.
1501 2102 1548 2159 A
1571 2102 1686 2160 Deo
1713 2103 1916 2176 quippe
1970 2102 2073 2159 lla-

474 2197 634 2268 gclta,
667 2213 698 2252 a
727 2196 947 2254 diabolo
983 2196 1333 2265 tentationcs,
1373 2211 1404 2252 a
1441 2196 1695 2268 proximo
1723 2195 1956 2268 injurias
1985 2205 2070 2252 to-

473 2289 733 2345 lcramus.
769 2287 836 2344 Et
885 2288 1096 2362 ﬂagella
1145 2287 1370 2362 quidem
1413 2287 1512 2345 Dei
1562 2289 1645 2346 sic
1686 2288 2073 2361 aquanimiter

473 2391 692 2452 portare
727 2382 1016 2452 debemus,
1063 2390 1125 2436 ut
1170 2397 1280 2436 non
1329 2395 1826 2448 remurmuremus,
1854 2381 1950 2438 sed
1976 2397 2073 2453 po-

475 2475 608 2540 tius,
642 2475 1007 2546 intclligentes
1027 2491 1156 2531 cum
1185 2473 1370 2530 omnia
1388 2473 1537 2548 juste
1567 2491 1729 2548 agere
1757 2484 1812 2530 et
1839 2483 2068 2546 paterno

470 2567 665 2624 affectu
693 2584 827 2624 suos
849 2568 1142 2641 castigare,
1174 2584 1302 2624 eum
1331 2569 1746 2626 benedicamus.
1778 2567 2066 2624 Tcntatio-

468 2674 566 2713 nes
595 2674 816 2731 quoque
870 2659 1073 2716 diaboli
1104 2659 1191 2715 vel
1225 2661 1413 2717 carnis
1466 2662 1549 2718 sic
1591 2661 1864 2718 sustinere
1901 2661 2064 2716 debe.

470 2766 616 2817 mus,
651 2760 713 2806 ut
738 2751 807 2807 de
827 2750 1054 2808 victoria
1086 2768 1183 2825 per
1227 2750 1321 2807 Dei
1360 2751 1628 2808 auxilium
1667 2769 1778 2808 non
1807 2752 2064 2824 despere-

468 2861 613 2912 mus,
639 2843 736 2900 sed
767 2844 996 2900 viriiiter
1025 2843 1107 2900 cis
1143 2843 1486 2915 resistamus,
1534 2863 1601 2903 ne
1644 2846 1712 2902 ad
1741 2845 2061 2903 delectatio-

467 2953 592 2991 nem
621 2937 704 2992 vel
732 2952 1066 2994 consensum
1115 2937 1464 2995 inclinemur.
1492 2937 1725 3010 lnjurias
1752 2953 1883 2995 vero
1933 2954 2061 3011 pro-

465 3029 599 3084 ximi
623 3029 702 3086 sic
728 3029 1001 3087 sustinere
1025 3031 1289 3086 debemus
1313 3040 1373 3086 ut
1401 3047 1511 3086 non
1548 3030 1614 3086 ad
1639 3030 1932 3100 ultionem,
1961 3032 2059 3088 sed

2181 1935 2306 1977 men
2359 1935 2469 1977 non
2520 1935 2616 1991 per
2645 1920 2910 1994 gladium,
2939 1921 3034 1978 sed
3072 1937 3128 1976 tn
3170 1938 3307 1994 pace
3359 1923 3546 1996 legitur
3562 1925 3707 1983 (ieiuni

2173 2020 2320 2072 ctus.
2354 2004 2687 2087 Propterea,
2741 2013 2942 2069 fratres
2994 2014 3103 2069 mei
3127 2056 3144 2083 ,
3189 2015 3452 2072 virtutem
3495 2019 3706 2090 patientia

2175 2115 2484 2174 teneamus,
2513 2105 2739 2177 diligere
2791 2103 3047 2162 inimicos
3074 2106 3128 2161 e't
3164 2105 3488 2164 benefacere
3511 2125 3707 2182 perseca-

2171 2200 2390 2256 toribus
2419 2199 2628 2258 nostris
2658 2197 3037 2268 addiscamus,
3066 2209 3347 2270 quatenus
3369 2205 3598 2259 oratione
3618 2221 3708 2260 sano

2170 2310 2387 2359 ctorum
2447 2309 2750 2375 martyrum
2787 2301 3211 2374 comparticipes
3262 2314 3388 2356 esse
3437 2313 3711 2362 mereamur,

2170 2395 2440 2467 largiente
2495 2394 2606 2450 Deo
2631 2403 2687 2452 et
2715 2394 2954 2450 Domino
2999 2402 3192 2450 nostro
3231 2392 3364 2448 Jcsu
3391 2390 3616 2457 Christo,
3644 2391 3711 2461 qui

2169 2503 2298 2546 cum
2343 2478 2507 2545 Patre
2537 2496 2593 2544 et
2638 2488 2848 2561 Spiritu
2906 2497 3101 2545 sancto
3147 2486 3287 2543 vivit
3344 2496 3399 2543 et
3428 2495 3607 2557 regnat
3642 2490 3710 2556 per

2169 2571 2356 2641 omnia
2387 2581 2587 2641 saecula
2611 2583 2964 2639 saeculorum.
2994 2582 3192 2637 Amen.

2879 2689 3043 2751 ΧἫῐδ

2199 2821 2547 2869 ιιιυιιιιιοιιιιι
2582 2817 2899 2864 ιιιιιτιιιυιι.
2938 2821 3114 2863 εειιιιο
3151 2821 3221 2860 ne
3257 2819 3370 2859 ua;
3409 2804 3696 2860 sai-ima.

2232 2921 2514 2980 laetorum
2545 2924 2742 2978 anima:
2773 2923 2830 2977 in
2855 2938 3013 2976 manu
3038 2918 3137 2976 Dei
3158 2928 3309 2988 sunt,
3353 2929 3407 2973 et
3458 2935 3560 2973 non
3583 2926 3723 2987 tanget

2161 3016 2286 3072 mea
2310 3025 2629 3071 tormentum
2668 3015 2892 3071 malitiae
2935 3012 3088 3086 (Sep.
3128 3015 3238 3084 III),
3290 3020 3398 3068 etc.
3442 3011 3725 3068 [nfidede

467 3121 654 3192 potius
702 3121 770 3178 ad
814 3122 1252 3194 compassioncm
1302 3138 1642 3192 moveamur,
1695 3122 1969 3194 intelligen

2221 3109 2286 3166 lsi
2331 3108 2634 3164 Christiani
2678 3124 2805 3165 cum
2847 3106 3035 3164 vident
3079 3107 3137 3162 in
3183 3106 3295 3162 hac
3323 3107 3439 3162 vita
3465 3099 3638 3176 iustos
3653 3105 3729 3160 de-

465 3215 732 3286 quoniam
765 3230 876 3271 non
904 3176 998 3286 qui
1035 3215 1258 3286 patitur,
1301 3215 1443 3286 apud
1489 3214 1684 3282 Deum,
1716 3215 1812 3271 sed
1850 3176 1943 3286 quiti

2221 3202 2346 3270 imi,
2376 3202 2757 3269 contumelias,
2785 3201 3019 3273 injurias
3038 3209 3095 3257 et
3135 3200 3531 3256 tribulationes
3551 3197 3671 3270 pati,
3688 3206 3729 3251 et

463 3307 538 3361 cit
569 3306 828 3378 injuriam
853 3307 1038 3365 miser.
1070 3308 1227 3377 Quod
1250 3309 1442 3379 utique
1476 3307 1656 3364 facere
1684 3309 1986 3379 poterimus
2006 3310 2052 3365 si

462 3400 569 3456 hoc
617 3400 691 3456 ita
741 3401 1174 3468 consideremus,
1221 3401 1432 3458 scilicet
1476 3401 1623 3473 (ιιιόύ
1649 3400 1789 3455 nihil
1811 3401 2053 3472 patimur

463 3491 586 3547 sine
614 3490 768 3563 justo
799 3490 1011 3562 judicio
1052 3491 1170 3560 Dei,
1202 3492 1362 3564 cujus
1403 3492 1738 3548 ordinationi
1762 3509 1873 3549 non
1916 3494 2052 3550 resi-

461 3583 739 3652 stendum,
790 3593 843 3640 et
891 3584 1038 3657 quod
1068 3599 1168 3656 pro
1215 3584 1456 3656 peccatis
1485 3584 1690 3642 nostris
1731 3585 1882 3657 juste
1911 3586 2049 3658 pati-

457 3694 628 3734 mur:
678 3687 732 3733 et
776 3677 901 3734 ideo
947 3693 1059 3734 non
1092 3687 1286 3734 contra
1345 3678 1532 3734 lunam
1577 3694 1679 3736 nos
1715 3680 2048 3750 vexantium,

457 3770 553 3826 sed
600 3779 793 3826 contra
846 3769 979 3827 vitia
1027 3780 1216 3827 nostra
1248 3781 1334 3828 est
1367 3771 1527 3828 nobis
1568 3772 1919 3828 irascendum
1948 3791 1963 3830 :
1995 3782 2050 3830 et

457 3863 606 3934 quod
637 3881 745 3918 non
774 3864 968 3932 homo,
1001 3864 1096 3919 sed
1130 3863 1382 3921 diabolus
1416 3880 1512 3936 per
1548 3865 1917 3923 ministerium
1948 3866 2050 3923 ho-

458 3955 650 4024 minis,
674 3956 764 4012 cui
787 3965 1047 4029 tanquam
1075 3955 1294 4028 insidet,
1321 3973 1421 4013 nos
1443 3957 1810 4029 persequitur.
1836 3957 1903 4013 Et
1926 3958 2047 4014 ideo

457 4065 570 4106 non
604 4058 797 4107 contra
829 4049 1128 4118 hominem,
1158 4049 1253 4106 sed
1299 4059 1492 4106 contra
1532 4050 1812 4107 diabolum
1859 4050 2046 4107 miseri

457 4142 701 4199 hominis
754 4142 1220 4208 incessorem,est
1246 4141 1406 4198 nobis
1452 4139 1835 4212 prteliandum,
1859 4148 1921 4197 ut
1965 4141 2049 4196 vi-

457 4235 656 4290 delicet
700 4233 982 4290 diabolum
1020 4231 1380 4303 expellamus,
1411 4241 1466 4288 et
1506 4233 1786 4288 hominem
1833 4232 1903 4288 ab
1927 4232 2046 4304 ejus

456 4332 725 4396 potestate
768 4324 1084 4396 eripientes,
1122 4339 1310 4402 amore
1339 4331 1394 4379 et
1430 4323 1711 4378 beneficiis
1741 4321 1852 4379 Deo
1878 4321 2046 4378 lucri-

452 4418 742 4475 faciamus.
776 4417 982 4475 Omnes
1020 4416 1166 4473 enim
1199 4416 1329 4472 mali
1364 4432 1397 4472 a
1425 4415 1644 4472 diabolo
1668 4425 1956 4483 vexantur,
1991 4425 2046 4471 et

449 4512 608 4582 quasi
653 4511 975 4580 dementati,
1019 4509 1153 4582 quid
1207 4507 1407 4566 faciant
1439 4523 1546 4565 non
1575 4509 1886 4564 attendunt.
1915 4506 2044 4563 Inde

448 4605 702 4676 estquod
731 4603 1042 4676 Stephanus
1064 4612 1436 4675 protomartyr
1463 4619 1494 4658 a
1514 4601 1719 4658 Judaeis
1740 4602 1963 4673 patitur,
1988 4611 2042 4658 et

449 4713 644 4753 eorum
668 4697 898 4754 insania:
919 4697 1261 4768 compatiens
1283 4704 1406 4752 orat
1425 4710 1526 4765 pro
1549 4694 1632 4750 eis
1645 4693 1835 4750 dicens
1855 4714 1898 4748 ει
1933 4693 2041 4750 Do-

445 4793 616 4859 mine,
647 4791 861 4848 dimitte
905 4792 1008 4856 eis,
1037 4789 1169 4861 quia
1206 4788 1461 4843 nesciunt
1509 4785 1640 4857 quid
1665 4785 1871 4842 faciunt
1893 4786 2034 4855 (Act.

444 4886 541 4955 v1).
583 4905 600 4937 ι
641 4883 827 4941 Refert
867 4883 927 4938 Β.
977 4881 1278 4957 Gregorius
1315 4879 1463 4950 quod
1512 4877 1846 4949 Stephanus,
1878 4877 2038 4935 Pater

443 4978 763 5034 monasterii
807 4975 963 5048 juxta
1016 4973 1306 5029 Reatinam
1357 4971 1549 5029 urbem
1583 4971 1697 5041 siti,
1749 4970 1853 5026 fuit
1881 4971 2036 5028 valde

443 5080 669 5127 sanctus
690 5079 744 5126 et
765 5068 1099 5140 poenitentia:
1126 5065 1436 5138 singularis.
1466 5064 1564 5122 Hic
1589 5081 1690 5137 pro
1711 5080 1899 5120 amore
1924 5080 2036 5120 cte-

443 5163 662 5221 lestium
689 5160 875 5218 omnia
901 5168 1119 5215 terrena
1147 5158 1490 5229 despexerat,
1516 5154 1798 5228 possidere
1828 5154 2033 5226 aliquid

438 5255 498 5312 ir.
524 5254 632 5310 'noc
661 5251 922 5323 fugiebat.
964 5249 1259 5308 Tumultus
1295 5249 1537 5324 fugiebat
1565 5249 1874 5315 hominum,
1912 5263 2032 5303 cre-

440 5345 558 5401 btts
581 5351 636 5399 et
657 5341 1054 5416 prolixioribus
1082 5339 1426 5398 orationibus
1452 5339 1692 5396 intentus
1737 5346 1876 5405 erat,
1911 5347 2031 5392 tan-

437 5445 616 5509 taeque
663 5435 940 5508 patientia:
976 5443 1096 5491 erat
1135 5442 1196 5489 ut
1229 5449 1392 5490 suum
1422 5431 1728 5503 adiutorem
1758 5430 2023 5495 crederet,

2159 3297 2227 3353 de
2256 3297 2358 3352 hac
2382 3296 2493 3351 vita
2520 3311 2618 3368 per
2646 3295 2931 3367 angustias
2951 3303 3007 3351 et
3031 3293 3316 3351 cruciatus
3335 3292 3551 3365 egredi,
3573 3297 3737 3363 putant
3818 3301 3820 3368 ᾗ

2155 3387 2244 3444 vel
2267 3386 2438 3442 Deum
2462 3365 2574 3441 non
2601 3365 2744 3455 esse,
2775 3385 2860 3441 vel
2890 3386 3152 3442 mortales
3187 3397 3303 3441 non
3330 3399 3558 3451 curare,
3579 3390 3631 3439 et
3651 3382 3733 3437 bo-
3818 3365 3820 3401 ¹

2157 3480 2336 3536 mines
2359 3479 2542 3535 anima
2569 3488 2624 3536 et
2646 3495 2876 3550 corpore
2891 3477 3163 3550 deperire.
3205 3475 3384 3534 Nobis
3411 3474 3740 3534 credentibus

2154 3576 2372 3630 animas
2399 3574 2539 3630 mori
2572 3589 2685 3629 non
2706 3589 2890 3645 posse,
2922 3573 3018 3629 sed
3049 3572 3268 3628 animas
3297 3559 3592 3643 iustorum
3620 3582 3737 3625 seta.
3818 3559 3820 3575 ⁵

2152 3685 2252 3741 per
2288 3669 2445 3724 beate
2472 3667 2678 3734 vivere,
2707 3673 2762 3721 et
2782 3665 2998 3723 animas
3025 3665 3349 3737 iniquorum
3396 3679 3626 3736 semper
3649 3676 3746 3734 pe-

2155 3779 2254 3818 nas
2281 3762 2455 3827 luere,
2478 3761 2671 3816 dicunt
2691 3778 2705 3814 :
2725 3757 2828 3814 Ubi
2851 3771 2979 3815 sunt
3003 3757 3206 3815 anima:
3221 3757 3739 3830 iustorummona-a
3818 3757 3820 3797 |

2153 3855 2255 3908 hos
2305 3854 2488 3926 igitur,
2527 3851 2728 3909 fratres
2773 3851 3108 3920 cbarissimi,
3165 3852 3422 3924 loquitur
3473 3852 3573 3908 hic
3613 3865 3749 3907 sam
3818 3923 3820 3930 Ι

2154 3944 2437 4016 Scriptura
2463 3944 2854 4000 demonstrans
2880 3945 2984 3999 tria
3023 3943 3155 3999 :ubi
3189 3938 3408 4000 scilicet
3458 3941 3748 4010 animai!-
3818 3945 3820 4016 ξ

2150 4045 2362 4093 storum
2385 4035 2517 4101 sint,
2532 4043 2587 4089 et
2600 4035 2746 4104 quod
2765 4034 2842 4088 illi
2862 4035 3064 4088 mortui
3088 4050 3200 4088 non
3227 4035 3365 4098 sint,
3378 4044 3442 4089 et
3473 4035 3547 4090 ad
3571 4040 3754 4104 quanta
3818 4034 3820 4108 ξ

2149 4130 2292 4185 bona
2332 4145 2428 4200 per
2476 4126 2861 4184 tribulationes
2905 4125 3275 4196 pervenerint.
3308 4123 3584 4180 Primum
3609 4123 3752 4192 igitur

2148 4221 2384 4277 ostendit
2415 4219 2504 4274 ubi
2534 4220 2732 4274 anima:
2770 4217 3047 4288 iustorum
3095 4216 3232 4280 sint,
3263 4231 3399 4270 cum
3457 4215 3634 4270 dicit:
3673 4211 3756 4266 JI-
3818 4216 3820 4288 ε

2147 4321 2354 4367 uorum
2378 4312 2574 4366 citima
2594 4312 2654 4364 in
2677 4326 2838 4363 mnu
2865 4307 2966 4362 Dei
3006 4317 3153 4362 sunt.
3180 4305 3292 4362 Sed
3333 4323 3548 4362 nonne
3592 4306 3756 4361 omnia

2147 4415 2277 4461 sunt
2328 4405 2384 4459 in
2430 4418 2600 4458 manu
2636 4401 2778 4458 Dei?
2812 4400 2953 4456 Sunt
2989 4402 3202 4472 utique,
3253 4400 3353 4457 sed
3386 4400 3522 4458 alio
3562 4401 3757 4469 alioque

2147 4496 2332 4552 modo.
2361 4493 2556 4551 Manus
2583 4493 2785 4564 quippe
2807 4491 2904 4548 Dei
2939 4493 3145 4548 dicitur
3169 4493 3258 4548 vel
3279 4502 3559 4564 potestas
3586 4493 3758 4557 Min

2149 4605 2256 4661 qua
2306 4589 2426 4643 sine
2472 4587 2792 4656 exceptione
2821 4595 2952 4640 sunt
2995 4585 3220 4652 omnia;
3259 4604 3278 4636 ι
3315 4585 3473 4656 quia
3522 4586 3590 4642 in
3614 4596 3760 4640 nam

2147 4681 2408 4750 ejussunt
2433 4692 2628 4732 omnes
2653 4676 2790 4732 fines
2812 4675 3160 4747 ωπωψωι.
3176 4677 3352 4746 xcrv);
3380 4696 3406 4728 ι
3431 4677 3530 4733 vel
3555 4687 3712 4748 pcata
3729 4689 3758 4727 a

2149 4769 2261 4824 Deo
2301 4767 2529 4835 inflicta,
2577 4787 2596 4820 ι
2634 4782 2856 4833 manus,
2897 4766 3079 4837 inquit
3130 4765 3258 4834 Job,
3303 4766 3562 4824 Domini
3607 4765 3760 4837 tetigit

2147 4879 2236 4920 me
2271 4861 2394 4933 (Job
2433 4862 2572 4930 nx).
2610 4879 2631 4912 a
2663 4857 2763 4916 Vel
2788 4860 3055 4930 protectio
3091 4857 3216 4924 Dei,
3264 4860 3434 4917 unde
3466 4861 3760 4933 propter

2153 4977 2174 5010 ι
2203 4955 2423 5022 Manus,
2457 4953 2656 5026 inquit,
2695 4951 2916 5008 Domini
2941 4960 3062 5008 erat
3109 4967 3329 5008 mecum
3361 4995 3384 5020 ,
3444 4952 3762 5010 contortam

2141 5065 2229 5106 me
2257 5048 2476 5122 (Eucti.
2532 5046 2638 5118 Ill).
2680 5066 2700 5099 ι
2752 5044 2845 5102 Sic
2882 5061 3036 5118 ergo,
3062 5044 3268 5102 fratres
3305 5049 3480 5115 mei,
3485 5049 3756 5119 justam-

2138 5145 2335 5200 anima:
2357 5151 2488 5200 sunt
2533 5143 2588 5197 in
2611 5156 2778 5196 manu
2822 5139 2940 5208 Dei,
2963 5140 3230 5212 quoniam
3276 5151 3436 5198 sunt
3487 5143 3552 5198 in
3597 5151 3756 5215 μαιε-

2135 5237 2317 5294 ctione
2358 5235 2476 5292 Dei.
2525 5233 2684 5302 Quod
2722 5248 3004 5304 exponens
3046 5232 3236 5288 subdit
3259 5252 3282 5288 ι
3305 5232 3396 5289 Et
3440 5253 3562 5289 non
3599 5241 3752 5304 tangat

2130 5332 2256 5386 illos
2283 5339 2603 5385 tormentum
2647 5330 2832 5382 mortis
2861 5336 3104 5393 aeternae,
3123 5327 3211 5382 vel
3253 5337 3750 5388 tor-mentumis:-

2132 5423 2283 5491 litim,
2313 5422 2461 5494 quod
2510 5421 2720 5477 scilicet
2758 5420 2987 5476 debetur
3028 5420 3254 5474 malitia:
3284 5423 3684 5490 reprobat-
3706 5421 3750 5473 in

436 5531 482 5588 si
513 5531 639 5605 quis
669 5531 772 5588 sibi
819 5531 1024 5602 aliquid
1070 5530 1338 5586 molestia:
1389 5528 1704 5598 irrogasset.
1745 5523 2027 5580 Reddebat
2129 5527 2450 5592 perpetuum
2477 5512 2786 5587 puniendis.
2836 5511 3049 5567 Anima:
3096 5513 3267 5585 igitur
3298 5514 3744 5581 gustu-ungui
3799 5511 3803 5576 έ

437 5640 536 5694 pro
566 5625 913 5682 contumeliis
936 5623 1160 5694 gratias,
1192 5630 1246 5676 et
1275 5621 1539 5675 damnum
1573 5633 1699 5673 sua,»
1721 5618 2028 5687 paupertati
2129 5612 2318 5684 procul
2365 5610 2534 5665 dubio
2593 5609 2650 5662 in
2715 5605 3034 5661 celestibus
3095 5613 3319 5661 aeternae
3393 5607 3748 5666 [scatit-li."
3791 5617 3803 5694 1‘

437 5640 536 5694 pro
566 5639 913 5682 contumeliis
936 5639 1160 5694 gratias,
1192 5639 1246 5676 el.
1275 5639 1539 5675 damnum
1573 5639 1699 5673 suat
1721 5639 2028 5687 paupertati
2129 5639 2318 5684 prucun
2365 5639 2534 5665 uumu
2594 5639 2650 5662 ιιι
2715 5639 3034 5661 ιωιυοιιυυυ
3095 5639 3319 5661 ωιςηισ
3396 5639 3748 5666 mnu..—

435 5719 666 5786 illatum,
694 5731 857 5774 suum
884 5715 1109 5788 putabat
1129 5715 1366 5770 lucrum.
1393 5710 1550 5768 Hunc
1576 5726 1702 5766 cum
1726 5709 1844 5764 dies
1870 5723 2024 5763 mor-<
2130 5703 2533 5768 mansionibus,
2573 5715 2695 5772 qua:
2723 5698 2792 5754 ab
2808 5697 2972 5752 initio
2997 5697 3080 5753 eis
3111 5711 3466 5770 praeparatae
3509 5698 3746 5768 sanni-
3781 5639 3803 5844 ᾔ

435 5814 499 5844 ιςυ
555 5820 802 5844 ...πωπω
860 5816 1229 5844 nnnvnnornni
1264 5806 1434 5844 mn‘lL
1485 5815 1543 5844 ιη
1592 5808 1794 5844 unum
1830 5800 2026 5844 animm
2129 5806 2283 5844 arente
2298 5796 2564 5844 Domino:
2586 5812 2602 5844 ο
2627 5792 2685 5844 In
2699 5791 2866 5844 domo
2881 5789 3060 5844 Patris
3075 5793 3182 5844 mei
3196 5798 3562 5844 mansim
3587 5797 3742 5844 nm

433 5814 510 5869 tis
553 5820 828 5878 evocaret,
860 5816 1234 5866 convenerunt
1264 5806 1442 5872 multi,
1485 5815 1544 5859 ut
1592 5808 1794 5858 sancm
1830 5800 2026 5858 animae
2129 5796 2602 5855 centeDominou
2627 5791 2866 5849 lndomo
2881 5789 3060 5847 Patris
3075 5793 3742 5856 meimansionesnnh
3785 5789 3795 5882 ll

3787 5887 3795 6033 l

3787 6052 3793 6187 4
