3834 6332
78 374 197 435 1553

1146 367 1479 431 ιιοιιιιιιιε.
1518 396 1588 411 --
1619 367 1685 431 ιι.
1727 367 1818 426 ns
1858 359 2180 432 sueris:

3167 346 3305 442 155s

74 484 358 561 sumam.
375 484 507 560 xlv).
534 503 553 538 ›
572 483 872 558 Ubiutique
886 484 1111 545 suntiln
1125 503 1292 544 manu
1304 485 1422 554 Dei,
1438 483 1623 541 omnia
1653 482 1699 541 Δ
1724 484 1832 543 nisi
1864 502 1986 559 qua:
2013 486 2328 551 carnalibus
2359 488 2532 545 oculis
2565 489 2769 547 vident.
2795 489 2862 548 Et
2888 490 3011 550 ideo
3030 494 3147 552 sola
3170 497 3304 554 visi.

75 581 195 644 bona
216 585 266 632 et
287 574 527 647 jucunda
556 578 638 634 eis
672 569 974 651 largientis,
991 589 1047 636 et
1073 579 1259 636 omnia
1280 578 1422 634 mala
1445 584 1499 633 et
1523 575 1623 630 tri-

73 670 161 726 stia
183 668 247 724 ab
273 666 350 723 eis
378 666 676 724 auferentis
697 668 854 740 juxta
890 670 1062 726 illud:
1102 688 1121 722 ι
1154 668 1439 732 Absterget
1473 664 1621 722 Deus

71 776 265 816 omnem
287 759 583 832 lacrymam
604 759 675 816 ab
694 760 870 823 oculis
885 769 1226 827 sanctorum,
1252 770 1306 816 et
1335 774 1486 816 mors
1508 773 1621 814 non

68 852 158 909 erit
197 850 442 922 amplius,
491 867 669 924 neque
713 853 917 923 luctus,
965 869 1143 927 neque
1189 854 1398 909 clamor
1432 851 1618 925 (Apoc.

72 945 187 1013 xxi).
222 964 240 999 ι
266 944 475 1002 Anima:
491 962 621 1004 vero
645 948 1001 1019 reproborum
1020 948 1212 1021 procul
1232 946 1400 1004 dubio
1426 944 1482 1001 in
1503 959 1622 1016 pm-

67 1046 141 1103 nis
160 1045 408 1116 geheune
432 1054 696 1118 perpetuo
724 1048 1067 1117 cruciantur,
1098 1062 1266 1119 quam
1289 1046 1485 1104 subtus
1512 1054 1622 1103 ter-

66 1153 166 1201 ram
189 1137 485 1209 credimus,
526 1139 742 1205 dicente
773 1140 1085 1215 Propheta:
1138 1159 1158 1194 ι
1197 1139 1471 1202 Liberasti
1499 1138 1621 1199 ani-

67 1252 193 1293 mam
232 1252 409 1295 meam
451 1254 521 1300 ex
549 1238 766 1297 inferno
805 1240 1049 1297 interiori
1097 1239 1276 1312 (Psal.
1315 1239 1537 1310 Lxxxv).
1594 1258 1613 1291 ι

63 1330 212 1399 Cujus
236 1331 290 1386 in
340 1330 542 1390 Silicire
578 1335 861 1391 montibus
894 1342 1218 1406 perpetuum
1265 1333 1443 1405 ignem
1492 1348 1620 1389 eru-

64 1424 350 1481 ctuantibus
398 1426 555 1483 multi
598 1442 722 1484 esse
767 1436 1077 1493 autumant,
1122 1442 1190 1484 eo
1228 1426 1376 1498 quod
1422 1425 1620 1482 animm

64 1517 224 1573 multae
250 1519 609 1589 reproborum
652 1536 683 1574 a
724 1519 1066 1576 daemonibus
1099 1518 1212 1575 illic
1235 1518 1435 1574 deferri
1466 1516 1616 1584 visae,

62 1609 133 1675 mel
166 1608 358 1667 auditae
391 1610 524 1679 sint.
562 1610 751 1677 Refert
795 1612 943 1673 enim
992 1612 1291 1685 Gregorius
1315 1610 1465 1683 quod
1491 1610 1618 1681 qui-

59 1701 165 1763 dam
187 1704 428 1771 eremita,
452 1705 550 1776 qui
597 1705 655 1761 in
690 1704 877 1762 Silicia
915 1704 1221 1774 habitabat,
1265 1703 1463 1760 viderit
1498 1703 1620 1763 ani-

59 1793 538 1869 mamfl‘beodorici
564 1798 779 1871 tyranni
802 1807 859 1855 et
883 1798 1235 1870 haereticiqui
1265 1796 1618 1871 Symmacum

56 1904 104 1951 et
121 1895 359 1955 Boetium
385 1899 534 1956 viros
560 1900 849 1972 religiosos
868 1898 1162 1967 occiderat,
1189 1898 1247 1955 in
1282 1898 1432 1955 illam
1452 1898 1620 1955 ollam

59 1986 260 2057 Vulcani
306 1990 656 2075 praecipitari.
688 1991 915 2055 Animae
960 2006 1091 2048 vero
1126 1989 1620 2064 peccatorum,qu

56 2100 212 2157 tamen
254 2092 306 2147 in
360 2091 711 2150 confessione
747 2103 804 2150 et
856 2093 1198 2165 poenitentia,
1243 2101 1299 2149 et
1334 2092 1620 2164 proposito

54 2192 429 2251 emendationis
453 2195 523 2253 ab
548 2196 652 2253 hac
675 2196 786 2252 vita
800 2197 1190 2269 ’migraverunt
1221 2194 1475 2267 legimus,
1507 2210 1618 2251 non

55 2292 349 2362 ininferno,
381 2296 477 2353 sed
516 2297 571 2353 in
632 2299 939 2369 poenalibus
981 2298 1118 2355 locis
1166 2297 1469 2355 secundum
1521 2296 1618 2353 Dei

51 2384 446 2457 dispositionem
491 2390 750 2461 purgari,
807 2405 1095 2462 quousque
1138 2390 1359 2461 penitus
1410 2389 1622 2459 exami-

53 2486 190 2546 nata,
237 2479 493 2538 calestes
548 2482 781 2538 subeant
816 2484 1148 2540 mansiones.
1186 2482 1342 2541 Unde
1384 2483 1618 2555 legimus

56 2568 102 2623 in
127 2568 344 2646 Dialogo
390 2574 609 2631 beatum
657 2575 1010 2646 Germanum,
1051 2576 1372 2649 Capuanum
1405 2578 1619 2649 episco-

52 2675 201 2733 pum,
249 2664 499 2724 Pascasii
560 2667 794 2725 Romani
853 2670 1071 2728 diaconi
1125 2671 1366 2728 animam
1416 2672 1472 2727 in
1520 2688 1616 2729 ca-

52 2754 233 2817 loribus
285 2761 614 2831 balneorum
674 2763 949 2821 invenisse
973 2807 989 2835 ,
1047 2775 1103 2822 et
1153 2780 1221 2822 eo
1275 2775 1468 2833 orante
1518 2780 1615 2823 ve-

50 2850 176 2907 niam
211 2862 569 2910 consecutam
616 2854 808 2913 fuisse.
855 2856 1114 2928 Legimus
1170 2857 1371 2914 ibidem
1419 2873 1618 2930 quem-

47 2937 155 2997 dam
184 2945 546 3016 sacerdotem,
581 2947 739 3005 valde
787 2947 1147 3021 religiosum,
1191 2964 1321 3009 cum
1369 2949 1617 3023 quotidie

1723 580 1852 639 bilia
1875 582 2035 652 proni
2062 590 2322 653 tanquam
2347 582 2584 653 pecudes
2611 591 2822 654 petunt,
2848 584 3142 645 invisibilia
3168 605 3304 649 vero

1722 690 1835 731 non
1859 683 2076 742 curant,
2127 674 2255 746 quia
2313 690 2416 731 nec
2435 690 2559 730 esse
2578 675 2950 746 suspicantur.
2996 677 3067 733 Et
3112 682 3303 738 existi-

1722 776 1869 825 mata
1882 776 1982 836 est,
2001 767 2199 839 inquit,
2214 767 2442 837 afﬂictio
2470 760 2643 823 eae-itus
2662 768 2973 837 illorum;et
2993 773 3132 843 quod
3158 791 3192 828 a
3212 790 3304 831 no-

1721 859 1801 915 bis
1822 869 1898 915 est
1919 861 2041 927 iter,
2065 860 2457 916 exterminium.
2470 860 2548 916 Ac
2566 860 2611 917 si
2633 861 2875 931 apertius
2890 862 3133 920 dicatur:
3153 864 3300 921 Mon-

1722 960 1831 1007 tem
1856 952 2156 1022 justorum,
2185 968 2308 1023 qua:
2337 962 2423 1008 est
2444 952 2627 1008 exitus
2661 952 2730 1008 ad
2760 954 3083 1025 requiemet
3107 956 3209 1011 iter
3231 958 3301 1017 ab

1722 1041 1830 1098 hoc
1867 1042 2072 1100 sacqu
2114 1042 2183 1099 ad
2223 1042 2483 1115 patriam,
2530 1043 2855 1100 existimant
2913 1060 3038 1102 esse
3086 1053 3300 1101 tantum

1720 1133 2099 1205 amictionem,
2123 1133 2177 1189 id
2201 1143 2289 1190 est
2314 1135 2643 1206 supplicium
2684 1143 2740 1192 et
2782 1137 3192 1207 exterminium,
3245 1137 3300 1192 id

1719 1234 1804 1282 est
1824 1242 1855 1280 a
1890 1226 2000 1282 vita
2036 1226 2445 1283 alienationem.
2472 1226 2707 1284 Pulchre
2737 1228 3010 1301 siquidem
3065 1239 3301 1287 mortem

1720 1326 2039 1373 sanctorum
2080 1328 2239 1374 vocat
2283 1319 2691 1387 exterminium,
2724 1322 2930 1377 exitum
2974 1330 3029 1378 et
3075 1321 3196 1389 iter,
3234 1339 3301 1377 eo

1717 1411 1863 1483 quod
1890 1420 2021 1468 tunc
2055 1421 2253 1469 exeant
2291 1424 2346 1469 et
2392 1420 2520 1469 eant
2572 1414 2641 1469 de
2677 1430 2899 1472 carcere
2949 1417 3016 1471 ad
3068 1417 3296 1472 liberta-

1720 1510 1852 1570 tem,
1875 1502 1943 1559 de
1965 1503 2164 1560 timore
2186 1504 2255 1560 ad
2277 1506 2651 1575 securitatem,
2667 1508 2737 1565 de
2757 1509 2998 1569 tenebris
3008 1508 3074 1563 ad
3100 1510 3297 1571 lucem.

1719 1592 1786 1649 de
1806 1591 2026 1649 tristitia
2047 1594 2116 1649 ad
2131 1594 2554 1664 jucunditatem,
2580 1595 2649 1652 de
2678 1598 2876 1655 exsilio
2905 1598 2976 1654 ad
3036 1598 3292 1668 patriam,

1719 1685 1788 1743 de
1811 1684 2034 1743 miseria
2066 1686 2135 1742 ad
2158 1686 2526 1743 beatudinem.
2559 1686 2655 1743 Illi
2683 1698 2886 1757 autem,
2931 1688 3132 1760 inquit,
3175 1699 3298 1745 sunt

1720 1780 1778 1839 in
1825 1796 1954 1851 pace
1976 1820 1995 1848 ,
2051 1779 2315 1839 habentes
2370 1780 2622 1842 videlicet
2677 1797 2868 1858 pacem
2918 1782 2989 1838 ab
3038 1784 3299 1840 omnibus

1719 1881 1773 1930 et
1826 1889 1953 1930 cum
2024 1873 2282 1930 omnibus
2336 1889 2372 1929 a
2419 1873 2784 1941 daemonibus,
2833 1875 2902 1931 ab
2954 1874 3297 1943 hominibus,

1719 1980 1759 2023 ι
1798 1964 2017 2036 propria
2066 1980 2253 2021 carne.
2293 1963 2413 2021 Iam
2465 1966 2667 2038 quippe
2718 1967 2785 2024 de
2832 1975 3029 2024 cetera
3066 1982 3175 2021 ιιοιι
3201 1968 3303 2023 dm-

1720 2069 1909 2111 mones
1958 2064 2191 2126 possunt
2244 2070 2339 2110 eos
2404 2054 2666 2112 infestare
2692 2098 2710 2123 ,
2754 2057 2850 2128 qui
2909 2074 3019 2114 non
3078 2058 3297 2130 longius

1720 2144 1945 2218 relegati
1972 2154 2123 2214 sunt,
2147 2160 2249 2203 nec
2273 2144 2527 2203 homines
2569 2156 2805 2219 possunt
2857 2164 2957 2205 eos
3013 2148 3300 2215 infeStare,

1718 2239 1812 2310 qui
1835 2237 1909 2293 ibi
1937 2238 2042 2295 insi
2072 2236 2240 2310 quieti
2268 2252 2392 2294 esse
2409 2254 2517 2293 non
2548 2248 2801 2309 possunt.
2834 2238 2946 2296 Nec
2971 2256 3103 2296 caro
3132 2242 3303 2301 rebel¢

1721 2329 1924 2387 lionem
1954 2327 2157 2396 facere,
2190 2343 2313 2401 qua:
2342 2344 2373 2383 a
2396 2328 2676 2384 voluntate
2702 2327 2931 2400 spiritus
2961 2343 3072 2384 non
3105 2329 3304 2400 poterit

1719 2420 2024 2481 dissonare.
2072 2418 2288 2484 Pacem.
2327 2436 2455 2478 cum
2500 2420 2785 2489 omnibus,
2832 2436 2960 2481 cum
3013 2419 3144 2487 Deo,
3177 2438 3307 2478 cum

1720 2513 2004 2586 proximis,
2050 2529 2176 2571 cum
2244 2513 2576 2586 semetipsis.
2638 2513 2814 2571 Tanta
2855 2515 3078 2587 quippe,
3103 2512 3311 2571 fratres.

1719 2608 1848 2676 mei,
1873 2608 1930 2663 in
1951 2608 2043 2663 illa
2065 2608 2224 2664 beata
2256 2608 2367 2663 vita
2400 2617 2484 2664 est
2511 2608 2894 2665 convenientia
2922 2608 3070 2679 quod
3120 2606 3302 2667 sancti

1720 2701 2033 2757 nullatenus
2058 2716 2089 2756 a
2111 2700 2294 2756 divina
2330 2701 2631 2771 voluntate,
2655 2716 2757 2758 nec
2778 2701 2852 2758 ab
2884 2700 3120 2757 invicem
3146 2709 3302 2773 pote-

1719 2806 1848 2853 runt
1869 2798 2180 2855 dissonare.

1790 2889 1975 2947 Tertio
2008 2906 2159 2956 vero,
2194 2898 2318 2946 octo
2346 2888 2490 2945 bona
2515 2896 2817 2960 ponuntur,
2843 2904 2967 2961 quae
3009 2888 3146 2960 justi
3203 2903 3302 2959 per

1720 2981 2100 3038 tribulationes
2158 2980 2324 3050 hujus
2373 2979 2566 3036 mundi
2614 2978 3022 3051 adipiscuntur.
3055 2977 3301 3037 Primum

46 3039 102 3143 ad
120 3042 284 3100 vicina
308 3043 861 3118 balnea,autequam
891 3046 1093 3103 missas
1137 3046 1364 3113 faceret,
1407 3048 1511 3105 iret
1558 3063 1618 3105 se
1717 3082 1804 3130 est
1834 3039 2440 3130 inlmoﬂamas'mima,
2460 3080 2516 3128 ει
2544 3039 2821 3143 σωροὶ.ίῇ
2858 3072 2927 3130 de
2953 3086 3063 3143 qua
3108 3067 3302 3127 subdi-

45 3141 278 3242 ξῆνθιυω)
302 3145 591 3242 “lieni-950
621 3146 1044 3242 ibi_quempiam
1064 3149 1173 3242 Sub
1188 3149 1491 3210 miserabili
1513 3150 1613 3242 lla"
1639 3177 1686 3242 ο
1717 3175 1807 3223 tur
1832 3185 1846 3221 :
1871 3165 1994 3222 Etsi
2019 3181 2198 3221 coram
2224 3165 2524 3221 hominibus
2554 3141 2817 3225 tormenta
2843 3141 2989 3237 passi
3007 3172 3155 3233 sunt,
3190 3180 3305 3235 spes

44 3232 163 3304 bitu,
178 3238 270 3309 qui
287 3238 671 3305 calceamenta
691 3240 928 3303 detraxit
951 3250 1006 3303 et
1026 3241 1076 3299 ei
1119 3241 1471 3300 ministravit.
1507 3240 1611 3309 Cui

1719 3276 1896 3316 eorum
1920 3257 2323 3315 immortalitate
2341 3257 2499 3330 plena
2511 3266 2611 3315 est.
2638 3232 2856 3330 Et
2879 3256 3102 3330 quidem
3133 3232 3305 3331 hypo-

46 3337 155 3382 eum
191 3327 247 3384 in
290 3330 550 3403 sequenti
595 3331 685 3387 die
732 3346 931 3413 panem
956 3330 1214 3402 deferret,
1255 3332 1538 3405 respondit
1559 3333 1611 3389 ei

1719 3348 1981 3405 critarum
2041 3348 2139 3420 qui
2183 3327 2408 3421 propter
2450 3364 2647 3405 vanam
2708 3327 2943 3421 gloriam
3021 3327 3306 3420 patiuntur

47 3417 141 3485 illic
160 3436 214 3478 se
235 3422 709 3492 defunctumesse
728 3408 781 3481 et
805 3425 879 3482 ibi
902 3442 963 3483 se
989 3427 1369 3497 pwnitentiam
1413 3444 1595 3501 agere,

47 3527 135 3568 nec
153 3529 287 3585 pane
319 3517 601 3574 materiali
646 3533 829 3591 egere,
880 3519 976 3576 sed
1018 3521 1202 3592 potius
1232 3522 1517 3591 sacriﬁciis
1558 3530 1627 3587 et,

44 3604 385 3665 orationibus.
426 3625 446 3663 ‹
476 3606 623 3679 Haec,
647 3625 855 3682 quaeso,
894 3610 1091 3684 inquit,
1143 3608 1229 3669 fac
1258 3627 1489 3689 prome.
1546 3610 1615 3679 Et

45 3704 85 3759 si
102 3707 305 3768 rediens
328 3726 423 3767 me
457 3720 565 3768 neu
593 3711 892 3781 inveneris,
918 3712 1062 3771 scias
1093 3730 1192 3785 pro
1217 3722 1369 3770 certo
1391 3730 1478 3771 me
1510 3715 1598 3771 in-

41 3795 356 3872 dulgentiam
388 3813 746 3871 consecutum
767 3821 910 3865 esse.
935 3825 955 3861 ι
990 3806 1149 3875 Quod
1178 3816 1233 3863 et
1266 3806 1472 3864 factum
1506 3820 1609 3865 est.

101 3896 301 3954 Anima:
322 3914 461 3956 vero
489 3899 852 3971 reproborum
876 3901 1076 3972 quain
1101 3902 1391 3958 tormentis
1407 3901 1612 3973 gehen-

39 3986 238 4048 nalibus
266 3993 590 4059 cruciantur
610 3993 805 4061 timent
822 3994 1016 4067 judicii
1041 3995 1187 4052 diem
1213 3995 1519 4069 advenire,“
1542 4012 1610 4053 eo

1713 3449 2033 3509 vacuaest.
2077 3439 2237 3497 Unde
2288 3440 2390 3497 Job
2428 3461 2445 3496 :
2492 3460 2511 3494 ι
2547 3439 2704 3513 Spes,
2751 3440 2952 3512 inquit,
3001 3440 3304 3513 hypocrita:

1713 3533 1911 3605 peribit
1947 3532 2071 3606 (Job
2120 3533 2264 3606 vni).
2315 3553 2334 3588 ι
2369 3533 2505 3607 Spes
2540 3550 2669 3590 vero
2692 3534 2995 3606 justorum,
3031 3534 3128 3606 qui
3174 3548 3305 3604 pro-

1714 3635 1837 3698 pter
1886 3624 2058 3685 Deum
2088 3626 2393 3699 patiuntur,
2435 3626 2691 3685 desiderii
2755 3627 2843 3684 sui
2899 3633 3305 3699 consequentur

1712 3719 2141 3791 plenitudinem,
2181 3718 2444 3790 quoniam
2504 3737 2524 3771 (
2553 3719 2832 3792 absterget
2888 3716 3035 3774 Deus
3078 3732 3301 3774 omnem

1714 3809 2012 3884 lacrymam
2033 3810 2104 3867 ab
2131 3809 2306 3867 oculis
2335 3818 2674 3875 sanctorum,
2710 3818 2817 3866 etc.
2858 3807 3043 3880 (Apoc.
3100 3806 3240 3877 xxi.)
3273 3825 3293 3859 ι

1718 3901 2033 3959 Secundum
2073 3917 2206 3959 vero
2262 3910 2348 3958 est
2401 3900 2713 3957 divinorum
2750 3899 3131 3971 multiplicatio
3159 3914 3300 3970 pra:-

1716 4000 1982 4066 miorum,
2039 3998 2107 4054 de
2163 4012 2272 4068 qua
2328 3994 2583 4053 subditur
2617 4014 2628 4049 :
2664 3993 2730 4048 In
2780 3993 2967 4065 paucis
3013 3994 3209 4057 vexati,
3248 3994 3304 4047 in

41 4081 175 4149 quod
204 4084 686 4157 tunc,resumptis
711 4086 1059 4157 corporibus,
1093 4087 1359 4159 supplicia
1391 4101 1616 4161 quoque
1718 4090 1902 4156 multis
1937 4088 2061 4147 bene
2081 4087 2448 4158 disponentur.
2475 4083 2592 4141 Hoc
2626 4093 2711 4140 est
2750 4084 2900 4156 quod
2932 4084 3012 4139 ait
3068 4084 3300 4155 Aposto-

37 4171 137 4229 sint
176 4176 258 4233 eis
306 4177 660 4250 duplicanda.
704 4177 919 4237 Anima:
956 4195 1088 4237 vero
1116 4181 1419 4243 electorum
1452 4181 1613 4251 illum
1716 4185 1804 4242 lus
1831 4204 1844 4240 :
1882 4204 1900 4237 ι
1931 4182 2205 4239 Existimo
2236 4180 2513 4259 quodnon
2538 4186 2669 4241 sunt
2689 4177 2977 4251 condigna
3008 4178 3294 4250 passiones

37 4265 356 4340 desiderant,
392 4287 460 4329 eo
482 4271 631 4342 quod
656 4280 790 4341 tunc
816 4271 960 4333 sicut
982 4273 1039 4329 in
1064 4275 1276 4344 anima,
1296 4274 1378 4330 sic
1412 4274 1470 4334 in
1493 4289 1615 4331 cor—
1717 4278 1883 4349 hujus
1919 4276 2201 4349 temporis,
2232 4274 2302 4330 ad
2328 4272 2572 4333 futuram
2595 4271 2826 4345 gloriam
2861 4288 2985 4343 qua:
3031 4270 3295 4327 revelabi-

34 4375 154 4431 pore
188 4364 300 4421 sint
322 4364 626 4437 perfectius
657 4366 1049 4439 gloriticandaa.
1093 4364 1249 4435 Unde
1275 4366 1520 4429 Joannes
1558 4372 1616 4428 in
1715 4381 1807 4431 tur
1832 4372 1888 4428 in
1908 4370 2068 4427 nobis
2090 4368 2267 4438 (Rom.
2289 4366 2431 4439 vui).
2460 4384 2479 4419 ι
2506 4363 2799 4422 Passiones
2819 4364 2966 4421 enim
2978 4372 3299 4435 pra-sentes,

34 4453 349 4532 Apocalypsi
369 4478 433 4517 ει,
457 4457 607 4529 Vidi,
630 4459 830 4532 inquit,
854 4459 958 4516 sub
987 4459 1161 4525 altare
1191 4458 1323 4532 Dei,
1348 4462 1404 4519 id
1428 4471 1516 4522 est
1552 4465 1610 4533 in
1646 4528 1678 4537 Δ
1717 4479 1928 4537 paucae,
1953 4461 2184 4521 modica:
2209 4468 2265 4516 et
2293 4468 2690 4515 momentaneae
2718 4467 2878 4525 sunt;
2914 4456 3138 4528 praemia
3169 4471 3301 4511 vero

34 4558 209 4605 sancta
229 4528 597 4622 secretaque
629 4528 813 4623 quiete
838 4593 867 4621 ,η
934 4551 1151 4609 animas
1198 4528 1609 4621 interfectorum
1646 4528 1688 4587 θ
1716 4528 2180 4627 ἦιιιιιέιινὶιιεθιιιίει
2204 4560 2259 4608 et
2284 4559 2492 4607 aeterna
2522 4558 2706 4607 erunt.
2739 4547 2983 4604 Tertium
3007 4555 3089 4602 est
3116 4544 3298 4618 digni-

32 4652 240 4712 propter
287 4644 520 4701 verbum
557 4643 685 4715 Dei,
725 4646 970 4703 dicentes
1003 4659 1139 4704 voce
1174 4662 1375 4719 magna
1426 4667 1443 4707 :
1493 4647 1602 4708 Us—

32 4747 258 4807 quequo,
292 4737 527 4794 Domine
546 4745 770 4795 metus
796 4748 851 4796 et
872 4754 1202 4809 verus,‘non
1218 4738 1436 4812 judicas
1480 4758 1611 4799 san-

31 4827 239 4894 guinem
271 4838 549 4898 nostrum,
569 4838 626 4886 et
649 4846 760 4886 non
780 4830 1028 4897 vindicas
1050 4831 1119 4887 de
1166 4832 1258 4888 his
1302 4833 1399 4907 qui
1448 4833 1609 4897 habi:

33 4925 137 4973 tant
169 4920 237 4976 de
263 4923 448 4978 terra?
468 4919 532 4977 Et
554 4921 696 4978 datae
719 4932 849 4985 sunt
874 4923 987 4979 illis
1012 4922 1241 4996 singula
1267 4924 1423 4981 stolae
1449 4926 1607 4983 albae.

34 5007 308 5070 Etdictum
360 5025 447 5071 est
478 5015 587 5077 illis
624 5024 684 5071 ut
729 5015 1136 5087 requiescerent
1182 5024 1401 5089 ampus
1425 5016 1612 5083 adhuc

33 5104 299 5162 modicum
321 5108 497 5165 donec
528 5108 818 5179 impleatur
837 5124 1102 5167 numerus
1124 5107 1369 5177 fratrum.
1379 5126 1608 5173 suorum

34 5199 216 5267 (Apoc.
271 5200 387 5272 vr).
419 5219 439 5254 ι
497 5199 752 5258 Secundo
794 5200 1223 5271 demonstratur,
1271 5204 1418 5274 quod
1472 5204 1606 5276 justi

34 5290 143 5345 etsi.
181 5293 326 5349 mori
374 5292 680 5362 videantur,
738 5303 920 5349 tamen
960 5293 1289 5350 aeternaliter
1351 5303 1408 5349 et
1455 5295 1610 5352 beate

33 5383 230 5452 vivunt,
258 5400 390 5441 cum
409 5385 662 5442 subditur
687 5403 701 5440 :
754 5383 865 5439 Visi
888 5394 1010 5440 sunt
1040 5384 1208 5440 oculis
1244 5385 1610 5455 insipientium

35 5477 175 5542 mori,
202 5486 254 5531 et
277 5478 591 5533 existimata
630 5486 710 5533 est
747 5478 963 5549 afﬂictio
1000 5478 1177 5532 exitus
1225 5477 1464 5532 illorum.
1517 5476 1612 5541 Illi

36 5577 198 5623 ratem
225 5578 358 5625 sunt
382 5573 437 5626 in
462 5589 611 5642 pace.
636 5571 810 5628 Porro
838 5571 1160 5644 insipientes
1185 5571 1390 5627 habent
1417 5572 1611 5629 oculos

35 5664 237 5716 tantum
268 5664 610 5734 corporales,
639 5680 780 5736 quos
803 5665 1008 5721 habent
1031 5672 1088 5721 et
1108 5663 1268 5721 bruta
1329 5664 1610 5720 animalia.

35 5748 355 5820 Bpiritnales
385 5769 511 5811 vero
530 5770 642 5812 non
667 5756 873 5813 habent
892 5755 1105 5824 oculos,
1131 5756 1335 5828 quibus
1366 5755 1514 5814 Deus
1555 5765 1614 5815 et

35 5840 327 5909 invisibilia
350 5845 691 5917 videntur,et
715 5849 836 5907 ideo
859 5848 1007 5913 nulla
1031 5848 1137 5906 alia
1167 5864 1293 5908 esse
1314 5851 1611 5917 astimant,

1715 4657 1821 4716 tas,
1851 4647 1919 4703 de
1946 4661 2055 4720 qua
2082 4644 2355 4702 subditur:
2394 4643 2664 4710 Quoniam
2702 4641 2842 4695 Deus
2866 4638 3109 4705 tentavit,
3133 4637 3189 4693 id
3217 4646 3305 4693 est

1714 4738 1965 4813 probavit
1990 4735 2134 4801 illos,
2160 4744 2208 4790 et
2239 4735 2434 4791 invenit
2470 4734 2591 4788 illos
2641 4733 2825 4804 dignos
2855 4747 2929 4785 se.
2961 4729 3103 4797 Quia
3133 4744 3292 4784 nam—

1714 4847 1823 4904 que
1856 4847 1952 4903 per
1989 4829 2191 4891 multas
2221 4826 2548 4885 tentationes
2570 4840 2605 4887 a
2634 4823 2743 4880 Deo
2769 4821 3012 4894 separari
3049 4836 3160 4877 non
3189 4836 3293 4891 po-

1714 4923 2117 4995 tuerunt,_ideo
2136 4919 2286 4993 digni
2308 4915 2438 4974 sunt
2481 4914 2713 4981 meritis,
2743 4922 3013 4985 quatenus
3057 4911 3125 4968 ad
3176 4920 3299 4966 tan-

1711 5030 1821 5077 tam
1852 5017 2202 5090 praemiorum
2232 5012 2550 5084 dignitatem
2597 5007 2981 5075 sublimentur,
3017 5016 3077 5063 ut
3128 5005 3293 5062 amici

1715 5112 1923 5182 ﬁliique
1952 5108 2047 5164 Dei
2074 5107 2186 5172 sint
2217 5112 2285 5171 et,
2311 5108 2783 5172 nuncnparentur,
2820 5120 2837 5150 ι
2876 5097 3129 5155 Ηεηιτθᾶεδ
3174 5099 3299 5170 qui-

1713 5206 1836 5262 dem
1878 5202 1996 5270 Dei,
2040 5196 2353 5257 colueredes
2404 5203 2589 5250 autem
2612 5191 2818 5248 Christi
2857 5190 3094 5263 (ibid.).r
3120 5189 3299 5258 Quar-

1716 5305 1831 5361 tum
1857 5308 1988 5347 vero
2020 5292 2248 5355 bonum,
2272 5286 2420 5358 quod
2447 5282 2622 5341 sancti
2653 5298 2750 5353 per
2785 5280 3161 5339 tribulationes
3182 5280 3301 5337 adi-

1716 5385 2023 5456 piscuntur,
2055 5378 2367 5434 omnimoda
2390 5385 2474 5433 est
2508 5373 2795 5441 munditia,
2832 5372 2898 5429 de
2919 5386 3025 5444 qua
3063 5372 3296 5443 subjun-

1715 5477 1861 5548 gitur
1890 5494 1903 5529 :
1932 5484 2184 5543 tanquam
2211 5485 2402 5525 aurum
2428 5470 2484 5521 in
2515 5468 2731 5538 fornace
2757 5462 2997 5536 probavit
3033 5479 3139 5517 eos.
3179 5461 3290 5515 Au-

1713 5583 1969 5638 rumper
2001 5564 2277 5627 fornacem
2306 5560 2683 5617 examinatum
2731 5558 2977 5613 redditur
3030 5564 3085 5611 et
3136 5570 3298 5610 mun-

1714 5662 1866 5728 dum,
1891 5661 1971 5715 sic
1998 5668 2052 5715 et
2071 5656 2246 5713 sancti
2274 5671 2368 5726 per
2398 5652 2784 5709 tribulationes
2811 5650 2882 5706 ab
2910 5649 3058 5706 omni
3082 5646 3297 5704 macula

1718 5753 2102 5827 puriﬁcantur,
2127 5759 2183 5807 ct
2206 5748 2432 5805 omnino
2448 5747 2591 5802 ﬁunt
2617 5745 2888 5804 mundict
2930 5740 3073 5813 puri,
3100 5749 3296 5812 quate-

1720 5864 1827 5911 nus
1847 5844 2035 5903 divino
2066 5843 2175 5898 sint
2197 5847 2492 5911 conspectu
2516 5838 2686 5912 digni.
2708 5834 2973 5904 Quintum
3008 5839 3091 5911 est
3146 5845 3297 5895 accc:
