3834 6332
559 384 708 442 1555

1834 383 2184 445 RABULPlll
2223 387 2572 445 ARDENTIS
2697 366 2706 414 ῖ
3591 375 3678 465 (εὖ

555 497 852 576 ptabilitas,
885 502 951 558 de
978 517 1084 574 qua
1122 502 1470 575 subjungitur
1502 519 1518 557 :
1553 502 1819 576 thuast
1841 503 2137 560 holocauin
2165 505 2212 567 Α
2241 504 2398 575 pejus
2438 512 2646 576 quanto
2681 469 2971 562 occultius.
3027 507 3281 565 Simulata
3305 512 3488 583 quidem
3515 521 3681 592 ταμίης,

557 599 783 653 hostiam
814 599 1015 668 accepit
1049 595 1191 651 illos.
1223 595 1402 651 Unum
1427 597 1604 652 solum
1629 614 1820 653 verum
1847 597 1948 653 fuit
1979 599 2133 655 holo-

556 687 831 754 caustum,
862 687 916 742 id
944 696 1048 754 est,
1084 695 1258 742 totum
1292 687 1576 742 incensum
1623 697 1678 743 et
1725 699 2134 746 concrematum

555 779 774 834 ﬂamma
799 779 1082 836 charitatis
1111 779 1164 834 in
1191 794 1374 845 cruce,
1407 779 1673 836 Dominus
1722 791 1908 837 noster
1953 782 2133 851 Jcsus,

555 886 669 940 quo
689 869 836 926 Deus
859 869 1018 926 Pater
1051 871 1312 926 odoratus
1329 881 1413 927 est
1441 872 1494 926 in
1526 873 1694 928 odore
1725 875 2028 932 suavitatis.
2055 875 2137 932 Ad

557 964 718 1034 cujus
740 963 901 1020 fidem
933 973 990 1019 et
1007 965 1338 1035 exemplum,
1369 967 1545 1020 sancti
1585 982 1805 1038 quoque
1829 985 1888 1025 se
1913 979 2058 1026 totos
2080 971 2134 1026 in

559 1057 915 1124 sacrificium,
947 1058 1142 1113 ardore
1167 1057 1454 1113 charitatis
1479 1058 1765 1115 incensum
1795 1060 1906 1116 Deo
1921 1063 2136 1118 obtule-

559 1157 706 1203 runt.
732 1148 788 1203 ln
821 1165 930 1220 quo
953 1165 1172 1221 quoque
1191 1149 1335 1207 Deus
1364 1151 1419 1206 in
1445 1150 1668 1207 odorem
1694 1155 1978 1210 suavitatis
2006 1157 2140 1210 odo-

557 1247 711 1294 ratus
735 1248 836 1305 est,
861 1249 916 1296 et
935 1241 982 1296 ei
1011 1241 1144 1296 bene
1169 1243 1426 1312 placitum
1456 1253 1557 1300 est.
1587 1245 1808 1302 Sextum
1832 1255 1916 1302 est
1941 1247 2137 1319 fulgor,

558 1329 627 1384 de
657 1345 766 1400 quo
788 1331 1069 1388 subditur:
1099 1333 1396 1404 Fulgebunt
1413 1335 1572 1405 justi.
1603 1335 1716 1393 Hoc
1745 1348 1829 1394 est
1867 1341 2012 1409 quod
2035 1339 2142 1395 Do—

557 1422 742 1478 minus
772 1423 826 1478 in
851 1423 1144 1497 Evangelia
1164 1426 1326 1483 dicit:
1359 1447 1377 1478 ε
1402 1427 1706 1500 Fulgebunt
1722 1429 1858 1500 justi
1879 1440 2140 1503 tanquam

559 1516 641 1569 sol
675 1515 730 1571 in
762 1534 930 1590 regno
955 1518 1132 1574 Patris
1156 1521 1261 1575 mei
1289 1520 1506 1592 (Matth.
1545 1521 1688 1594 sun).
1723 1542 1741 1574 ›
1777 1523 1845 1578 Et
1872 1525 1919 1579 si
1961 1524 2130 1597 fulge-

557 1609 695 1664 bunt
724 1610 865 1666 sicut
889 1613 969 1667 sol
1002 1612 1223 1684 singuli,
1242 1623 1449 1685 quanto
1471 1614 1646 1686 magis
1673 1615 1957 1688 fulgebunt
1979 1618 2140 1674 simul

560 1701 847 1758 universi?
869 1703 1171 1774 Septimum
1211 1715 1295 1761 est
1333 1716 1576 1778 potestas
1603 1707 1906 1779 jndicandi,
1931 1711 1997 1765 de
2033 1727 2139 1782 qua

559 1790 812 1846 subditur
841 1811 854 1846 :
881 1792 952 1847 Et
976 1803 1228 1866 tanquam
1250 1798 1502 1852 scintilla:
1523 1800 1576 1852 in
1600 1799 1915 1856 arundinem
1933 1803 2142 1858 discur-

2237 609 2345 650 non
2376 603 2462 651 est
2490 595 2725 666 cquitas,
2776 597 2870 652 sed
2917 596 3114 667 duplex
3157 599 3415 670 iniquitas,
3450 608 3683 668 eandenm

2235 685 2382 757 quod
2409 687 2684 758 duplicem
2729 685 2928 744 habeat
2954 689 3216 745 malitiam
3254 701 3306 746 et
3332 693 3620 766 iniquitatiset
3639 705 3686 758 si-

2237 778 2576 835 mulationis.
2617 778 2824 835 Contra
2850 781 2994 837 hanc
3014 783 3302 840 cavendam
3345 803 3431 841 nos
3457 801 3594 845 monet
3615 793 3684 851 Do-

2237 871 2424 926 minus
2467 870 2596 926 alibi
2635 871 2856 928 dicens:
2893 892 2912 924 ‹
2976 872 3250 930 Attendite
3287 891 3316 930 a
3357 876 3688 953 faisisproplm

2237 962 2330 1034 qui
2361 962 2586 1017 veniunt
2608 963 2674 1018 ad
2706 977 2805 1019 vos
2823 963 2879 1018 in
2905 965 3240 1023 vestimentis
3257 968 3441 1036 ovium,
3465 971 3690 1034 intrinsem

2238 1063 2578 1110 autem.sunt
2601 1056 2715 1126 lupi
2745 1069 2970 1126 rapaces
3001 1057 3222 1128 (Matth.
3249 1061 3360 1130 vn).
3391 1081 3409 1113 ι
3439 1061 3549 1120 Sunt
3576 1079 3690 1123 auten

2240 1146 2548 1218 hypocrisis
2596 1156 2708 1222 tres
2748 1149 2978 1219 species.
3021 1149 3128 1206 Alii
3168 1153 3310 1208 enim
3339 1155 3462 1211 bona
3487 1173 3691 1227 operam

2240 1237 2468 1305 faciunt,
2491 1241 2590 1295 sed
2635 1256 2696 1296 se
2734 1239 2914 1298 facere
2959 1243 3238 1300 simulant.
3270 1245 3368 1300 Alii
3393 1261 3504 1303 vero
3529 1251 3692 1319 quadam

2239 1331 2385 1387 bona
2409 1347 2574 1403 opera
2595 1333 2813 1404 publice
2843 1333 3072 1403 faciunt,
3103 1336 3196 1392 sed
3222 1352 3342 1393 cum
3371 1338 3694 1412 facianttam

2240 1438 2438 1480 vanam
2485 1425 2736 1497 gloriam,
2776 1443 2837 1483 se
2875 1436 3101 1498 propter
3154 1429 3321 1484 Deum
3363 1429 3515 1487 facere
3545 1433 3692 1504 iam

2242 1515 2349 1570 Alii
2376 1517 2539 1571 etiam
2563 1517 2813 1588 quaedam
2840 1519 2981 1574 bona
3035 1535 3200 1591 opera
3230 1523 3380 1592 quasi
3411 1524 3592 1581 latenter
3615 1541 3694 1597 op-

2243 1616 2457 1674 rantur,
2476 1617 2538 1664 ut
2560 1609 2632 1664 ita
2677 1609 2906 1681 gloriam
2955 1611 3253 1667 humanam
3301 1612 3467 1686 fugere
3489 1615 3695 1682 vidntur,

2245 1701 2340 1756 sed
2368 1699 2424 1754 in
2451 1700 2568 1770 ipsa
2599 1716 2699 1756 sua
2729 1702 2919 1759 latenti
2967 1703 3286 1774 operatione
3327 1706 3696 1776 deprehendam

2199 1825 2204 1828 -
2244 1793 2456 1860 derant,
2483 1801 2544 1849 ut
2574 1809 2644 1850 ex
2666 1795 2774 1852 hoc
2814 1796 3080 1867 majorem
3119 1797 3344 1868 gloriam
3383 1799 3698 1856 hominuman-

559 1892 697 1947 rent,
730 1886 1049 1954 judicabant
1086 1891 1348 1957 nationes,
1382 1902 1487 1948 etc.
1517 1892 1630 1950 Hoc
1656 1905 1740 1950 est
1771 1898 1914 1967 quod
1947 1898 2138 1955 Domi-
2175 1876 2221 1937 Β
2247 1894 2566 1957 “quam”:
2596 1887 2730 1958 quia
2753 1903 2874 1944 eam
2912 1887 3102 1961 ΐιιεθτο
3128 1890 3393 1946 Videam“
3433 1890 3519 1959 οηί
3541 1894 3697 1963 (ἰὼ.

558 1991 667 2033 nus
694 1978 749 2033 in
782 1977 1074 2052 Evangelio
1102 1982 1235 2040 dicit
1263 2005 1276 2039 :
1327 2004 1345 2036 ‹
1383 1985 1494 2043 Vos
1521 1989 1618 2058 qui
1639 1991 1809 2044 secuti
1846 1991 1979 2046 estis
2026 2009 2135 2062 me,

561 2066 819 2124 sedebitis
853 2084 1020 2140 super
1047 2073 1204 2128 sedes
1230 2073 1540 2142 duodecim,
1565 2075 1878 2147 judicantes
1924 2082 2138 2137 duode-

561 2159 668 2212 cim
691 2160 868 2215 tribus
903 2159 1068 2216 israel
1092 2163 1308 2234 (Matth.
1337 2168 1508 2238 xu)»
1545 2149 1715 2225 Porro
1764 2187 1860 2242 per
1909 2175 2141 2230 arundi-

559 2267 685 2306 nem
710 2253 1028 2324 designatur
1051 2259 1398 2330 congregatio
1420 2262 1798 2332 reproborum,
1822 2267 1915 2336 qui
1964 2267 2030 2322 ad
2058 2265 2144 2323 in-

565 2354 680 2400 star
706 2347 994 2404 arundinis
1029 2359 1158 2405 sunt
1205 2352 1373 2421 leves,
1406 2354 1584 2422 vacui,
1611 2365 1664 2411 et
1690 2357 1924 2416 flamma:
1967 2361 2142 2418 desti-

558 2437 706 2505 nati;
741 2454 840 2509 per
867 2441 1136 2498 scintillas
1159 2460 1307 2511 vero,
1334 2447 1618 2504 sententiae
1637 2447 1944 2519 judiciariae
1970 2453 2142 2526 signi~

557 2525 814 2618 ficantur,
839 2545 982 2600 quae,
1010 2531 1076 2586 ad
1095 2532 1268 2590 instar
1293 2536 1678 2606 scintillarum,
1717 2550 1847 2596 sunt
1892 2525 2140 2612 subtiles,

556 2619 750 2676 lucidas
793 2629 848 2677 et
911 2626 1322 2684 succendentes.
1395 2627 1582 2686 Sancti
1656 2633 1823 2705 igitur
1880 2644 2140 2708 tanquam

557 2712 809 2770 scintillze
827 2713 1139 2773 discurrent
1177 2734 1275 2790 per
1301 2719 1648 2791 judiciariam
1686 2727 2011 2782 sententiam
2052 2744 2141 2785 re-

558 2805 879 2876 proborum,
935 2823 1033 2866 eos
1073 2810 1347 2871 subtiliter
1385 2813 1749 2871 discernendo
1775 2859 1790 2883 ,
1849 2818 2141 2876 manifbste

553 2896 855 2966 judicando
909 2915 1005 2958 eos
1054 2917 1154 2972 pro
1207 2904 1434 2960 materia
1487 2909 1926 2978 cremendorum,
1967 2911 2143 2984 magis

559 2987 852 3059 minusque
871 2991 1090 3048 aeternis
1121 2993 1386 3052 incendiis
1417 2996 1835 3055 concreuiando.
1879 2999 2140 3056 Octavum

560 3088 648 3137 est
710 3081 1016 3138 dominium
1055 3084 1168 3141 sive
1218 3102 1468 3159 regnum,
1497 3090 1568 3146 de
1595 3107 1706 3162 quo
1736 3093 2028 3149 subditur:
2073 3093 2144 3148 Et

2242 1978 2346 2036 etsi
2372 1994 2483 2034 non
2520 1979 2811 2038 videantur
2852 1981 2924 2036 ab
2965 1982 3310 2050 hominibus,
3341 1981 3516 2038 ‘tamen
3535 1986 3698 2055 quialtot

2243 2066 2471 2136 faciunt,
2502 2077 2563 2124 ut
2586 2069 2874 2128 videantur
2899 2071 2967 2126 ab
2993 2070 3332 2140 hominibus,
3350 2085 3700 2146 receperant-ia-

2243 2161 2430 2216 cedem
2459 2176 2636 2217 suam.
2680 2161 2828 2218 Bene
2865 2172 3068 2220 autem.
3080 2164 3346 2221 Dominus
3367 2167 3448 2223 hic
3469 2167 3699 2239 limabit

2243 2261 2406 2309 vocat
2429 2251 2779 2310 fermentum.
2813 2253 2968 2311 Sicut
2988 2256 3154 2325 enim,
3184 2265 3324 2313 teste
3341 2257 3574 2330 Apostolo,
3593 2261 3700 2314 modi-

2244 2361 2369 2402 cum
2420 2345 2675 2402 fermenti
2712 2355 2881 2404 totam
2920 2365 3162 2405 massam
3195 2352 3475 2422 corrumpit
3494 2349 3638 2421 (H301.
3655 2353 3701 2418 vi,

2244 2438 2318 2494 ita
2342 2439 2651 2510 hypocrisis
2672 2448 2845 2496 totam
2867 2441 3106 2500 hominis
3135 2444 3433 2516 corrumpit
3450 2444 3594 2498 vitam.
3617 2442 3702 2498 Sale

2244 2528 2573 2596 fermentum
2618 2530 2749 2587 facit
2781 2547 2978 2604 panem
3006 2533 3312 2604 turgidum,
3356 2535 3554 2598 acidum,
3574 2535 3702 2590 ω

2245 2639 2366 2678 sum
2402 2633 2456 2679 et
2505 2623 2700 2678 levem.
2751 2623 2844 2678 Sic
2879 2633 2934 2679 et
2973 2606 3301 2696 hypocrisis
3338 2625 3495 2681 reddit
3521 2627 3702 2680 hominen

2244 2715 2518 2788 turgidum
2556 2726 2776 2790 propter
2798 2715 3286 2772 inflammationem
3312 2734 3451 2773 vana:
3469 2719 3702 2788 gloriz,ao-

2244 2810 2372 2865 dum
2391 2819 2612 2880 propter
2625 2809 3046 2865 amaritudinem
3060 2811 3188 2867 vitis
3205 2812 3408 2880 alienae,
3420 2813 3538 2882 quod
3549 2811 3703 2865 Deus»

2244 2902 2306 2957 lit
2320 2903 2423 2958 sibi
2441 2901 2794 2973 incorporare
2818 2921 2832 2970 ;
2852 2901 3188 2972 fistulosum,
3203 2920 3299 2975 per
3311 2905 3584 2959 vacuitatem
3597 2903 3704 2970 inqut

2244 3003 2408 3066 queat
2432 2995 2980 3050 diaboluslatibulum
2999 2995 3102 3050 sibi
3127 2995 3392 3062 invenire,
3412 2997 3552 3050 levem
3571 3001 3706 3065 proud

2243 3089 2562 3155 vanitatem,
2584 3104 2746 3159 quem
2770 3087 3060 3159 cujuslibet
3088 3088 3296 3144 favoris
3310 3090 3389 3144 vel
3412 3087 3704 3143 terron‘scausa

557 3173 978 3228 dominabuntur
1011 3176 1240 3246 populis,
1266 3178 1372 3234 hoc
1393 3190 1476 3236 est
1500 3183 1643 3252 quod
1674 3181 1960 3240 Psalmista
1989 3185 2144 3240 dicit:
2172 3223 2216 3286 ς
2247 3181 2740 3252 queatbucetilluc
2767 3181 2992 3252 agitare.
3023 3178 3183 3241 Unde
3205 3182 3342 3237 bene
3358 3179 3587 3286 hypocrita
3603 3193 3668 3286 pe:
3677 3191 3707 3226 a-

567 3284 586 3319 ι
624 3264 690 3321 Et
717 3265 1149 3323 dominabuntur
1182 3284 1373 3326 eorum
1391 3271 1530 3344 justi
1577 3274 1634 3329 in
1660 3277 1931 3332 matutino
1967 3276 2140 3349 (Psat.

556 3359 808 3429 xum)»
847 3357 1002 3415 Haud
1034 3361 1260 3418 dubium
1293 3365 1426 3435 quin
1452 3367 1832 3436 reproborum.
1868 3367 1938 3422 Et
1959 3386 2148 3441 regna-

557 3452 654 3519 bit,
680 3453 877 3524 inquit,
906 3454 1163 3508 Dominus
1185 3455 1403 3512 illorum
1431 3459 1487 3512 in
1515 3470 1842 3531 perpetuum.
1868 3461 2005 3517 Cum
2037 3479 2149 3534 quo

556 3553 612 3601 et
640 3546 743 3617 ipsi
769 3547 1658 3618 regnabunt,Dominoeisdiccnte
1678 3571 1690 3606 :
1714 3571 1732 3604 ‹
1768 3552 1974 3622 Venite,
1989 3555 2151 3611 bene-

557 3638 688 3694 dicti
711 3638 888 3696 Patris
903 3641 1032 3707 mei,
1048 3643 1307 3714 percipite
1317 3659 1540 3715 regnum
1563 3646 1706 3716 quod
1721 3645 1876 3702 vobis
1896 3663 1963 3718 pa
1971 3657 2148 3704 ratum

557 3737 644 3785 est
669 3730 740 3785 ab
761 3730 972 3801 origine
990 3733 1178 3788 mundi
1204 3733 1423 3803 (Matth.
1447 3737 1600 3806 xxv).
1634 3755 1651 3786 ›
1680 3736 1892 3804 Quibus
1915 3754 2018 3794 nos
2055 3739 2150 3794 ad-

554 3823 712 3895 jungi
737 3822 901 3880 faciat
922 3823 1090 3893 Deus,
1127 3837 1182 3882 et
1213 3826 1476 3884 Dominus
1502 3839 1688 3886 noster
1715 3830 1874 3887 Jesus
1898 3831 2150 3888 Christus

561 3916 656 3986 qui
685 3933 809 3973 cum
833 3917 992 3975 Patre
1015 3927 1069 3975 et
1093 3917 1298 3991 Spiritu
1325 3932 1516 3979 sancto
1532 3924 1665 3979 vivit
1683 3933 1739 3980 et
1769 3933 1960 3996 regnat
1979 3925 2146 3981 Deus.

561 4009 755 4066 Amen.

1259 4108 1304 4163 X
1315 4107 1443 4166 νῐιῑ

762 4213 1105 4256 ηυιιηίοιιυκ
1141 4218 1454 4257 IAR'I'YRUII.
1503 4217 1674 4257 δειυίο
1709 4219 1775 4257 DE
1815 4219 1968 4258 LL'CA.

637 4287 967 4344 DixitJesus
1010 4293 1290 4363 discipulis
1339 4295 1472 4358 suis,
1511 4293 1780 4348 Attendite
1821 4311 1854 4347 a
1899 4295 2153 4364 fermento

563 4381 962 4437 Pharisaeorum
986 4385 1125 4456 quod
1171 4394 1248 4439 est
1276 4385 1568 4456 hypocrisis
1615 4383 1836 4456 (Matth.
1861 4401 1989 4452 vm;
2019 4384 2150 4440 Luc.

561 4475 662 4546 xu)
693 4483 748 4531 ct
793 4477 1022 4548 reliqua.
1053 4476 1180 4534 Haec
1203 4477 1364 4534 lectio
1390 4475 1564 4533 sancti
1616 4476 1892 4550 Evangelii
1934 4479 2155 4550 quadri-

2252 3277 2542 3332 rundincm
2571 3277 2932 3348 significatur,
2953 3277 3170 3332 dicente
3183 3276 3410 3331 Domino
3420 3275 3476 3329 de
3487 3267 3704 3326 iamneia-

2249 3369 2414 3440 ptista
2437 3389 2448 3423 :
2470 3387 2488 3419 ‹
2513 3367 2652 3436 Quid
2669 3368 2861 3424 existis
2893 3369 2948 3423 in
2971 3368 3252 3425 desertum
3276 3361 3706 3423 videreiarundinctl

2248 3470 2410 3516 vento
2425 3462 2680 3533 agitatam
2702 3462 2714 3516 ε
2743 3481 2761 3514 ι
2788 3461 3006 3532 (Matth.
3023 3460 3360 3531 tx.)Arnndo
3371 3459 3538 3530 quippe
3553 3463 3705 3508 estate

2250 3553 2365 3609 rius
2386 3555 2634 3624 pulchra,
2653 3554 2883 3609 interius
2899 3569 3094 3620 vacua,
3109 3553 3332 3609 mobilis
3356 3561 3406 3608 et
3426 3543 3707 3624 fragilisjird

2252 3648 2536 3720 hypOcrita
2569 3647 2796 3724 pulcher
2824 3647 3038 3704 videtur
3069 3647 3315 3706 exterius
3351 3645 3509 3701 colore
3539 3641 3704 3693 Virtutum

2251 3750 2522 3809 mutuato,
2563 3741 2794 3797 interius
2828 3755 3037 3796 vacuus
3069 3747 3152 3794 est
3177 3740 3250 3794 ab
3274 3736 3416 3796 omni
3457 3735 3702 3798 bono:an

2253 3834 2384 3888 libet
2405 3842 2570 3888 vento
2593 3832 2678 3886 vel
2702 3831 2881 3888 laudis
2911 3831 2996 3886 vel
3039 3827 3450 3902 vituperationis
3474 3826 3559 3879 huc
3576 3830 3614 3875 et
3634 3817 3705 3869 illi:

2255 3926 2513 3997 agitatur,
2574 3924 2817 3980 irruente
2865 3923 3196 3979 adversitate
3231 3923 3300 3978 de
3348 3917 3475 3975 facili
3498 3917 3704 3986 quassam

2253 4017 2383 4072 Inde
2419 4017 2688 4072 Dominus
2718 4016 2785 4072 ad
2817 4016 3036 4072 beatum
3059 4014 3165 4070 Job
3187 4012 3257 4070 de
3277 4012 3478 4069 diabolo
3493 4006 3623 4062 dicit:
3647 3997 3706 4049 «il

2254 4112 2446 4165 umbra
2471 4110 2693 4176 dormit,
2724 4110 2779 4164 in
2806 4117 3016 4165 secreto
3047 4107 3246 4163 calami
3275 4105 3390 4178 (Job
3419 4091 3708 4172 1L),tcotidl‘

2254 4204 2382 4258 licet
2407 4202 2553 4274 quod
2600 4211 2810 4258 mentes
2842 4203 3162 4256 tenebrosas
3193 4211 3248 4256 et
3273 4195 3602 4255 simulatricﬁ,
3621 4187 3706 4240 ιετσ

2255 4305 2310 4350 et
2340 4294 2558 4366 fragiles
2585 4293 2838 4349 diabolus
2885 4292 3173 4348 inhabitet.
3205 4291 3347 4346 Bene
3370 4298 3555 4359 quoque
3580 4279 3630 4334 ait
3648 4274 3706 4327 ἰδο-

2256 4387 2460 4451 minus,
2496 4384 2823 4440 fermentum
2851 4383 3282 4437 Pharisaeorum.
3331 4374 3556 4434 Pharisai
3574 4377 3708 4462 quatit

2257 4479 2417 4534 divisi
2443 4479 2891 4548 interpretantur.
2945 4474 3115 4531 Erant
3140 4475 3288 4530 enim
3318 4471 3462 4528 divisi
3481 4484 3507 4523 ι
3529 4469 3706 4521 (enim

560 4568 762 4640 partita
805 4579 907 4626 est.
940 4569 1128 4625 Primo
1173 4570 1374 4641 quippe
1414 4569 1658 4641 praecipit
1709 4585 1810 4626 nos
1861 4569 2150 4637 Dominus,
2185 4567 2234 4629 D
2259 4570 2543 4626 hominum
2591 4567 2973 4632 contubernio,
3005 4566 3274 4621 habitnet
3303 4551 3705 4641 habitationum

565 4659 764 4719 fratres
813 4662 1148 4732 charissimi,
1209 4663 1541 4736 hypocrisim
1593 4677 1808 4718 cavere.
1865 4661 2140 4730 Secundo,

563 4771 672 4812 non
698 4757 976 4813 hominem
993 4757 1088 4813 sed
1100 4757 1277 4814 solum
1294 4755 1462 4812 Deum
1492 4757 1702 4812 timere.
1732 4757 1936 4824 Tertio,
1971 4758 2150 4828 ipsum

561 4851 728 4906 etiam
755 4851 998 4920 diligere.
1054 4847 1264 4917 Quarto
1301 4849 1542 4905 ostendit
1565 4848 1696 4918 quid
1742 4849 2150 4916 confitentibus,

561 4953 616 4999 et
645 4943 776 5014 quid
809 4943 1133 5013 negantibus
1156 4959 1282 4997 eum
1304 4941 1552 4998 facturus
1572 4941 1660 4997 sit.
1711 4940 1954 4996 Primum
1987 4941 2154 5014 igitur

561 5049 666 5089 nos
697 5035 944 5106 praecipit
983 5035 1315 5107 hypocrisim
1368 5049 1580 5100 cavere,
1622 5049 1747 5090 cum
1773 5034 1907 5090 dicit
1935 5053 1947 5090 :
1973 5033 2155 5088 Atten-

561 5126 675 5180 dite
713 5143 746 5179 a
768 5127 1024 5196 fermento
1057 5125 1476 5191 Pharisaeorum,
1514 5124 1655 5196 quod
1691 5133 1769 5180 est
1816 5124 2111 5196 hypocrisis
2134 5141 2153 5179 :

563 5217 860 5283 Attendite,
887 5217 940 5273 id
985 5227 1066 5273 est
1107 5219 1448 5273 attendentes
1474 5226 1682 5273 cavete.
1723 5217 1932 5273 Caetera
1955 5218 2155 5288 quippe

564 5306 718 5370 vitia,
747 5308 874 5377 quia
919 5318 1103 5378 aperta
1129 5315 1278 5372 sunt,
1327 5308 1509 5363 statim
1545 5308 1962 5379 dignoscuntur.
1991 5307 2060 5362 At
2081 5307 2157 5362 vi-

564 5401 702 5455 tium
727 5400 1051 5472 hypocrisis,
1075 5401 1202 5472 quia
1231 5400 1336 5456 sub
1366 5400 1546 5470 specie
1564 5400 1784 5456 virtutis
1808 5400 1975 5466 venit,
2008 5399 2153 5454 mul-

565 5504 655 5549 tos
695 5493 858 5549 etiam
911 5494 1186 5564 sapientes
1232 5492 1388 5548 fallit.
1438 5491 1729 5562 Pmpterea
1780 5507 1904 5546 cum
1964 5489 2159 5560 majori

565 5585 778 5642 cautela
815 5597 868 5641 et
901 5585 1201 5640 attentione
1231 5593 1423 5640 contra
1466 5585 1594 5639 illud
1626 5585 1888 5639 debemus
1911 5583 2155 5654 vigilare.

568 5678 886 5748 llvpocrisis
919 5686 1002 5732 est
1021 5676 1214 5732 vitium
1241 5677 1424 5732 colore
1444 5676 1660 5732 virtutis
1685 5676 1989 5747 palliatum,
2013 5674 2160 5730 unde

571 5779 625 5825 et
655 5787 852 5826 nomen
882 5767 1112 5839 accepit,
1129 5768 1437 5840 hypocrisis
1459 5770 1660 5840 quippe
1690 5769 2081 5840 interpretatur
2099 5768 2157 5820 in

576 5862 852 5931 superﬁcie
879 5861 1190 5915 deauratus.
1226 5859 1384 5926 Quod
1414 5861 1633 5930 quidem
1677 5860 1870 5916 vitium
1899 5868 2052 5922 tanto
2077 5867 2159 5920 est

2255 4671 2310 4718 et
2351 4661 2715 4733 quarumdam
2760 4658 3231 4715 observantiarum
3284 4652 3596 4712 simulatione.
3628 4639 3704 4693 FW

2255 4755 2437 4827 prium
2464 4753 2735 4824 siquidem
2764 4761 2848 4808 est
2875 4752 3194 4824 hypocritae,
3218 4751 3313 4821 qui
3339 4743 3585 4818 singularis
3601 4743 3636 4790 et
3653 4747 3704 4785 so-

2256 4850 2344 4904 lus
2373 4847 2569 4918 quaerit
2590 4845 2782 4911 videri,
2827 4844 3075 4900 fastidire.
3118 4839 3604 4898 communitatemﬁ
3617 4837 3704 4894 (1⁸³·

2257 4958 2378 4998 rcrc
2417 4939 2874 5012 singularitatem,
2912 4947 2970 4991 ut
3004 4937 3146 4991 ultra
3168 4945 3390 4991 ca-teros
3415 4929 3702 5014 apparati".r

2261 5045 2424 5092 tenus
2453 5033 2636 5088 dicere
2685 5029 2858 5102 possit
2884 5046 2898 5081 :
2944 5049 2962 5079 ι
2996 5027 3114 5082 Non
3144 5044 3266 5084 sum
3290 5014 3700 5112 sicut

2261 5141 2393 5182 num
2426 5123 2580 5192 (Luc.
2630 5120 2812 5192 xvm).
2847 5139 2864 5171 ι
2899 5118 3031 5174 Plus
3075 5118 3351 5174 blanditur
3394 5112 3482 5169 sibi
3499 5110 3552 5164 de
3574 5103 3700 5173 id!”

2259 5229 2396 5279 uno,
2428 5213 2574 5284 quod
2609 5212 2762 5267 solus
2794 5208 2944 5276 facit,
2970 5224 3134 5280 quam
3179 5207 3224 5262 si
3248 5222 3369 5261 eum

2260 5309 2378 5363 dies
2427 5280 2722 5377 jejunaret,
2764 5311 2820 5358 et
2861 5303 2927 5358 de
2967 5317 3074 5356 una
3106 5299 3350 5354 oratione
3393 5294 3510 5346 clam
3535 5280 3698 5374 μωιίπττ

2261 5401 2384 5471 plus
2406 5413 2571 5470 quam
2602 5397 2670 5452 de
2691 5394 2996 5468 psalmodia
3027 5393 3192 5447 unius
3222 5390 3410 5444 noctis.
3431 5384 3479 5437 In
3770 5425 3771 5460 ἦ

2263 5467 2388 5547 inus
2415 5467 2625 5561 incipit,
2669 5467 2947 5544 extremus
2981 5485 3197 5540 desinit.
3239 5482 3450 5551 Semper
3469 5467 3694 5571 Ρηαξθῗ
3770 5479 3771 5571 ᾗ

2261 5582 2468 5653 aliquid
2513 5553 2626 5653 agit
2674 5580 2769 5650 qui
2827 5594 2941 5650 prae
2993 5577 3203 5632 caeteris
3241 5571 3400 5628 videri
3455 5553 3688 5653 σωσξέξί

2260 5644 2400 5729 Cum
2447 5644 2759 5727 econtrario
2805 5644 2905 5724 viri
2967 5666 3204 5737 religiosi
3255 5664 3326 5720 sit
3349 5667 3530 5716 omnem
3556 5644 3690 5708 περ·

2261 5782 2385 5823 nem
2423 5765 2631 5829 tenere,
2671 5763 2812 5818 infra
2864 5762 3002 5818 alios
3046 5776 3105 5817 se
3155 5737 3688 5846 "eminuere,-arti”:r

2261 5859 2398 5917 alios
2427 5856 2600 5914 videri
2647 5856 2802 5911 velle.
2845 5854 3027 5920 Quare
3058 5861 3231 5909 autem
3274 5836 3533 5919 hypocrisis
3565 5833 3610 5884 sit
3633 5833 3684 5870 (τ
