3834 6332
82 403 207 464 r957

77 628 180 670 non
207 607 476 672 reveletur,
505 612 556 660 et
593 602 964 658 absconditum
988 599 1128 672 quod
1155 614 1259 672 non
1303 599 1528 654 sciatur.
1559 596 1639 652 Ac

71 705 124 761 si
161 701 356 772 aperte.
375 698 562 754 dicat:
591 695 716 752 ideo
755 694 966 752 debetis
1026 691 1362 765 hypocrisim
1419 703 1635 758 cavere,

70 792 190 863 quia
215 789 458 862 proiecto
490 789 582 844 hic
621 787 708 844 vel
719 788 786 842 .in
813 787 904 843 die
926 784 1121 856 iudicii
1143 785 1360 848 illorum
1389 783 1640 855 hypocri-

69 882 160 949 sis,
185 889 239 937 et
257 879 472 936 bonitas
499 887 704 946 vestra,
727 893 852 948 qua:
884 875 1048 938 modo
1070 885 1154 932 est
1181 875 1526 940 abscondita,
1551 881 1638 928 est

69 972 341 1028 revelanda
376 978 432 1027 et
475 969 904 1037 remuneranda,
946 969 1208 1042 quando,
1229 968 1394 1040 juxta
1445 965 1638 1020 Danie-

67 1062 183 1126 lem,
205 1080 224 1115 ι
254 1059 463 1116 sedebit
487 1068 740 1118 vetustus
754 1060 992 1124 dierum,
1020 1067 1076 1114 et
1091 1057 1218 1114 libri
1245 1055 1421 1128 aperti
1451 1061 1631 1124 erunt,

64 1161 128 1210 et;
155 1152 360 1220 omnia.
397 1151 682 1218 omnibus,
703 1151 1203 1218 manifestabuntur
1241 1149 1416 1234 man.
1455 1150 1574 1221 vn).
1606 1166 1626 1201 ι

65 1241 210 1302 Nihil;
243 1243 409 1316 igitur
421 1244 582 1312 mali,
609 1243 936 1306 adcomon
962 1254 1044 1310 est
1076 1251 1328 1314 opertum
1363 1241 1634 1306 velamine

63 1333 439 1402 simulationis,
487 1335 636 1407 quod
673 1351 782 1392 non
812 1335 1102 1402 reveletur,
1128 1335 1214 1390 vel
1249 1334 1340 1389 hic
1358 1332 1631 1390 sacerdoti

56 1443 150 1498 per
169 1425 570 1492 confessionem
602 1427 670 1484 ad
693 1427 932 1495 veniam,
955 1428 1039 1483 vel
1079 1428 1133 1482 in
1162 1427 1350 1482 futuro
1373 1427 1631 1484 omnibus

61 1536 148 1590 per
163 1513 624 1576 conscientiarum
647 1521 1035 1576 revelationem
1066 1520 1134 1576 ad
1154 1528 1474 1591 perpetuam
1499 1537 1633 1576 con—

57 1612 338 1668 fusionem.
368 1611 626 1685 Nihilque
655 1613 788 1670 boni
809 1613 892 1670 sic
922 1613 1088 1670 modo
1117 1621 1204 1670 est
1220 1613 1628 1682 absconditum,

60 1722 148 1778 per
163 1707 346 1779 gloria:
375 1708 556 1764 inanis
582 1708 956 1776 evitationem,
984 1707 1133 1779 quod
1158 1723 1270 1764 non
1289 1706 1518 1775 sciatur,
1547 1707 1628 1762 vel

59 1801 154 1868 hic,
178 1802 260 1858 vel
303 1802 360 1856 in
390 1800 601 1870 futuro,
625 1802 696 1858 ad
718 1801 1235 1862 remunerationem.
1266 1799 1436 1857 Porro
1463 1815 1626 1872 opera

451 435 454 438 .
619 438 632 460 ,,
683 443 716 485 λ
1157 363 1602 488 tipatam;

1743 384 1832 442 DE
1870 370 2189 446 SANGTISJ
3181 388 3205 482 ﬁl

76 517 236 576 senda
259 514 617 582 demonstrat,
645 525 774 569 cum
802 506 1022 571 subdita:
1057 505 1213 564 Nihil
1235 515 1478 579 opertum
1498 502 1638 576 quod
1664 503 1932 576 Asecum
1962 503 2165 559 habere
2189 509 2394 574 potest,
2424 500 2565 562 nihil
2583 502 2778 576 timete
2797 513 2995 576 potest.
3031 504 3186 574 Unde
3207 508 3326 580 Apo

3187 387 3328 446 {558

1741 589 1944 663 stolas;
2013 614 2032 648 ι
2065 594 2122 650 Si
2185 595 2330 653 Deus
2373 611 2474 668 pro
2515 596 2676 652 nobis
2703 638 2720 665 ,
2771 597 2896 669 quis
2947 607 3140 655 contra
3186 600 3326 657 nos?

1742 688 1918 762 (Rom.
1943 688 2092 759 vni)?
2132 689 2265 745 »Λα
2293 690 2338 746 si
2365 699 2551 760 aperte
2581 687 2758 756 dicat:
2785 688 2844 746 Si
2873 689 3020 749 Deus
3045 707 3145 764 pro
3165 691 3324 752 nobis

1731 790 1840 850 est,
1870 791 1924 837 et
1952 781 1999 838 si
2037 781 2161 852 quis
2188 782 2434 842 videatur
2455 797 2577 847 esse
2616 792 2807 840 contra
2838 799 2972 852 nos,
3015 793 3195 842 tamen
3225 802 3326 858 pro

1738 873 1899 930 nobis
1925 883 2031 942 est,
2053 874 2182 930 dum
2206 890 2270 930 ea
2294 890 2421 948 quae
2437 873 2754 942 inlert,_non
2777 877 2955 932 solum
2979 892 3088 934 non
3100 879 3321 946 obsunt,

1737 963 1834 1035 sed
1864 965 2028 1020 etiam
2083 973 2318 1036 prosunt
2355 966 2534 1022 nobis.
2585 965 2742 1026 Unde
2781 977 2836 1027 et
2885 969 3149 1040 scriptum
3197 981 3320 1028 est:

1729 1075 1761 1115 ,ι
1799 1054 1903 1124 Qui
1936 1056 2092 1113 timet
2120 1057 2314 1128 Deum,
2338 1058 2478 1114 nihil
2503 1059 2796 1131 trepidabit
2824 1059 3016 1134 (Ecdi.
3039 1068 3256 1135 xxxiv).
3297 1085 3317 1117 ι

1733 1149 1804 1206 Ει
1821 1151 2226 1223 philosophus:
2265 1151 2372 1220 Qui
2413 1153 2812 1225 timet-Deum,
2845 1156 2983 1212 nihil
3034 1157 3325 1214 timet..Et

1733 1243 1830 1314 qui
1860 1243 2016 1314 timet
2060 1243 2254 1312 Deum,
2291 1246 2476 1301 omnia
2510 1246 2704 1303 timent
2733 1260 2882 1304 eum.
2907 1247 3014 1316 Qui
3048 1264 3180 1304 vero
3210 1266 3322 1306 non

1736 1336 1892 1394 timet
1952 1335 2125 1402 Deum
2154 1379 2170 1406 ,
2239 1339 2395 1394 timet
2449 1339 2652 1396 omnia.
2699 1339 2907 1412 Itaque,
2945 1340 3144 1398 fratres
3179 1343 3317 1409 mei,

1732 1428 1905 1484 Deum
1951 1445 2117 1501 super
2157 1431 2342 1486 omnia
2379 1429 2651 1488 oil‘cndere
2681 1431 3000 1500 timeamus,
3057 1434 3319 1504 quoniam

1733 1521 1781 1577 si
1813 1520 1985 1586 Deum
2009 1521 2296 1578 nobiscum
2315 1521 2600 1590 habemus,
2628 1522 2763 1598 nihil
2786 1523 2978 1580 timere
2998 1540 3314 1596 possumus:
3374 1583 3386 1598 δ

1730 1611 1997 1681 scientes,
2047 1613 2094 1668 si
2133 1613 2274 1668 Deus
2297 1613 2614 1671 timentibus
2641 1629 2702 1670 se
2733 1614 2974 1686 ﬂagella,
3006 1615 3321 1674 tribulatio--

1731 1720 1939 1776 aesque
1976 1705 2241 1776 permittit
2268 1706 2509 1776 evenire,
2547 1715 2730 1764 tamen
2764 1723 2859 1764 eas
2893 1707 2950 1762 in
2987 1707 3192 1767 bonum
3237 1705 3318 1764 fa-

1729 1798 1833 1855 ciet
1867 1799 1948 1855 eis
1977 1801 2266 1870 provenire

57 1894 110 1948 in
147 1895 412 1964 tenebris,
454 1895 540 1951 vel
589 1894 840 1951 latibulis.
871 1894 1038 1964 facta.
1094 1903 1224 1951 sunt
1249 1895 1483 1961 occulta.
1522 1893 1631 1960 Vo,-
1660 1882 1706 1944 Β
1800 1892 2058 1964 Sequitur
2100 1909 2229 1964 pars
2279 1894 2472 1964 tertia,
2512 1892 2568 1950 in
2615 1909 2734 1965 qua
2773 1893 3114 1956 demonstrat
3142 1891 3316 1954 Deum

56 1985 274 2043 hintates
293 2003 520 2058 quoque
538 1989 789 2046 cordium
819 1997 948 2045 sunt
991 1989 1340 2056 occultiores,
1365 1988 1626 2044 intentio-

55 2077 374 2135 uesettines
393 2080 739 2137 voluntatum
781 2089 911 2140 sunt
939 2082 1331 2142 occultissima:
1365 2097 1526 2153 :quae
1549 2093 1626 2136 ta-

55 2183 164 2224 men
183 2170 373 2226 omnia
421 2172 871 2229 revelabunturm
914 2171 1170 2241 Domino,
1213 2192 1232 2226 ‹
1264 2173 1362 2245 qui
1417 2173 1612 2230 illumie

53 2261 190 2317 nabit
230 2263 557 2321 abscondita
601 2266 970 2330 tenebrarum,
1008 2275 1063 2322 et
1107 2265 1626 2323 manifestabitcon-

53 2354 161 2410 silia
195 2356 447 2414 col-dium
473 2357 530 2430 (l
566 2357 691 2414 Cor.
737 2362 833 2431 tv).
879 2380 899 2413 ›
927 2359 1084 2417 Unde
1121 2370 1178 2417 et
1213 2361 1401 2418 subdit
1429 2380 1443 2418 :
1477 2359 1624 2428 Quo-

53 2447 179 2501 niam
211 2465 332 2520 qua
361 2451 421 2504 in
453 2451 680 2506 tenebris
706 2452 947 2522 dixistis,
979 2453 1058 2508 uel
1103 2455 1327 2525 fecistis,
1379 2455 1623 2513 dicentur

51 2538 334 2597 instantiae.
373 2542 444 2597 Et
476 2545 615 2616 quod
648 2545 704 2600 iu
729 2562 883 2613 aure,
925 2547 1099 2606 idest
1127 2548 1184 2602 in
1210 2557 1426 2609 sccrem
1451 2548 1622 2604 locuti

49 2633 166 2689 estis
183 2635 262 2690 vel
293 2634 514 2693 fecistis
551 2637 606 2692 in
627 2638 918 2705 cubiculis,
948 2638 1338 2710 praedic-obitur
1356 2642 1420 2696 in
1445 2643 1619 2710 tectis,

50 2724 96 2778 id
117 2736 192 2782 est
218 2728 423 2798 palam.
443 2727 608 2784 Juxta
632 2731 780 2786 enim
806 2747 1016 2787 morem
1027 2730 1332 2789 Palaestina:
1352 2733 1619 2804 loquitur,

50 2818 127 2873 ubi
143 2835 424 2890 praecones
447 2822 680 2894 desuper
699 2831 868 2892 tecta,
889 2839 1013 2895 quae
1033 2825 1268 2896 desuper
1287 2826 1449 2897 plana
1469 2837 1618 2894 sunt,

47 2910 105 2964 ad
131 2912 393 2981 populum
423 2912 742 2984 loquuntur.
779 2913 1020 2972 Possunt
1053 2917 1200 2973 enim
1242 2919 1360 2975 haec
1377 2934 1445 2974 ex
1466 2929 1621 2990 parte

46 2999 104 3054 ad
129 3016 373 3071 pmsens
407 3011 626 3075 tempus
660 3004 875 3074 referri,
911 3007 1174 3077 quoniam
1209 3024 1334 3079 quae
1363 3009 1619 3082 discipuli

47 3090 230 3148 Christi
255 3094 420 3165 prius
444 3095 500 3150 in
533 3097 794 3168 tenebris,
831 3100 886 3156 id
913 3106 998 3157 est
1028 3101 1084 3156 in
1112 3100 1308 3157 umbra
1330 3117 1617 3159 carcerum

47 3192 528 3256 etpressurarum,
565 3197 622 3244 et
661 3191 716 3245 in
741 3201 960 3248 secreto
1001 3193 1170 3249 locuti
1199 3203 1350 3262 sunt,
1383 3211 1534 3252 nunc
1558 3196 1614 3251 in

48 3269 269 3333 Ecclesia
289 3294 392 3350 per
413 3279 602 3360 orbem
633 3282 849 3352 publice
873 3284 1258 3355 praedicantur.
1607 3337 1612 3344 .

49 3399 56 3404 ‘
108 3364 364 3440 Sequitur
414 3387 544 3442 pars
593 3376 836 3432 seainda
879 3376 936 3432 in
970 3393 1081 3448 qua
1113 3377 1382 3437 Dominus
1431 3381 1622 3451 praeci-

48 3455 118 3526 pit
165 3475 272 3517 non
315 3463 634 3533 hominem,
691 3466 787 3522 sed
835 3469 1015 3524 solum
1068 3469 1241 3526 Deum
1288 3471 1615 3540 timendum,

45 3561 158 3606 eum
175 3552 356 3609 subdit
381 3572 402 3610 z
429 3552 566 3610 Dico
603 3555 748 3611 uobis
776 3559 966 3614 amicas
990 3561 1121 3615 meis
1145 3560 1276 3616 :Ne
1314 3565 1618 3622 terreamini

44 3640 102 3695 ab
131 3643 230 3712 bis,
258 3647 366 3717 qui.
395 3648 646 3704 occidunt
681 3666 893 3721 corpus,
917 3660 967 3707 et
988 3661 1105 3718 post
1129 3669 1234 3708 nou
1267 3653 1459 3718 habent
1486 3656 1614 3726 quid

44 3731 246 3799 faciant.
297 3737 594 3794 Ostendam
635 3750 813 3796 autem
853 3742 998 3798 vobis
1041 3761 1194 3815 quem
1243 3747 1494 3802 timeatis.
1525 3747 1616 3804 Τίτ-

42 3837 160 3882 mete
179 3840 358 3886 autem
385 3849 510 3887 eum
531 3835 626 3903 qui
669 3845 950 3907 postquam
991 3839 1265 3906 occiderit,
1289 3839 1445 3895 habet
1469 3849 1616 3911 pote-

40 3927 215 3976 statem
249 3924 468 3980 mittere
487 3925 544 3980 iu
571 3927 880 3997 gehennam.
917 3929 976 3986 Si
998 3932 1157 4000 bene,
1187 3932 1406 4004 fratres,
1428 3937 1616 3992 consi-

37 4008 294 4083 deremus,
323 4015 476 4074 Deus
505 4019 657 4076 solus
682 4031 766 4078 est
795 4023 1088 4081 timendus.
1121 4023 1308 4098 Neque
1335 4028 1483 4084 enim
1514 4030 1614 4090 bo-

39 4103 218 4177 mines,
241 4125 426 4181 neque
447 4111 752 4182 daemones,
777 4131 956 4188 neque
991 4115 1144 4187 ferae,
1178 4133 1356 4190 neque
1384 4136 1610 4192 serpen-

36 4205 126 4264 tes,
164 4216 346 4274 neque
375 4203 486 4261 alia
529 4214 780 4263 creatura
808 4218 986 4280 potest
1021 4211 1182 4269 nobis
1229 4227 1428 4270 nocere
1448 4256 1470 4282 ,
1505 4215 1614 4272 nisi

37 4286 254 4350 Domino
282 4297 656 4367 permittente.
695 4297 850 4356 Unde
899 4318 1004 4359 nec
1030 4303 1283 4362 diabolus
1311 4321 1479 4362 unam
1520 4323 1613 4364 so-

36 4376 132 4436 lam
153 4384 430 4442 oviculam
453 4385 559 4444 Job
576 4437 578 4439 ,
597 4396 819 4462 tangere
846 4394 1136 4463 potuisset,
1175 4396 1284 4452 nisi
1314 4397 1470 4469 prius
1507 4415 1610 4471 po-

34 4477 265 4531 testatem
290 4493 325 4534 a
359 4475 597 4538 Domino
616 4483 1174 4558 accepisset.l_Jab..t).
1203 4485 1326 4544 Non
1385 4490 1442 4546 in
1480 4507 1606 4564 gre-

30 4576 141 4633 gem
169 4583 466 4638 porcorum
492 4575 686 4644 potuit.
729 4575 955 4647 intrare,
978 4579 1085 4636 nisi
1119 4578 1608 4654 Dominopermit-

31 4664 162 4715 tente
187 4661 491 4737 (Maras).
523 4687 546 4720 ‹
585 4665 706 4725 Non
736 4670 884 4727 enim
921 4681 1006 4728 est
1033 4683 1276 4744 potestas
1308 4677 1416 4733 nisi
1438 4693 1470 4732 a
1493 4677 1606 4734 Deo

29 4747 192 4817 (Rom.
214 4757 362 4829 xm).
397 4776 419 4811 ι
475 4757 631 4817 Unde
676 4760 944 4820 Dominus
982 4763 1168 4822 Pilato.
1203 4767 1380 4823 dixit:
1435 4788 1456 4825 ‹
1485 4767 1608 4825 Non

29 4842 246 4904 haberes
295 4858 625 4920 potestatem
672 4854 965 4911 adversum
1000 4873 1089 4913 me
1112 4858 1278 4916 ullam
1303 4901 1319 4927 ,
1358 4860 1468 4917 nisi
1509 4860 1608 4916 tibi

27 4932 202 4994 datum
217 4951 370 4997 esset
381 4941 800 5018 desuper(Joan.
817 4948 956 5017 xu).
982 4967 1004 5002 ι
1016 4979 1092 5004 .——
1113 4969 1132 5004 ι
1155 4949 1276 5021 Non
1288 4960 1390 5020 est,
1409 4952 1607 5024 inquit,

26 5028 218 5116 malum
242 5033 300 5087 in
326 5034 567 5105 civitate,
591 5039 738 5109 quod
761 5054 870 5094 non
888 5039 1053 5097 faciat
1067 5041 1411 5115 Deus_(Amos
1437 5047 1542 5116 tu).
1577 5065 1598 5098 ι

26 5114 466 5196 Omniumigitur
489 5141 776 5198 pinnarum
801 5127 946 5186 Deus
976 5141 1168 5194 auctor
1193 5114 1298 5204 est;
1328 5114 1606 5195 daemones

22 5222 146 5268 vero
178 5217 264 5271 vel
312 5217 602 5288 homines,
635 5222 894 5280 ministri.
932 5223 1085 5295 Unde
1130 5225 1399 5285 Dominus
1426 5231 1605 5301 pessi-

24 5316 166 5362 mum
233 5325 422 5384 regem
473 5313 825 5388 Assyriorum
854 5359 869 5384 ,
943 5333 1041 5388 per
1083 5335 1247 5390 quem
1289 5321 1608 5380 idololatras

23 5393 293 5458 lsraelitas
330 5403 637 5478 ﬂagellabat
665 5451 681 5476 ,
717 5410 925 5481 virgam
975 5426 1134 5466 suam
1158 5422 1320 5468 vocat
1355 5415 1552 5470 dicens.
1583 5433 1597 5468 :

29 5498 58 5539 c‘
81 5489 240 5567 Virga
265 5496 474 5556 furoris
502 5501 610 5557 mei
629 5502 808 5558 Assur
828 5501 968 5573 (Isa.
999 5504 1078 5575 χ).
1111 5524 1130 5557 ι
1163 5503 1282 5560 Non
1311 5521 1442 5577 ergo
1486 5507 1608 5562 dia-.

23 5581 193 5654 holus,
216 5604 332 5644 non
356 5589 540 5660 homo,
568 5609 680 5649 non
704 5593 840 5662 fera,
869 5611 979 5652 non
1008 5611 1254 5668 serpens,
1283 5613 1392 5653 non
1419 5599 1614 5670 aliqua-

23 5674 124 5732 alia
147 5690 405 5737 creatura
429 5685 668 5741 timenda
689 5696 775 5742 est
792 5729 808 5754 ,
837 5689 934 5744 sed
965 5688 1148 5759 potius
1175 5688 1322 5745 Deus
1359 5689 1511 5746 solus
1544 5692 1620 5748 in:

21 5766 104 5822 his
125 5775 389 5830 omnibus
407 5777 679 5837 timendus
697 5791 803 5850 est,
828 5783 922 5853 qui
949 5797 1044 5852 per
1075 5783 1178 5838 ista
1208 5798 1350 5854 quos
1369 5784 1486 5838 vult
1505 5783 1603 5838 lla-

20 5859 195 5933 gcllat,
242 5873 506 5937 tanquam
549 5886 648 5942 per
675 5871 1060 5929 instrumenta.
1097 5873 1200 5942 Qui
1245 5889 1376 5947 ergo
1426 5873 1596 5931 Deum

1631 4627 1685 4689 D

1728 1981 1894 2038 etiam
1933 1997 2059 2042 cum
2095 1983 2294 2040 timore
2337 1983 2878 2055 diligendum.,,cum
2917 1983 3311 2056 subiungitur:

1727 2073 1919 2156 limine
1939 2077 2166 2148 quinque
2187 2093 2424 2147 passeres
2450 2087 2668 2132 veneunt
2689 2078 2964 2149 dipondio,
2988 2078 3042 2134 id
3067 2086 3151 2134 est
3179 2078 3317 2134 duo.-

1725 2166 1830 2232 bus
1849 2167 2089 2235 assibus,
2103 2177 2153 2224 et
2179 2185 2315 2224 unus
2327 2186 2392 2225 ea:
2414 2169 2526 2226 illis
2557 2187 2660 2225 nou
2678 2179 2754 2226 est
2775 2173 2833 2226 iu
2859 2169 3116 2232 oblivione
3136 2185 3316 2226 coram

1725 2258 1881 2316 Deo?
1909 2258 2092 2316 Nolite
2134 2279 2258 2334 ergo
2284 2264 2495 2331 timere,
2531 2263 2716 2318 multis
2763 2263 3065 2335 passeribus
3114 2263 3310 2334 pluris,

1723 2355 1958 2414 subaudi
1983 2357 2166 2428 pretii,
2195 2360 2323 2413 estis
2348 2375 2462 2420 vos.
2501 2358 2579 2416 Ac
2626 2359 2674 2416 si
2701 2359 2956 2416 dicatur:
2989 2357 3160 2414 Deum
3198 2372 3309 2414 non

1723 2449 1905 2514 solum
1931 2451 2146 2520 timere,
2176 2453 2273 2509 sed
2309 2453 2475 2509 etiam
2505 2453 2733 2525 diligere
2761 2453 2992 2523 debetis,
3021 2453 3117 2524 qui
3147 2459 3312 2510 tanta:

1722 2542 2077 2617 benignitatis
2111 2552 2196 2602 est
2222 2588 2238 2614 ,
2267 2546 2413 2617 quod
2439 2546 2648 2602 vilibus
2683 2546 3022 2614 volatilibus,
3056 2553 3132 2614 et,
3165 2545 3313 2615 quod

1723 2633 1906 2704 majus
1941 2644 2045 2702 est,
2074 2636 2192 2692 suis
2225 2637 2692 2708 contemptoribus
2723 2637 3008 2709 providere
3029 2651 3141 2692 non
3167 2635 3306 2704 obli-

1722 2727 1970 2784 viscitur.
2003 2727 2070 2783 Et
2112 2737 2321 2800 quanto
2348 2731 2524 2803 magis
2571 2733 2744 2788 nobis
2784 2731 3145 2798 rationalibus
3195 2731 3315 2788 suis

1721 2817 2077 2874 dilectoribus
2091 2819 2414 2890 providebit,
2437 2820 2812 2880 defensionem
2831 2821 3269 2892 suampraebebit
3287 2822 3312 2874 ?

1719 2908 1952 2982 Mystice
1980 2927 2112 2967 vero
2136 2912 2380 2984 quinque
2413 2929 2668 2984 passeres
2701 2923 2831 2976 sunt
2863 2915 3112 2976 homines
3143 2931 3311 2970 muna

1720 3003 1870 3071 dani,
1905 3003 2149 3075 quinque
2177 3007 2432 3063 sensibus
2456 3008 2704 3079 corporis
2733 3008 2936 3076 dediti,
2960 3008 3057 3080 qui
3083 3023 3311 3075 sursum

1720 3096 1908 3152 volant
1939 3112 2035 3167 per
2063 3097 2280 3153 inanem
2313 3099 2576 3169 gloriam,
2628 3100 2980 3172 deponuntur
3020 3100 3076 3158 in
3104 3111 3312 3158 terram

1722 3203 1820 3259 per
1849 3197 2192 3257 terrenarum
2225 3191 2570 3249 dilectionem
2600 3235 2615 3262 ,
2655 3194 2847 3250 vivunt
2894 3193 2962 3250 de
2998 3194 3178 3254 alieno
3211 3210 3311 3266 per

1723 3282 2079 3352 rapacitatem
2099 3325 2114 3354 ,
2155 3285 2446 3356 capiuntur
2468 3301 2500 3342 a
2545 3286 2766 3350 diabolo
2786 3301 2883 3358 per
2913 3287 3307 3359 deceptionem,

1722 3386 1963 3438 veneunt
1999 3375 2294 3446 dipondio,
2328 3377 2381 3434 id
2409 3385 2524 3445 est,
2559 3379 2652 3434 vili
2680 3387 2858 3457 pretio
2885 3387 3116 3436 terrenae
3149 3381 3308 3452 cupi-

1719 3463 1910 3522 ditatis
1937 3473 1992 3520 et
2020 3467 2315 3537 voluptatis
2337 3511 2350 3534 ,
2377 3469 2430 3523 in
2459 3477 2720 3532 aeternam
2752 3469 2952 3534 animae
2975 3481 3027 3528 et
3059 3472 3308 3542 corporis

1719 3551 2148 3614 damnationem.
2169 3555 2274 3612 Sed
2309 3558 2356 3612 si
2387 3557 2532 3623 Deus
2563 3568 2886 3625 memorest
2915 3559 3079 3616 etiam
3116 3560 3308 3616 talium

1719 3649 1804 3704 vel
1855 3649 1938 3704 eis
1993 3651 2300 3721 corporalia
2347 3652 2595 3708 subsidia
2639 3654 2964 3725 praebendo,
2997 3654 3084 3710 vel
3137 3653 3306 3710 etiam

1717 3744 2000 3810 multoties
2034 3760 2132 3816 per
2182 3745 2562 3816 paenitentiam
2593 3747 2662 3804 ad
2714 3747 2949 3805 salutem
3011 3747 3262 3806 vocando
3284 3791 3302 3817 ,

1717 3839 2110 3910 quantomagis
2132 3839 2371 3896 ﬁdelium
2394 3856 2647 3910 suorum,
2665 3843 2761 3914 qui
2792 3841 2844 3900 ei
2871 3858 3086 3913 semper
3113 3843 3302 3900 adhae-

1716 3941 1860 4000 rent,
1883 3946 2010 3988 eum
2041 3940 2155 3988 toto
2177 3931 2342 3990 corde
2367 3933 2622 4005 diligunt,
2653 3943 2706 3991 et
2725 3935 2781 3991 ei
2821 3935 2878 3991 in
2903 3935 3163 3994 omnibus
3199 3935 3303 3992 ob-

1715 4025 2062 4096 temperant?
2097 4023 2202 4081 Sed
2235 4035 2286 4082 et
2335 4025 2566 4097 capilli,
2607 4027 2816 4099 inquit,
2857 4029 3019 4086 vestri
3062 4029 3298 4100 capitis,

1716 4120 2190 4178 omnesuumerati
2216 4127 2360 4174 sunt.
2385 4119 2472 4178 Ac
2509 4121 2556 4179 si
2571 4119 2744 4177 dicat
2769 4141 2782 4177 :
2825 4119 2947 4178 Non
2977 4121 3254 4178 hominem
3280 4161 3299 4189 ,

1715 4207 1818 4272 sed,
1840 4209 2021 4268 solum
2050 4207 2224 4264 Deum
2247 4209 2450 4274 timere,
2487 4220 2544 4268 et
2593 4212 2822 4285 diligere
2847 4214 3077 4282 debetis,
3111 4230 3140 4271 a
3175 4231 3300 4286 quo

1713 4314 1826 4356 non
1841 4301 2020 4367 solum
2043 4301 2246 4364 animae
2265 4311 2459 4360 vestra:
2475 4312 2532 4365 et
2549 4321 2783 4377 corpora
2800 4315 3000 4375 vestra,
3021 4309 3117 4364 sed
3131 4306 3300 4372 etiam

1713 4393 1968 4464 quaelibet
1987 4395 2153 4459 vestri
2167 4396 2408 4454 minima:
2427 4399 2772 4469 particulaset
2791 4416 2915 4471 quae
2939 4401 3164 4458 abcissai
3187 4417 3298 4460 non

1711 4487 2051 4556 sentiuntur,
2087 4505 2320 4545 numero
2367 4506 2471 4547 suo
2505 4504 2919 4553 conservantur.
2943 4493 3063 4549 Non
3092 4495 3304 4553 debetis

1709 4594 1846 4652 ergo
1869 4580 2216 4652 tirnerequod
2228 4589 2424 4642 caetera
2436 4584 2646 4655 majora
2659 4585 2715 4649 in
2731 4587 2883 4642 vobis
2905 4595 3150 4656 pereant,
3173 4601 3301 4642 cum

1712 4686 1815 4728 nec
1837 4671 2003 4728 etiam
2041 4673 2144 4730 ista
2167 4673 2423 4743 minima,
2449 4673 2683 4740 Domino
2705 4685 3083 4742 conservante,
3117 4676 3175 4730 in
3197 4692 3295 4732 vo-

1707 4763 1795 4820 bis
1811 4764 1990 4834 perire
2011 4774 2234 4836 queant.
2265 4764 2491 4839 Mystiee
2513 4782 2642 4822 vero
2668 4766 2849 4838 capilli
2875 4765 3071 4836 capitis
3102 4768 3292 4832 vestri,

1709 4854 1765 4910 id
1793 4866 1879 4910 est
1907 4857 2134 4914 subtiles
2158 4857 2516 4928 cogitationes
2542 4858 2728 4915 cordis
2751 4859 2941 4926 vestri,
2957 4858 3102 4929 apud
3119 4857 3293 4916 Deum

1708 4956 2089 5015 numerantur,
2125 4949 2392 5020 quoniam
2416 4965 2516 5010 nec
2536 4951 2833 5018 subtilitas,
2864 4965 2966 5008 nec
3000 4950 3298 5028 multitudo

1705 5055 1920 5110 earum,
1959 5057 2240 5104 sunnmum
2265 5041 2508 5113 jndicem
2540 5041 2728 5098 fallere
2759 5051 3012 5114 possunt,
3061 5044 3154 5113 qui
3199 5059 3308 5113 pro,

1703 5134 1937 5208 singulis
1969 5143 2038 5191 et-
2071 5150 2173 5206 pro
2191 5134 2452 5190 omnibus
2487 5134 2900 5199 retributionem
2930 5134 3298 5200 est._,redditu-

1704 5244 1822 5284 rus.
1867 5227 1938 5282 Si
1983 5242 2116 5298 ergo
2164 5225 2311 5284 Deus
2356 5241 2466 5282 non
2515 5226 2696 5283 solum
2726 5225 2869 5282 facta
2903 5234 2958 5280 et
2987 5225 3172 5292 dicta,
3200 5225 3296 5282 sed

1704 5323 1868 5382 etiam
1919 5321 2178 5378 minimas
2210 5321 2574 5392 cogitationes
2618 5320 2688 5376 ad
2719 5319 2989 5390 judicium
3032 5327 3296 5386 reservat,

1705 5420 1912 5482 quanta
1935 5411 2216 5482 diligentia
2248 5411 2532 5478 debemus,
2555 5409 2754 5466 fratres
2772 5411 3024 5478 mei,,cor
3045 5419 3298 5478 nostrum

1707 5505 2004 5573 custodire,
2032 5521 2100 5561 ne
2127 5507 2285 5561 mala:
2309 5506 2395 5562 vel
2419 5521 2574 5562 vanae
2595 5505 2952 5578 cogitationes
2983 5505 3048 5572 in.
3075 5519 3144 5558 eo
3173 5519 3298 5570 sur-

1708 5608 1858 5670 gant,
1891 5598 1976 5654 vel
2001 5615 2070 5654 ne
2115 5607 2404 5672 surgentes
2428 5607 2702 5667 crescant,
2733 5598 2829 5656 sed
2859 5597 3043 5663 statim
3081 5593 3308 5666 parvuli.

1708 5685 1998 5764 Babylonis
2019 5701 2326 5761 teneantur,
2351 5699 2407 5749 et
2431 5691 2501 5758 ad
2523 5702 2732 5764 petram
2757 5689 3038 5746 Christum
3067 5686 3297 5743 sllidan-

1705 5794 1812 5838 tur.
1945 5835 1950 5840 .
2629 5815 2658 5847 .'
3191 5825 3194 5832 -

1779 5876 2040 5948 Sequitur
2087 5893 2214 5949 pars
2261 5887 2458 5950 quarta
2494 5879 2551 5934 in
2597 5893 2703 5948 qua
2755 5875 3021 5932 Dominus
3055 5871 3312 5935 ostendit
