3820 6312
528 379 667 443 1559

1802 365 1988 422 BADU
1997 363 2156 422 LPHl
2194 362 2557 428 ARDENTIS.

3627 346 3718 428 ita

524 494 656 568 quid
695 510 755 550 se
797 489 1186 550 conﬁtentibus
1229 485 1313 544 vel
1345 457 1671 556 negantibus
1721 483 1792 538 sit
1847 481 2116 541 facturus.
2150 487 2194 547 Α
2223 500 2278 538 se
2335 483 2770 554 angustiaverunt
2833 489 2882 535 et
2959 479 3297 536 abstulerunt
3353 477 3542 535 labem
3595 498 3717 540 una

525 588 772 644 Primum
823 585 991 658 igitur
1027 583 1162 656 quid
1211 595 1268 638 se
1319 577 1705 635 confitentibus
1750 576 1821 632 sit
1867 575 2115 635 facturus

522 679 797 747 ostendit,
829 657 957 733 cum
1011 673 1195 732 subdit
1236 691 1249 727 :
1288 657 1472 726 Omnis
1521 669 1816 740 quicunque
1845 668 2113 739 confessus

521 771 686 844 fuerit
718 786 800 824 me
833 783 1014 823 coram
1038 763 1358 828 hominibus,
1386 770 1436 816 et
1475 758 1654 815 Filius
1687 761 1916 815 hominis
1947 761 2114 831 conﬁ-

523 861 722 916 tebitur
749 876 868 916 eum
916 873 1096 913 caram
1145 852 1345 925 angelis
1400 851 1518 906 Dei.
1554 849 1866 918 Confessio,
1912 849 2115 907 fratres

523 949 653 1017 mei,
685 964 793 1004 non
839 955 925 1004 est
968 954 1182 1000 tantum
1205 943 1340 998 oris.
1365 940 1470 1009 Qui
1512 941 1657 998 enim
1679 939 1960 997 Christum
1995 941 2115 998 solo

526 1053 623 1096 ore
642 1039 920 1112 praedicat,
949 1035 1154 1092 fatetur
1178 1034 1401 1106 quidem
1428 1049 1577 1102 eum,
1601 1032 1698 1090 sed
1742 1047 1853 1090 non
1883 1033 2113 1091 conﬁte-

525 1141 633 1188 tur.
659 1130 815 1187 Unde
842 1127 1108 1185 Dominus
1135 1146 1150 1182 :
1190 1147 1208 1180 ι
1230 1125 1474 1198 Populus
1510 1126 1598 1181 hic
1627 1126 1790 1190 labiis
1818 1141 1906 1183 me
1934 1125 2113 1182 hono-

521 1231 630 1290 rat,
655 1238 750 1280 cor
773 1231 955 1277 autem
985 1235 1177 1276 eorum
1205 1219 1370 1290 longe
1393 1227 1478 1275 est
1500 1234 1530 1275 a
1563 1234 1652 1275 me
1681 1217 1902 1288 (Matth.
1935 1217 2048 1289 xv).
2085 1234 2107 1273 ι

521 1317 628 1374 Sed
671 1326 803 1374 tunc
843 1325 929 1372 est
965 1315 1245 1372 confessio
1292 1330 1442 1382 vera,
1467 1313 1689 1384 quando
1714 1330 1830 1382 cor,
1856 1329 1940 1382 os,
1973 1325 2114 1384 opus

519 1417 653 1468 sunt
687 1409 1069 1466 consonantia.
1096 1405 1218 1464 Non
1248 1406 1395 1463 enim
1441 1406 1638 1462 sufficit
1666 1405 1782 1462 sola
1823 1404 1959 1463 ﬁdes
1984 1420 2113 1462 cor-

518 1501 625 1571 dis,
657 1500 765 1556 nisi
801 1499 966 1569 adsit,
990 1499 1228 1559 maxime
1266 1497 1410 1569 quod
1443 1498 1814 1556 necessarium
1841 1506 1944 1564 est,
1978 1512 2111 1556 con-

519 1590 690 1648 fessio
727 1590 861 1648 oris.
896 1585 1052 1645 Unde
1104 1597 1159 1645 et
1202 1587 1421 1655 Petrus,
1451 1588 1617 1645 corde
1667 1587 1897 1644 credens
1927 1596 1982 1643 et
2014 1599 2113 1643 ore

517 1682 726 1755 negans
772 1681 1076 1747 Christum,
1129 1681 1537 1737 damnationem
1589 1680 1940 1747 incurrisset,
2003 1678 2112 1735 nisi

518 1790 606 1846 pet
621 1787 801 1832 catum
832 1775 1090 1847 lacrymis
1117 1774 1451 1846 panitentize
1476 1773 1742 1830 diluisset.
1774 1771 1846 1828 Ut
1865 1773 2009 1828 enim
2035 1772 2112 1828 ait

518 1861 725 1922 Paulus
755 1885 768 1921 :
805 1885 825 1919 ι
868 1864 1046 1921 Corde
1092 1865 1333 1921 creditur
1359 1865 1428 1920 ad
1466 1864 1762 1936 justitiam,
1792 1877 1889 1919 ore
1928 1872 2112 1922 autem

520 1957 799 2014 confessio
828 1958 888 2015 ﬁt
930 1957 998 2013 ad
1045 1958 1278 2014 salutem
1310 1956 1484 2029 (Rom.
1529 1957 1606 2027 χ).
1642 1975 1660 2008 ι
1700 1955 1806 2010 Sed
1832 1972 1930 2013 nec
1977 1957 2112 2014 fides

518 2049 732 2117 cordis,
759 2065 860 2107 nec
888 2049 1165 2106 confessio
1188 2050 1329 2117 oris,
1361 2049 1657 2118 sufficiunt,
1687 2048 1733 2105 si
1759 2063 1865 2103 non
1911 2064 2111 2120 sequa-

520 2151 630 2211 tur,
658 2143 703 2198 si
732 2150 944 2214 tempus
966 2141 1222 2210 adfuerit,
1250 2141 1525 2198 attestatio
1551 2141 1750 2213 operis.
1777 2139 1939 2197 Teste
1961 2141 2110 2197 enim

516 2232 742 2301 Iacobo,
778 2253 796 2289 α
836 2235 968 2291 fides
996 2236 1116 2291 sine
1139 2235 1396 2306 operibus
1432 2244 1647 2290 mortua
1681 2242 1785 2290 est.
1828 2233 2112 2291 Daemones

516 2325 667 2383 enim
694 2325 925 2383 credunt
977 2337 1032 2383 et
1062 2327 1492 2383 contremiscunt
1518 2325 1660 2400 (Jac.
1688 2325 1770 2397 ιι).
1803 2345 1823 2378 ι
1855 2324 2010 2382 Unde
2053 2325 2109 2382 in

515 2417 809 2491 Evangelio
829 2419 1038 2486 dicunt,
1069 2438 1088 2471 ‹
1107 2417 1210 2474 Fili
1229 2418 1343 2488 Dei,
1365 2418 1575 2491 utquid
1606 2419 1800 2475 venisti
1823 2427 1948 2474 ante
1971 2427 2110 2474 tem-

514 2525 618 2582 pus
645 2520 899 2584 torquere
917 2512 1074 2568 nos?»
1093 2511 1315 2582 (Matth.
1336 2514 1516 2584 xvm.)
1541 2511 1645 2579 Qui
1668 2526 1799 2584 ergo
1810 2511 1928 2566 vult
1949 2510 2110 2567 Chri-

513 2613 658 2658 stum
684 2619 810 2660 vere
841 2603 1123 2672 confiteri,
1149 2620 1276 2660 cum
1312 2605 1478 2665 simul
1500 2605 1686 2671 corde,
1723 2619 1820 2660 ore
1846 2613 1902 2660 et
1943 2617 2108 2675 opere

511 2695 855 2752 confiteatur.
899 2695 965 2752 Et
1001 2696 1166 2752 etiam
1189 2713 1374 2760 coram
1403 2697 1740 2765 hominibus,
1765 2705 1829 2752 ut
1857 2696 2109 2752 videlicet

510 2783 714 2842 Christi
741 2787 1127 2856 humilitatem,
1156 2790 1496 2860 passionem,
1519 2803 1766 2856 crucem,
1803 2797 2107 2858 creteraque

511 2876 840 2950 improperia
867 2879 1095 2948 Christi,
1133 2894 1236 2937 nec
1265 2879 1537 2949 conﬁteri,
1569 2895 1672 2936 nec
1692 2880 1896 2936 imitari
1919 2880 2106 2942 timeat

509 2968 594 3022 vel
625 2969 935 3039 erubescat,
958 2985 1146 3028 coram
1173 2971 1491 3029 hominibus
1512 2972 1749 3044 publice,
1778 2971 1873 3028 ubi
1897 2972 2110 3029 scilicet

511 3058 638 3115 talis
662 3058 938 3118 confessio
984 3063 1234 3134 pluribus
1281 3078 1380 3135 per
1426 3065 1734 3136 exemplum
1770 3072 1950 3136 potest
1976 3080 2104 3137 pro-

2217 571 2373 647 (Sap.
2399 575 2479 647 v),
2508 582 2613 632 etc.
2646 571 2941 642 Quoniam,
2960 571 3184 641 fratres,
3211 571 3270 626 in
3294 570 3398 628 hoc
3422 572 3615 640 mundo,
3631 576 3719 646 justi

2216 667 2542 740 spoliantur,
2591 665 2976 737 opprimuntur
3013 671 3070 720 et
3121 671 3394 719 vexantur
3448 664 3512 720 ab
3558 665 3720 738 iniquis,

2216 761 2361 817 unde
2387 759 2524 831 justi
2550 758 2829 815 multoties
2865 756 3268 813 contristantur
3293 764 3352 810 et
3375 758 3720 828 conturbantur;

2214 861 2270 909 et
2299 852 2631 919 econtrario,
2658 850 2833 922 iniqui
2864 850 2921 906 in
2947 849 3142 921 spoliis
3175 857 3233 904 et
3255 847 3592 920 oppressione
3603 850 3724 919 justo-

2216 961 2337 1004 rum
2375 945 2698 1018 gloriantur,
2734 943 2858 1000 ideo
2885 943 2953 999 ad
2989 941 3423 998 consolationem
3447 941 3671 1011 justam
3691 953 3722 998 et

2213 1037 2611 1094 correctionem
2643 1043 3018 1106 peccatorum,
3053 1033 3467 1089 demonstratur
3496 1031 3546 1088 in
3583 1031 3662 1090 hac
3680 1033 3727 1088 le-

2215 1131 2415 1198 ctione,
2433 1130 2908 1202 primo,quantam
2935 1136 3260 1200 potestatem
3283 1127 3418 1198 justi
3443 1141 3588 1197 super
3603 1128 3726 1182 uales

2213 1225 2268 1280 in
2302 1224 2704 1280 resurrectione
2732 1222 2844 1279 sint
2880 1221 3156 1290 habituri;
3185 1220 3450 1286 secundo,
3475 1220 3588 1292 quid
3606 1220 3726 1292 iniqui

2213 1317 2324 1374 sint
2342 1316 2589 1388 passuri;
2614 1317 2798 1383 tertio,
2829 1314 2960 1387 quid
2979 1313 3049 1371 de
3067 1327 3170 1370 sua
3180 1313 3405 1368 miseria
3421 1313 3727 1385 iustorumque

2213 1408 2386 1482 gloria
2414 1409 2524 1466 sint
2547 1408 2770 1465 dicturi.
2795 1405 3041 1463 Primum
3073 1405 3244 1478 igitur
3270 1414 3524 1477 quantam
3553 1415 3728 1476 potesta-

2213 1509 2321 1557 tem
2344 1499 2477 1571 justi
2499 1515 2664 1570 super
2684 1498 2859 1554 malos
2879 1497 2934 1553 in
2954 1495 3164 1571 judicio
3185 1495 3300 1552 sint
3319 1492 3546 1549 habituri
3565 1493 3728 1549 duon-

2212 1603 2438 1661 stratur,
2463 1607 2587 1648 cum
2609 1591 2811 1647 dicitur
2832 1609 2847 1647 :
2869 1587 3243 1658 διαθηιίωή
3267 1587 3326 1642 in
3351 1601 3532 1656 magna
3547 1595 3730 1640 emtas.

2213 1686 2289 1741 tia
2313 1684 2561 1739 adversus
2598 1699 2684 1738 eos
2717 1683 2807 1755 qui
2835 1697 2890 1737 se
2917 1681 3381 1752 angustiarerunt,
3406 1685 3506 1732 etc.
3531 1676 3618 1732 Sed
3642 1692 3728 1732 ain

2215 1776 2482 1833 Dominus
2508 1777 2564 1832 in
2605 1775 2900 1848 Evangelia
2933 1773 3084 1830 dicat
3109 1771 3298 1843 justos
3329 1770 3382 1825 in
3399 1769 3588 1840 judicio
3613 1785 3732 1840 super

2139 1833 2187 1894 Β
2214 1869 2502 1925 duodecim
2532 1866 2691 1924 sedes
2728 1833 3005 1934 scasuros,
3041 1833 3417 1921 et'duodecini
3438 1863 3595 1920 tribus
3612 1833 3731 1919 Israel

2209 1960 2575 2031 judicaturos,
2597 1959 2728 2031 quid
2754 1969 2839 2015 est
2863 1958 3010 2030 quod
3041 1957 3133 2014 hic
3164 1957 3373 2012 dicitur
3389 1956 3617 2012 stabunt?
3632 1955 3734 2023 Quo

2211 2052 2359 2108 niam
2397 2051 2700 2123 iudicantis
2727 2059 2811 2107 est
2845 2050 3056 2118 sedere,
3095 2058 3152 2105 et
3196 2049 3462 2104 ultionem
3491 2049 3732 2104 exerceatis

2213 2154 2378 2200 stare.
2417 2142 2573 2199 Unde
2592 2143 2739 2199 etde
2770 2140 3015 2197 Phineas
3051 2139 3372 2212 perierante
3397 2151 3596 2211 propter
3612 2140 3733 2212 justi-

2210 2237 2342 2292 tiam
2398 2234 2696 2304 [sraelitam
2753 2251 2878 2291 cum
2935 2233 3232 2290 Madianita
3283 2233 3634 2301 formantem,
3675 2235 3734 2289 sic

2211 2328 2478 2398 scriptum
2504 2337 2621 2384 est:
2652 2325 2853 2382 tStctit
2872 2323 3470 2396 Phineos,etplacavit,
3489 2333 3538 2378 et
3553 2325 3735 2379 cessarit

2211 2420 2497 2491 quassatio
2534 2419 2706 2491 (Paul.
2742 2419 2852 2490 cv).
2877 2438 2896 2473 ι
2941 2417 3048 2486 Qui
3089 2417 3240 2474 enim
3283 2417 3544 2489 justitiam
3571 2415 3617 2470 in
3641 2431 3736 2471 reos

2209 2522 2444 2579 exercet,
2484 2520 2632 2567 stare
2655 2511 2836 2578 debet,
2875 2519 3021 2566 stare
3051 2509 3106 2564 in
3131 2509 3359 2577 virtute,
3389 2519 3529 2564 stare
3544 2508 3590 2562 in
3615 2506 3738 2563 recti-

2212 2604 2418 2670 tudine,
2449 2615 2597 2661 stare
2630 2604 2685 2659 in
2712 2604 2914 2675 rigore.
2949 2601 3109 2659 Stare
3133 2601 3298 2658 debet
3322 2602 3378 2657 in
3409 2601 3607 2657 virtute.
3630 2598 3736 2654 Nan

2211 2695 2258 2750 si
2297 2694 2352 2749 in
2392 2694 2588 2749 vitium
2627 2692 2837 2760 defluit,
2863 2691 3146 2764 quomodo
3171 2691 3437 2747 vitiosum
3479 2691 3740 2746 damnabit!
3816 2711 3817 2716 π

2209 2785 2498 2854 Quomodo
2529 2786 2676 2841 enim
2707 2785 2922 2842 adulter
2949 2784 3287 2851 adulterum,
3323 2799 3514 2839 avarus
3533 2799 3738 2844 avarum.

2205 2878 2350 2935 latro
2382 2879 2648 2935 latronem
2674 2877 2940 2936 damnare
2965 2877 3184 2950 potest?
3219 2877 3350 2933 hinc
3377 2875 3573 2932 Veritas
3597 2875 3738 2930 dicit:

2213 2989 2233 3025 ι
2252 2969 2357 3039 Qui
2383 2971 2503 3027 sine
2526 2979 2752 3042 peccato
2770 2978 2879 3039 est,
2905 2969 3119 3041 primus
3149 2968 3204 3024 in
3236 2968 3525 3024 adulteram
3548 2968 3743 3038 lapidem

2206 3064 2389 3121 mittat
2412 3062 2596 3136 (Joan.
2624 3063 2766 3134 vin).
2787 3081 2807 3115 ι
2830 3061 2989 3118 Stare
3015 3061 3176 3118 debet
3204 3061 3261 3116 in
3285 3061 3478 3134 rigore,
3495 3069 3554 3116 ut
3573 3060 3745 3115 militet

399 3139 422 3160 ”
511 3149 690 3252 desse.
824 3153 954 3224 quid
1000 3154 1258 3210 ChriStus
1295 3153 1462 3211 faciet
1484 3155 1566 3212 sic
1595 3171 1655 3212 se
1681 3157 2103 3215 conﬁtentibus?
2127 3187 2174 3252 ο
2206 3155 2356 3216 nulla
2409 3154 2789 3211 misericordia
2835 3171 2866 3209 a
2917 3152 3104 3225 rigore
3159 3153 3470 3225 promerita:
3503 3151 3749 3208 sententia

509 3239 863 3314 Conﬁtebitur
907 3245 1064 3306 illum
1102 3262 1284 3302 coram
1318 3247 1519 3319 angelis
1561 3247 1678 3304 Dei.
1705 3248 1873 3317 Quasi
1903 3249 2051 3310 dicat
2082 3267 2097 3308 :

507 3333 729 3392 Publice
772 3337 1122 3409 confitentes,
1145 3337 1361 3409 publice
1395 3341 1761 3397 confitebitur.
1799 3341 2101 3410 Conﬁtebi-

507 3434 596 3480 tur
623 3442 843 3498 quoque
880 3441 976 3485 eos
1001 3428 1186 3495 corde,
1217 3443 1310 3486 ore
1330 3472 1350 3499 ,
1376 3445 1557 3501 opere.
1609 3430 1807 3500 Corde,
1843 3448 1941 3489 eos
1969 3442 2096 3489 tan-

507 3533 674 3588 quam
720 3518 921 3577 fratres
943 3528 1000 3579 et
1024 3522 1338 3579 coheredes
1360 3539 1489 3580 vere
1509 3524 1784 3597 diligendo
1808 3542 1821 3580 :
1869 3540 1983 3594 ore,
2016 3527 2097 3584 eis

505 3610 737 3674 dicendo
770 3631 782 3666 :
822 3631 842 3668 ε
873 3606 1086 3682 venite,
1135 3615 1406 3673 benedicti
1458 3615 1638 3675 Patris
1669 3619 1804 3688 mei,
1834 3620 2098 3691 percipite

505 3718 733 3775 regnum
775 3705 923 3777 quod
971 3706 1132 3764 vobis
1160 3718 1413 3780 paratum
1447 3719 1531 3769 est
1560 3711 1630 3772 ab
1665 3712 1875 3785 origine
1903 3715 2096 3774 mundi

505 3794 730 3863 (Matth.
762 3798 914 3870 xxv).
937 3816 957 3852 ι
985 3795 1191 3872 Opere,
1217 3815 1314 3857 eos
1341 3801 1398 3856 in
1422 3817 1651 3874 regnum
1681 3813 1898 3860 interna:
1919 3805 2096 3862 beati-

501 3888 710 3946 tudinis
743 3889 1158 3949 introdueendo.
1187 3892 1330 3965 Quid
1355 3909 1486 3950 vero
1520 3895 1765 3954 facturus
1789 3897 1860 3952 sit
1885 3913 2094 3970 negan-

502 3979 650 4036 tibus
683 3995 764 4049 se,
796 3982 982 4044 subdit
1015 3999 1028 4038 :
1060 3982 1166 4050 Qui
1188 3992 1367 4040 autem
1392 3987 1656 4056 negaverit
1681 4002 1762 4042 me
1799 4003 1978 4042 coram
1997 3987 2095 4042 hoe

502 4073 756 4141 minibus,
792 4075 1072 4146 negabitur
1115 4093 1297 4131 coram
1335 4078 1536 4150 angelis
1570 4079 1686 4134 Dei.
1718 4077 1922 4136 Omnes
1957 4095 2092 4152 pro-

500 4166 646 4224 fecto
681 4169 778 4240 qui
821 4181 1022 4243 negant
1067 4170 1373 4243 Christum,
1401 4173 1486 4229 vel
1513 4174 1698 4240 corde,
1739 4183 1800 4238 ut
1836 4173 2007 4230 Judaei
2036 4184 2094 4236 et

499 4260 722 4332 pagani,
749 4260 836 4323 vel
863 4277 979 4332 ore,
1009 4273 1071 4328 ut
1099 4264 1405 4337 imperfecti
1433 4264 1752 4334 Christiani,
1776 4255 1870 4338 qui
1899 4267 2093 4324 timent

497 4369 600 4424 pro
621 4367 690 4410 eo
717 4355 880 4424 mori,
905 4357 991 4413 vel
1011 4373 1195 4430 opere,
1215 4367 1276 4414 ut
1293 4359 1414 4416 falsi
1439 4359 1761 4429 Christiani,
1791 4361 1887 4434 qui
1909 4363 2091 4420 verbis

497 4443 716 4515 quidem
745 4445 1074 4516 confitentur
1101 4447 1295 4518 Deum,
1319 4449 1476 4506 factis
1501 4461 1684 4511 autem
1715 4464 1947 4526 negant;
1976 4468 2092 4509 om-

2201 3248 2531 3306 reﬁcctatur.
2560 3245 2699 3303 Nam
2723 3255 2783 3302 ut
2801 3245 3165 3318 philosophus
3185 3245 3267 3302 ait
3293 3263 3309 3302 :
3339 3241 3532 3300 «Iudex
3551 3243 3749 3299 διατι·
3816 3295 3817 3304 χ

2199 3349 2311 3408 tur,
2339 3355 2466 3396 cum
2494 3354 2698 3396 noeens
2722 3337 3046 3399 absolvitur.
3068 3355 3089 3392 ι
3125 3336 3286 3393 Stare
3298 3321 3458 3393 debet
3481 3336 3531 3391 in
3554 3335 3752 3391 redim-

2197 3433 2345 3502 dine,
2384 3441 2446 3489 ut
2487 3441 2690 3504 quanta
2722 3446 2884 3503 pinna
2946 3430 3110 3491 debet
3151 3439 3208 3486 ct
3242 3440 3443 3502 quanta
3481 3429 3750 3484 inteniose
3816 3425 3817 3482 ;

2196 3527 2384 3594 debet,
2436 3525 2779 3582 damnandos
2826 3525 3069 3580 damnet.
3107 3522 3256 3578 Bene
3299 3523 3459 3593 igitur
3475 3521 3664 3576 dicitur
3695 3520 3755 3574 de

2191 3619 2358 3692 iustis
2381 3619 2640 3692 quoniam
2663 3618 2888 3682 stabunt
2911 3617 2966 3671 in
2989 3631 3190 3688 magna
3213 3613 3529 3672 constantia.
3559 3613 3614 3668 ln
3635 3628 3753 3667 (ηιμ
3816 3691 3817 3694 η

2197 3712 2398 3769 stantia
2446 3711 2700 3768 videlicet
2746 3710 2989 3775 vir-tutis,
3027 3708 3081 3763 in
3121 3707 3427 3764 constantia
3463 3705 3674 3778 rigoris,
3707 3703 3757 3756 ia

2177 3801 2506 3859 constantia
2539 3799 2885 3858 rectitudinis
2923 3808 2978 3855 et
2998 3797 3217 3870 iustitia
3243 3795 3555 3858 conﬁrmati.
3586 3792 3755 3855 Tuae,

2197 3897 2394 3955 fratres
2420 3895 2550 3963 mei,
2571 3893 2680 3952 erit
2721 3902 2940 3965 tempus
2969 3891 3292 3949 exercenda:
3325 3889 3538 3960 iustitia:
3560 3887 3616 3942 in
3645 3902 3760 3941 ma-

2193 3990 2298 4058 los,
2354 3989 2498 4046 sicut
2544 4003 2694 4044 nunc
2745 3995 2832 4044 est
2884 3995 3110 4056 tempus
3134 3983 3446 4041 exercendae
3465 3982 3763 4038 miseritu-

2192 4087 2300 4144 diae
2348 4094 2404 4142 et
2454 4082 2730 4156 patientiae
2791 4081 2850 4138 in
2916 4081 3060 4136 illos.
3111 4078 3380 4135 Dominus
3432 4091 3670 4146 namque
3711 4074 3766 4128 in

2191 4179 2372 4252 primo
2423 4177 2660 4234 adventu
2711 4189 2814 4232 suo
2860 4173 3014 4231 venit
3079 4186 3284 4228 vocare
3319 4177 3625 4243 peccatores
3675 4182 3766 4238 per

2190 4269 2507 4344 patientiam
2565 4276 2622 4326 et
2673 4265 3143 4331 misericordiam;
3200 4263 3258 4321 in
3309 4262 3537 4319 secando
3583 4258 3772 4315 veniet
3816 4253 3817 4258 “

2187 4364 2438 4435 judicare
2471 4369 2798 4434 peccatores
2829 4374 2928 4432 per
2988 4356 3283 4428 justitiam.
3328 4354 3418 4412 Sic
3449 4351 3574 4426 insi
3613 4366 3770 4407 exa-

2193 4463 2318 4511 cent
2377 4467 2530 4510 nune
2594 4451 2649 4508 in
2706 4451 2886 4509 malos
2951 4447 3390 4505 misericordiam
3439 4454 3494 4502 et
3549 4444 3774 4515 patia-

498 4551 615 4634 nes,
645 4537 891 4634 inquam,
918 4539 1009 4596 isti
1026 4541 1673 4613 negabunturaChristo,
1690 4542 1943 4600 similiter
1965 4559 2089 4609 θοι·-
2119 4574 2168 4634 D
2194 4548 2363 4614 tiam,
2425 4546 2483 4603 in
2541 4543 2728 4601 futuro
2783 4556 2918 4600 vero
2957 4540 3298 4598 exercebant
3349 4545 3547 4595 tantum
3608 4535 3770 4606 justi-

498 4627 588 4697 «ιθ,
605 4628 723 4699 or'e,
745 4639 802 4687 et
829 4647 992 4704 opere
1018 4652 1030 4688 :
1054 4634 1254 4703 Corde,
1279 4649 1376 4690 eos
1397 4635 1632 4699 odiendo
1645 4644 1699 4690 et
1712 4637 2082 4705 reprobando;

496 4736 612 4788 ore,
641 4722 722 4778 eis
746 4722 978 4781 dicendo
999 4743 1012 4779 :
1034 4743 1053 4778 ε
1073 4723 1331 4785 Recedite
1355 4741 1390 4780 a
1419 4741 1530 4792 me,
1563 4724 1801 4796 operarii
1825 4726 2086 4798 iniquita-

494 4813 566 4871 tis
588 4813 806 4884 (Matth.
831 4816 964 4889 vn);
991 4835 1011 4870 ›
1039 4832 1223 4887 opere,
1247 4833 1343 4874 eos
1365 4817 1420 4870 in
1449 4816 1631 4888 ignem
1658 4825 1922 4874 aternum
1944 4835 2084 4891 prte-

495 4905 787 4977 cipitando.
841 4906 1056 4979 Itaque,
1091 4908 1308 4976 fratres,
1345 4907 1702 4974 conﬁteamur
1749 4909 2032 4972 Christum
2066 4929 2079 4968 :

490 5013 616 5055 eum
656 4999 821 5056 corde
864 5015 990 5055 vere
1036 5000 1310 5055 credendo
1355 5008 1411 5055 et
1451 4999 1758 5072 diligendo;
1790 5016 1910 5074 ore,
1952 5018 2080 5060 eum

489 5111 706 5170 semper
751 5094 1155 5162 benedicendo;
1199 5111 1389 5170 opere,
1440 5097 1562 5167 ejus
1607 5099 1778 5159 vitam
1809 5107 1864 5154 et
1900 5114 2084 5156 mores

491 5185 786 5252 imitando,
814 5195 1188 5257 paupertatem
1230 5196 1286 5242 et
1319 5188 1706 5256 humilitatem,
1735 5189 2084 5262 patientiam,

485 5277 811 5334 charitatem
832 5321 848 5346 ,
913 5288 1247 5354 ceterasque
1295 5281 1418 5354 ejus
1461 5283 1692 5338 virtutes
1747 5282 2076 5347 simulando,

486 5368 720 5442 ejusque
768 5371 1054 5444 praeceptis
1099 5375 1423 5442 obediendo,
1483 5383 1758 5446 quatenus
1810 5374 1926 5445 ipse
1973 5389 2076 5431 nos

483 5462 808 5520 conﬁteatur
846 5465 900 5522 in
941 5467 1030 5524 die
1053 5467 1269 5539 iudicii,
1299 5478 1355 5525 et
1388 5483 1512 5526 cum
1539 5469 1746 5524 sanctis
1777 5468 1895 5534 suis
1915 5477 2072 5524 aeter-

483 5568 682 5636 norum
702 5559 998 5633 participes
1022 5559 1189 5619 faciat
1209 5563 1556 5634 gaudiorum.
1578 5561 1773 5617 Amen.

1193 5649 1344 5710 δικ.

479 5755 826 5800 ἒιῠιιιιοιυιι
860 5760 1174 5805 ωτῖιωί.
1210 5758 1388 5802 SIBI!)
1424 5759 1492 5801 οε
1542 5759 1700 5801 ιωιιο
1748 5757 2066 5801 ελιηεκτιι.

543 5830 781 5896 Stabunt
795 5826 934 5908 justi
959 5839 1021 5896 in
1045 5853 1239 5916 magna
1257 5838 1559 5894 constantia
1592 5837 1838 5899 adversus
1863 5850 1951 5893 eos
1979 5838 2070 5914 qui

2191 4642 2323 4698 tiam
2391 4647 2447 4696 et
2501 4654 2741 4712 pinnam.
2795 4636 2954 4693 Tunc
3044 4642 3212 4692 erunt
3281 4631 3439 4690 electi
3487 4629 3566 4688 sic
3645 4641 3772 4683 cna—

2188 4732 2366 4805 juncti
2397 4732 2599 4788 divina:
2628 4728 2900 4786 voluntati
2921 4727 3070 4803 quod
3129 4725 3288 4787 nihil‘
3314 4731 3557 4796 poterunt
3613 4720 3770 4783 velis,

2191 4826 2296 4881 nisi
2329 4825 2474 4897 quod
2509 4823 2684 4882 scient
2713 4821 3005 4879 Dominum
3035 4820 3194 4874 velle.
3249 4817 3317 4872 Et
3337 4815 3466 4872 nihil
3507 4820 3776 4883 poterunt

2191 4933 2380 4972 amare
2403 4915 2510 4973 nisi
2539 4913 2689 4988 quod
2718 4913 2898 4975 sciant
2924 4911 3218 4967 Dominum
3242 4925 3442 4967 amare.
3486 4905 3651 4960 Unde
3677 4920 3774 4958 nec
3816 4941 3817 4946 η

2188 5026 2354 5081 super
2375 5008 2785 5065 damnationem
2818 5013 3106 5078 parentum
3137 5011 3194 5060 et
3217 5003 3506 5060 amicorum
3523 5012 3774 5054 sum:
3816 5015 3817 5050 Ἰ

2188 5079 2577 5166 movebuntur,
2605 5099 2699 5155 sed
2722 5098 2909 5169 potius
2927 5097 3130 5152 divina
3154 5094 3384 5165 iustitiae
3423 5090 3776 5148 comam:

2183 5203 2238 5250 et
2263 5192 2813 5268 congratulabuntur,
2832 5189 2988 5260 juxta
3020 5187 3152 5242 illud
3174 5186 3498 5248 Psalrnistar:
3529 5200 3555 5233 ι
3591 5179 3776 5235 ιω-
3816 5181 3817 5228 1

2181 5287 2331 5350 bitur
2355 5286 2541 5356 justus
2578 5300 2705 5342 cum
2735 5283 2933 5339 viderit
2966 5281 3265 5336 vindictam
3301 5277 3466 5349 (Pal.
3495 5279 3700 5343 Lvm).
3751 5293 3770 5324 ι
3816 5291 3817 5356 ξ

2178 5377 2477 5444 Adversus,
2509 5375 2714 5446 inquit,
2735 5390 2856 5440 eos,
2879 5373 2974 5445 qui
3000 5388 3059 5429 se
3081 5371 3542 5444 angustiaverlnt.
3567 5376 3640 5422 α
3678 5369 3770 5438 ﬁt

2179 5468 2525 5524 abstulerunt
2571 5467 2786 5522 labores
2833 5480 3046 5522 eorum.
3103 5461 3400 5535 Dupliciter
3437 5461 3773 5530 amt
3816 5461 3817 5535 ξ

2177 5561 2308 5616 mali
2335 5561 2513 5616 bonos
2544 5559 2599 5614 in
2625 5559 2736 5614 hoc
2759 5558 2988 5623 mundo,
3016 5557 3103 5613 vel
3133 5557 3220 5613 eis
3268 5559 3406 5613 mala
3443 5551 3768 5616 infande.

2175 5652 2260 5708 vel
2288 5662 2480 5708 eorum
2505 5650 2650 5716 bona
2671 5648 3094 5707 contemnendo.
3133 5647 3286 5704 Licet
3309 5647 3444 5714 enim
3463 5644 3639 5699 nulla
3663 5647 3772 5699 alia

2177 5743 2321 5800 mala
2363 5741 2830 5807 inferant,-tamen
2868 5756 2968 5798 eos
2986 5740 3220 5804 multum
3249 5742 3305 5797 in
3341 5737 3538 5804 begin
3577 5751 3764 5793 nesse

2177 5836 2423 5908 afﬂigunt
2449 5844 2506 5892 et
2527 5835 2797 5902 cruciant,
2820 5833 2967 5904 quod
2997 5831 3169 5899 Deum
3199 5839 3578 5899 contemnant.
3614 5835 3768 5906 quas
3816 5815 3817 5888 ὲ
