3834 6332
89 414 218 474 1561

1187 401 1521 472 HOMILUE.
1566 441 1630 452 —
1667 405 1733 466 ll.
1771 409 1864 466 DE
1905 399 2217 472 SANCTIS.

3214 417 3356 476 1562

88 528 342 587 mandata
361 522 482 597 ejus
512 521 796 596 abjiclunt,
822 522 968 594 quod
995 523 1160 579 verba
1181 525 1378 582 salutis
1427 538 1666 593 necau-
1695 521 1745 586 λ
1771 523 1944 592 Quasi
1969 528 2144 598 dicat,
2168 542 2279 585 non
2311 523 2492 586 solum
2518 539 2737 598 carnes,
2757 527 2856 585 sed
2898 527 3064 587 etiam
3109 545 3234 588 ossa
3271 541 3355 589 ta-

89 623 206 679 dire
233 620 444 676 volunt.
469 615 609 672 liinc
636 615 966 672 Psalmista:
997 635 1016 668 ι
1061 614 1366 673 Tabescere
1411 631 1502 676 me
1538 614 1668 670 fecit

12 731 34 746 ⁵
87 717 236 774 zelus
259 727 435 780 meus,
459 710 589 782 quia
611 709 766 766 obliti
793 717 923 766 sunt
948 709 1116 766 verba
1170 717 1264 766 tua
1303 709 1512 766 inimici
1559 709 1667 766 mei

87 809 260 882 (Psal.
290 805 504 878 cxvm).
548 821 568 858 ι
605 833 680 846 -—
714 822 735 857 α
765 802 929 859 Zelus
955 803 1152 860 domus
1185 809 1297 859 tuae
1318 803 1558 859 comedit
1578 817 1668 858 me

86 900 254 975 (Psal.
279 898 492 970 ιιγηι).
533 915 554 950 ι
585 895 896 968 Dupliciter
941 907 1164 968 quoque
1225 893 1485 951 auferunt
1534 893 1666 950 mali

82 992 298 1049 labores
318 990 616 1062 iustorum,
638 989 727 1046 vel
753 1003 948 1046 eorum
970 987 1295 1060 temporales
1329 987 1666 1045 substantias

82 1083 403 1155 diripienda,
429 1082 516 1138 vel
553 1082 772 1138 labores
795 1097 938 1154 quos
968 1081 1108 1153 justi
1155 1089 1381 1153 propter
1428 1094 1665 1136 conver—

83 1178 290 1233 sionem
317 1189 510 1232 eontm
550 1175 606 1230 in
635 1173 986 1244 corripiendo
1007 1181 1063 1228 et
1084 1171 1432 1228 admonendo
1480 1170 1665 1228 susci-

83 1266 255 1338 piunt,
285 1265 482 1321 inanes
506 1263 780 1320 faciendo.
819 1261 976 1319 Unde
1004 1263 1088 1320 eis
1131 1278 1165 1319 a
1203 1261 1439 1319 Domino
1473 1261 1668 1334 praeci-

79 1358 220 1430 pitur
245 1367 520 1429 quatenus
572 1357 854 1428 pulverem
876 1356 1077 1428 pedum
1121 1369 1348 1413 suorum
1386 1354 1668 1411 excutiant

79 1449 134 1508 in
156 1449 276 1506 illos
309 1447 406 1520 qui
439 1447 604 1504 verba
628 1461 822 1502 eorum
843 1446 1098 1516 accipere
1131 1445 1452 1513 noluerunt,
1489 1445 1545 1500 in
1578 1452 1664 1500 te-

80 1541 396 1599 stimonium
425 1540 535 1597 illis
556 1539 778 1612 (Matth.
805 1540 884 1612 ι).
932 1537 1090 1597 Unde
1129 1541 1328 1597 merito
1365 1539 1500 1611 justi
1547 1547 1666 1596 sta-

79 1634 210 1692 bunt
233 1633 292 1693 in
315 1647 519 1706 magna
541 1632 855 1689 constantia
877 1673 894 1701 ,
919 1631 1188 1689 sententia
1223 1631 1491 1688 adversus
1544 1643 1664 1698 eos,

80 1734 344 1798 quatenus
367 1725 512 1782 sicut
539 1725 619 1781 illi
664 1725 880 1782 labores
927 1732 1246 1782 sanctorum
1294 1723 1663 1790 abstulerunt,

80 1817 149 1875 ita
169 1827 222 1875 et
251 1818 475 1876 labores
493 1831 688 1876 eorum
703 1815 1044 1885 auferantur,
1057 1817 1321 1890 quoniam
1351 1815 1666 1888 relinquent

84 1909 268 1965 alienis
291 1908 517 1965 divitias
545 1923 696 1976 suas,
733 1917 790 1966 et
813 1909 1066 1980 sepulcra
1089 1923 1281 1964 eorum
1309 1909 1508 1964 domus
1535 1907 1632 1964 illo
1647 1937 1664 1951 -

83 2016 198 2057 rum
229 2001 289 2058 in
312 2009 583 2058 aeternum
615 2001 792 2074 (Psal.
819 2001 1034 2075 xtvtu).
1063 2001 1170 2059 Sed
1191 2003 1237 2058 si
1264 2001 1405 2058 forte
1434 2001 1666 2059 fecerint

86 2095 314 2166 aliquem
341 2095 550 2151 bonum
573 2094 838 2163 laborem,
863 2094 1147 2152 auferetur
1167 2095 1240 2151 ab
1257 2095 1362 2163 eis,
1393 2109 1463 2152 ne
1484 2094 1666 2150 valeat

81 2187 157 2244 eis
179 2187 244 2243 ad
268 2187 533 2245 salutem.
565 2187 634 2244 Et
661 2188 806 2245 sicut
827 2187 906 2244 illi
932 2195 1158 2245 sanctos
1187 2180 1662 2260 angustiavcrant,

87 2291 153 2347 ita
179 2292 279 2364 ipsi
305 2293 367 2348 in
397 2291 667 2350 incendiis
687 2291 1104 2366 gehennalibus,
1129 2301 1182 2349 et
1216 2291 1424 2360 anima,
1451 2299 1508 2348 et
1539 2305 1666 2347 cor-

81 2409 202 2466 pore
223 2393 279 2450 in
301 2404 574 2452 aeternum
600 2395 1008 2467 angustiantur,
1032 2395 1188 2467 juxta
1212 2395 1360 2467 quod
1405 2393 1463 2449 in
1513 2393 1664 2464 Apo-

83 2495 274 2568 calypsi
296 2495 572 2554 Dominus
594 2496 730 2553 dicit
761 2498 830 2554 ad
854 2507 1079 2556 sanctos
1107 2514 1262 2567 suos,
1314 2513 1343 2554 a
1387 2510 1664 2570 synagoga

84 2598 440 2670 reproborum
467 2606 732 2656 vexatos:
768 2619 787 2653 ι
832 2597 1082 2668 Reddite,
1131 2599 1330 2671 inquit,
1381 2599 1480 2668 illi,
1519 2599 1666 2656 sicut

81 2701 189 2770 ipsa
210 2699 452 2756 reddidit
478 2700 675 2768 vobis;
717 2708 772 2756 et
791 2700 1066 2772 duplicate
1095 2700 1335 2772 duplicia
1359 2700 1662 2757 secundum

81 2811 234 2871 opera
256 2800 407 2872 ejus.
445 2799 506 2858 lu
544 2800 743 2874 poculo
769 2800 919 2873 quod
968 2800 1192 2858 miscuit
1225 2802 1406 2869 vobis,
1434 2801 1665 2858 miscete

79 2895 150 2954 illi
167 2899 424 2972 duplum.
459 2899 739 2970 Quantum
762 2901 1090 2974 gloriﬁcavit
1132 2918 1213 2972 se,
1247 2913 1303 2960 et
1350 2904 1407 2961 in
1451 2903 1666 2962 deliciis

80 2999 192 3072 fuit,
212 3015 436 3065 tantum
461 3009 589 3066 date
613 3008 666 3066 ei
695 3017 1033 3067 tormentum
1052 3017 1110 3067 et
1143 3008 1355 3068 luctum
1413 3008 1660 3082 (Apocal.

78 3107 242 3180 nni).
283 3127 306 3162 ι

1768 618 1988 677 befacit.
2019 619 2088 677 Et
2124 629 2286 693 poeta
2327 639 2342 678 :
3169 647 3176 656 ί
3207 637 3210 645 ·

1838 711 2054 768 Iustius
2083 714 2290 770 inuidia
2315 713 2449 770 nihil
2483 723 2583 782 est,
2603 731 2723 787 quae
2742 714 2986 786 protinus
3015 717 3192 788 ipsum

1913 801 2197 861 Auctorem
2215 805 2391 878 punit,
2421 806 2796 880 exorat-iulans
2824 822 2998 864 suum.

1768 894 1837 953 Et
1869 896 2014 954 alius
2043 915 2059 953 :

1831 989 2049 1046 Invidia
2071 989 2242 1046 Siculi
2273 1007 2378 1046 non
2397 991 2638 1048 invenere
2676 993 2892 1064 tyranni

1826 1080 2009 1153 Hujus
2043 1091 2384 1140 tormentum.

1983 1172 2220 1245 (Hann.
2250 1173 2442 1247 Episl.‘
2466 1175 2563 1232 lib.
2596 1190 2636 1244 ι,
2661 1191 2806 1232 vers.
2837 1175 2926 1244 57,
2951 1176 3066 1251 58.)

1839 1264 2083 1323 Tertium
2113 1276 2200 1324 est
2225 1268 2566 1338 poenitentia,
2589 1267 2658 1324 de
2677 1284 2786 1340 qua
2807 1267 3156 1340 subjungitur
3180 1270 3354 1324 :intra

1767 1367 1823 1412 se
1842 1357 2170 1427 renitentes.
2214 1356 2361 1415 Sane
2386 1357 2626 1429 reprobi,
2657 1357 2754 1429 qui
2785 1359 2842 1414 in
2869 1359 2974 1414 hoc
3005 1359 3208 1415 seculo
3236 1373 3355 1429 pce-

1767 1448 1946 1504 nitere
1981 1449 2298 1516 noluerunt,
2343 1456 2495 1516 tunc,
2523 1447 2692 1506 velint
2734 1447 2932 1517 nolint,
2982 1448 3038 1504 in
3087 1459 3351 1504 aeternum

1767 1540 2135 1614 pmnitebunt.
2162 1538 2526 1610 Extorquebit
2546 1539 2693 1595 enim
2727 1540 2798 1596 ab
2830 1539 2913 1597 eis
2947 1541 3354 1611 pomitentiam,

1767 1635 1918 1702 hinc,
1933 1634 2150 1706 publica
2171 1631 2426 1688 confusio
2451 1639 2772 1688 cunctarum
2795 1631 3356 1704 turpitudinum,qna:

1767 1728 2025 1786 omnibus
2045 1726 2278 1798 patebit;
2303 1724 2464 1792 hinc,
2498 1723 2710 1780 inﬁnita
2753 1733 3152 1780 tormentorum
3186 1741 3350 1780 vesa-

1770 1820 1868 1877 tio.
1905 1818 2060 1876 Illius
2086 1818 2254 1892 igitur
2279 1815 2618 1890 paenitentiae
2652 1816 2934 1873 cruciatus
2979 1824 3134 1872 tanto
3175 1816 3357 1887 major

1764 1913 1870 1972 erit
1887 1913 2133 1980 interius,
2149 1920 2358 1982 quanto
2368 1909 2546 1981 major
2558 1908 2666 1966 erit
2687 1908 2930 1966 exterius
2955 1908 3356 1980 turpitudinum

1765 2006 1944 2079 pudor
1977 2005 2236 2062 omnibus
2269 2004 2658 2072 revelatarum,
2689 2010 2746 2060 et
2780 2003 3151 2076 irrogatorum
3185 2015 3356 2058 vexa-

1767 2099 1848 2155 tio
1882 2098 2302 2170 suppliciorum.
2331 2097 2607 2154 Caeterum
2638 2098 2962 2170 paenitentia
2995 2097 3086 2153 illa
3134 2096 3354 2169 penitus

1764 2193 1871 2250 erit
1919 2190 2286 2260 infructuosa,
2318 2207 2537 2263 poenam
2576 2205 2687 2246 non
2731 2191 3007 2257 minuens,
3033 2190 3128 2246 sed
3175 2188 3358 2260 dupli-

1763 2302 1935 2354 cans;
1969 2286 2026 2341 in
2053 2284 2270 2342 inferno
2295 2285 2442 2341 enim
2475 2285 2624 2340 nulla
2657 2284 2768 2340 erit
2799 2283 3124 2355 redemptio,
3152 2291 3206 2339 et
3229 2282 3352 2338 ideo

1764 2379 1915 2434 nulla
1948 2377 2191 2434 remedia
2221 2376 2296 2434 ibi
2322 2377 2503 2432 valere
2533 2384 2814 2447 poterunt.
2840 2373 3108 2442 Quartum
3141 2381 3226 2428 est
3245 2371 3352 2427 do-

1761 2471 1848 2527 lor
1875 2471 1944 2526 de
1969 2485 2082 2542 quo
2103 2470 2371 2541 sequitur,
2401 2477 2452 2525 et
2472 2484 2584 2540 pra:
2618 2468 2869 2540 angustia
2889 2467 3112 2538 spiritus
3147 2480 3356 2536 gemen-

1765 2573 1862 2621 tes.
1892 2562 2152 2620 Videntes
2174 2563 2376 2635 quippe
2413 2577 2473 2619 se
2515 2561 2665 2635 justo
2721 2560 2933 2632 judicio
2981 2559 3040 2614 in
3089 2566 3350 2613 aeternam

1763 2657 1904 2715 tradi
1927 2656 2338 2714 damnationem
2359 2697 2375 2722 ,
2409 2655 2501 2710 ubi
2542 2674 2564 2708 ι
2597 2652 2802 2710 vermis
2846 2667 2957 2707 non
3019 2649 3276 2716 moritur,
3297 2653 3352 2703 et

1763 2751 1908 2824 ignis
1944 2765 2054 2807 non
2099 2748 2471 2821 exstinguitur
2516 2743 2662 2820 (ιτα.
2713 2743 2884 2816 Lm),
2920 2763 2939 2798 ι
2995 2741 3190 2814 spiritu
3241 2753 3356 2811 pra:

1763 2844 1953 2902 dolore
1983 2842 2296 2914 angustiato
2332 2847 2636 2914 gementes,
2686 2837 3008 2910 plangentes
3053 2843 3110 2892 et
3138 2833 3354 2905 ejulan‘

1765 2946 1848 2994 tes
1877 2936 2146 3008 optabunt
2166 2933 2328 3002 mori,
2359 2932 2457 2990 sed
2477 2947 2629 2988 mors
2649 2930 2820 3003 fugiet
2848 2930 2920 2986 ab
2941 2927 3042 2986 eis.
3069 2925 3179 2983 Nos
3197 2940 3353 2998 ergo,

1767 3028 1970 3086 fratres
2009 3028 2138 3096 mei,
2171 3027 2304 3083 dum
2341 3026 2490 3094 licet,
2517 3025 2620 3082 has
2654 3039 2848 3096 poenas
2877 3021 3264 3092 anticipctuns,
3300 3025 3358 3073 et

1766 3123 1822 3182 in
1853 3123 2062 3179 bonum
2113 3121 2276 3178 nobis
2307 3129 2610 3188 vertamus,
2653 3111 2950 3174 timeamus
3001 3115 3150 3171 illam
3195 3121 3354 3168 a-ter-

145 3208 408 3268 Secundo
439 3208 892 3270 demonstrantur
933 3221 1174 3285 quatuor
1217 3212 1504 3287 supplicia,
1539 3227 1664 3285 qua:
1690 3241 1737 3305 ε
1767 3233 1896 3274 nam
1923 3215 2355 3282 damnationem,
2375 3222 2430 3271 et
2457 3212 2733 3280 timentes,
2757 3225 2990 3284 peccare
3021 3208 3352 3266 desistamns

86 3304 290 3376 reprobi
319 3305 651 3378 generaliter
677 3305 733 3362 in
771 3305 878 3363 alia
905 3307 1018 3363 vita
1047 3315 1178 3364 sunt
1205 3307 1424 3380 passuri
1473 3325 1486 3364 :
1540 3306 1664 3362 Pri-

87 3403 223 3453 mum
254 3406 341 3454 est
391 3405 592 3468 terror,
625 3398 692 3455 de
713 3413 825 3476 quo
868 3398 1125 3456 subditur
1157 3400 1430 3455 :uidentes
1478 3399 1663 3454 turba-

84 3487 266 3544 buntur
295 3491 491 3545 timore
517 3489 784 3546 horribili.
805 3488 979 3546 Porro
1005 3491 1061 3546 in
1091 3491 1197 3546 hoc
1221 3489 1370 3561 quod
1416 3488 1661 3560 praemit-

82 3578 160 3647 tit,
185 3580 447 3648 ridentes,
473 3581 618 3645 unde
641 3589 830 3639 tantus
860 3581 1028 3638 timor
1050 3582 1132 3638 eis
1161 3581 1396 3648 eveniat,
1433 3579 1663 3635 demon-

83 3680 226 3742 strat,
250 3674 542 3746 quoniam,
564 3691 634 3731 ex
660 3675 878 3732 visione
916 3674 1224 3746 majestatis
1252 3672 1522 3730 tremendi
1567 3671 1661 3743 ju-

84 3763 230 3836 dicis,
256 3777 310 3824 et
336 3765 591 3824 omnium
618 3777 936 3826 sanctorum
970 3783 1112 3842 quos
1154 3766 1419 3824 videbunt
1467 3772 1662 3823 contra

80 3872 138 3917 se
163 3860 490 3918 sententiam
516 3861 887 3920 damnationis
911 3863 1090 3931 ferre;
1116 3877 1184 3920 ex
1210 3861 1423 3918 visione
1440 3873 1662 3934 quoque

83 3951 401 4011 terribilium
424 3955 760 4024 dmmonum,
789 3957 990 4029 quibus
1014 3954 1280 4012 videbunt
1302 3970 1362 4011 se
1393 3954 1562 4022 tradi;
1587 3969 1661 4010 ex

82 4044 283 4104 visione
313 4047 487 4105 etiam
513 4047 866 4104 infernalium
897 4057 1299 4104 tormentorum
1336 4061 1459 4120 quae
1503 4047 1660 4104 vide-

82 4133 208 4192 bunt
229 4138 333 4196 sibi
362 4147 670 4212 praeparata
710 4155 852 4197 esse.
899 4139 1006 4198 Sed
1051 4140 1396 4213 maiestatem
1459 4137 1663 4196 summi

77 4224 266 4300 judicis
287 4239 741 4304 sanctorumque,
768 4232 1011 4299 nonnisi
1041 4224 1166 4289 ante
1184 4232 1472 4306 judicium,
1491 4231 1575 4289 vel
1606 4231 1663 4289 in

85 4317 196 4390 ipso
230 4322 448 4395 judicio
471 4323 755 4382 videbunt.
795 4324 1214 4398 Postjudieium
1242 4327 1390 4383 enim
1427 4325 1666 4383 nullate-

82 4427 179 4470 nus
203 4416 390 4474 videre
411 4426 672 4489 poterunt
691 4433 806 4476 eos.
839 4417 1117 4491 Scriptum
1142 4429 1228 4477 est
1258 4421 1404 4476 enim
1439 4439 1452 4475 :
1483 4439 1501 4472 ι
1532 4417 1656 4476 ΤοῙο

82 4502 218 4563 latur
245 4509 453 4584 impius
483 4527 553 4568 ne
580 4511 765 4569 videat
804 4513 1033 4587 gloriam
1080 4513 1177 4570 Dei
1229 4513 1369 4586 ()sa.
1413 4513 1584 4587 xxvi).
1636 4531 1656 4567 s

1763 3317 1819 3366 et
1838 3309 1977 3365 bene
1999 3323 2162 3382 agere
2191 3307 2530 3382 studeamus.
2562 3304 2914 3362 Admiremur
2952 3316 3083 3373 ergo
3132 3309 3354 3358 sancto-

1764 3418 1888 3458 rum
1912 3401 2170 3458 virtutem
2195 3409 2249 3456 et
2278 3398 2694 3466 beatitudinem,
2725 3413 2836 3452 non
2863 3410 2958 3457 per
2989 3393 3250 3448 invidiam
3296 3400 3358 3448 ut

1764 3491 2131 3564 reprobi,,sed
2159 3506 2258 3561 per
2280 3488 2685 3546 aemulationem
2721 3496 2776 3543 ct
2800 3485 3183 3541 imitationem.
3229 3480 3353 3538 Pe-

1763 3585 2039 3642 niteamus
2058 3584 2222 3640 etiam
2265 3582 2333 3638 de
2371 3581 2574 3638 nostris
2611 3579 2947 3644 excessibus,
2971 3586 3025 3632 et
3049 3577 3178 3632 dum
3208 3575 3355 3642 licet,

1766 3677 2027 3750 lacrymis
2049 3675 2404 3748 poenitentia,
2436 3682 2492 3730 et
2521 3673 2782 3744 operibus
2824 3668 3218 3726 misericordia:
3265 3667 3354 3723 illa

1765 3771 2124 3828 rcdimamus.
2157 3769 2454 3826 Doleamus
2478 3783 2698 3848 quoque
2738 3781 2840 3824 nos
2879 3763 3158 3838 peccando
3201 3774 3356 3819 :rter-

1763 3879 1895 3920 nam
1921 3864 2332 3920 damnationem
2355 3861 2747 3934 promeruisse.
2805 3859 2870 3915 Et
2893 3856 3174 3915 continuis
3202 3855 3358 3912 ιιυιο-

1763 3956 1922 4016 ribus
1951 3956 2120 4013 animi
2168 3965 2224 4012 et
2271 3952 2810 4026 compnnctiouibus,
2849 3961 3084 4008 aeternos
3137 3948 3359 4006 dolores

1765 4051 2130 4123 anticipemns
2155 4058 2210 4106 et
2229 4065 2259 4105 a
2287 4049 2447 4104 nobis
2470 4056 2807 4104 avertamus.
2841 4044 3216 4102 Pomiteamns
3245 4041 3357 4109 llic,

1764 4159 1836 4200 ne
1857 4142 1911 4199 in
1952 4150 2216 4198 aeternum
2245 4140 2318 4196 ibi
2347 4139 2732 4210 pmniteamns.
2791 4136 3098 4210 Lugeamus
3147 4133 3258 4202 hic,
3287 4145 3359 4188 ne

1764 4237 1840 4294 ibi
1871 4236 1928 4292 in
1951 4243 2216 4292 aeternum
2247 4234 2552 4306 lugeamus.

1837 4329 2025 4387 Tertio
2045 4327 2178 4402 quid
2201 4327 2420 4400 reprobi
2457 4327 2512 4383 in
2543 4327 2647 4383 alia
2671 4327 2781 4382 vita
2807 4325 2913 4382 sint
2931 4322 3361 4390 dicturi,osten—

1763 4421 1932 4490 ditur,
1963 4437 2088 4477 cum
2122 4419 2377 4478 subditur
2406 4438 2420 4475 :
2459 4418 2532 4473 lli
2557 4428 2680 4474 sunt
2701 4435 2830 4490 quos
2853 4415 3146 4489 aliquando
3169 4413 3356 4470 habui-

1767 4531 1884 4570 mus
1905 4516 1958 4570 in
1997 4514 2253 4582 derisum,
2277 4522 2330 4569 et
2365 4512 2418 4568 in
2450 4511 2881 4578 similitudinem,
2915 4509 2966 4566 id
3003 4519 3106 4574 est,
3133 4505 3362 4578 parabo~

84 4596 258 4658 Sancti
305 4619 442 4662 vero
480 4605 746 4678 reprobos
773 4604 829 4662 in
870 4607 1160 4665 tormentis
1207 4623 1424 4680 semper
1476 4606 1664 4664 videre
1693 4601 1743 4665 Β
1767 4613 1877 4667 iam
1912 4610 2241 4682 improperii.
2284 4608 2398 4664 Nos
2425 4606 2704 4674 insensati,
2731 4607 2893 4660 vitam
2940 4602 3156 4658 illorum
3207 4600 3358 4654 testi-

83 4704 352 4767 poterunt,
377 4707 657 4771 quatenus
678 4699 926 4756 videntes
955 4699 1244 4772 supplicia,
1273 4701 1361 4755 vel
1387 4716 1510 4772 quae
1533 4715 1662 4770 pec-

84 4787 251 4844 cando
281 4789 388 4862 ipsi
412 4789 768 4847 incurrerunt
795 4799 852 4847 et
881 4807 1004 4862 quae
1029 4790 1133 4862 ipsi
1173 4800 1490 4858 evaserunt,
1515 4805 1662 4847 sem-

81 4893 171 4949 per
191 4898 388 4940 causas
410 4884 781 4956 glorilicandi,
806 4892 862 4940 et
887 4883 1018 4940 hinc
1065 4883 1159 4940 Dei
1200 4883 1660 4952 misericordiam,

85 4973 202 5034 inde
225 4978 320 5036 Dei
339 4979 612 5050 justitiam
643 4980 993 5037 eollaudandi
1033 4981 1289 5037 habeant.
1343 4976 1660 5036 Secundum

85 5072 404 5143 supplicium
427 5091 510 5132 est
543 5074 767 5142 invidia,
799 5073 866 5131 de
887 5090 996 5147 qua
1019 5073 1292 5141 subditur,
1305 5083 1354 5130 et
1380 5072 1658 5129 mirabun-

86 5170 186 5232 lur,
207 5165 261 5223 id
282 5177 385 5236 est,
411 5169 675 5226 mirantes
701 5167 905 5224 invidia
939 5169 1334 5226 cruciabuntur
1374 5169 1432 5224 in
1455 5167 1659 5222 subita-

89 5252 220 5310 tione
240 5257 520 5328 insperata:
547 5259 762 5328 salutis,
789 5259 1040 5316 nascitur
1061 5259 1210 5316 enim
1241 5257 1445 5314 invidia
1468 5273 1534 5313 ex
1563 5257 1658 5312 ad-

87 5344 365 5407 miratione
387 5361 440 5407 et
470 5367 538 5408 ex
584 5350 731 5409 odio.
777 5351 917 5420 Quia
965 5365 1203 5423 namque
1256 5350 1498 5422 reprobi,
1535 5349 1660 5406 illos

87 5453 220 5510 quos
247 5443 492 5510 oderant,
518 5445 782 5506 videbunt
805 5445 990 5502 subito
1034 5454 1090 5502 et
1114 5461 1182 5502 ex
1211 5445 1486 5516 insperato
1513 5443 1659 5516 apud

90 5529 250 5608 Deum
298 5537 661 5609 glorilicatos,
703 5539 907 5596 invidia
954 5538 1348 5595 crueiabuntur
1411 5537 1581 5606 intus,
1609 5545 1666 5594 et

91 5622 384 5698 labeseeut,
397 5631 694 5689 sentientes
716 5631 843 5690 inde
871 5640 953 5688 tot
973 5641 1029 5688 et
1065 5639 1245 5687 tantas
1271 5630 1662 5698 cruciationes,

91 5728 218 5784 Quot
242 5728 298 5778 et
323 5725 553 5793 quantas
576 5723 838 5782 videbunt
883 5725 937 5783 in
978 5723 1187 5782 sanctis
1215 5723 1659 5796 gloriﬁcationes.

91 5807 356 5872 Quantum
383 5817 527 5873 enim
556 5819 888 5890 supplicium
919 5819 992 5874 sit
1011 5818 1217 5873 invidia
1241 5817 1483 5874 ostendit
1512 5817 1662 5874 Salo-

92 5913 210 5958 mon
225 5903 409 5968 dicens
435 5927 447 5963 :
485 5927 502 5962 ι
529 5907 768 5965 Putredo
791 5909 1022 5978 ossium,
1048 5909 1254 5966 invidia
1276 5908 1459 5981 (Prov.
1480 5909 1612 5966 xiv).
1639 5929 1656 5962 ι

1765 4703 2041 4758 mabamus
2064 4701 2354 4769 insaniam,
2391 4709 2441 4756 et
2495 4701 2652 4771 ﬁnem
2691 4697 2910 4752 illorum
2971 4693 3084 4747 sine
3138 4692 3357 4750 honore.

1767 4793 1920 4864 Quos
1942 4793 2090 4850 enim
2135 4793 2190 4849 in
2228 4793 2337 4850 hoc
2371 4792 2575 4849 saeculo
2602 4790 2876 4862 sapientes
2909 4795 2956 4842 ct
2985 4784 3188 4856 justos,
3219 4780 3358 4837 insi-

1764 4891 1978 4963 pientes
2013 4904 2137 4946 esse
2163 4887 2456 4960 putabant,
2480 4895 2615 4942 tunc
2641 4883 2698 4940 in
2733 4880 3092 4939 retributione
3119 4892 3180 4933 se
3195 4889 3360 4932 econ-

1764 4983 1938 5040 trario
1974 4982 2320 5054 insipientes,
2345 4988 2399 5035 et
2432 4985 2657 5034 sanctos
2694 4975 2995 5044 intelligent
3042 4970 3214 5027 fuisse
3255 4983 3349 5025 sa-

1769 5078 2004 5150 pientes.
2035 5075 2096 5132 ln
2136 5091 2249 5148 quo
2271 5070 2732 5131 considerandum
2754 5079 2838 5124 est
2853 5068 3112 5140 quoniam
3139 5065 3360 5136 rcprobt

1771 5169 1827 5226 in
1849 5170 1956 5226 alia
1983 5169 2096 5225 vita
2121 5168 2269 5224 vires
2297 5166 2498 5222 animae
2517 5173 2573 5221 et
2600 5177 2798 5220 sensus
2836 5159 3085 5230 corporis
3117 5159 3360 5229 integros

1769 5261 1881 5317 sint
1913 5259 2179 5316 habituri.
2225 5257 2520 5315 Habebunt
2556 5255 2778 5328 quidem
2831 5253 3098 5326 integram
3148 5265 3362 5308 memo-

1768 5353 1934 5420 riam,
1986 5359 2050 5408 ut
2099 5352 2460 5414 recordantes
2511 5364 2677 5422 quam
2745 5345 3067 5420 insipienter
3113 5355 3168 5402 et
3219 5343 3364 5400 male

1768 5462 1830 5503 se
1891 5444 2205 5502 habuerunt
2252 5443 2520 5500 adversus
2565 5448 2808 5509 sanctos,
2860 5439 3039 5512 magis
3092 5436 3217 5493 inde
3255 5451 3362 5509 pu-

1767 5539 2012 5595 niantur.
2063 5535 2356 5594 Habebunt
2401 5544 2458 5593 et
2505 5535 2774 5608 integram
2828 5533 3120 5600 rationem,
3156 5537 3219 5586 ut
3269 5529 3361 5584 in~

1767 5631 2076 5705 telligentes
2121 5645 2184 5690 se
2227 5628 2377 5702 juste
2439 5627 2736 5696 damnari,
2784 5625 2967 5698 iustos
3026 5636 3160 5680 vero
3211 5620 3362 5692 justo

1768 5724 1993 5792 salvari,
2041 5725 2220 5798 magis
2268 5723 2394 5780 inde
2443 5722 2766 5795 puniantur.
2818 5715 3106 5775 Habebunt
3160 5724 3215 5769 et
3271 5713 3354 5769 in-

1769 5827 1977 5892 tegram
2009 5818 2435 5890 providentiam,
2467 5825 2742 5888 quatenus
2785 5810 3146 5885 prmvidentes
3199 5821 3357 5862 suam

1768 5909 2178 5968 damnationem
2201 5918 2255 5968 et
2270 5908 2549 5983 justorum
2579 5903 2994 5968 beatitudinem,
3031 5897 3210 5972 magis
3234 5895 3365 5962 inde
