3820 6312
470 368 612 430 1563

1732 362 2095 433 Μυυωῌι
2118 363 2465 425 ARDENTIS

3560 378 3659 440 ιω

470 483 796 559 puniantur.
828 478 1121 539 Habebunt
1147 479 1397 541 similiter
1429 489 1483 539 et
1504 480 1778 554 integrum
1808 482 2058 553 corporis
2084 479 2133 539 Δ
2157 481 2284 539 diue
2309 484 2617 553 sublimari,
2650 485 2917 545 honorari
2934 496 2995 544 et
3016 486 3242 559 gloriari
3272 503 3368 560 per
3384 488 3662 557 iam

467 579 669 643 visum,
716 583 988 647 quatenus
1040 576 1288 633 videntes
1340 576 1597 633 horrores
1634 576 1944 635 daemonum
1996 586 2051 635 et

469 669 886 742 suppliciorum,
923 669 1100 741 magis
1138 669 1263 726 inde
1314 669 1631 739 puniantur.
1662 656 1951 727 Habebunt
1997 679 2054 727 et

469 760 744 832 integrum
801 761 1073 828 auditum,
1123 769 1395 832 quatenus
1436 761 1732 839 audientes
1788 763 2053 823 stridores

467 862 872 911 tormentorum
895 856 1218 927 rugitusque
1254 854 1678 923 daemoniorum,
1716 855 1893 928 magis
1925 855 2053 915 inde

468 947 788 1019 puniantur.
816 944 1104 1004 Habebunt
1123 954 1178 1002 et
1198 945 1472 1018 integrum
1516 955 1759 1019 gustum,
1790 946 2052 1019 quoniam

468 1047 756 1111 gustantes
775 1038 1119 1094 omnimodas
1142 1037 1561 1106 amaritudines,
1588 1039 1765 1111 magis
1799 1039 1925 1095 inde
1950 1056 2054 1111 pu-

470 1131 713 1186 niantur.
745 1128 896 1185 Unde
913 1137 970 1187 et
1002 1130 1156 1186 dives
1178 1136 1535 1203 purpuratus,
1560 1131 1614 1186 in
1666 1130 1883 1188 inferno
1937 1141 2056 1203 gut-

471 1229 583 1277 tam
605 1237 762 1292 aqua
788 1237 819 1276 a
849 1220 1019 1291 digito
1041 1219 1234 1277 Lazari
1257 1222 1325 1278 ad
1348 1222 1783 1293 refrigerandum
1807 1224 2051 1296 linguam

470 1328 632 1369 suam
661 1314 923 1382 postulat,
957 1314 1049 1370 sed
1083 1329 1193 1369 non
1223 1316 1449 1385 accipit,
1481 1331 1550 1371 eo
1576 1316 1726 1387 quod
1756 1316 2056 1389 recepisset

465 1404 612 1463 bona
642 1405 697 1461 in
715 1405 823 1461 vita
839 1414 1029 1475 sua,et
1045 1406 1288 1463 Lasarus
1304 1407 1563 1464 similiter
1574 1408 1716 1465 mala
1743 1408 1898 1478 (Luc.
1917 1408 2051 1480 xvi).

468 1494 761 1567 Habebunt
785 1508 841 1554 et
864 1499 1141 1570 integrum
1172 1499 1484 1567 odoratum,
1508 1508 1786 1571 quatenus
1816 1501 2056 1557 odoran-

475 1597 558 1651 tes
592 1591 920 1649 omnifarios
973 1591 1192 1661 fetores,
1215 1593 1391 1665 magis
1426 1593 1553 1650 inde
1590 1596 1906 1665 puniantur.
1941 1594 2053 1651 lla-

466 1681 678 1743 behunt
721 1693 777 1739 et
824 1684 1096 1757 integrum
1155 1694 1384 1754 tactum,
1440 1697 1719 1758 quatenus.
1757 1690 2057 1749 sentientes

465 1784 693 1831 cunctas
713 1776 1104 1846 suppliciorum
1126 1779 1471 1850 asperitates,
1486 1780 1659 1852 magis
1676 1781 1803 1839 inde
1819 1783 2053 1853 punian»

2152 589 2251 637 nes
2268 589 2459 631 eorum
2484 590 2812 635 mereamur.
2836 578 3033 634 Amen.

2874 669 2994 727 XX.

2331 775 2685 823 νιυιιιιιοιιιιι.
2699 777 3035 826 ωτῐισκ.
3077 778 3356 821 ΒΕΙΙΟΑὭΕ
3399 781 3535 831 ιω.

2222 850 2377 909 Dixit
2388 851 2548 909 Iesus
2568 855 2853 926 discipulis
2876 856 3022 910 suis:
3046 856 3153 921 Qui
3176 871 3265 911 vos
3290 858 3437 917 audit
3456 864 3672 931 meruit,

2151 951 2203 1005 st
2222 946 2425 1019 quinos
2447 948 2753 1017 sperniLme
2777 950 3014 1019 spernit;
3052 949 3146 1019 qui
3178 957 3358 1005 autem
3386 967 3462 1004 ste
3502 958 3674 1024 spernit,

2152 1039 2355 1107 spernit
2375 1055 2495 1094 euut
2517 1042 2611 1111 qui
2639 1056 2720 1095 tne
2742 1042 2888 1096 misit
2916 1040 3072 1114 (Luc.
3107 1043 3188 1113 ι),
3221 1050 3279 1099 et
3317 1043 3530 1114 reliqua.
3568 1046 3676 1113 Qua-

2152 1128 2441 1200 dripartita
2458 1141 2544 1188 est
2572 1132 2688 1188 haec
2712 1133 2893 1200 lectio,
2923 1132 3123 1190 fratres
3150 1132 3473 1190 mei.Primo
3492 1152 3677 1209 nataque

2154 1221 2377 1279 mittens
2414 1222 2684 1282 Dominus
2735 1227 3081 1298 septuaginta
3131 1227 3276 1283 duos
3318 1227 3388 1283 ad
3433 1228 3679 1297 pradicas-

2154 1312 2309 1382 dun,
2329 1314 2633 1373 dicitseet
2662 1315 2881 1375 Patrem
2904 1318 2961 1373 in
2989 1318 3075 1374 eis
3114 1318 3211 1374 vel
3232 1319 3429 1385 audiri,
3475 1320 3551 1375 vel
3582 1337 3684 1378 cos-

2154 1405 2347 1473 temni,
2369 1422 2497 1464 cum
2516 1408 2693 1464 dicit:
2727 1408 2834 1475 Qui
2862 1424 2950 1463 eos
2976 1409 3137 1464 audit
3183 1425 3268 1465 uno
3307 1411 3591 1477 audit,;etc.
3638 1412 3683 1473 la

2156 1493 2244 1551 his
2268 1495 2452 1553 verbis
2476 1496 2742 1555 Dominus
2760 1496 2923 1555 Jesus
2947 1499 3052 1555 tria
3076 1499 3691 1569 demonstrabam».

3698 698 3729 737 ο

2156 1585 2353 1644 delicet
2376 1589 2525 1660 quod
2541 1589 2798 1662 discipuli
2822 1591 2910 1648 sui
2934 1606 3531 1664 .eornmquesequaces
3548 1595 3688 1652 vise-

2155 1677 2279 1749 ejus
2302 1679 2357 1736 in
2392 1679 2634 1739 Ecclesia
2661 1691 2902 1751 teneant,
2929 1692 2985 1748 et
3011 1684 3160 1755 quod
3183 1684 3309 1743 ideo
3338 1686 3437 1753 illi,
3460 1687 3602 1757 hujus
3622 1690 3687 1744 vi-

2156 1772 2339 1840 cariae,
2356 1773 2555 1845 dignos
2571 1777 2886 1845 omnino-se
2906 1777 3142 1835 debeant
3162 1793 3490 1849 praeparare,
3506 1788 3557 1835 et
3574 1782 3687 1850 quod

467 1873 576 1933 tur.
602 1865 661 1922 In
686 1844 902 1924 cunctis
923 1870 1125 1941 quippe
1150 1844 1469 1941 punientur,
1501 1844 1681 1943 quiin
1709 1844 1924 1932 cunctis
1952 1874 2053 1935 de-
2081 1844 2130 1907 Β
2157 1844 2478 1930 subditireis
2502 1844 2887 1927 omnimodam.
2912 1844 3530 1927 reverentiam—debeant
3562 1844 3687 1927 eihi-

466 1956 766 2027 liquerunt.
803 1958 977 2022 Porro
1000 1960 1055 2016 in
1081 1961 1185 2018 hoc
1213 1963 1361 2033 quod
1394 1964 1567 2032 aiunt,
1585 1964 1640 2020 hi
1654 1975 1775 2023 sunt
1801 1983 1932 2038 quos
1950 1966 2056 2023 ali-

467 2051 680 2122 quando
695 2051 972 2109 habuimus
1001 2054 1056 2109 in
1092 2053 1347 2120 derisum,
1375 2057 1672 2114 ostendunt
1699 2073 1760 2115 se
1782 2057 1962 2128 justus
1995 2060 2054 2123 in

468 2141 573 2200 hac
609 2143 721 2198 vita
750 2146 1167 2216 contempsisse.
1190 2146 1301 2203 Eos
1320 2148 1466 2205 enim
1511 2166 1652 2221 quos
1699 2159 2058 2214 contemnunt

472 2233 748 2305 homines,
778 2237 1043 2295 derident.
1070 2236 1129 2295 In
1158 2240 1264 2297 hoc
1300 2257 1429 2299 vero
1454 2242 1601 2312 quod
1647 2243 1838 2309 dicunt
1868 2260 1928 2300 se
1955 2260 2054 2303 eos

471 2327 731 2386 habuisse
757 2329 812 2384 in
840 2332 1157 2401 parabolam
1206 2333 1522 2405 improperii
1565 2335 1944 2393 demonstrant
1995 2353 2056 2394 se

466 2436 564 2478 eos
584 2421 711 2477 odio
741 2422 1020 2480 habuisse.
1055 2423 1185 2482 Illos
1208 2425 1354 2481 enim
1376 2441 1519 2497 quos
1554 2427 1682 2483 odio
1712 2428 1912 2487 habent
1957 2444 2057 2501 per

467 2515 782 2586 parabolam
811 2517 1203 2590 improperant,
1226 2528 1282 2576 et
1320 2536 1451 2577 suas
1476 2520 1820 2578 infirmitates
1858 2532 1913 2579 et
1954 2538 2054 2587 ex-

466 2622 657 2675 cessus
686 2608 769 2666 eis
784 2609 1083 2680 objectant,
1110 2619 1170 2667 ut
1206 2631 1227 2665 t
1260 2612 1398 2669 alios
1426 2613 1609 2669 salvos
1634 2613 1784 2681 fecit,
1811 2613 2057 2685 seipsum

468 2714 581 2755 non
606 2710 784 2770 potest
804 2703 1017 2759 salvum
1042 2702 1222 2769 facere
1241 2704 1462 2775 (Matth.
1496 2707 1689 2776 xxvn),
1727 2725 1747 2758 ι
1777 2717 1833 2780 et
1859 2707 2056 2778 hujus-

468 2791 651 2847 mori.
668 2791 728 2847 lu
750 2794 857 2850 hoc
879 2810 1101 2866 quoque
1123 2796 1271 2867 quod
1294 2796 1503 2865 dicunt,
1532 2814 1625 2854 nos
1651 2798 1931 2867 insensati,
1971 2800 2053 2853 oi—

468 2891 578 2938 tant
620 2885 840 2941 illorum
889 2889 1286 2945 wstimabnmus
1326 2892 1623 2959 insaniam,
1647 2892 1948 2953 ostendunt
1991 2908 2054 2950 se

468 2987 653 3029 niores
675 2982 730 3031 et
759 2976 926 3032 vitam
955 2987 1270 3035 sanctorum
1298 2987 1559 3052 tanquam
1582 2982 1856 3041 insaniam
1902 2983 2054 3040 devi-

469 3069 638 3127 tasse,
677 3072 734 3120 et
757 3066 925 3123 vitam
954 3069 1036 3126 eis
1064 3072 1397 3128 contrariam
1419 3072 1699 3130 dilexisse.
1748 3073 1817 3129 Et
1868 3075 2057 3145 ﬁnem,

469 3149 668 3222 inquit,
700 3155 916 3213 illorum
936 3159 1049 3215 sine
1066 3160 1288 3230 honore;
1313 3178 1438 3219 cum
1470 3162 1617 3219 enim
1655 3164 1911 3221 videbant
1959 3180 2050 3223 re-
2079 3201 2129 3266 Ο

468 3246 626 3315 probi
643 3258 863 3307 sanctos
889 3251 978 3308 hic
1000 3253 1171 3309 multa
1191 3255 1322 3326 pati,
1346 3268 1401 3312 et
1428 3271 1525 3327 per
1567 3256 1951 3314 trihulationes
1998 3266 2059 3318 et

468 3345 758 3409 tormenta,
790 3349 1049 3414 tanquam
1075 3344 1397 3414 homicidas,
1418 3348 1487 3403 ab
1516 3346 1622 3404 hac
1642 3348 1754 3404 vita
1777 3347 2054 3421 demigra-

467 3446 548 3500 re,
572 3438 628 3488 et
651 3449 882 3506 corpora
917 3450 1109 3493 eorum
1138 3438 1225 3494 vel
1270 3437 1556 3495 inhumata
1581 3438 1714 3496 feris
1754 3449 1809 3497 et
1858 3441 2057 3498 avibus

468 3524 717 3594 exposita
737 3540 879 3592 esse,
904 3527 987 3583 vel
1015 3527 1109 3583 vili
1132 3528 1328 3585 tradita
1355 3531 1685 3605 sepulturae,
1711 3531 2061 3601 aestimabant

469 3622 697 3670 mortem
727 3630 918 3673 eorum
947 3632 1069 3676 esse
1092 3619 1359 3690 abjectam
1384 3628 1439 3676 et
1479 3620 1600 3687 sine
1623 3621 1851 3690 honore,
1868 3623 2055 3681 miseri

467 3706 773 3765 nescientes
805 3727 824 3761 ι
845 3711 1107 3781 quoniam
1130 3727 1227 3783 per
1263 3696 1465 3769 multas
1487 3712 1865 3771 tribulationes
1892 3729 2056 3785 opor-

466 3804 544 3853 tet
564 3814 664 3853 nos
689 3798 894 3857 intrare
922 3802 980 3857 in
1009 3819 1237 3874 regnum
1269 3797 1546 3861 calorum
1594 3804 1735 3877 (Act.
1762 3806 1898 3875 xxv),
1933 3825 1955 3860 ι
2000 3814 2057 3864 et

467 3888 617 3961 quod
667 3905 896 3961 corpora
922 3904 1239 3950 sanctorum
1266 3895 1579 3968 ubicunque
1600 3905 1654 3953 et
1680 3898 2055 3968 qualitercun-

468 3991 577 4047 que
603 3978 713 4034 sint
738 3981 938 4051 posita,
964 3982 1017 4038 in
1047 4000 1181 4056 pace
1205 3985 1417 4056 sepulta
1440 3994 1589 4055 sunt,
1615 3996 1671 4044 et
1697 3988 1921 4049 nomina
1961 4004 2057 4053 eo-

470 4085 593 4125 rum
627 4071 819 4130 vivunt
849 4073 905 4129 in
933 4083 1198 4135 mtcrnum
1226 4076 1418 4145 (Ereti.
1455 4079 1622 4152 XLVI).
1656 4079 1884 4149 Mortem
1925 4097 2060 4144 vera

468 4159 700 4216 divitum
743 4171 799 4218 et
833 4173 1114 4234 potentum
1152 4166 1318 4238 hujus
1346 4169 1554 4237 saeculi,
1603 4185 1670 4227 eo
1715 4172 1862 4243 quod
1914 4173 2057 4235 inter

465 4249 705 4319 divitias,
728 4262 782 4308 et
811 4255 1092 4327 obsequia,
1122 4258 1482 4331 planctusque
1503 4275 1728 4317 suorum
1751 4263 2057 4323 amicorum

468 4344 891 4435 moriuntur-pet
915 4364 1040 4405 cum
1067 4366 1230 4422 pruna
1263 4361 1317 4407 et
1342 4369 1543 4426 pompa
1572 4356 1930 4426 sepeliuntur,
1948 4374 2054 4430 pu-

470 4445 589 4492 tant
614 4455 737 4495 esse
763 4441 819 4495 in
849 4441 1079 4509 honore,
1105 4443 1419 4515 ignorantes
1450 4448 1713 4518 quoniam
1765 4449 1909 4506 sicut
1943 4449 2053 4506 Lao-

474 4543 639 4585 zarus
676 4530 743 4587 de
768 4531 1112 4631 sterquilinio
1137 4534 1207 4631 ab
1235 4538 1444 4609 angelis
1471 4538 1540 4595 ad
1569 4538 1781 4594 beatam
1812 4540 2057 4611 requiem
2081 4571 2134 4631 Β

464 4630 735 4692 portatur,
772 4624 846 4680 ita
876 4634 931 4682 et
950 4626 1105 4684 dives
1141 4628 1209 4684 de
1241 4645 1518 4701 purpureo
1546 4631 1688 4687 lecto
1723 4646 1755 4688 a
1799 4632 2058 4688 daemoni-

464 4711 646 4769 bus'in
681 4713 953 4771 infernum
995 4718 1366 4790 praecipitatur
1412 4719 1563 4791 (Luc.
1597 4721 1734 4792 xvi).
1780 4721 2055 4791 Quomodo

464 4821 609 4877 ergo,
632 4806 909 4878 inquiunt,
936 4820 1310 4881 computantur
1331 4812 1471 4865 inter
1497 4811 1639 4881 ﬁlios
1664 4809 1797 4879 Dei,
1833 4822 1882 4867 et
1919 4813 2057 4869 inter

464 4906 677 4953 sanctos
699 4917 812 4955 sors
832 4900 1049 4957 illorum
1083 4904 1207 4957 est?
1243 4902 1310 4958 Et
1337 4918 1460 4971 nos,
1490 4903 1723 4960 subaudi
1748 4905 1890 4961 inter
1911 4908 2055 4966 ﬁlios

465 4985 585 5057 Dei,
621 5000 1026 5062 computamur,
1040 5001 1096 5049 et
1110 5009 1232 5049 sors
1260 5002 1448 5049 nostra
1478 4993 1617 5050 inter
1636 4995 1921 5054 damnatos
1942 5007 2047 5054 est.

464 5076 735 5136 Mirantur
782 5081 1055 5153 siquidem
1098 5100 1211 5154 pra:
1254 5083 1457 5141 invidia
1505 5086 1863 5157 tabescentes,
1911 5107 2052 5162 quo-

464 5173 630 5228 modo
655 5173 731 5226 illi
756 5173 823 5228 de
856 5182 1008 5233 tanta
1037 5174 1243 5231 vilitate
1272 5176 1337 5232 ad
1384 5185 1590 5234 tantam
1620 5179 1872 5252 gloriam,
1903 5191 1958 5237 et
1983 5182 2053 5238 de

464 5270 613 5337 tanta
644 5263 935 5339 afﬂictione
974 5266 1042 5321 ad
1087 5274 1292 5323 tantam
1339 5268 1750 5339 beatitudinem,
1786 5271 1854 5328 de
1888 5274 2053 5330 tantis

463 5353 724 5426 lacrymis
755 5355 823 5410 ad
857 5363 1001 5412 tanta
1040 5358 1267 5431 gaudia;
1307 5370 1362 5417 et
1410 5363 1744 5429 eeontrario,
1775 5366 2052 5435 quomodo

465 5442 569 5515 ipsi
606 5445 674 5501 de
698 5454 847 5502 tanta
868 5449 1059 5506 mundi
1087 5438 1259 5525 gloi-ia
1290 5454 1356 5511 ad
1405 5464 1613 5511 tantam
1655 5456 1957 5526 miseriam,
1980 5459 2048 5516 de

465 5542 620 5593 tanta
649 5540 1012 5612 prosperitate
1048 5544 1116 5599 ad
1162 5551 1371 5601 tantam
1404 5547 1768 5614 vexationem,
1799 5549 1865 5605 de
1895 5557 2048 5606 tanto

465 5632 665 5703 gaudio
686 5635 752 5691 ad
776 5641 953 5692 tantas
983 5638 1253 5712 laenymas
1299 5651 1597 5714 potuerunt
1644 5643 1919 5702 devenire.
1972 5645 2047 5704 Ea

468 5736 706 5799 propter,
732 5728 927 5788 fratres
954 5734 1080 5802 mei,
1110 5734 1301 5803 vitam,
1332 5751 1513 5792 mores
1534 5738 1602 5792 ad
1625 5738 1791 5793 vitam
1826 5749 2045 5795 sancto-

469 5836 588 5879 rum
622 5823 900 5882 imitemur
920 5833 1189 5900 quatenus
1219 5843 1344 5884 cum
1368 5830 1448 5886 eis
1486 5829 1537 5884 in
1568 5838 1769 5886 aeterm
1810 5831 2042 5888 beatitu-

2154 1958 2303 2019 bere.
2328 1958 2501 2016 Porro
2523 1960 2578 2015 in
2610 1960 2806 2030 tribus,
2827 1961 3018 2018 vicarii
3063 1960 3278 2019 Christi
3321 1962 3491 2018 vicem
3519 1962 3621 2032 ejus
3638 1965 3682 2018 in

2154 2050 2399 2110 Ecclesia
2433 2062 2640 2122 tenent,
2689 2054 2747 2110 in
2791 2055 3123 2122 eruditione,
3167 2054 3225 2110 in
3276 2062 3693 2111 sacramentorum

2154 2145 2588 2217 dispensatione,
2613 2146 2668 2202 in
2715 2147 2916 2220 ligandi
2953 2147 3315 2219 solvendique
3363 2157 3616 2218 potestate
3644 2146 3695 2202 ιι

2155 2236 2357 2307 quibus
2380 2236 2685 2308 intelligant
2707 2253 2766 2293 se
2793 2252 2904 2309 non
2934 2238 3335 2313 auctorestsed
3377 2246 3571 2293 tantum
3607 2239 3687 2293 mi-

2155 2325 2384 2393 nistros,
2403 2326 2560 2397 juxta
2589 2325 2721 2387 illud
2745 2324 2899 2380 Pauli
2936 2345 2949 2381 :
2993 2345 3013 2379 ‹
3045 2325 3140 2381 Sic
3159 2340 3264 2381 nos
3281 2325 3688 2382 existimetbomo

2157 2426 2214 2473 ut
2248 2416 2534 2473 ministros
2555 2416 2780 2485 Christi,
2806 2426 2859 2473 et
2886 2418 3298 2487 dispensatores
3314 2416 3687 2472 ministeriorum

2158 2508 2255 2565 Dei
2284 2507 2339 2581 (Ι
2373 2508 2498 2566 Cor.
2541 2508 2635 2580 Iv).
2668 2530 2686 2562 ι
2730 2509 2789 2564 In
2819 2510 3013 2576 triLus,
3055 2507 3264 2564 Christi
3311 2508 3492 2564 vicarii
3535 2507 3689 2579 dignos

2155 2601 2277 2674 ejus
2297 2602 2516 2658 vicariae
2544 2617 2603 2659 se
2628 2602 2826 2658 debent
2852 2602 3113 2657 exhibere
3137 2601 3218 2657 :in
3250 2601 3509 2667 doctrina,
3526 2600 3688 2665 invita,

2156 2693 2212 2749 in
2237 2694 2557 2750 intentione.
2574 2691 2633 2748 In
2655 2693 2934 2760 doctrina,
2966 2701 3029 2748 ut
3055 2708 3167 2771 non
3196 2693 3385 2758 aliam,
3412 2693 3499 2749 sed
3523 2690 3687 2748 Christi

2154 2787 2460 2843 doctrinam
2498 2787 2829 2858 praedicent;
2882 2787 2936 2841 in
2992 2786 3129 2853 vita,
3159 2794 3221 2841 ut
3274 2801 3387 2841 non
3426 2785 3589 2850 aliam,
3612 2785 3689 2840 sed

2154 2880 2361 2938 Christi
2385 2882 2552 2937 vitam
2576 2890 2632 2937 et
2656 2896 2841 2936 mores
2864 2894 2964 2951 pro
2986 2892 3151 2950 posse
3172 2893 3281 2934 suo
3298 2886 3535 2944 teneant;
3554 2879 3603 2932 in
3618 2878 3691 2930 is-

2159 2972 2424 3040 tentione,
2458 2981 2519 3029 ut
2543 2987 2653 3028 non
2676 2987 2862 3037 suam,
2884 2971 2980 3028 sed
3022 2970 3230 3027 Christi
3260 2970 3487 3043 gloriam
3522 2979 3572 3025 et
3591 2970 3692 3024 ni-

2153 3079 2368 3120 marum
2393 3064 2626 3120 salutem
2649 3070 2920 3133 quaerant.
2938 3060 3093 3117 Unde
3110 3061 3412 3118 Dominus:
3440 3081 3460 3114 ι
3483 3060 3697 3129 Quintilii

2155 3156 2355 3229 inquit,
2379 3156 2674 3224 ministrat,
2692 3171 2780 3212 me
2808 3163 3071 3227 sequatur
3093 3153 3278 3226 (Joan.
3298 3153 3418 3225 xu).
3443 3174 3463 3207 ι
3483 3152 3537 3208 ln
3554 3154 3699 3209 tribus

2155 3249 2411 3308 similiter
2432 3248 2634 3306 subditi
2667 3248 2887 3321 debent,
2898 3248 3262 3305 reverentiam
3285 3245 3537 3303 exhibere
3573 3246 3697 3300 rica.

2153 3341 2256 3400 riis
2282 3339 2508 3408 Christi,
2536 3341 2592 3396 in
2628 3340 2962 3408 obedientia,
2994 3340 3050 3414 ip
3082 3341 3326 3407 honore,
3350 3340 3406 3395 in
3437 3336 3699 3411 stipendio-

2153 3451 2276 3491 rum
2303 3434 2686 3505 temporalium
2713 3430 3529 3509 ministratione,<ut,~videlicet
3554 3431 3604 3485 in
3630 3428 3701 3483 rio

2154 3528 2323 3589 cariis
2366 3527 2575 3585 Christi
2606 3525 2887 3583 Christum
2928 3525 3234 3593 honorent,
3254 3522 3479 3581 Christo
3526 3520 3703 3578 submi-

2155 3619 2408 3688 nistrent,
2434 3616 2656 3676 Christo
2678 3617 2952 3676 obedient.
2989 3616 3149 3684 Quod
3197 3615 3246 3674 si
3292 3615 3482 3672 vicarii
3528 3612 3704 3669 Christi

2154 3711 2465 3770 doctrinam
2494 3709 2702 3767 Christi
2735 3724 2848 3766 non
2883 3718 3127 3777 teneant,
3166 3708 3287 3781 jam
3334 3722 3451 3767 non
3482 3706 3605 3762 dicit
3636 3704 3703 3759 eis

2152 3800 2430 3869 Christus,
2477 3800 2583 3868 Qui
2622 3818 2710 3857 vos
2738 3799 2914 3869 audit,
2945 3817 3026 3856 me
3055 3800 3231 3855 audit.
3265 3799 3325 3855 Si
3367 3814 3496 3858 vero
3530 3794 3701 3853 Christi

2153 3893 2322 3949 vitam
2349 3902 2405 3951 et
2424 3893 2786 3950 intentionem
2815 3908 2928 3949 non
2965 3901 3298 3964 sequuntur,
3315 3891 3431 3963 jam
3456 3907 3558 3946 non
3597 3888 3705 3946 dicit

2153 3986 2235 4052 eis
2254 3984 2530 4064 Christus,
2562 3985 2668 4053 Qui
2695 4003 2782 4042 vos
2811 3985 3033 4057 spernit,
3066 4002 3146 4039 nte
3173 3985 3399 4056 spernit.
3435 3982 3705 4055 Reprebn

2154 4076 2357 4148 quippe
2437 4075 2745 4149 doctrinam
2813 4083 2868 4132 et
2928 4075 3100 4131 vitam
3149 4075 3483 4137 vicariorum
3533 4072 3704 4128 subditi

2153 4180 2418 4245 spernere
2471 4165 2673 4222 debent
2720 4173 2791 4236 et.
2818 4162 3024 4237 fugere,
3057 4165 3159 4241 qui
3181 4174 3367 4227 tamen
3392 4164 3449 4219 in
3475 4163 3703 4219 ministris

2154 4264 2439 4315 auctorem
2493 4256 2695 4315 debent
2745 4254 3041 4323 honorare.
3090 4247 3355 4329 Secundo,
3395 4261 3703 4313 revertuntur

2154 4345 2505 4420 septuaginta
2529 4346 2640 4407 duo
2654 4343 2916 4421 discipuli
2940 4339 3299 4430 cnm'gaudio
3323 4342 3591 4401 dicentes:
3616 4340 3707 4393 Do-

2154 4440 2315 4508 mine,
2341 4440 2397 4494 in
2419 4439 2626 4493 nomine
2653 4447 2743 4493 tuo
2772 4437 2938 4495 etiam
2967 4436 3236 4506 dwmouiu
3257 4436 3603 4506 subjiciuntur
3624 4450 3707 4485 so-

2157 4530 2258 4587 bis.
2290 4530 2353 4586 In
2380 4530 2558 4587 tribus
2580 4529 2953 4597 bencfaciuut,
2973 4538 3028 4585 et
3046 4531 3254 4585 bonum
3288 4526 3705 4601 pradicatoribus

2159 4621 2361 4680 futuris
2386 4623 2698 4695 exemplum
2725 4621 3043 4688 ostendunt,
3088 4620 3145 4676 in
3199 4621 3308 4676 hoc
3350 4621 3552 4677 scilicet
3582 4616 3706 4689 quod

2158 4731 2255 4787 per
2283 4714 2733 4790 praedicationem
2762 4713 2830 4769 ad
2867 4714 3113 4770 scholam
3156 4711 3363 4770 Christi
3412 4711 3705 4776 redeunt,in

2156 4822 2269 4879 quo
2325 4806 2606 4862 Christum
2649 4805 2944 4861 Dominum
2986 4814 3041 4860 et
3088 4814 3370 4861 auctorem
3414 4804 3706 4860 confitentur

2155 4914 2348 4959 eorum
2376 4914 2499 4971 quae
2521 4905 2828 4970 gesserunt,
2851 4905 2905 4953 et
2931 4896 2989 4952 in
3014 4896 3121 4952 hoc
3142 4897 3291 4967 quod
3316 4912 3424 4951 non
3449 4893 3707 4950 virtutibus

2160 4992 2246 5048 vel
2271 4980 2481 5053 meritis
2510 4990 2647 5058 suis,
2668 4990 2764 5046 sed
2784 4989 2971 5043 virtuti
2999 4988 3240 5044 nominis
3266 4987 3468 5043 Christi
3491 5003 3551 5041 ea
3572 4984 3709 5039 attri-

2154 5084 2350 5141 buunt.
2379 5082 2471 5149 Sic
2500 5090 2555 5138 et
2571 5098 2675 5138 nos
2696 5081 3102 5153 praedicatores,
3126 5089 3252 5151 post
3301 5079 3711 5150 praedicationem

2152 5175 2377 5245 factam,
2395 5175 2462 5232 ad
2487 5189 2768 5233 sacrarum
2788 5173 3111 5249 magistrum
3141 5169 3540 5242 Scripturarum
3561 5168 3677 5223 debe
3696 5196 3711 5203 -

2155 5287 2281 5328 mus
2307 5284 2609 5337 recurrere,
2638 5276 2913 5340 quatenus
2936 5282 3002 5323 ea
3029 5282 3152 5338 qua:
3182 5265 3587 5338 praadlcavimus
3622 5276 3713 5316 re-

2153 5371 2475 5421 tractemus.
2502 5361 2634 5418 Etsi
2659 5342 2716 5417 in
2738 5361 2925 5432 aliquo
2974 5360 3337 5432 praedicantes
3376 5356 3713 5417 excessimus.

2156 5454 2524 5525 corrigamus,
2548 5460 2604 5509 et
2617 5468 2741 5525 quae
2757 5438 2954 5507 iterum
2990 5450 3342 5522 praedicaturi
3375 5460 3719 5517 sumuspr-

2154 5550 2461 5607 vidcamus.
2489 5547 2761 5604 Debemus
2789 5559 3008 5617 quoque
3038 5542 3332 5599 Dominum
3362 5552 3589 5599 nostrum
3615 5538 3715 5593 le-

2154 5646 2278 5701 s'um
2300 5639 2888 5706 Christum,0mnium
2945 5652 3067 5708 qua:
3121 5638 3264 5693 bene
3322 5632 3719 5708 praedicarim

2158 5736 2242 5791 vel
2299 5734 2438 5790 bene
2492 5732 2745 5799 fecimus,
2804 5738 3083 5787 auctorem
3139 5738 3195 5785 et
3264 5729 3544 5783 Dominum
3582 5737 3719 5779 con-

2154 5826 2331 5898 fiteri,
2362 5841 2462 5883 nos
2524 5834 2732 5883 tantum
2784 5832 2915 5882 esse
2969 5839 3158 5881 servos
3218 5834 3275 5880 et
3334 5822 3592 5879 ministros
3621 5817 3719 5877 ἱι-
