3834 6332
77 366 213 438 ’1565
1187 351 1524 433 Ηοωιιλε.
1567 405 1636 415 -

1779 371 1868 429 DE
1905 370 2216 430 SANCTIS.
3184 349 3322 432 isse

76 495 262 564 dignos,
299 495 352 544 et
385 501 492 543 non
529 485 828 545 virtutibus
881 489 1084 548 nostris
1121 489 1207 545 vel
1241 490 1482 557 meritis,
1530 487 1626 546 sed
1657 489 1703 550 Α
1731 487 1932 559 quibus
1955 497 2138 544 tamen
2157 485 2396 543 dicetur:
2429 481 2582 541 «Non
2613 483 2741 540 novi
2758 499 2856 544 vos
2879 484 3087 558 (ibid).i
3116 485 3322 560 Ejicere

76 592 259 639 tantum
291 579 526 636 nominis
555 579 763 638 Christi
793 580 983 638 virtuti
1009 581 1194 638 omnia
1235 596 1358 656 quae
1393 598 1491 654 per
1527 595 1631 638 nos
1732 597 1864 638 vero
1891 581 2189 649 daemonia,
2226 590 2280 637 et
2315 579 2530 653 operari
2569 580 2856 648 miracula,
2884 579 3181 652 aliquando
3211 597 3322 639 non

30 711 50 740 ,
75 676 192 730 bene
224 671 354 727 ﬁunt
379 670 673 726 ascribere.
1732 683 1817 731 est
1845 674 2024 731 meriti
2073 673 2193 744 eius
2215 673 2309 745 qui
2355 682 2640 745 operatur,
2667 673 2763 729 sed
2809 671 3170 730 invocationis
3219 681 3324 730 no.

131 763 375 819 Caeterum
409 761 464 816 in
512 762 620 817 hoc
655 763 822 834 quod,
853 771 1114 834 tanquam
1147 763 1329 820 adhuc
1356 763 1522 820 rudes
1577 770 1632 818 et
1733 767 1898 823 minis
1919 766 2124 824 Christi
2169 767 2235 822 ad
2268 765 2778 822 condemnationem
2807 764 2930 836 ejus
2962 765 3058 836 qui
3083 765 3324 832 invocat,

74 854 268 920 inﬁrmi,
285 852 454 924 magis
473 853 542 907 de
555 855 876 924 operatione
897 856 1205 928 signorum,
1227 877 1244 907 ι
1268 871 1432 927 quam
1458 856 1631 910 salute
1731 867 1787 915 et
1816 860 1884 916 ad
1937 861 2224 915 utilitatem
2260 875 2453 915 eorum
2482 857 2578 928 qui
2607 858 2793 913 vident
2855 863 2911 912 et
2961 857 3212 923 audiunt,
3264 866 3326 913 ut

73 946 347 1000 animarum
375 945 683 1017 gloriantur
701 955 756 1003 et
781 948 1084 1016 elevantur,
1110 957 1318 1004 errant.
1350 947 1417 1003 Et
1445 947 1571 1003 inde
1599 963 1630 1003 a
1732 952 1862 1008 licet
1881 952 2184 1023 despiciant
2207 951 2468 1006 miracula
2504 949 2786 1015 facientes,
2819 947 2992 1004 Deum
3017 955 3199 1003 tamen
3225 947 3330 1002 ho-

75 1037 278 1093 Domino
307 1037 464 1093 tertio
491 1039 612 1094 loco
637 1041 1114 1111 reprehenduntur
1133 1057 1260 1098 cum
1283 1041 1367 1097 eis
1389 1039 1587 1096 dicitur
1613 1053 1627 1092 :

82 1129 306 1184 Videbam
331 1128 592 1186 Satanam
617 1141 870 1204 tanquam
899 1133 1083 1206 fulgur
1102 1134 1166 1188 de
1183 1133 1311 1189 caelo
1337 1134 1628 1189 cadentem.

69 1220 136 1276 Ac
175 1222 216 1276 si
238 1231 416 1293 aperte
455 1225 600 1281 dicat
633 1244 646 1280 :
689 1224 767 1281 Ex
798 1227 905 1282 hoc
933 1227 1079 1298 quod
1110 1227 1378 1284 daemonia
1403 1227 1481 1283 sic
1505 1235 1634 1283 sunt

71 1323 310 1384 prostrata
354 1325 412 1371 et
457 1316 704 1388 subjecta
744 1319 936 1388 vobis,
969 1336 1078 1374 non
1106 1319 1320 1380 habetis
1362 1321 1505 1375 unde
1533 1334 1634 1375 vos

71 1406 301 1473 elevetis,
357 1409 624 1479 quoniam
681 1410 972 1479 daemonia,
1028 1427 1136 1468 non
1197 1413 1253 1467 in
1307 1413 1507 1468 virtute
1549 1411 1634 1467 vel

1733 1053 1948 1112 norent,
1966 1045 2034 1099 ad
2054 1044 2213 1115 cujus
2239 1043 2638 1098 invocationem
2662 1042 2924 1097 miracula
2953 1041 3107 1096 fiunt.
3128 1039 3330 1095 Praci-

1733 1155 1840 1211 pue
1862 1154 2021 1204 vero,
2050 1137 2116 1191 de
2143 1144 2430 1208 potestate,
2460 1135 2687 1203 honore,
2730 1134 2991 1206 dignitate
3021 1141 3076 1190 et
3102 1147 3327 1204 prospe-

1734 1230 1896 1288 ritate
1921 1229 2207 1301 temporali
2259 1228 2614 1300 proliibemur
2642 1227 2932 1299 gratulari,
2967 1227 3226 1298 quoniam
3258 1225 3326 1280 de

1735 1321 2051 1394 hujusmodi
2081 1320 2317 1393 gaudere
2345 1334 2545 1374 vanum
2575 1326 2678 1373 est.
2721 1316 2780 1372 In
2817 1317 3124 1372 humilitate
3153 1331 3284 1370 vero
3305 1357 3321 1382 ,

174 1409 301 1510 etis,
357 1409 624 1510 quoniam
681 1410 972 1510 daemonia,
1028 1427 1136 1468 non
1197 1413 1253 1467 in
1307 1413 1507 1468 virtute
1549 1411 1634 1467 vel
1733 1423 2056 1490 paupertate
2101 1411 2504 1469 etadversitate
2535 1409 2771 1482 gaudere
2791 1411 3327 1481 praecipimur,quo—

71 1501 252 1552 merito.
276 1508 478 1567 vestro,
525 1501 622 1557 sed
663 1503 848 1582 potius
881 1505 1018 1559 vitio
1062 1505 1332 1581 superbiae
1378 1504 1459 1560 sic
1505 1511 1636 1560 Sunt
1736 1509 1886 1566 niam
1921 1508 1978 1562 in
2025 1503 2342 1576 lmjusmodi
2381 1503 2638 1576 gaudere,
2674 1517 2783 1557 non
2819 1501 2886 1557 de
2915 1501 3156 1556 vanitate
3195 1514 3326 1570 pro-

70 1598 310 1692 prostrato
337 1592 662 1692 et-subjeeta
683 1594 992 1692 vobis.“Sed
1005 1598 1196 1692 potius
1214 1597 1427 1692 habetis
1448 1612 1513 1652 ex
1529 1597 1637 1652 hoc
1736 1601 1902 1692 cedit,
1933 1600 2027 1656 sed
2063 1598 2129 1654 de
2169 1596 2387 1652 virtute.
2440 1595 2595 1650 Sicut
2623 1593 2791 1666 igitur
2825 1593 3006 1649 mollis
3032 1601 3086 1648 et
3115 1592 3326 1648 ell‘emi-

69 1679 745 1783 quodtimeatis,quoniam
769 1687 814 1741 si
839 1687 1110 1754 diabolus,
1130 1689 1346 1744 natione
1369 1688 1632 1756 caelestis,
1735 1679 1900 1768 natus
1951 1687 2152 1761 estqui
2196 1688 2250 1743 in
2281 1685 2580 1758 prosperis
2628 1687 2827 1757 gaudet
2867 1693 2922 1740 et
2969 1685 3025 1738 in
3083 1683 3328 1762 adversis

69 1772 220 1876 potuit
245 1788 302 1829 se
326 1775 719 1876 elevandousic
745 1779 1093 1876 praecipitari,
1119 1780 1292 1835 multo
1325 1780 1502 1852 magis
1535 1795 1634 1835 vos
1671 1839 1709 1876 η
1735 1757 1904 1858 luget,
1937 1784 2017 1841 sic
2041 1757 2350 1839 econtrario
2381 1778 2766 1850 magnanimus
2786 1777 2988 1848 estqui
3017 1757 3328 1847 inprospe-

175 1866 360 1966 terreni
385 1875 442 1923 et
459 1867 776 1966 fragiliores
799 1871 932 1966 estis
962 1888 1062 1928 vos
1085 1873 1350 1929 elevando
1375 1872 1632 1944 prazcipi-
1669 1866 1710 1892 ⁸³
1735 1881 1814 1936 ris
1839 1880 2006 1950 luget,
2037 1885 2090 1932 et
2112 1877 2166 1932 in
2189 1873 2432 1930 adversis
2455 1872 2675 1944 gaudet.
2711 1869 2786 1925 De
2813 1885 2923 1939 quo
2943 1885 3072 1923 vero
3094 1869 3330 1940 gaudere

68 1959 154 2014 tari
175 1959 418 2060 potestis.
455 1959 602 2060 Bene
628 1970 808 2060 autem
837 1961 1098 2060 Satanam
1124 1963 1335 2060 fulguri
1351 1973 1634 2036 comparat
1734 1972 2033 2029 debeamus
2059 1967 2298 2026 ostendit
2323 1965 2612 2058 Dominus,
2654 1963 2782 2035 quia
2825 1962 2893 2018 de
2913 1962 3092 2018 'salute
3114 1960 3331 2016 anima-

65 2055 258 2148 propter
291 2049 540 2152 quinque
569 2048 804 2123 fulguris
825 2053 1208 2124 proprietates.
1238 2053 1446 2126 Fulgur
1485 2055 1630 2109 enim

1774 2081 1860 2121 um
1908 2071 2244 2119 nostrarum.
2289 2059 2357 2114 Et
2395 2040 2501 2114 h‘oc
2542 2056 2798 2129 estquod
2831 2055 3058 2112 subdit:
3095 2053 3334 2110 Gaudete

66 2153 111 2230 in
145 2141 514 2210 superioribus
549 2153 764 2200 0’93""
791 2153 847 2200 ei
879 2146 1063 2200 statim
1099 2146 1272 2213 cadit;
1305 2163 1416 2202 n0n
1445 2147 1632 2202 Ιιυῐηί-
1736 2166 1914 2214 autent
1947 2157 2195 2230 quoniam
2230 2155 2445 2209 nomina
2473 2161 2646 2208 vestra
2689 2151 2893 2222 scripta
2921 2157 3044 2205 sunt
3073 2151 3128 2204 in
3163 2147 3329 2216 cwlis,

63 2227 142 2294 lia,
185 2231 274 2287 sed
302 2232 417 2288 alta
461 2235 596 2304 petit
633 2244 688 2294 ct
729 2237 872 2305 urit;
917 2244 972 2292 et
1019 2253 1144 2293 cum
1187 2238 1366 2310 primo
1409 2236 1632 2312 fulgeat,

64 2322 196 2390 prius
213 2325 543 2381 obscuratur
563 2335 620 2384 et
646 2327 840 2385 fumat.
867 2328 1100 2386 Satanas
1119 2347 1338 2404 quoque
1359 2331 1636 2387 creatione

63 2414 274 2473 cielestis
295 2415 423 2485 fuit,
451 2419 547 2474 sed
586 2435 715 2476 mox
739 2424 1105 2493 superbiendo
1135 2425 1357 2493 recidit;
1386 2439 1497 2480 non
1523 2425 1630 2480 hu-

63 2507 210 2575 milia,
237 2511 330 2566 sed
355 2513 470 2567 alta
497 2514 662 2570 corda
689 2518 918 2587 quaerit,
957 2519 1068 2574 urit
1092 2518 1328 2576 ﬂammis
1353 2519 1634 2589 vitiorum.

61 2609 254 2657 etcum
295 2621 354 2660 se
408 2607 586 2676 primo
647 2610 998 2681 transﬁgurat
1055 2613 1113 2668 in
1162 2618 1416 2685 angelum
1472 2613 1633 2682 lucis,

63 2693 218 2760 primo
243 2696 507 2752 obscth
541 2707 596 2754 et
636 2709 893 2756 excaecat.
928 2701 1146 2758 Rursus
1176 2704 1415 2760 ostendit
1443 2703 1634 2758 Domi-

63 2799 152 2842 nus
170 2788 306 2856 quod
327 2789 402 2844 de
421 2800 690 2860 potestate
716 2793 999 2864 signorum
1024 2813 1134 2852 non
1157 2797 1392 2852 debeant
1411 2798 1632 2866 elevari,

59 2880 294 2947 quoniam
342 2883 458 2938 hoc
486 2899 597 2938 non
639 2885 841 2940 habent
878 2902 944 2941 ex
997 2903 1076 2954 se,
1125 2887 1218 2944 sed
1269 2904 1336 2943 ex
1387 2885 1517 2944 Deo.
1569 2887 1636 2944 Et

60 2967 150 3024 hoc
169 2972 416 3043 estquod
445 2973 660 3029 subdit:
686 2974 954 3031 Eccededl
981 2978 1122 3032 vobis
1150 2989 1483 3049 potestatem,
1503 2989 1632 3044 etc.,

59 3060 148 3116 hoc
172 3071 252 3122 est
276 3065 434 3136 quod
457 3065 750 3136 Apostolus
775 3069 884 3136 ait;
915 3089 932 3121 ι
951 3069 1093 3136 Quid
1123 3071 1290 3127 habes
1330 3072 1479 3142 quod
1523 3089 1635 3129 non

1735 2251 1822 2308 vel
1848 2250 2146 2308 secundum
2171 2256 2430 2304 aeternam
2460 2245 3018 2317 praedestinationem,
3036 2243 3120 2298 vel
3137 2259 3334 2298 secun-

1737 2344 1866 2400 dum
1897 2350 2222 2416 praesentem
2245 2338 2539 2411 justitiam.
2561 2335 2694 2403 Qum
2709 2351 2840 2390 vero
2871 2333 3170 2390 secundum
3195 2349 3336 2404 prae-

1737 2436 2156 2494 destinationem
2205 2432 2413 2502 scripta
2469 2436 2627 2496 sunt,
2675 2443 2786 2482 non
2838 2427 3184 2482 delebuntur.
3224 2422 3332 2479 Sed

1737 2527 1862 2601 quis
1889 2526 2041 2582 novit
2077 2541 2136 2582 se
2155 2538 2278 2579 esse
2300 2518 2781 2593 prmdestinatum?
2801 2516 3046 2584 Quorum
3079 2521 3210 2570 vero
3239 2528 3335 2568 no—

1737 2622 1886 2678 mina
1911 2619 2209 2676 secundum
2228 2622 2548 2686 prmsentem
2567 2611 2839 2682 justitiam
2858 2605 3116 2664 dicuntur
3132 2605 3334 2676 scripta

1736 2731 1860 2772 esse
1895 2714 1951 2768 in
1981 2713 2142 2778 coelo,
2181 2710 2316 2781 quia
2361 2707 2585 2788 quida‘m
2616 2704 2755 2759 bene
2795 2701 3064 2772 incipiunt
3093 2708 3146 2754 et
3193 2697 3336 2753 male

1738 2807 1960 2873 finiunt,
1992 2804 2160 2861 deleri
2190 2809 2444 2874 possunt.
2471 2798 2546 2854 De
2570 2795 2879 2868 cujusmodi
2902 2792 3194 2848 Psalmista
3225 2790 3332 2846 ait:

1744 2919 1763 2952 ‹
1802 2897 2099 2954 Deleantur
2151 2894 2220 2951 de
2272 2893 2414 2952 libro
2443 2889 2765 2955 viventium,
2792 2895 2846 2942 et
2875 2883 3186 2955 cumjustis
3225 2897 3336 2936 non

1739 2992 2054 3052 scribantur
2077 2987 2255 3062 (Psal.
2287 2985 2503 3054 vaiu).
2541 3002 2560 3034 ι
2597 2981 2786 3055 Igitur,
2815 2977 3014 3034 fratres
3060 2975 3190 3044 mei,
3231 2971 3336 3028 etsi

1738 3085 1985 3150 nomina,
2037 3079 2338 3138 secundum
2380 3083 2704 3150 praesentem
2744 3071 3048 3145 justitiam,
3092 3069 3149 3124 in
3196 3066 3338 3124 ccelo

60 3155 331 3226 accepisti?
365 3154 430 3211 Si
461 3166 644 3212 autem
687 3161 948 3230 accepisti
977 3201 991 3229 ,
1022 3162 1154 3232 quid
1185 3163 1438 3234 gloriaris
1472 3164 1630 3236 quasi

1775 3177 2027 3231 ideantur
2041 3187 2164 3229 esse
2199 3171 2423 3242 scripta,
2451 3168 2581 3240 quia
2609 3176 2790 3222 tamen
2822 3161 3140 3221 certaminis
3160 3157 3338 3214 nostri

58 3252 152 3298 non
177 3245 498 3316 acceperis?
529 3265 548 3299 ι
594 3245 650 3319 (Ι
672 3246 797 3303 Cor.
837 3249 970 3324 In).

120 3336 268 3407 Dedi,
297 3338 513 3410 inquit,
545 3340 692 3395 vobis
719 3351 1030 3412 potestatem
1061 3343 1308 3399 raleandi
1343 3363 1500 3417 super
1523 3364 1639 3402 ser-

57 3439 214 3496 pentes
239 3441 288 3487 et
315 3433 644 3503 scorpiones,
674 3443 724 3489 et
746 3451 904 3506 super
942 3452 1146 3491 omnem
1186 3446 1500 3508 potestatem
1536 3441 1642 3493 ini-

59 3521 188 3588 orici,
239 3532 289 3578 et
333 3523 476 3578 nihil
516 3524 662 3580 vobis
707 3526 933 3581 nocebit.
987 3525 1114 3582 Haec
1155 3535 1210 3583 et
1271 3527 1340 3582 ad
1379 3528 1639 3600 litteram,

57 3611 238 3674 fratres
256 3617 396 3684 mei,
425 3617 574 3673 dedit
601 3617 868 3675 Dominus
897 3619 1186 3690 discipulis
1211 3620 1349 3688 suis,
1375 3623 1639 3691 quoniam

58 3717 339 3778 serpentes,
374 3711 696 3782 scorpiones
747 3720 806 3767 et
841 3727 1052 3768 venena
1085 3727 1198 3768 non
1235 3713 1512 3768 nocebant
1537 3714 1637 3782 eis,

55 3809 110 3853 ut
134 3801 311 3871 vipera
346 3819 463 3858 non
509 3804 698 3867 nocuit
725 3805 914 3860 manui
942 3804 1099 3860 Pauli
1135 3805 1276 3878 (Aet.
1319 3806 1524 3878 xxvrn)
1551 3825 1562 3861 :
1590 3815 1646 3862 et

57 3906 310 3950 venenum
339 3897 605 3953 haustum
632 3911 743 3952 non
775 3899 972 3954 nocuit
991 3897 1206 3954 Joanni.
1238 3898 1464 3973 Mystice
1489 3915 1642 3970 vero,

57 3997 324 4056 serpentes
377 3999 508 4044 sunt
547 3989 775 4058 diaboli,
818 3992 904 4047 vel
948 3991 1203 4050 diabolici
1245 3994 1520 4063 homines,
1548 3993 1644 4066 qui

59 4074 394 4147 hominibus,
420 4079 558 4135 bene
582 4081 766 4138 vivere
795 4082 1202 4153 inchoantibus,
1235 4101 1442 4142 venena
1465 4103 1646 4158 pravae

54 4171 420 4242 suggestionis
471 4171 795 4228 immittunt.
853 4174 1184 4245 Scorpiones
1234 4185 1384 4244 sunt,
1442 4178 1538 4248 qui
1586 4177 1644 4233 in

54 4264 501 4321 consummandis
525 4264 686 4322 bouis
707 4265 967 4338 operibus
1013 4267 1179 4322 tinem
1200 4268 1396 4324 vitiare
1421 4278 1646 4324 conten-

53 4353 199 4411 dunt.
254 4355 393 4425 Sed,
443 4356 680 4414 Domino
721 4367 1072 4432 protegente,
1101 4360 1220 4416 haec
1263 4362 1470 4416 sanctis
1534 4377 1643 4416 non

53 4458 262 4516 nouant,
281 4449 387 4520 qui
407 4458 622 4520 apertas
638 4459 694 4506 et
708 4451 950 4506 occultas
971 4452 1320 4520 tentationes,
1342 4453 1645 4508 anteriores

52 4548 104 4595 et
129 4545 468 4612 posteriores
515 4543 837 4600 discernunt
861 4554 915 4600 et
939 4555 1163 4615 cavent;
1209 4546 1306 4604 sed
1351 4547 1537 4618 potius
1562 4546 1643 4602 eis
1678 4547 1722 4602 D

52 4643 306 4704 prosunt,
357 4635 489 4692 dum
515 4652 634 4693 .eos
683 4637 860 4710 magis
923 4637 1255 4694 exercitatos
1296 4638 1548 4706 reddunt,
1589 4647 1644 4694 et

51 4728 223 4800 magis
268 4730 520 4786 victoriae
565 4730 831 4801 majorem
874 4745 1137 4787 coronam
1182 4729 1265 4786 eis
1321 4729 1640 4801 acquirunt.

56 4818 283 4891 Quarto,
316 4823 388 4879 de
415 4838 529 4895 quo
557 4823 824 4896 gaudere,
860 4825 944 4880 vel
985 4840 1096 4879 non
1125 4825 1362 4897 gaudere
1387 4825 1646 4896 discipuli

53 4913 313 4982 debeant,
339 4916 577 4971 ostendit
597 4914 882 4970 Dominus.
907 4913 974 4969 Et
992 4915 1172 4986 primo
1192 4916 1260 4971 de
1281 4931 1392 4988 quo
1413 4917 1650 4988 gaudere

53 5019 158 5058 non
201 5007 460 5073 debeant,
496 5023 620 5062 cum
665 5007 947 5078 subjungit
981 5025 994 5061 :
1029 5005 1404 5061 Verumtamen
1451 5008 1508 5060 in
1551 5006 1648 5060 hoc

55 5098 216 5152 nolite
279 5099 512 5172 gaudere
575 5100 714 5171 quod
779 5101 1001 5170 spiritus
1056 5100 1200 5154 vobis
1266 5099 1642 5170 subjiciuntur.

57 5189 330 5262 (Liptotes
351 5195 480 5264 est.)
509 5193 568 5248 ln
613 5193 778 5252 nullis
820 5192 968 5248 enim
1003 5209 1124 5264 quas
1162 5200 1292 5248 sunt
1336 5191 1651 5249 communia

57 5285 215 5342 bouis
237 5296 296 5342 et
324 5288 485 5345 malis
506 5289 740 5360 gaudere
761 5289 1045 5344 debemus.
1071 5287 1285 5357 Ejicere
1298 5301 1428 5342 vero
1453 5286 1654 5341 daemov

55 5376 143 5432 nia
183 5387 244 5433 et
290 5378 556 5434 miracula
591 5377 828 5450 operari,
865 5392 974 5433 non
1015 5378 1193 5433 solum
1231 5378 1501 5432 honorum
1537 5384 1650 5444 est,

59 5469 152 5522 sed
181 5476 239 5524 et
268 5470 563 5526 malorum.
595 5469 752 5526 Unde
777 5479 832 5526 et
861 5472 917 5526 in
942 5471 1031 5527 die
1068 5470 1260 5542 judicii
1298 5470 1501 5526 dicturi
1525 5478 1653 5525 sunt

55 5561 280 5630 quidem
327 5564 579 5632 reprobi:
611 5582 629 5614 ι
651 5561 846 5618 Nonne
886 5564 942 5617 in
963 5568 970 5576 ’
993 5563 1216 5618 nomine
1251 5571 1348 5617 tuo
1383 5561 1655 5618 daemonia

56 5653 351 5724 eiecimus.
389 5667 442 5712 et
503 5657 706 5714 multas
746 5657 976 5714 virtutes
1014 5656 1319 5714 fecimus?»
1371 5656 1526 5728 (Luc.
1572 5657 1654 5726 χ.)

1741 3270 1865 3325 linis
1894 3276 1978 3323 est
2002 3265 2224 3331 dubius,
2254 3277 2468 3334 semper
2507 3260 2698 3315 timere
2724 3257 3006 3316 debemus.
3033 3251 3100 3308 Et
3123 3253 3245 3307 ideo
3271 3250 3340 3306 de

1741 3359 1986 3436 ipsarum
2020 3357 2330 3414 animarum
2390 3360 2704 3407 nostrarum
2753 3348 2929 3404 salute
2976 3353 3030 3400 et
3065 3341 3337 3414 profectu,

1741 3431 1832 3506 hic
1885 3463 2144 3520 magnum
2196 3444 2454 3518 gaudium
2517 3442 2717 3496 habere
2771 3453 2881 3493 non
2925 3436 3194 3491 valemus.
3227 3431 3341 3486 Nec

1741 3542 1888 3598 enim
1934 3553 2193 3610 magnum
2237 3535 2496 3604 gaudium
2547 3529 2633 3589 est
2661 3531 2751 3586 ubi
2789 3546 2914 3586 cum
2943 3527 3143 3600 gaudio
3174 3527 3340 3582 timor

1741 3639 1848 3700 est,
1879 3638 2085 3690 etcum
2120 3629 2320 3682 timore
2348 3625 2628 3698 gaudium.
2664 3621 2724 3677 ln
2767 3623 2916 3677 bono
2948 3619 3114 3692 igitur
3145 3617 3343 3672 timore

1741 3731 1828 3780 est
1856 3721 2224 3794 gaudendum.
2277 3717 2556 3794 Gaudium
2602 3713 2748 3770 enim
2792 3712 2912 3768 sine
2941 3711 3136 3764 timore
3167 3706 3342 3761 nutrit

1743 3815 2129 3881 securitatem,
2169 3812 2438 3868 securitas
2488 3791 2928 3872 so'innolentiam,
2978 3797 3342 3860 somnolentia

1743 3917 2137 3978 contemptum,
2161 3911 2513 3974 contemptus
2545 3898 2850 3972 periculum
2881 3906 2934 3950 ct
2954 3893 3337 3967 perditionem.

1743 4000 1949 4071 Itaque,
1982 3998 2200 4066 fratres,
2229 3997 2282 4053 in
2311 4006 2454 4051 terra
2502 3993 2716 4049 timoris
2762 3989 3022 4062 gaudium
3080 3981 3338 4046 nostrum

1742 4095 1816 4152 sit
1846 4093 2092 4151 sobrium
2126 4099 2181 4146 et
2209 4072 2538 4147 modestum.
2572 4085 2712 4140 Cum
2744 4084 2938 4139 timore
2979 4079 3338 4153 gaudeamus,

1741 4199 1796 4245 et
1822 4202 1946 4243 cum
1979 4182 2178 4257 gaudio
2201 4181 2514 4246 timeamus,
2538 4186 2810 4249 quatenus
2832 4174 2951 4230 sine
2976 4173 3172 4227 timore
3196 4185 3334 4226 sem-

1741 4294 1840 4351 per
1868 4277 2105 4350 gaudere
2130 4275 2187 4330 in
2208 4271 2523 4330 coelestibus
2559 4267 2773 4344 gaudiis
2794 4272 3123 4331 mereamur,
3142 4262 3338 4320 Amcn'

1979 4411 2323 4470 COMMUNE
2359 4369 2570 4468 UNlUS
2605 4402 3104 4465 couressoms.

1981 4578 1987 4582 .
2462 4522 2607 4578 XXI.

1817 4636 1976 4676 UNIUS
2011 4633 2384 4675 CONFESSORIS.
2427 4631 2600 4672 δειιιιο
2637 4629 2706 4668 DE
2745 4627 2903 4669 ΜΒΒο
2941 4621 3260 4665 SM‘IBNTIE.

1821 4734 1933 4808 (15)
1953 4733 2086 4788 Ecce
2099 4735 2346 4788 sacerdos
2365 4748 2606 4803 magnus,
2621 4730 2781 4802 quiin
2803 4726 2983 4781 diebus
3009 4725 3120 4779 suis
3141 4722 3346 4793 placuit

1751 4826 1883 4895 Deo,
1919 4837 1970 4882 et
2001 4828 2244 4882 iuventus
2286 4835 2363 4880 est
2383 4825 2585 4895 justus.
2618 4821 2685 4877 Et
2710 4820 2940 4889 reliqua.
2973 4817 3117 4883 Haec,
3148 4815 3345 4870 fratres

1759 4921 1886 4988 mei,
1916 4919 2070 4992 juxta
2099 4920 2336 4974 litteram
2373 4917 2440 4972 de
2470 4915 2658 4970 Aaron
2699 4912 2982 4969 sacerdote
3016 4910 3161 4968 dicta
3193 4915 3339 4963 sunt.

1755 5010 1984 5084 Mystice
2013 5025 2143 5065 vero
2172 5009 2239 5064 de
2264 5007 2522 5074 Christo;
2565 5004 2658 5061 sed
2693 5004 2854 5059 etiam
2885 5001 3108 5057 cuilibet
3154 5008 3351 5056 sancto

1753 5103 2026 5160 sacerdoti
2077 5101 2251 5172 aptari
2299 5107 2552 5170 possunt.
2597 5097 2874 5152 Moraliter
2919 5109 3070 5162 vero,
3101 5109 3196 5164 per
3246 5093 3351 5146 hos

1753 5197 2164 5252 demonstratur
2186 5191 2378 5263 quales
2407 5191 2587 5246 caeteri
2612 5191 2844 5244 debeant
2866 5203 2987 5244 esse
3012 5185 3346 5241 sacerdotes.

1755 5287 1882 5341 Fuit
1915 5285 2117 5358 quippe
2152 5285 2333 5340 Aaron
2362 5283 2620 5338 sacerdos
2653 5295 2906 5351 magnus,
2938 5278 3197 5349 quoniam
3235 5273 3349 5344 pri-

1756 5395 1880 5434 mus
1928 5377 2242 5432 Judazorum
2288 5374 2530 5446 pontifex
2563 5381 2617 5428 et
2646 5388 2915 5428 summus.
2961 5369 3087 5424 Fuit
3127 5379 3348 5438 quoque

1754 5468 2010 5525 Christus
2035 5467 2292 5522 sacerdos
2324 5479 2577 5534 magnus,
2619 5462 2732 5516 imo
2758 5461 3052 5525 maximus,
3085 5455 3346 5526 quoniam

1757 5562 1900 5618 sicut
1924 5561 2040 5632 ipse
2061 5568 2145 5615 est
2174 5558 2289 5612 Rex
2313 5572 2527 5629 regum,
2552 5556 2626 5611 ita
2667 5563 2753 5609 est
2793 5551 3058 5607 Sacerdos
3089 5545 3346 5603 sacerdo-

1759 5656 1899 5722 tum,
1930 5662 1984 5709 et
2028 5652 2333 5724 Episcopus
2377 5651 2779 5720 episcoporum.
2832 5645 2937 5701 Sed
2977 5651 3029 5698 et
3081 5640 3170 5696 ille
3217 5653 3345 5695 san-

125 5831 246 5902 H5)
275 5829 403 5888 Haec
441 5834 646 5906 passim
690 5851 754 5891 ex
807 5834 1176 5892 Eeclesiastici
1199 5851 1317 5906 cap.
1355 5850 1500 5904 κων,
1535 5851 1658 5902 ην,
1691 5833 1786 5891 sed
1811 5849 1922 5889 non
1953 5833 2021 5889 ad
2053 5831 2310 5897 litteram,
2341 5835 2593 5898 excerpta
2619 5833 2766 5881 sunt.
