3820 6312
509 357 650 417 1567

1789 342 2110 402 RADULPI]

2210 339 2522 398 .nuEN'rls
2985 299 2992 308 ’
3235 385 3254 395 -
3588 354 3671 414 ιω

510 481 634 530 ctus
661 468 928 544 pontifex,
970 467 1061 524 cui
1083 465 1244 523 hodie
1279 462 1739 528 selemnizamus,
1768 460 1872 516 fuit
1909 476 2096 517 sacer~
2125 461 2172 520 Δ
2198 459 2397 535 cuique
2421 457 2570 528 quod
2600 471 2762 513 suum
2801 463 2886 512 est
2933 456 3192 524 reddant;
3239 456 3334 528 qui
3370 456 3424 512 in
3462 457 3676 530 dimicandi;

449 585 454 591 ‘
509 567 614 624 dos
657 579 914 638 magnus.
953 561 1184 633 Magnus
1208 557 1412 630 gradu,
1461 569 1693 626 magnus
1721 554 1943 619 virtute,
1981 567 2098 607 ma-

509 671 653 730 gnus
727 653 1190 712 remuneratione.
1248 649 1408 703 Tales
1459 647 1658 718 quippe
1715 661 1841 702 esse
1901 644 2100 701 debent

2202 550 2496 621 subjectis,
2529 565 2640 604 non
2669 548 2897 605 allectus
2921 565 3086 616 suos,
3119 551 3213 605 sed
3241 566 3440 606 causas
3469 556 3676 620 meriton-

2202 642 2504 697 attendant.
2522 639 2677 696 Unde
2697 641 2830 696 etde
2846 641 2954 696 illis
2976 642 3178 697 dicitur
3195 660 3207 695 :
3227 660 3246 693 ι
3269 642 3615 706 Sacerdotem
3629 654 3682 710 in.

511 749 829 807 sacerdotes
857 758 911 804 et
932 747 1239 819 pontiﬁces,
1277 752 1337 797 ιιι
1357 738 1820 812 quemadmodum
1849 737 1952 808 ipsi
1979 752 2100 792 ma-
2201 733 2910 806 duanturjustitiam(l’ml.
2934 737 3176 805 curn.»
3194 735 3353 810 Quod
3366 735 3683 806 hodiernum.

511 841 604 915 gni
627 841 682 896 in
715 839 1054 912 prtelatione,
1084 837 1158 890 ita
1188 832 1369 904 magni
1399 831 1511 887 sint
1531 831 1586 885 in
1617 829 1925 895 sanctitate,
1960 835 2022 882 ut
2048 835 2104 882 et

510 933 695 1005 magni
709 947 831 989 esse
844 936 1156 992 mereantur
1167 923 1377 996 przcmii
1403 922 1778 978 retributione.
1791 919 2104 975 Monstruo—

511 1040 573 1080 sa
605 1024 872 1081 siouidcm
898 1037 986 1076 res
1000 1028 1104 1087 est,
1132 1028 1296 1089 atque
1313 1015 1650 1086 turpissima,
1669 1014 1814 1068 altus
1833 1013 2032 1084 gradus
2048 1020 2105 1068 et

512 1116 699 1172 intima
719 1115 850 1170 vita.
876 1112 1034 1180 Quod
1057 1119 1250 1166 contra
1269 1108 1537 1180 quosdam
1567 1116 1816 1162 nostrum
1838 1113 1922 1161 est
1937 1104 2104 1175 (unde

511 1206 805 1263 dolendum
854 1213 958 1272 est,
993 1202 1193 1258 fratres
1241 1201 1396 1268 mei),
1428 1200 1523 1271 qui
1575 1215 1700 1255 eum
1741 1198 1851 1254 sint
1891 1197 2002 1253 vita
2051 1204 2107 1253 et

511 1300 760 1366 moribus
781 1298 976 1364 inlimi,
997 1305 1200 1364 tamen,
1219 1311 1317 1367 per
1336 1295 1690 1350 ambitionem
1708 1302 1761 1349 et
1777 1291 2104 1358 Simoniam,

511 1405 571 1446 se
620 1403 786 1461 super
837 1389 1080 1462 majores
1130 1388 1368 1455 elevant,
1399 1395 1463 1443 ut
1495 1395 1793 1458 appareant
1845 1391 2106 1456 tanquam

511 1494 679 1550 super
705 1479 938 1535 vertices
985 1479 1268 1552 gigantum
1311 1476 1592 1534 sublimati
1643 1475 1697 1531 in
1739 1475 2018 1541 derisum,
2053 1480 2110 1530 et

510 1570 1002 1627 subsannationcm
1023 1612 1037 1636 ,
1065 1579 1120 1625 et
1147 1569 1574 1626 commotionem
1616 1565 1813 1637 capitis
1853 1566 1907 1621 in
1935 1580 2109 1636 popu-

511 1659 602 1719 lis.
635 1661 1068 1717 Commendatur
1094 1677 1226 1733 ergo
1257 1660 1358 1715 iste
1387 1658 1644 1724 sacculos
1668 1672 1901 1730 magnus
1929 1655 1982 1710 in
2013 1655 2108 1711 de.

512 1772 632 1814 cem
658 1764 713 1812 et
740 1764 868 1812 octo
896 1754 1106 1828 gratiis.
1133 1754 1316 1810 Prima
1352 1752 1567 1819 electio,
1600 1750 1668 1807 de
1697 1766 1804 1822 qua
1831 1749 2105 1820 subditur,

2203 829 2426 884 demnat
2454 828 2769 884 sacerdotes
2795 836 2851 882 et
2877 828 3165 899 episcopos
3182 871 3198 895 ,
3243 829 3299 883 in
3341 829 3544 900 quibus,
3573 841 3685 898 unus

2203 934 2371 990 quam
2396 918 2450 972 in
2487 917 2720 984 ueteris,
2742 917 2919 974 virtus
2943 928 2998 974 et
3015 919 3233 990 justitia
3263 921 3530 991 reperitur,
3548 928 3685 984 cuicui.

2205 1027 2312 1080 que
2338 1009 2487 1080 quod
2524 1026 2686 1066 suum
2734 1019 2820 1066 est
2859 1026 2968 1066 non
3003 1013 3315 1079 reddentes,
3340 1011 3435 1068 sed
3479 1016 3690 1078 adluerum

2206 1118 2368 1157 suum
2411 1101 2596 1157 omnia
2653 1101 2979 1170 referentes,
3020 1104 3293 1174 justitiam
3341 1120 3449 1160 non
3487 1105 3690 1182 facimus,

2207 1194 2302 1250 sed
2350 1194 2677 1262 vendentes,
2716 1194 2772 1249 in
2814 1195 3181 1266 dijudicandis
3223 1197 3410 1254 causis
3451 1215 3540 1254 non
3572 1207 3696 1263 merita

2207 1284 2546 1356 singulorum
2574 1327 2589 1353 ,
2632 1286 2727 1342 sed
2762 1301 2894 1342 suos
2935 1286 3166 1344 allectus
3215 1289 3549 1348 attendentes.
3580 1294 3694 1354 Tutia

2207 1377 2382 1448 gratia
2428 1386 2512 1432 est
2557 1378 2846 1448 mediatio,
2895 1378 2964 1434 de
3014 1396 3123 1450 qua
3174 1381 3552 1453 subjnugitur:
3593 1386 3641 1442 Et
3667 1391 3700 1444 in

2210 1481 2440 1542 tempore
2484 1471 2781 1527 iracundia
2834 1472 3017 1542 factus
3069 1481 3147 1528 est
3217 1474 3569 1540 recomiliatia.
3611 1478 3700 1536 Sane

2207 1561 2391 1619 Aaron
2446 1563 2714 1620 mediator
2771 1563 2876 1620 l‘uit
2938 1564 3083 1622 inter
3155 1564 3329 1622 Deum
3403 1574 3458 1622 et
3500 1567 3706 1641 homines,

2209 1654 2573 1714 reconcilians
2619 1655 2792 1712 Deum
2855 1657 3211 1725 hominibus,
3271 1667 3326 1715 et
3374 1659 3590 1716 homines
3621 1661 3703 1720 Deo.

2208 1747 2348 1804 Nam
2415 1765 2540 1806 cum
2605 1749 2749 1806 Dens
2807 1750 2981 1807 iratus
3044 1752 3306 1823 populum
3373 1764 3708 1811 murinurantau

516 1848 623 1915 Qui
655 1849 711 1903 in
736 1817 926 1902 diebus
951 1847 1064 1902 suis
1098 1846 1300 1918 placuit
1328 1844 1454 1913 Deo,
1481 1817 1736 1909 subaudi,
1765 1858 1862 1915 per
1884 1841 2076 1899 electio
2089 1817 2109 1884 ὀ
2141 1817 2185 1874 Β
2213 1841 2338 1915 igne
2388 1852 2766 1910 consumeret,
2815 1817 3061 1899 festinati
3083 1817 3268 1902 Aaron
3320 1861 3446 1900 eum
3484 1847 3710 1913 thuribulo,

513 1955 662 1996 nem.
707 1938 940 1995 Constat
983 1939 1128 1995 enim
1159 1938 1417 2010 quoniam
1458 1937 1551 2008 qui
1597 1935 1874 2010 eliguntur
1913 1951 1943 1990 a
1976 1933 2108 2004 Deo,

2219 1952 2238 1988 ι
2275 1943 2537 2005 stansque
2567 1935 2710 1990 inter
2739 1936 2894 1993 vivos
2920 1945 2976 1992 et
3002 1946 3271 2003 mortuos,
3297 1938 3472 1992 oravit
3488 1936 3723 2010 Dominum,

512 2032 733 2103 placent
778 2030 908 2088 Deo.
967 2031 1140 2086 Porro
1178 2030 1362 2087 Aaron
1401 2029 1518 2085 {leo
1564 2029 1837 2100 placuisse
1865 2036 2109 2097 constat,
2213 2035 2268 2083 et
2295 2026 2452 2099 plaga
2491 2028 2730 2084 cessavit
2778 2027 2982 2101 (Nam.
3023 2031 3166 2100 xw).
3195 2049 3224 2084 ι
3264 2028 3512 2096 Christus
3547 2047 3723 2104 quoque,

513 2128 704 2192 utpote
741 2122 836 2194 qui
882 2123 952 2178 ab
996 2137 1064 2179 eo
1100 2123 1325 2189 electus,
1373 2129 1637 2188 vocatus,
1681 2129 1737 2176 et
1764 2121 1923 2193 signo
1947 2120 2114 2193 virgae
2215 2134 2362 2188 cum,
2393 2128 2616 2191 propter
2648 2130 2941 2192 peccatum
2975 2122 3146 2192 primi
3163 2123 3435 2193 parentis,
3475 2122 3596 2180 Deus
3622 2136 3722 2182 esset

513 2211 675 2270 siccae
721 2214 1010 2272 revirentis
1068 2224 1122 2272 et
1168 2214 1547 2271 l'ructilieantis
1604 2214 2013 2273 demonstratus
2059 2221 2117 2269 et
2215 2208 2390 2266 iratus
2417 2209 2650 2278 homini,
2686 2221 2970 2284 assumpta
2993 2222 3184 2272 nostra
3209 2213 3557 2281 humanitate,
3596 2215 3720 2280 lactus

513 2303 730 2362 cmteris
764 2305 1022 2377 praelatus
1057 2314 1168 2374 est;
1219 2305 1503 2362 Christum
1555 2321 1776 2377 quoque
1839 2320 1951 2376 prae
2007 2319 2115 2360 εω-
2216 2309 2303 2358 est
2327 2303 2595 2359 mediator
2620 2302 2717 2360 Dei
2738 2312 2794 2360 et
2826 2304 3087 2373 hominis,
3119 2304 3394 2377 sanguine
3430 2310 3724 2365 suoreeonci-

513 2397 648 2454 teris
679 2396 794 2456 Deo
839 2397 989 2455 Patri
1031 2399 1326 2471 placuisse,
1369 2407 1423 2455 et
1469 2415 1580 2470 prae
1621 2398 1835 2454 caeteris
1881 2398 2113 2453 electum
2218 2394 2360 2452 lians
2390 2395 2560 2451 Deum
2589 2395 2908 2454 hominibus
2933 2407 2989 2454 et
3021 2398 3275 2456 homines
3313 2397 3447 2456 Deo.
3488 2398 3729 2457 Sedetiste

513 2505 670 2560 esse,
707 2491 826 2564 ipse
865 2489 1026 2547 Pater
1055 2492 1109 2547 in
1155 2491 1428 2562 baptismo
1466 2500 1521 2546 et
1552 2492 1604 2546 in
1637 2489 2118 2561 transﬁguratione
2219 2495 2447 2543 sanctus
2468 2487 2783 2559 cpiscopus,
2813 2490 2905 2544 cui
2953 2489 3114 2545 hodie
3164 2489 3487 2552 l‘estivamus
3532 2507 3614 2568 pm
3644 2509 3727 2574 με.

512 2592 856 2641 contestatur
878 2585 1102 2641 dicens:
1136 2603 1154 2637 ι
1186 2583 1285 2640 Hic
1307 2595 1390 2640 est
1420 2583 1592 2640 Filius
1621 2600 1777 2640 meus
1805 2585 2035 2640 dilectus
2063 2585 2116 2639 in
2219 2579 2357 2636 eatis
2386 2580 2524 2648 suis,
2556 2595 2616 2637 se
2637 2581 2918 2644 multoties
2957 2582 3310 2656 interposuit,
3359 2583 3496 2639 iram
3539 2583 3619 2639 Dei
3657 2586 3732 2654 jac

516 2691 630 2748 quo
658 2677 796 2732 mihi
823 2677 961 2733 bene
989 2678 1295 2748 complaeui
1326 2676 1545 2748 (Matth.
1577 2694 1661 2746 ιιι,
1693 2676 1848 2740 xvn).
1883 2697 1902 2730 ι
1933 2677 1998 2732 Et
2023 2694 2120 2749 per
2220 2670 2538 2741 instantem,
2565 2673 2910 2730 orationibus
2960 2682 3017 2732 et
3035 2674 3414 2732 oblationibus
3448 2676 3632 2744 avertit,
3651 2693 3733 2746 pec-

519 2767 878 2839 prophetam:
903 2789 920 2821 t
940 2768 1080 2826 Ecce
1093 2785 1230 2841 puer
1242 2773 1399 2825 meus
1418 2770 1624 2826 electus
1640 2786 1803 2840 quem
1817 2770 2120 2843 elegi,quia
2221 2764 2499 2820 caloribus
2558 2765 2950 2838 indulgentiam
3009 2767 3340 2838 impetravit.
3377 2766 3492 2824 “0c
3537 2778 3608 2824 cst
3637 2770 3736 2824 enim

519 2857 859 2927 complacuit
906 2859 962 2912 in
990 2858 1081 2914 illo
1121 2858 1304 2914 anima
1336 2875 1456 2915 mea
1490 2858 1628 2932 (Ita.
1664 2862 1840 2930 XLI").
1879 2881 1896 2913 ι
1929 2859 2035 2917 Sed
2069 2871 2122 2918 et
2223 2855 2464 2913 cilicium
2495 2857 2842 2914 sacerdotum
2863 2865 2920 2914 et
2945 2859 3359 2930 episcoporum,
3396 2868 3457 2915 ut
3479 2859 3654 2914 scilicet
3683 2861 3736 2912 in-

517 2949 624 3006 iste
653 2959 880 3006 sanctus
905 2951 1216 3023 episcopus,
1243 2952 1440 3009 fratres
1477 2953 1606 3021 mei,
1637 2955 1727 3010 cui
1759 2953 1919 3009 hodie
1966 2953 2120 3010 festi-
2226 2959 2307 3008 ter
2328 2949 2501 3007 Deum
2527 2962 2582 3008 et
2602 2952 2856 3008 homines
2899 2967 3116 3023 semper
3137 2952 3251 3009 sint
3273 2951 3442 3009 medii
3471 2961 3524 3008 et
3545 2953 3744 3007 mediato-~

518 3058 737 3110 vamus,
766 3058 891 3099 cum
923 3060 1021 3116 per
1048 3045 1246 3102 bonam
1277 3045 1466 3114 vitam,
1489 3046 1796 3102 doctrinam
1828 3047 2120 3114 virtutum,
2224 3058 2334 3111 res,
2365 3042 2495 3100 hinc
2509 3043 2790 3115 conjuncti
2818 3043 2931 3101 Deo
2955 3043 3333 3100 familiaritate
3358 3045 3742 3110 cbaritatis,hinc

519 3143 578 3192 et
613 3136 896 3208 signorum
935 3137 1286 3206 evidentiam,
1319 3156 1350 3194 a
1377 3138 1490 3195 Deo
1525 3141 1753 3208 electus,
1781 3139 2122 3196 demonstra-
2145 3170 2192 3235 ο
2224 3138 2504 3209 conjuncti
2525 3138 2843 3196 hominibus
2864 3139 3274 3211 propinquitate
3296 3139 3684 3211 eompassiouis,
3709 3149 3749 3196 ut

518 3232 612 3280 tus
641 3233 697 3281 et
721 3240 833 3297 prae
859 3227 1069 3285 caeteris
1091 3229 1347 3299 praelatus
1377 3229 1470 3298 sit,
1496 3238 1712 3285 constat
1738 3231 1927 3301 procul
1950 3230 2119 3286 dubio
2153 3227 2192 3235 “
2223 3231 2297 3287 ita
2313 3230 2486 3287 Deum
2509 3231 3186 3310 bominibus,etbomines
3206 3230 3324 3288 Deo
3337 3232 3550 3304 possint
3568 3232 3747 3287 recenti

517 3317 782 3387 quoniam
808 3334 840 3373 a
861 3317 972 3374 Deo
1007 3320 1211 3378 electus
1252 3321 1324 3376 sit
1352 3331 1406 3375 ct
1431 3321 1540 3376 Deo
1565 3322 1789 3392 placuit.
1825 3321 1894 3376 Et
1937 3322 2034 3376 hoc
2063 3323 2120 3376 in
2222 3322 2366 3378 liari.
2392 3321 2499 3378 Sed
2527 3323 2662 3397 quid
2689 3323 2869 3380 dicam
2904 3322 2974 3379 de
3009 3321 3193 3390 nobis,
3239 3323 3468 3379 miseris
3513 3321 3751 3379 sacerdoti-

517 3407 703 3464 diebus
725 3410 860 3478 suis,
883 3411 1027 3481 quod
1055 3411 1323 3480 videlicet,
1355 3412 1486 3480 vita,
1511 3412 1756 3467 doctrina
1808 3420 1861 3466 et
1889 3428 2118 3483 operum
2221 3415 2346 3484 bus,
2378 3415 2475 3488 qui
2511 3431 2611 3473 nec
2631 3432 2757 3472 cum
2785 3415 2905 3472 Deo
2926 3415 3360 3477 familiaritatem
3378 3416 3661 3480 charitatis,
3687 3429 3751 3468 nec

519 3498 870 3556 miriﬁcentia
900 3501 1194 3558 illustravit
1220 3512 1275 3560 et
1300 3520 1433 3560 suos
1460 3504 1658 3559 ell‘eeit.
1706 3502 1874 3560 Tales
1898 3519 2120 3576 quoque
2222 3525 2350 3566 cum
2389 3509 2644 3581 proximo
2679 3509 3146 3581 propinquitatem
3191 3510 3599 3579 eompassionis
3640 3508 3755 3575 (sicut

517 3591 721 3649 debent
765 3593 885 3650 lieri
909 3597 1245 3653 sacerdotes
1275 3608 1329 3653 ct
1369 3597 1636 3668 episcopi,
1669 3597 1762 3667 qui
1791 3613 1888 3667 per
1918 3597 2120 3654 bonam
2222 3601 2456 3674 oportet)
2494 3602 2802 3660 habemus?
2829 3601 3119 3670 Quomodo
3145 3602 3286 3658 alios
3311 3601 3752 3663 reconciliahimss,

515 3683 711 3753 vitam,
739 3683 1044 3742 doctrinam
1075 3697 1130 3743 et
1160 3703 1388 3760 operum
1419 3688 1765 3745 sanctitatem
1791 3685 1904 3743 Deo
1933 3688 2120 3759 placiti
2221 3694 2317 3766 qui
2363 3696 2733 3766 nosmetipsos
2768 3695 3124 3756 reconciliare
3187 3711 3297 3751 non
3357 3695 3632 3750 valemus?
3666 3692 3758 3746 Nam

519 3781 578 3830 et
615 3774 772 3830 electi
809 3790 934 3832 esse
979 3777 1448 3834 demonstrantur.
1496 3777 1553 3832 ln
1600 3795 1711 3850 quo
1756 3778 1831 3832 illi
1862 3777 2122 3835 condem-
2222 3801 2349 3842 cum
2379 3784 2485 3856 ipsi
2507 3801 2608 3857 pro
2633 3786 2860 3844 oﬁ‘ensis
2891 3786 3098 3844 nostris
3120 3785 3232 3843 Deo
3252 3786 3756 3856 displiceamus.cun

521 3876 727 3924 nantur
749 3867 866 3940 qui,
892 3883 1017 3924 eum
1060 3870 1206 3924 nulla
1232 3869 1431 3925 virtute
1469 3871 1550 3925 vel
1590 3871 1841 3926 doctrina
1889 3870 2121 3925 lulcian-
2222 3893 2322 3950 pro
2370 3878 2596 3936 oﬂ‘ensis
2644 3879 2880 3934 aliorum
2923 3878 3096 3936 Deum
3148 3879 3593 3950 inter-pellamus,
3635 3892 3761 3931 nonae

521 3967 634 4027 tur,
663 3960 902 4031 pastoris
929 3960 1163 4016 cilicium
1188 3978 1284 4032 per
1313 3963 1668 4018 ambitionem
1697 3964 1880 4034 potius
1903 3964 2122 4034 rapiunt
2224 3969 2396 4027 Deum
2433 3971 2610 4044 magis
2636 3971 2964 4028 offendimus
2993 3987 3158 4043 quam
3188 3971 3520 4042 placamus?

518 4047 687 4123 quain
715 4063 1100 4124 assequuntur.
1150 4053 1400 4110 Secunda
1447 4055 1619 4128 gratia
1665 4066 1749 4112 est
1789 4056 2004 4127 justitia
2051 4055 2119 4114 de
2291 4061 2499 4132 Quarta
2537 4064 2712 4135 gratia
2751 4073 2840 4120 est
2883 4065 3327 4135 superexcellens
3385 4064 3684 4121 obedientia
3724 4061 3766 4115 de

518 4159 630 4234 qua
661 4144 948 4202 subditur:
981 4145 1049 4200 Et
1087 4147 1328 4202 iuventus
1355 4157 1434 4202 est
1459 4148 1664 4219 justus.
1701 4147 1892 4205 Justus
1919 4150 2121 4220 quippe
2220 4170 2330 4227 qua
2364 4156 2746 4228 subjungitur:
2774 4155 2901 4215 Non
2935 4166 3017 4212 est
3041 4157 3280 4216 iuventus
3339 4158 3548 4213 similis
3571 4157 3670 4223 illi,
3707 4155 3785 4234 exi;

524 4233 632 4291 luit
667 4235 882 4305 Aaron,
911 4254 941 4292 a
977 4237 1252 4293 mandatis
1281 4235 1406 4306 Dei,
1442 4253 1546 4294 nec
1573 4239 1640 4294 ad
1676 4239 1990 4308 dexteram,
2017 4255 2118 4297 ne-
2221 4255 2550 4301 conservaret
2585 4246 2750 4318 legem
2789 4246 3028 4304 Excelsi.
3071 4246 3247 4304 Porro
3272 4248 3473 4304 Aaron
3523 4248 3580 4303 in
3630 4246 3768 4302 ὧεὶιῦ

524 4343 635 4400 que
658 4329 726 4383 ad
748 4328 1030 4385 sinistram
1058 4329 1407 4398 declinando,
1447 4329 1765 4387 idololatras
1808 4331 2116 4402 puniendo,
2221 4338 2358 4405 suis,
2384 4338 2441 4394 in
2462 4339 2666 4410 populo
2689 4356 2792 4397 suo
2820 4340 3094 4398 excellens
3138 4339 3243 4398 fuit
3272 4341 3332 4397 in
3393 4340 3695 4398 obediemia
3733 4343 3785 4410 et}

519 4436 623 4493 pro
663 4423 1046 4493 peccatoribus
1085 4422 1494 4490 intercedendo,
1540 4439 1990 4496 unumquemque
2040 4440 2121 4481 se-
2220 4432 2601 4489 observatione
2625 4434 2782 4506 legis.
2815 4434 3072 4504 Christus
3115 4451 3342 4506 quoque
3382 4422 3785 4507 superuenire}

521 4514 764 4570 cundum
792 4530 989 4572 causas
1016 4515 1340 4573 meritorum
1363 4516 1682 4588 judicando.
1707 4517 1963 4575 Christus
1985 4534 2116 4591 quo-
2145 4522 2193 4583 ι)
2220 4524 2324 4580 fuit
2353 4526 2408 4582 in
2441 4527 2754 4583 obedientia
2785 4537 2842 4583 et
2886 4528 3274 4599 adimpletione
3305 4529 3480 4601 legis,
3521 4529 3682 4584 laetus
3702 4524 3766 4578 Ρι-

519 4624 631 4686 que
660 4610 874 4682 justus,
909 4611 1022 4668 imo
1065 4611 1186 4684 ipsa
1209 4611 1420 4678 iustitia
1455 4621 1560 4680 est,
1597 4628 1631 4667 a
1659 4627 1770 4683 quo
1806 4611 1992 4682 justus
2031 4622 2117 4670 est
2223 4618 2292 4674 tri
2327 4639 2346 4671 ι
2370 4619 2633 4676 obediens
2651 4635 2829 4692 usque
2857 4620 2926 4676 ad
2947 4629 3178 4677 mortem
3197 4620 3374 4690 (Phil.
3408 4621 3502 4692 ιι).
3559 4640 3579 4673 ι
3606 4618 3770 4676 Sedes:

521 4701 1164 4776 quicunqucjustusest,
1198 4707 1293 4778 qui
1324 4719 1789 4776 unumquemque,
1814 4704 1970 4774 juxta
1997 4720 2114 4761 me-
2222 4704 2354 4766 huic
2383 4719 2577 4766 sancto
2612 4711 2890 4783 episeopo,
2935 4714 3025 4770 cui
3051 4711 3214 4768 hodie
3238 4712 3691 4772 solemnizamus,
3720 4711 3770 4761 ia-

523 4796 689 4860 !‘itllm
719 4812 904 4866 suum.
928 4806 1028 4855 aut
1057 4799 1231 4856 salvat
1259 4808 1354 4853 aut
1396 4798 1639 4852 damnat.
1668 4794 1822 4852 Unde
1853 4805 1909 4853 et
1947 4795 2116 4855 Isaias
2221 4810 2418 4856 ventus
2455 4810 2541 4858 est
2569 4802 2623 4856 in
2646 4802 2840 4859 diebus
2871 4802 3010 4870 suis,
3046 4811 3102 4858 et
3143 4803 3198 4858 in
3230 4802 3448 4873 populo
3478 4817 3586 4858 suo
3616 4798 3770 4857 similis.

522 4886 594 4949 de
615 4903 682 4946 eo
702 4891 986 4962 praedixit:
1010 4911 1028 4944 ι
1049 4890 1117 4945 Et
1138 4888 1468 4961 eritjustitia
1494 4887 1773 4959 cingulum
1801 4889 2115 4947 lumborum
2222 4889 2318 4960 qui
2341 4899 2694 4946 conservaret
2716 4891 2887 4963 legem
2916 4890 3151 4948 Excelsi.
3174 4889 3294 4946 Non
3319 4891 3486 4948 enim
3519 4892 3669 4947 debet
3696 4900 3770 4942 est

522 4983 1024 5054 suorum(lsa.xt).
1049 5003 1068 5035 ι
1103 4981 1208 5037 Sed
1225 4991 1280 5037 et
1301 4980 1932 5052 sanetuscpiscopuscui
1955 4983 2117 5039 hodie
2221 4983 2480 5039 sacerdos
2506 4985 2650 5040 sicut
2683 4984 2919 5056 populus
2949 4983 3085 5057 (Ira.
3139 4985 3314 5055 xxiv),
3367 4995 3433 5041 et
3466 4996 3654 5057 pastor
3680 4983 3772 5038 sua

528 5075 1159 5146 solemnizamusjustus
1182 5075 1616 5146 luit,unicuique
1639 5076 1786 5147 quod
1815 5093 1975 5132 suum
2001 5087 2120 5133 erat
2217 5092 2347 5148 grex
2367 5119 2382 5146 ,
2446 5077 2543 5134 sed
2594 5078 2737 5136 sicut
2767 5079 2835 5135 de
2868 5078 3032 5135 Saule
3068 5078 3341 5148 legimus:
3372 5078 3496 5146 Qui
3545 5078 3771 5149 praeﬁcae

528 5168 829 5234 reddendo,
862 5167 974 5222 Deo
999 5168 1352 5239 religionem,
1400 5169 1503 5225 sibi
1536 5170 1894 5238 munditiam,
1935 5170 2119 5242 subje-
2220 5170 2322 5226 toti
2365 5172 2588 5242 populo,
2621 5172 2782 5228 debet
2813 5187 2938 5228 esse
2983 5172 3161 5243 major
3176 5180 3303 5228 toto
3340 5173 3590 5244 populo,
3641 5180 3691 5226 ut

525 5260 632 5323 etis
648 5259 1167 5330 disciplinam,bene
1187 5263 1472 5334 agentibus
1495 5263 2121 5335 bonorem,delinquen-
2219 5265 2400 5319 caeteri
2427 5264 2628 5320 debent
2654 5265 3044 5333 obedientiam,
3091 5281 3203 5336 prae
3247 5266 3482 5321 exteris
3521 5266 3656 5323 sciat
3692 5261 3774 5315 oh:-

527 5355 678 5415 tibus
722 5355 1159 5425 correctionem,
1205 5358 1461 5414 omnibus
1512 5357 1846 5429 aequitatem.
1890 5357 1957 5413 Et
2000 5357 2116 5414 haec

528 5447 810 5518 operando
855 5448 1106 5508 inventus
1145 5461 1228 5510 est
1253 5453 1461 5524 justus,
1491 5455 1754 5525 quoniam
1797 5453 1982 5510 nullus
2027 5454 2113 5509 vel

532 5554 697 5600 tarus
729 5540 1112 5599 inveniebatur
1139 5544 1344 5617 justus.
1385 5545 1568 5601 Virtus
1603 5546 1750 5602 enim
1781 5546 2002 5618 quando
2031 5553 2120 5604 est

531 5634 708 5706 magis
747 5650 906 5703 rara,
936 5645 1064 5693 tunc
1101 5647 1186 5694 cst
1232 5638 1407 5710 magis
1436 5639 1697 5711 pretiosa.
1729 5638 1890 5696 Tales
1915 5640 2116 5712 quippe

525 5723 724 5784 debent
751 5740 874 5784 esse
899 5727 1210 5782 sacerdotes
1237 5729 1320 5783 vel
1374 5727 1638 5800 episcopi,
1670 5726 1727 5783 in
1757 5729 1980 5799 quibus,
2010 5729 2112 5786 etsi

529 5832 636 5876 non
664 5817 719 5879 in
765 5818 1142 5892 aliis,justitia
1181 5812 1236 5876 et
1277 5819 1450 5878 virtus
1493 5821 1822 5892 reperiatur,
1847 5821 1939 5893 qui
1985 5823 2110 5880 uni-

2126 5925 2190 5936 a—

2218 5357 2504 5424 dientiam,
2532 5366 2588 5412 et
2607 5357 2702 5428 qui
2727 5366 2957 5413 t-zeteros
2983 5357 3143 5414 docet
3185 5358 3361 5431 legem
3379 5400 3400 5426 ,
3457 5373 3585 5430 prae
3627 5351 3782 5413 ωδε

2219 5460 2399 5519 teneat
2432 5450 2604 5522 legem
2631 5448 2685 5521 (1
2721 5449 2848 5522 Reg.
2882 5447 3005 5520 xu).
3055 5448 3214 5517 Quod
3254 5449 3432 5506 nobis
3457 5449 3692 5523 indignis
3719 5461 3774 5499 sv

2220 5542 2536 5597 eet-dotibus
2558 5541 2764 5607 obviat,
2793 5541 2888 5611 qui
2911 5557 3020 5597 non
3041 5541 3222 5596 solum
3252 5557 3469 5598 smnus
3498 5544 3772 5610 sicntpm

2219 5635 2330 5705 lus,
2360 5634 2455 5689 sed
2485 5633 2651 5689 etiam
2675 5634 2998 5704 plerumque
3023 5633 3325 5690 deteriores
3369 5651 3565 5704 quam
3587 5631 3770 5705 papam

2219 5727 2420 5794 Quinta
2443 5726 2643 5798 gratia,
2667 5735 2750 5782 est
2775 5726 3066 5796 prometio,
3109 5725 3177 5781 de
3209 5742 3316 5797 qua
3372 5719 3770 5783 subditurzléu

2221 5820 2586 5893 jurejurando,
2616 5817 2667 5875 id
2698 5828 2783 5877 est
2813 5819 3247 5886 immutabiliter,
3275 5821 3412 5890 fecit
3437 5821 3772 5876 illumrmm

3783 4551 3785 4698 ι
