  <div class='ocr_page' id='page_1' title='image "/cluster/home/n/w/nwhite01/storage/ocr_20150623/155/hvd.32044015473838/790.png"; bbox 0 0 3834 6332; ppageno 0'>
   <div class='ocr_carea' id='block_1_1' title="bbox 59 383 188 441">
    <p class='ocr_par' dir='ltr' id='par_1_1' title="bbox 59 383 188 441">
     <span class='ocr_line' id='line_1_1' title="bbox 59 383 188 441; baseline 0 -1"><span class='ocrx_word' id='word_1_1' title='bbox 59 383 188 441; x_wconf 72' lang='grc'><strong>1569</strong></span> 
     </span>
    </p>
   </div>
   <div class='ocr_carea' id='block_1_2' title="bbox 1175 377 2200 437">
    <p class='ocr_par' dir='ltr' id='par_1_2' title="bbox 1175 377 2200 437">
     <span class='ocr_line' id='line_1_2' title="bbox 1175 377 2200 437; baseline 0 -2"><span class='ocrx_word' id='word_1_2' title='bbox 1175 377 1506 437; x_wconf 70' lang='lat' dir='ltr'><strong>HOMILM&#39;J.</strong></span> <span class='ocrx_word' id='word_1_3' title='bbox 1542 409 1614 421; x_wconf 89' lang='lat'><strong>—-</strong></span> <span class='ocrx_word' id='word_1_4' title='bbox 1649 377 1715 437; x_wconf 86' lang='grc'><strong>11.</strong></span> <span class='ocrx_word' id='word_1_5' title='bbox 1759 377 1848 436; x_wconf 85' lang='lat' dir='ltr'><strong>DE</strong></span> <span class='ocrx_word' id='word_1_6' title='bbox 1886 377 2200 437; x_wconf 85' lang='lat' dir='ltr'><strong>SANCTIS.</strong></span> 
     </span>
    </p>
   </div>
   <div class='ocr_carea' id='block_1_3' title="bbox 3171 389 3312 448">
    <p class='ocr_par' dir='ltr' id='par_1_3' title="bbox 3171 389 3312 448">
     <span class='ocr_line' id='line_1_3' title="bbox 3171 389 3312 448; baseline 0.021 -3"><span class='ocrx_word' id='word_1_7' title='bbox 3171 389 3312 448; x_wconf 70' lang='lat'><strong>{570</strong></span> 
     </span>
    </p>
   </div>
   <div class='ocr_carea' id='block_1_4' title="bbox 53 488 3320 570">
    <p class='ocr_par' dir='ltr' id='par_1_4' title="bbox 53 488 3320 570">
     <span class='ocr_line' id='line_1_4' title="bbox 53 488 3320 570; baseline 0.001 -14"><span class='ocrx_word' id='word_1_8' title='bbox 53 502 256 569; x_wconf 77' lang='lat' dir='ltr'><strong>insuper</strong></span> <span class='ocrx_word' id='word_1_9' title='bbox 278 493 475 565; x_wconf 79' lang='lat' dir='ltr'><strong>plebem</strong></span> <span class='ocrx_word' id='word_1_10' title='bbox 512 488 695 552; x_wconf 73' lang='lat' dir='ltr'><strong>suerit.</strong></span> <span class='ocrx_word' id='word_1_11' title='bbox 722 492 863 563; x_wconf 83' lang='lat' dir='ltr'><strong>Quia</strong></span> <span class='ocrx_word' id='word_1_12' title='bbox 883 509 1120 568; x_wconf 84' lang='lat' dir='ltr'><strong>namque</strong></span> <span class='ocrx_word' id='word_1_13' title='bbox 1141 494 1328 551; x_wconf 85' lang='lat' dir='ltr'><strong>Aaron</strong></span> <span class='ocrx_word' id='word_1_14' title='bbox 1353 495 1626 552; x_wconf 82' lang='lat' dir='ltr'><strong>excellens</strong></span> <span class='ocrx_word' id='word_1_15' title='bbox 1653 496 1703 558; x_wconf 76' lang='grc' dir='ltr'><strong>Α</strong></span> <span class='ocrx_word' id='word_1_16' title='bbox 1734 503 1957 550; x_wconf 90' lang='lat' dir='ltr'><strong>norunt.</strong></span> <span class='ocrx_word' id='word_1_17' title='bbox 1977 493 2044 549; x_wconf 88' lang='lat' dir='ltr'><strong>Et</strong></span> <span class='ocrx_word' id='word_1_18' title='bbox 2049 494 2208 565; x_wconf 84' lang='lat' dir='ltr'><strong>juxta</strong></span> <span class='ocrx_word' id='word_1_19' title='bbox 2232 491 2366 548; x_wconf 87' lang='lat' dir='ltr'><strong>illud</strong></span> <span class='ocrx_word' id='word_1_20' title='bbox 2383 494 2800 565; x_wconf 85' lang='lat' dir='ltr'><strong>propheticum:</strong></span> <span class='ocrx_word' id='word_1_21' title='bbox 2821 517 2840 551; x_wconf 85' lang='grc' dir='ltr'><strong>ι</strong></span> <span class='ocrx_word' id='word_1_22' title='bbox 2857 495 2974 555; x_wconf 81' lang='lat' dir='ltr'><strong>lleu</strong></span> <span class='ocrx_word' id='word_1_23' title='bbox 2994 499 3135 570; x_wconf 87' lang='lat' dir='ltr'><strong>perit</strong></span> <span class='ocrx_word' id='word_1_24' title='bbox 3156 501 3320 561; x_wconf 71' lang='lat' dir='ltr'><strong>hodie</strong></span> 
     </span>
    </p>
   </div>
   <div class='ocr_carea' id='block_1_5' title="bbox 53 584 1630 659">
    <p class='ocr_par' dir='ltr' id='par_1_5' title="bbox 53 584 1630 659">
     <span class='ocr_line' id='line_1_5' title="bbox 53 584 1630 659; baseline -0.003 -14"><span class='ocrx_word' id='word_1_25' title='bbox 53 590 146 646; x_wconf 86' lang='lat' dir='ltr'><strong>fuit</strong></span> <span class='ocrx_word' id='word_1_26' title='bbox 168 587 222 642; x_wconf 90' lang='lat' dir='ltr'><strong>in</strong></span> <span class='ocrx_word' id='word_1_27' title='bbox 253 584 638 642; x_wconf 75' lang='lat' dir='ltr'><strong>observatione</strong></span> <span class='ocrx_word' id='word_1_28' title='bbox 664 586 823 659; x_wconf 89' lang='lat' dir='ltr'><strong>legis,</strong></span> <span class='ocrx_word' id='word_1_29' title='bbox 864 585 988 643; x_wconf 89' lang='lat' dir='ltr'><strong>ideo</strong></span> <span class='ocrx_word' id='word_1_30' title='bbox 1009 602 1040 642; x_wconf 92' lang='lat' dir='ltr'><strong>a</strong></span> <span class='ocrx_word' id='word_1_31' title='bbox 1071 585 1184 642; x_wconf 87' lang='lat' dir='ltr'><strong>Deo</strong></span> <span class='ocrx_word' id='word_1_32' title='bbox 1208 601 1460 643; x_wconf 89' lang='lat' dir='ltr'><strong>summus</strong></span> <span class='ocrx_word' id='word_1_33' title='bbox 1490 601 1630 656; x_wconf 89' lang='lat' dir='ltr'><strong>pon-</strong></span> 
     </span>
    </p>
   </div>
   <div class='ocr_carea' id='block_1_6' title="bbox 50 677 1636 749">
    <p class='ocr_par' dir='ltr' id='par_1_6' title="bbox 50 677 1636 749">
     <span class='ocr_line' id='line_1_6' title="bbox 50 677 1636 749; baseline -0.003 -11"><span class='ocrx_word' id='word_1_34' title='bbox 50 681 167 739; x_wconf 68' lang='lat' dir='ltr'><strong>tiles</strong></span> <span class='ocrx_word' id='word_1_35' title='bbox 198 693 362 749; x_wconf 86' lang='lat' dir='ltr'><strong>super</strong></span> <span class='ocrx_word' id='word_1_36' title='bbox 379 677 597 748; x_wconf 83' lang='lat' dir='ltr'><strong>plebem</strong></span> <span class='ocrx_word' id='word_1_37' title='bbox 621 677 939 736; x_wconf 71' lang='lat' dir='ltr'><strong>indecorum</strong></span> <span class='ocrx_word' id='word_1_38' title='bbox 972 680 1300 737; x_wconf 77' lang='lat' dir='ltr'><strong>sublimatus</strong></span> <span class='ocrx_word' id='word_1_39' title='bbox 1329 687 1384 735; x_wconf 91' lang='lat' dir='ltr'><strong>et</strong></span> <span class='ocrx_word' id='word_1_40' title='bbox 1427 679 1636 736; x_wconf 55' lang='lat' dir='ltr'><strong>conﬁrs.</strong></span> 
     </span>
    </p>
   </div>
   <div class='ocr_carea' id='block_1_7' title="bbox 50 769 1632 846">
    <p class='ocr_par' dir='ltr' id='par_1_7' title="bbox 50 769 1632 846">
     <span class='ocr_line' id='line_1_7' title="bbox 50 769 1632 846; baseline 0 -16"><span class='ocrx_word' id='word_1_41' title='bbox 50 783 217 830; x_wconf 86' lang='lat' dir='ltr'><strong>matus</strong></span> <span class='ocrx_word' id='word_1_42' title='bbox 239 778 342 827; x_wconf 89' lang='lat' dir='ltr'><strong>est.</strong></span> <span class='ocrx_word' id='word_1_43' title='bbox 381 769 642 830; x_wconf 75' lang='lat' dir='ltr'><strong>Christus</strong></span> <span class='ocrx_word' id='word_1_44' title='bbox 670 789 910 846; x_wconf 89' lang='lat' dir='ltr'><strong>quoque,</strong></span> <span class='ocrx_word' id='word_1_45' title='bbox 939 775 1069 846; x_wconf 85' lang='lat' dir='ltr'><strong>quia</strong></span> <span class='ocrx_word' id='word_1_46' title='bbox 1107 773 1366 830; x_wconf 89' lang='lat' dir='ltr'><strong>obediens</strong></span> <span class='ocrx_word' id='word_1_47' title='bbox 1395 773 1500 830; x_wconf 90' lang='lat' dir='ltr'><strong>fuit</strong></span> <span class='ocrx_word' id='word_1_48' title='bbox 1527 772 1632 830; x_wconf 49' lang='lat' dir='ltr'><strong>Pas</strong></span> 
     </span>
    </p>
   </div>
   <div class='ocr_carea' id='block_1_8' title="bbox 51 863 1631 938">
    <p class='ocr_par' dir='ltr' id='par_1_8' title="bbox 51 863 1631 938">
     <span class='ocr_line' id='line_1_8' title="bbox 51 863 1631 938; baseline 0.001 -17"><span class='ocrx_word' id='word_1_49' title='bbox 51 867 110 921; x_wconf 85' lang='lat' dir='ltr'><strong>tri</strong></span> <span class='ocrx_word' id='word_1_50' title='bbox 137 878 306 935; x_wconf 88' lang='lat' dir='ltr'><strong>usque</strong></span> <span class='ocrx_word' id='word_1_51' title='bbox 330 863 397 918; x_wconf 89' lang='lat' dir='ltr'><strong>ad</strong></span> <span class='ocrx_word' id='word_1_52' title='bbox 419 875 679 935; x_wconf 83' lang='lat' dir='ltr'><strong>mortem,</strong></span> <span class='ocrx_word' id='word_1_53' title='bbox 702 882 829 923; x_wconf 91' lang='lat' dir='ltr'><strong>eum</strong></span> <span class='ocrx_word' id='word_1_54' title='bbox 851 866 1164 923; x_wconf 90' lang='lat' dir='ltr'><strong>sublimavit</strong></span> <span class='ocrx_word' id='word_1_55' title='bbox 1185 874 1240 922; x_wconf 89' lang='lat' dir='ltr'><strong>et</strong></span> <span class='ocrx_word' id='word_1_56' title='bbox 1283 867 1335 924; x_wconf 92' lang='lat' dir='ltr'><strong>ei</strong></span> <span class='ocrx_word' id='word_1_57' title='bbox 1366 885 1386 920; x_wconf 83' lang='grc' dir='ltr'><strong>ι</strong></span> <span class='ocrx_word' id='word_1_58' title='bbox 1421 865 1631 938; x_wconf 80' lang='lat' dir='ltr'><strong>juravit</strong></span> 
     </span>
    </p>
   </div>
   <div class='ocr_carea' id='block_1_9' title="bbox 53 957 1630 1030">
    <p class='ocr_par' dir='ltr' id='par_1_9' title="bbox 53 957 1630 1030">
     <span class='ocr_line' id='line_1_9' title="bbox 53 957 1630 1030; baseline 0.004 -20"><span class='ocrx_word' id='word_1_59' title='bbox 53 957 324 1022; x_wconf 82' lang='lat' dir='ltr'><strong>Dominus,</strong></span> <span class='ocrx_word' id='word_1_60' title='bbox 351 962 406 1010; x_wconf 90' lang='lat' dir='ltr'><strong>et</strong></span> <span class='ocrx_word' id='word_1_61' title='bbox 438 970 554 1014; x_wconf 86' lang='lat' dir='ltr'><strong>non</strong></span> <span class='ocrx_word' id='word_1_62' title='bbox 599 959 888 1030; x_wconf 63' lang='lat' dir='ltr'><strong>paenitebit</strong></span> <span class='ocrx_word' id='word_1_63' title='bbox 915 974 1041 1015; x_wconf 90' lang='lat' dir='ltr'><strong>eum</strong></span> <span class='ocrx_word' id='word_1_64' title='bbox 1072 977 1088 1016; x_wconf 91' lang='lat'><strong>:</strong></span> <span class='ocrx_word' id='word_1_65' title='bbox 1135 957 1321 1020; x_wconf 68' lang='lat' dir='ltr'><strong>Tu.,es</strong></span> <span class='ocrx_word' id='word_1_66' title='bbox 1369 957 1630 1016; x_wconf 85' lang='lat' dir='ltr'><strong>sacerdos</strong></span> 
     </span>
    </p>
   </div>
   <div class='ocr_carea' id='block_1_10' title="bbox 53 1040 1625 1125">
    <p class='ocr_par' dir='ltr' id='par_1_10' title="bbox 53 1040 1625 1125">
     <span class='ocr_line' id='line_1_10' title="bbox 53 1040 1625 1125; baseline 0.002 -22"><span class='ocrx_word' id='word_1_67' title='bbox 53 1049 100 1103; x_wconf 88' lang='lat' dir='ltr'><strong>in</strong></span> <span class='ocrx_word' id='word_1_68' title='bbox 129 1056 388 1103; x_wconf 57' lang='lat' dir='ltr'><strong>aeternum</strong></span> <span class='ocrx_word' id='word_1_69' title='bbox 417 1050 724 1106; x_wconf 78' lang='lat' dir='ltr'><strong>secundum</strong></span> <span class='ocrx_word' id='word_1_70' title='bbox 748 1050 996 1108; x_wconf 86' lang='lat' dir='ltr'><strong>ordinem</strong></span> <span class='ocrx_word' id='word_1_71' title='bbox 1020 1049 1416 1108; x_wconf 83' lang='lat' dir='ltr'><strong>Melchisedech</strong></span> <span class='ocrx_word' id='word_1_72' title='bbox 1449 1040 1625 1125; x_wconf 70' lang='lat' dir='ltr'><strong>(Paul.</strong></span> 
     </span>
    </p>
   </div>
   <div class='ocr_carea' id='block_1_11' title="bbox 50 1135 1629 1214">
    <p class='ocr_par' dir='ltr' id='par_1_11' title="bbox 50 1135 1629 1214">
     <span class='ocr_line' id='line_1_11' title="bbox 50 1135 1629 1214; baseline 0.001 -18"><span class='ocrx_word' id='word_1_73' title='bbox 50 1141 172 1213; x_wconf 66' lang='lat' dir='ltr'><strong>eux).</strong></span> <span class='ocrx_word' id='word_1_74' title='bbox 201 1151 228 1192; x_wconf 67' lang='grc' dir='ltr'>δ</span> <span class='ocrx_word' id='word_1_75' title='bbox 262 1135 467 1200; x_wconf 68' lang='lat' dir='ltr'><strong>Beatus</strong></span> <span class='ocrx_word' id='word_1_76' title='bbox 488 1151 710 1214; x_wconf 75' lang='lat' dir='ltr'><strong>quoque</strong></span> <span class='ocrx_word' id='word_1_77' title='bbox 742 1141 1008 1214; x_wconf 77' lang='lat' dir='ltr'><strong>pentifex,</strong></span> <span class='ocrx_word' id='word_1_78' title='bbox 1041 1143 1130 1200; x_wconf 92' lang='lat' dir='ltr'><strong>cui</strong></span> <span class='ocrx_word' id='word_1_79' title='bbox 1170 1143 1332 1200; x_wconf 82' lang='lat' dir='ltr'><strong>hodie</strong></span> <span class='ocrx_word' id='word_1_80' title='bbox 1367 1143 1629 1198; x_wconf 87' lang='lat' dir='ltr'><strong>solemni-</strong></span> 
     </span>
    </p>
   </div>
   <div class='ocr_carea' id='block_1_12' title="bbox 50 1234 1627 1308">
    <p class='ocr_par' dir='ltr' id='par_1_12' title="bbox 50 1234 1627 1308">
     <span class='ocr_line' id='line_1_12' title="bbox 50 1234 1627 1308; baseline 0.002 -19"><span class='ocrx_word' id='word_1_81' title='bbox 50 1247 246 1300; x_wconf 84' lang='lat' dir='ltr'><strong>zamus,</strong></span> <span class='ocrx_word' id='word_1_82' title='bbox 283 1248 418 1304; x_wconf 78' lang='lat' dir='ltr'><strong>quia</strong></span> <span class='ocrx_word' id='word_1_83' title='bbox 462 1234 734 1292; x_wconf 81' lang='lat' dir='ltr'><strong>excellens</strong></span> <span class='ocrx_word' id='word_1_84' title='bbox 776 1234 882 1292; x_wconf 89' lang='lat' dir='ltr'><strong>fuit</strong></span> <span class='ocrx_word' id='word_1_85' title='bbox 937 1235 995 1291; x_wconf 92' lang='lat' dir='ltr'><strong>in</strong></span> <span class='ocrx_word' id='word_1_86' title='bbox 1043 1235 1426 1292; x_wconf 89' lang='lat' dir='ltr'><strong>observatione</strong></span> <span class='ocrx_word' id='word_1_87' title='bbox 1471 1236 1627 1308; x_wconf 71' lang='lat' dir='ltr'><strong>legis,</strong></span> 
     </span>
    </p>
   </div>
   <div class='ocr_carea' id='block_1_13' title="bbox 45 1323 1628 1399">
    <p class='ocr_par' dir='ltr' id='par_1_13' title="bbox 45 1323 1628 1399">
     <span class='ocr_line' id='line_1_13' title="bbox 45 1323 1628 1399; baseline 0.003 -19"><span class='ocrx_word' id='word_1_88' title='bbox 45 1325 232 1381; x_wconf 87' lang='lat' dir='ltr'><strong>merito</strong></span> <span class='ocrx_word' id='word_1_89' title='bbox 255 1337 293 1379; x_wconf 13' lang='lat' dir='ltr'><strong>ea</strong></span> <span class='ocrx_word' id='word_1_90' title='bbox 317 1323 438 1384; x_wconf 82' lang='lat' dir='ltr'><strong>Deo</strong></span> <span class='ocrx_word' id='word_1_91' title='bbox 457 1337 578 1383; x_wconf 71' lang='lat' dir='ltr'><strong>non</strong></span> <span class='ocrx_word' id='word_1_92' title='bbox 603 1327 789 1384; x_wconf 80' lang='lat' dir='ltr'><strong>solum</strong></span> <span class='ocrx_word' id='word_1_93' title='bbox 809 1327 1172 1399; x_wconf 83' lang='lat' dir='ltr'><strong>spiritualiter</strong></span> <span class='ocrx_word' id='word_1_94' title='bbox 1195 1335 1251 1384; x_wconf 91' lang='lat' dir='ltr'><strong>et</strong></span> <span class='ocrx_word' id='word_1_95' title='bbox 1271 1327 1628 1396; x_wconf 63' lang='lat' dir='ltr'><strong>mternaliter,</strong></span> 
     </span>
    </p>
   </div>
   <div class='ocr_carea' id='block_1_14' title="bbox 44 1409 1628 1492">
    <p class='ocr_par' dir='ltr' id='par_1_14' title="bbox 44 1409 1628 1492">
     <span class='ocr_line' id='line_1_14' title="bbox 44 1409 1628 1492; baseline 0.001 -18"><span class='ocrx_word' id='word_1_96' title='bbox 44 1417 136 1474; x_wconf 83' lang='lat' dir='ltr'><strong>sed</strong></span> <span class='ocrx_word' id='word_1_97' title='bbox 166 1415 335 1474; x_wconf 69' lang='lat' dir='ltr'><strong>etiam</strong></span> <span class='ocrx_word' id='word_1_98' title='bbox 382 1409 759 1492; x_wconf 71' lang='lat' dir='ltr'><strong>temporali’ter</strong></span> <span class='ocrx_word' id='word_1_99' title='bbox 801 1409 874 1476; x_wconf 74' lang='lat' dir='ltr'><strong>ad</strong></span> <span class='ocrx_word' id='word_1_100' title='bbox 927 1425 1208 1477; x_wconf 74' lang='lat' dir='ltr'><strong>summum</strong></span> <span class='ocrx_word' id='word_1_101' title='bbox 1260 1419 1628 1477; x_wconf 86' lang='lat' dir='ltr'><strong>sacerdotium</strong></span> 
     </span>
    </p>
   </div>
   <div class='ocr_carea' id='block_1_15' title="bbox 46 1510 1630 1584">
    <p class='ocr_par' dir='ltr' id='par_1_15' title="bbox 46 1510 1630 1584">
     <span class='ocr_line' id='line_1_15' title="bbox 46 1510 1630 1584; baseline 0.003 -21"><span class='ocrx_word' id='word_1_102' title='bbox 46 1517 325 1581; x_wconf 84' lang='lat' dir='ltr'><strong>promotus</strong></span> <span class='ocrx_word' id='word_1_103' title='bbox 369 1521 473 1568; x_wconf 79' lang='lat' dir='ltr'><strong>est.</strong></span> <span class='ocrx_word' id='word_1_104' title='bbox 525 1510 644 1569; x_wconf 77' lang='lat' dir='ltr'><strong>Hoc</strong></span> <span class='ocrx_word' id='word_1_105' title='bbox 681 1513 766 1569; x_wconf 84' lang='lat' dir='ltr'><strong>est</strong></span> <span class='ocrx_word' id='word_1_106' title='bbox 803 1513 951 1584; x_wconf 85' lang='lat' dir='ltr'><strong>quod</strong></span> <span class='ocrx_word' id='word_1_107' title='bbox 973 1513 1268 1584; x_wconf 79' lang='lat' dir='ltr'><strong>Apostolus</strong></span> <span class='ocrx_word' id='word_1_108' title='bbox 1301 1513 1414 1569; x_wconf 86' lang='lat' dir='ltr'><strong>ait:</strong></span> <span class='ocrx_word' id='word_1_109' title='bbox 1461 1531 1480 1566; x_wconf 79' lang='grc' dir='ltr'><strong>ι</strong></span> <span class='ocrx_word' id='word_1_110' title='bbox 1524 1511 1630 1581; x_wconf 82' lang='lat' dir='ltr'><strong>Qui</strong></span> 
     </span>
    </p>
   </div>
   <div class='ocr_carea' id='block_1_16' title="bbox 1731 586 3320 660">
    <p class='ocr_par' dir='ltr' id='par_1_16' title="bbox 1731 586 3320 660">
     <span class='ocr_line' id='line_1_16' title="bbox 1731 586 3320 660; baseline 0.008 -18"><span class='ocrx_word' id='word_1_111' title='bbox 1731 587 1817 642; x_wconf 82' lang='lat' dir='ltr'><strong>lex</strong></span> <span class='ocrx_word' id='word_1_112' title='bbox 1852 602 1883 642; x_wconf 84' lang='lat' dir='ltr'><strong>a</strong></span> <span class='ocrx_word' id='word_1_113' title='bbox 1907 586 2214 655; x_wconf 77' lang='lat' dir='ltr'><strong>sacerdote,</strong></span> <span class='ocrx_word' id='word_1_114' title='bbox 2237 594 2293 642; x_wconf 90' lang='lat' dir='ltr'><strong>et</strong></span> <span class='ocrx_word' id='word_1_115' title='bbox 2320 587 2613 643; x_wconf 84' lang='lat' dir='ltr'><strong>consilium</strong></span> <span class='ocrx_word' id='word_1_116' title='bbox 2641 603 2673 644; x_wconf 89' lang='lat' dir='ltr'><strong>a</strong></span> <span class='ocrx_word' id='word_1_117' title='bbox 2698 589 2965 660; x_wconf 78' lang='lat' dir='ltr'><strong>sapiente,</strong></span> <span class='ocrx_word' id='word_1_118' title='bbox 2995 600 3051 648; x_wconf 91' lang='lat' dir='ltr'><strong>et</strong></span> <span class='ocrx_word' id='word_1_119' title='bbox 3079 609 3266 653; x_wconf 85' lang='lat' dir='ltr'><strong>sermo</strong></span> <span class='ocrx_word' id='word_1_120' title='bbox 3285 611 3320 655; x_wconf 70' lang='grc' dir='ltr'><strong>ι</strong></span> 
     </span>
    </p>
   </div>
   <div class='ocr_carea' id='block_1_17' title="bbox 1730 677 3324 759">
    <p class='ocr_par' dir='ltr' id='par_1_17' title="bbox 1730 677 3324 759">
     <span class='ocr_line' id='line_1_17' title="bbox 1730 677 3324 759; baseline 0.008 -25"><span class='ocrx_word' id='word_1_121' title='bbox 1730 679 1994 750; x_wconf 78' lang='lat' dir='ltr'><strong>propheta</strong></span> <span class='ocrx_word' id='word_1_122' title='bbox 2015 677 2236 751; x_wconf 74' lang='lat' dir='ltr'><strong>(Emit.</strong></span> <span class='ocrx_word' id='word_1_123' title='bbox 2269 678 2391 750; x_wconf 83' lang='lat' dir='ltr'><strong>vn).</strong></span> <span class='ocrx_word' id='word_1_124' title='bbox 2419 698 2438 730; x_wconf 78' lang='grc' dir='ltr'><strong>ι</strong></span> <span class='ocrx_word' id='word_1_125' title='bbox 2475 678 2522 733; x_wconf 89' lang='lat' dir='ltr'><strong>A</strong></span> <span class='ocrx_word' id='word_1_126' title='bbox 2549 695 2660 750; x_wconf 89' lang='lat' dir='ltr'><strong>quo</strong></span> <span class='ocrx_word' id='word_1_127' title='bbox 2687 695 2820 752; x_wconf 81' lang='lat' dir='ltr'><strong>ergo</strong></span> <span class='ocrx_word' id='word_1_128' title='bbox 2849 682 3094 742; x_wconf 75' lang='lat' dir='ltr'><strong>minores</strong></span> <span class='ocrx_word' id='word_1_129' title='bbox 3130 688 3324 759; x_wconf 77' lang='lat' dir='ltr'><strong>requi-</strong></span> 
     </span>
    </p>
   </div>
   <div class='ocr_carea' id='block_1_18' title="bbox 1730 771 3321 844">
    <p class='ocr_par' dir='ltr' id='par_1_18' title="bbox 1730 771 3321 844">
     <span class='ocr_line' id='line_1_18' title="bbox 1730 771 3321 844; baseline 0.006 -16"><span class='ocrx_word' id='word_1_130' title='bbox 1730 779 1855 828; x_wconf 85' lang='lat' dir='ltr'><strong>rent</strong></span> <span class='ocrx_word' id='word_1_131' title='bbox 1873 772 2075 844; x_wconf 76' lang='lat' dir='ltr'><strong>legem,</strong></span> <span class='ocrx_word' id='word_1_132' title='bbox 2107 785 2234 827; x_wconf 88' lang='lat' dir='ltr'><strong>cum</strong></span> <span class='ocrx_word' id='word_1_133' title='bbox 2268 771 2534 842; x_wconf 85' lang='lat' dir='ltr'><strong>scriptum</strong></span> <span class='ocrx_word' id='word_1_134' title='bbox 2565 772 2640 829; x_wconf 89' lang='lat' dir='ltr'><strong>sit</strong></span> <span class='ocrx_word' id='word_1_135' title='bbox 2683 791 2697 830; x_wconf 88' lang='lat'><strong>:</strong></span> <span class='ocrx_word' id='word_1_136' title='bbox 2750 792 2772 826; x_wconf 77' lang='grc' dir='ltr'><strong>ι</strong></span> <span class='ocrx_word' id='word_1_137' title='bbox 2803 773 2974 831; x_wconf 85' lang='lat' dir='ltr'><strong>Lahia</strong></span> <span class='ocrx_word' id='word_1_138' title='bbox 3014 781 3321 839; x_wconf 72' lang='lat' dir='ltr'><strong>sacerdotis</strong></span> 
     </span>
    </p>
   </div>
   <div class='ocr_carea' id='block_1_19' title="bbox 1728 864 3318 940">
    <p class='ocr_par' dir='ltr' id='par_1_19' title="bbox 1728 864 3318 940">
     <span class='ocr_line' id='line_1_19' title="bbox 1728 864 3318 940; baseline 0.011 -21"><span class='ocrx_word' id='word_1_139' title='bbox 1728 865 2057 938; x_wconf 77' lang='lat' dir='ltr'><strong>custodiunt</strong></span> <span class='ocrx_word' id='word_1_140' title='bbox 2093 864 2420 933; x_wconf 78' lang='lat' dir='ltr'><strong>scientiam,</strong></span> <span class='ocrx_word' id='word_1_141' title='bbox 2465 873 2520 921; x_wconf 91' lang='lat' dir='ltr'><strong>et</strong></span> <span class='ocrx_word' id='word_1_142' title='bbox 2562 865 2740 931; x_wconf 69' lang='lat' dir='ltr'><strong>legem</strong></span> <span class='ocrx_word' id='word_1_143' title='bbox 2793 867 3081 940; x_wconf 74' lang='lat' dir='ltr'><strong>requirent</strong></span> <span class='ocrx_word' id='word_1_144' title='bbox 3126 871 3194 928; x_wconf 89' lang='lat' dir='ltr'><strong>de</strong></span> <span class='ocrx_word' id='word_1_145' title='bbox 3221 887 3318 930; x_wconf 76' lang='lat' dir='ltr'><strong>ore</strong></span> 
     </span>
    </p>
   </div>
   <div class='ocr_carea' id='block_1_20' title="bbox 1724 956 2849 1030">
    <p class='ocr_par' dir='ltr' id='par_1_20' title="bbox 1724 956 2849 1030">
     <span class='ocr_line' id='line_1_20' title="bbox 1724 956 2849 1030; baseline -0.016 -15"><span class='ocrx_word' id='word_1_146' title='bbox 1724 957 1849 1030; x_wconf 67' lang='lat' dir='ltr'><strong>ejus</strong></span> <span class='ocrx_word' id='word_1_147' title='bbox 1873 956 2032 1030; x_wconf 73' lang='lat' dir='ltr'><strong>(Mat.</strong></span> <span class='ocrx_word' id='word_1_148' title='bbox 2058 958 2142 1028; x_wconf 67' lang='lat' dir='ltr'><strong>ll);</strong></span> <span class='ocrx_word' id='word_1_149' title='bbox 2175 974 2195 1008; x_wconf 76' lang='grc' dir='ltr'><strong>ι</strong></span> <span class='ocrx_word' id='word_1_150' title='bbox 2847 985 2849 988; x_wconf 46' lang='grc'>‹</span> 
     </span>
    </p>
   </div>
   <div class='ocr_carea' id='block_1_21' title="bbox 1797 1043 3319 1121">
    <p class='ocr_par' dir='ltr' id='par_1_21' title="bbox 1797 1043 3319 1121">
     <span class='ocr_line' id='line_1_21' title="bbox 1797 1043 3319 1121; baseline 0.005 -16"><span class='ocrx_word' id='word_1_151' title='bbox 1797 1043 2003 1105; x_wconf 77' lang='lat' dir='ltr'><strong>Octava</strong></span> <span class='ocrx_word' id='word_1_152' title='bbox 2045 1047 2219 1119; x_wconf 86' lang='lat' dir='ltr'><strong>gratia</strong></span> <span class='ocrx_word' id='word_1_153' title='bbox 2270 1055 2356 1102; x_wconf 87' lang='lat' dir='ltr'><strong>est</strong></span> <span class='ocrx_word' id='word_1_154' title='bbox 2396 1048 2721 1118; x_wconf 71' lang='lat' dir='ltr'><strong>approbabo</strong></span> <span class='ocrx_word' id='word_1_155' title='bbox 2761 1049 3186 1121; x_wconf 81' lang='lat' dir='ltr'><strong>benedictionis,</strong></span> <span class='ocrx_word' id='word_1_156' title='bbox 3249 1055 3319 1113; x_wconf 88' lang='lat' dir='ltr'><strong>do</strong></span> 
     </span>
    </p>
   </div>
   <div class='ocr_carea' id='block_1_22' title="bbox 1727 1139 3326 1214">
    <p class='ocr_par' dir='ltr' id='par_1_22' title="bbox 1727 1139 3326 1214">
     <span class='ocr_line' id='line_1_22' title="bbox 1727 1139 3326 1214; baseline 0.005 -19"><span class='ocrx_word' id='word_1_157' title='bbox 1727 1157 1838 1212; x_wconf 87' lang='lat' dir='ltr'><strong>qua</strong></span> <span class='ocrx_word' id='word_1_158' title='bbox 1869 1141 2165 1197; x_wconf 85' lang='lat' dir='ltr'><strong>subditur:</strong></span> <span class='ocrx_word' id='word_1_159' title='bbox 2194 1139 2468 1212; x_wconf 69' lang='lat' dir='ltr'><strong>Cognorit,</strong></span> <span class='ocrx_word' id='word_1_160' title='bbox 2509 1141 2562 1196; x_wconf 88' lang='lat' dir='ltr'><strong>id</strong></span> <span class='ocrx_word' id='word_1_161' title='bbox 2603 1150 2692 1198; x_wconf 89' lang='lat' dir='ltr'><strong>est</strong></span> <span class='ocrx_word' id='word_1_162' title='bbox 2741 1143 3062 1214; x_wconf 76' lang='lat' dir='ltr'><strong>approbavit</strong></span> <span class='ocrx_word' id='word_1_163' title='bbox 3105 1161 3226 1199; x_wconf 85' lang='lat' dir='ltr'><strong>eum</strong></span> <span class='ocrx_word' id='word_1_164' title='bbox 3261 1147 3326 1204; x_wconf 79' lang='lat' dir='ltr'><strong>in</strong></span> 
     </span>
    </p>
   </div>
   <div class='ocr_carea' id='block_1_23' title="bbox 1727 1230 3326 1304">
    <p class='ocr_par' dir='ltr' id='par_1_23' title="bbox 1727 1230 3326 1304">
     <span class='ocr_line' id='line_1_23' title="bbox 1727 1230 3326 1304; baseline 0.004 -18"><span class='ocrx_word' id='word_1_165' title='bbox 1727 1231 2180 1286; x_wconf 70' lang='lat' dir='ltr'><strong>benedictionibus</strong></span> <span class='ocrx_word' id='word_1_166' title='bbox 2219 1235 2351 1285; x_wconf 67' lang='lat' dir='ltr'><strong>suis;</strong></span> <span class='ocrx_word' id='word_1_167' title='bbox 2399 1230 2468 1285; x_wconf 85' lang='lat' dir='ltr'><strong>Et</strong></span> <span class='ocrx_word' id='word_1_168' title='bbox 2511 1230 2692 1286; x_wconf 81' lang='lat' dir='ltr'><strong>Aaron</strong></span> <span class='ocrx_word' id='word_1_169' title='bbox 2743 1233 2964 1304; x_wconf 84' lang='lat' dir='ltr'><strong>quidem</strong></span> <span class='ocrx_word' id='word_1_170' title='bbox 2989 1233 3045 1289; x_wconf 88' lang='lat' dir='ltr'><strong>in</strong></span> <span class='ocrx_word' id='word_1_171' title='bbox 3071 1233 3326 1293; x_wconf 85' lang='lat' dir='ltr'><strong>lsraelin&#39;</strong></span> 
     </span>
    </p>
   </div>
   <div class='ocr_carea' id='block_1_24' title="bbox 1730 1323 3322 1396">
    <p class='ocr_par' dir='ltr' id='par_1_24' title="bbox 1730 1323 3322 1396">
     <span class='ocr_line' id='line_1_24' title="bbox 1730 1323 3322 1396; baseline 0.003 -16"><span class='ocrx_word' id='word_1_172' title='bbox 1730 1328 1974 1396; x_wconf 82' lang='lat' dir='ltr'><strong>tempore</strong></span> <span class='ocrx_word' id='word_1_173' title='bbox 2001 1340 2103 1381; x_wconf 90' lang='lat' dir='ltr'><strong>suo</strong></span> <span class='ocrx_word' id='word_1_174' title='bbox 2125 1324 2317 1380; x_wconf 78' lang='lat' dir='ltr'><strong>habuit</strong></span> <span class='ocrx_word' id='word_1_175' title='bbox 2339 1323 2637 1381; x_wconf 84' lang='lat' dir='ltr'><strong>eﬁleaciam</strong></span> <span class='ocrx_word' id='word_1_176' title='bbox 2667 1325 3042 1384; x_wconf 80' lang='lat' dir='ltr'><strong>benedicendi.</strong></span> <span class='ocrx_word' id='word_1_177' title='bbox 3059 1328 3322 1385; x_wconf 74' lang='lat' dir='ltr'><strong>Christus</strong></span> 
     </span>
    </p>
   </div>
   <div class='ocr_carea' id='block_1_25' title="bbox 1729 1416 3319 1489">
    <p class='ocr_par' dir='ltr' id='par_1_25' title="bbox 1729 1416 3319 1489">
     <span class='ocr_line' id='line_1_25' title="bbox 1729 1416 3319 1489; baseline 0.004 -17"><span class='ocrx_word' id='word_1_178' title='bbox 1729 1427 1863 1472; x_wconf 82' lang='lat' dir='ltr'><strong>vero</strong></span> <span class='ocrx_word' id='word_1_179' title='bbox 1907 1432 2127 1488; x_wconf 84' lang='lat' dir='ltr'><strong>semper</strong></span> <span class='ocrx_word' id='word_1_180' title='bbox 2159 1427 2215 1473; x_wconf 89' lang='lat' dir='ltr'><strong>et</strong></span> <span class='ocrx_word' id='word_1_181' title='bbox 2261 1416 2467 1488; x_wconf 89' lang='lat' dir='ltr'><strong>ubique</strong></span> <span class='ocrx_word' id='word_1_182' title='bbox 2512 1432 2625 1473; x_wconf 90' lang='lat' dir='ltr'><strong>non</strong></span> <span class='ocrx_word' id='word_1_183' title='bbox 2665 1419 2844 1474; x_wconf 88' lang='lat' dir='ltr'><strong>solum</strong></span> <span class='ocrx_word' id='word_1_184' title='bbox 2883 1419 3181 1489; x_wconf 74' lang='lat' dir='ltr'><strong>benedixit,</strong></span> <span class='ocrx_word' id='word_1_185' title='bbox 3222 1424 3319 1478; x_wconf 89' lang='lat' dir='ltr'><strong>sed</strong></span> 
     </span>
    </p>
   </div>
   <div class='ocr_carea' id='block_1_26' title="bbox 1727 1507 3324 1584">
    <p class='ocr_par' dir='ltr' id='par_1_26' title="bbox 1727 1507 3324 1584">
     <span class='ocr_line' id='line_1_26' title="bbox 1727 1507 3324 1584; baseline 0.003 -18"><span class='ocrx_word' id='word_1_186' title='bbox 1727 1509 1894 1567; x_wconf 90' lang='lat' dir='ltr'><strong>etiam</strong></span> <span class='ocrx_word' id='word_1_187' title='bbox 1941 1509 2059 1580; x_wconf 88' lang='lat' dir='ltr'><strong>ipsa</strong></span> <span class='ocrx_word' id='word_1_188' title='bbox 2107 1509 2418 1564; x_wconf 84' lang='lat' dir='ltr'><strong>benedictio</strong></span> <span class='ocrx_word' id='word_1_189' title='bbox 2469 1507 2575 1578; x_wconf 81' lang='lat' dir='ltr'><strong>est,</strong></span> <span class='ocrx_word' id='word_1_190' title='bbox 2609 1510 2729 1566; x_wconf 90' lang='lat' dir='ltr'><strong>sine</strong></span> <span class='ocrx_word' id='word_1_191' title='bbox 2757 1518 2868 1583; x_wconf 70' lang='lat' dir='ltr'><strong>qua</strong></span> <span class='ocrx_word' id='word_1_192' title='bbox 2911 1513 3100 1570; x_wconf 87' lang='lat' dir='ltr'><strong>nullus</strong></span> <span class='ocrx_word' id='word_1_193' title='bbox 3141 1514 3324 1584; x_wconf 78' lang='lat' dir='ltr'><strong>potest</strong></span> 
     </span>
    </p>
   </div>
   <div class='ocr_carea' id='block_1_27' title="bbox 45 1600 3319 1677">
    <p class='ocr_par' dir='ltr' id='par_1_27' title="bbox 45 1600 3319 1677">
     <span class='ocr_line' id='line_1_27' title="bbox 45 1600 3319 1677; baseline 0.002 -22"><span class='ocrx_word' id='word_1_194' title='bbox 45 1600 176 1656; x_wconf 83' lang='lat' dir='ltr'><strong>bene</strong></span> <span class='ocrx_word' id='word_1_195' title='bbox 203 1603 661 1673; x_wconf 75' lang='lat' dir='ltr'><strong>ministr‘averint,</strong></span> <span class='ocrx_word' id='word_1_196' title='bbox 706 1603 912 1661; x_wconf 91' lang='lat' dir='ltr'><strong>bonum</strong></span> <span class='ocrx_word' id='word_1_197' title='bbox 943 1605 1174 1677; x_wconf 88' lang='lat' dir='ltr'><strong>gradum</strong></span> <span class='ocrx_word' id='word_1_198' title='bbox 1215 1605 1318 1662; x_wconf 85' lang='lat' dir='ltr'><strong>sibi</strong></span> <span class='ocrx_word' id='word_1_199' title='bbox 1343 1604 1633 1677; x_wconf 87' lang='lat' dir='ltr'><strong>acquirent</strong></span> <span class='ocrx_word' id='word_1_200' title='bbox 1730 1617 1854 1660; x_wconf 89' lang='lat' dir='ltr'><strong>esse</strong></span> <span class='ocrx_word' id='word_1_201' title='bbox 1905 1601 2250 1658; x_wconf 88' lang='lat' dir='ltr'><strong>benedictus.</strong></span> <span class='ocrx_word' id='word_1_202' title='bbox 2289 1601 2396 1657; x_wconf 85' lang='lat' dir='ltr'><strong>Sed</strong></span> <span class='ocrx_word' id='word_1_203' title='bbox 2429 1601 2596 1658; x_wconf 87' lang='lat' dir='ltr'><strong>etiam</strong></span> <span class='ocrx_word' id='word_1_204' title='bbox 2641 1602 2815 1659; x_wconf 87' lang='lat' dir='ltr'><strong>istum</strong></span> <span class='ocrx_word' id='word_1_205' title='bbox 2856 1604 3158 1676; x_wconf 87' lang='lat' dir='ltr'><strong>gloriosum</strong></span> <span class='ocrx_word' id='word_1_206' title='bbox 3181 1608 3319 1662; x_wconf 75' lang='lat' dir='ltr'><strong>coit-&#39;-</strong></span> 
     </span>
    </p>
   </div>
   <div class='ocr_carea' id='block_1_28' title="bbox 50 1689 1630 1769">
    <p class='ocr_par' dir='ltr' id='par_1_28' title="bbox 50 1689 1630 1769">
     <span class='ocr_line' id='line_1_28' title="bbox 50 1689 1630 1769; baseline 0.005 -23"><span class='ocrx_word' id='word_1_207' title='bbox 50 1690 100 1762; x_wconf 80' lang='grc' dir='ltr'><strong>(Ι</strong></span> <span class='ocrx_word' id='word_1_208' title='bbox 125 1689 259 1750; x_wconf 80' lang='lat' dir='ltr'><strong>Tim.</strong></span> <span class='ocrx_word' id='word_1_209' title='bbox 297 1696 406 1763; x_wconf 75' lang='lat' dir='ltr'><strong>ut).</strong></span> <span class='ocrx_word' id='word_1_210' title='bbox 443 1713 465 1748; x_wconf 79' lang='grc' dir='ltr'><strong>ι</strong></span> <span class='ocrx_word' id='word_1_211' title='bbox 515 1693 583 1750; x_wconf 87' lang='lat' dir='ltr'><strong>Et</strong></span> <span class='ocrx_word' id='word_1_212' title='bbox 627 1693 898 1753; x_wconf 83' lang='lat' dir='ltr'><strong>Dominus</strong></span> <span class='ocrx_word' id='word_1_213' title='bbox 948 1695 1006 1752; x_wconf 91' lang='lat' dir='ltr'><strong>in</strong></span> <span class='ocrx_word' id='word_1_214' title='bbox 1053 1694 1379 1769; x_wconf 63' lang='lat' dir='ltr'><strong>Evangelia:</strong></span> <span class='ocrx_word' id='word_1_215' title='bbox 1411 1716 1430 1750; x_wconf 90' lang='grc' dir='ltr'><strong>ι</strong></span> <span class='ocrx_word' id='word_1_216' title='bbox 1467 1694 1630 1754; x_wconf 86' lang='lat' dir='ltr'><strong>Omni</strong></span> 
     </span>
    </p>
   </div>
   <div class='ocr_carea' id='block_1_29' title="bbox 1730 1694 3317 1768">
    <p class='ocr_par' dir='ltr' id='par_1_29' title="bbox 1730 1694 3317 1768">
     <span class='ocr_line' id='line_1_29' title="bbox 1730 1694 3317 1768; baseline 0.003 -16"><span class='ocrx_word' id='word_1_217' title='bbox 1730 1694 1998 1752; x_wconf 71' lang='lat' dir='ltr'><strong>fossorem</strong></span> <span class='ocrx_word' id='word_1_218' title='bbox 2024 1696 2106 1754; x_wconf 89' lang='lat' dir='ltr'><strong>sic</strong></span> <span class='ocrx_word' id='word_1_219' title='bbox 2133 1695 2391 1768; x_wconf 74' lang='lat' dir='ltr'><strong>cognovit</strong></span> <span class='ocrx_word' id='word_1_220' title='bbox 2412 1695 2558 1752; x_wconf 85' lang='lat' dir='ltr'><strong>Deus</strong></span> <span class='ocrx_word' id='word_1_221' title='bbox 2588 1695 2646 1751; x_wconf 88' lang='lat' dir='ltr'><strong>in</strong></span> <span class='ocrx_word' id='word_1_222' title='bbox 2678 1697 3153 1756; x_wconf 84' lang='lat' dir='ltr'><strong>benedictionibus</strong></span> <span class='ocrx_word' id='word_1_223' title='bbox 3175 1699 3317 1767; x_wconf 71' lang='lat' dir='ltr'><strong>suis,</strong></span> 
     </span>
    </p>
   </div>
   <div class='ocr_carea' id='block_1_30' title="bbox 46 1777 3315 1862">
    <p class='ocr_par' dir='ltr' id='par_1_30' title="bbox 46 1777 3315 1862">
     <span class='ocr_line' id='line_1_30' title="bbox 46 1777 3315 1862; baseline 0.002 -22"><span class='ocrx_word' id='word_1_224' title='bbox 46 1782 256 1846; x_wconf 78' lang='lat' dir='ltr'><strong>habenti</strong></span> <span class='ocrx_word' id='word_1_225' title='bbox 278 1785 564 1842; x_wconf 89' lang='lat' dir='ltr'><strong>dabituret</strong></span> <span class='ocrx_word' id='word_1_226' title='bbox 585 1783 886 1844; x_wconf 83' lang='lat' dir='ltr'><strong>abundabit</strong></span> <span class='ocrx_word' id='word_1_227' title='bbox 916 1777 1101 1860; x_wconf 67' lang='lat' dir='ltr'><strong>(Matt.</strong></span> <span class='ocrx_word' id='word_1_228' title='bbox 1117 1794 1254 1858; x_wconf 81' lang='lat' dir='ltr'><strong>xxv;</strong></span> <span class='ocrx_word' id='word_1_229' title='bbox 1281 1788 1413 1846; x_wconf 76' lang='lat' dir='ltr'><strong>Luc.</strong></span> <span class='ocrx_word' id='word_1_230' title='bbox 1435 1790 1576 1862; x_wconf 74' lang='lat' dir='ltr'><strong>xix).</strong></span> <span class='ocrx_word' id='word_1_231' title='bbox 1602 1809 1621 1844; x_wconf 80' lang='grc' dir='ltr'><strong>ι</strong></span> <span class='ocrx_word' id='word_1_232' title='bbox 1660 1859 1697 1862; x_wconf 82' lang='lat'><em>_</em></span> <span class='ocrx_word' id='word_1_233' title='bbox 1730 1789 1879 1860; x_wconf 91' lang='lat' dir='ltr'><strong>quod</strong></span> <span class='ocrx_word' id='word_1_234' title='bbox 1947 1788 2016 1845; x_wconf 90' lang='lat' dir='ltr'><strong>ad</strong></span> <span class='ocrx_word' id='word_1_235' title='bbox 2069 1787 2511 1845; x_wconf 83' lang='lat' dir='ltr'><strong>benedictionem</strong></span> <span class='ocrx_word' id='word_1_236' title='bbox 2569 1787 2694 1860; x_wconf 88' lang='lat' dir='ltr'><strong>ejus</strong></span> <span class='ocrx_word' id='word_1_237' title='bbox 2758 1785 3148 1858; x_wconf 72' lang='lat' dir='ltr'><strong>benediceret,</strong></span> <span class='ocrx_word' id='word_1_238' title='bbox 3201 1791 3315 1848; x_wconf 70' lang='lat' dir='ltr'><strong>dte-</strong></span> 
     </span>
    </p>
   </div>
   <div class='ocr_carea' id='block_1_31' title="bbox 49 1859 3318 1955">
    <p class='ocr_par' dir='ltr' id='par_1_31' title="bbox 49 1859 3318 1955">
     <span class='ocr_line' id='line_1_31' title="bbox 49 1859 3318 1955; baseline 0.001 -17"><span class='ocrx_word' id='word_1_239' title='bbox 49 1881 194 1950; x_wconf 78' lang='lat' dir='ltr'><strong>Quod</strong></span> <span class='ocrx_word' id='word_1_240' title='bbox 222 1883 494 1954; x_wconf 82' lang='lat' dir='ltr'><strong>quosdam</strong></span> <span class='ocrx_word' id='word_1_241' title='bbox 527 1883 873 1952; x_wconf 76' lang='lat' dir='ltr'><strong>condemnat,</strong></span> <span class='ocrx_word' id='word_1_242' title='bbox 925 1884 1022 1955; x_wconf 87' lang='lat' dir='ltr'><strong>qui</strong></span> <span class='ocrx_word' id='word_1_243' title='bbox 1075 1899 1186 1940; x_wconf 91' lang='lat' dir='ltr'><strong>non</strong></span> <span class='ocrx_word' id='word_1_244' title='bbox 1227 1885 1440 1941; x_wconf 90' lang='lat' dir='ltr'><strong>meritis</strong></span> <span class='ocrx_word' id='word_1_245' title='bbox 1491 1859 1633 1954; x_wconf 62' lang='lat' dir='ltr'><strong>suis;</strong></span> <span class='ocrx_word' id='word_1_246' title='bbox 1660 1859 1705 1920; x_wconf 71' lang='grc' dir='ltr'><strong>Β</strong></span> <span class='ocrx_word' id='word_1_247' title='bbox 1732 1859 2014 1938; x_wconf 78' lang='lat' dir='ltr'><strong>moniacos</strong></span> <span class='ocrx_word' id='word_1_248' title='bbox 2040 1880 2318 1949; x_wconf 85' lang='lat' dir='ltr'><strong>liberaret,</strong></span> <span class='ocrx_word' id='word_1_249' title='bbox 2369 1895 2546 1954; x_wconf 67' lang='lat' dir='ltr'><strong>aegros</strong></span> <span class='ocrx_word' id='word_1_250' title='bbox 2584 1859 2825 1948; x_wconf 87' lang='lat' dir='ltr'><strong>sanaret,</strong></span> <span class='ocrx_word' id='word_1_251' title='bbox 2857 1891 3036 1952; x_wconf 90' lang='lat' dir='ltr'><strong>pestes</strong></span> <span class='ocrx_word' id='word_1_252' title='bbox 3078 1883 3318 1955; x_wconf 80' lang='lat' dir='ltr'><strong>fugaret,</strong></span> 
     </span>
    </p>
   </div>
   <div class='ocr_carea' id='block_1_32' title="bbox 49 1973 1630 2048">
    <p class='ocr_par' dir='ltr' id='par_1_32' title="bbox 49 1973 1630 2048">
     <span class='ocr_line' id='line_1_32' title="bbox 49 1973 1630 2048; baseline 0.003 -18"><span class='ocrx_word' id='word_1_253' title='bbox 49 1973 134 2030; x_wconf 85' lang='lat' dir='ltr'><strong>sed</strong></span> <span class='ocrx_word' id='word_1_254' title='bbox 161 1973 344 2045; x_wconf 90' lang='lat' dir='ltr'><strong>potius</strong></span> <span class='ocrx_word' id='word_1_255' title='bbox 379 1975 621 2032; x_wconf 84' lang='lat' dir='ltr'><strong>nummis</strong></span> <span class='ocrx_word' id='word_1_256' title='bbox 633 1974 1064 2047; x_wconf 74' lang='lat' dir='ltr'><strong>suifragantibus</strong></span> <span class='ocrx_word' id='word_1_257' title='bbox 1075 1975 1386 2046; x_wconf 88' lang='lat' dir='ltr'><strong>perniciose</strong></span> <span class='ocrx_word' id='word_1_258' title='bbox 1409 1987 1630 2048; x_wconf 89' lang='lat' dir='ltr'><strong>promo—</strong></span> 
     </span>
    </p>
   </div>
   <div class='ocr_carea' id='block_1_33' title="bbox 51 2065 1628 2142">
    <p class='ocr_par' dir='ltr' id='par_1_33' title="bbox 51 2065 1628 2142">
     <span class='ocr_line' id='line_1_33' title="bbox 51 2065 1628 2142; baseline 0.002 -21"><span class='ocrx_word' id='word_1_259' title='bbox 51 2076 247 2123; x_wconf 79' lang='lat' dir='ltr'><strong>ventur.</strong></span> <span class='ocrx_word' id='word_1_260' title='bbox 279 2065 362 2123; x_wconf 88' lang='lat' dir='ltr'><strong>De</strong></span> <span class='ocrx_word' id='word_1_261' title='bbox 390 2068 592 2139; x_wconf 87' lang='lat' dir='ltr'><strong>quibus</strong></span> <span class='ocrx_word' id='word_1_262' title='bbox 640 2066 910 2125; x_wconf 89' lang='lat' dir='ltr'><strong>Dominus</strong></span> <span class='ocrx_word' id='word_1_263' title='bbox 942 2083 1039 2140; x_wconf 89' lang='lat' dir='ltr'><strong>per</strong></span> <span class='ocrx_word' id='word_1_264' title='bbox 1069 2069 1428 2140; x_wconf 89' lang='lat' dir='ltr'><strong>prophetam:</strong></span> <span class='ocrx_word' id='word_1_265' title='bbox 1459 2089 1478 2122; x_wconf 86' lang='grc' dir='ltr'><strong>ι</strong></span> <span class='ocrx_word' id='word_1_266' title='bbox 1519 2069 1628 2142; x_wconf 87' lang='lat' dir='ltr'><strong>lpsi</strong></span> 
     </span>
    </p>
   </div>
   <div class='ocr_carea' id='block_1_34' title="bbox 50 2159 1629 2232">
    <p class='ocr_par' dir='ltr' id='par_1_34' title="bbox 50 2159 1629 2232">
     <span class='ocr_line' id='line_1_34' title="bbox 50 2159 1629 2232; baseline 0.002 -18"><span class='ocrx_word' id='word_1_267' title='bbox 50 2169 419 2231; x_wconf 79' lang='lat' dir='ltr'><strong>regnaverunt,</strong></span> <span class='ocrx_word' id='word_1_268' title='bbox 449 2169 636 2218; x_wconf 87' lang='lat' dir='ltr'><strong>etnon</strong></span> <span class='ocrx_word' id='word_1_269' title='bbox 654 2175 725 2217; x_wconf 81' lang='lat' dir='ltr'><strong>ex</strong></span> <span class='ocrx_word' id='word_1_270' title='bbox 745 2175 854 2217; x_wconf 87' lang='lat' dir='ltr'><strong>me.</strong></span> <span class='ocrx_word' id='word_1_271' title='bbox 885 2159 1165 2232; x_wconf 86' lang='lat' dir='ltr'><strong>Principes</strong></span> <span class='ocrx_word' id='word_1_272' title='bbox 1199 2161 1543 2230; x_wconf 86' lang='lat' dir='ltr'><strong>exstiterunt,</strong></span> <span class='ocrx_word' id='word_1_273' title='bbox 1575 2171 1629 2217; x_wconf 87' lang='lat' dir='ltr'><strong>et</strong></span> 
     </span>
    </p>
   </div>
   <div class='ocr_carea' id='block_1_35' title="bbox 47 2250 1627 2326">
    <p class='ocr_par' dir='ltr' id='par_1_35' title="bbox 47 2250 1627 2326">
     <span class='ocr_line' id='line_1_35' title="bbox 47 2250 1627 2326; baseline 0 -18"><span class='ocrx_word' id='word_1_274' title='bbox 47 2270 140 2324; x_wconf 80' lang='lat' dir='ltr'><strong>ego</strong></span> <span class='ocrx_word' id='word_1_275' title='bbox 157 2253 403 2324; x_wconf 81' lang='lat' dir='ltr'><strong>ignoravi</strong></span> <span class='ocrx_word' id='word_1_276' title='bbox 421 2251 568 2326; x_wconf 82' lang='lat' dir='ltr'><strong>(Ose.</strong></span> <span class='ocrx_word' id='word_1_277' title='bbox 588 2254 734 2325; x_wconf 78' lang='lat' dir='ltr'><strong>vni).</strong></span> <span class='ocrx_word' id='word_1_278' title='bbox 766 2271 787 2306; x_wconf 79' lang='grc' dir='ltr'><strong>ι</strong></span> <span class='ocrx_word' id='word_1_279' title='bbox 806 2250 921 2310; x_wconf 83' lang='lat' dir='ltr'><strong>Hos</strong></span> <span class='ocrx_word' id='word_1_280' title='bbox 943 2252 1090 2310; x_wconf 85' lang='lat' dir='ltr'><strong>enim</strong></span> <span class='ocrx_word' id='word_1_281' title='bbox 1105 2253 1275 2324; x_wconf 79' lang='lat' dir='ltr'><strong>judex</strong></span> <span class='ocrx_word' id='word_1_282' title='bbox 1301 2253 1555 2309; x_wconf 88' lang='lat' dir='ltr'><strong>internus</strong></span> <span class='ocrx_word' id='word_1_283' title='bbox 1571 2263 1627 2309; x_wconf 91' lang='lat' dir='ltr'><strong>et</strong></span> 
     </span>
    </p>
   </div>
   <div class='ocr_carea' id='block_1_36' title="bbox 50 2346 1632 2419">
    <p class='ocr_par' dir='ltr' id='par_1_36' title="bbox 50 2346 1632 2419">
     <span class='ocr_line' id='line_1_36' title="bbox 50 2346 1632 2419; baseline 0.001 -18"><span class='ocrx_word' id='word_1_284' title='bbox 50 2347 276 2417; x_wconf 66' lang='lat' dir='ltr'><strong>provehit</strong></span> <span class='ocrx_word' id='word_1_285' title='bbox 301 2347 571 2413; x_wconf 89' lang='lat' dir='ltr'><strong>etnescit,</strong></span> <span class='ocrx_word' id='word_1_286' title='bbox 587 2346 719 2418; x_wconf 88' lang='lat' dir='ltr'><strong>quia</strong></span> <span class='ocrx_word' id='word_1_287' title='bbox 745 2361 887 2418; x_wconf 88' lang='lat' dir='ltr'><strong>quos</strong></span> <span class='ocrx_word' id='word_1_288' title='bbox 901 2347 1266 2418; x_wconf 90' lang='lat' dir='ltr'><strong>permittendo</strong></span> <span class='ocrx_word' id='word_1_289' title='bbox 1289 2347 1504 2414; x_wconf 86' lang='lat' dir='ltr'><strong>tolerat,</strong></span> <span class='ocrx_word' id='word_1_290' title='bbox 1529 2361 1632 2419; x_wconf 89' lang='lat' dir='ltr'><strong>per</strong></span> 
     </span>
    </p>
   </div>
   <div class='ocr_carea' id='block_1_37' title="bbox 49 2433 1627 2510">
    <p class='ocr_par' dir='ltr' id='par_1_37' title="bbox 49 2433 1627 2510">
     <span class='ocr_line' id='line_1_37' title="bbox 49 2433 1627 2510; baseline 0.001 -17"><span class='ocrx_word' id='word_1_291' title='bbox 49 2439 291 2510; x_wconf 81' lang='lat' dir='ltr'><strong>judicium</strong></span> <span class='ocrx_word' id='word_1_292' title='bbox 315 2437 726 2510; x_wconf 87' lang='lat' dir='ltr'><strong>reprobationis</strong></span> <span class='ocrx_word' id='word_1_293' title='bbox 760 2437 996 2510; x_wconf 78' lang='lat' dir='ltr'><strong>ignorat.</strong></span> <span class='ocrx_word' id='word_1_294' title='bbox 1036 2433 1201 2494; x_wconf 88' lang='lat' dir='ltr'><strong>Sexta</strong></span> <span class='ocrx_word' id='word_1_295' title='bbox 1229 2439 1404 2510; x_wconf 89' lang='lat' dir='ltr'><strong>gratia</strong></span> <span class='ocrx_word' id='word_1_296' title='bbox 1461 2446 1545 2494; x_wconf 90' lang='lat' dir='ltr'><strong>est</strong></span> <span class='ocrx_word' id='word_1_297' title='bbox 1565 2455 1627 2494; x_wconf 89' lang='lat' dir='ltr'><strong>o-</strong></span> 
     </span>
    </p>
   </div>
   <div class='ocr_carea' id='block_1_38' title="bbox 49 2527 1622 2606">
    <p class='ocr_par' dir='ltr' id='par_1_38' title="bbox 49 2527 1622 2606">
     <span class='ocr_line' id='line_1_38' title="bbox 49 2527 1622 2606; baseline -0.003 -18"><span class='ocrx_word' id='word_1_298' title='bbox 49 2533 182 2606; x_wconf 81' lang='lat' dir='ltr'><strong>pinio</strong></span> <span class='ocrx_word' id='word_1_299' title='bbox 201 2531 370 2602; x_wconf 84' lang='lat' dir='ltr'><strong>bona,</strong></span> <span class='ocrx_word' id='word_1_300' title='bbox 394 2531 462 2591; x_wconf 82' lang='lat' dir='ltr'><strong>de</strong></span> <span class='ocrx_word' id='word_1_301' title='bbox 490 2546 598 2606; x_wconf 85' lang='lat' dir='ltr'><strong>qua</strong></span> <span class='ocrx_word' id='word_1_302' title='bbox 623 2527 906 2590; x_wconf 88' lang='lat' dir='ltr'><strong>subditur:</strong></span> <span class='ocrx_word' id='word_1_303' title='bbox 934 2527 1362 2585; x_wconf 81' lang='lat' dir='ltr'><strong>Benedictionem</strong></span> <span class='ocrx_word' id='word_1_304' title='bbox 1385 2530 1622 2584; x_wconf 83' lang='lat' dir='ltr'><strong>omnium</strong></span> 
     </span>
    </p>
   </div>
   <div class='ocr_carea' id='block_1_39' title="bbox 49 2621 1620 2700">
    <p class='ocr_par' dir='ltr' id='par_1_39' title="bbox 49 2621 1620 2700">
     <span class='ocr_line' id='line_1_39' title="bbox 49 2621 1620 2700; baseline 0 -18"><span class='ocrx_word' id='word_1_305' title='bbox 49 2629 263 2700; x_wconf 71' lang='lat' dir='ltr'><strong>gentium</strong></span> <span class='ocrx_word' id='word_1_306' title='bbox 290 2627 447 2683; x_wconf 75' lang='lat' dir='ltr'><strong>dedit</strong></span> <span class='ocrx_word' id='word_1_307' title='bbox 485 2627 594 2682; x_wconf 75' lang='lat' dir='ltr'><strong>iiii.</strong></span> <span class='ocrx_word' id='word_1_308' title='bbox 639 2624 793 2682; x_wconf 85' lang='lat' dir='ltr'><strong>Bona</strong></span> <span class='ocrx_word' id='word_1_309' title='bbox 819 2621 1042 2697; x_wconf 85' lang='lat' dir='ltr'><strong>quidem</strong></span> <span class='ocrx_word' id='word_1_310' title='bbox 1085 2625 1274 2698; x_wconf 82' lang='lat' dir='ltr'><strong>Opinio</strong></span> <span class='ocrx_word' id='word_1_311' title='bbox 1302 2634 1620 2683; x_wconf 88' lang='lat' dir='ltr'><strong>sanctorum</strong></span> 
     </span>
    </p>
   </div>
   <div class='ocr_carea' id='block_1_40' title="bbox 48 2717 1623 2791">
    <p class='ocr_par' dir='ltr' id='par_1_40' title="bbox 48 2717 1623 2791">
     <span class='ocr_line' id='line_1_40' title="bbox 48 2717 1623 2791; baseline -0.001 -15"><span class='ocrx_word' id='word_1_312' title='bbox 48 2728 123 2776; x_wconf 80' lang='lat' dir='ltr'><strong>est</strong></span> <span class='ocrx_word' id='word_1_313' title='bbox 164 2729 329 2776; x_wconf 82' lang='lat' dir='ltr'><strong>causa</strong></span> <span class='ocrx_word' id='word_1_314' title='bbox 369 2717 498 2791; x_wconf 92' lang='lat' dir='ltr'><strong>quia</strong></span> <span class='ocrx_word' id='word_1_315' title='bbox 534 2718 641 2790; x_wconf 87' lang='lat' dir='ltr'><strong>ipsi</strong></span> <span class='ocrx_word' id='word_1_316' title='bbox 692 2717 764 2774; x_wconf 88' lang='lat' dir='ltr'><strong>ab</strong></span> <span class='ocrx_word' id='word_1_317' title='bbox 813 2718 1072 2774; x_wconf 89' lang='lat' dir='ltr'><strong>omnibus</strong></span> <span class='ocrx_word' id='word_1_318' title='bbox 1109 2717 1364 2790; x_wconf 88' lang='lat' dir='ltr'><strong>gentibus</strong></span> <span class='ocrx_word' id='word_1_319' title='bbox 1394 2718 1623 2774; x_wconf 82' lang='lat' dir='ltr'><strong>benedi-</strong></span> 
     </span>
    </p>
   </div>
   <div class='ocr_carea' id='block_1_41' title="bbox 51 2808 1620 2880">
    <p class='ocr_par' dir='ltr' id='par_1_41' title="bbox 51 2808 1620 2880">
     <span class='ocr_line' id='line_1_41' title="bbox 51 2808 1620 2880; baseline -0.002 -13"><span class='ocrx_word' id='word_1_320' title='bbox 51 2819 225 2868; x_wconf 86' lang='lat' dir='ltr'><strong>cantur</strong></span> <span class='ocrx_word' id='word_1_321' title='bbox 245 2819 301 2868; x_wconf 90' lang='lat' dir='ltr'><strong>et</strong></span> <span class='ocrx_word' id='word_1_322' title='bbox 368 2809 682 2866; x_wconf 88' lang='lat' dir='ltr'><strong>laudentur.</strong></span> <span class='ocrx_word' id='word_1_323' title='bbox 735 2808 873 2864; x_wconf 87' lang='lat' dir='ltr'><strong>Data</strong></span> <span class='ocrx_word' id='word_1_324' title='bbox 923 2817 1008 2866; x_wconf 89' lang='lat' dir='ltr'><strong>est</strong></span> <span class='ocrx_word' id='word_1_325' title='bbox 1036 2809 1238 2880; x_wconf 87' lang='lat' dir='ltr'><strong>quippe</strong></span> <span class='ocrx_word' id='word_1_326' title='bbox 1280 2809 1463 2864; x_wconf 84' lang='lat' dir='ltr'><strong>Aaron</strong></span> <span class='ocrx_word' id='word_1_327' title='bbox 1509 2818 1620 2864; x_wconf 85' lang='lat' dir='ltr'><strong>tam</strong></span> 
     </span>
    </p>
   </div>
   <div class='ocr_carea' id='block_1_42' title="bbox 50 2899 1619 2976">
    <p class='ocr_par' dir='ltr' id='par_1_42' title="bbox 50 2899 1619 2976">
     <span class='ocr_line' id='line_1_42' title="bbox 50 2899 1619 2976; baseline -0.001 -17"><span class='ocrx_word' id='word_1_328' title='bbox 50 2905 212 2960; x_wconf 77' lang='lat' dir='ltr'><strong>suavis</strong></span> <span class='ocrx_word' id='word_1_329' title='bbox 231 2903 428 2976; x_wconf 84' lang='lat' dir='ltr'><strong>Opinio</strong></span> <span class='ocrx_word' id='word_1_330' title='bbox 453 2901 695 2958; x_wconf 90' lang='lat' dir='ltr'><strong>nominis</strong></span> <span class='ocrx_word' id='word_1_331' title='bbox 724 2910 785 2958; x_wconf 92' lang='lat' dir='ltr'><strong>ut</strong></span> <span class='ocrx_word' id='word_1_332' title='bbox 837 2915 1032 2958; x_wconf 89' lang='lat' dir='ltr'><strong>omnes</strong></span> <span class='ocrx_word' id='word_1_333' title='bbox 1072 2900 1169 2972; x_wconf 88' lang='lat' dir='ltr'><strong>qui</strong></span> <span class='ocrx_word' id='word_1_334' title='bbox 1207 2899 1275 2957; x_wconf 90' lang='lat' dir='ltr'><strong>de</strong></span> <span class='ocrx_word' id='word_1_335' title='bbox 1316 2915 1384 2957; x_wconf 89' lang='lat' dir='ltr'><strong>eo</strong></span> <span class='ocrx_word' id='word_1_336' title='bbox 1411 2900 1619 2974; x_wconf 82' lang='lat' dir='ltr'><strong>legunt,</strong></span> 
     </span>
    </p>
   </div>
   <div class='ocr_carea' id='block_1_43' title="bbox 49 2991 1622 3064">
    <p class='ocr_par' dir='ltr' id='par_1_43' title="bbox 49 2991 1622 3064">
     <span class='ocr_line' id='line_1_43' title="bbox 49 2991 1622 3064; baseline -0.002 -13"><span class='ocrx_word' id='word_1_337' title='bbox 49 3012 158 3051; x_wconf 89' lang='lat' dir='ltr'><strong>eum</strong></span> <span class='ocrx_word' id='word_1_338' title='bbox 205 2995 559 3052; x_wconf 88' lang='lat' dir='ltr'><strong>benedicunt.</strong></span> <span class='ocrx_word' id='word_1_339' title='bbox 596 2992 818 3050; x_wconf 88' lang='lat' dir='ltr'><strong>Christo</strong></span> <span class='ocrx_word' id='word_1_340' title='bbox 850 3006 1072 3064; x_wconf 88' lang='lat' dir='ltr'><strong>quoque</strong></span> <span class='ocrx_word' id='word_1_341' title='bbox 1109 2991 1298 3049; x_wconf 86' lang='lat' dir='ltr'><strong>datum</strong></span> <span class='ocrx_word' id='word_1_342' title='bbox 1339 3001 1444 3063; x_wconf 90' lang='lat' dir='ltr'><strong>est,</strong></span> <span class='ocrx_word' id='word_1_343' title='bbox 1468 3001 1532 3048; x_wconf 90' lang='lat' dir='ltr'><strong>ut</strong></span> <span class='ocrx_word' id='word_1_344' title='bbox 1564 2993 1622 3048; x_wconf 93' lang='lat' dir='ltr'><strong>in</strong></span> 
     </span>
    </p>
   </div>
   <div class='ocr_carea' id='block_1_44' title="bbox 53 3083 1618 3153">
    <p class='ocr_par' dir='ltr' id='par_1_44' title="bbox 53 3083 1618 3153">
     <span class='ocr_line' id='line_1_44' title="bbox 53 3083 1618 3153; baseline -0.001 -11"><span class='ocrx_word' id='word_1_345' title='bbox 53 3087 340 3142; x_wconf 84' lang='lat' dir='ltr'><strong>admirabili</strong></span> <span class='ocrx_word' id='word_1_346' title='bbox 378 3085 621 3142; x_wconf 88' lang='lat' dir='ltr'><strong>nominis</strong></span> <span class='ocrx_word' id='word_1_347' title='bbox 675 3083 762 3141; x_wconf 92' lang='lat' dir='ltr'><strong>sui</strong></span> <span class='ocrx_word' id='word_1_348' title='bbox 817 3083 1108 3153; x_wconf 85' lang='lat' dir='ltr'><strong>suavitate,</strong></span> <span class='ocrx_word' id='word_1_349' title='bbox 1134 3099 1247 3140; x_wconf 88' lang='lat' dir='ltr'><strong>non</strong></span> <span class='ocrx_word' id='word_1_350' title='bbox 1278 3084 1460 3140; x_wconf 89' lang='lat' dir='ltr'><strong>solum</strong></span> <span class='ocrx_word' id='word_1_351' title='bbox 1489 3099 1618 3140; x_wconf 90' lang='lat' dir='ltr'><strong>eum</strong></span> 
     </span>
    </p>
   </div>
   <div class='ocr_carea' id='block_1_45' title="bbox 56 3174 1621 3235">
    <p class='ocr_par' dir='ltr' id='par_1_45' title="bbox 56 3174 1621 3235">
     <span class='ocr_line' id='line_1_45' title="bbox 56 3174 1621 3235; baseline -0.001 -1"><span class='ocrx_word' id='word_1_352' title='bbox 56 3179 360 3235; x_wconf 86' lang='lat' dir='ltr'><strong>benedicant</strong></span> <span class='ocrx_word' id='word_1_353' title='bbox 423 3177 517 3234; x_wconf 85' lang='lat' dir='ltr'><strong>sed</strong></span> <span class='ocrx_word' id='word_1_354' title='bbox 554 3185 617 3232; x_wconf 87' lang='lat' dir='ltr'><strong>ut</strong></span> <span class='ocrx_word' id='word_1_355' title='bbox 667 3175 918 3232; x_wconf 89' lang='lat' dir='ltr'><strong>etiamin</strong></span> <span class='ocrx_word' id='word_1_356' title='bbox 961 3191 1030 3232; x_wconf 88' lang='lat' dir='ltr'><strong>eo</strong></span> <span class='ocrx_word' id='word_1_357' title='bbox 1073 3174 1472 3233; x_wconf 81' lang='lat' dir='ltr'><strong>benedicentur</strong></span> <span class='ocrx_word' id='word_1_358' title='bbox 1499 3191 1621 3232; x_wconf 90' lang='lat' dir='ltr'><strong>om-</strong></span> 
     </span>
    </p>
   </div>
   <div class='ocr_carea' id='block_1_46' title="bbox 54 3266 1618 3344">
    <p class='ocr_par' dir='ltr' id='par_1_46' title="bbox 54 3266 1618 3344">
     <span class='ocr_line' id='line_1_46' title="bbox 54 3266 1618 3344; baseline -0.001 -19"><span class='ocrx_word' id='word_1_359' title='bbox 54 3287 138 3327; x_wconf 86' lang='lat' dir='ltr'><strong>nes</strong></span> <span class='ocrx_word' id='word_1_360' title='bbox 179 3280 382 3344; x_wconf 87' lang='lat' dir='ltr'><strong>gentes.</strong></span> <span class='ocrx_word' id='word_1_361' title='bbox 443 3267 607 3326; x_wconf 83' lang='lat' dir='ltr'><strong>lstius</strong></span> <span class='ocrx_word' id='word_1_362' title='bbox 633 3283 856 3341; x_wconf 87' lang='lat' dir='ltr'><strong>quoque</strong></span> <span class='ocrx_word' id='word_1_363' title='bbox 877 3268 1020 3324; x_wconf 84' lang='lat' dir='ltr'><strong>beati</strong></span> <span class='ocrx_word' id='word_1_364' title='bbox 1051 3266 1390 3326; x_wconf 78' lang='lat' dir='ltr'><strong>confessoris</strong></span> <span class='ocrx_word' id='word_1_365' title='bbox 1411 3268 1618 3342; x_wconf 84' lang='lat' dir='ltr'><strong>glorio-</strong></span> 
     </span>
    </p>
   </div>
   <div class='ocr_carea' id='block_1_47' title="bbox 54 3361 1620 3434">
    <p class='ocr_par' dir='ltr' id='par_1_47' title="bbox 54 3361 1620 3434">
     <span class='ocr_line' id='line_1_47' title="bbox 54 3361 1620 3434; baseline -0.001 -16"><span class='ocrx_word' id='word_1_366' title='bbox 54 3379 154 3419; x_wconf 87' lang='lat' dir='ltr'><strong>sam</strong></span> <span class='ocrx_word' id='word_1_367' title='bbox 190 3364 355 3420; x_wconf 88' lang='lat' dir='ltr'><strong>vitam</strong></span> <span class='ocrx_word' id='word_1_368' title='bbox 409 3371 465 3419; x_wconf 89' lang='lat' dir='ltr'><strong>et</strong></span> <span class='ocrx_word' id='word_1_369' title='bbox 511 3361 983 3418; x_wconf 88' lang='lat' dir='ltr'><strong>conversationem</strong></span> <span class='ocrx_word' id='word_1_370' title='bbox 1022 3362 1340 3434; x_wconf 89' lang='lat' dir='ltr'><strong>quicunque</strong></span> <span class='ocrx_word' id='word_1_371' title='bbox 1387 3361 1620 3417; x_wconf 88' lang='lat' dir='ltr'><strong>audiunt</strong></span> 
     </span>
    </p>
   </div>
   <div class='ocr_carea' id='block_1_48' title="bbox 55 3451 1617 3528">
    <p class='ocr_par' dir='ltr' id='par_1_48' title="bbox 55 3451 1617 3528">
     <span class='ocr_line' id='line_1_48' title="bbox 55 3451 1617 3528; baseline 0 -20"><span class='ocrx_word' id='word_1_372' title='bbox 55 3455 124 3510; x_wconf 79' lang='lat' dir='ltr'><strong>vel</strong></span> <span class='ocrx_word' id='word_1_373' title='bbox 150 3455 347 3528; x_wconf 85' lang='lat' dir='ltr'><strong>legunt,</strong></span> <span class='ocrx_word' id='word_1_374' title='bbox 373 3469 504 3510; x_wconf 89' lang='lat' dir='ltr'><strong>eum</strong></span> <span class='ocrx_word' id='word_1_375' title='bbox 534 3453 762 3510; x_wconf 91' lang='lat' dir='ltr'><strong>laudant</strong></span> <span class='ocrx_word' id='word_1_376' title='bbox 805 3462 862 3509; x_wconf 92' lang='lat' dir='ltr'><strong>et</strong></span> <span class='ocrx_word' id='word_1_377' title='bbox 909 3452 1261 3509; x_wconf 90' lang='lat' dir='ltr'><strong>benedicunt.</strong></span> <span class='ocrx_word' id='word_1_378' title='bbox 1289 3451 1445 3509; x_wconf 89' lang='lat' dir='ltr'><strong>Sicut</strong></span> <span class='ocrx_word' id='word_1_379' title='bbox 1468 3453 1617 3508; x_wconf 89' lang='lat' dir='ltr'><strong>enim</strong></span> 
     </span>
    </p>
   </div>
   <div class='ocr_carea' id='block_1_49' title="bbox 54 3542 1619 3614">
    <p class='ocr_par' dir='ltr' id='par_1_49' title="bbox 54 3542 1619 3614">
     <span class='ocr_line' id='line_1_49' title="bbox 54 3542 1619 3614; baseline 0.001 -13"><span class='ocrx_word' id='word_1_380' title='bbox 54 3548 178 3604; x_wconf 83' lang='lat' dir='ltr'><strong>bona</strong></span> <span class='ocrx_word' id='word_1_381' title='bbox 209 3547 548 3606; x_wconf 88' lang='lat' dir='ltr'><strong>conscientia</strong></span> <span class='ocrx_word' id='word_1_382' title='bbox 583 3546 896 3604; x_wconf 89' lang='lat' dir='ltr'><strong>necessaria</strong></span> <span class='ocrx_word' id='word_1_383' title='bbox 937 3553 1022 3602; x_wconf 91' lang='lat' dir='ltr'><strong>est</strong></span> <span class='ocrx_word' id='word_1_384' title='bbox 1055 3560 1244 3602; x_wconf 90' lang='lat' dir='ltr'><strong>coram</strong></span> <span class='ocrx_word' id='word_1_385' title='bbox 1297 3542 1544 3614; x_wconf 82' lang='lat' dir='ltr'><strong>Deo,&#39;ita</strong></span> <span class='ocrx_word' id='word_1_386' title='bbox 1565 3555 1619 3602; x_wconf 84' lang='lat' dir='ltr'><strong>et</strong></span> 
     </span>
    </p>
   </div>
   <div class='ocr_carea' id='block_1_50' title="bbox 56 3637 1616 3716">
    <p class='ocr_par' dir='ltr' id='par_1_50' title="bbox 56 3637 1616 3716">
     <span class='ocr_line' id='line_1_50' title="bbox 56 3637 1616 3716; baseline -0.001 -21"><span class='ocrx_word' id='word_1_387' title='bbox 56 3643 178 3698; x_wconf 78' lang='lat' dir='ltr'><strong>Luna</strong></span> <span class='ocrx_word' id='word_1_388' title='bbox 204 3642 395 3716; x_wconf 87' lang='lat' dir='ltr'><strong>opinio</strong></span> <span class='ocrx_word' id='word_1_389' title='bbox 447 3655 634 3699; x_wconf 89' lang='lat' dir='ltr'><strong>coram</strong></span> <span class='ocrx_word' id='word_1_390' title='bbox 684 3638 1025 3707; x_wconf 87' lang='lat' dir='ltr'><strong>hominibus,</strong></span> <span class='ocrx_word' id='word_1_391' title='bbox 1069 3638 1343 3710; x_wconf 66' lang='lat' dir='ltr'><strong>praecipue</strong></span> <span class='ocrx_word' id='word_1_392' title='bbox 1386 3637 1616 3710; x_wconf 89' lang='lat' dir='ltr'><strong>pastori,</strong></span> 
     </span>
    </p>
   </div>
   <div class='ocr_carea' id='block_1_51' title="bbox 53 3733 1620 3806">
    <p class='ocr_par' dir='ltr' id='par_1_51' title="bbox 53 3733 1620 3806">
     <span class='ocr_line' id='line_1_51' title="bbox 53 3733 1620 3806; baseline 0 -18"><span class='ocrx_word' id='word_1_393' title='bbox 53 3735 133 3806; x_wconf 90' lang='lat' dir='ltr'><strong>qui</strong></span> <span class='ocrx_word' id='word_1_394' title='bbox 164 3737 357 3793; x_wconf 91' lang='lat' dir='ltr'><strong>docere</strong></span> <span class='ocrx_word' id='word_1_395' title='bbox 397 3735 558 3792; x_wconf 89' lang='lat' dir='ltr'><strong>debet</strong></span> <span class='ocrx_word' id='word_1_396' title='bbox 583 3733 850 3806; x_wconf 85' lang='lat' dir='ltr'><strong>populum</strong></span> <span class='ocrx_word' id='word_1_397' title='bbox 882 3747 993 3789; x_wconf 85' lang='lat' dir='ltr'><strong>non</strong></span> <span class='ocrx_word' id='word_1_398' title='bbox 1027 3733 1207 3789; x_wconf 85' lang='lat' dir='ltr'><strong>solum</strong></span> <span class='ocrx_word' id='word_1_399' title='bbox 1227 3733 1416 3800; x_wconf 89' lang='lat' dir='ltr'><strong>verbo,</strong></span> <span class='ocrx_word' id='word_1_400' title='bbox 1445 3733 1541 3788; x_wconf 89' lang='lat' dir='ltr'><strong>sed</strong></span> <span class='ocrx_word' id='word_1_401' title='bbox 1562 3740 1620 3788; x_wconf 90' lang='lat' dir='ltr'><strong>et</strong></span> 
     </span>
    </p>
   </div>
   <div class='ocr_carea' id='block_1_52' title="bbox 50 3823 1616 3898">
    <p class='ocr_par' dir='ltr' id='par_1_52' title="bbox 50 3823 1616 3898">
     <span class='ocr_line' id='line_1_52' title="bbox 50 3823 1616 3898; baseline -0.001 -18"><span class='ocrx_word' id='word_1_402' title='bbox 50 3828 295 3898; x_wconf 81' lang='lat' dir='ltr'><strong>exemplo.</strong></span> <span class='ocrx_word' id='word_1_403' title='bbox 325 3825 482 3883; x_wconf 85' lang='lat' dir='ltr'><strong>Unde</strong></span> <span class='ocrx_word' id='word_1_404' title='bbox 509 3825 779 3882; x_wconf 87' lang='lat' dir='ltr'><strong>Dominus</strong></span> <span class='ocrx_word' id='word_1_405' title='bbox 805 3843 818 3880; x_wconf 90' lang='lat'>:</span> <span class='ocrx_word' id='word_1_406' title='bbox 847 3843 867 3878; x_wconf 82' lang='grc' dir='ltr'><strong>ι</strong></span> <span class='ocrx_word' id='word_1_407' title='bbox 887 3823 980 3879; x_wconf 90' lang='lat' dir='ltr'><strong>Sic</strong></span> <span class='ocrx_word' id='word_1_408' title='bbox 1007 3823 1225 3880; x_wconf 85' lang='lat' dir='ltr'><strong>luceant</strong></span> <span class='ocrx_word' id='word_1_409' title='bbox 1250 3839 1415 3895; x_wconf 89' lang='lat' dir='ltr'><strong>opera</strong></span> <span class='ocrx_word' id='word_1_410' title='bbox 1437 3831 1616 3878; x_wconf 91' lang='lat' dir='ltr'><strong>vestra</strong></span> 
     </span>
    </p>
   </div>
   <div class='ocr_carea' id='block_1_53' title="bbox 53 3917 1618 3991">
    <p class='ocr_par' dir='ltr' id='par_1_53' title="bbox 53 3917 1618 3991">
     <span class='ocr_line' id='line_1_53' title="bbox 53 3917 1618 3991; baseline -0.001 -18"><span class='ocrx_word' id='word_1_411' title='bbox 53 3934 219 3976; x_wconf 85' lang='lat' dir='ltr'><strong>coram</strong></span> <span class='ocrx_word' id='word_1_412' title='bbox 247 3920 593 3987; x_wconf 87' lang='lat' dir='ltr'><strong>hominibus,</strong></span> <span class='ocrx_word' id='word_1_413' title='bbox 634 3927 696 3975; x_wconf 87' lang='lat' dir='ltr'><strong>nt</strong></span> <span class='ocrx_word' id='word_1_414' title='bbox 720 3918 1026 3991; x_wconf 88' lang='lat' dir='ltr'><strong>gloriﬁcent</strong></span> <span class='ocrx_word' id='word_1_415' title='bbox 1043 3917 1260 3974; x_wconf 87' lang='lat' dir='ltr'><strong>Patrem</strong></span> <span class='ocrx_word' id='word_1_416' title='bbox 1296 3917 1390 3989; x_wconf 88' lang='lat' dir='ltr'><strong>qui</strong></span> <span class='ocrx_word' id='word_1_417' title='bbox 1423 3917 1476 3972; x_wconf 92' lang='lat' dir='ltr'><strong>in</strong></span> <span class='ocrx_word' id='word_1_418' title='bbox 1503 3931 1618 3972; x_wconf 70' lang='lat' dir='ltr'><strong>ce-</strong></span> 
     </span>
    </p>
   </div>
   <div class='ocr_carea' id='block_1_54' title="bbox 51 4005 1616 4088">
    <p class='ocr_par' dir='ltr' id='par_1_54' title="bbox 51 4005 1616 4088">
     <span class='ocr_line' id='line_1_54' title="bbox 51 4005 1616 4088; baseline -0.002 -22"><span class='ocrx_word' id='word_1_419' title='bbox 51 4010 111 4068; x_wconf 86' lang='lat' dir='ltr'><strong>iis</strong></span> <span class='ocrx_word' id='word_1_420' title='bbox 134 4022 212 4070; x_wconf 85' lang='lat' dir='ltr'><strong>est</strong></span> <span class='ocrx_word' id='word_1_421' title='bbox 241 4005 467 4088; x_wconf 70' lang='lat' dir='ltr'><strong>(Matth.</strong></span> <span class='ocrx_word' id='word_1_422' title='bbox 505 4013 582 4086; x_wconf 71' lang='grc' dir='ltr'><strong>ν).</strong></span> <span class='ocrx_word' id='word_1_423' title='bbox 620 4031 641 4065; x_wconf 86' lang='grc'><strong>›</strong></span> <span class='ocrx_word' id='word_1_424' title='bbox 671 4011 830 4080; x_wconf 85' lang='lat' dir='ltr'><strong>Quod</strong></span> <span class='ocrx_word' id='word_1_425' title='bbox 881 4017 1069 4082; x_wconf 90' lang='lat' dir='ltr'><strong>aperte</strong></span> <span class='ocrx_word' id='word_1_426' title='bbox 1120 4018 1313 4066; x_wconf 91' lang='lat' dir='ltr'><strong>contra</strong></span> <span class='ocrx_word' id='word_1_427' title='bbox 1351 4009 1476 4066; x_wconf 91' lang='lat' dir='ltr'><strong>illos</strong></span> <span class='ocrx_word' id='word_1_428' title='bbox 1507 4016 1616 4078; x_wconf 87' lang='lat' dir='ltr'><strong>est,</strong></span> 
     </span>
    </p>
   </div>
   <div class='ocr_carea' id='block_1_55' title="bbox 53 4100 1616 4176">
    <p class='ocr_par' dir='ltr' id='par_1_55' title="bbox 53 4100 1616 4176">
     <span class='ocr_line' id='line_1_55' title="bbox 53 4100 1616 4176; baseline -0.003 -15"><span class='ocrx_word' id='word_1_429' title='bbox 53 4107 135 4176; x_wconf 77' lang='lat' dir='ltr'><strong>qui</strong></span> <span class='ocrx_word' id='word_1_430' title='bbox 177 4109 276 4165; x_wconf 87' lang='lat' dir='ltr'><strong>etsi</strong></span> <span class='ocrx_word' id='word_1_431' title='bbox 317 4108 464 4165; x_wconf 89' lang='lat' dir='ltr'><strong>clam</strong></span> <span class='ocrx_word' id='word_1_432' title='bbox 513 4107 654 4163; x_wconf 89' lang='lat' dir='ltr'><strong>bene</strong></span> <span class='ocrx_word' id='word_1_433' title='bbox 699 4105 909 4171; x_wconf 84' lang='lat' dir='ltr'><strong>vivant,</strong></span> <span class='ocrx_word' id='word_1_434' title='bbox 959 4111 1143 4158; x_wconf 87' lang='lat' dir='ltr'><strong>tamen</strong></span> <span class='ocrx_word' id='word_1_435' title='bbox 1171 4100 1238 4157; x_wconf 93' lang='lat' dir='ltr'><strong>de</strong></span> <span class='ocrx_word' id='word_1_436' title='bbox 1274 4115 1334 4158; x_wconf 90' lang='lat' dir='ltr'><strong>se</strong></span> <span class='ocrx_word' id='word_1_437' title='bbox 1374 4100 1616 4157; x_wconf 83' lang='lat' dir='ltr'><strong>exterius</strong></span> 
     </span>
    </p>
   </div>
   <div class='ocr_carea' id='block_1_56' title="bbox 51 4192 1617 4273">
    <p class='ocr_par' dir='ltr' id='par_1_56' title="bbox 51 4192 1617 4273">
     <span class='ocr_line' id='line_1_56' title="bbox 51 4192 1617 4273; baseline -0.003 -20"><span class='ocrx_word' id='word_1_438' title='bbox 51 4200 176 4256; x_wconf 90' lang='lat' dir='ltr'><strong>male</strong></span> <span class='ocrx_word' id='word_1_439' title='bbox 215 4199 435 4273; x_wconf 87' lang='lat' dir='ltr'><strong>epinari</strong></span> <span class='ocrx_word' id='word_1_440' title='bbox 476 4197 821 4271; x_wconf 88' lang='lat' dir='ltr'><strong>permittunt,</strong></span> <span class='ocrx_word' id='word_1_441' title='bbox 855 4202 936 4250; x_wconf 92' lang='lat' dir='ltr'><strong>tot</strong></span> <span class='ocrx_word' id='word_1_442' title='bbox 969 4193 1046 4249; x_wconf 90' lang='lat' dir='ltr'><strong>rei</strong></span> <span class='ocrx_word' id='word_1_443' title='bbox 1094 4192 1429 4260; x_wconf 87' lang='lat' dir='ltr'><strong>animarum,</strong></span> <span class='ocrx_word' id='word_1_444' title='bbox 1482 4200 1617 4264; x_wconf 89' lang='lat' dir='ltr'><strong>quot</strong></span> 
     </span>
    </p>
   </div>
   <div class='ocr_carea' id='block_1_57' title="bbox 52 4281 1611 4361">
    <p class='ocr_par' dir='ltr' id='par_1_57' title="bbox 52 4281 1611 4361">
     <span class='ocr_line' id='line_1_57' title="bbox 52 4281 1611 4361; baseline -0.003 -19"><span class='ocrx_word' id='word_1_445' title='bbox 52 4299 250 4361; x_wconf 87' lang='lat' dir='ltr'><strong>propter</strong></span> <span class='ocrx_word' id='word_1_446' title='bbox 282 4289 605 4347; x_wconf 90' lang='lat' dir='ltr'><strong>scandalum</strong></span> <span class='ocrx_word' id='word_1_447' title='bbox 658 4287 816 4342; x_wconf 67' lang='lat' dir='ltr'><strong>malae</strong></span> <span class='ocrx_word' id='word_1_448' title='bbox 847 4284 1127 4356; x_wconf 86' lang='lat' dir='ltr'><strong>opinionis</strong></span> <span class='ocrx_word' id='word_1_449' title='bbox 1172 4297 1288 4340; x_wconf 69' lang='lat' dir='ltr'><strong>sua:</strong></span> <span class='ocrx_word' id='word_1_450' title='bbox 1309 4281 1611 4355; x_wconf 85' lang='lat' dir='ltr'><strong>perierunt.</strong></span> 
     </span>
    </p>
   </div>
   <div class='ocr_carea' id='block_1_58' title="bbox 52 4375 1614 4460">
    <p class='ocr_par' dir='ltr' id='par_1_58' title="bbox 52 4375 1614 4460">
     <span class='ocr_line' id='line_1_58' title="bbox 52 4375 1614 4460; baseline -0.004 -21"><span class='ocrx_word' id='word_1_451' title='bbox 52 4383 274 4456; x_wconf 85' lang='lat' dir='ltr'><strong>Septima</strong></span> <span class='ocrx_word' id='word_1_452' title='bbox 303 4385 482 4460; x_wconf 89' lang='lat' dir='ltr'><strong>gratia</strong></span> <span class='ocrx_word' id='word_1_453' title='bbox 505 4391 590 4440; x_wconf 89' lang='lat' dir='ltr'><strong>est</strong></span> <span class='ocrx_word' id='word_1_454' title='bbox 609 4379 976 4449; x_wconf 90' lang='lat' dir='ltr'><strong>conﬁrmatio,</strong></span> <span class='ocrx_word' id='word_1_455' title='bbox 999 4377 1067 4434; x_wconf 94' lang='lat' dir='ltr'><strong>de</strong></span> <span class='ocrx_word' id='word_1_456' title='bbox 1089 4393 1196 4450; x_wconf 92' lang='lat' dir='ltr'><strong>qua</strong></span> <span class='ocrx_word' id='word_1_457' title='bbox 1222 4377 1472 4448; x_wconf 90' lang='lat' dir='ltr'><strong>sequitur</strong></span> <span class='ocrx_word' id='word_1_458' title='bbox 1500 4395 1515 4433; x_wconf 91' lang='lat'><strong>:</strong></span> <span class='ocrx_word' id='word_1_459' title='bbox 1545 4375 1614 4432; x_wconf 84' lang='lat' dir='ltr'><strong>Et</strong></span> 
     </span>
    </p>
   </div>
   <div class='ocr_carea' id='block_1_59' title="bbox 52 4466 1614 4544">
    <p class='ocr_par' dir='ltr' id='par_1_59' title="bbox 52 4466 1614 4544">
     <span class='ocr_line' id='line_1_59' title="bbox 52 4466 1614 4544; baseline -0.003 -15"><span class='ocrx_word' id='word_1_460' title='bbox 52 4473 426 4532; x_wconf 79' lang='lat' dir='ltr'><strong>Testamentum</strong></span> <span class='ocrx_word' id='word_1_461' title='bbox 468 4489 624 4530; x_wconf 79' lang='lat' dir='ltr'><strong>suum</strong></span> <span class='ocrx_word' id='word_1_462' title='bbox 649 4470 981 4544; x_wconf 77' lang='lat' dir='ltr'><strong>conﬁrmavit</strong></span> <span class='ocrx_word' id='word_1_463' title='bbox 1011 4485 1172 4540; x_wconf 80' lang='lat' dir='ltr'><strong>super</strong></span> <span class='ocrx_word' id='word_1_464' title='bbox 1202 4477 1361 4540; x_wconf 83' lang='lat' dir='ltr'><strong>caput</strong></span> <span class='ocrx_word' id='word_1_465' title='bbox 1393 4468 1530 4539; x_wconf 84' lang='lat' dir='ltr'><strong>ejus,</strong></span> <span class='ocrx_word' id='word_1_466' title='bbox 1558 4466 1614 4524; x_wconf 88' lang='lat' dir='ltr'><strong>id</strong></span> 
     </span>
    </p>
   </div>
   <div class='ocr_carea' id='block_1_60' title="bbox 47 4559 1691 4642">
    <p class='ocr_par' dir='ltr' id='par_1_60' title="bbox 47 4559 1691 4642">
     <span class='ocr_line' id='line_1_60' title="bbox 47 4559 1691 4642; baseline -0.004 -21"><span class='ocrx_word' id='word_1_467' title='bbox 47 4575 120 4622; x_wconf 88' lang='lat' dir='ltr'><strong>est</strong></span> <span class='ocrx_word' id='word_1_468' title='bbox 137 4584 341 4624; x_wconf 84' lang='lat' dir='ltr'><strong>sacram</strong></span> <span class='ocrx_word' id='word_1_469' title='bbox 367 4565 871 4638; x_wconf 81' lang='lat' dir='ltr'><strong>Scripturam,quae</strong></span> <span class='ocrx_word' id='word_1_470' title='bbox 891 4571 975 4618; x_wconf 87' lang='lat' dir='ltr'><strong>est</strong></span> <span class='ocrx_word' id='word_1_471' title='bbox 1000 4569 1388 4618; x_wconf 85' lang='lat' dir='ltr'><strong>testamentum</strong></span> <span class='ocrx_word' id='word_1_472' title='bbox 1414 4559 1616 4615; x_wconf 64' lang='lat' dir='ltr'><strong>futuras</strong></span> <span class='ocrx_word' id='word_1_473' title='bbox 1646 4587 1691 4642; x_wconf 66' lang='grc' dir='ltr'><strong>η</strong></span> 
     </span>
    </p>
   </div>
   <div class='ocr_carea' id='block_1_61' title="bbox 49 4650 1610 4727">
    <p class='ocr_par' dir='ltr' id='par_1_61' title="bbox 49 4650 1610 4727">
     <span class='ocr_line' id='line_1_61' title="bbox 49 4650 1610 4727; baseline -0.004 -15"><span class='ocrx_word' id='word_1_474' title='bbox 49 4657 383 4727; x_wconf 57' lang='lat' dir='ltr'><strong>hereditatis,</strong></span> <span class='ocrx_word' id='word_1_475' title='bbox 426 4655 778 4716; x_wconf 80' lang='lat' dir='ltr'><strong>conﬁrmavit</strong></span> <span class='ocrx_word' id='word_1_476' title='bbox 822 4655 878 4710; x_wconf 90' lang='lat' dir='ltr'><strong>in</strong></span> <span class='ocrx_word' id='word_1_477' title='bbox 915 4662 1097 4709; x_wconf 86' lang='lat' dir='ltr'><strong>mente</strong></span> <span class='ocrx_word' id='word_1_478' title='bbox 1135 4653 1277 4723; x_wconf 88' lang='lat' dir='ltr'><strong>ejus.</strong></span> <span class='ocrx_word' id='word_1_479' title='bbox 1315 4650 1382 4707; x_wconf 85' lang='lat' dir='ltr'><strong>Et</strong></span> <span class='ocrx_word' id='word_1_480' title='bbox 1427 4651 1610 4706; x_wconf 85' lang='lat' dir='ltr'><strong>Aaron</strong></span> 
     </span>
    </p>
   </div>
   <div class='ocr_carea' id='block_1_62' title="bbox 47 4745 1612 4823">
    <p class='ocr_par' dir='ltr' id='par_1_62' title="bbox 47 4745 1612 4823">
     <span class='ocr_line' id='line_1_62' title="bbox 47 4745 1612 4823; baseline -0.004 -19"><span class='ocrx_word' id='word_1_481' title='bbox 47 4750 249 4820; x_wconf 89' lang='lat' dir='ltr'><strong>quidem</strong></span> <span class='ocrx_word' id='word_1_482' title='bbox 271 4753 326 4808; x_wconf 91' lang='lat' dir='ltr'><strong>in</strong></span> <span class='ocrx_word' id='word_1_483' title='bbox 347 4759 573 4823; x_wconf 80' lang='lat' dir='ltr'><strong>accepta</strong></span> <span class='ocrx_word' id='word_1_484' title='bbox 594 4749 713 4822; x_wconf 83' lang='lat' dir='ltr'><strong>lege</strong></span> <span class='ocrx_word' id='word_1_485' title='bbox 748 4748 941 4804; x_wconf 86' lang='lat' dir='ltr'><strong>ﬁrmus</strong></span> <span class='ocrx_word' id='word_1_486' title='bbox 967 4745 1091 4802; x_wconf 90' lang='lat' dir='ltr'><strong>fuit.</strong></span> <span class='ocrx_word' id='word_1_487' title='bbox 1115 4745 1372 4801; x_wconf 84' lang='lat' dir='ltr'><strong>Christus</strong></span> <span class='ocrx_word' id='word_1_488' title='bbox 1390 4759 1612 4816; x_wconf 83' lang='lat' dir='ltr'><strong>quoque</strong></span> 
     </span>
    </p>
   </div>
   <div class='ocr_carea' id='block_1_63' title="bbox 49 4835 1608 4912">
    <p class='ocr_par' dir='ltr' id='par_1_63' title="bbox 49 4835 1608 4912">
     <span class='ocr_line' id='line_1_63' title="bbox 49 4835 1608 4912; baseline -0.004 -16"><span class='ocrx_word' id='word_1_489' title='bbox 49 4858 146 4898; x_wconf 88' lang='lat' dir='ltr'><strong>non</strong></span> <span class='ocrx_word' id='word_1_490' title='bbox 171 4847 343 4901; x_wconf 85' lang='lat' dir='ltr'><strong>solum</strong></span> <span class='ocrx_word' id='word_1_491' title='bbox 377 4846 592 4912; x_wconf 88' lang='lat' dir='ltr'><strong>ﬁrmus,</strong></span> <span class='ocrx_word' id='word_1_492' title='bbox 623 4843 719 4899; x_wconf 85' lang='lat' dir='ltr'><strong>sed</strong></span> <span class='ocrx_word' id='word_1_493' title='bbox 747 4841 910 4897; x_wconf 90' lang='lat' dir='ltr'><strong>etiam</strong></span> <span class='ocrx_word' id='word_1_494' title='bbox 952 4839 1242 4910; x_wconf 88' lang='lat' dir='ltr'><strong>utriusque</strong></span> <span class='ocrx_word' id='word_1_495' title='bbox 1269 4835 1608 4893; x_wconf 84' lang='lat' dir='ltr'><strong>Testamenti</strong></span> 
     </span>
    </p>
   </div>
   <div class='ocr_carea' id='block_1_64' title="bbox 49 4929 1610 5006">
    <p class='ocr_par' dir='ltr' id='par_1_64' title="bbox 49 4929 1610 5006">
     <span class='ocr_line' id='line_1_64' title="bbox 49 4929 1610 5006; baseline -0.004 -17"><span class='ocrx_word' id='word_1_496' title='bbox 49 4938 383 4993; x_wconf 88' lang='lat' dir='ltr'><strong>conﬁrmator</strong></span> <span class='ocrx_word' id='word_1_497' title='bbox 425 4935 548 4994; x_wconf 89' lang='lat' dir='ltr'><strong>fuit.</strong></span> <span class='ocrx_word' id='word_1_498' title='bbox 588 4937 636 4990; x_wconf 87' lang='lat' dir='ltr'><strong>A</strong></span> <span class='ocrx_word' id='word_1_499' title='bbox 657 4951 768 5006; x_wconf 91' lang='lat' dir='ltr'><strong>quo</strong></span> <span class='ocrx_word' id='word_1_500' title='bbox 799 4935 966 4989; x_wconf 90' lang='lat' dir='ltr'><strong>etiam</strong></span> <span class='ocrx_word' id='word_1_501' title='bbox 993 4933 1096 4988; x_wconf 91' lang='lat' dir='ltr'><strong>iste</strong></span> <span class='ocrx_word' id='word_1_502' title='bbox 1125 4930 1400 5004; x_wconf 84' lang='lat' dir='ltr'><strong>gloriosus</strong></span> <span class='ocrx_word' id='word_1_503' title='bbox 1428 4929 1610 5000; x_wconf 85' lang='lat' dir='ltr'><strong>ponti-</strong></span> 
     </span>
    </p>
   </div>
   <div class='ocr_carea' id='block_1_65' title="bbox 48 5022 1610 5098">
    <p class='ocr_par' dir='ltr' id='par_1_65' title="bbox 48 5022 1610 5098">
     <span class='ocr_line' id='line_1_65' title="bbox 48 5022 1610 5098; baseline -0.002 -18"><span class='ocrx_word' id='word_1_504' title='bbox 48 5026 126 5083; x_wconf 85' lang='lat' dir='ltr'><strong>fex</strong></span> <span class='ocrx_word' id='word_1_505' title='bbox 140 5031 214 5086; x_wconf 91' lang='lat' dir='ltr'><strong>sic</strong></span> <span class='ocrx_word' id='word_1_506' title='bbox 233 5031 588 5087; x_wconf 86' lang='lat' dir='ltr'><strong>conﬁrmatus</strong></span> <span class='ocrx_word' id='word_1_507' title='bbox 610 5026 734 5095; x_wconf 89' lang='lat' dir='ltr'><strong>fuit,</strong></span> <span class='ocrx_word' id='word_1_508' title='bbox 764 5025 911 5098; x_wconf 89' lang='lat' dir='ltr'><strong>quod</strong></span> <span class='ocrx_word' id='word_1_509' title='bbox 933 5040 1032 5096; x_wconf 93' lang='lat' dir='ltr'><strong>pro</strong></span> <span class='ocrx_word' id='word_1_510' title='bbox 1061 5024 1177 5096; x_wconf 82' lang='lat' dir='ltr'><strong>lege</strong></span> <span class='ocrx_word' id='word_1_511' title='bbox 1201 5022 1299 5079; x_wconf 92' lang='lat' dir='ltr'><strong>Dei</strong></span> <span class='ocrx_word' id='word_1_512' title='bbox 1323 5022 1410 5079; x_wconf 89' lang='lat' dir='ltr'><strong>sui</strong></span> <span class='ocrx_word' id='word_1_513' title='bbox 1433 5036 1610 5092; x_wconf 90' lang='lat' dir='ltr'><strong>usque</strong></span> 
     </span>
    </p>
   </div>
   <div class='ocr_carea' id='block_1_66' title="bbox 49 5117 1611 5190">
    <p class='ocr_par' dir='ltr' id='par_1_66' title="bbox 49 5117 1611 5190">
     <span class='ocr_line' id='line_1_66' title="bbox 49 5117 1611 5190; baseline -0.004 -15"><span class='ocrx_word' id='word_1_514' title='bbox 49 5121 109 5176; x_wconf 88' lang='lat' dir='ltr'><strong>ad</strong></span> <span class='ocrx_word' id='word_1_515' title='bbox 142 5134 366 5180; x_wconf 88' lang='lat' dir='ltr'><strong>mortem</strong></span> <span class='ocrx_word' id='word_1_516' title='bbox 391 5123 640 5190; x_wconf 85' lang='lat' dir='ltr'><strong>certavit,</strong></span> <span class='ocrx_word' id='word_1_517' title='bbox 669 5131 724 5178; x_wconf 93' lang='lat' dir='ltr'><strong>et</strong></span> <span class='ocrx_word' id='word_1_518' title='bbox 741 5137 850 5176; x_wconf 90' lang='lat' dir='ltr'><strong>non</strong></span> <span class='ocrx_word' id='word_1_519' title='bbox 879 5119 1056 5174; x_wconf 86' lang='lat' dir='ltr'><strong>timuit</strong></span> <span class='ocrx_word' id='word_1_520' title='bbox 1081 5134 1114 5173; x_wconf 89' lang='lat' dir='ltr'><strong>a</strong></span> <span class='ocrx_word' id='word_1_521' title='bbox 1141 5117 1328 5172; x_wconf 91' lang='lat' dir='ltr'><strong>verbis</strong></span> <span class='ocrx_word' id='word_1_522' title='bbox 1354 5130 1611 5188; x_wconf 85' lang='lat' dir='ltr'><strong>persecu-</strong></span> 
     </span>
    </p>
   </div>
   <div class='ocr_carea' id='block_1_67' title="bbox 50 5206 1610 5276">
    <p class='ocr_par' dir='ltr' id='par_1_67' title="bbox 50 5206 1610 5276">
     <span class='ocr_line' id='line_1_67' title="bbox 50 5206 1610 5276; baseline -0.003 -11"><span class='ocrx_word' id='word_1_523' title='bbox 50 5219 213 5270; x_wconf 89' lang='lat' dir='ltr'><strong>torum</strong></span> <span class='ocrx_word' id='word_1_524' title='bbox 262 5225 316 5272; x_wconf 91' lang='lat' dir='ltr'><strong>et</strong></span> <span class='ocrx_word' id='word_1_525' title='bbox 375 5217 778 5272; x_wconf 63' lang='lat' dir='ltr'><strong>haereticorum.</strong></span> <span class='ocrx_word' id='word_1_526' title='bbox 838 5211 993 5266; x_wconf 86' lang='lat' dir='ltr'><strong>Unde</strong></span> <span class='ocrx_word' id='word_1_527' title='bbox 1032 5211 1138 5266; x_wconf 91' lang='lat' dir='ltr'><strong>etsi</strong></span> <span class='ocrx_word' id='word_1_528' title='bbox 1191 5211 1448 5264; x_wconf 87' lang='lat' dir='ltr'><strong>animam</strong></span> <span class='ocrx_word' id='word_1_529' title='bbox 1489 5206 1610 5276; x_wconf 87' lang='lat' dir='ltr'><strong>ejus</strong></span> 
     </span>
    </p>
   </div>
   <div class='ocr_carea' id='block_1_68' title="bbox 49 5297 1608 5377">
    <p class='ocr_par' dir='ltr' id='par_1_68' title="bbox 49 5297 1608 5377">
     <span class='ocr_line' id='line_1_68' title="bbox 49 5297 1608 5377; baseline -0.006 -17"><span class='ocrx_word' id='word_1_530' title='bbox 49 5303 242 5374; x_wconf 82' lang='lat' dir='ltr'><strong>gladius</strong></span> <span class='ocrx_word' id='word_1_531' title='bbox 290 5319 400 5363; x_wconf 89' lang='lat' dir='ltr'><strong>non</strong></span> <span class='ocrx_word' id='word_1_532' title='bbox 439 5308 684 5374; x_wconf 84' lang='lat' dir='ltr'><strong>abstulit,</strong></span> <span class='ocrx_word' id='word_1_533' title='bbox 717 5305 958 5377; x_wconf 82' lang='lat' dir='ltr'><strong>palmam</strong></span> <span class='ocrx_word' id='word_1_534' title='bbox 1003 5315 1187 5357; x_wconf 85' lang='lat' dir='ltr'><strong>tamen</strong></span> <span class='ocrx_word' id='word_1_535' title='bbox 1219 5297 1470 5371; x_wconf 83' lang='lat' dir='ltr'><strong>martyrii</strong></span> <span class='ocrx_word' id='word_1_536' title='bbox 1498 5313 1608 5352; x_wconf 90' lang='lat' dir='ltr'><strong>non</strong></span> 
     </span>
    </p>
   </div>
   <div class='ocr_carea' id='block_1_69' title="bbox 49 5390 1610 5472">
    <p class='ocr_par' dir='ltr' id='par_1_69' title="bbox 49 5390 1610 5472">
     <span class='ocr_line' id='line_1_69' title="bbox 49 5390 1610 5472; baseline -0.003 -23"><span class='ocrx_word' id='word_1_537' title='bbox 49 5397 239 5454; x_wconf 84' lang='lat' dir='ltr'><strong>amisit.</strong></span> <span class='ocrx_word' id='word_1_538' title='bbox 263 5399 530 5457; x_wconf 84' lang='lat' dir='ltr'><strong>Convenit</strong></span> <span class='ocrx_word' id='word_1_539' title='bbox 556 5400 757 5472; x_wconf 90' lang='lat' dir='ltr'><strong>quippe</strong></span> <span class='ocrx_word' id='word_1_540' title='bbox 791 5397 936 5469; x_wconf 89' lang='lat' dir='ltr'><strong>quod</strong></span> <span class='ocrx_word' id='word_1_541' title='bbox 968 5394 1259 5466; x_wconf 89' lang='lat' dir='ltr'><strong>episcopus</strong></span> <span class='ocrx_word' id='word_1_542' title='bbox 1311 5391 1383 5449; x_wconf 91' lang='lat' dir='ltr'><strong>sit</strong></span> <span class='ocrx_word' id='word_1_543' title='bbox 1413 5390 1610 5446; x_wconf 86' lang='lat' dir='ltr'><strong>doetus</strong></span> 
     </span>
    </p>
   </div>
   <div class='ocr_carea' id='block_1_70' title="bbox 50 5487 1604 5570">
    <p class='ocr_par' dir='ltr' id='par_1_70' title="bbox 50 5487 1604 5570">
     <span class='ocr_line' id='line_1_70' title="bbox 50 5487 1604 5570; baseline -0.004 -22"><span class='ocrx_word' id='word_1_544' title='bbox 50 5501 97 5548; x_wconf 87' lang='lat' dir='ltr'><strong>et</strong></span> <span class='ocrx_word' id='word_1_545' title='bbox 123 5494 308 5556; x_wconf 83' lang='lat' dir='ltr'><strong>ﬁrmns</strong></span> <span class='ocrx_word' id='word_1_546' title='bbox 349 5496 406 5552; x_wconf 90' lang='lat' dir='ltr'><strong>in</strong></span> <span class='ocrx_word' id='word_1_547' title='bbox 440 5497 578 5570; x_wconf 83' lang='lat' dir='ltr'><strong>lege,</strong></span> <span class='ocrx_word' id='word_1_548' title='bbox 625 5496 720 5569; x_wconf 90' lang='lat' dir='ltr'><strong>qui</strong></span> <span class='ocrx_word' id='word_1_549' title='bbox 749 5495 888 5550; x_wconf 90' lang='lat' dir='ltr'><strong>alios</strong></span> <span class='ocrx_word' id='word_1_550' title='bbox 934 5491 1096 5548; x_wconf 90' lang='lat' dir='ltr'><strong>debet</strong></span> <span class='ocrx_word' id='word_1_551' title='bbox 1136 5491 1338 5545; x_wconf 86' lang='lat' dir='ltr'><strong>docere</strong></span> <span class='ocrx_word' id='word_1_552' title='bbox 1372 5488 1432 5543; x_wconf 81' lang='lat' dir='ltr'><strong>in</strong></span> <span class='ocrx_word' id='word_1_553' title='bbox 1468 5487 1604 5558; x_wconf 84' lang='lat' dir='ltr'><strong>lege.</strong></span> 
     </span>
    </p>
   </div>
   <div class='ocr_carea' id='block_1_71' title="bbox 53 5581 1606 5656">
    <p class='ocr_par' dir='ltr' id='par_1_71' title="bbox 53 5581 1606 5656">
     <span class='ocr_line' id='line_1_71' title="bbox 53 5581 1606 5656; baseline -0.003 -18"><span class='ocrx_word' id='word_1_554' title='bbox 53 5581 191 5644; x_wconf 88' lang='lat' dir='ltr'><strong>Unde</strong></span> <span class='ocrx_word' id='word_1_555' title='bbox 219 5597 271 5646; x_wconf 88' lang='lat' dir='ltr'><strong>et</strong></span> <span class='ocrx_word' id='word_1_556' title='bbox 299 5594 514 5646; x_wconf 88' lang='lat' dir='ltr'><strong>mitram</strong></span> <span class='ocrx_word' id='word_1_557' title='bbox 536 5591 816 5646; x_wconf 89' lang='lat' dir='ltr'><strong>bicornem</strong></span> <span class='ocrx_word' id='word_1_558' title='bbox 841 5588 895 5642; x_wconf 90' lang='lat' dir='ltr'><strong>in</strong></span> <span class='ocrx_word' id='word_1_559' title='bbox 922 5586 1100 5656; x_wconf 89' lang='lat' dir='ltr'><strong>capite</strong></span> <span class='ocrx_word' id='word_1_560' title='bbox 1123 5583 1286 5656; x_wconf 89' lang='lat' dir='ltr'><strong>gerit,</strong></span> <span class='ocrx_word' id='word_1_561' title='bbox 1312 5589 1373 5636; x_wconf 85' lang='lat' dir='ltr'><strong>ut</strong></span> <span class='ocrx_word' id='word_1_562' title='bbox 1395 5581 1606 5636; x_wconf 90' lang='lat' dir='ltr'><strong>utrius-</strong></span> 
     </span>
    </p>
   </div>
   <div class='ocr_carea' id='block_1_72' title="bbox 49 5673 1604 5748">
    <p class='ocr_par' dir='ltr' id='par_1_72' title="bbox 49 5673 1604 5748">
     <span class='ocr_line' id='line_1_72' title="bbox 49 5673 1604 5748; baseline -0.004 -15"><span class='ocrx_word' id='word_1_563' title='bbox 49 5693 144 5748; x_wconf 89' lang='lat' dir='ltr'><strong>que</strong></span> <span class='ocrx_word' id='word_1_564' title='bbox 190 5697 362 5738; x_wconf 89' lang='lat' dir='ltr'><strong>cornu</strong></span> <span class='ocrx_word' id='word_1_565' title='bbox 401 5679 732 5739; x_wconf 87' lang='lat' dir='ltr'><strong>Testamcnti</strong></span> <span class='ocrx_word' id='word_1_566' title='bbox 781 5681 940 5736; x_wconf 85' lang='lat' dir='ltr'><strong>tidem</strong></span> <span class='ocrx_word' id='word_1_567' title='bbox 988 5676 1129 5734; x_wconf 88' lang='lat' dir='ltr'><strong>tueri</strong></span> <span class='ocrx_word' id='word_1_568' title='bbox 1167 5684 1222 5730; x_wconf 91' lang='lat' dir='ltr'><strong>et</strong></span> <span class='ocrx_word' id='word_1_569' title='bbox 1271 5673 1604 5730; x_wconf 87' lang='lat' dir='ltr'><strong>conﬁrmare</strong></span> 
     </span>
    </p>
   </div>
   <div class='ocr_carea' id='block_1_73' title="bbox 44 5766 1608 5849">
    <p class='ocr_par' dir='ltr' id='par_1_73' title="bbox 44 5766 1608 5849">
     <span class='ocr_line' id='line_1_73' title="bbox 44 5766 1608 5849; baseline -0.004 -21"><span class='ocrx_word' id='word_1_570' title='bbox 44 5773 216 5840; x_wconf 84' lang='lat' dir='ltr'><strong>possit.</strong></span> <span class='ocrx_word' id='word_1_571' title='bbox 257 5774 315 5830; x_wconf 85' lang='lat' dir='ltr'><strong>in</strong></span> <span class='ocrx_word' id='word_1_572' title='bbox 339 5792 451 5849; x_wconf 84' lang='lat' dir='ltr'><strong>quo</strong></span> <span class='ocrx_word' id='word_1_573' title='bbox 473 5775 694 5849; x_wconf 90' lang='lat' dir='ltr'><strong>quidem</strong></span> <span class='ocrx_word' id='word_1_574' title='bbox 720 5767 1019 5829; x_wconf 86' lang='lat' dir='ltr'><strong>miserrimi</strong></span> <span class='ocrx_word' id='word_1_575' title='bbox 1067 5766 1311 5840; x_wconf 87' lang='lat' dir='ltr'><strong>episcopi</strong></span> <span class='ocrx_word' id='word_1_576' title='bbox 1339 5766 1608 5823; x_wconf 89' lang='lat' dir='ltr'><strong>condem-</strong></span> 
     </span>
    </p>
   </div>
   <div class='ocr_carea' id='block_1_74' title="bbox 36 5860 1609 5940">
    <p class='ocr_par' dir='ltr' id='par_1_74' title="bbox 36 5860 1609 5940">
     <span class='ocr_line' id='line_1_74' title="bbox 36 5860 1609 5940; baseline 0 -20"><span class='ocrx_word' id='word_1_577' title='bbox 36 5877 236 5928; x_wconf 78' lang='lat' dir='ltr'><strong>namur.</strong></span> <span class='ocrx_word' id='word_1_578' title='bbox 263 5868 371 5928; x_wconf 86' lang='lat' dir='ltr'><strong>aui</strong></span> <span class='ocrx_word' id='word_1_579' title='bbox 402 5872 536 5940; x_wconf 80' lang='lat' dir='ltr'><strong>legis</strong></span> <span class='ocrx_word' id='word_1_580' title='bbox 564 5869 660 5928; x_wconf 89' lang='lat' dir='ltr'><strong>Dei</strong></span> <span class='ocrx_word' id='word_1_581' title='bbox 683 5866 882 5940; x_wconf 82' lang='lat' dir='ltr'><strong>ignari,</strong></span> <span class='ocrx_word' id='word_1_582' title='bbox 900 5880 1002 5922; x_wconf 90' lang='lat' dir='ltr'><strong>nec</strong></span> <span class='ocrx_word' id='word_1_583' title='bbox 1033 5877 1114 5932; x_wconf 84' lang='lat' dir='ltr'><strong>se,</strong></span> <span class='ocrx_word' id='word_1_584' title='bbox 1131 5877 1234 5919; x_wconf 88' lang='lat' dir='ltr'><strong>nec</strong></span> <span class='ocrx_word' id='word_1_585' title='bbox 1254 5860 1398 5919; x_wconf 86' lang='lat' dir='ltr'><strong>alios</strong></span> <span class='ocrx_word' id='word_1_586' title='bbox 1420 5875 1609 5932; x_wconf 82' lang='lat' dir='ltr'><strong>regere</strong></span> 
     </span>
    </p>
   </div>
   <div class='ocr_carea' id='block_1_75' title="bbox 1727 1972 3321 2046">
    <p class='ocr_par' dir='ltr' id='par_1_75' title="bbox 1727 1972 3321 2046">
     <span class='ocr_line' id='line_1_75' title="bbox 1727 1972 3321 2046; baseline 0.001 -16"><span class='ocrx_word' id='word_1_587' title='bbox 1727 1983 2048 2046; x_wconf 88' lang='lat' dir='ltr'><strong>peccatores</strong></span> <span class='ocrx_word' id='word_1_588' title='bbox 2093 1973 2423 2036; x_wconf 72' lang='lat' dir='ltr'><strong>absolveret.</strong></span> <span class='ocrx_word' id='word_1_589' title='bbox 2481 1972 2790 2046; x_wconf 85' lang='lat' dir='ltr'><strong>Episcopus</strong></span> <span class='ocrx_word' id='word_1_590' title='bbox 2836 1975 3038 2046; x_wconf 89' lang='lat' dir='ltr'><strong>quippe</strong></span> <span class='ocrx_word' id='word_1_591' title='bbox 3087 1976 3321 2046; x_wconf 81' lang='lat' dir='ltr'><strong>gratiam</strong></span> 
     </span>
    </p>
   </div>
   <div class='ocr_carea' id='block_1_76' title="bbox 1726 2063 3326 2133">
    <p class='ocr_par' dir='ltr' id='par_1_76' title="bbox 1726 2063 3326 2133">
     <span class='ocr_line' id='line_1_76' title="bbox 1726 2063 3326 2133; baseline 0.001 -12"><span class='ocrx_word' id='word_1_592' title='bbox 1726 2072 1782 2121; x_wconf 92' lang='lat' dir='ltr'><strong>et</strong></span> <span class='ocrx_word' id='word_1_593' title='bbox 1835 2063 2226 2120; x_wconf 89' lang='lat' dir='ltr'><strong>discretionem</strong></span> <span class='ocrx_word' id='word_1_594' title='bbox 2272 2063 2631 2120; x_wconf 88' lang='lat' dir='ltr'><strong>benedicendi</strong></span> <span class='ocrx_word' id='word_1_595' title='bbox 2681 2065 2883 2122; x_wconf 88' lang='lat' dir='ltr'><strong>habere</strong></span> <span class='ocrx_word' id='word_1_596' title='bbox 2943 2065 3126 2133; x_wconf 89' lang='lat' dir='ltr'><strong>debet,</strong></span> <span class='ocrx_word' id='word_1_597' title='bbox 3177 2066 3326 2123; x_wconf 88' lang='lat' dir='ltr'><strong>unde</strong></span> 
     </span>
    </p>
   </div>
   <div class='ocr_carea' id='block_1_77' title="bbox 1727 2152 3323 2228">
    <p class='ocr_par' dir='ltr' id='par_1_77' title="bbox 1727 2152 3323 2228">
     <span class='ocr_line' id='line_1_77' title="bbox 1727 2152 3323 2228; baseline 0.002 -18"><span class='ocrx_word' id='word_1_598' title='bbox 1727 2163 1783 2211; x_wconf 89' lang='lat' dir='ltr'><strong>et</strong></span> <span class='ocrx_word' id='word_1_599' title='bbox 1829 2169 1988 2210; x_wconf 83' lang='lat' dir='ltr'><strong>sacro</strong></span> <span class='ocrx_word' id='word_1_600' title='bbox 2013 2155 2136 2211; x_wconf 86' lang='lat' dir='ltr'><strong>oleo</strong></span> <span class='ocrx_word' id='word_1_601' title='bbox 2180 2169 2408 2210; x_wconf 86' lang='lat' dir='ltr'><strong>manum</strong></span> <span class='ocrx_word' id='word_1_602' title='bbox 2463 2154 2746 2210; x_wconf 89' lang='lat' dir='ltr'><strong>inunctam</strong></span> <span class='ocrx_word' id='word_1_603' title='bbox 2795 2155 2977 2211; x_wconf 89' lang='lat' dir='ltr'><strong>habet.</strong></span> <span class='ocrx_word' id='word_1_604' title='bbox 3029 2152 3138 2212; x_wconf 81' lang='lat' dir='ltr'><strong>Sed</strong></span> <span class='ocrx_word' id='word_1_605' title='bbox 3189 2157 3323 2228; x_wconf 88' lang='lat' dir='ltr'><strong>quid</strong></span> 
     </span>
    </p>
   </div>
   <div class='ocr_carea' id='block_1_78' title="bbox 1728 2245 3316 2318">
    <p class='ocr_par' dir='ltr' id='par_1_78' title="bbox 1728 2245 3316 2318">
     <span class='ocr_line' id='line_1_78' title="bbox 1728 2245 3316 2318; baseline -0.001 -16"><span class='ocrx_word' id='word_1_606' title='bbox 1728 2245 1910 2302; x_wconf 88' lang='lat' dir='ltr'><strong>dicam</strong></span> <span class='ocrx_word' id='word_1_607' title='bbox 1947 2245 2014 2301; x_wconf 91' lang='lat' dir='ltr'><strong>de</strong></span> <span class='ocrx_word' id='word_1_608' title='bbox 2035 2246 2368 2317; x_wconf 83' lang='lat' dir='ltr'><strong>quihusdam</strong></span> <span class='ocrx_word' id='word_1_609' title='bbox 2413 2245 2690 2316; x_wconf 89' lang='lat' dir='ltr'><strong>episcopis</strong></span> <span class='ocrx_word' id='word_1_610' title='bbox 2728 2245 3024 2315; x_wconf 87' lang='lat' dir='ltr'><strong>perversis,</strong></span> <span class='ocrx_word' id='word_1_611' title='bbox 3077 2247 3175 2318; x_wconf 90' lang='lat' dir='ltr'><strong>qui</strong></span> <span class='ocrx_word' id='word_1_612' title='bbox 3232 2246 3316 2302; x_wconf 84' lang='lat' dir='ltr'><strong>af-</strong></span> 
     </span>
    </p>
   </div>
   <div class='ocr_carea' id='block_1_79' title="bbox 1725 2333 3320 2409">
    <p class='ocr_par' dir='ltr' id='par_1_79' title="bbox 1725 2333 3320 2409">
     <span class='ocr_line' id='line_1_79' title="bbox 1725 2333 3320 2409; baseline -0.001 -14"><span class='ocrx_word' id='word_1_613' title='bbox 1725 2333 1900 2396; x_wconf 86' lang='lat' dir='ltr'><strong>fectus</strong></span> <span class='ocrx_word' id='word_1_614' title='bbox 1951 2354 2083 2396; x_wconf 88' lang='lat' dir='ltr'><strong>suos</strong></span> <span class='ocrx_word' id='word_1_615' title='bbox 2109 2380 2125 2406; x_wconf 97' lang='lat'><strong>,</strong></span> <span class='ocrx_word' id='word_1_616' title='bbox 2180 2354 2292 2393; x_wconf 92' lang='lat' dir='ltr'><strong>non</strong></span> <span class='ocrx_word' id='word_1_617' title='bbox 2341 2353 2541 2393; x_wconf 85' lang='lat' dir='ltr'><strong>causas</strong></span> <span class='ocrx_word' id='word_1_618' title='bbox 2595 2337 2916 2392; x_wconf 89' lang='lat' dir='ltr'><strong>meritorum</strong></span> <span class='ocrx_word' id='word_1_619' title='bbox 2984 2347 3278 2409; x_wconf 89' lang='lat' dir='ltr'><strong>sequentes</strong></span> <span class='ocrx_word' id='word_1_620' title='bbox 3304 2373 3320 2404; x_wconf 80' lang='lat'><strong>,</strong></span> 
     </span>
    </p>
   </div>
   <div class='ocr_carea' id='block_1_80' title="bbox 1723 2427 3322 2495">
    <p class='ocr_par' dir='ltr' id='par_1_80' title="bbox 1723 2427 3322 2495">
     <span class='ocr_line' id='line_1_80' title="bbox 1723 2427 3322 2495; baseline -0.003 -8"><span class='ocrx_word' id='word_1_621' title='bbox 1723 2430 2053 2488; x_wconf 86' lang='lat' dir='ltr'><strong>benedicunt</strong></span> <span class='ocrx_word' id='word_1_622' title='bbox 2099 2427 2434 2495; x_wconf 87' lang='lat' dir='ltr'><strong>maledictis,</strong></span> <span class='ocrx_word' id='word_1_623' title='bbox 2489 2436 2544 2484; x_wconf 89' lang='lat' dir='ltr'><strong>et</strong></span> <span class='ocrx_word' id='word_1_624' title='bbox 2603 2427 2942 2483; x_wconf 81' lang='lat' dir='ltr'><strong>maledicunt</strong></span> <span class='ocrx_word' id='word_1_625' title='bbox 2990 2427 3322 2483; x_wconf 85' lang='lat' dir='ltr'><strong>benedictis?</strong></span> 
     </span>
    </p>
   </div>
   <div class='ocr_carea' id='block_1_81' title="bbox 1724 2517 3316 2593">
    <p class='ocr_par' dir='ltr' id='par_1_81' title="bbox 1724 2517 3316 2593">
     <span class='ocr_line' id='line_1_81' title="bbox 1724 2517 3316 2593; baseline -0.004 -14"><span class='ocrx_word' id='word_1_626' title='bbox 1724 2521 1830 2590; x_wconf 78' lang='lat' dir='ltr'><strong>Hi,</strong></span> <span class='ocrx_word' id='word_1_627' title='bbox 1887 2521 2046 2593; x_wconf 83' lang='lat' dir='ltr'><strong>juxta</strong></span> <span class='ocrx_word' id='word_1_628' title='bbox 2113 2521 2461 2592; x_wconf 87' lang='lat' dir='ltr'><strong>prephetam,</strong></span> <span class='ocrx_word' id='word_1_629' title='bbox 2509 2537 2529 2570; x_wconf 80' lang='grc' dir='ltr'><strong>ι</strong></span> <span class='ocrx_word' id='word_1_630' title='bbox 2568 2517 2846 2574; x_wconf 86' lang='lat' dir='ltr'><strong>viviﬁcant</strong></span> <span class='ocrx_word' id='word_1_631' title='bbox 2918 2518 3135 2573; x_wconf 84' lang='lat' dir='ltr'><strong>animas</strong></span> <span class='ocrx_word' id='word_1_632' title='bbox 3188 2531 3316 2588; x_wconf 67' lang='lat' dir='ltr'><strong>quas</strong></span> 
     </span>
    </p>
   </div>
   <div class='ocr_carea' id='block_1_82' title="bbox 1722 2608 3320 2680">
    <p class='ocr_par' dir='ltr' id='par_1_82' title="bbox 1722 2608 3320 2680">
     <span class='ocr_line' id='line_1_82' title="bbox 1722 2608 3320 2680; baseline -0.003 -13"><span class='ocrx_word' id='word_1_633' title='bbox 1722 2612 2072 2680; x_wconf 69' lang='lat' dir='ltr'><strong>moriuntur,</strong></span> <span class='ocrx_word' id='word_1_634' title='bbox 2129 2619 2185 2666; x_wconf 91' lang='lat' dir='ltr'><strong>et</strong></span> <span class='ocrx_word' id='word_1_635' title='bbox 2239 2610 2582 2666; x_wconf 88' lang='lat' dir='ltr'><strong>mortiﬁcant</strong></span> <span class='ocrx_word' id='word_1_636' title='bbox 2625 2608 2842 2664; x_wconf 80' lang='lat' dir='ltr'><strong>animas</strong></span> <span class='ocrx_word' id='word_1_637' title='bbox 2876 2624 3001 2678; x_wconf 73' lang='lat' dir='ltr'><strong>qure</strong></span> <span class='ocrx_word' id='word_1_638' title='bbox 3031 2623 3142 2663; x_wconf 92' lang='lat' dir='ltr'><strong>non</strong></span> <span class='ocrx_word' id='word_1_639' title='bbox 3194 2621 3320 2662; x_wconf 83' lang='lat' dir='ltr'><strong>mo-</strong></span> 
     </span>
    </p>
   </div>
   <div class='ocr_carea' id='block_1_83' title="bbox 1723 2697 3322 2783">
    <p class='ocr_par' dir='ltr' id='par_1_83' title="bbox 1723 2697 3322 2783">
     <span class='ocr_line' id='line_1_83' title="bbox 1723 2697 3322 2783; baseline -0.009 -16"><span class='ocrx_word' id='word_1_640' title='bbox 1723 2711 1946 2767; x_wconf 90' lang='lat' dir='ltr'><strong>riuntur</strong></span> <span class='ocrx_word' id='word_1_641' title='bbox 1969 2701 2187 2783; x_wconf 61' lang='lat' dir='ltr'><strong>(Each.</strong></span> <span class='ocrx_word' id='word_1_642' title='bbox 2218 2701 2360 2764; x_wconf 87' lang='lat' dir='ltr'><strong>xm).</strong></span> <span class='ocrx_word' id='word_1_643' title='bbox 2402 2719 2424 2754; x_wconf 74' lang='grc' dir='ltr'><strong>ι</strong></span> <span class='ocrx_word' id='word_1_644' title='bbox 2471 2698 2626 2756; x_wconf 81' lang='lat' dir='ltr'><strong>Noua</strong></span> <span class='ocrx_word' id='word_1_645' title='bbox 2679 2699 2852 2772; x_wconf 87' lang='lat' dir='ltr'><strong>gratia</strong></span> <span class='ocrx_word' id='word_1_646' title='bbox 2881 2708 2966 2754; x_wconf 90' lang='lat' dir='ltr'><strong>est</strong></span> <span class='ocrx_word' id='word_1_647' title='bbox 3004 2697 3322 2754; x_wconf 88' lang='lat' dir='ltr'><strong>misericor-</strong></span> 
     </span>
    </p>
   </div>
   <div class='ocr_carea' id='block_1_84' title="bbox 1722 2789 3318 2873">
    <p class='ocr_par' dir='ltr' id='par_1_84' title="bbox 1722 2789 3318 2873">
     <span class='ocr_line' id='line_1_84' title="bbox 1722 2789 3318 2873; baseline -0.009 -17"><span class='ocrx_word' id='word_1_648' title='bbox 1722 2801 1834 2870; x_wconf 89' lang='lat' dir='ltr'><strong>dia,</strong></span> <span class='ocrx_word' id='word_1_649' title='bbox 1883 2803 1952 2858; x_wconf 92' lang='lat' dir='ltr'><strong>de</strong></span> <span class='ocrx_word' id='word_1_650' title='bbox 2002 2816 2111 2873; x_wconf 86' lang='lat' dir='ltr'><strong>qua</strong></span> <span class='ocrx_word' id='word_1_651' title='bbox 2165 2793 2458 2856; x_wconf 83' lang='lat' dir='ltr'><strong>subditur;</strong></span> <span class='ocrx_word' id='word_1_652' title='bbox 2498 2789 2838 2847; x_wconf 72' lang='lat' dir='ltr'><strong>Conservavit</strong></span> <span class='ocrx_word' id='word_1_653' title='bbox 2889 2789 2974 2844; x_wconf 78' lang='lat' dir='ltr'><strong>illi</strong></span> <span class='ocrx_word' id='word_1_654' title='bbox 3005 2789 3318 2846; x_wconf 79' lang='lat' dir='ltr'><strong>misericor-</strong></span> 
     </span>
    </p>
   </div>
   <div class='ocr_carea' id='block_1_85' title="bbox 1721 2880 3318 2964">
    <p class='ocr_par' dir='ltr' id='par_1_85' title="bbox 1721 2880 3318 2964">
     <span class='ocr_line' id='line_1_85' title="bbox 1721 2880 3318 2964; baseline -0.005 -16"><span class='ocrx_word' id='word_1_655' title='bbox 1721 2894 1870 2948; x_wconf 77' lang='lat' dir='ltr'><strong>diam</strong></span> <span class='ocrx_word' id='word_1_656' title='bbox 1885 2910 2060 2960; x_wconf 73' lang='lat' dir='ltr'><strong>ruant,</strong></span> <span class='ocrx_word' id='word_1_657' title='bbox 2076 2891 2234 2964; x_wconf 84' lang='lat' dir='ltr'><strong>quasi</strong></span> <span class='ocrx_word' id='word_1_658' title='bbox 2255 2891 2403 2948; x_wconf 85' lang='lat' dir='ltr'><strong>dicat</strong></span> <span class='ocrx_word' id='word_1_659' title='bbox 2420 2907 2432 2944; x_wconf 93' lang='lat'><strong>:</strong></span> <span class='ocrx_word' id='word_1_660' title='bbox 2458 2880 2891 2946; x_wconf 77' lang='lat' dir='ltr'><strong>misericordiam</strong></span> <span class='ocrx_word' id='word_1_661' title='bbox 2906 2895 3074 2959; x_wconf 82' lang='lat' dir='ltr'><strong>quam</strong></span> <span class='ocrx_word' id='word_1_662' title='bbox 3096 2880 3318 2945; x_wconf 76' lang='lat' dir='ltr'><strong>caeteris</strong></span> 
     </span>
    </p>
   </div>
   <div class='ocr_carea' id='block_1_86' title="bbox 1723 2979 3320 3058">
    <p class='ocr_par' dir='ltr' id='par_1_86' title="bbox 1723 2979 3320 3058">
     <span class='ocr_line' id='line_1_86' title="bbox 1723 2979 3320 3058; baseline -0.004 -16"><span class='ocrx_word' id='word_1_663' title='bbox 1723 3001 1886 3058; x_wconf 87' lang='lat' dir='ltr'><strong>parce</strong></span> <span class='ocrx_word' id='word_1_664' title='bbox 1911 2985 2078 3052; x_wconf 88' lang='lat' dir='ltr'><strong>dedit,</strong></span> <span class='ocrx_word' id='word_1_665' title='bbox 2105 2985 2256 3055; x_wconf 84' lang='lat' dir='ltr'><strong>justo</strong></span> <span class='ocrx_word' id='word_1_666' title='bbox 2280 2982 2680 3054; x_wconf 87' lang='lat' dir='ltr'><strong>multiplicavit.</strong></span> <span class='ocrx_word' id='word_1_667' title='bbox 2711 2979 2930 3036; x_wconf 86' lang='lat' dir='ltr'><strong>Nullum</strong></span> <span class='ocrx_word' id='word_1_668' title='bbox 2959 2979 3106 3035; x_wconf 90' lang='lat' dir='ltr'><strong>enim</strong></span> <span class='ocrx_word' id='word_1_669' title='bbox 3135 2980 3320 3051; x_wconf 78' lang='lat' dir='ltr'><strong>magis</strong></span> 
     </span>
    </p>
   </div>
   <div class='ocr_carea' id='block_1_87' title="bbox 1723 3069 3388 3150">
    <p class='ocr_par' dir='ltr' id='par_1_87' title="bbox 1723 3069 3388 3150">
     <span class='ocr_line' id='line_1_87' title="bbox 1723 3069 3388 3150; baseline -0.009 -15"><span class='ocrx_word' id='word_1_670' title='bbox 1723 3094 1888 3150; x_wconf 87' lang='lat' dir='ltr'><strong>quam</strong></span> <span class='ocrx_word' id='word_1_671' title='bbox 1915 3076 2253 3135; x_wconf 88' lang='lat' dir='ltr'><strong>sacerdotem</strong></span> <span class='ocrx_word' id='word_1_672' title='bbox 2291 3073 2677 3131; x_wconf 82' lang='lat' dir='ltr'><strong>misericordia</strong></span> <span class='ocrx_word' id='word_1_673' title='bbox 2704 3072 2879 3138; x_wconf 65' lang='lat' dir='ltr'><strong>decet,</strong></span> <span class='ocrx_word' id='word_1_674' title='bbox 2903 3069 2999 3142; x_wconf 90' lang='lat' dir='ltr'><strong>qui</strong></span> <span class='ocrx_word' id='word_1_675' title='bbox 3031 3084 3130 3142; x_wconf 89' lang='lat' dir='ltr'><strong>per</strong></span> <span class='ocrx_word' id='word_1_676' title='bbox 3161 3084 3320 3126; x_wconf 65' lang='lat' dir='ltr'><strong>coma-</strong></span> <span class='ocrx_word' id='word_1_677' title='bbox 3384 3115 3388 3118; x_wconf 83' lang='lat'><strong>.</strong></span> 
     </span>
    </p>
   </div>
   <div class='ocr_carea' id='block_1_88' title="bbox 1722 3165 3317 3250">
    <p class='ocr_par' dir='ltr' id='par_1_88' title="bbox 1722 3165 3317 3250">
     <span class='ocr_line' id='line_1_88' title="bbox 1722 3165 3317 3250; baseline -0.009 -15"><span class='ocrx_word' id='word_1_678' title='bbox 1722 3178 2036 3250; x_wconf 85' lang='lat' dir='ltr'><strong>passionem</strong></span> <span class='ocrx_word' id='word_1_679' title='bbox 2090 3173 2347 3230; x_wconf 90' lang='lat' dir='ltr'><strong>omnibus</strong></span> <span class='ocrx_word' id='word_1_680' title='bbox 2399 3171 2584 3228; x_wconf 90' lang='lat' dir='ltr'><strong>omnia</strong></span> <span class='ocrx_word' id='word_1_681' title='bbox 2629 3168 2748 3226; x_wconf 89' lang='lat' dir='ltr'><strong>ﬁeri</strong></span> <span class='ocrx_word' id='word_1_682' title='bbox 2795 3170 2972 3224; x_wconf 85' lang='lat' dir='ltr'><strong>debet.</strong></span> <span class='ocrx_word' id='word_1_683' title='bbox 3012 3165 3080 3222; x_wconf 80' lang='lat' dir='ltr'><strong>Et</strong></span> <span class='ocrx_word' id='word_1_684' title='bbox 3129 3165 3317 3222; x_wconf 81' lang='lat' dir='ltr'><strong>Aaron</strong></span> 
     </span>
    </p>
   </div>
   <div class='ocr_carea' id='block_1_89' title="bbox 1722 3261 3321 3347">
    <p class='ocr_par' dir='ltr' id='par_1_89' title="bbox 1722 3261 3321 3347">
     <span class='ocr_line' id='line_1_89' title="bbox 1722 3261 3321 3347; baseline -0.008 -18"><span class='ocrx_word' id='word_1_685' title='bbox 1722 3271 1945 3347; x_wconf 90' lang='lat' dir='ltr'><strong>quidem</strong></span> <span class='ocrx_word' id='word_1_686' title='bbox 1992 3284 2246 3342; x_wconf 85' lang='lat' dir='ltr'><strong>magnam</strong></span> <span class='ocrx_word' id='word_1_687' title='bbox 2301 3265 2739 3323; x_wconf 88' lang='lat' dir='ltr'><strong>miscricordiam</strong></span> <span class='ocrx_word' id='word_1_688' title='bbox 2794 3262 3008 3329; x_wconf 81' lang='lat' dir='ltr'><strong>habuit,</strong></span> <span class='ocrx_word' id='word_1_689' title='bbox 3069 3261 3164 3332; x_wconf 91' lang='lat' dir='ltr'><strong>qui</strong></span> <span class='ocrx_word' id='word_1_690' title='bbox 3215 3275 3321 3334; x_wconf 91' lang='lat' dir='ltr'><strong>pro</strong></span> 
     </span>
    </p>
   </div>
   <div class='ocr_carea' id='block_1_90' title="bbox 1725 3354 3318 3435">
    <p class='ocr_par' dir='ltr' id='par_1_90' title="bbox 1725 3354 3318 3435">
     <span class='ocr_line' id='line_1_90' title="bbox 1725 3354 3318 3435; baseline -0.009 -13"><span class='ocrx_word' id='word_1_691' title='bbox 1725 3360 2232 3435; x_wconf 87' lang='lat' dir='ltr'><strong>transgressorihus</strong></span> <span class='ocrx_word' id='word_1_692' title='bbox 2254 3366 2309 3413; x_wconf 91' lang='lat' dir='ltr'><strong>et</strong></span> <span class='ocrx_word' id='word_1_693' title='bbox 2331 3356 2495 3412; x_wconf 88' lang='lat' dir='ltr'><strong>etiam</strong></span> <span class='ocrx_word' id='word_1_694' title='bbox 2521 3354 2997 3411; x_wconf 87' lang='lat' dir='ltr'><strong>murmurantibus</strong></span> <span class='ocrx_word' id='word_1_695' title='bbox 3023 3360 3216 3408; x_wconf 84' lang='lat' dir='ltr'><strong>contra</strong></span> <span class='ocrx_word' id='word_1_696' title='bbox 3255 3365 3318 3407; x_wconf 83' lang='lat' dir='ltr'><strong>se</strong></span> 
     </span>
    </p>
   </div>
   <div class='ocr_carea' id='block_1_91' title="bbox 1720 3442 3316 3527">
    <p class='ocr_par' dir='ltr' id='par_1_91' title="bbox 1720 3442 3316 3527">
     <span class='ocr_line' id='line_1_91' title="bbox 1720 3442 3316 3527; baseline -0.011 -13"><span class='ocrx_word' id='word_1_697' title='bbox 1720 3452 2064 3527; x_wconf 85' lang='lat' dir='ltr'><strong>supplicavit.</strong></span> <span class='ocrx_word' id='word_1_698' title='bbox 2089 3449 2344 3506; x_wconf 87' lang='lat' dir='ltr'><strong>Christus</strong></span> <span class='ocrx_word' id='word_1_699' title='bbox 2368 3463 2498 3503; x_wconf 88' lang='lat' dir='ltr'><strong>vero</strong></span> <span class='ocrx_word' id='word_1_700' title='bbox 2514 3462 2625 3502; x_wconf 93' lang='lat' dir='ltr'><strong>non</strong></span> <span class='ocrx_word' id='word_1_701' title='bbox 2651 3445 2829 3502; x_wconf 90' lang='lat' dir='ltr'><strong>solum</strong></span> <span class='ocrx_word' id='word_1_702' title='bbox 2857 3443 3195 3510; x_wconf 87' lang='lat' dir='ltr'><strong>misericors,</strong></span> <span class='ocrx_word' id='word_1_703' title='bbox 3219 3442 3316 3498; x_wconf 87' lang='lat' dir='ltr'><strong>sed</strong></span> 
     </span>
    </p>
   </div>
   <div class='ocr_carea' id='block_1_92' title="bbox 1719 3534 3320 3616">
    <p class='ocr_par' dir='ltr' id='par_1_92' title="bbox 1719 3534 3320 3616">
     <span class='ocr_line' id='line_1_92' title="bbox 1719 3534 3320 3616; baseline -0.008 -13"><span class='ocrx_word' id='word_1_704' title='bbox 1719 3548 1882 3604; x_wconf 80' lang='lat' dir='ltr'><strong>etiam</strong></span> <span class='ocrx_word' id='word_1_705' title='bbox 1909 3545 2026 3616; x_wconf 89' lang='lat' dir='ltr'><strong>ipsa</strong></span> <span class='ocrx_word' id='word_1_706' title='bbox 2057 3540 2432 3599; x_wconf 88' lang='lat' dir='ltr'><strong>misericordia</strong></span> <span class='ocrx_word' id='word_1_707' title='bbox 2457 3547 2514 3595; x_wconf 88' lang='lat' dir='ltr'><strong>et</strong></span> <span class='ocrx_word' id='word_1_708' title='bbox 2540 3547 2644 3606; x_wconf 87' lang='lat' dir='ltr'><strong>est,</strong></span> <span class='ocrx_word' id='word_1_709' title='bbox 2665 3546 2721 3593; x_wconf 93' lang='lat' dir='ltr'><strong>et</strong></span> <span class='ocrx_word' id='word_1_710' title='bbox 2745 3535 2869 3604; x_wconf 86' lang='lat' dir='ltr'><strong>fuit,</strong></span> <span class='ocrx_word' id='word_1_711' title='bbox 2893 3535 2989 3608; x_wconf 87' lang='lat' dir='ltr'><strong>qui</strong></span> <span class='ocrx_word' id='word_1_712' title='bbox 3011 3534 3178 3590; x_wconf 87' lang='lat' dir='ltr'><strong>etiam</strong></span> <span class='ocrx_word' id='word_1_713' title='bbox 3211 3547 3320 3605; x_wconf 83' lang='lat' dir='ltr'><strong>pro</strong></span> 
     </span>
    </p>
   </div>
   <div class='ocr_carea' id='block_1_93' title="bbox 1719 3626 3313 3700">
    <p class='ocr_par' dir='ltr' id='par_1_93' title="bbox 1719 3626 3313 3700">
     <span class='ocr_line' id='line_1_93' title="bbox 1719 3626 3313 3700; baseline -0.009 -4"><span class='ocrx_word' id='word_1_714' title='bbox 1719 3638 1838 3696; x_wconf 89' lang='lat' dir='ltr'><strong>suis</strong></span> <span class='ocrx_word' id='word_1_715' title='bbox 1881 3633 2301 3695; x_wconf 80' lang='lat' dir='ltr'><strong>cruciﬁxcrihus</strong></span> <span class='ocrx_word' id='word_1_716' title='bbox 2340 3633 2395 3687; x_wconf 89' lang='lat' dir='ltr'><strong>in</strong></span> <span class='ocrx_word' id='word_1_717' title='bbox 2435 3645 2598 3686; x_wconf 84' lang='lat' dir='ltr'><strong>cruce</strong></span> <span class='ocrx_word' id='word_1_718' title='bbox 2643 3629 2890 3685; x_wconf 84' lang='lat' dir='ltr'><strong>exoravit</strong></span> <span class='ocrx_word' id='word_1_719' title='bbox 2923 3626 3076 3700; x_wconf 85' lang='lat' dir='ltr'><strong>(Luc.</strong></span> <span class='ocrx_word' id='word_1_720' title='bbox 3129 3626 3313 3696; x_wconf 60' lang='grc' dir='ltr'>χχιιι).</span> 
     </span>
    </p>
   </div>
   <div class='ocr_carea' id='block_1_94' title="bbox 1719 3717 3320 3802">
    <p class='ocr_par' dir='ltr' id='par_1_94' title="bbox 1719 3717 3320 3802">
     <span class='ocr_line' id='line_1_94' title="bbox 1719 3717 3320 3802; baseline -0.008 -16"><span class='ocrx_word' id='word_1_721' title='bbox 1719 3731 1826 3788; x_wconf 90' lang='lat' dir='ltr'><strong>lste</strong></span> <span class='ocrx_word' id='word_1_722' title='bbox 1854 3745 2076 3802; x_wconf 87' lang='lat' dir='ltr'><strong>quoque</strong></span> <span class='ocrx_word' id='word_1_723' title='bbox 2105 3727 2380 3801; x_wconf 84' lang='lat' dir='ltr'><strong>gloriosus</strong></span> <span class='ocrx_word' id='word_1_724' title='bbox 2417 3722 2704 3781; x_wconf 88' lang='lat' dir='ltr'><strong>confessor</strong></span> <span class='ocrx_word' id='word_1_725' title='bbox 2744 3721 2873 3777; x_wconf 89' lang='lat' dir='ltr'><strong>totis</strong></span> <span class='ocrx_word' id='word_1_726' title='bbox 2921 3717 3320 3776; x_wconf 62' lang='lat' dir='ltr'><strong>misericordia</strong></span> 
     </span>
    </p>
   </div>
   <div class='ocr_carea' id='block_1_95' title="bbox 1717 3807 3318 3888">
    <p class='ocr_par' dir='ltr' id='par_1_95' title="bbox 1717 3807 3318 3888">
     <span class='ocr_line' id='line_1_95' title="bbox 1717 3807 3318 3888; baseline -0.011 -7"><span class='ocrx_word' id='word_1_727' title='bbox 1717 3823 2022 3881; x_wconf 88' lang='lat' dir='ltr'><strong>visceribus</strong></span> <span class='ocrx_word' id='word_1_728' title='bbox 2062 3819 2292 3886; x_wconf 76' lang='lat' dir='ltr'><strong>afﬁnxit,</strong></span> <span class='ocrx_word' id='word_1_729' title='bbox 2337 3816 2671 3888; x_wconf 89' lang='lat' dir='ltr'><strong>patientibus</strong></span> <span class='ocrx_word' id='word_1_730' title='bbox 2719 3811 3080 3883; x_wconf 87' lang='lat' dir='ltr'><strong>compatiens,</strong></span> <span class='ocrx_word' id='word_1_731' title='bbox 3122 3807 3318 3866; x_wconf 81' lang='lat' dir='ltr'><strong>dolen-</strong></span> 
     </span>
    </p>
   </div>
   <div class='ocr_carea' id='block_1_96' title="bbox 1719 3900 3315 3981">
    <p class='ocr_par' dir='ltr' id='par_1_96' title="bbox 1719 3900 3315 3981">
     <span class='ocr_line' id='line_1_96' title="bbox 1719 3900 3315 3981; baseline -0.012 -6"><span class='ocrx_word' id='word_1_732' title='bbox 1719 3919 1866 3975; x_wconf 85' lang='lat' dir='ltr'><strong>tibus</strong></span> <span class='ocrx_word' id='word_1_733' title='bbox 1891 3915 2210 3981; x_wconf 89' lang='lat' dir='ltr'><strong>condolens,</strong></span> <span class='ocrx_word' id='word_1_734' title='bbox 2248 3911 2483 3968; x_wconf 86' lang='lat' dir='ltr'><strong>aliorum</strong></span> <span class='ocrx_word' id='word_1_735' title='bbox 2513 3923 2681 3964; x_wconf 88' lang='lat' dir='ltr'><strong>onera</strong></span> <span class='ocrx_word' id='word_1_736' title='bbox 2707 3913 2955 3978; x_wconf 88' lang='lat' dir='ltr'><strong>portans,</strong></span> <span class='ocrx_word' id='word_1_737' title='bbox 2983 3917 3072 3959; x_wconf 87' lang='lat' dir='ltr'><strong>res</strong></span> <span class='ocrx_word' id='word_1_738' title='bbox 3099 3916 3233 3959; x_wconf 86' lang='lat' dir='ltr'><strong>suas</strong></span> <span class='ocrx_word' id='word_1_739' title='bbox 3255 3900 3315 3956; x_wconf 90' lang='lat' dir='ltr'><strong>in</strong></span> 
     </span>
    </p>
   </div>
   <div class='ocr_carea' id='block_1_97' title="bbox 1717 3993 3315 4082">
    <p class='ocr_par' dir='ltr' id='par_1_97' title="bbox 1717 3993 3315 4082">
     <span class='ocr_line' id='line_1_97' title="bbox 1717 3993 3315 4082; baseline -0.011 -16"><span class='ocrx_word' id='word_1_740' title='bbox 1717 4009 1976 4082; x_wconf 88' lang='lat' dir='ltr'><strong>operibus</strong></span> <span class='ocrx_word' id='word_1_741' title='bbox 2003 4003 2398 4062; x_wconf 74' lang='lat' dir='ltr'><strong>misericordia:</strong></span> <span class='ocrx_word' id='word_1_742' title='bbox 2426 4000 2785 4066; x_wconf 88' lang='lat' dir='ltr'><strong>distribuens,</strong></span> <span class='ocrx_word' id='word_1_743' title='bbox 2814 4003 3038 4069; x_wconf 84' lang='lat' dir='ltr'><strong>peccata</strong></span> <span class='ocrx_word' id='word_1_744' title='bbox 3075 3993 3315 4050; x_wconf 89' lang='lat' dir='ltr'><strong>aliorum</strong></span> 
     </span>
    </p>
   </div>
   <div class='ocr_carea' id='block_1_98' title="bbox 1716 4084 3320 4175">
    <p class='ocr_par' dir='ltr' id='par_1_98' title="bbox 1716 4084 3320 4175">
     <span class='ocr_line' id='line_1_98' title="bbox 1716 4084 3320 4175; baseline -0.012 -17"><span class='ocrx_word' id='word_1_745' title='bbox 1716 4103 1931 4175; x_wconf 84' lang='lat' dir='ltr'><strong>lugens,</strong></span> <span class='ocrx_word' id='word_1_746' title='bbox 1974 4113 2076 4171; x_wconf 90' lang='lat' dir='ltr'><strong>pro</strong></span> <span class='ocrx_word' id='word_1_747' title='bbox 2113 4092 2559 4168; x_wconf 84' lang='lat' dir='ltr'><strong>persecutoribus</strong></span> <span class='ocrx_word' id='word_1_748' title='bbox 2587 4090 2706 4148; x_wconf 90' lang='lat' dir='ltr'><strong>suis</strong></span> <span class='ocrx_word' id='word_1_749' title='bbox 2725 4102 2987 4157; x_wconf 86' lang='lat' dir='ltr'><strong>exorans,</strong></span> <span class='ocrx_word' id='word_1_750' title='bbox 3015 4085 3183 4175; x_wconf 87' lang='lat' dir='ltr'><strong>etiam</strong></span> <span class='ocrx_word' id='word_1_751' title='bbox 3205 4084 3320 4140; x_wconf 78' lang='lat' dir='ltr'><strong>ini-</strong></span> 
     </span>
    </p>
   </div>
   <div class='ocr_carea' id='block_1_99' title="bbox 1717 4174 3317 4252">
    <p class='ocr_par' dir='ltr' id='par_1_99' title="bbox 1717 4174 3317 4252">
     <span class='ocr_line' id='line_1_99' title="bbox 1717 4174 3317 4252; baseline -0.012 -4"><span class='ocrx_word' id='word_1_752' title='bbox 1717 4174 1876 4248; x_wconf 87' lang='lat' dir='ltr'><strong>micis</strong></span> <span class='ocrx_word' id='word_1_753' title='bbox 1921 4189 2044 4247; x_wconf 91' lang='lat' dir='ltr'><strong>suis</strong></span> <span class='ocrx_word' id='word_1_754' title='bbox 2104 4182 2472 4243; x_wconf 85' lang='lat' dir='ltr'><strong>benefaciens.</strong></span> <span class='ocrx_word' id='word_1_755' title='bbox 2504 4181 2566 4236; x_wconf 89' lang='lat' dir='ltr'><strong>In</strong></span> <span class='ocrx_word' id='word_1_756' title='bbox 2606 4195 2718 4252; x_wconf 91' lang='lat' dir='ltr'><strong>quo</strong></span> <span class='ocrx_word' id='word_1_757' title='bbox 2757 4193 2864 4235; x_wconf 89' lang='lat' dir='ltr'><strong>nos</strong></span> <span class='ocrx_word' id='word_1_758' title='bbox 2905 4174 3096 4232; x_wconf 86' lang='lat' dir='ltr'><strong>miseri</strong></span> <span class='ocrx_word' id='word_1_759' title='bbox 3128 4189 3317 4230; x_wconf 86' lang='lat' dir='ltr'><strong>sacer-</strong></span> 
     </span>
    </p>
   </div>
   <div class='ocr_carea' id='block_1_100' title="bbox 1715 4265 3322 4349">
    <p class='ocr_par' dir='ltr' id='par_1_100' title="bbox 1715 4265 3322 4349">
     <span class='ocr_line' id='line_1_100' title="bbox 1715 4265 3322 4349; baseline -0.014 -6"><span class='ocrx_word' id='word_1_760' title='bbox 1715 4284 1872 4342; x_wconf 87' lang='lat' dir='ltr'><strong>dotes</strong></span> <span class='ocrx_word' id='word_1_761' title='bbox 1907 4281 2282 4348; x_wconf 87' lang='lat' dir='ltr'><strong>confutamur,</strong></span> <span class='ocrx_word' id='word_1_762' title='bbox 2329 4275 2426 4349; x_wconf 89' lang='lat' dir='ltr'><strong>qui</strong></span> <span class='ocrx_word' id='word_1_763' title='bbox 2481 4289 2612 4348; x_wconf 90' lang='lat' dir='ltr'><strong>erga</strong></span> <span class='ocrx_word' id='word_1_764' title='bbox 2657 4286 2926 4344; x_wconf 84' lang='lat' dir='ltr'><strong>pauperes</strong></span> <span class='ocrx_word' id='word_1_765' title='bbox 2974 4277 3030 4326; x_wconf 89' lang='lat' dir='ltr'><strong>et</strong></span> <span class='ocrx_word' id='word_1_766' title='bbox 3081 4265 3322 4323; x_wconf 75' lang='lat' dir='ltr'><strong>amictus</strong></span> 
     </span>
    </p>
   </div>
   <div class='ocr_carea' id='block_1_101' title="bbox 1715 4359 3322 4447">
    <p class='ocr_par' dir='ltr' id='par_1_101' title="bbox 1715 4359 3322 4447">
     <span class='ocr_line' id='line_1_101' title="bbox 1715 4359 3322 4447; baseline -0.014 -12"><span class='ocrx_word' id='word_1_767' title='bbox 1715 4376 1866 4434; x_wconf 84' lang='lat' dir='ltr'><strong>nulla</strong></span> <span class='ocrx_word' id='word_1_768' title='bbox 1893 4373 2273 4447; x_wconf 86' lang='lat' dir='ltr'><strong>eompassione</strong></span> <span class='ocrx_word' id='word_1_769' title='bbox 2324 4380 2736 4426; x_wconf 84' lang='lat' dir='ltr'><strong>commovemur</strong></span> <span class='ocrx_word' id='word_1_770' title='bbox 2758 4405 2774 4432; x_wconf 93' lang='lat'><strong>,</strong></span> <span class='ocrx_word' id='word_1_771' title='bbox 2813 4363 2910 4435; x_wconf 92' lang='lat' dir='ltr'><strong>qui</strong></span> <span class='ocrx_word' id='word_1_772' title='bbox 2961 4361 3030 4417; x_wconf 89' lang='lat' dir='ltr'><strong>ad</strong></span> <span class='ocrx_word' id='word_1_773' title='bbox 3075 4359 3322 4416; x_wconf 75' lang='lat' dir='ltr'><strong>aliorum</strong></span> 
     </span>
    </p>
   </div>
   <div class='ocr_carea' id='block_1_102' title="bbox 1717 4448 3318 4525">
    <p class='ocr_par' dir='ltr' id='par_1_102' title="bbox 1717 4448 3318 4525">
     <span class='ocr_line' id='line_1_102' title="bbox 1717 4448 3318 4525; baseline -0.014 -1"><span class='ocrx_word' id='word_1_774' title='bbox 1717 4466 2062 4523; x_wconf 86' lang='lat' dir='ltr'><strong>inﬁrmitates</strong></span> <span class='ocrx_word' id='word_1_775' title='bbox 2102 4461 2265 4520; x_wconf 85' lang='lat' dir='ltr'><strong>ferrei</strong></span> <span class='ocrx_word' id='word_1_776' title='bbox 2310 4468 2366 4516; x_wconf 90' lang='lat' dir='ltr'><strong>et</strong></span> <span class='ocrx_word' id='word_1_777' title='bbox 2397 4457 2523 4515; x_wconf 91' lang='lat' dir='ltr'><strong>duri</strong></span> <span class='ocrx_word' id='word_1_778' title='bbox 2557 4469 2774 4524; x_wconf 86' lang='lat' dir='ltr'><strong>sumus,</strong></span> <span class='ocrx_word' id='word_1_779' title='bbox 2811 4467 2952 4525; x_wconf 85' lang='lat' dir='ltr'><strong>quos</strong></span> <span class='ocrx_word' id='word_1_780' title='bbox 2979 4451 3104 4522; x_wconf 83' lang='lat' dir='ltr'><strong>plus</strong></span> <span class='ocrx_word' id='word_1_781' title='bbox 3133 4448 3318 4522; x_wconf 76' lang='lat' dir='ltr'><strong>tangit</strong></span> 
     </span>
    </p>
   </div>
   <div class='ocr_carea' id='block_1_103' title="bbox 1715 4539 3322 4620">
    <p class='ocr_par' dir='ltr' id='par_1_103' title="bbox 1715 4539 3322 4620">
     <span class='ocr_line' id='line_1_103' title="bbox 1715 4539 3322 4620; baseline -0.014 -6"><span class='ocrx_word' id='word_1_782' title='bbox 1715 4558 1874 4613; x_wconf 88' lang='lat' dir='ltr'><strong>ruina</strong></span> <span class='ocrx_word' id='word_1_783' title='bbox 1907 4556 2106 4612; x_wconf 70' lang='lat' dir='ltr'><strong>anima:</strong></span> <span class='ocrx_word' id='word_1_784' title='bbox 2128 4561 2332 4610; x_wconf 75' lang='lat' dir='ltr'><strong>nostrae</strong></span> <span class='ocrx_word' id='word_1_785' title='bbox 2359 4549 2604 4607; x_wconf 88' lang='lat' dir='ltr'><strong>cadentis</strong></span> <span class='ocrx_word' id='word_1_786' title='bbox 2632 4561 2800 4620; x_wconf 89' lang='lat' dir='ltr'><strong>quam</strong></span> <span class='ocrx_word' id='word_1_787' title='bbox 2825 4545 3089 4600; x_wconf 87' lang='lat' dir='ltr'><strong>damnum</strong></span> <span class='ocrx_word' id='word_1_788' title='bbox 3111 4539 3322 4594; x_wconf 73' lang='lat' dir='ltr'><strong>anime</strong></span> 
     </span>
    </p>
   </div>
   <div class='ocr_carea' id='block_1_104' title="bbox 1714 4630 3322 4720">
    <p class='ocr_par' dir='ltr' id='par_1_104' title="bbox 1714 4630 3322 4720">
     <span class='ocr_line' id='line_1_104' title="bbox 1714 4630 3322 4720; baseline -0.016 -13"><span class='ocrx_word' id='word_1_789' title='bbox 1714 4650 2040 4706; x_wconf 66' lang='lat' dir='ltr'><strong>Christianae</strong></span> <span class='ocrx_word' id='word_1_790' title='bbox 2081 4645 2385 4720; x_wconf 78' lang='lat' dir='ltr'><strong>pereuntis.</strong></span> <span class='ocrx_word' id='word_1_791' title='bbox 2427 4643 2647 4701; x_wconf 89' lang='lat' dir='ltr'><strong>Decima</strong></span> <span class='ocrx_word' id='word_1_792' title='bbox 2681 4637 2855 4712; x_wconf 81' lang='lat' dir='ltr'><strong>gratia</strong></span> <span class='ocrx_word' id='word_1_793' title='bbox 2895 4643 2982 4692; x_wconf 83' lang='lat' dir='ltr'><strong>est</strong></span> <span class='ocrx_word' id='word_1_794' title='bbox 3030 4630 3219 4704; x_wconf 68' lang='lat' dir='ltr'><strong>gratias</strong></span> <span class='ocrx_word' id='word_1_795' title='bbox 3254 4644 3322 4684; x_wconf 73' lang='lat' dir='ltr'><strong>a-</strong></span> 
     </span>
    </p>
   </div>
   <div class='ocr_carea' id='block_1_105' title="bbox 1715 4724 3318 4811">
    <p class='ocr_par' dir='ltr' id='par_1_105' title="bbox 1715 4724 3318 4811">
     <span class='ocr_line' id='line_1_105' title="bbox 1715 4724 3318 4811; baseline -0.016 -12"><span class='ocrx_word' id='word_1_796' title='bbox 1715 4742 2011 4798; x_wconf 90' lang='lat' dir='ltr'><strong>bundantia</strong></span> <span class='ocrx_word' id='word_1_797' title='bbox 2041 4741 2108 4796; x_wconf 89' lang='lat' dir='ltr'><strong>de</strong></span> <span class='ocrx_word' id='word_1_798' title='bbox 2142 4755 2250 4811; x_wconf 86' lang='lat' dir='ltr'><strong>qua</strong></span> <span class='ocrx_word' id='word_1_799' title='bbox 2283 4737 2536 4794; x_wconf 84' lang='lat' dir='ltr'><strong>subditur</strong></span> <span class='ocrx_word' id='word_1_800' title='bbox 2562 4752 2580 4788; x_wconf 86' lang='lat'><strong>:</strong></span> <span class='ocrx_word' id='word_1_801' title='bbox 2606 4732 2674 4786; x_wconf 85' lang='lat' dir='ltr'><strong>Et</strong></span> <span class='ocrx_word' id='word_1_802' title='bbox 2703 4729 2900 4785; x_wconf 76' lang='lat' dir='ltr'><strong>invenit</strong></span> <span class='ocrx_word' id='word_1_803' title='bbox 2940 4724 3174 4797; x_wconf 69' lang='lat' dir='ltr'><strong>gratiam</strong></span> <span class='ocrx_word' id='word_1_804' title='bbox 3217 4737 3318 4777; x_wconf 76' lang='lat' dir='ltr'><strong>co-</strong></span> 
     </span>
    </p>
   </div>
   <div class='ocr_carea' id='block_1_106' title="bbox 1714 4811 3322 4886">
    <p class='ocr_par' dir='ltr' id='par_1_106' title="bbox 1714 4811 3322 4886">
     <span class='ocr_line' id='line_1_106' title="bbox 1714 4811 3322 4886; baseline -0.013 1"><span class='ocrx_word' id='word_1_805' title='bbox 1714 4849 1829 4886; x_wconf 86' lang='lat' dir='ltr'><strong>ram</strong></span> <span class='ocrx_word' id='word_1_806' title='bbox 1850 4831 2017 4886; x_wconf 85' lang='lat' dir='ltr'><strong>oculis</strong></span> <span class='ocrx_word' id='word_1_807' title='bbox 2048 4829 2286 4885; x_wconf 81' lang='lat' dir='ltr'><strong>Domini.</strong></span> <span class='ocrx_word' id='word_1_808' title='bbox 2315 4826 2459 4883; x_wconf 88' lang='lat' dir='ltr'><strong>Sane</strong></span> <span class='ocrx_word' id='word_1_809' title='bbox 2483 4822 2742 4882; x_wconf 87' lang='lat' dir='ltr'><strong>sacerdos</strong></span> <span class='ocrx_word' id='word_1_810' title='bbox 2764 4833 2875 4875; x_wconf 90' lang='lat' dir='ltr'><strong>non</strong></span> <span class='ocrx_word' id='word_1_811' title='bbox 2901 4831 3032 4882; x_wconf 84' lang='lat' dir='ltr'><strong>una,</strong></span> <span class='ocrx_word' id='word_1_812' title='bbox 3055 4812 3144 4870; x_wconf 85' lang='lat' dir='ltr'><strong>vel</strong></span> <span class='ocrx_word' id='word_1_813' title='bbox 3173 4811 3322 4868; x_wconf 67' lang='lat' dir='ltr'><strong>duo-v</strong></span> 
     </span>
    </p>
   </div>
   <div class='ocr_carea' id='block_1_107' title="bbox 1713 4904 3316 4996">
    <p class='ocr_par' dir='ltr' id='par_1_107' title="bbox 1713 4904 3316 4996">
     <span class='ocr_line' id='line_1_107' title="bbox 1713 4904 3316 4996; baseline -0.012 -18"><span class='ocrx_word' id='word_1_814' title='bbox 1713 4924 1818 4978; x_wconf 91' lang='lat' dir='ltr'><strong>hus</strong></span> <span class='ocrx_word' id='word_1_815' title='bbox 1845 4923 2056 4996; x_wconf 89' lang='lat' dir='ltr'><strong>gratiis,</strong></span> <span class='ocrx_word' id='word_1_816' title='bbox 2081 4922 2178 4977; x_wconf 89' lang='lat' dir='ltr'><strong>sed</strong></span> <span class='ocrx_word' id='word_1_817' title='bbox 2200 4920 2501 4976; x_wconf 88' lang='lat' dir='ltr'><strong>multarum</strong></span> <span class='ocrx_word' id='word_1_818' title='bbox 2531 4910 2866 4972; x_wconf 88' lang='lat' dir='ltr'><strong>abundantia</strong></span> <span class='ocrx_word' id='word_1_819' title='bbox 2890 4907 3190 4996; x_wconf 77' lang='lat' dir='ltr'><strong>gratiarum</strong></span> <span class='ocrx_word' id='word_1_820' title='bbox 3213 4904 3316 4959; x_wconf 78' lang='lat' dir='ltr'><strong>de-</strong></span> 
     </span>
    </p>
   </div>
   <div class='ocr_carea' id='block_1_108' title="bbox 1711 4990 3316 5078">
    <p class='ocr_par' dir='ltr' id='par_1_108' title="bbox 1711 4990 3316 5078">
     <span class='ocr_line' id='line_1_108' title="bbox 1711 4990 3316 5078; baseline -0.014 -7"><span class='ocrx_word' id='word_1_821' title='bbox 1711 5013 1803 5070; x_wconf 86' lang='lat' dir='ltr'><strong>bet</strong></span> <span class='ocrx_word' id='word_1_822' title='bbox 1847 4990 2114 5070; x_wconf 81' lang='lat' dir='ltr'><strong>decorari.</strong></span> <span class='ocrx_word' id='word_1_823' title='bbox 2164 5010 2228 5066; x_wconf 87' lang='lat' dir='ltr'><strong>Et</strong></span> <span class='ocrx_word' id='word_1_824' title='bbox 2282 5009 2466 5065; x_wconf 86' lang='lat' dir='ltr'><strong>Aaron</strong></span> <span class='ocrx_word' id='word_1_825' title='bbox 2520 5004 2739 5078; x_wconf 79' lang='lat' dir='ltr'><strong>quidem</strong></span> <span class='ocrx_word' id='word_1_826' title='bbox 2780 4999 3080 5074; x_wconf 84' lang='lat' dir='ltr'><strong>gratiarum</strong></span> <span class='ocrx_word' id='word_1_827' title='bbox 3128 4990 3316 5051; x_wconf 81' lang='lat' dir='ltr'><strong>abun-</strong></span> 
     </span>
    </p>
   </div>
   <div class='ocr_carea' id='block_1_109' title="bbox 1715 5095 3308 5178">
    <p class='ocr_par' dir='ltr' id='par_1_109' title="bbox 1715 5095 3308 5178">
     <span class='ocr_line' id='line_1_109' title="bbox 1715 5095 3308 5178; baseline -0.014 -14"><span class='ocrx_word' id='word_1_828' title='bbox 1715 5109 1900 5164; x_wconf 86' lang='lat' dir='ltr'><strong>dantia</strong></span> <span class='ocrx_word' id='word_1_829' title='bbox 1928 5099 2184 5178; x_wconf 85' lang='lat' dir='ltr'><strong>perfusus</strong></span> <span class='ocrx_word' id='word_1_830' title='bbox 2225 5103 2347 5171; x_wconf 91' lang='lat' dir='ltr'><strong>fuit,</strong></span> <span class='ocrx_word' id='word_1_831' title='bbox 2390 5100 2538 5174; x_wconf 90' lang='lat' dir='ltr'><strong>quod</strong></span> <span class='ocrx_word' id='word_1_832' title='bbox 2565 5114 2661 5172; x_wconf 88' lang='lat' dir='ltr'><strong>per</strong></span> <span class='ocrx_word' id='word_1_833' title='bbox 2688 5096 2872 5153; x_wconf 82' lang='lat' dir='ltr'><strong>oleum</strong></span> <span class='ocrx_word' id='word_1_834' title='bbox 2923 5105 3089 5163; x_wconf 87' lang='lat' dir='ltr'><strong>super</strong></span> <span class='ocrx_word' id='word_1_835' title='bbox 3135 5095 3308 5167; x_wconf 84' lang='lat' dir='ltr'><strong>caput</strong></span> 
     </span>
    </p>
   </div>
   <div class='ocr_carea' id='block_1_110' title="bbox 1713 5179 3312 5272">
    <p class='ocr_par' dir='ltr' id='par_1_110' title="bbox 1713 5179 3312 5272">
     <span class='ocr_line' id='line_1_110' title="bbox 1713 5179 3312 5272; baseline -0.015 -14"><span class='ocrx_word' id='word_1_836' title='bbox 1713 5203 1834 5272; x_wconf 87' lang='lat' dir='ltr'><strong>ejus</strong></span> <span class='ocrx_word' id='word_1_837' title='bbox 1883 5199 2139 5266; x_wconf 88' lang='lat' dir='ltr'><strong>eﬁ‘usum,</strong></span> <span class='ocrx_word' id='word_1_838' title='bbox 2191 5203 2246 5252; x_wconf 90' lang='lat' dir='ltr'><strong>et</strong></span> <span class='ocrx_word' id='word_1_839' title='bbox 2295 5195 2364 5251; x_wconf 87' lang='lat' dir='ltr'><strong>ad</strong></span> <span class='ocrx_word' id='word_1_840' title='bbox 2415 5193 2642 5250; x_wconf 87' lang='lat' dir='ltr'><strong>barbam</strong></span> <span class='ocrx_word' id='word_1_841' title='bbox 2699 5199 2755 5246; x_wconf 90' lang='lat' dir='ltr'><strong>et</strong></span> <span class='ocrx_word' id='word_1_842' title='bbox 2802 5187 2966 5244; x_wconf 89' lang='lat' dir='ltr'><strong>etiam</strong></span> <span class='ocrx_word' id='word_1_843' title='bbox 3018 5197 3196 5253; x_wconf 86' lang='lat' dir='ltr'><strong>usque</strong></span> <span class='ocrx_word' id='word_1_844' title='bbox 3238 5179 3312 5236; x_wconf 82' lang='lat' dir='ltr'><strong>ad</strong></span> 
     </span>
    </p>
   </div>
   <div class='ocr_carea' id='block_1_111' title="bbox 1714 5273 3318 5356">
    <p class='ocr_par' dir='ltr' id='par_1_111' title="bbox 1714 5273 3318 5356">
     <span class='ocr_line' id='line_1_111' title="bbox 1714 5273 3318 5356; baseline -0.017 -6"><span class='ocrx_word' id='word_1_845' title='bbox 1714 5309 1868 5350; x_wconf 71' lang='lat' dir='ltr'><strong>oram</strong></span> <span class='ocrx_word' id='word_1_846' title='bbox 1889 5289 2198 5346; x_wconf 81' lang='lat' dir='ltr'><strong>vestimenti</strong></span> <span class='ocrx_word' id='word_1_847' title='bbox 2223 5287 2468 5343; x_wconf 83' lang='lat' dir='ltr'><strong>defluens</strong></span> <span class='ocrx_word' id='word_1_848' title='bbox 2495 5281 2672 5356; x_wconf 79' lang='lat' dir='ltr'><strong>(Psal.</strong></span> <span class='ocrx_word' id='word_1_849' title='bbox 2711 5277 2911 5348; x_wconf 78' lang='lat' dir='ltr'><strong>xxx“),</strong></span> <span class='ocrx_word' id='word_1_850' title='bbox 2937 5273 3318 5348; x_wconf 61' lang='lat' dir='ltr'><strong>signiﬁcatum;</strong></span> 
     </span>
    </p>
   </div>
   <div class='ocr_carea' id='block_1_112' title="bbox 1714 5365 3306 5443">
    <p class='ocr_par' dir='ltr' id='par_1_112' title="bbox 1714 5365 3306 5443">
     <span class='ocr_line' id='line_1_112' title="bbox 1714 5365 3306 5443; baseline -0.017 0"><span class='ocrx_word' id='word_1_851' title='bbox 1714 5387 1836 5443; x_wconf 89' lang='lat' dir='ltr'><strong>fuit.</strong></span> <span class='ocrx_word' id='word_1_852' title='bbox 1863 5382 2118 5440; x_wconf 88' lang='lat' dir='ltr'><strong>Christus</strong></span> <span class='ocrx_word' id='word_1_853' title='bbox 2144 5395 2274 5436; x_wconf 87' lang='lat' dir='ltr'><strong>vero</strong></span> <span class='ocrx_word' id='word_1_854' title='bbox 2307 5393 2526 5434; x_wconf 90' lang='lat' dir='ltr'><strong>omnem</strong></span> <span class='ocrx_word' id='word_1_855' title='bbox 2550 5375 2712 5430; x_wconf 84' lang='lat' dir='ltr'><strong>habet</strong></span> <span class='ocrx_word' id='word_1_856' title='bbox 2733 5373 2790 5428; x_wconf 90' lang='lat' dir='ltr'><strong>in</strong></span> <span class='ocrx_word' id='word_1_857' title='bbox 2825 5385 2886 5428; x_wconf 91' lang='lat' dir='ltr'><strong>se</strong></span> <span class='ocrx_word' id='word_1_858' title='bbox 2912 5365 3306 5440; x_wconf 77' lang='lat' dir='ltr'><strong>plenitudinem</strong></span> 
     </span>
    </p>
   </div>
   <div class='ocr_carea' id='block_1_113' title="bbox 1716 5457 3307 5551">
    <p class='ocr_par' dir='ltr' id='par_1_113' title="bbox 1716 5457 3307 5551">
     <span class='ocr_line' id='line_1_113' title="bbox 1716 5457 3307 5551; baseline -0.016 -16"><span class='ocrx_word' id='word_1_859' title='bbox 1716 5477 2037 5551; x_wconf 88' lang='lat' dir='ltr'><strong>gratiarum,</strong></span> <span class='ocrx_word' id='word_1_860' title='bbox 2064 5488 2229 5544; x_wconf 89' lang='lat' dir='ltr'><strong>quem</strong></span> <span class='ocrx_word' id='word_1_861' title='bbox 2266 5471 2423 5526; x_wconf 82' lang='lat' dir='ltr'><strong>unxit</strong></span> <span class='ocrx_word' id='word_1_862' title='bbox 2458 5467 2602 5522; x_wconf 89' lang='lat' dir='ltr'><strong>Deus</strong></span> <span class='ocrx_word' id='word_1_863' title='bbox 2627 5465 2790 5520; x_wconf 84' lang='lat' dir='ltr'><strong>Pater</strong></span> <span class='ocrx_word' id='word_1_864' title='bbox 2829 5463 2950 5517; x_wconf 87' lang='lat' dir='ltr'><strong>oleo</strong></span> <span class='ocrx_word' id='word_1_865' title='bbox 2971 5457 3170 5551; x_wconf 48' lang='lat' dir='ltr'><strong>latitia?</strong></span> <span class='ocrx_word' id='word_1_866' title='bbox 3191 5471 3307 5526; x_wconf 76' lang='lat' dir='ltr'><strong>pra:</strong></span> 
     </span>
    </p>
   </div>
   <div class='ocr_carea' id='block_1_114' title="bbox 1714 5547 3307 5644">
    <p class='ocr_par' dir='ltr' id='par_1_114' title="bbox 1714 5547 3307 5644">
     <span class='ocr_line' id='line_1_114' title="bbox 1714 5547 3307 5644; baseline -0.018 -17"><span class='ocrx_word' id='word_1_867' title='bbox 1714 5547 2075 5644; x_wconf 79' lang='lat' dir='ltr'><strong>participibus</strong></span> <span class='ocrx_word' id='word_1_868' title='bbox 2111 5565 2228 5622; x_wconf 91' lang='lat' dir='ltr'><strong>suis</strong></span> <span class='ocrx_word' id='word_1_869' title='bbox 2258 5562 2432 5636; x_wconf 86' lang='lat' dir='ltr'><strong>(Psal.</strong></span> <span class='ocrx_word' id='word_1_870' title='bbox 2480 5559 2649 5630; x_wconf 69' lang='lat' dir='ltr'><strong>xciv).</strong></span> <span class='ocrx_word' id='word_1_871' title='bbox 2688 5556 2736 5612; x_wconf 85' lang='lat' dir='ltr'><strong>A</strong></span> <span class='ocrx_word' id='word_1_872' title='bbox 2760 5569 2872 5628; x_wconf 90' lang='lat' dir='ltr'><strong>quo</strong></span> <span class='ocrx_word' id='word_1_873' title='bbox 2905 5553 2996 5608; x_wconf 91' lang='lat' dir='ltr'><strong>hic</strong></span> <span class='ocrx_word' id='word_1_874' title='bbox 3031 5547 3307 5622; x_wconf 81' lang='lat' dir='ltr'><strong>gloriosus</strong></span> 
     </span>
    </p>
   </div>
   <div class='ocr_carea' id='block_1_115' title="bbox 1712 5644 3310 5730">
    <p class='ocr_par' dir='ltr' id='par_1_115' title="bbox 1712 5644 3310 5730">
     <span class='ocr_line' id='line_1_115' title="bbox 1712 5644 3310 5730; baseline -0.019 -9"><span class='ocrx_word' id='word_1_875' title='bbox 1712 5663 1999 5722; x_wconf 80' lang='lat' dir='ltr'><strong>confessor</strong></span> <span class='ocrx_word' id='word_1_876' title='bbox 2025 5660 2104 5715; x_wconf 92' lang='lat' dir='ltr'><strong>sic</strong></span> <span class='ocrx_word' id='word_1_877' title='bbox 2126 5658 2276 5730; x_wconf 87' lang='lat' dir='ltr'><strong>large</strong></span> <span class='ocrx_word' id='word_1_878' title='bbox 2304 5655 2561 5729; x_wconf 86' lang='lat' dir='ltr'><strong>perfusus</strong></span> <span class='ocrx_word' id='word_1_879' title='bbox 2592 5659 2697 5718; x_wconf 86' lang='lat' dir='ltr'><strong>est,</strong></span> <span class='ocrx_word' id='word_1_880' title='bbox 2732 5658 2792 5704; x_wconf 91' lang='lat' dir='ltr'><strong>ut</strong></span> <span class='ocrx_word' id='word_1_881' title='bbox 2829 5647 2876 5702; x_wconf 88' lang='lat' dir='ltr'><strong>si</strong></span> <span class='ocrx_word' id='word_1_882' title='bbox 2901 5644 3025 5716; x_wconf 85' lang='lat' dir='ltr'><strong>ejus</strong></span> <span class='ocrx_word' id='word_1_883' title='bbox 3057 5646 3310 5702; x_wconf 66' lang='lat' dir='ltr'><strong>sanctam</strong></span> 
     </span>
    </p>
   </div>
   <div class='ocr_carea' id='block_1_116' title="bbox 1714 5730 3306 5823">
    <p class='ocr_par' dir='ltr' id='par_1_116' title="bbox 1714 5730 3306 5823">
     <span class='ocr_line' id='line_1_116' title="bbox 1714 5730 3306 5823; baseline -0.02 -8"><span class='ocrx_word' id='word_1_884' title='bbox 1714 5759 1904 5823; x_wconf 86' lang='lat' dir='ltr'><strong>vitam,</strong></span> <span class='ocrx_word' id='word_1_885' title='bbox 1929 5768 2112 5810; x_wconf 88' lang='lat' dir='ltr'><strong>mores</strong></span> <span class='ocrx_word' id='word_1_886' title='bbox 2127 5759 2182 5806; x_wconf 89' lang='lat' dir='ltr'><strong>et</strong></span> <span class='ocrx_word' id='word_1_887' title='bbox 2205 5759 2361 5807; x_wconf 86' lang='lat' dir='ltr'><strong>actus</strong></span> <span class='ocrx_word' id='word_1_888' title='bbox 2384 5750 2554 5820; x_wconf 87' lang='lat' dir='ltr'><strong>legas,</strong></span> <span class='ocrx_word' id='word_1_889' title='bbox 2578 5760 2705 5802; x_wconf 87' lang='lat' dir='ltr'><strong>eum</strong></span> <span class='ocrx_word' id='word_1_890' title='bbox 2727 5741 2876 5798; x_wconf 81' lang='lat' dir='ltr'><strong>nulla</strong></span> <span class='ocrx_word' id='word_1_891' title='bbox 2895 5738 3100 5796; x_wconf 73' lang='lat' dir='ltr'><strong>virtute</strong></span> <span class='ocrx_word' id='word_1_892' title='bbox 3123 5730 3306 5788; x_wconf 81' lang='lat' dir='ltr'><strong>nulla-</strong></span> 
     </span>
    </p>
   </div>
   <div class='ocr_carea' id='block_1_117' title="bbox 1715 5823 3310 5926">
    <p class='ocr_par' dir='ltr' id='par_1_117' title="bbox 1715 5823 3310 5926">
     <span class='ocr_line' id='line_1_117' title="bbox 1715 5823 3310 5926; baseline -0.019 -17"><span class='ocrx_word' id='word_1_893' title='bbox 1715 5868 1823 5926; x_wconf 91' lang='lat' dir='ltr'><strong>que</strong></span> <span class='ocrx_word' id='word_1_894' title='bbox 1852 5847 2026 5924; x_wconf 84' lang='lat' dir='ltr'><strong>gratia</strong></span> <span class='ocrx_word' id='word_1_895' title='bbox 2059 5845 2308 5904; x_wconf 80' lang='lat' dir='ltr'><strong>caruisse</strong></span> <span class='ocrx_word' id='word_1_896' title='bbox 2335 5843 2512 5899; x_wconf 82' lang='lat' dir='ltr'><strong>dicas.</strong></span> <span class='ocrx_word' id='word_1_897' title='bbox 2543 5837 2651 5895; x_wconf 88' lang='lat' dir='ltr'><strong>Sed</strong></span> <span class='ocrx_word' id='word_1_898' title='bbox 2673 5834 2808 5909; x_wconf 81' lang='lat' dir='ltr'><strong>quid</strong></span> <span class='ocrx_word' id='word_1_899' title='bbox 2851 5846 2957 5892; x_wconf 82' lang='lat' dir='ltr'><strong>nos</strong></span> <span class='ocrx_word' id='word_1_900' title='bbox 3211 5836 3310 5880; x_wconf 57' lang='lat' dir='ltr'><strong>sar</strong></span> 
     </span>
    </p>
   </div>
  </div>
