3820 6312
505 358 640 417 1571

1775 344 2127 406 RADULPHI
2157 344 2516 403 ARDENTIS

506 473 758 535 cerdotes
783 470 980 530 facturi
1010 483 1227 537 sumus,
1254 467 1505 540 quicum
1541 464 1867 523 deberemus
1889 475 2013 519 esse
2036 460 2094 516 in
2121 468 2170 524 Α
2194 458 2484 531 principio,
2510 459 2568 514 in
2610 457 2917 517 novissimo
2946 458 3328 518 benedictione
3364 465 3553 523 carebit
3571 468 3714 540 (Pu,

503 561 681 622 lucem
711 564 991 635 gentium,
1013 561 1198 633 potius
1235 559 1507 615 fumantes
1546 569 1713 626 quam
1752 553 2094 609 ﬁammantes

505 657 737 715 sumus?
768 655 1068 713 Undecima
1107 653 1282 726 gratia
1329 658 1416 707 est
1461 647 1831 720 magniﬁcatio
1873 648 1930 701 in
1968 663 2095 704 con-

472 759 683 822 specta
706 766 905 821 regum.
936 747 1086 804 Talis
1115 745 1315 817 quippe
1346 743 1508 799 debet
1546 756 1670 798 esse
1709 740 1969 798 sacerdos
2006 741 2093 798 vel

501 843 816 914 episcopus,
842 842 939 912 qui
983 855 1081 910 pro
1108 852 1211 895 sua
1244 836 1446 893 virtute
1472 842 1527 890 et
1554 834 1841 889 honestate
1873 832 1928 888 in
1957 846 2093 888 con-

503 943 692 1006 spectu
740 949 928 1004 regum
979 939 1035 988 et
1095 928 1425 985 reverendus
1478 927 1762 983 habeatur.
1793 924 1862 981 Et
1901 924 2089 980 Aaron

500 1030 721 1101 quidem
746 1040 853 1083 non
884 1026 1062 1081 solum
1086 1023 1271 1094 populi
1295 1022 1382 1079 sui
1406 1019 1766 1093 principibus,
1797 1018 1891 1074 sed
1920 1017 2086 1072 etiam

501 1118 724 1190 regibus
770 1117 1077 1173 abonorum
1132 1127 1364 1184 magnus
1411 1110 1632 1166 habitus
1685 1116 1789 1164 est.
1833 1105 2091 1162 Christus

497 1220 650 1274 vero,
695 1219 796 1276 pro
847 1202 933 1259 sui
979 1202 1219 1259 nominis
1269 1200 1573 1272 majestate,
1622 1212 1843 1254 omnem
1886 1196 2094 1268 princi-

495 1307 684 1369 patum
706 1305 765 1363 et
798 1305 1121 1368 potestatem
1159 1295 1326 1352 etiam
1360 1293 1700 1360 cmicstium,
1744 1291 2099 1348 terrestrium.

495 1398 553 1447 et
601 1388 962 1459 infernarum,
998 1388 1105 1448 sibi
1144 1387 1396 1459 subjecit.
1430 1385 1538 1443 Sed
1581 1395 1637 1442 et
1670 1385 1775 1442 iste
1815 1382 2091 1456 gloriosus

497 1483 803 1552 confessor,
826 1497 924 1554 per
947 1483 1261 1555 opinionem
1286 1495 1518 1539 suarum
1541 1479 1806 1535 virtutum
1838 1489 1893 1534 et
1922 1476 2101 1533 mira-.

502 1572 695 1631 bilium
719 1587 971 1644 operum,
1004 1572 1139 1643 ipsis
1166 1570 1507 1642 principibus
1530 1578 1584 1625 et
1608 1567 1958 1640 magnatibus
1984 1566 2085 1623 ad-

789 1660 913 1728 fuit,
933 1668 990 1717 et
1009 1660 1301 1717 verendus.
1330 1657 1390 1714 In
1419 1673 1531 1730 quo
1559 1655 1951 1714 confundimur
1985 1670 2090 1713 nos

499 1753 690 1813 miseri
734 1752 1070 1821 sacerdotes,
1102 1752 1200 1824 qui
1242 1766 1355 1808 non
1397 1751 1575 1807 solum
1621 1748 1943 1820 majoribus,
1990 1749 2088 1807 sed

2197 551 2312 621 xx).
2364 570 2383 603 ι
2416 550 2622 617 Quarta
2657 550 2869 607 decima
2918 552 3091 622 gratia
3138 564 3226 608 est
3266 555 3601 616 sacerdotium
3630 579 3720 622 ma.

2195 662 2385 715 gnum,
2427 644 2496 699 de
2534 661 2643 714 qua
2681 644 2934 700 subditur
2969 661 2985 698 :
3023 644 3096 699 Et
3141 646 3290 701 dedit
3322 647 3406 703 illi
3429 653 3719 713 sacerdotis;

2194 750 2464 806 magnum.
2514 731 2584 789 Et
2622 732 2806 789 Aaron
2832 734 3057 805 quidem
3089 734 3148 790 in
3192 742 3309 792 toto
3347 738 3538 808 populo
3558 738 3719 803 luda-

2193 841 2340 894 rum,
2374 824 2528 880 solus
2557 826 2794 895 primum
2834 834 2889 881 et
2932 841 3217 882 summum
3263 827 3495 885 obtinuit
3527 836 3722 892 sacrdo-

2193 917 2353 973 tium.
2382 914 2637 975 Christus
2660 932 2791 971 vero
2820 932 2985 989 super
3012 933 3236 973 omnem
3266 928 3597 989 potestatem,
3618 941 3725 982 sum-

2193 1025 2346 1065 mum
2368 1018 2425 1064 et
2449 1018 2716 1067 aeternum
2752 1008 2915 1065 habet
2939 1009 3332 1066 sacerdotium.
3373 1009 3524 1071 Unde
3546 1015 3725 1085 Δῃωιο.

2196 1100 2313 1157 lus:
2346 1120 2365 1153 ι
2389 1093 2605 1169 Plures,
2631 1100 2829 1172 inquit,
2844 1099 2968 1157 facti
3001 1110 3131 1158 sunt
3146 1103 3460 1160 sacerdotes
3486 1107 3722 1164 secundum

2191 1193 2389 1265 legem,
2424 1208 2491 1247 eo
2537 1192 2685 1263 quod
2734 1203 2912 1248 morte
2964 1193 3392 1263 prohiberentur
3446 1213 3722 1267 ptumam

2190 1283 2449 1341 Christus
2475 1300 2607 1339 vero
2628 1298 2696 1339 eo
2721 1284 2870 1355 quod
2905 1294 3129 1341 maneat
3163 1286 3224 1343 in
3250 1295 3539 1355 mternum,
3579 1295 3722 1363 sempi-

2190 1391 2409 1441 ternum
2439 1382 2603 1453 habet
2635 1381 3025 1439 sacerdotium
3050 1378 3246 1452 (Hebr.
3278 1381 3401 1451 vn).
3440 1400 3461 1435 ι
3489 1379 3587 1438 Sed
3608 1383 3725 1441 etiam

2191 1473 2297 1531 iste
2346 1473 2623 1547 gloriosus
2670 1471 2959 1531 confessor
3002 1472 3381 1529 sacerdotium
3432 1472 3608 1529 habuit
3643 1492 3727 1533 ωδε

2190 1578 2381 1633 gnum,
2424 1578 2707 1635 magnum,
2768 1576 2879 1619 non
2925 1570 3035 1617 tam
3087 1562 3474 1633 magnitudine
3514 1564 3728 1634 pamhie

2190 1671 2359 1729 quam
2405 1656 2782 1727 magnitudine
2821 1656 3120 1728 pastoralis
3156 1655 3478 1727 vigilantiae,
3515 1673 3615 1713 non
3646 1667 3725 1716 tan

2191 1748 2568 1820 magnitudine
2587 1748 2900 1806 reddituum
2919 1764 3087 1819 quam
3103 1747 3485 1820 magnitudine
3500 1749 3727 1808 virtutum.

495 1846 663 1903 etiam
682 1845 988 1901 minoribus
998 1813 1096 1916 pro
1114 1813 1369 1915 despectu
1384 1843 1698 1913 vilitateque
1709 1813 1842 1896 vitae
1865 1813 2088 1910 nostrae,
2118 1813 2168 1874 Β
2192 1838 2252 1895 ln
2286 1813 2408 1913 quo
2437 1856 2541 1897 nos
2571 1839 2782 1913 indigni
2818 1813 3133 1897 sacerdotes
3167 1813 3520 1897 confutamur
3549 1842 3632 1914 qui
3663 1859 3729 1899 sa-

496 1934 778 2006 despectui
797 1934 1067 1991 habemur
1084 1941 1141 1991 et
1167 1931 1604 1991 subsannationi.
1635 1928 1703 1986 Et
1730 1944 1842 1986 non
1864 1929 1945 1986 illi
1962 1944 2087 2000 nos,

500 2026 927 2085 sedecontrario
948 2024 1310 2082 formidamus
1331 2023 1474 2080 illos.

570 2120 904 2181 Duodeeima
949 2120 1125 2192 gratia
1179 2127 1264 2175 est
1315 2132 1520 2175 corona
1584 2116 1806 2190 gloria,
1848 2119 1916 2176 de
1979 2132 2089 2189 qna

510 2213 765 2271 subditur
796 2230 811 2268 :
842 2210 915 2267 Et
966 2212 1114 2266 dedit
1172 2210 1257 2269 illi
1317 2226 1569 2265 coronam
1622 2210 1827 2282 glorier.
1870 2209 2088 2268 Corona

495 2306 722 2378 quippe,
746 2320 870 2376 qua:
901 2305 1028 2361 vita:
1069 2303 1320 2375 designat
1353 2302 1764 2374 perfectionem,
1799 2303 1956 2358 decet
1994 2319 2087 2359 sa-

493 2399 791 2454 cerdotem.
824 2394 979 2453 Unde
1023 2395 1218 2453 Petrus
1264 2396 1396 2452 dicit
1444 2413 1459 2451 :
1506 2413 1527 2447 ‹
1588 2394 1786 2468 Regale
1834 2396 2091 2452 sacerdo-

497 2488 633 2545 tium
678 2486 732 2558 (l
762 2485 910 2545 Petr.
958 2490 1043 2558 ιι).
1076 2505 1096 2541 ι
1152 2484 1423 2544 Sacerdos
1467 2487 1613 2542 enim
1658 2486 1738 2543 sic
1771 2487 1931 2544 debet
1965 2503 2091 2544 esse

499 2576 776 2648 perfectus
803 2585 997 2634 utnon
1021 2578 1204 2634 solum
1230 2594 1309 2647 se,
1325 2579 1422 2635 sed
1448 2578 1614 2635 etiam
1642 2579 1779 2635 alios
1809 2580 1984 2650 possit
2002 2594 2087 2636 re-

495 2682 644 2737 gere.
665 2665 748 2723 οι)
774 2667 936 2739 cujus
960 2668 1418 2741 signiﬁcationem
1441 2670 1627 2725 Aaron
1657 2669 1892 2729 habebat
1917 2671 1973 2726 in
1996 2686 2089 2726 ca-

493 2758 607 2828 pite
656 2759 936 2828 diadema,
988 2761 1046 2817 in
1094 2778 1207 2833 quo
1253 2762 1463 2832 lapides
1504 2761 1730 2833 pretiosi
1784 2761 2084 2834 fulgebant,

494 2849 626 2917 dum
665 2850 1022 2921 perﬁceretur-
1041 2866 1181 2927 opus
1231 2851 1349 2911 Dei.
1405 2851 1660 2911 Christus
1706 2867 1860 2922 vero,
1895 2853 1991 2925 qui
2029 2853 2087 2910 in

494 2938 942 3002 mandenrvenit
975 2962 1085 3002 non
1137 2945 1471 3018 prosperari,
1508 2945 1604 3001 sed
1654 2944 1789 3015 pati,
1839 2946 2087 3015 spineam

496 3036 624 3097 tulit
647 3051 928 3105 coronam,
959 3038 1026 3093 ad
1068 3037 1403 3094 derisionem
1446 3036 1554 3092 sibi
1595 3035 1878 3106 inﬁictam,
1902 3046 2086 3094 osten-

496 3129 921 3201 dens-quoniam
950 3130 1044 3202 qui
1074 3130 1166 3187 hic
1193 3145 1454 3186 coronam
1482 3129 1701 3187 virtutis
1733 3138 1789 3186 et
1810 3130 2086 3202 patientiae
2112 3161 2158 3225 ο

495 3220 724 3277 viriliter
771 3220 1053 3288 habuerit,
1109 3236 1313 3277 corona
1363 3219 1687 3292 gloriabitur
1729 3222 2083 3293 sempiterna.

495 3309 672 3378 Quem
705 3328 944 3383 sequens
971 3312 1073 3368 iste
1102 3312 1375 3385 gloriosus
1404 3312 1709 3382 confessor,
1738 3329 1941 3372 corona
1970 3316 2086 3372 vir-

496 3406 629 3460 tutis
652 3413 708 3460 et
727 3405 1001 3475 patientiae
1028 3406 1120 3462 hic
1152 3405 1362 3463 studuit
1388 3406 1664 3475 coronari,
1690 3422 1789 3480 per
1824 3425 1992 3480 quam
2017 3408 2086 3465 ad

494 3498 790 3569 gloriosam
827 3499 1073 3569 pervenit
1117 3514 1404 3557 coronam.
1447 3498 1561 3557 Nos
1596 3515 1728 3574 ergo
1773 3503 2088 3560 sacerdotes

493 3608 757 3657 coronam
789 3593 1223 3665 habemus,quae
1249 3594 1469 3665 quidem
1503 3608 1729 3662 corona,
1766 3594 1813 3651 si
1857 3595 1913 3651 in
1963 3610 2086 3651 mo-

492 3685 653 3742 ribus
672 3686 796 3756 ejus
830 3684 1287 3757 signiﬁcationem
1313 3685 1697 3756 exprimimus,
1740 3701 1946 3743 corona
1981 3687 2091 3743 uti-

493 3792 623 3847 que'
646 3785 733 3834 est
772 3777 934 3832 nobis
966 3778 1152 3847 gloria:
1185 3786 1240 3833 et
1282 3777 1537 3844 honoris,
1568 3777 1707 3834 alias
1734 3779 2014 3849 opprobri
2036 3788 2091 3835 et

492 3866 855 3925 confusionis.
894 3867 1288 3927 Tertiadecima
1332 3870 1505 3943 gratia
1542 3878 1627 3927 est
1665 3870 1973 3939 haereditas,
2022 3872 2091 3930 de

490 3974 604 4030 qua
632 3959 920 4016 subditur:
958 3958 1162 4017 Statuit
1192 3962 1243 4016 ei
1284 3969 1653 4017 testamentum
1689 3964 2085 4033 sempiternum.

493 4047 919 4119 Porro.l.eviet
945 4051 1130 4111 Aaron
1173 4068 1285 4110 non
1327 4062 1658 4126 acceperunt
1691 4069 1818 4111 cum
1862 4054 2090 4125 reliquis

492 4139 770 4197 tribubus.
803 4149 1013 4210 partem
1057 4141 1114 4198 in
1153 4150 1297 4198 terra
1333 4141 1736 4213 promissionis,
1771 4142 1865 4199 sed
1897 4157 2090 4200 eorum

496 4231 789 4289 hereditas
805 4230 910 4289 fuit
933 4232 1225 4302 Dominus,
1272 4234 1329 4291 id
1355 4243 1462 4303 est,
1490 4233 1766 4305 primitiae,
1790 4232 2017 4291 decima:
2037 4242 2094 4291 et

494 4326 826 4395 oblationes,
860 4336 917 4383 et
944 4328 1212 4385 sacriﬁcia
1245 4344 1369 4400 qua:
1402 4327 1515 4384 Deo
1542 4328 1849 4389 oﬁeruntur
1884 4337 1940 4385 et
1974 4330 2092 4387 haec

492 4426 757 4489 perpetua
783 4420 1078 4477 stabilitate
1102 4421 1439 4488 habuerunt,
1460 4421 1705 4494 quandiu
1749 4421 1968 4478 duravit
1995 4437 2089 4478 sa-

2190 1932 2496 1988 cerdotium
2540 1947 2801 2006 magnum
2841 1932 3167 2003 quaerimus,
3208 1947 3474 2004 magnum
3514 1940 3729 2004 tempora-

2189 2022 2335 2079 libus
2349 2022 2670 2092 redditibus,
2695 2040 2802 2080 non
2830 2023 3210 2095 spiritualibus
3232 2022 3579 2097 profectibus.
3609 2023 3731 2092 Qua-

2189 2113 2367 2171 rimns
2395 2113 2683 2170 ecclesiam
2702 2156 2718 2182 ,
2756 2129 2868 2170 non
2899 2114 2954 2171 in
2993 2130 3101 2186 qua
3138 2102 3390 2183 animas,
3420 2114 3514 2170 sed
3539 2116 3732 2186 pecunia

2189 2208 2406 2278 cepiam
2441 2207 2872 2279 lucrifaciamus,
2912 2207 2970 2262 ln
2996 2224 3108 2280 quo
3134 2223 3239 2265 nos
3262 2224 3375 2263 non
3402 2217 3647 2279 pastores,
3665 2210 3732 2263 sed

2189 2302 2562 2357 mcrcenarios
2621 2316 2746 2356 esse
2806 2288 3272 2358 demonstramus.
3327 2298 3527 2367 Quinta
3572 2300 3731 2355 decima

2190 2394 2366 2466 gratia
2390 2402 2477 2449 est
2515 2394 2867 2460 beatiﬁcatio,
2899 2393 2967 2449 de
2996 2410 3107 2464 qua
3134 2393 3429 2449 subditur:
3472 2392 3539 2447 Et
3573 2383 3736 2463 beatiﬁ-

2189 2490 2330 2544 cauit
2360 2488 2515 2544 illum
2543 2488 2812 2562 ingloria.
2846 2487 2901 2544 Id
2930 2498 3013 2545 est
3042 2498 3153 2551 tam
3194 2488 3253 2543 in
3289 2487 3492 2543 merito
3527 2504 3667 2559 quam
3694 2488 3732 2541 in

2189 2581 2437 2653 praemio,
2473 2581 2694 2637 beatum
2718 2581 2870 2639 illum
2897 2579 3027 2637 fecit
3053 2588 3106 2637 et
3128 2580 3457 2654 gloriosum.
3490 2575 3552 2635 Et
3572 2582 3734 2645 Aaron,

2188 2670 2412 2743 quidem
2455 2672 2563 2728 sibi
2605 2672 2835 2729 ﬁdeliter
2870 2673 3299 2740 ministrantem,
3351 2688 3452 2743 per
3488 2668 3736 2727 bonitatis

2187 2762 2370 2820 meriti
2418 2765 2489 2822 ad
2542 2765 2930 2821 beatitudinem
2979 2765 3190 2836 praemii
3246 2762 3481 2821 feliciter
3512 2762 3737 2835 pet-duxit.

2187 2856 2476 2917 Christum
2505 2873 2637 2914 vero
2662 2858 3004 2929 unigenitum
3042 2873 3226 2924 suum,
3254 2873 3434 2927 usque
3461 2856 3528 2911 ad
3551 2865 3738 2910 mortem

2187 2951 2293 3007 sibi
2328 2950 2561 3007 ﬁdeliter
2591 2950 3006 3021 obsequentem,
3040 2968 3060 3001 ι
3111 2948 3398 3015 exultavit,
3430 2958 3483 3003 et
3517 2946 3650 3003 dedit
3684 2945 3740 2999 illi

2186 3057 2390 3099 nomen
2418 3042 2566 3115 quod
2609 3051 2694 3099 est
2730 3058 2896 3113 super
2923 3057 3087 3097 omne
3114 3057 3341 3109 nomen,
3371 3048 3433 3096 ut
3473 3040 3527 3097 in
3562 3040 3743 3103 neme
3818 3072 3820 3127 ἰ

2186 3132 2318 3192 Jesu
2341 3149 2506 3191 omne
2533 3151 2675 3208 genu
2706 3132 2976 3199 ﬂectatur,
3000 3132 3333 3201 caelestium,
3367 3133 3685 3190 terrestrium
3708 3142 3748 3186 et

2188 3227 2535 3285 infernarum
2564 3226 2735 3301 (Phil.
2767 3226 2851 3298 ιι).
2889 3246 2906 3278 ι
2936 3225 3103 3282 istum
3159 3240 3389 3297 quoque
3417 3224 3746 3281 confessorem

2189 3320 2295 3378 sibi
2320 3320 2551 3376 ﬁdeliter
2581 3319 3005 3385 ministrantem,
3038 3334 3265 3374 cursum
3285 3319 3497 3374 militiae
3516 3328 3752 3390 tempora-

2187 3411 2256 3468 lis
2289 3411 2452 3468 hodie
2494 3426 2879 3468 consummarc
2930 3408 3160 3465 feliciter
3187 3408 3344 3477 fecit,
3384 3420 3441 3465 et
3484 3424 3672 3466 corona
3697 3424 3751 3464 z-

2188 3511 2360 3559 tcrna:
2407 3486 2783 3568 beatitudinis,
2811 3501 2965 3556 illum
3020 3500 3164 3556 inter
3215 3500 3423 3557 choros
3470 3501 3755 3573 angelorum
3816 3554 3817 3567 χ

2188 3595 2425 3667 gloriose
2472 3594 2769 3653 decoravit.
2845 3592 2953 3649 Sed
3007 3602 3061 3650 et
3113 3610 3218 3651 nos
3268 3610 3524 3666 quoque,
3591 3593 3754 3649 fratres
3816 3608 3817 3651 ι

2192 3688 2323 3757 mei,
2342 3687 2389 3744 si
2423 3688 2475 3744 ei
2503 3687 2735 3744 ﬁdeliter
2760 3685 3153 3757 obsequemur,
3195 3685 3244 3743 si
3281 3703 3415 3743 eum
3458 3701 3621 3760 super
3656 3702 3753 3742 om-

2189 3780 2283 3836 nia
2304 3780 2621 3853 diligamus,
2652 3778 2723 3847 si,
2752 3779 3011 3835 omnibus
3040 3780 3444 3851 temporalibus
3477 3779 3686 3850 spretis,
3707 3779 3757 3835 ad

2188 3886 2317 3928 eum
2373 3880 2491 3928 toto
2542 3872 2815 3929 desiderio
2849 3870 3159 3940 tendamus,
3218 3871 3386 3929 faciet
3432 3889 3537 3931 nos
3565 3887 3757 3931 cursura

2188 3962 2317 4020 vita:
2344 3960 2578 4019 feliciter
2605 3977 2995 4020 consummare
3022 3972 3078 4018 et
3105 3959 3174 4018 ad
3212 3971 3424 4019 aeterna
3451 3963 3645 4036 gaudia
3666 3963 3760 4034 glo-

2189 4054 2335 4112 riose
2363 4054 2669 4127 pervenire.

2263 4145 2431 4204 Sexta
2473 4144 2688 4205 decima
2742 4146 2919 4219 gratia
2968 4159 3053 4204 est
3101 4147 3323 4203 iunctio
3368 4149 3685 4214 sacerdotii,
3711 4146 3762 4202 de
3814 4144 3815 4169 ῖ

2189 4254 2300 4312 qua
2324 4238 2581 4297 subditur
2620 4256 2635 4294 :
2667 4236 2847 4310 Fungi
2868 4239 3190 4295 sacerdotio.
3227 4237 3299 4295 Et
3322 4238 3518 4296 Aaron
3548 4239 3761 4311 quidem.

2190 4346 2369 4402 usque
2389 4330 2458 4387 ad
2484 4338 2789 4386 extremum
2822 4330 2969 4385 diem
3009 4329 3173 4402 digne
3212 4338 3268 4387 et
3310 4340 3545 4388 strenue
3573 4331 3763 4387 functus

2191 4428 2276 4477 est
2299 4419 2623 4477 sacerdotio.
2644 4410 2898 4476 Christus
2926 4436 3144 4492 quoque
3185 4420 3283 4492 qui
3321 4422 3478 4478 venit
3510 4422 3763 4477 ministra.

493 4510 796 4567 cerdotium
829 4510 1167 4569 Iudaeorum.
1185 4511 1407 4570 Christo
1431 4529 1560 4570 vero
1577 4514 1725 4571 dedit
1752 4513 1899 4572 Deus
1927 4524 2087 4571 acter-
2118 4509 2165 4569 ο
2190 4529 2271 4581 re,
2300 4520 2355 4570 et
2375 4527 2487 4569 non
2534 4511 2836 4569 ministrari
2887 4509 3108 4583 (Matth.
3133 4512 3249 4584 xx),
3295 4513 3416 4585 ipse
3448 4514 3507 4569 in
3532 4531 3634 4570 sua
3666 4530 3757 4584 ρετ-
3812 4504 3813 4583 ᾖ

493 4617 623 4658 nam
662 4601 1055 4671 hereditatem,
1079 4604 1269 4663 dicens
1306 4620 1319 4658 :
1359 4624 1377 4657 ι
1424 4603 1646 4663 Postula
1675 4621 1708 4661 a
1737 4621 1846 4674 me,
1869 4614 1924 4661 et
1946 4606 2088 4662 dabo

492 4695 593 4753 tibi
622 4704 813 4766 gentes
836 4696 1206 4754 hereditatem
1239 4706 1409 4763 tuam,
1426 4707 1480 4754 et
1500 4697 1909 4770 possessionem
1936 4707 2088 4756 tuam

494 4789 760 4845 terminos
784 4798 942 4847 terra:
963 4788 1140 4861 (Prol.
1174 4790 1258 4861 ιι).
1304 4810 1324 4843 ι
1366 4787 1523 4846 Unde
1548 4790 1666 4860 ipse
1690 4790 1863 4847 dixit:
1899 4810 1918 4844 ι
1949 4790 2086 4848 Data

487 4890 581 4938 est
602 4882 740 4938 mihi
762 4892 1007 4954 potestas
1028 4883 1085 4939 in
1103 4884 1246 4941 ctelo
1263 4883 1394 4951 etin
1414 4890 1559 4938 terra
1583 4882 1806 4954 (Matth.
1829 4885 2079 4956 xxvnr)»

491 4972 599 5031 Iste
637 4991 860 5047 quoque
898 4976 1172 5047 gloriosus
1215 4974 1501 5033 confessor
1544 4991 1764 5032 omnem
1811 4987 2084 5036 terrenam

494 5066 864 5124 hereditatem
906 5067 1255 5137 contempsit,
1301 5068 1400 5124 sed
1436 5067 1588 5124 solus
1616 5067 1760 5126 Deus
1800 5070 2086 5130 hmreditas

492 5159 614 5231 ejus
638 5159 762 5226 fuit,
795 5160 989 5229 iniquo
1030 5158 1410 5215 subicientium
1439 5168 1493 5216 et
1526 5161 1896 5217 hereditatem
1926 5172 2083 5218 aster-

494 5267 625 5307 nam
653 5251 915 5321 possedit.
938 5250 998 5305 In
1021 5266 1134 5321 quo
1156 5264 1257 5308 nos
1284 5252 1470 5308 miseri
1507 5253 1818 5310 sacerdotes
1842 5253 2078 5313 confun-

493 5343 697 5408 dimur,
725 5343 821 5413 qui
845 5356 970 5399 eum
997 5342 1168 5405 Deum
1188 5344 1246 5399 in
1264 5344 1639 5402 haereditatem
1669 5345 1871 5401 habere
1891 5345 2083 5403 debea-

495 5450 642 5502 mus,
673 5434 745 5491 de
769 5442 973 5492 aeterna
1018 5436 1337 5497 haereditate
1364 5437 1767 5494 contendimus.
1805 5436 1910 5493 Sed
1950 5438 2091 5509 quid.

497 5526 854 5595 sufﬁciet'ei,
910 5529 998 5584 cui
1038 5529 1389 5591 nonsnﬁicit
1437 5529 1623 5585 Deus?
1651 5526 1826 5595 Unde,
1859 5528 2079 5617 fratres,

495 5616 652 5673 valde
682 5618 1042 5689 perhorresco
1082 5636 1152 5676 ne
1186 5636 1319 5688 nos,
1347 5621 1477 5691 quia
1519 5620 1887 5676 hacreditatcm
1912 5628 2084 5674 terre-

494 5722 643 5764 nam.
660 5711 1124 5782 concupiscimus,
1147 5719 1350 5769 aeterna
1377 5711 1575 5773 merito
1593 5712 1890 5784 privemur.
1921 5710 2080 5779 Nam,

489 5799 648 5871 juxta
668 5802 1016 5874 Sapientem,
1044 5823 1062 5857 ‹
1095 5803 1384 5861 hacreditas
1406 5803 1472 5861 ad
1498 5817 1665 5874 quam
1700 5800 1988 5860 festinatur
2026 5800 2081 5856 in

2190 4619 2326 4662 sona
2380 4619 2559 4675 usque
2611 4602 2678 4660 ad
2710 4619 2867 4681 suam
2892 4604 3229 4675 passionem,
3271 4605 3514 4662 humilis
3544 4605 3763 4678 pradic-

2188 4695 2328 4753 toris
2349 4703 2405 4753 et
2433 4693 2675 4752 ministri
2702 4694 2930 4751 functus
2959 4704 3045 4752 est
3080 4694 3282 4752 cilicio.
3318 4695 3431 4753 Iste
3461 4699 3636 4754 etiam
3664 4714 3763 4753 sate

2186 4796 2310 4846 ctus
2363 4787 2667 4858 confessor,
2725 4804 2853 4844 cum
2897 4788 3048 4844 omni
3082 4789 3401 4847 humilitate
3432 4802 3492 4848 et
3528 4792 3761 4849 sollicitu-

2185 4882 2334 4951 dine,
2355 4870 2535 4954 usque
2560 4881 2629 4938 ad
2662 4890 2895 4938 mortem
2952 4897 3055 4939 suo
3083 4882 3312 4939 functus
3338 4895 3429 4941 est
3452 4886 3759 4942 ministerio.

2186 4970 2344 5040 Quod
2392 4989 2496 5031 nos
2540 4974 2760 5031 inﬁmos
2805 4975 3116 5032 sacerdotes
3159 4972 3534 5045 condemnat,
3567 4980 3657 5049 qui
3685 4976 3765 5030 ni-

2184 5066 2414 5123 nistcrio
2435 5076 2626 5124 nostro
2656 5066 2810 5140 fungi
2852 5069 3199 5140 negligimus,
3230 5068 3484 5125 vicarius
3510 5081 3570 5126 et
3592 5088 3765 5126 merce.

2183 5158 2372 5214 narios
2398 5174 2497 5229 pro
2528 5158 2688 5214 nobis
2713 5157 3027 5225 statuimus,
3058 5158 3161 5229 ipsi
3196 5174 3335 5213 vero
3373 5162 3548 5215 vanis
3585 5171 3760 5229 tempa-

2180 5250 2499 5321 ralibusque
2528 5251 2713 5314 rebus,
2737 5250 3079 5321 negotiisque
3100 5249 3481 5307 saecularibus
3512 5267 3761 5313 rasam»,

2179 5340 2315 5395 satis
2348 5338 2686 5396 invenientes
2708 5338 3149 5411 quibusanimas
3165 5355 3267 5410 pro
3290 5340 3513 5411 quibus
3543 5338 3765 5397 Christi!

2180 5441 2434 5489 mortuus
2479 5442 2565 5488 est
2603 5432 3045 5499 committamus;
3106 5431 3197 5487 cui
3258 5448 3400 5499 vero
3463 5450 3564 5491 res
3628 5440 3761 5487 rant

2179 5524 2491 5592 credamus,
2551 5523 2797 5580 invenire
2838 5540 2946 5579 non
2997 5524 3263 5579 valemus.
3301 5523 3759 5595 Septimum

2181 5614 2357 5685 gratia
2395 5624 2479 5670 est
2508 5616 2648 5682 laus,
2678 5615 2746 5670 de
2770 5630 2877 5686 qua
2902 5612 3157 5669 subditur
3182 5634 3195 5669 :
3253 5613 3330 5669 Et
3349 5616 3563 5673 habere
3585 5616 3759 5673 feda

2183 5706 2241 5759 iu
2288 5705 2496 5759 nomine
2552 5705 2742 5777 ipsius.
2798 5703 2867 5761 Et
2902 5704 3086 5761 Aaron
3124 5705 3380 5776 quidem,
3432 5708 3575 5780 quia
3606 5709 3759 5764 sibid

2187 5795 2309 5853 aliis
2344 5794 2572 5868 profuit,
2612 5795 2679 5855 de
2708 5795 2997 5854 sacerdotii
3030 5794 3318 5854 fauetione
3345 5796 3587 5858 laudem
3608 5799 3752 5858 habrL
3806 5814 3807 5827 ‘
