3834 6332
97 317 211 378 1573

1173 319 1504 379 HOMILUE.
1545 353 1615 363 —
1649 323 1715 381 Il.
1755 324 1847 381 DE
1883 325 2194 386 SANCTIS.

3177 345 3314 402 1574

94 411 309 491 Christus
337 445 569 503 quoque,
621 431 752 504 quia
791 447 917 488 cum
955 436 1354 492 restauratione
1394 437 1622 492 humani
1652 444 1699 502 Α
1725 439 2066 498 demonstrat
2094 429 2232 499 bene
2265 455 2556 516 operantes
2581 448 2899 521 salvanoos;
2923 465 3144 526 quarto.
3174 459 3327 516 male

91 524 272 599 generis
317 523 488 590 rediit,
533 523 601 578 de
648 522 1255 582 functioue‘saeerdotii
1291 527 1375 581 sui
1405 528 1620 583 laudem

92 615 228 670 habet
257 613 307 668 in
343 612 478 668 caelo
517 612 847 668 ineffabilem
904 623 960 670 et
1011 624 1290 670 aeternam.
1329 615 1436 673 Iste
1455 619 1620 673 etiam

88 705 350 769 confessor,
371 703 497 774 quia
523 719 650 758 eum
692 704 1055 776 acquisitione
1081 707 1376 761 multarum
1405 708 1622 763 anima-

88 813 186 852 rum
217 795 364 850 rediit
386 795 450 849 de
481 795 735 851 sacriﬁcii
757 796 841 851 sui
889 795 1188 864 iunctione,
1230 799 1419 867 procul
1453 798 1622 853 dubio

84 893 128 944 in
153 889 274 945 ctelo
312 896 565 943 aeternam
609 889 826 944 laudem
862 889 1048 956 habet,
1092 897 1151 944 ut
1175 889 1372 944 merito
1406 890 1622 946 dicatur

82 983 136 1036 de
161 995 218 1036 eo
250 997 263 1034 :
323 997 342 1030 ι
367 976 535 1051 Euge,
572 995 727 1036 serve
763 982 905 1037 bone
934 989 989 1036 et
1039 981 1236 1048 ﬁdelis,
1287 982 1416 1053 quia
1455 997 1622 1052 super

79 1087 224 1142 pauca
273 1069 419 1126 fuisti
474 1069 688 1139 ﬁdelis,
736 1071 902 1143 supra
957 1073 1131 1128 multa
1187 1077 1241 1128 te
1287 1074 1616 1128 constituam

81 1161 265 1232 (Matth.
295 1163 439 1232 xxv).
480 1181 500 1214 ι
544 1161 650 1218 Sed
686 1180 850 1236 quam
889 1164 1104 1222 laudem
1144 1165 1364 1222 habebit
1408 1177 1630 1236 pastor-,-

77 1254 154 1324 qui
175 1252 369 1309 cunctis
417 1253 610 1310 0vibus
643 1255 937 1323 devoratis,
987 1266 1040 1312 et
1076 1257 1356 1328 dissipatis
1382 1275 1413 1312 a
1450 1259 1614 1330 lupis,

77 1359 250 1400 vacuus
281 1345 454 1400 redit?
477 1344 654 1412 Quam
675 1347 898 1402 tandem
934 1349 1154 1404 habebit
1173 1354 1358 1420 pastor
1387 1352 1480 1422 qui
1519 1365 1618 1408 nec

73 1437 210 1491 etiam
247 1430 624 1492 ‘conse'rva'tum
685 1435 926 1511 seipsum
954 1442 1136 1497 redit?
1176 1441 1379 1499 Octava
1407 1444 1616 1500 decima

74 1528 219 1601 gratia
243 1537 355 1584 est:
389 1529 594 1600 Offerre
628 1530 734 1586 Deo
760 1533 1030 1587 incensum
1071 1534 1288 1605 dignum
1318 1537 1373 1589 in
1404 1536 1616 1590 odorem

71 1623 334 1675 suavitatis.
381 1621 450 1676 Et
492 1621 675 1676 Aaron
727 1623 946 1694 quidem
977 1625 1033 1680 in
1055 1626 1255 1696 populo
1284 1642 1386 1683 suo
1417 1629 1619 1699 suppli~

71 1711 180 1767 t‘ans
219 1713 408 1768 obtulit
447 1711 560 1769 Deo
596 1714 889 1771 incenatum
934 1716 994 1772 in
1046 1717 1270 1774 odorem
1302 1720 1610 1777 suavitatis.

1723 540 2011 599 operantes
2039 533 2379 591 damnandos
2425 552 2568 593 esse.
2595 537 2840 597 Primum
2875 544 3042 615 igitur
3076 551 3316 607 ostendit

1722 622 1868 690 quod
1881 623 2218 680 omniahona
2239 641 2362 696 quae
2393 627 2677 698 habemus,
2699 647 2729 687 a
2745 632 2857 689 Deo
2877 635 3162 708 habemus,
3188 657 3314 698 cum

1722 713 1952 768 dicitur:
1984 713 2384 787 Hoanuidam
2398 723 2977 792 peregreproﬁciscens.
3006 727 3140 794 Quis
3163 732 3320 787 enitu-

1722 803 1888 859 hamo
1903 805 2002 860 iste
2014 815 2119 874 est,
2140 807 2248 863 nisi
2263 809 2352 863 ille
2365 809 2553 880 dequo
2566 814 2829 883 propheta
2843 816 3003 872 dicit:
3027 838 3044 869 ι
3074 818 3137 874 Et
3147 822 3315 879 homo

1723 904 1826 963 est,
1852 897 2050 968 etquis
2071 909 2366 971 cognoscet
2387 904 2554 958 eum?
2580 923 2599 957 ι
2635 905 2773 978 (Isa.
2789 909 2931 980 un).
2950 907 3055 977 Qui
3070 913 3316 982 profecto

1722 994 1852 1043 tunc
1875 1003 2100 1060 peregre
2127 990 2405 1060 profectus
2425 1005 2510 1050 est
2534 998 2756 1066 quando
2770 1007 3022 1055 naturam
3041 1011 3322 1077 nostram,

1720 1089 1884 1148 quam
1937 1080 2003 1134 de
2036 1089 2176 1137 terra
2239 1085 2494 1155 sumpsit,
2553 1101 2720 1160 super
2750 1092 2951 1148 cretum
3005 1094 3322 1154 collocavit.

1719 1170 1914 1226 Garnis
1939 1173 2084 1227 enim
2110 1175 2264 1231 locus
2285 1179 2506 1248 proprie
2532 1183 2675 1236 terra
2708 1190 2813 1246 est.
2836 1197 2959 1254 qua:
2989 1189 3119 1243 tunc
3153 1199 3324 1257 pere-

1719 1278 1813 1334 gre
1838 1264 2225 1334 proﬁciscitur,
2249 1269 2470 1338 quando
2486 1285 2584 1342 per
2604 1272 3022 1346 Redemptorem
3061 1287 3322 1335 nostrum

1720 1369 1890 1424 super
1916 1357 2122 1412 aethera
2151 1359 2503 1430 sublimatur,
2535 1364 2630 1434 qui
2655 1365 2819 1420 modo
2851 1382 2883 1421 a
2927 1367 3107 1436 nobis,
3136 1385 3243 1440 qua
3256 1386 3322 1424 n-

1717 1443 1808 1498 diu
1836 1459 2029 1500 sumus
2079 1445 2135 1500 in
2165 1447 2271 1503 hoc
2315 1450 2535 1519 exsilio,
2585 1455 2988 1526 peregrinatur,
3041 1459 3308 1528 quoniam

1717 1546 1833 1592 tum
1856 1554 1954 1608 per
1983 1541 2166 1597 carnis
2189 1543 2519 1613 absentiam;
2543 1554 2659 1601 tum
2682 1562 2780 1618 per
2816 1550 3005 1604 auxilii
3049 1551 3316 1607 dissimuv

1715 1629 1975 1684 lationem
1998 1646 2031 1685 a
2061 1632 2222 1688 nobis
2241 1634 2548 1706 elongatur.
2583 1634 2683 1692 llic
2704 1649 2893 1695 servos
2920 1655 3052 1696 suos
3073 1643 3312 1712 vocavit,

1716 1722 1938 1790 quando
1967 1723 2049 1777 vel
2076 1740 2172 1794 per
2202 1739 2283 1794 se,
2321 1726 2405 1781 vel
2444 1742 2542 1798 per
2575 1729 2958 1799 pradicatores
2994 1747 3156 1801 suos,
3183 1734 3309 1789 bo-

60 1801 286 1858 Christus
307 1817 442 1858 vero
490 1803 732 1875 seipsu'm
780 1803 1213 1875 immaculatum,
1249 1817 1303 1862 et
1331 1808 1455 1878 igne
1481 1810 1614 1864 cha-
1647 1783 1692 1843 Β
1716 1783 1895 1866 mines
1917 1813 1984 1867 de
2005 1783 2242 1882 quatuor
2269 1783 2462 1872 mundi
2482 1783 2730 1888 pariibus
3177 1783 3322 1881 vero-

67 1891 218 1948 iitatis
238 1903 666 1963 concrematum,
699 1895 753 1950 in
782 1911 876 1951 ara
902 1898 1085 1953 crucis
1110 1913 1210 1968 pro
1235 1899 1628 1970 redemptione-

67 1984 261 2040 humani
303 1987 540 2058 generis,
575 1985 687 2043 Deo
706 1985 856 2044 Patri
877 1989 1074 2044 obtulit
1100 1988 1155 2044 in
1179 1989 1404 2045 odorem
1427 1992 1612 2047 suavi-

65 2077 187 2132 tatis.
215 2075 266 2131 ln
293 2093 404 2148 quo
435 2077 710 2134 sacriﬁcio
756 2079 1046 2151 plusquam
1093 2081 1307 2138 caeteris
1353 2083 1611 2140 omnibus

63 2169 287 2226 adoratus
310 2171 392 2226 est
431 2169 573 2227 Deus
597 2168 778 2227 Pater.
803 2171 910 2227 lste
934 2187 1154 2244 quoque
1181 2175 1458 2246 gloriosus
1479 2191 1611 2232 con-'-

63 2261 229 2330 lessor,
252 2279 346 2334 pro
373 2265 579 2335 popqu
603 2279 705 2320 suo
722 2265 1058 2335 supplicans,
1076 2282 1174 2322 eor
1196 2272 1628 2339 compunctum,-

62 2355 164 2426 igne
191 2358 352 2412 sancti
395 2355 638 2429 Spiritus
672 2358 985 2426 incensum,
1008 2375 1133 2414 eum
1165 2359 1334 2417 odore
1364 2362 1626 2418 suavitaw

60 2443 135 2514 tis,
161 2449 304 2506 bona:
344 2451 661 2507 devotionis
700 2449 814 2508 Deo
843 2451 1060 2519 obtulit,
1082 2459 1138 2507 et
1162 2453 1341 2508 adhuc
1366 2455 1610 2525 quotidie

60 2541 332 2599 oﬁertcum
381 2543 574 2614 phiala
625 2543 1112 2599 odoramentorum
1162 2561 1411 2614 suorum,
1450 2548 1608 2604 nobis

58 2634 265 2690 divinam
285 2637 673 2708 'repropitians
706 2636 1073 2707 maiestatem.
1105 2637 1278 2705 Quem
1305 2640 1606 2710 imitantes,

55 2723 222 2782 fratres
246 2726 684 2793 mei,_discamus
715 2726 826 2782 Deo
861 2727 1055 2783 oﬁ'erre
1093 2729 1447 2798 sacriﬁcium,
1498 2747 1610 2787 non

56 2819 258 2876 alienum
287 2831 345 2878 ut
375 2823 547 2891 Cain,
573 2825 667 2895 qui
701 2835 761 2881 se
793 2821 1074 2889 deserens,
1116 2822 1355 2877 alienum
1390 2824 1620 2892 obtulit,-

53 2912 130 2965 sed
154 2913 440 2970 oneramus
476 2917 808 2972 sacriﬁcium
840 2917 1088 2990 dignum,
1117 2935 1214 2975 cor
1243 2917 1451 2977 scilicet
1476 2932 1612 2973 con-

53 3003 211 3058 tritum
265 3015 316 3060 et
365 3007 745 3064 humiliatum.
796 3007 910 3065 Nec
953 3011 1252 3068 offeramus
1299 3029 1422 3069 cum
1484 3015 1610 3086 igne

1713 1893 1813 1957 sua
1851 1903 1934 1958 eis
1961 1905 2205 1973 tradidit,
2231 1915 2286 1962 et
2314 1909 2494 1966 adhuc
2519 1912 2766 1982 quotidie
2809 1915 2994 1984 tradit,
3047 1917 3312 1987 quoniam

1711 1993 1915 2065 gratias
1970 2011 2100 2053 suas
2157 1999 2387 2072 singulis
2433 2002 2716 2076 dispergit.
2766 2004 2921 2063 Unde
2964 2007 3264 2079 Apostolus
3287 2022 3320 2066 :-

1718 2104 1739 2138 ‹
1775 2084 2084 2159 Unicuique
2114 2099 2362 2147 nostrum
2387 2093 2512 2148 data
2527 2097 2793 2167 estgratia
2817 2101 3117 2156 secundum
3145 2118 3308 2158 men-

1711 2193 1898 2234 suram
1913 2179 2226 2238 donationis
2247 2181 2451 2241 Christi
2477 2185 2692 2258 (Ephes.
2709 2190 2818 2260 tv);
2859 2209 2880 2243 ι
2908 2202 3132 2264 pr0pter
3153 2195 3304 2266 quod

1709 2268 2004 2327 Psalmista
2021 2273 2156 2328 dicit
2179 2293 2192 2329 :
2225 2293 2245 2326 ι
2283 2277 2602 2334 Ascendens
2623 2278 2680 2333 in
2702 2280 2895 2349 altum,
2917 2284 3191 2353 captivam
3207 2286 3298 2340 dn-

1709 2362 1794 2418 xit
1819 2365 2208 2435 captivitatem,
2231 2366 2382 2422 dedit
2411 2369 2884 2427 donahominibus
2914 2372 3092 2444 (Psal.
3121 2390 3306 2443 vau;

1713 2452 1909 2525 Ephes.
1956 2456 2055 2525 Iv).
2091 2475 2110 2508 ›
2144 2456 2440 2529 Diligenter
2495 2470 2678 2517 autem
2711 2465 3171 2521 considerandum
3225 2475 3311 2523 est

1711 2545 1856 2615 quod
1897 2549 1992 2613 ait,
2021 2564 2193 2602 seruos
2226 2565 2370 2616 suos,
2401 2559 2451 2604 et
2482 2553 2709 2606 tradidit
2748 2554 2823 2608 eis
2885 2555 3022 2610 bona
3074 2573 3192 2612 sua.
3248 2557 3310 2613 Si

1710 2637 1858 2692 enim
1886 2641 2026 2694 servi
2057 2641 2176 2711 ejus
2215 2657 2430 2711 sumus,
2461 2659 2605 2715 ergo.
2627 2661 2736 2702 non
2767 2662 2961 2706 sumus
2990 2651 3188 2707 nostri.
3245 2652 3304 2708 Si

1711 2727 1953 2795 tradidit,
1982 2745 2090 2784 non
2121 2731 2289 2798 dedit,
2314 2733 2408 2788 sed
2431 2736 2606 2806 magis
2618 2739 3040 2796 commendavit.
3073 2739 3131 2796 Si
3155 2743 3303 2799 bona

1712 2833 1831 2884 sua,
1869 2834 2001 2891 ergo
2051 2836 2160 2876 non
2193 2833 2403 2879 nostra.
2439 2823 2498 2880 lu
2545 2842 2655 2898 quo
2695 2829 2827 2900 quid
2869 2831 3312 2901 demonstratur,

1711 2911 1819 2966 nisi
1849 2911 1976 2982 quia
2001 2927 2100 2968 nec
2127 2928 2228 2970 nos
2259 2915 2389 2986 ipsi,
2416 2931 2519 2978 nec
2552 2931 2616 2976 ea
2641 2934 2764 2992 quae
2810 2920 3075 2982 habemus
3127 2927 3306 2982 nostri

1705 3003 1867 3078 juris,
1901 3003 1994 3063 sed
2019 3007 2194 3082 magis
2224 3005 2440 3066 Domini
2476 3018 2707 3069 sumus?
2733 3011 2790 3069 Si
2837 3031 2969 3088 ergo
3007 3017 3093 3074 vel
3121 3019 3308 3088 nobis,
3357 3057 3362 3062 -

49 3097 221 3167 alieno,
271 3101 323 3156 id
363 3112 482 3171 est,
531 3119 657 3158 cum
715 3103 844 3176 igne
906 3113 1136 3162 terrena;
1186 3108 1517 3178 cupiditatis,
1543 3119 1608 3164 ιιι
1635 3131 1676 3192 C
1709 3101 1794 3156 vel
1815 3102 2040 3171 nostris,
2077 3111 2274 3173 praeter
2301 3105 2586 3162 servitium
2633 3115 2688 3162 et
2710 3109 3044 3164 voluntatem
3087 3110 3308 3168 Domini

46 3187 206 3248 Nadab
232 3203 283 3250 et
335 3194 509 3262 Abiu,
561 3197 655 3267 qui
693 3197 768 3252 ob
818 3197 927 3253 hoc
976 3213 1008 3252 a
1055 3197 1166 3253 Deo
1191 3201 1436 3270 percussi
1479 3209 1609 3256 sunt
1644 3187 1675 3192 ⁷
1709 3198 2010 3266 abutimur,
2045 3199 2176 3270 quid
2207 3199 2355 3254 aliud
2383 3215 2550 3270 quam
2575 3199 2810 3257 Domino
2836 3204 2902 3256 de
2945 3203 3062 3258 suis
3083 3202 3306 3259 defrau-

47 3280 168 3351 (Lev.
219 3287 293 3357 ι),
344 3286 453 3342 sed
476 3303 600 3342 cum
652 3289 778 3360 igne
825 3288 1030 3356 divino,
1069 3290 1123 3344 id
1163 3299 1264 3358 est,
1297 3307 1422 3347 cum
1471 3293 1606 3348 cha-

45 3373 318 3434 ritate.Nec
340 3379 646 3435 oﬂ'eramus
675 3380 810 3436 illud
859 3396 982 3436 cum
1027 3389 1216 3452 tepore
1250 3425 1265 3450 ,
1307 3392 1365 3438 ut
1415 3384 1614 3453 tepidi,

47 3467 170 3536 quia
198 3467 303 3526 Deo
330 3481 671 3528 evomuntur
718 3472 903 3543 (Apoc.
952 3473 1058 3544 in),
1111 3474 1206 3529 sed
1231 3489 1356 3530 cum
1393 3473 1607 3529 fervore

46 3556 380 3620 devotissimus
423 3563 714 3631 orationis,
779 3575 1048 3634 quatenus
1090 3564 1234 3621 Deus
1285 3575 1470 3621 nostra
1509 3566 1607 3621 de-

44 3651 236 3708 votione
277 3657 542 3711 odoretur
563 3664 616 3710 et
636 3655 950 3710 delectetur.
995 3655 1151 3722 Quod
1177 3657 1339 3727 hujus
1371 3659 1616 3714 sanctis-.

44 3742 150 3798 simi
200 3746 537 3804 confessoris
590 3749 847 3819 precibus
906 3749 1063 3805 nobis
1116 3748 1261 3804 Deus
1297 3751 1603 3807 concedere

41 3831 286 3904 dignetur.
318 3840 520 3895 Amen.
687 3840 689 3842 ’

55 3941 58 3948 ’
253 3952 258 3958 ·
731 3933 897 3990 XXII.

203 4043 356 4083 UNIUS
393 4042 762 4084 CONFESSORIS.
797 4041 968 4082 SERMO
996 4043 1063 4082 DE
1091 4043 1385 4083 IATTBEO.

95 4114 235 4172 Dixit
256 4117 413 4174 Jesus
455 4119 734 4190 discipulis
757 4120 868 4172 suis
894 4119 1204 4190 parabolam
1225 4120 1401 4173 hanc:
1427 4117 1600 4176 Homo

32 4209 225 4276 quidam
263 4227 482 4284 peregre
534 4210 869 4281 proﬁciscens
940 4212 1140 4265 vocavit
1205 4227 1378 4266 servos
1452 4228 1598 4282 suos,

30 4308 78 4352 et
139 4305 356 4358 tradidit
417 4303 531 4358 illis
596 4303 730 4356 bona
767 4319 864 4356 sua
902 4300 1120 4374 (Matth.
1161 4303 1311 4372 xxv),
1339 4313 1441 4359 etc.
1467 4303 1602 4370 Qui-

29 4392 136 4447 dam
167 4395 414 4467 suntqui
437 4397 580 4451 bona
609 4409 734 4465 quae
755 4395 976 4460 habent,
1003 4411 1033 4448 a
1062 4395 1372 4464 semetipsis
1393 4411 1452 4452 se
1495 4397 1596 4451 ha-

1711 3287 1943 3343 damns?
1977 3286 2048 3341 Et
2083 3290 2200 3356 uni,
2231 3289 2432 3359 inquit,
2462 3289 2609 3343 dedit
2647 3293 2874 3362 quinque
2925 3291 3150 3358 talenta,
3205 3292 3306 3346 alii

1708 3387 1883 3432 autem
1921 3378 2050 3447 duo,
2075 3379 2174 3434 alii
2198 3396 2318 3434 vero
2347 3397 2532 3434 unum.
2564 3379 2681 3436 Hoc
2706 3382 3030 3452 simpliciter
3055 3384 3305 3454 accipere

1705 3481 2023 3538 possumus,
2052 3469 2316 3539 quoniam
2341 3469 2434 3523 uni
2465 3471 2558 3525 dat
2583 3469 2725 3526 Dens
2770 3465 2926 3541 plura
2978 3471 3145 3538 dona,
3205 3471 3300 3527 alii

1705 3574 1899 3630 pauca,
1955 3559 2049 3614 alii
2106 3560 2388 3630 pauciora.
2441 3559 2537 3614 Vel
2571 3569 2720 3616 certe
2757 3576 2855 3631 per
2910 3561 3156 3632 quinque
3218 3570 3307 3620 ta:

1704 3653 1847 3707 lenta
1869 3652 2204 3707 exteriorum
2231 3652 2482 3721 scientia,
2509 3653 2751 3723 quinque
2763 3654 3014 3709 sensibus
3031 3652 3303 3724 acquisita

1705 3743 2052 3798 denotantur.
2085 3743 2188 3800 Per
2207 3745 2317 3799 duo
2352 3760 2501 3812 vero,
2528 3745 2836 3800 intellectus
2857 3753 2911 3800 et
2939 3745 3186 3816 operatio
3219 3747 3302 3800 si-

1606 3873 1615 3884 ,
1704 3836 2051 3907 gniﬁcantur.
2119 3835 2224 3890 Per
2287 3853 2492 3903 unum,
2554 3837 2707 3892 solus
2757 3838 3072 3896 intellectus
3111 3838 3311 3910 .signi—

1702 3929 1918 3984 ﬁcatur.
2007 3927 2316 3999 Unicuique,
2401 3929 2612 4000 inquit,
2671 3931 2958 3984 secundum
3020 3933 3305 4003 propriam

1701 4023 1969 4076 virtutem.
2025 4020 2196 4088 Quasi
2263 4022 2410 4077 dicat
2446 4041 2459 4077 :
2489 4022 2740 4078 Tradidit
2801 4025 2883 4079 eis
2957 4041 3069 4082 non
3121 4042 3312 4099 quam

1701 4121 1819 4168 tum
1894 4113 2044 4183 ipse,
2125 4112 2222 4168 sed
2294 4122 2562 4185 quantum
2635 4116 3022 4187 unusquisque
3103 4132 3302 4191 capere

1701 4215 1916 4278 poterat
1957 4249 1970 4261 .
1996 4222 2166 4278 quam
2193 4207 2601 4275 discretionem,
2629 4209 2924 4280 magistros
2957 4221 3160 4268 sancta
3189 4210 3269 4268 Ec
3295 4239 3302 4250 ι
3348 4263 3352 4266 η

1701 4301 1880 4357 clesiae
1905 4316 2120 4372 semper
2153 4301 2311 4357 decet
2343 4301 2678 4358 Observare.
2704 4302 2787 4359 Ad
2821 4303 2954 4373 quid
2983 4311 3186 4360 autem?
3213 4307 3300 4362 eis

1702 4394 1879 4449 tradet
1905 4395 2130 4462 talenta,
2159 4395 2398 4456 ostendit
2427 4394 2716 4464 Dominus,
2742 4395 2900 4467 juxta
2931 4397 3102 4452 alium
3125 4413 3298 4454 evan-
3373 4477 3376 4482 _

28 4482 141 4540 bere
185 4498 398 4557 putant.
438 4488 545 4542 Alii
588 4487 810 4558 quidam
841 4496 1035 4557 putant
1069 4503 1128 4542 se
1151 4503 1182 4542 a
1231 4486 1342 4542 Deo
1397 4489 1598 4545 habere
1629 4482 1675 4537 Ι)
1699 4488 1974 4559 gelistam,
2001 4488 2190 4544 dicens
2225 4506 2238 4542 :
2285 4506 2303 4540 ι
2337 4486 2704 4560 Negotiamiui
2743 4489 2876 4545 dum
2909 4489 3075 4545 venio
3129 4488 3294 4558 (Luc.

27 4572 124 4640 illa,
157 4578 250 4634 Sed
285 4588 506 4634 tantum
529 4579 596 4633 ad
623 4593 755 4633 suos
782 4593 918 4634 usus
948 4579 1094 4645 data,
1123 4585 1180 4633 et
1206 4577 1328 4634 ideo
1369 4593 1429 4634 se
1466 4595 1606 4649 pec-'

27 4681 136 4722 care
160 4686 266 4726 non
278 4672 622 4737 existimant,
656 4671 702 4724 si
719 4685 788 4725 ea
808 4671 1018 4724 caeteris
1042 4686 1150 4724 non
1169 4670 1610 4728 communicent.-

22 4759 116 4812 Alii
143 4771 345 4830 autem,
372 4763 480 4818 etsi
505 4777 568 4819 ea
599 4761 812 4818 caeteris
859 4761 1314 4817 communicanda
1371 4771 1593 4831 norunt,

25 4857 187 4906 tamen
217 4856 282 4908 ad
319 4853 846 4910 communicandum
877 4861 1005 4908 sunt
1033 4853 1190 4925 pigri.
1243 4852 1447 4909 Contra
1496 4855 1597 4911 hos

22 4949 260 5016 proponit
291 4949 563 5004 Dominus
576 4949 892 5020 parabolam
914 4948 1272 5020 przelihatam,
1301 4950 1604 5007 ostendens

21 5040 152 5105 q'uod
173 5044 357 5097 omnia
392 5045 534 5097 bona
553 5059 676 5114 qua:
690 5043 978 5110 habemus,
1012 5059 1043 5097 a
1070 5041 1182 5097 Deo
1207 5051 1335 5098 sunt
1365 5045 1609 5100 collata:-

18 5139 65 5184 et
99 5135 238 5202 quod
291 5152 402 5190 non
437 5136 501 5189 ad
527 5151 664 5192 usus
691 5144 910 5191 nostros
937 5144 1170 5202 tantum,
1211 5135 1306 5190 sed
1347 5137 1413 5191 ad
1445 5151 1597 5190 eom-

17 5229 404 5284 municandum
456 5230 669 5286 caeteris
716 5231 828 5286 sint
865 5230 1026 5286 nobis
1076 5229 1488 5297 commendata,
1543 5241 1598 5287 et

16 5303 150 5387 quod
178 5319 277 5388 illi,
306 5322 407 5393 qui
435 5338 496 5378 ea
523 5322 931 5378 communicare
976 5321 1115 5392 pigri
1151 5329 1298 5388 sunt,
1356 5323 1437 5377 eis
1470 5323 1594 5392 jure

15 5409 270 5476 spoliandi
319 5419 378 5467 et
423 5411 720 5468 damnandi
763 5419 912 5468 sunt.
945 5410 1084 5466 Sunt
1126 5420 1308 5466 autem
1359 5421 1597 5483 quatuor

14 5499 281 5559 uarticulze
297 5503 556 5561 lectionis
580 5505 765 5576 hujus.
788 5503 976 5559 Primo
996 5517 1236 5574 namque
1255 5505 1598 5562 demonstrat

14 5587 268 5650 Dominus
316 5597 507 5652 omnia
541 5595 686 5652 bona
716 5611 838 5668 quae
883 5597 1172 5663 habemus,
1217 5611 1248 5651 a
1289 5595 1402 5651 Deo
1437 5597 1594 5653 nobis

13 5688 385 5743 commendata
412 5702 554 5746 esse.
583 5683 842 5745 Secundo
863 5689 1206 5744 demonstrat
1231 5688 1508 5759 quosdam
1528 5690 1608 5746 de'

13 5779 403 5836 commendatis
435 5779 576 5838 bene
599 5781 846 5853 operari,
880 5781 1148 5851 quosdam
1184 5781 1344 5837 male.
1390 5778 1592 5851 Tertio,

1700 4580 1854 4650 xix).
1883 4580 1954 4635 Et
1990 4582 2257 4652 profectus
2304 4591 2412 4648 est,
2459 4581 2657 4654 inquit,
2689 4583 2895 4637 statim.
2944 4581 3064 4637 Non
3115 4582 3298 4638 locum

1700 4681 1921 4728 mutans
1941 4715 1957 4741 ,
1993 4674 2088 4730 sed
2115 4673 2344 4729 liberam
2373 4674 2456 4730 eis
2493 4673 2756 4745 operandi
2785 4673 3030 4730 tribuens
3057 4681 3300 4744 potestao

1697 4771 1808 4818 tem
1838 4780 1850 4817 :
1888 4761 1998 4818 Nec
2038 4765 2177 4820 bene
2210 4775 2498 4834 operantes
2528 4765 2712 4819 statim
2742 4765 2959 4820 salvans
2977 4805 2993 4833 ,
3021 4780 3120 4820 nec
3154 4764 3299 4820 male

1699 4865 1991 4926 operantes
2015 4859 2199 4912 statim
2224 4859 2514 4925 damnans,
2543 4859 2639 4914 sed
2679 4867 2946 4930 utrosque
2967 4875 3091 4914 cum
3121 4859 3296 4914 silen-
3344 4907 3349 4912 .

1703 4949 1779 5003 tio
1810 4949 1878 5005 ad
1899 4950 2170 5020 judicium
2194 4959 2538 5021 exspectans.

1745 5061 1751 5070 ί
1783 5041 2042 5112 Sequitur
2067 5058 2194 5113 pars
2225 5044 2484 5109 secunda,
2510 5043 2562 5097 in
2592 5058 2700 5114 qua
2723 5043 3131 5100 demonstratur
3157 5044 3298 5101 alios

1701 5132 1839 5188 hem
1893 5134 2132 5204 operari,
2182 5135 2320 5188 alios
2357 5134 2533 5201 male,
2584 5151 2745 5190 cum-
2784 5134 3034 5190 subditur
3075 5155 3088 5192 :
3148 5136 3296 5191 Abiit
3341 5171 3344 5174 η

1701 5234 1877 5280 autem
1919 5227 2011 5297 qui
2077 5227 2306 5297 quinque
2363 5225 2564 5280 talenta
2600 5235 2904 5297 acceperat,
2951 5236 3000 5282 et
3047 5237 3295 5298 operatus

1697 5320 1885 5373 estin
1953 5320 2069 5386 eis,
2143 5331 2191 5373 et
2251 5318 2491 5374 lucratus
2547 5330 2622 5374 est
2678 5320 2790 5374 alia
2838 5322 3084 5392 quinque.
3157 5320 3298 5379 Sunt

1701 5411 1848 5466 enim
1913 5411 2164 5467 nonnulli
2210 5412 2334 5482 qui,
2399 5421 2454 5467 et
2493 5457 2498 5460 .
2533 5413 2578 5468 si
2622 5413 2834 5468 interna
2897 5413 3153 5486 mysteria
3204 5429 3298 5470 αι·

1698 5517 1829 5574 pere
1881 5514 2163 5576 nequeunt
2187 5545 2201 5568 ,
2243 5515 2424 5561 tamen
2477 5513 2699 5578 accepta
2746 5505 3078 5562 exteriorum
3117 5506 3297 5561 scien-

1698 5597 1773 5650 tia
1829 5611 1938 5652 non
1990 5604 2328 5668 terpescunt.
2363 5596 2462 5652 .Et
2525 5598 2747 5665 abeunt,
2804 5606 3296 5669 quantumcunque

1696 5698 1950 5759 possunt,
1985 5689 2299 5760 defacccpta
2336 5690 2723 5746 scientiabene
2755 5698 3076 5761 operantes,
3105 5697 3161 5746 et
3193 5702 3294 5759 per

1699 5783 1932 5839 activam
1959 5784 2128 5840 vitam
2145 5827 2159 5854 ,
2193 5783 2466 5840 exteriora
2495 5783 2562 5839 in
2591 5784 2850 5855 operibus
2875 5780 3292 5850 misericordiae,
