3820 6312
541 256 680 315 15Ἰό

1710 203 1721 210 ἡ
1819 250 2173 309 BADULPﬂl
2209 252 2560 311 ARDENTIS
3616 264 3705 324 me

535 368 859 439 exterisque
883 365 1044 428 bonis
1076 365 1267 424 usibus
1297 365 1686 439 expendentes,
1726 374 1781 423 et
1811 366 1985 438 magis
2011 382 2130 423 ma-
2160 372 2209 434 Α
2237 376 2344 437 rat,
2375 384 2502 424 cum
2547 367 2598 429 ei
2643 366 2776 424 dicit
2802 384 2817 425 :
2853 368 2995 435 Quia
3036 385 3197 441 super
3224 386 3397 442 posca
3441 372 3558 441 [sisti
3575 376 3707 447 Mein,

535 466 731 536 gisque
792 462 1137 536 proﬁcientes
1186 463 1362 518 donec
1411 461 1625 517 lucrum
1678 461 1759 516 eis
1796 462 2124 533 geminatur.

534 553 695 624 Quod
736 556 924 628 utique
957 557 1043 623 lit,
1080 555 1163 610 vel
1207 570 1332 611 cum
1374 555 1491 625 ipsa
1538 553 1763 610 scientia
1793 568 1888 625 per
1920 555 2131 610 exerci-

539 650 675 706 tium
707 650 763 705 in
802 665 862 706 se
890 648 1184 722 geminata,
1211 647 1508 719 proximis,
1535 646 1621 701 vel
1658 646 1804 702 dicto
1830 646 1913 703 vel
1942 662 2129 703 exem-

540 743 632 814 plo
656 741 1015 812 proﬁciendo,
1039 740 1236 811 duplex
1264 754 1476 794 merces
1501 738 1823 808 acquiritur.
1846 736 2126 808 Similiter,

534 834 748 903 inquit,
780 842 829 887 et
870 832 963 904 qui
991 832 1096 884 duo
1142 838 1413 900 acceperat
1443 827 1684 884 lucratus
1716 839 1793 885 est
1841 829 1953 884 alia
1997 829 2123 884 duo.

534 926 674 993 Quia
705 935 836 981 sunt
868 922 1114 981 nonnulli
1143 921 1364 979 subtilia
1390 921 1457 977 de
1486 921 1715 978 internis
1743 922 2125 994 intelligentcs,

532 1027 586 1072 et
617 1017 755 1073 mira
783 1016 837 1070 in
867 1014 1229 1069 exterioribus
1254 1020 1566 1083 operantes,
1596 1012 1839 1082 quicum
1869 1012 2128 1083 Spiritua-

532 1108 885 1173 liadoeendo
931 1114 985 1161 et
1026 1107 1168 1161 bona
1209 1104 1487 1176 operando
1532 1113 1642 1161 tam
1675 1104 1777 1167 sibi
1807 1114 1974 1176 qnam
2004 1106 2127 1161 aliis

531 1208 795 1273 prosunt,
824 1200 983 1271 quasi
1012 1199 1349 1269 duplicatum
1392 1198 1608 1255 lucrum
1652 1200 1966 1270 acquirunt.
2021 1199 2126 1266 Qui

529 1299 706 1345 autem
732 1332 746 1356 ,
784 1291 990 1361 inquit,
1024 1306 1187 1345 unum
1216 1300 1509 1361 acceperat,
1537 1289 1716 1345 abiens
1751 1292 1887 1362 {odit
1935 1293 1992 1347 in
2021 1302 2128 1349 ter:-

531 1400 668 1451 ram,
695 1392 745 1439 et
774 1382 1047 1437 abscondit
1073 1381 1352 1452 pecuniam
1375 1381 1579 1435 domini
1615 1382 1719 1435 sui.
1746 1381 1919 1438 Porro
1946 1383 2124 1439 talen-

530 1482 649 1530 tum
694 1476 750 1530 in
783 1483 923 1530 terra
965 1474 1254 1531 abscondit
1290 1473 1386 1544 qui
1432 1473 1618 1533 datam
1668 1474 1773 1531 sibi
1818 1474 2127 1548 intelligen-

529 1567 664 1623 tiam
695 1567 750 1622 in
776 1567 940 1623 corde
986 1575 1203 1622 terreno
1227 1575 1282 1622 et
1324 1581 1492 1623 avaro
1518 1566 1678 1634 celat,
1705 1582 1807 1624 nec
1837 1582 1961 1623 eam
2002 1568 2125 1627 aliis

529 1658 863 1717 manifestat.
891 1658 1097 1715 Contra
1136 1674 1300 1730 quem
1337 1658 1598 1719 Salomon
1634 1659 1747 1715 ait:
1786 1658 2123 1732 «Sapientia

530 1750 877 1816 abscondita,
914 1758 969 1804 et
1004 1749 1297 1811 thesaurus
1345 1749 1733 1817 absconditus,
1762 1765 1887 1821 quae
1915 1750 2123 1807 utilitas

532 1839 590 1894 in
613 1840 858 1911 utrisque
874 1841 897 1893 ι
915 1859 934 1891 ›
954 1837 1148 1910 (Ereti.
1167 1840 1284 1909 xx.)
1305 1848 1361 1894 et
1374 1838 1536 1896 Iesus
1558 1837 1704 1901 ﬁlius
1724 1838 1950 1897 Sirach:
1974 1859 1997 1893 ι
2015 1839 2123 1909 Qui

531 1932 836 2000 abscondit,
862 1932 1060 2003 inquit,
1097 1932 1395 2000 frumenta,
1426 1932 1784 1989 maledicetur
1819 1932 1876 1988 in
1904 1933 2123 2004 populis

532 2025 715 2095 (Prov.
748 2024 846 2096 st).
878 2044 899 2079 ι
931 2021 1224 2081 Talentum
1258 2025 1566 2093 abscondit,
1593 2026 1689 2098 qui
1719 2036 1999 2098 acceptum
2031 2028 2123 2084 in-

530 2118 751 2189 genium
807 2126 985 2179 totum
1028 2118 1082 2173 in
1112 2118 1345 2173 terrenis
1374 2119 1523 2175 curis
1574 2119 1861 2175 immittit:
1899 2119 1995 2191 qui
2033 2118 2121 2176 iu-

530 2211 899 2282 tclligentiam,
916 2225 1025 2281 qua
1052 2218 1235 2281 posset
1256 2210 1536 2268 caelestem
1562 2211 1886 2282 sapientiam
1904 2226 2119 2283 capere,

530 2303 586 2357 in
616 2312 829 2358 terrena
872 2302 1167 2359 calliditate
1214 2304 1496 2374 implicare
1526 2305 1754 2375 gaudet.
1808 2304 1883 2360 De
1927 2305 2119 2376 cuius-

529 2394 676 2449 modi
701 2409 795 2464 per
815 2395 1136 2465 prophetam
1161 2395 1391 2451 dicitur:
1412 2414 1431 2449 ι
1454 2392 1742 2467 Sapientes
1776 2406 1925 2465 sunt,
1958 2406 2017 2455 ut
2040 2398 2123 2455 ia—

527 2483 676 2540 ciant
696 2484 858 2552 inula,
892 2485 1035 2545 bona
1062 2493 1244 2541 autem
1269 2484 1448 2543 facere
1474 2487 1791 2544 nescierunt
1807 2486 1942 2560 (Jer.
1972 2488 2068 2558 tv).
2094 2507 2116 2541 s

601 2575 862 2647 Sequitur
894 2592 1024 2649 pars
1061 2575 1251 2645 tertia,
1301 2576 1355 2633 in
1380 2592 1490 2649 qua
1520 2576 1933 2635 demonstratur
1980 2579 2121 2636 bene

526 2674 816 2736 operantes
837 2666 975 2722 bene
1006 2668 1458 2736 remunerandos,
1482 2684 1608 2725 cum
1642 2670 1895 2727 subditur
1926 2687 1941 2726 :
1987 2668 2125 2727 Post

528 2757 758 2813 multum
781 2774 898 2813 uero
931 2760 1181 2830 temporis
1204 2797 1223 2828 ,
1250 2761 1391 2816 venit
1428 2754 1969 2818 dominusservoruus
1996 2761 2121 2818 illo-

530 2866 669 2917 rum,
694 2860 744 2907 et
770 2852 945 2921 posuit
975 2856 1236 2909 rationem
1260 2870 1379 2909 cum
1401 2853 1499 2910 eis.
1535 2852 1681 2912 Sane
1710 2870 1823 2912 non
1863 2855 1970 2912 nisi
1996 2865 2121 2927 post

528 2944 763 3003 multum
794 2945 1053 3017 temporis
1087 2945 1355 3007 Dominus
1387 2946 1456 3005 ad
1478 2946 1747 3017 judicium
1788 2946 1955 3016 venit,
1976 2940 2118 3020 quo-

529 3035 676 3095 nium
715 3035 809 3091 diu
834 3044 889 3092 et
912 3052 1037 3093 cum
1086 3036 1259 3093 multa
1293 3037 1558 3109 patientia
1582 3047 1899 3109 peccatores
1923 3054 2120 3111 exspe—
2143 3073 2192 3141 ο

526 3136 659 3195 ctat,
686 3136 745 3183 ut
769 3128 969 3185 multos
997 3129 1210 3185 salvare
1229 3128 1501 3200 queat.Et
1517 3130 1715 3201 posuit,
1733 3130 1930 3202 inquit,
1949 3128 2117 3189 ratio-

528 3233 647 3275 nem
676 3237 795 3274 cum
817 3237 915 3276 eis.
948 3219 1113 3277 Solus
1141 3220 1409 3281 Dominus
1433 3231 1537 3290 est,
1561 3222 1657 3294 qui
1688 3224 1960 3280 rationem
1989 3239 2117 3287 cum

527 3310 706 3366 servis
727 3326 930 3380 ponere
958 3311 1137 3378 novit,
1166 3312 1430 3382 quoniam
1461 3312 1576 3383 ipse
1598 3313 1751 3371 solus
1778 3325 1891 3387 pro
1908 3312 2121 3370 meritis

529 3402 826 3474 unicuique
860 3404 1259 3461 rationabiliter
1284 3403 1481 3463 reddit.
1522 3404 1643 3476 ipse
1682 3406 1830 3465 enim
1862 3404 1977 3462 falli
2007 3422 2118 3463 non

526 3502 741 3565 potest,
777 3494 909 3565 quia
952 3495 1073 3565 ipsa
1112 3496 1315 3555 veritas
1354 3504 1465 3565 est,
1507 3511 1610 3553 nec
1645 3498 1955 3569 corrumpi,
1986 3499 2118 3570 quia

528 3586 644 3657 ipse
668 3587 881 3658 iustitia
901 3596 1004 3644 est.
1032 3586 1145 3645 Nec
1170 3588 1320 3645 enim
1344 3604 1471 3649 eum
1503 3590 1671 3647 latere
1695 3590 1996 3662 quidquam
2020 3606 2119 3663 po-

527 3686 658 3745 test,
686 3679 783 3749 qui
808 3679 1143 3735 omnisciens
1170 3688 1276 3747 est,
1302 3695 1405 3735 nec
1424 3681 1474 3737 ei
1508 3681 1564 3737 in
1592 3682 1778 3753 aliquo
1802 3682 2116 3754 detorqueri

525 3783 727 3843 potest,
751 3774 845 3846 qui
874 3775 1224 3846 omnipotens
1249 3785 1353 3835 est.
1396 3776 1467 3835 Et
1491 3780 1739 3834 accedens
1766 3781 1857 3851 qui
1890 3781 2117 3852 quinque

526 3866 732 3923 talenta
775 3877 1081 3939 acceperat,
1131 3879 1237 3925 etc.
1289 3869 1491 3927 Fidelis
1537 3888 1728 3930 servus
1756 3874 1852 3944 qui
1882 3874 1951 3933 de
1977 3889 2116 3932 con-

508 3958 757 4027 scientia
790 3974 889 4016 sua
919 3967 1004 4017 est
1024 3976 1275 4027 securus,
1308 3964 1710 4021 remuneratori
1732 3966 1976 4023 occurrit
2006 3966 2117 4038 pri-

526 4066 674 4117 mus,
700 4059 756 4108 et
782 4052 979 4108 obtulit
1000 4053 1111 4110 alia-
1130 4055 1378 4126 qninque
1399 4056 1601 4112 talenta
1628 4057 1846 4117 dicens:
1870 4058 2113 4127 Domine,

523 4144 753 4215 quinque
776 4148 981 4203 talenta
1006 4147 1283 4207 tradidisti
1319 4149 1471 4216 mihi,
1496 4166 1613 4205 ecce
1631 4149 1743 4206 alia
1767 4152 1996 4222 quinque
2019 4168 2114 4208 su-

525 4237 859 4307 perlucratus
884 4255 1023 4307 sunt,
1056 4248 1161 4296 etc.
1195 4239 1587 4313 Unusquisque
1612 4243 1787 4300 ﬁdelis
1812 4244 1880 4299 de
1910 4245 2116 4301 talento

524 4329 822 4387 commisso
866 4330 1082 4389 lucrum
1148 4332 1310 4389 oll‘ert
1364 4334 1716 4405 acquisitum.
1765 4334 1964 4393 Petrus
2010 4335 2111 4397 Ju-

2230 476 2392 529 supra
2418 459 2587 513 multa
2616 467 2665 513 te
2694 460 3039 527 constituant,
3064 462 3211 515 intra
3244 463 3300 515 in
3332 464 3552 533 gaudium
3574 468 3710 526 domini

2232 548 2329 606 tui.
2352 547 2547 604 Omnia
2559 549 2704 604 enim
2717 549 2860 605 bona
2880 552 3170 621 praesentis
3181 552 3323 619 vitaz,
3336 562 3713 631 quantumcunque

2230 658 2428 715 magna
2455 642 2763 710 vidcantur,
2788 643 2843 698 in
2860 644 3274 715 comparatione
3298 643 3587 717 futurorum,
3604 667 3714 722 parva

2229 750 2512 807 paucaque
2535 742 2817 805 putantur.
2850 732 3004 789 Tunc
3026 744 3211 791 autem
3235 736 3411 792 ﬁdelis
3436 754 3592 796 servus
3609 758 3714 814 super

2228 827 2398 882 multa
2420 826 2794 892 constituitur,
2822 827 3042 897 quando
3086 827 3178 882 illa
3220 828 3479 884 immensa
3498 840 3717 904 armaque

2228 919 2373 975 bona
2400 918 2612 990 recipit,
2637 934 2761 989 quae
2793 932 2811 969 ι
2848 933 2948 973 nec
2973 918 3169 975 oculus
3208 919 3369 988 vidit,
3412 937 3499 977 nec
3521 923 3635 980 auris
3658 942 3718 981 au-

2227 1012 2382 1078 divit,
2408 1027 2509 1066 nec
2532 1011 2585 1065 in
2616 1026 2713 1065 cor
2743 1010 2984 1068 hominis
3003 1012 3255 1066 ascendit
3279 1010 3335 1084 (1
3363 1010 3479 1067 Cor.
3504 1013 3596 1084 11).»
3621 1015 3718 1073 Tum:

2229 1102 2283 1158 in
2306 1103 2567 1174 gaudium
2591 1102 2808 1158 Domini
2831 1102 2916 1158 sui
2941 1101 3359 1171 iutromittitur,
3387 1104 3577 1175 quando
3603 1107 3643 1161 in
3664 1108 3719 1162 illi

2227 1196 2403 1267 patria
2432 1204 2636 1253 teterna
2662 1203 3001 1265 assumptus,
3034 1204 3199 1265 atque
3226 1195 3531 1266 angelorum
3562 1199 3720 1254 cetth

2228 1287 2517 1354 admistus,
2561 1286 2644 1343 sic
2690 1285 2923 1341 interius
2949 1286 3210 1359 gaudebit
3253 1286 3323 1343 de
3364 1299 3567 1344 munem
3589 1291 3722 1360 etiam

2226 1394 2338 1434 non
2366 1377 2439 1437 sit
2472 1377 2619 1449 quod
2648 1377 2790 1433 ultra
2815 1377 2998 1433 doleat
3019 1377 3087 1433 de
3109 1379 3479 1451 corruptione.
3500 1379 3721 1450 Quideaiu

2225 1469 2406 1539 majus
2430 1458 2613 1540 potest
2660 1468 2805 1524 ﬁdeli
2852 1483 3010 1525 servo
3054 1468 3175 1525 dari
3214 1485 3384 1540 quam
3432 1486 3542 1526 cum
3569 1470 3724 1528 domino

2224 1554 2580 1618 beatitudinis
2607 1561 2662 1616 in
2682 1570 2946 1617 aeternum
2972 1560 3156 1616 vivere
3178 1570 3235 1617 et
3257 1561 3466 1617 laetari?

2297 1654 2558 1727 sequitur
2582 1670 2711 1727 pars
2735 1661 2955 1726 quarta,
2983 1648 3039 1709 in
3070 1669 3181 1725 qua
3194 1654 3578 1711 demonstratur
3598 1656 3725 1728 pigros

2224 1748 2513 1819 malosque
2535 1762 2725 1804 servos
2749 1747 3053 1817 reprobari,
3083 1761 3213 1802 eum
3240 1746 3568 1818 subiungitur
3587 1765 3598 1802 :
3614 1750 3729 1802 Acci-

2223 1841 2350 1897 dens
2388 1850 2566 1895 autem
2609 1848 2660 1894 et
2708 1838 2798 1910 qui
2843 1855 3008 1893 unum
3063 1837 3327 1892 talentum
3377 1847 3625 1907 acceperat.
3658 1837 3729 1905 Qui

2223 1934 2445 1991 sibimet
2467 1940 2554 1989 est
2575 1931 2717 1988 male
2737 1931 3019 1999 conscius,
3046 1938 3331 1988 extremus
3354 1929 3496 1985 venit
3514 1938 3559 1985 et
3578 1930 3731 1990 tardas.

2224 2016 2467 2092 Domine,
2512 2023 2709 2095 inquit,
2735 2025 2846 2079 scio
2885 2024 3012 2095 quia
3051 2022 3207 2077 homo
3235 2022 3403 2076 durus
3441 2036 3509 2089 es,
3534 2023 3730 2076 mtissii

2223 2132 2329 2172 non
2350 2115 2648 2183 seminasti,
2677 2123 2727 2169 et
2752 2114 2958 2186 colligis
2983 2113 3072 2168 ubi
3108 2129 3214 2168 non
3236 2113 3500 2183 sparsisti.
3522 2111 3580 2166 Et
3597 2113 3730 2167 timeas

2221 2209 2353 2279 abii,
2383 2218 2432 2265 et
2462 2208 2715 2264 abscondi
2743 2208 3005 2263 talentum
3033 2214 3182 2263 tuum
3212 2206 3271 2260 in
3305 2215 3475 2271 terra;
3508 2221 3603 2261 cccc
3623 2206 3731 2258 ista

2221 2300 2361 2374 quod
2385 2311 2537 2357 tuum
2562 2309 2661 2356 est.
2686 2298 2828 2357 Vere
2846 2298 2993 2371 quod
3019 2297 3287 2370 scriptum
3318 2306 3402 2353 est
3433 2316 3447 2351 :
3475 2316 3492 2349 ι
3527 2297 3596 2351 Ad
3618 2312 3734 2351 ercu-

2222 2393 2423 2451 sandas
2451 2392 2835 2450 excusationes
2878 2392 2932 2447 in
2974 2391 3214 2463 peccatis
3244 2388 3422 2460 (Psal.
3454 2390 3581 2457 est),
3612 2389 3735 2444 ihnic

2222 2500 2382 2545 servo
2414 2485 2702 2557 contingit,
2731 2493 2790 2541 ut
2811 2482 2880 2539 ad
2910 2480 3187 2554 pigritiam
3232 2489 3289 2536 et
3325 2480 3735 2553 negligentiam»

2220 2575 2421 2647 perbia:
2440 2590 2663 2648 quoque
2701 2574 2976 2631 adhmreat
3011 2571 3243 2628 crimen.
3279 2571 3386 2639 Qui
3420 2571 3555 2627 enim
3589 2570 3719 2641 simul

2219 2668 2356 2726 citer
2382 2668 2571 2736 debuit
2592 2667 2841 2727 conﬁteri
2855 2666 3109 2725 inertiam
3133 2682 3292 2723 suam
3310 2674 3368 2722 et
3389 2667 3587 2723 veniam
3605 2666 3738 2735 dente

2220 2764 2357 2834 cari,
2408 2760 2720 2821 econtrario
2768 2761 3003 2819 Domino
3050 2761 3444 2829 calumniatur,
3484 2770 3534 2816 et
3580 2759 3741 2815 dicitsc

2222 2858 2519 2931 prudenter
2547 2855 2767 2924 fecisse,
2798 2870 2869 2913 ne
2908 2855 3040 2912 dum
3076 2855 3229 2911 lucra
3254 2854 3501 2927 pecunia
3524 2862 3740 2926 quaeret.

2221 2950 2622 3023 periclitaretur
2658 2949 2726 3006 de
2750 2956 2916 3004 sorte.
2945 2946 3121 3003 Porro
3149 2945 3391 3001 Domino
3427 2943 3743 3007 calumniatur,

2220 3059 2346 3101 cum
2368 3059 2495 3101 eum
2534 3042 2736 3100 durum
2762 3041 2917 3110 dicit,
2940 3048 2995 3096 et
3015 3049 3221 3097 metere
3244 3038 3341 3094 ubi
3372 3053 3481 3094 non
3502 3036 3744 3099 seminavit,

2218 3146 2273 3195 et
2305 3152 2639 3209 congregare
2676 3135 2770 3191 ubi
2797 3150 2905 3190 non
2950 3133 3171 3207 sparsit,
3204 3131 3374 3203 quasi
3408 3131 3585 3186 dicat:
3614 3127 3747 3183 Durus

2218 3247 2298 3298 es,
2330 3230 2462 3301 quia
2483 3229 2624 3286 dura
2655 3228 2998 3301 praecipiens,
3026 3235 3082 3282 et
3104 3227 3245 3282 dura
3271 3224 3537 3296 supplicia
3557 3223 3745 3295 inagis;

2218 3323 2380 3379 metis
2414 3322 2507 3379 ubi
2555 3337 2666 3377 non
2707 3319 3011 3387 seminasti,
3051 3319 3179 3393 quia
3216 3318 3384 3375 etiam
3421 3333 3515 3374 eos
3543 3326 3748 3387 tanquam

2218 3430 2345 3472 reos
2373 3413 2513 3472 falce
2536 3414 2732 3487 iudicii
2777 3413 3029 3487 praecidis
3078 3412 3282 3484 quibus
3329 3411 3499 3483 legem
3528 3425 3621 3465 non
3643 3422 3747 3465 om

2219 3507 2443 3575 misisti,
2469 3515 2525 3564 et
2548 3521 2848 3580 congregas
2876 3506 2969 3561 ubi
2998 3520 3109 3562 non
3140 3503 3420 3576 sparsisti,
3468 3503 3616 3559 etiam
3649 3515 3748 3555 coa-

2217 3615 2450 3672 gregans
2480 3599 2537 3655 in
2563 3614 2792 3671 regnum
2822 3607 2979 3654 tuum
3008 3597 3185 3654 bonos
3209 3596 3279 3653 de
3307 3596 3570 3668 gentibus,
3606 3602 3649 3649 et
3680 3606 3750 3647 eo-

2216 3710 2343 3751 rum
2389 3692 2709 3766 operatione
2752 3692 2847 3765 qui
2893 3692 3202 3749 naturalem
3246 3690 3422 3763 legem
3468 3694 3671 3753 servant,
3707 3694 3752 3739 et

2216 3787 2488 3843 damnans
2525 3802 2623 3842 eos
2654 3786 2751 3857 qui
2796 3783 3076 3859 negligunt
3103 3792 3159 3839 et
3186 3783 3467 3854 scriptam.
3507 3778 3751 3836 Prudenter

2216 3896 2275 3937 se
2310 3880 2505 3936 fecisse
2538 3879 2671 3936 dicit
2706 3893 2833 3935 cum
2865 3878 3068 3944 subdit,
3117 3887 3167 3932 et
3218 3878 3407 3931 timens
3454 3875 3573 3928 abii.
3615 3870 3752 3938 Quasi

2215 3972 2362 4030 dicat
2395 3991 2409 4027 :
2444 3970 2668 4028 Timens
2689 3985 2758 4027 ne
2776 3969 2824 4026 si
2846 3970 3170 4043 aggrederer
3194 3969 3340 4025 alios
3365 3966 3643 4039 acquirere,
3658 3963 3755 4031 ipse

2214 4066 2576 4137 periclitarer.
2595 4063 2888 4134 Propterea
2906 4062 3170 4118 talentum
3190 4059 3553 4135 intelligentia
3565 4058 3611 4113 in
3623 4055 3755 4111 corde

2215 4154 2406 4212 celavi.
2438 4153 2581 4211 Sunt
2597 4154 2745 4213 enim
2769 4152 3017 4225 plerique
3044 4152 3183 4208 tales
3226 4151 3287 4208 in
3324 4162 3514 4208 sancta
3535 4145 3755 4208 Ecclesia.

2215 4263 2401 4304 secum
2445 4246 2692 4303 dicentes
2728 4263 2742 4300 :
2778 4243 2990 4301 Suliicit
3034 4244 3172 4301 mihi
3220 4252 3283 4301 ut
3313 4244 3382 4300 de
3410 4258 3498 4300 me
3534 4239 3757 4298 ratione:

2213 4341 2458 4397 reddam.
2484 4339 2597 4397 Cur
2618 4338 2857 4395 odit-ium
2888 4336 3222 4409 praedicandi
3256 4337 3384 4394 aliis
3413 4346 3683 4397 assumas,
3704 4340 3757 4385 at
3802 4368 3803 4409 ξ

522 4421 768 4479 datorum
834 4433 1048 4493 gentem
1071 4464 1090 4491 ,
1151 4423 1355 4483 Paulus
1424 4427 1813 4498 gentilitatem,
1876 4427 2115 4486 Joannes
2145 4429 2194 4490 Ι)
2217 4436 2285 4492 de
2313 4434 2436 4492 aliis
2465 4450 2629 4507 cogar
2668 4433 2895 4489 reddere
2918 4432 3230 4489 rationem?
3260 4431 3360 4488 Vel
3397 4438 3542 4487 certe
3575 4429 3755 4487 timui.
3802 4464 3803 4473 η

523 4514 712 4572 Asiam
762 4513 1050 4585 Minorem,
1094 4519 1341 4577 Andreas
1393 4518 1677 4587 Achaiam,
1722 4519 1960 4579 Iacobus
1990 4521 2117 4579 llis-

523 4609 767 4679 paniam,
805 4607 1047 4667 Thomas
1094 4607 1356 4680 Maiorem
1396 4608 1638 4676 lndiam,
1682 4600 2116 4671 Bartholomaaus

525 4697 812 4767 Minorem,
866 4699 1152 4758 Matthazus
1197 4700 1557 4772 (EthiOpiam,
1601 4700 1793 4757 Simon
1843 4712 1900 4758 et
1943 4702 2113 4761 ludas

524 4789 825 4850 Persidem.
856 4794 1011 4849 Alius
1054 4794 1202 4851 mille
1250 4794 1486 4860 animas,
1526 4794 1668 4853 alius
1700 4803 1940 4863 centum,
1971 4796 2113 4852 alius

523 4883 733 4949 decem,
758 4885 852 4954 qui
877 4886 1078 4947 minus,
1095 4884 1333 4940 animam
1351 4901 1529 4944 suam.
1544 4883 1790 4953 Quorum
1814 4888 2112 4959 unicuique

526 4974 793 5055 Dominus
818 4975 1117 5045 applaudit,
1152 4975 1336 5032 laudat
1376 4985 1431 5032 et
1464 4988 1795 5046 remunerat,
1821 4996 1946 5036 cum
1976 4982 2109 5038 sub-

524 5066 605 5122 dit
638 5086 651 5121 :
687 5066 852 5137 Euge,
894 5083 1039 5123 serua
1071 5066 1203 5123 bone
1232 5078 1285 5122 et
1327 5069 1521 5139 ﬁdelis,
1575 5072 1699 5142 quia
1752 5089 1909 5143 super
1939 5088 2111 5142 pauca

524 5159 678 5227 fuisti
718 5158 915 5227 fidelis,
951 5175 1113 5229 supra
1158 5160 1327 5214 multa
1373 5171 1420 5217 te
1468 5165 1806 5231 constituam,
1856 5166 1999 5219 intra
2056 5166 2109 5220 in

522 5250 781 5317 gaudium
802 5248 1004 5304 domini
1053 5252 1151 5305 tui.
1202 5250 1269 5307 Et
1311 5254 1609 5324 applaudit,
1643 5270 1770 5311 cum
1799 5255 1849 5312 ei
1874 5271 2114 5329 congau-

2217 4542 2286 4584 ne
2316 4527 2363 4584 si
2409 4526 2751 4597 propositum
2779 4528 2903 4581 vitae
2931 4525 3222 4582 sanctioris
3265 4523 3603 4596 aggrederer,
3638 4526 3756 4574 retu-
3802 4510 3803 4589 ᾖ

2214 4618 2545 4690 quandoque
2585 4617 2913 4688 respicerem
2940 4624 2997 4672 et
3032 4616 3209 4687 magis
3243 4616 3365 4687 ipse
3398 4606 3755 4672 damnarent)

2214 4711 2336 4769 ideo
2360 4710 2723 4783 intelligentia:
2733 4709 2874 4767 datae
2895 4708 3160 4773 talentum
3187 4710 3242 4764 in
3262 4710 3515 4766 saeculari
3536 4709 3633 4762 vita
3653 4704 3755 4759 ὼε

2213 4802 2395 4869 condi,
2436 4816 2546 4858 non
2594 4799 2928 4865 diminueus,
2977 4814 3155 4870 neque
3195 4804 3428 4872 augens.
3478 4797 3607 4853 Sunt
3640 4790 3755 4850 eain

2213 4895 2372 4952 multi
2396 4894 2554 4961 tales,
2575 4893 2672 4965 qui
2698 4893 2981 4949 meliorem
3007 4891 3173 4947 vitam
3200 4892 3425 4963 aggredi
3458 4896 3690 4947 metuunt.
3706 4892 3763 4935 ει

2210 4992 2392 5041 tamen
2419 4984 2603 5054 iacere
2630 4983 2684 5038 in
2708 4998 2808 5043 sua
2841 4982 3055 5054 ignavia
3082 4997 3191 5037 non
3217 4982 3626 5053 pertimescunt,
3651 4987 3759 5045 (ισο-

2212 5092 2334 5131 rum
2361 5074 2555 5131 Petrus
2580 5075 2761 5130 adhuc
2780 5073 3029 5130 inﬁrmus
3056 5075 3296 5145 speciem
3320 5075 3515 5140 tenuit,
3539 5087 3652 5128 cum
3668 5066 3757 5119 ἠΰ

2213 5168 2479 5224 miraculo
2520 5167 2702 5222 dixit:
2741 5186 2759 5217 ‹
2798 5164 2899 5220 Exi
2941 5181 2971 5220 a
3003 5181 3111 5233 me,
3156 5165 3413 5233 Domine,
3459 5165 3584 5237 quia
3629 5162 3759 5215 lio-9

2213 5268 2470 5331 peccator
2500 5274 2620 5315 sum
2653 5257 2805 5331 (Luc.
2839 5260 2916 5328 γ).
2951 5277 2969 5310 ι
3004 5257 3139 5325 lmo,
3178 5257 3360 5326 Petre,
3389 5260 3435 5314 si
3462 5262 3763 5329 peccatum

521 5340 636 5407 det,
666 5350 721 5397 et
745 5342 1087 5413 congaudere
1108 5353 1292 5401 monet
1314 5362 1429 5417 per,
1454 5345 1619 5418 Euge,
1651 5348 2104 5418 interiectionem,
2206 5362 2260 5408 te
2283 5351 2623 5419 consideras,
2648 5359 2862 5423 oportet
2886 5359 2993 5406 uta
3010 5360 3063 5411 te
3086 5349 3384 5421 Dominum
3413 5366 3521 5405 non
3548 5340 3757 5417 reﬂ-

522 5434 708 5504 gaudii
738 5434 1171 5507 signiﬁcativam.
1201 5438 1339 5499 Eum
1361 5440 1566 5508 laudat,
1597 5457 1723 5497 cum
1748 5457 1875 5500 eum
1898 5443 2103 5499 bonum

521 5533 581 5578 et
632 5525 845 5582 ﬁdelem
892 5536 1069 5584 vocat.
1127 5528 1365 5598 Bonum,
1424 5531 1555 5601 quia
1590 5532 1797 5591 bonum
1832 5533 2023 5601 voluit,
2050 5543 2109 5592 et

2210 5443 2302 5503 Sic
2326 5443 2422 5515 qui
2449 5444 2731 5500 meliorem
2753 5444 2922 5503 vitam
2948 5443 3154 5501 idcirco
3170 5444 3389 5510 nolunt,
3413 5441 3540 5513 quia
3566 5453 3622 5492 se

2208 5551 2330 5591 mos
2354 5550 2479 5592 esse
2503 5534 2871 5610 conspiciunt,
2917 5535 3078 5606 quasi
3115 5544 3431 5606 peccatores
3452 5548 3514 5588 se
3538 5528 3761 5585 iam.

525 5626 745 5676 strenue
763 5628 816 5675 et
838 5619 1050 5678 fortiter
1072 5624 1202 5694 egit.
1229 5622 1632 5695 Fidelem,quia
1648 5625 1702 5681 in
1716 5626 1974 5684 omnibus
1995 5643 2107 5685 non
2204 5636 2262 5683 et
2288 5626 2615 5696 .Dominum,
2642 5642 2674 5681 a
2704 5641 2815 5698 quo
2846 5627 3177 5687 sanetilicari
3203 5628 3529 5688 detineant.
3560 5638 3589 5677 a
3614 5626 3763 5675 ευτ’

525 5722 702 5789 suam,
735 5712 830 5769 sed
858 5712 1061 5769 domini
1097 5713 1326 5785 gloriam
1352 5715 1619 5788 quaesivit.
1668 5715 1808 5774 Eum
1852 5734 2105 5776 remune-
2206 5719 2431 5792 pellunt.
2479 5719 2547 5777 Et
2591 5721 2739 5778 velut
2785 5720 2839 5776 in
2891 5721 3323 5793 perturbatione,
3358 5717 3761 5778 consilium”
