3820 6312
526 333 661 391 1ὅ79

1804 322 2152 382 “ADELPHI
2188 309 2537 378 ARDENTIS

3614 327 3709 386 ιεεο

523 446 711 516 vestis,
736 455 1168 517 caeterarumque
1194 443 1572 502 illeeehrarum
1608 440 1811 499 carnis.
1854 441 2117 498 Secutus-
2144 450 2196 509 Α
2220 437 2581 494 admiratione
2606 436 2861 493 homines
2880 434 2952 491 ad
2985 433 3149 492 fidem
3178 442 3234 493 et
3259 434 3555 494 claritatem
3575 456 3713 504 sua.

522 554 630 612 quc
676 546 761 596 est
804 548 1095 610 angustam
1139 543 1194 591 et
1253 534 1482 589 arduam
1532 532 1678 587 viam
1726 530 2112 588 mandatorum

522 629 641 699 Dei,
700 628 970 685 mundum
1028 636 1415 692 contemnens,
1469 624 1710 695 scipsnm
1764 623 2111 696 crucifigens,

522 729 922 795 paupertatem,
967 720 1228 775 vilitatem
1256 725 1313 773 et
1352 716 1739 783 humilitatem,
1780 722 2114 785 exterasque

523 812 756 870 virtutes
784 812 1137 883 amplectens,
1172 806 1425 863 inimicos
1451 806 1616 862 etiam
1652 805 1905 878 diligens,
1933 813 1988 860 et
2013 820 2114 876 pro

522 905 966 979 persecutoribus
1010 917 1243 959 exorans
1268 942 1285 967 ,
1342 914 1439 971 per
1492 898 1654 954 ﬁdem
1707 912 1926 969 quoque
1980 895 2111 953 Jesu

518 998 726 1057 Christi
775 999 915 1054 mira
957 994 1106 1062 fecit,
1137 1007 1313 1050 caseos
1365 992 1706 1058 illumiuans,
1751 991 1977 1047 claudos
2002 989 2112 1046 eri-

524 1106 678 1164 gens,
705 1087 1071 1145 dmmoniacos
1092 1098 1317 1150 curans,
1345 1082 1593 1138 infirmos
1612 1097 1838 1148 sanans,
1868 1088 2115 1138 mortuos

523 1181 818 1238 suscitans.
846 1177 1137 1246 Quoniam,
1157 1176 1314 1247 juxta
1341 1175 1567 1231 verbum
1598 1173 1835 1241 Domini,
1870 1193 1891 1224 ι
1924 1174 2110 1229 omnia

520 1271 805 1345 possibilia
827 1279 956 1328 sunt
978 1269 1218 1328 credenti
1247 1268 1443 1341 (Marc.
1484 1270 1581 1341 ix).
1610 1289 1630 1320 ι
1682 1267 1907 1340 Propter
1950 1267 2110 1324 ﬁdem

519 1366 686 1422 etiam
730 1362 863 1421 Jesu
900 1362 1105 1419 Christi
1134 1378 1327 1434 aspera
1366 1378 1561 1433 passus
1590 1372 1697 1429 est,
1727 1360 2110 1428 contumelias,

520 1456 775 1527 injurias,
805 1454 1299 1520 damnificationes,
1331 1454 1761 1525 persecutiones,
1790 1453 2109 1520 exsilia,va-

430 1560 435 1564 ‘
519 1547 742 1619 riasque
781 1546 1124 1603 aﬁlictiones.
1172 1544 1354 1618 ipsum
1382 1546 1547 1601 etiam
1592 1546 1838 1618 martyrii
1869 1545 2111 1618 gladium

519 1640 763 1711 gaudens
814 1639 1190 1706 sustinuisset,
1234 1638 1280 1694 si
1317 1650 1464 1694 esset
1510 1638 1607 1709 qui
1656 1636 1899 1694 inferret.
1959 1636 2115 1694 Unde

518 1732 649 1804 quia
701 1741 903 1798 mente,
939 1733 1203 1803 martyrio
1243 1746 1353 1787 non
1399 1730 1592 1800 defuit,
1630 1746 1833 1788 corona
1865 1731 2112 1803 martyrii

2217 529 2314 587 dit.
2350 527 2489 586 [line
2519 538 2607 586 est
2625 528 2773 600 quod
2797 527 3071 585 Dominus
3092 527 3315 585 mittens
3342 529 3607 602 discipulos
3623 550 3714 598 suos

2216 622 2286 678 ad
2321 620 2742 677 illuminandum
2786 635 2888 692 per
2929 619 3094 677 ﬁdem
3142 619 3453 676 universum
3499 627 3716 701 mundum,

2216 713 2484 784 spirituali
2536 713 2662 769 vita:
2689 723 2744 770 et
2784 712 3115 785 evangelica
3142 712 3407 770 doctrinae
3441 716 3623 787 (quibus
3638 724 3716 793 jam

2208 802 2641 876 praefulgebant)
2677 803 2932 875 adiunxit
2965 803 3133 860 etiam
3172 803 3498 861 evidentiam
3534 810 3720 879 spirita;.

2215 896 2350 952 lium
2375 896 2639 951 virtutum
2674 905 2729 951 et
2757 894 3171 965 miraculorum,
3210 911 3320 968 qua
3355 897 3539 968 triplici
3559 900 3649 959 iure
3669 905 3721 963 ili

2216 984 2541 1042 mirabiliter
2572 984 2851 1054 illustrati,
2904 1004 2924 1039 ι
2962 982 3398 1060 praedicaverunt
3430 988 3625 1062 ubique,
3648 993 3723 1051 llo-

2218 1076 2371 1132 mino
2395 1085 2722 1148 cooperante
2769 1085 2824 1133 et
2849 1091 3164 1134 sermonem
3191 1078 3539 1136 eonﬁrmante
3558 1097 3725 1155 ειη-ει-

2219 1168 2366 1226 tibus
2395 1168 2569 1240 signis
2591 1168 2790 1240 (Marc.
2822 1172 2958 1242 svt).
2995 1188 3016 1223 ι
3051 1169 3168 1228 Hac
3206 1170 3378 1243 igitur
3418 1172 3592 1243 triplici
3623 1175 3725 1246 lues,

2217 1260 2319 1316 iste
2368 1260 2647 1332 gloriosus
2684 1260 2928 1333 pontifex
2972 1262 3270 1335 insignitus
3310 1262 3514 1322 refulsit
3545 1271 3726 1339 penita

2217 1350 2522 1408 claritatem
2572 1353 2716 1410 inter
2758 1352 3008 1410 inﬁdeles
3038 1362 3095 1410 et
3125 1354 3417 1413 haereticos
3462 1358 3725 1419 tenebrosae

2210 1459 2324 1515 que
2347 1444 2624 1513 homines,
2646 1447 2808 1518 quasi
2837 1446 2990 1503 stella
3014 1447 3291 1502 matutina
3335 1446 3391 1501 in
3426 1447 3585 1505 medio
3607 1452 3728 1507 uelis-

2216 1536 2302 1592 ιω.
2367 1535 2606 1595 Refulsit
2646 1553 2869 1609 quoque
2916 1539 3077 1610 quasi
3120 1539 3253 1594 luna
3298 1539 3461 1611 plena
3503 1540 3551 1595 in
3592 1542 3728 1600 diebus

2216 1632 2358 1699 suis,
2382 1647 2481 1703 per
2519 1632 2859 1704 spiritualem
2889 1632 3222 1700 doctrinam,
3264 1644 3480 1690 noctem
3514 1634 3730 1693 inﬁdelita-

2217 1724 2290 1780 tis
2320 1732 2375 1780 et
2401 1725 2722 1797 ignorantia:
2746 1741 3036 1797 superans,
3063 1734 3122 1781 et
3148 1734 3360 1782 rectam
3390 1725 3526 1782 viam

521 1802 630 1881 non
659 1824 887 1881 carebit.
915 1802 1142 1894 Propter
1169 1823 1337 1880 verba
1364 1839 1584 1895 quoque
1629 1840 1730 1879 sua
1758 1802 2025 1895 probatus
2054 1832 2112 1880 et
2148 1802 2189 1858 Β
2214 1817 2318 1873 bus
2345 1818 2754 1875 demonstrans.
2788 1816 3024 1875 Refulsit
3049 1818 3219 1875 etiam
3250 1818 3308 1874 in
3334 1819 3529 1891 templo
3548 1819 3625 1876 Dei
3646 1830 3731 1877 tas-

518 1917 773 1989 cognitus
794 1928 877 1973 est
894 1932 1016 1974 esse
1039 1916 1240 1983 fidelis;
1264 1916 1523 1988 quoniam
1548 1926 1808 1987 quantam
1834 1917 1993 1973 ﬁdem
2014 1917 2111 1974 ha-

518 2002 675 2062 beret
692 2048 708 2074 ,
736 2006 1129 2063 demonstravit
1154 2007 1319 2063 verbo
1343 2005 1467 2063 ﬁdei
1496 2006 1550 2062 in
1585 2015 1829 2078 tempore
1857 2023 2114 2079 persecu-

518 2098 690 2156 tionis
716 2099 1024 2156 conﬁtendo
1051 2108 1366 2156 constanter
1382 2140 1398 2166 ,
1424 2098 1770 2171 praedicando
1801 2099 2071 2158 instanter
2095 2143 2110 2168 ,

519 2190 810 2247 scribendo
844 2190 1179 2257 luculenter;
1229 2190 1475 2247 inﬁdeles
1499 2200 1553 2247 et
1599 2191 1885 2248 haereticos
1913 2189 2111 2248 confu-

516 2281 703 2349 tando,
733 2291 1032 2353 praesentes
1059 2282 1291 2354 populos
1324 2282 1445 2339 viva
1472 2297 1605 2339 voce
1636 2283 1981 2352 instruendo,
2012 2283 2111 2340 ab-

516 2381 700 2429 sentes
718 2381 774 2428 et
794 2370 1105 2429 nasciturus
1130 2373 1351 2445 scriptis
1369 2373 1690 2430 erudiendo.
1719 2372 1913 2432 Docuit
1932 2375 2110 2443 vivus,

515 2464 677 2520 docet
700 2472 754 2519 et
781 2461 1095 2520 defunctus.
1139 2462 1206 2519 Et
1238 2463 1283 2519 si
1319 2473 1563 2521 meretur
1596 2465 1691 2536 qui
1725 2465 1906 2534 docet,
1931 2481 2110 2523 mere—

514 2565 608 2611 tur
633 2556 799 2611 etiam
826 2555 929 2612 iste
953 2557 1219 2628 quotidie,
1247 2573 1374 2613 cum
1400 2574 1504 2614 suo
1541 2559 1747 2630 scripto
1793 2575 1897 2616 nos
1929 2561 2107 2618 docet.

517 2646 623 2701 Sed
648 2662 749 2703 nos
791 2646 995 2717 indigni
1022 2647 1496 2722 sacerdotes,quid
1529 2650 1692 2707 hodie
1721 2650 1990 2710 facimus?
2014 2655 2110 2726 qui

519 2753 618 2796 nec
647 2737 824 2809 factis,
861 2739 965 2796 nec'
987 2740 1169 2808 dictis,
1197 2756 1297 2797 nec
1330 2741 1600 2810 moribus,
1629 2753 1690 2799 ut
1708 2743 1948 2814 deceret,
1974 2746 2109 2803 fide-

513 2830 598 2887 les
621 2845 744 2888 esse
771 2832 1195 2903 comprobamur
1225 2833 1337 2889 imo
1362 2833 1531 2905 (quod
1568 2835 1687 2891 sine
1732 2835 1991 2909 lacrymis
2021 2836 2108 2893 di--

518 2935 643 2977 rere
687 2937 798 2977 non
837 2924 1109 2995 possum),
1154 2924 1286 2980 dum
1326 2926 1567 2982 carnalia
1614 2927 2014 2998 spiritualibus,
2056 2937 2112 2986 et

514 3011 682 3067 etiam
714 3015 1062 3085 sempiternis
1091 3016 1407 3072 transitoria
1440 3020 1830 3089 praeponimus,
1863 3036 1966 3078 nec
2005 3038 2109 3080 nos

518 3104 760 3173 credere,
794 3106 878 3163 vel
921 3107 977 3163 in
1018 3108 1123 3164 ﬁde
1149 3108 1594 3165 demonstramus
1621 3110 1890 3169 dubitare.
1923 3110 2030 3170 Sed
2059 3113 2105 3171 si

516 3196 678 3252 fidem
711 3200 1037 3272 quandoque
1064 3201 1445 3272 pzuedicamus,
1470 3201 1645 3273 ipsam
1676 3205 1969 3264 contrariis
1993 3205 2107 3264 fac-

517 3290 588 3346 tis
614 3306 1014 3364 oppugnamus.

590 3384 844 3443 Secundo
892 3388 949 3444 in
988 3387 1235 3445 claritate
1263 3390 1679 3447 commendetur
1705 3390 1809 3448 iste
1854 3404 2104 3463 sanctus,

516 3493 642 3533 cum
668 3480 923 3535 subditur
952 3499 967 3534 :
997 3478 1168 3546 Quasi
1194 3478 1350 3535 stella
1377 3482 1640 3536 matutina
1663 3484 1720 3538 in
1750 3484 1922 3540 medio
1944 3486 2108 3542 nebit-

516 3568 604 3637 ιω,
633 3580 682 3625 et
704 3572 860 3642 quasi
886 3571 1017 3626 luna
1044 3571 1200 3643 plena
1227 3573 1283 3627 in
1307 3572 1492 3629 diebus
1521 3576 1632 3630 suis
1658 3574 1816 3633 lucet.
1851 3575 1922 3632 Et
1950 3581 2106 3651 quasi

405 3650 418 3665 ’
513 3665 596 3720 sol
621 3662 882 3737 refulgens
908 3664 1102 3733 (Eccli.
1141 3665 1217 3738 L).
1252 3665 1345 3723 Sic
1386 3667 1488 3725 iste
1526 3678 1753 3727 sanctus
1802 3650 2016 3728 refulsit
2051 3671 2107 3728 in

508 3758 722 3829 templo
765 3757 879 3813 Dei.
914 3756 1083 3814 Stella
1114 3760 1401 3827 matutina,
1440 3758 1641 3817 fratres
1671 3762 1802 3831 mei,
1827 3763 1935 3821 diei
1964 3780 2109 3821 nun-

516 3840 614 3925 tia,
652 3848 706 3903 in
749 3848 929 3905 medio
949 3847 1173 3921 quidem
1219 3851 1432 3909 nebula:
1467 3853 1747 3926 splendet,
1791 3857 1888 3914 sed
1927 3867 2107 3915 tamen

515 3957 627 3998 non
655 3934 854 3997 suﬁirit
875 3942 1128 3999 nebulam
1153 3960 1433 4016 superare,
1462 3962 1565 4004 nec
1595 3949 1699 4005 iter
1724 3951 1985 4009 euntibus
2008 3951 2106 4008 de-

516 4043 843 4091 monstrare.
884 4033 1037 4091 Luna
1067 4051 1199 4094 vero
1229 4037 1388 4109 plena
1429 4038 1486 4095 in
1522 4039 1717 4098 diebus
1756 4042 1875 4099 suis
1918 4042 2111 4101 lucens

519 4127 720 4183 sufiicit
745 4143 812 4183 ex
841 4143 1037 4199 magna
1065 4136 1243 4200 parte,
1266 4138 1323 4186 et
1365 4139 1581 4188 noctem
1610 4148 1893 4204 superare,
1921 4142 1978 4190 et
2006 4135 2110 4191 iter

519 4217 780 4273 euntibus
817 4218 1214 4288 demonstrare,
1256 4222 1350 4278 sed
1393 4232 1574 4280 tamen
1616 4234 1833 4282 noctem
1881 4227 2109 4284 omnino

517 4323 628 4364 non
657 4310 896 4380 expellit,
925 4325 1026 4367 nec
1067 4312 1318 4369 homines
1346 4329 1448 4370 suo
1476 4315 1659 4372 calore
1688 4315 1966 4373 calefacit.
2013 4316 2108 4374 Sol

517 4414 649 4455 vero
694 4398 943 4473 fulgens,
984 4402 1124 4459 inter
1157 4404 1385 4461 nebulas
1422 4405 1687 4476 splendet,
1724 4417 1779 4464 et
1816 4424 1912 4465 eas
1945 4424 2110 4479 supe—

2215 1923 2380 1979 quam
2406 1909 2488 1964 sol
2518 1907 2817 1980 refulgens,
2838 1924 2935 1980 per
2959 1908 3228 1964 virtutum
3256 1918 3314 1965 et
3336 1908 3635 1966 mirabilium
3650 1913 3730 1967 evi-

2215 1997 2477 2065 dentiam,
2520 2013 2742 2055 omnem
2789 1998 2915 2056 ﬁdei
2964 1997 3336 2071 ignorantiam
3381 2008 3437 2055 et
3476 2000 3735 2059 dubietate.

2215 2091 2532 2160 exeludcns,
2561 2100 2617 2147 et
2653 2092 2908 2149 homines
2950 2093 3038 2150 sui
3060 2092 3431 2149 admiratione
3462 2094 3525 2149 ad
3556 2093 3735 2152 fidens

2216 2184 2537 2241 charitatem
2568 2183 2661 2241 Dei
2692 2184 2939 2242 trahens.
2991 2183 3099 2242 Sed
3129 2184 3200 2242 ad
3232 2186 3353 2243 base
3379 2186 3507 2257 quid
3541 2187 3738 2255 dicimus,

2215 2291 2317 2333 nos
2360 2275 2532 2331 inﬁmi
2578 2276 2914 2338 sacerdotes,
2949 2277 3045 2348 qui
3083 2291 3188 2332 nec
3226 2275 3363 2344 vita,
3401 2292 3499 2333 nec
3528 2277 3736 2343 doctrina,

2215 2382 2317 2424 nec
2344 2367 2640 2423 virtutibus
2664 2369 2749 2439 (ut
2774 2369 3010 2439 oportet)
3042 2381 3431 2436 coruscamus,
3456 2369 3563 2425 imo
3579 2370 3655 2441 qui
3674 2371 3741 2427 de-

2214 2459 2474 2517 beremus
2497 2475 2618 2517 esse
2640 2460 2734 2517 lux
2758 2461 2970 2531 mundi,
3009 2462 3253 2519 tenebrae
3277 2479 3493 2520 sumus.
3518 2463 3578 2520 Et
3608 2464 3663 2531 si,
3682 2464 3741 2518 iu-

2213 2551 2332 2623 quit
2359 2550 2648 2620 Dominus,
2672 2551 2879 2623 lumen,
2904 2554 3052 2626 quod
3076 2553 3132 2609 io
3162 2563 3218 2610 te
3241 2564 3351 2622 est,
3381 2556 3604 2612 tenebrae
3633 2567 3741 2622 sent,

2213 2645 2345 2716 ipsa:
2368 2646 2608 2703 tenebrat
2626 2655 2846 2720 quanta:
2872 2646 3069 2703 erunt?
3093 2645 3315 2716 (Matth.
3334 2648 3438 2718 vt.)
3462 2647 3605 2716 Quod
3625 2649 3739 2710 bene,

2213 2736 2433 2807 fratres,
2473 2740 2742 2808 videmus,
2784 2739 2915 2811 quia
2935 2721 3085 2796 enim
3132 2740 3416 2807 doctores,
3464 2740 3557 2812 qui
3594 2750 3746 2797 unus

2211 2829 2470 2888 Ecclesia:
2517 2832 2660 2888 oculi
2705 2832 2904 2889 debent
2950 2847 3105 2898 esse,
3162 2832 3331 2889 hodie
3384 2834 3743 2897 tenebrescunt,

2210 2929 2406 2978 caetera
2435 2920 2691 2980 Ecclesia:
2717 2923 2985 2991 membra,
3016 2940 3142 2995 qua:
3179 2939 3292 2980 non
3324 2924 3655 2992 ducunt,sed
3676 2923 3750 2980 du-

2210 3023 2434 3083 cuntur,
2478 3032 2644 3086 quam
2681 3015 2971 3073 tenebrosa
3018 3020 3183 3074 sunt!
3223 3014 3294 3073 Et
3335 3017 3433 3089 qui
3462 3017 3584 3074 caeci
3619 3031 3749 3074 cares

2210 3106 2412 3165 ducere
2442 3118 2801 3180 praesumunt,
2830 3124 3013 3166 nonne
3040 3110 3212 3182 (quod
3236 3110 3362 3167 sine
3384 3110 3583 3183 gemitu
3609 3110 3750 3166 ditare

2212 3216 2323 3257 non
2347 3201 2597 3272 possum)
2630 3201 2847 3274 utrique
2886 3202 2941 3257 in
2974 3201 3187 3259 foveam
3222 3212 3447 3259 aeterna;
3492 3203 3753 3275 pcrditimis

2208 3292 2444 3349 cadunt?
2469 3291 2689 3364 (Manli.
2718 3294 2833 3364 xv.)

2283 3384 2491 3452 Tertio,
2533 3384 2601 3440 de
2642 3384 2905 3440 virtutum
2957 3385 3223 3442 varietate
3266 3388 3665 3444 commendatur
3682 3388 3755 3441 Iste

2211 3486 2454 3546 sanctus,
2488 3493 2612 3536 cum
2640 3477 3024 3550 subjungitur:
3055 3478 3226 3545 Quasi
3251 3495 3415 3534 arcus
3442 3479 3757 3550 refulgentia-

2213 3582 2293 3627 ter
2337 3571 2554 3626 nebulas
2593 3572 2800 3643 gloriiu.
2858 3570 3030 3628 Porro
3063 3588 3232 3629 arcus
3265 3573 3544 3641 cmlestis,
3596 3574 3675 3645 qui
3720 3583 3757 3625 rt

2210 3664 2312 3723 lris
2340 3666 2563 3734 dicitur,
2597 3666 2909 3723 multicolor
2954 3664 3068 3736 est,
3105 3682 3176 3723 ex
3221 3669 3635 3739 repercusslone
3663 3665 3758 3722 salis

2210 3758 2537 3828 illustratus,
2568 3758 2622 3814 in
2648 3758 2869 3830 signum
2898 3756 3124 3816 fmderis
3144 3759 3291 3815 inter
3319 3757 3499 3816 Deum
3536 3769 3605 3816 et
3624 3758 3760 3814 homi-

2211 3867 2310 3909 nes
2332 3852 2544 3924 positus
2572 3850 2728 3923 (Gen.
2761 3852 2863 3924 ts),
2890 3852 3205 3923 pluviarum
3237 3852 3656 3910 ministrativus.
3683 3851 3759 3908 iste

2210 3960 2430 4016 quoque
2457 3944 2732 4017 gloriosus
2752 3943 3058 4012 confessor,
3082 3960 3248 4002 arcus
3270 3943 3372 4002 Dei
3398 3943 3531 4013 fuit,
3565 3945 3761 4017 sagittis.

2213 4039 2265 4095 id
2285 4046 2370 4094 est
2393 4037 2680 4094 sententiis
2700 4052 2871 4095 sacra:
2891 4035 3193 4109 Scriptura:
3214 4036 3476 4095 inimicos
3488 4036 3613 4095 ﬁdei
3633 4048 3763 4093 trans

2212 4128 2416 4202 figens;
2448 4128 2782 4198 multicolor,
2807 4129 2861 4186 id
2894 4138 2981 4187 est
3007 4130 3314 4187 multarum
3341 4131 3608 4189 varietate
3630 4133 3764 4185 virts—

2210 4229 2327 4277 tum
2369 4235 2702 4288 coruscans;
2745 4221 2801 4278 in
2848 4221 3066 4294 signum
3109 4221 3341 4280 foederis
3370 4225 3519 4281 inter
3546 4222 3697 4279 Deum
3725 4230 3764 4276 et

2212 4311 2486 4380 homines,
2532 4312 2663 4383 quia
2713 4332 2732 4365 ι
2764 4313 2833 4368 .in
2871 4320 3118 4385 tempore
3163 4314 3474 4372 iracundia:
3512 4315 3679 4371 factus
3708 4321 3767 4368 est

2211 4406 2587 4463 reconciliatio
2627 4406 2823 4479 (Ecrfi.
2847 4408 3017 4481 xuv).
3052 4429 3071 4462 ι
3106 4408 3215 4467 iste
3244 4412 3478 4484 quippe,
3520 4412 3767 4482 ceterique

515 4503 625 4562 rat,
659 4504 715 4550 et
748 4495 853 4551 iter
881 4497 1138 4553 euntibus
1164 4495 1525 4575 demonstrat,
1556 4509 1613 4556 et
1646 4510 1863 4559 noctem
1890 4504 2107 4573 penitus
2136 4509 2186 4572 ι)
2211 4500 2388 4557 sancti
2415 4499 2558 4555 inter
2584 4497 2834 4556 Deumet
2862 4501 3115 4559 homines
3138 4504 3493 4577 positi,quid‘
3515 4506 3655 4561 aliud
3674 4514 3767 4560 sunt

515 4585 776 4653 excludit,
808 4595 862 4641 et
886 4602 988 4643 suo
1015 4587 1198 4644 calore
1231 4588 1485 4648 homines
1511 4590 1779 4648 calefacit.
1806 4592 1973 4649 Stella
2002 4594 2106 4665 igi-

516 4683 606 4731 tur
638 4676 904 4732 matutina
937 4677 994 4732 in
1022 4677 1201 4735 medio
1242 4680 1456 4736 nebulae
1492 4689 1579 4737 est
1611 4683 1899 4739 exordium
1947 4684 2106 4743 bona:

512 4767 659 4836 vita),
693 4783 816 4839 qute
857 4769 1001 4825 diem
1039 4770 1362 4849 tete_rnitatis
1393 4773 1743 4843 praenuntiat,
1786 4775 1880 4831 sed
1920 4785 2104 4839 tamen

512 4861 768 4917 tenebras
793 4859 1128 4918 infidelitatis
1148 4869 1199 4916 et
1221 4863 1430 4918 erroris
1450 4878 1562 4919 non
1588 4864 1787 4923 sufﬁcit
1809 4883 1904 4939 per
1928 4885 1987 4926 se
2008 4885 2104 4927 su-

511 4966 727 5026 perare,
762 4968 863 5009 nec
896 4962 1100 5009 rectam
1144 4953 1288 5008 viam
1318 4954 1713 5014 demonstrare.
1772 4959 1928 5026 Luna,
1971 4978 2101 5019 vero

513 5045 571 5103 in
606 5046 800 5104 diebus
835 5046 953 5103 suis
979 5046 1189 5113 lucens,
1222 5055 1307 5103 est
1338 5050 1646 5121 evangelica
1673 5052 1947 5123 doctrina,
1980 5072 2105 5128 quae

514 5136 656 5192 inter
694 5135 950 5204 tenebras
998 5134 1334 5195 inﬁdelitatis
1371 5148 1427 5196 et
1477 5143 1682 5201 erroris
1711 5144 1873 5215 lucet,
1914 5155 1969 5219 et
2006 5162 2104 5205 eas

514 5236 760 5300 superat,
797 5235 852 5284 et
879 5233 1085 5285 rectam
1110 5229 1256 5286 viam
1276 5231 1597 5293 hominibus
1617 5237 1986 5311 demonstrat;
2003 5243 2101 5301 sed

512 5312 697 5377 tamen
749 5318 1081 5380 inﬁdelitatis
1116 5332 1171 5380 et
1207 5326 1413 5384 erroris
1449 5330 1704 5388 tenebras
1734 5333 1953 5404 penitus
1987 5350 2099 5392 non

514 5414 779 5484 excludit,
821 5432 921 5474 nec
963 5434 1154 5477 omnes
1187 5421 1439 5481 homines
1481 5442 1584 5482 suo
1616 5426 1801 5484 calore
1834 5428 2102 5487 calefacit.

518 5504 613 5585 Sol
636 5523 767 5565 vero
789 5508 1083 5584 refulgens,
1107 5522 1193 5571 est
1220 5516 1847 5578 mirabilium.virtutum
1877 5524 2103 5591 eviden-

515 5598 615 5687 tia,
649 5601 744 5673 qui
780 5602 921 5660 inter
948 5592 1203 5662 tenebras
1238 5607 1573 5667 inﬁdelitatis
1599 5621 1654 5668 et
1679 5615 1886 5671 erroris
1915 5616 2070 5687 splen
2089 5647 2103 5659 -

515 5681 626 5759 det,
641 5702 696 5749 et
712 5709 806 5752 eas
826 5706 1069 5768 superat,
1092 5707 1147 5754 et
1174 5709 1378 5756 rectam
1403 5702 1547 5758 viam
1573 5702 1918 5763 demonstrat
1933 5681 2103 5779 {noc-

516 5793 627 5843 tem
654 5786 982 5863 ignorantiae
1003 5798 1058 5846 et
1084 5790 1642 5871 dubitantitepenitus
1662 5798 1920 5860 excludit.
1938 5811 1995 5861 et
2015 5817 2105 5861 sur

2213 4606 2380 4664 quam
2417 4591 2635 4664 signum
2665 4592 2816 4663 pacis
2856 4591 2954 4649 Dei
2981 4594 3052 4651 ad
3082 4594 3376 4653 homines?
3404 4596 3642 4666 Quando
3670 4609 3765 4651 vero

2213 4691 2280 4747 de
2307 4690 2490 4748 medio
2524 4691 2808 4748 hominum
2847 4694 3300 4762 substrahuutur,
3324 4696 3466 4767 quid
3504 4698 3648 4753 aliud
3674 4704 3766 4752 sunt

2212 4799 2376 4856 quem
2408 4784 2625 4856 signum
2660 4784 2958 4842 iracundiae
2993 4784 3090 4841 Dei
3124 4785 3196 4842 ad
3229 4787 3534 4847 homines?
3570 4788 3634 4844 Et
3669 4802 3765 4843 uss.

2212 4876 2431 4944 fratres,
2462 4878 2557 4949 qui
2597 4877 2759 4935 hodie
2801 4878 2948 4935 veris
2980 4879 3192 4935 sanctis
3221 4879 3292 4936 de
3335 4882 3529 4938 medio
3569 4893 3767 4939 nostra

2210 4967 2739 5036 obtenebreseimus,
2786 4967 2920 5040 quid
2958 4968 3106 5025 aliud
3141 4985 3314 5040 quam
3364 4972 3674 5028 substracta
3700 4964 3793 5023 Dei

2209 5058 2415 5116 fmdere
2442 5058 2540 5116 Dei
2570 5060 2708 5116 iram
2733 5061 3081 5132 experimur?
3106 5059 3433 5119 Pluviarum
3468 5064 3768 5137 quoq-risit

2209 5151 2610 5209 ministrativus
2656 5152 2758 5209 iste
2795 5161 3020 5209 sanctus
3071 5153 3168 5225 qui
3207 5154 3384 5210 imbre
3430 5155 3765 5213 doctrinarum

2207 5257 2317 5298 non
2353 5244 2533 5300 solum
2558 5243 2809 5300 homines
2835 5244 3117 5315 irrogavit,
3150 5246 3264 5302 imo
3289 5247 3466 5304 etiam
3501 5249 3791 5305 intermor‘

2206 5335 2299 5392 lus
2340 5335 2548 5408 gloriae,
2576 5344 2631 5392 et
2671 5336 2817 5391 inter
2851 5345 3081 5393 caeteros
3115 5338 3394 5409 gloriosos
3417 5342 3767 5412 prndium

2206 5426 2494 5499 privilegio
2521 5427 2899 5485 doctrinarum
2922 5438 2977 5485 et
3008 5430 3280 5488 virtutum
3304 5432 3545 5489 eﬂ‘ulsit.
3578 5433 3769 5501 Quom-

2206 5521 2278 5577 do
2313 5529 2496 5577 autem
2531 5521 2635 5578 iste
2661 5530 2885 5579 sanctus
2905 5522 3066 5594 quasi
3096 5539 3263 5580 arcus
3298 5526 3626 5583 multicolor
3655 5524 3789 5580 dum

2207 5618 2371 5687 serit,
2412 5620 2812 5693 subsequenter
2862 5621 3194 5693 exponitur,
3233 5639 3361 5681 cum
3406 5634 3768 5683 aliumet-sum

2205 5719 2331 5768 octo
2360 5713 2590 5770 virtutes
2621 5715 2825 5786 quibus
2862 5716 3011 5770 varie
3037 5717 3288 5789 mireque
3319 5718 3593 5774 radiavit.
3630 5717 3764 5771 Prin:

2200 5819 2286 5863 est
2313 5806 2637 5879 martyrium
2664 5808 2723 5863 in
2753 5807 3172 5865 mortificatioue
3198 5810 3409 5880 carnis,
3444 5811 3524 5868 de
3550 5809 3787 5889 quosue,
