3820 6312
441 382 587 443 i585

435 497 650 575 plebem
684 490 849 552 nobis
875 484 1231 553 eorumissam
1277 482 1585 575 pascentes,
1618 478 1890 542 quatenus
1917 480 2031 521 me-
2061 470 2108 526 Α

437 560 561 648 ritis
587 596 643 644 et
660 579 1149 643 intercessionibus
1169 573 1337 646 hujus
1359 564 1692 628 sanctissimi
1717 560 2040 627 sacerdotis,

440 683 532 741 cui
565 679 734 737 bodie
756 672 1215 734 solemnizamus,
1252 674 1482 719 numero
1506 663 1823 714 sanctorum
1853 667 2041 708 sacer-

442 777 658 838 dotum,
686 768 887 827 merito
931 771 987 820 et
1021 757 1248 833 praemio
1276 748 1507 810 adunari
1554 759 1887 810 mercamur,
1927 742 2041 797 Iar-

444 835 652 949 giente'
674 865 913 923 Domino
948 867 1138 945 nostro
1183 852 1315 908 Jesu
1358 846 1601 917 Christo,
1640 841 1736 913 qui
1774 853 1901 896 cum
1938 835 2043 891 Pa-

444 934 529 1027 ;t‘e
555 971 612 1021 et
641 958 849 1032 Spiritu
874 936 1063 1013 sancto
1091 946 1224 1002 vivit
1250 950 1306 1000 et
1336 947 1530 1013 regnat
1558 938 1612 993 in
1632 934 1832 992 stccula
1867 946 2044 987 sarcu-

444 1059 648 1115 lorum.

1151 1125 1341 1184 XXIV.

618 1250 781 1293 UNIUS
813 1239 1179 1287 CONFESSORIS.
1232 1231 1404 1276 SERMO
1441 1232 1507 1270 DE
1547 1223 1848 1269 IIATTIlzﬁO.

520 1330 671 1386 Dixit
691 1324 849 1380 Iesus
883 1315 1161 1389 discipulis
1189 1313 1301 1368 suis
1331 1324 1349 1364 :
1386 1305 1638 1379 Vigilate,
1663 1301 1789 1375 quia
1834 1296 2046 1389 nescitis

448 1436 552 1494 qua
572 1418 706 1471 hora
724 1412 981 1468 Dominus
1005 1386 1168 1463 uester
1183 1410 1430 1458 venturus
1454 1398 1523 1452 sit
1548 1391 1771 1467 (Matth.
1803 1386 1979 1457 sxw),
1997 1393 2051 1441 et

450 1481 680 1582 reliqua.
705 1506 839 1562 Pius
871 1501 1138 1558 Dominus
1161 1504 1217 1553 et
1240 1493 1569 1561 Redemptor
1610 1492 1817 1548 noster,
1852 1481 2051 1538 fratres

451 1598 784 1666 cbarissimi,
817 1595 1026 1653 malens
1060 1587 1308 1647 invenire
1351 1585 1405 1640 in
1442 1580 1600 1639 nobis
1643 1574 1792 1650 quod
1826 1581 2052 1630 coronet

452 1712 621 1768 quam
646 1694 888 1756 damnet,
915 1687 969 1742 in
995 1686 1099 1740 bac
1119 1680 1296 1739 sancti
1318 1673 1597 1747 Evangelii
1624 1669 1881 1734 lectione,
1909 1680 2054 1722 som-

454 1754 754 1849 iiolentiam
810 1754 1056 1836 nostram
1103 1770 1318 1833 curavit
1359 1766 1616 1825 excitare.
1682 1758 1837 1815 Facit
1883 1754 2048 1828 igitur

457 1890 720 1953 quatuor.
750 1846 1019 1936 Primum,
1050 1867 1308 1924 hortatur
1335 1875 1437 1917 nos
1461 1856 1529 1912 ad
1555 1850 1913 1925 vigilandum.
1957 1845 2055 1901 Sc-

459 1937 662 2033 etindo,
693 1967 1033 2023 demonstrat
1070 1969 1243 2029 quare
1284 1951 1356 2008 sit
1381 1948 1540 2005 nobis
1570 1957 1786 2013 semper
1821 1937 2056 2012 vigilan—

459 2066 613 2122 dum.
644 2059 850 2123 Tertio,
888 2051 1123 2112 ostendit
1152 2046 1249 2121 qui
1278 2042 1548 2118 prmcipue
1581 2046 1637 2093 et
1680 2046 1870 2090 contra
1917 2046 2057 2102 quos

465 2158 703 2215 debeant
736 2151 979 2224 vigilare.
1012 2147 1240 2215 Quarto,
1280 2139 1414 2197 dicit
1453 2144 1725 2208 pastorem
1755 2131 1892 2187 bene
1922 2126 2058 2198 vigi-

464 2251 668 2306 lantem
698 2218 823 2302 esse
849 2240 1073 2313 quidem
1108 2250 1316 2301 rarum,
1347 2230 1443 2288 sed
1475 2228 1715 2284 beatum.
1741 2220 1930 2278 Primo
1959 2218 2062 2291 igi-

464 2352 555 2401 tur
587 2355 691 2396 nos
716 2312 969 2395 hortatur
996 2331 1063 2388 ad
1098 2326 1455 2402 vigilandum,
1490 2336 1617 2377 cum
1639 2317 1795 2381 dicit,
1822 2312 2057 2387 vigilate.

464 2434 656 2501 Porro,
685 2431 829 2488 sicut
860 2436 946 2485 est
982 2423 1167 2496 vigilia
1203 2416 1526 2491 corporalis,
1560 2414 1634 2470 ita
1656 2419 1710 2467 ει
1737 2406 2058 2482 spiritualis.

468 2527 625 2583 Sicut
657 2524 804 2581 enim
838 2530 970 2580 tunc
996 2513 1353 2590 corporaliter
1384 2508 1696 2581 vigilamus,
1720 2500 1941 2575 quando
1967 2515 2063 2556 ex-

464 2618 638 2677 terior
661 2618 829 2674 bomo
848 2621 1056 2677 noster,
1080 2604 1285 2679 apertis
1301 2602 1477 2660 oculis
1499 2595 1766 2669 corporis,
1792 2591 2064 2650 exteriora

467 2728 568 2769 sua
594 2708 853 2775 custodit,
884 2705 959 2761 ita
996 2696 1356 2774 spiritualiter
1379 2691 1692 2767 vigilamus,
1723 2685 1944 2759 quando
1976 2680 2063 2738 in-

467 2804 636 2863 terior
675 2803 841 2858 homo
869 2806 1057 2854 noster
1086 2790 1290 2866 apertis
1318 2786 1518 2854 oculis,
1547 2781 1763 2839 ratione
1804 2776 2063 2834 interiora

470 2913 569 2953 sua
605 2891 863 2951 custodit.
921 2888 1076 2944 Sicut
1113 2898 1243 2954 ergo
1290 2878 1473 2936 anima
1518 2871 1807 2948 pretiosior
1835 2877 1920 2927 εει
1946 2881 2068 2923 cor-

470 3003 626 3060 pore,
657 2986 732 3041 ita
759 2980 933 3054 magis
954 2975 1287 3052 vigilandum
1316 2980 1401 3029 est
1421 2983 1522 3042 pro
1547 2982 1611 3024 ea
1635 2978 1804 3037 quam
1827 2976 1926 3033 pro
1947 2975 2070 3017 cor-

473 3094 628 3149 pore,
651 3092 817 3150 quam
844 3073 972 3145 quia
997 3069 1155 3127 multi
1180 3064 1387 3124 versuti
1417 3059 1625 3120 inimici
1643 3056 1886 3127 undique
1910 3068 2070 3109 assu-

473 3143 897 3240 mann-semper
921 3174 977 3222 ει
1007 3162 1249 3234 undique
1277 3160 1328 3215 ei
1354 3164 1440 3214 est
1470 3151 1824 3226 vigilandum.
1858 3143 2069 3202 Inimici

474 3264 571 3335 qui
601 3261 841 3320 animam
888 3265 1137 3315 nostram
1168 3256 1605 3326 persequuntur,
1637 3251 1768 3302 sunt
1796 3238 2070 3305 diabolus,

477 3373 608 3415 caro
641 3365 696 3435 et
744 3352 1002 3411 mundus.
1035 3347 1301 3405 Diabolus
1343 3357 1560 3414 semper
1600 3339 1758 3411 juxta
1808 3350 1918 3392 nox
1964 3338 2071 3398 est,

475 3464 606 3508 caro
630 3432 797 3505 etiam
820 3446 874 3500 in
902 3442 1064 3499 nobis
1091 3448 1196 3507 est,
1240 3435 1482 3493 mundus
1512 3431 1755 3502 undique
1782 3435 1838 3483 et
1870 3424 2073 3496 ubique

475 3542 623 3598 circa
661 3552 763 3595 nos
798 3543 901 3592 est.
935 3532 1002 3589 lii
1045 3529 1219 3588 nostri
1260 3524 1471 3584 inimici
1505 3538 1608 3579 nos
1657 3518 1912 3576 assiliunt
1945 3520 2074 3570 ante

472 3643 531 3691 et
554 3641 723 3700 retro,
753 3646 787 3686 a
815 3625 1026 3686 dextris
1056 3633 1112 3681 et
1141 3639 1171 3679 a
1201 3620 1467 3686 sinistris,
1498 3617 1791 3673 desursum
1826 3620 1881 3667 et
1914 3610 2075 3665 dear-

476 3742 622 3785 sum.
652 3726 816 3792 Ante,
866 3736 964 3795 per
1010 3725 1257 3790 apertam
1298 3710 1763 3787 persecutionem,
1810 3713 1957 3761 retro
1981 3716 2077 3772 per

478 3820 773 3886 occultam,
801 3832 831 3872 a
863 3794 1071 3871 dextris
1117 3805 1469 3873 blandiendo,
1515 3820 1547 3859 a
1605 3796 1853 3857 sinistris
1898 3794 2077 3851 deter—

477 3911 687 3978 rendo;
740 3909 1059 3971 desursum,
1111 3916 1214 3957 nos
1272 3897 1340 3954 ad
1386 3895 1679 3952 elationem
1714 3886 2073 3951 extollendo;

480 4007 763 4071 deorsum,
791 4016 894 4058 nos
926 3998 995 4055 ad
1018 3992 1457 4066 desperationem
1492 3984 1778 4061 trahendo.
1812 3978 2080 4035 Assiliunt

479 4098 646 4154 etiam
672 4111 769 4167 per
804 4107 997 4151 omnes
1026 4086 1277 4160 corporis
1301 4097 1518 4147 sensus,
1555 4088 1816 4149 tanquam
1842 4087 1937 4145 per
1958 4086 2078 4126 om-

482 4205 582 4246 nes
618 4164 806 4260 portas
840 4184 1101 4240 animam.
1146 4177 1383 4233 Tcntant
1426 4172 1603 4228 visum
1648 4183 1742 4239 per
1767 4164 1993 4238 pulchra
2027 4171 2081 4216 et

483 4255 960 4351 concupiscibilia;
1010 4270 1281 4351 auditum,
1336 4282 1435 4338 per
1489 4263 1677 4319 dulces
1722 4255 1989 4314 melodias
2027 4262 2083 4308 et

484 4348 750 4446 placentia
774 4368 973 4434 verba;
1013 4348 1257 4437 gustum,
1307 4374 1403 4431 per
1441 4352 1745 4426 exquisitos
1778 4361 2004 4420 sapores
2029 4354 2084 4400 et

484 4464 625 4538 gulae
641 4462 1016 4523 irritamenta;
1044 4454 1356 4518 odoratum,
1387 4463 1484 4521 per
1499 4441 1920 4503 meretriculium
1949 4451 2083 4493 ouo-

483 4572 609 4614 rum
633 4553 935 4619 lenocinia;
963 4557 1169 4607 tactum
1192 4560 1289 4618 per
1319 4540 1570 4599 suavium
1609 4542 1960 4591 eontactuum
1988 4528 2081 4585 de-
2118 4566 2159 4621 ο

484 4849 633 4890 mam
665 4846 846 4889 meam
883 4824 1371 4888 circumdederunt
1402 4814 1575 4889 (Psal.
1614 4811 1747 4883 ενι).

484 4928 682 4985 fratres
709 4924 838 4993 mei,
876 4923 1006 4995 quia
1042 4932 1259 4989 semper
1289 4922 1343 4970 ct
1384 4908 1629 4978 undique
1676 4905 2085 4976 impugnantur,

486 5032 702 5090 semper
726 5023 783 5073 et
818 4994 1063 5083 undique
1097 5005 1405 5078 vigilemus.
1446 4994 1854 5054 Sollicitudines
1898 5007 2082 5048 rerum

485 5109 871 5184 temporalium
900 5122 931 5162 a
960 5102 1221 5160 cordibus
1240 5095 1445 5155 nostris
1467 5091 1842 5157 excludamus,
1866 5097 1927 5145 ut
1952 5102 2085 5160 quo-

486 5205 615 5262 tidic
645 5203 844 5260 anima:
875 5206 1078 5255 nostra
1107 5193 1388 5249 valeamus
1425 5186 1598 5260 magis
1651 5199 1864 5242 vacare.
1920 5180 2079 5250 Legi-

484 5313 627 5353 mus"
664 5296 721 5350 in
778 5286 1104 5364 Apocalypsi
1163 5282 1309 5355 quod
1344 5287 1533 5337 sancta
1565 5297 1581 5332 ι
1621 5273 1880 5334 animalia
1926 5279 2084 5327 crant

486 5391 645 5462 plena
670 5362 846 5443 oculis
881 5390 1007 5439 ante
1036 5389 1089 5436 et
1111 5386 1259 5433 retro
1296 5375 1480 5448 (Apoc.
1514 5370 1611 5444 ιν),
1656 5390 1674 5423 i
1721 5370 1834 5425 imo
1864 5374 1924 5422 ut
1944 5362 2079 5419 Eze-

487 5481 632 5540 chiel
653 5478 784 5536 dicit
814 5498 826 5533 :
855 5496 874 5531 ι
902 5474 1101 5533 Totum
1127 5486 1327 5544 corpus
1353 5484 1548 5527 eorum
1566 5474 1683 5523 erat
1706 5464 1930 5536 plenum
1954 5474 2087 5516 ocu-

487 5575 559 5632 Iis
594 5571 811 5646 (Ezech.
855 5569 915 5643 ι).
958 5589 976 5621 ι
1021 5566 1300 5636 Quoniam
1331 5563 1467 5636 Iusti
1499 5561 1575 5617 nil
1606 5560 1725 5617 sine
1753 5554 2091 5624 circumspc-

488 5668 669 5725 ctione
688 5663 917 5732 faciunt,
953 5662 1046 5720 sed
1074 5660 1143 5717 ad
1163 5656 1555 5719 custodiendas
1576 5650 1881 5710 anteriores
1910 5654 1965 5703 et
1990 5658 2090 5716 po-

491 5762 772 5829 steriores,
795 5760 906 5817 imo
938 5772 1131 5816 omnes
1152 5754 1279 5811 vitae
1302 5766 1416 5810 suae
1439 5755 1642 5823 partes,
1674 5742 1869 5801 oculos
1906 5736 2091 5795 cordis

490 5854 576 5915 sui
613 5851 1065 5913 circumliectunt.
1091 5846 1267 5922 Iniqui
1290 5859 1421 5902 vero
1439 5854 1631 5900 omnes
1660 5834 1792 5893 cneci
1821 5840 1974 5902 sunt,
1993 5831 2090 5901 qui

1698 349 2051 411 RADULPHI
2088 346 2439 406 ARDENTIS

3552 339 3650 399 1581

2131 461 2362 519 insidias
2383 457 2488 514 sibi
2514 454 2722 528 positas
2755 470 2866 511 non
2896 449 3214 508 attendunt.
3262 447 3330 503 Et
3358 455 3417 504 ut
3452 446 3660 508 Dominus

2142 551 2217 607 ait
2245 570 2259 606 :
2299 570 2319 603 ι
2345 540 2612 605 Nesciunt
2634 542 2768 619 quid
2799 540 3014 597 faciunt
3036 537 3193 611 (Luc.
3219 536 3405 607 xxm),
3437 554 3458 588 ι
3487 545 3568 593 aut
3585 555 3664 609 qua

2139 641 2362 710 vadunt,
2389 638 2521 694 dum
2564 634 2724 708 quasi
2746 632 2923 690 oculis
2952 630 3185 686 rationis
3216 628 3439 694 clausis,
3468 628 3519 683 in
3540 631 3670 699 perdi-

2144 733 2347 787 tionem
2376 729 2620 785 tendant.
2666 723 2921 782 Secundo
2953 722 3295 778 demonstrat
3319 719 3563 777 Dominus
3581 724 3672 793 qm

2144 825 2224 881 sic
2248 823 2318 880 sit
2364 821 2525 878 nobis
2564 818 2926 892 vigilandum,
2957 831 3085 870 eum
3116 813 3322 879 subdit,
3355 813 3477 883 quia
3516 814 3675 869 nescitis

2143 933 2248 989 qua
2280 914 2410 969 hora
2437 911 2696 967 Dominus
2718 916 2886 963 vester
2907 913 3159 961 venturus
3182 903 3274 957 sit.
3304 901 3570 957 Geminam
3586 919 3678 958 cau-

2146 1023 2262 1063 sam
2289 1004 2448 1077 ponit
2483 1016 2656 1076 quare
2677 1001 2836 1058 nobis
2860 998 2935 1055 sit
2954 996 3318 1070 vigilandum,
3335 1002 3391 1050 et
3408 1008 3562 1066 quare
3578 1011 3680 1051 sem-

2147 1114 2262 1170 per.
2278 1095 2486 1164 Primo,
2501 1108 2673 1167 quare
2685 1101 2769 1150 est
2782 1088 2943 1147 nobis
2959 1087 3326 1161 vigilandum,
3337 1087 3466 1157 quia
3477 1084 3682 1145 Domitius

2148 1198 2335 1246 noster
2357 1196 2621 1261 venturus
2641 1193 2727 1242 est
2748 1192 2809 1240 ut
2829 1183 3180 1252 dormientes:
3190 1179 3435 1246 damnet,
3455 1179 3684 1250 euigilan-

2150 1291 2232 1340 tes
2257 1281 2446 1340 salvet.
2472 1279 2529 1336 Si
2550 1279 2719 1342 enim,
2738 1276 2938 1334 fratres
2958 1275 3093 1344 mei,
3109 1272 3567 1330 Dominusnoster
3582 1289 3683 1327 nua-

2150 1391 2315 1449 quam
2338 1375 2405 1432 ad
2420 1373 2689 1446 judicium
2710 1379 2857 1430 esset
2878 1378 3166 1437 venturus,
3211 1382 3315 1423 nec
3335 1364 3607 1436 unicuique
3622 1381 3687 1435 pro

2153 1468 2725 1551 meritisredditurus,
2748 1480 2858 1521 non
2874 1472 3024 1521 esset
3043 1458 3689 1534 nobisvigilandumbm

2153 1575 2283 1617 vero
2314 1560 2445 1632 quia
2474 1567 2625 1617 certo
2646 1557 2853 1614 certius
2902 1556 2971 1613 ad
3012 1554 3381 1627 iudicandum
3411 1553 3592 1623 vesu'et,
3620 1569 3688 1608 ae-

2154 1651 2395 1710 cessario
2439 1657 2523 1705 est
2571 1646 2907 1719 vigilandum
2959 1642 3142 1701 nobis.
3174 1640 3244 1698 Et
3289 1657 3461 1714 quare
3494 1642 3693 1713 semper!

2152 1738 2279 1812 quia
2313 1736 2529 1793 nescitis
2567 1751 2674 1807 qua
2710 1734 2843 1789 hora
2868 1743 3116 1788 venturus
3133 1733 3228 1788 sit.
3271 1729 3332 1788 Si
3376 1731 3517 1788 enim
3553 1732 3689 1788 deter-

2088 1832 2130 1893 Β
2160 1832 2366 1887 minata
2388 1837 2534 1887 esset
2563 1826 2723 1884 nobis
2779 1828 2934 1893 hora,
2977 1843 3087 1899 qua
3128 1826 3247 1898 ipse
3293 1834 3548 1881 venturus
3568 1836 3695 1891 esset,

2160 1938 2449 1995 possemus
2481 1919 2777 1993 aliquando
2806 1919 3069 1986 dormire,
3097 1928 3153 1973 et
3199 1926 3334 1974 tunc
3375 1926 3571 1974 tantum
3598 1918 3698 1988 vigi-

2161 2015 2273 2070 lare
2298 2011 2521 2086 quando
2552 2012 2821 2070 sciremus
2869 2024 2996 2065 cum
3040 2018 3359 2065 venturum.
3402 2006 3701 2080 Propterhoc

2159 2122 2291 2179 ergo
2312 2105 2483 2162 voluit
2503 2104 2769 2162 Dominus
2790 2119 2894 2159 nos
2917 2103 3173 2174 ignorare
3192 2101 3341 2157 diem
3363 2100 3605 2157 adventus
3621 2103 3699 2167 sui,

2164 2209 2223 2256 ut
2274 2213 2401 2257 eum
2457 2214 2673 2270 semper
2704 2195 2936 2269 jamjam
2964 2202 3261 2266 venturum
3292 2202 3701 2264 exspectaremus,
3804 2230 3805 2237 η

2161 2301 2217 2350 ει
2242 2293 2316 2350 ita
2336 2307 2552 2364 semper
2571 2268 2947 2364 vigilaremus,
2971 2298 3026 2345 et
3052 2288 3110 2344 in
3133 2287 3429 2344 adventum
3462 2286 3570 2358 ejus
3593 2303 3703 2345 sem-

2162 2402 2260 2458 per
2280 2402 2618 2459 pararemur.
2652 2382 2784 2440 Item
2807 2383 3006 2455 probat
3036 2381 3187 2453 quod
3216 2382 3439 2451 vigilare
3463 2381 3707 2439 debeamus
3804 2384 3805 2425 1

2165 2486 2385 2550 sumpto
2408 2493 2439 2532 a
2471 2477 2668 2532 minori
2697 2483 3021 2548 argumento
3052 2489 3180 2529 cum
3223 2472 3448 2529 subdit:
3473 2471 3603 2528 Illud
3635 2491 3709 2526 aa-
3804 2471 3805 2550 1

2168 2578 2271 2648 tem
2310 2568 2498 2623 scitote
2538 2567 2793 2639 quoniam
2818 2566 2865 2620 si
2887 2566 3047 2620 sciret
3081 2562 3476 2635 paterfamilias
3495 2581 3589 2634 qua
3607 2565 3709 2617 hora
3804 2562 3805 2631 ᾖ

2167 2663 2257 2734 fur
2284 2661 2479 2717 veniret
2510 2659 2756 2732 vigilaret
2779 2659 2982 2730 utique,
3011 2667 3062 2711 et
3091 2673 3198 2711 non
3228 2657 3422 2711 sineret
3440 2657 3624 2728 pet-[odi
3641 2658 3712 2709 do-
3804 2676 3805 2734 1

2170 2755 2314 2810 fnum
2356 2772 2531 2811 suam.
2558 2754 2639 2810 Ac
2662 2753 2709 2809 si
2750 2761 2939 2825 aperte
2968 2752 3116 2808 dicat
3142 2771 3155 2806 :
3190 2749 3253 2806 Si
3283 2750 3481 2821 aliquis
3519 2747 3716 2819 paterfa-

2170 2851 2351 2906 milias
2398 2849 2599 2905 timens
2638 2845 2816 2902 furem
2861 2855 3156 2901 venturum
3203 2844 3398 2918 vigilat
3435 2853 3485 2898 ει
3520 2840 3718 2897 custodit

2169 2942 2394 2999 domum
2440 2947 2496 2997 et
2530 2954 2619 2996 res
2650 2955 2780 2995 suas
2827 2937 3183 3009 temporales,
3214 2945 3425 3008 quanto
3458 2934 3615 3006 magis
3644 2948 3723 2987 vos

2168 3049 2271 3107 pro
2301 3033 2591 3090 animabus
2619 3030 2817 3089 vestris
2858 3039 2914 3087 et
2941 3029 3235 3087 animabus
3277 3027 3428 3082 vobis
3454 3023 3723 3082 commissis

2175 3127 2400 3203 vigilare
2428 3126 2658 3183 debetis.
2692 3122 2849 3193 Quod
2876 3132 3061 3196 aperte
3091 3129 3344 3178 nostram
3382 3119 3727 3192 negligentiam

2129 3229 2143 3247 '
2173 3220 2374 3294 arguit,
2400 3220 2495 3292 qui
2538 3218 2593 3275 in
2639 3216 3013 3275 custodiendis
3043 3214 3209 3270 rebus
3237 3211 3615 3285 temporalibus
3649 3226 3728 3264 nos

2172 3313 2327 3383 stris,
2348 3312 2513 3369 rebus
2538 3311 2725 3383 utique
2749 3310 2947 3365 vilibus
2970 3315 3026 3365 et
3054 3307 3237 3377 vanis,
3262 3304 3479 3363 solliciti
3498 3312 3549 3360 et
3569 3302 3734 3375 vigiles

2175 3421 2369 3462 sumus
2398 3422 2412 3459 :
2438 3404 2494 3461 in
2529 3403 2905 3461 custodiendis
2947 3413 3079 3457 vero
3125 3399 3418 3456 animabus
3458 3395 3648 3452 nostris
3667 3393 3737 3449 vel

2173 3499 2596 3556 commissorum
2628 3496 2788 3553 nobis
2815 3511 2913 3567 pro
2940 3495 3144 3567 quibus
3190 3501 3448 3549 mortuus
3483 3498 3563 3545 est
3601 3487 3739 3544 Chri-

2175 3602 2318 3659 stus,
2344 3588 2678 3662 negligentes
2707 3596 2762 3642 et
2804 3585 3133 3644 somnolenti
3180 3599 3397 3641 sumus.
3441 3582 3639 3637 Domus
3662 3596 3739 3634 no-

2177 3693 2320 3739 stras
2348 3692 2599 3739 terrenas
2632 3696 2791 3737 muro
2813 3678 3244 3745 circumdamus,
3282 3684 3470 3749 portas
3508 3674 3672 3731 fortes
3700 3681 3744 3728 et

2178 3777 2316 3834 bene
2341 3775 2622 3831 obseratas
2645 3771 3055 3839 constituimus,
3093 3769 3381 3827 custodem
3402 3768 3625 3842 vigilare
3643 3782 3744 3822 mo.

2178 3883 2406 3925 nemus:
2432 3865 2527 3922 sed
2550 3867 2777 3922 domum
2805 3864 2987 3920 cordis
3016 3863 3193 3919 nostri
3218 3863 3492 3929 claudere,
3506 3872 3560 3918 et
3585 3868 3749 3933 portas

2179 3975 2442 4019 sensuum
2472 3966 2787 4014 nostrorum
2819 3955 3097 4023 obserarc,
3141 3965 3198 4010 et
3237 3954 3505 4010 rationem
3530 3953 3603 4009 ad
3638 3950 3749 4021 vigi-

2179 4054 2404 4110 lantiam
2431 4052 2758 4125 negligimus
2787 4048 3048 4107 excitare.
3077 4045 3153 4104 Ut
3177 4047 3313 4121 quid
3341 4047 3485 4104 hoc?
3511 4047 3621 4102 nisi
3646 4045 3753 4117 quia

2180 4152 2302 4223 plus
2322 4149 2600 4221 diligimus
2632 4145 2951 4218 temporalia
2976 4160 3141 4219 quam
3165 4142 3473 4215 spiritualia
3501 4150 3559 4197 et
3579 4150 3755 4197 rem:

2183 4246 2344 4300 bona.
3252 4236 3257 4243 ‘

2251 4334 2347 4392 Est
2370 4342 2553 4390 autem
2584 4334 2700 4388 haec
2721 4347 2850 4403 pars
2872 4330 3049 4395 tertia,
3081 4329 3271 4400 inqua
3302 4326 3536 4400 mystice
3558 4326 3762 4383 demoa-

2182 4438 2388 4488 stratur
2410 4428 2505 4502 qui
2534 4426 2806 4500 prmcipue
2827 4432 2884 4480 et
2910 4431 3102 4480 contra
3125 4437 3291 4492 quem
3314 4421 3511 4476 debeat
3536 4418 3759 4490 vigilare.

2184 4520 2589 4580 Paterfamilias
2628 4517 2777 4575 enim
2805 4515 2909 4573 iste
2933 4524 3016 4570 est
3038 4521 3229 4585 pastor
3254 4509 3672 4567 ecclesiasticus
3693 4506 3764 4577 qui

2186 4617 2252 4673 ad
2286 4615 2460 4673 instar
2486 4610 2920 4687 patrisfamilias,
2951 4606 3210 4664 Ecclesiae
3231 4614 3454 4678 prmest,
3482 4620 3615 4661 eam
3665 4616 3763 4657 cor-

2188 4710 2390 4783 rigens,
2424 4724 2621 4781 regcns
2645 4717 2698 4763 et
2723 4720 2972 4779 pascens.
3000 4701 3109 4757 Fur
3123 4716 3258 4757 vero
3279 4709 3367 4755 est
3395 4698 3680 4761 diabolus,
3696 4694 3767 4765 qni
3804 4694 3805 4751 1

2189 4801 2332 4858 sicut
2366 4799 2455 4856 fur
2479 4800 2574 4871 qui
2607 4815 2639 4854 a
2679 4795 2866 4863 furno,
2887 4794 2940 4851 id
2967 4803 3051 4850 est
3082 4792 3327 4848 obscuro
3362 4789 3602 4856 dicitur,
3646 4797 3767 4843 tene
3804 4789 3805 4859 1

2189 4898 2319 4953 bras
2341 4894 2537 4967 diligit,
2566 4892 2867 4949 claustrum
2905 4887 3162 4944 Ecclesia:
3206 4902 3305 4958 per
3339 4884 3559 4941 malam
3604 4895 3769 4952 sugge-
3804 4906 3805 4967 ἦ

2193 4989 2428 5046 stionem
2478 4985 2616 5041 fodit
2656 4982 2983 5053 animasque
3010 4981 3076 5036 dc
3104 4977 3512 5034 communione

2193 5082 2354 5156 rapit.
2381 5079 2573 5150 Itaque
2602 5076 2650 5132 si
2680 5084 2871 5147 pastor
2909 5071 3320 5128 eccwsiasticus
3369 5071 3579 5137 sciret,
3623 5069 3675 5125 id
3716 5076 3777 5120 est

2190 5182 2404 5247 saperet
2424 5181 2477 5228 et
2504 5167 2848 5241 intelligeret,
2873 5165 3113 5239 vigilaret
3151 5164 3341 5235 utique
3379 5180 3497 5237 qua
3546 5163 3680 5218 liora
3716 5161 3773 5231 [ετ

2188 5271 2406 5335 veniret,
2440 5265 2496 5322 id
2523 5272 2627 5331 est,
2654 5263 2735 5319 sic
2761 5276 2977 5331 semper
2995 5258 3248 5331 vigilaret
3289 5274 3467 5329 super
3499 5256 3775 5317 Ecdcsiaa

2187 5363 2294 5420 sibi
2324 5359 2703 5424 commissam,
2729 5354 2878 5427 quod
2914 5351 3167 5409 diabolus
3194 5351 3431 5408 veniens
3472 5368 3602 5407 non
3631 5358 3777 5423 posset

2187 5473 2309 5513 eam
2341 5453 2588 5511 invenire
2623 5450 2729 5506 nisi
2757 5447 3093 5521 vigilantem,
3115 5456 3169 5502 et
3193 5444 3269 5500 ita
3299 5460 3414 5500 non
3438 5445 3667 5502 sineret
3692 5458 3779 5513 per.

2191 5550 2303 5606 fodi
2353 5548 2578 5604 domum
2610 5559 2792 5599 suam.
2815 5539 3090 5597 Moraliter
3115 5554 3250 5594 vero
3285 5536 3703 5609 paterfamilias
3724 5542 3775 5587 est

2191 5642 2432 5707 animus,
2464 5638 2557 5711 qui
2599 5632 2667 5694 ad
2711 5635 2887 5693 instar
2919 5628 3340 5703 patrisfamilias
3368 5629 3555 5687 debet
3588 5642 3775 5703 prmi

2195 5734 2249 5789 in
2296 5728 2614 5787 babitaculo
2657 5723 2883 5783 humani
2908 5720 3175 5793 corporis,
3214 5719 3385 5775 noxia
3428 5721 3711 5781 cavendo,
3742 5724 3775 5767 et

2194 5823 2349 5880 utilia
2388 5819 2749 5895 providendo.
2780 5817 2889 5872 Fur
2922 5828 3054 5870 vero
3076 5820 3164 5869 est
3185 5826 3344 5868 mors
3366 5816 3665 5887 corporis,
3690 5810 3777 5882 qui»

3804 1832 3805 1853 1

3804 1928 3805 1945 1

3804 2144 3805 2165 1

3804 2384 3805 2399 1

3804 2408 3805 2425 1

3804 2634 3805 2651 1

3804 3936 3805 3951 1

3804 4108 3805 4127 1

3804 4740 3805 4751 1

3804 4906 3805 4919 1

3772 5104 3777 5117 ι

3772 5278 3775 5306 ἱ

3772 5382 3777 5395 ι

3772 5544 3775 5565 1

3772 5568 3775 5581 1

3772 5642 3775 5655 1

3772 5842 3777 5859 l
