3820 6312
173 361 278 422 i585

1189 344 1518 400 iiOMiLl/E.
1557 377 1627 385 ——-
1662 345 1728 400 ii.
1772 345 1859 401 DE
1900 347 2210 405 SANCTIS.

3219 356 3361 414 1580

164 478 308 539 ίηηίιη
333 468 472 533 venit,
499 466 662 521 vitam
684 463 1024 534 corporalem
1052 460 1304 532 perfodit,
1341 469 1398 516 et
1420 462 1660 516 animam
1694 466 1738 524 Α
1771 473 1980 533 quanto
2007 465 2182 536 magis
2223 467 2420 532 rarior,
2459 472 2612 523 tanto
2648 469 2824 540 magis
2860 471 3151 541 pretiosior
3195 483 3364 544 atque

163 573 282 630 tollit.
309 564 480 632 Itaque,
508 556 722 623 fratres,
757 557 804 612 si
834 556 1052 610 animus
1081 563 1270 614 noster
1315 563 1551 626 saperet,
1582 555 1665 609 vi-

160 666 306 736 gilaret
322 656 502 725 utique,
539 664 750 721 semper
779 649 1035 705 evitando
1075 648 1241 715 mala,
1270 656 1327 703 et
1379 649 1664 718 sequendo

157 759 283 818 bona,
311 757 466 818 etque
504 743 632 798 liora
680 757 833 797 mors
864 741 1099 809 veniret,
1127 756 1239 796 non
1286 741 1490 798 sineret
1533 757 1664 813 per-

155 846 238 908 (odi
257 843 447 898 domum
468 835 586 890 vitm
623 833 877 904 corporis
923 832 992 888 ad
1038 831 1467 889 damnationem.
1511 831 1662 902 Ideo,

153 935 350 1007 inquit,“
375 944 452 983 vos
477 933 632 980 estote
665 926 867 995 parati,
899 925 1026 996 quia
1044 941 1150 996 qua
1174 924 1306 979 liora
1330 940 1434 979 non
1461 925 1663 996 putatis

151 1028 287 1090 Filius
317 1020 521 1076 hominis
561 1019 750 1076 veniet.
783 1016 853 1072 Et
889 1017 937 1073 si
987 1017 1254 1074 Dominus
1301 1018 1369 1075 ad
1394 1017 1664 1090 judicium

147 1113 349 1193 generale
383 1108 689 1183 generaliter
722 1107 980 1164 omnibus
1019 1117 1284 1165 venturus
1334 1108 1428 1176 sit,
1476 1118 1661 1166 tamen

141 1223 238 1266 cum
262 1202 476 1275 quotidie
501 1215 646 1256 mors
670 1201 737 1254 ad
762 1216 1211 1272 unumquemque
1230 1210 1478 1257 nostrum
1491 1203 1659 1270 venit,

144 1299 358 1355 Dominus
391 1294 453 1350 ad
475 1308 572 1349 nos
597 1293 765 1349 venit.
797 1292 853 1347 In
879 1309 946 1348 eo
973 1294 1118 1349 enim
1146 1304 1351 1365 puncto
1391 1295 1447 1349 in
1495 1311 1606 1366 quo
1629 1311 1661 1350 a

139 1392 326 1448 Domino
351 1388 415 1443 sb
444 1382 541 1442 hac
569 1385 677 1441 vita
711 1401 994 1454 vocamur,
1013 1387 1296 1459 judicandi
1326 1403 1541 1444 sumus.
1572 1387 1662 1444 Ait

136 1485 250 1540 enim
277 1480 514 1536 Salomon
545 1497 558 1533 :
589 1497 608 1531 ι
637 1477 736 1533 Ubi
761 1479 972 1550 lignum
997 1479 1276 1546 ceciderit,
1313 1481 1429 1538 sive
1461 1480 1530 1537 ad
1560 1495 1660 1536 au-

131 1588 291 1641 strum,
314 1573 420 1628 sive
448 1572 514 1627 ad
564 1572 900 1642 aquilonem,
939 1572 1012 1628 ibi
1047 1572 1214 1628 stabit
1245 1571 1446 1643 (Eccle.
1493 1572 1592 1646 xi).
1634 1593 1652 1626 ι

131 1666 228 1722 lico
251 1678 387 1734 ergo,
415 1662 539 1732 quia
563 1664 784 1734 quando
805 1672 861 1719 et
884 1664 1030 1720 sicut
1049 1679 1221 1732 mors,
1269 1665 1342 1720 ita
1385 1675 1440 1721 et
1469 1663 1658 1720 Domi-

124 1775 206 1814 nus
232 1757 400 1813 furtim
421 1756 565 1812 venit
600 1773 816 1828 semper
839 1758 999 1814 nobis
1025 1769 1110 1815 est
1137 1759 1497 1831 vigilandum.
1529 1759 1656 1816 Ele—

123 1859 278 1922 ganter
307 1856 481 1905 autem
511 1849 606 1918 ait,
633 1866 744 1920 qua
764 1849 894 1905 hora
917 1867 1020 1905 non
1053 1853 1275 1923 putatis.
1316 1850 1383 1906 Et
1410 1853 1456 1908 si
1481 1867 1655 1909 unus--

114 1947 311 2016 quisque
335 1953 576 2000 nostrum
605 1961 706 2015 pro
736 1954 887 2002 certo
917 1946 1053 2002 sciat
1090 1963 1150 2003 se
1197 1946 1548 2015 moriturum,
1579 1957 1661 2003 ta-

116 2055 213 2103 men
234 2039 401 2094 nullus
434 2055 462 2092 a
489 2037 599 2094 Deo
621 2048 704 2094 est
730 2055 916 2108 senex,
941 2039 1035 2111 qui
1065 2051 1174 2095 noa
1198 2050 1377 2110 speret
1399 2041 1577 2099 adhuc
1603 2058 1661 2097 se

109 2135 360 2188 victurum.
389 2130 630 2187 instante
662 2147 792 2187 vero
815 2132 902 2187 die
918 2132 1112 2203 judicii
1139 2131 1388 2188 homines
1410 2133 1504 2204 qui
1532 2141 1661 2189 tunc

109 2226 152 2279 in
179 2238 328 2280 carne
349 2223 457 2278 vivi
491 2232 675 2290 erunt,
703 2232 758 2278 et
783 2223 826 2280 si
876 2225 1052 2280 scient
1081 2223 1370 2280 Dominum
1414 2225 1480 2280 ad
1510 2224 1659 2295 judi-

101 2317 218 2372 ciunt
243 2325 549 2383 venturum,
575 2325 758 2370 tamen
783 2332 889 2372 non
924 2317 1190 2388 putabant
1217 2333 1341 2372 eum
1372 2327 1480 2373 tam
1518 2317 1662 2375 festi-

101 2418 262 2463 nanter
285 2414 600 2464 venturum.
626 2407 684 2463 in
710 2409 820 2466 hoc
846 2425 1065 2482 quoque
1104 2409 1450 2481 decipiuntur
1479 2411 1660 2466 homi—

93 2514 190 2565 nes,
220 2499 338 2569 quia
361 2515 470 2570 qua
499 2499 638 2555 hora
664 2499 768 2570 ipsi
800 2517 907 2556 non
936 2510 1152 2572 putant,
1183 2510 1238 2558 et
1281 2516 1431 2558 mors
1457 2510 1511 2558 et
1550 2501 1658 2558 Do-

93 2592 246 2647 minus
265 2592 429 2647 venit.
467 2591 577 2648 Sed
631 2608 754 2661 nos,
792 2593 1012 2662 fratres,
1057 2595 1106 2651 si
1154 2610 1370 2665 semper
1411 2595 1466 2648 in
1501 2594 1661 2650 bonis

89 2680 318 2750 operibus
341 2681 662 2753 vigilamus,
708 2683 884 2754 decipi
923 2699 1032 2739 non
1068 2699 1387 2755 possumus.
1429 2683 1657 2752 Quarto,

83 2773 469 2829 demonstratur
512 2783 793 2845 pastorem
816 2776 956 2832 bene
984 2776 1300 2849 vigilantem
1326 2791 1513 2832 rarum
1537 2777 1660 2848 qui-

80 2864 186 2919 dem
207 2881 344 2933 esse,
389 2867 490 2923 sed
548 2867 793 2936 beatum,
834 2885 973 2925 cum
1007 2869 1264 2926 subditur
1297 2888 1309 2924 :
1340 2869 1471 2935 Quis
1502 2878 1658 2940 putas

74 2968 140 3020 est
163 2959 330 3028 ﬁdelis
355 2976 546 3016 servus
575 2971 628 3016 et
648 2963 877 3032 prudens
907 2979 1060 3036 queat
1101 2963 1378 3017 constituit
1413 2963 1658 3017 dominus
1685 3001 1687 3003 ι

71 3067 182 3105 suus
211 3068 375 3123 supra
400 3053 682 3123 familiam
704 3069 878 3118 suam,
907 3063 957 3108 et
985 3054 1071 3108 det
1091 3054 1203 3108 illis
1229 3053 1401 3108 cibum
1438 3053 1494 3106 in
1523 3062 1657 3106 tem-

67 3147 218 3213 pore!
262 3144 474 3200 Beatus
509 3146 607 3201 ille
657 3163 857 3212 servus,
913 3155 1019 3202 etc.
1068 3145 1206 3217 ipsis
1253 3155 1438 3201 autem
1478 3145 1660 3201 verbis

65 3237 281 3294 ostendit
307 3238 444 3310 quia
472 3238 553 3294 sit
573 3253 756 3305 rarus,
780 3253 989 3309 ponens
1010 3239 1254 3310 quinque
1281 3253 1403 3310 qua:
1426 3239 1480 3292 in
1507 3240 1657 3294 omni

61 3329 369 3399 requirenda
402 3340 548 3386 sunt
572 3339 824 3401 pastore;
852 3331 1104 3389 videlicet
1152 3331 1298 3402 quod
1347 3331 1418 3387 sit
1460 3329 1655 3397 fidelis,

59 3420 188 3488 quod
207 3421 486 3491 prudens,
521 3421 675 3492 quod
703 3438 735 3476 a
763 3421 876 3477 Deo
902 3423 1256 3489 constitutus,
1291 3421 1436 3492 quod
1465 3421 1537 3476 sit
1567 3437 1658 3477 su-

53 3527 136 3581 pra
163 3513 313 3568 illam
353 3513 645 3570 familiam
687 3529 868 3581 suam,
899 3524 955 3569 et
987 3515 1136 3584 quod
1184 3513 1330 3569 illam
1371 3522 1560 3584 pascat
1605 3514 1659 3567 in

51 3610 278 3673 tempore
298 3620 434 3661 suo.
473 3604 645 3672 Quod
667 3606 740 3662 sit
762 3606 938 3662 ﬁdelis
967 3622 1076 3662 non
1125 3607 1304 3662 solum
1329 3621 1360 3661 a
1392 3607 1517 3675 tide,
1565 3607 1662 3662 scd

41 3698 190 3753 etiam
217 3716 248 3754 a
281 3699 597 3768 ﬁdelitate,
629 3699 924 3756 Dominum
949 3715 1058 3756 non
1085 3701 1263 3757 solum
1285 3700 1535 3770 credens,
1567 3701 1663 3756 sed

41 3788 191 3855 etiam
220 3789 514 3862 diligens;
547 3791 890 3848 voluntatem
917 3791 1034 3859 Dei,
1062 3808 1172 3848 non
1205 3808 1384 3860 suam,
1419 3792 1660 3860 faciens;

34 3881 118 3936 Dei
140 3885 407 3955 glorians,
449 3900 579 3941 non
611 3901 769 3940 suam
796 3901 1069 3956 quaarens.
1109 3885 1178 3941 Et
1219 3887 1347 3957 quia
1393 3887 1507 3943 vita
1553 3902 1663 3944 non

33 3976 219 4032 suilicit
241 3978 371 4034 sine
395 3979 671 4034 doctrina
699 3978 870 4046 addit,
897 3979 1149 4050 prudens.
1177 3977 1392 4035 Rursus
1412 3979 1542 4050 quia
1567 3996 1665 4036 nc-

25 4080 106 4120 tuo
133 4069 463 4136 praedicare
490 4067 667 4124 debet
695 4068 802 4124 nisi
833 4067 1058 4135 missus,
1084 4084 1279 4124 rursus
1321 4069 1488 4136 addit,
1511 4085 1664 4140 quem

31 4160 300 4213 constituit
336 4160 646 4216 dominus.
681 4158 750 4214 Et
770 4160 900 4230 quia
943 4175 1058 4241 non
1105 4159 1304 4216 suilicit
1347 4160 1574 4231 pastori,
1604 4169 1666 4216 ut

24 4251 82 4304 sit.
133 4253 289 4310 sicut
341 4252 644 4324 populus,
674 4252 844 4320 addit,
891 4269 1050 4324 super
1080 4252 1348 4324 familiam
1384 4271 1558 4308 suam.
1595 4253 1668 4308 Ut

27 4343 221 4401 scilicet
250 4346 420 4404 sicut
455 4345 672 4416 gradu,
700 4345 784 4403 ita,
809 4361 1029 4416 quoque
1053 4347 1161 4400 vita
1191 4357 1243 4402 et
1272 4346 1501 4403 scientia
1521 4362 1664 4417 prse-

22 4435 175 4491 tedat.
211 4435 288 4493 Et
325 4438 486 4509 quia
526 4453 648 4492 nou
663 4436 927 4496 sufficitei
960 4437 1076 4492 haec
1095 4437 1282 4493 omnia
1309 4437 1532 4506 habere,
1555 4438 1665 4494 nisi

1770 555 1980 611 beatior
2002 556 2097 612 ille
2125 571 2341 625 servus,
2371 574 2522 629 quem
2553 575 2672 612 cum
2699 561 2894 614 uenerit
2935 561 3180 618 dontinus
3218 563 3364 620 iuva-

1768 645 1904 699 uerit
1933 646 2011 701 sic
2033 646 2334 716 facientem.
2359 647 2429 703 Et
2453 649 2506 703 in
2539 664 2651 719 quo
2675 650 2747 705 sit
2775 650 2968 708 beatus
2989 652 3246 720 ostendit,
3275 654 3361 710 di-

1766 752 1898 793 cens
1926 757 1939 793 :
1972 739 2160 809 Amen,
2195 757 2374 809 auten,
2408 742 2529 797 dico
2576 742 2738 810 vobis,
2763 744 3016 815 quoniam
3051 761 3208 816 super
3244 763 3359 802 ont-

1767 832 1856 885 nia
1885 831 2021 886 bona
2045 849 2143 888 sua
2165 836 2448 890 constituet
2471 852 2614 891 eum.
2638 833 2758 892 Non
2779 837 2927 907 quod
2968 837 3072 893 soli
3107 847 3357 908 pastores

1764 931 1964 978 aeterna
1994 925 2217 994 praemia
2241 925 2353 981 sint
2377 926 2642 992 habituri,
2671 927 2766 983 sed
2805 927 2950 998 quod
2983 943 3095 998 pra:
3121 927 3354 995 caeteris,

1765 1025 1880 1072 tum
1907 1031 2006 1088 pro
2030 1019 2139 1074 vita
2163 1035 2282 1085 sua,
2311 1029 2425 1076 tum
2451 1036 2550 1090 pro
2581 1022 2762 1093 gregis
2789 1022 3060 1087 custodia,
3089 1022 3354 1093 majorem

1764 1105 1993 1174 gloriam
2016 1108 2130 1164 sint
2152 1109 2414 1166 habituri.
2443 1111 2662 1178 Quanta
2691 1112 2837 1168 enim
2873 1113 3017 1169 inter
3057 1114 3232 1170 bonos
3252 1112 3354 1168 do-

1763 1207 1944 1254 ctores
1963 1209 2020 1256 et
2047 1201 2225 1259 bonos
2258 1203 2535 1261 auditores
2573 1213 2658 1261 est
2700 1205 2961 1262 distantia
3007 1206 3352 1271 meritorum,

1764 1299 1911 1346 tanta
1935 1301 2020 1349 est
2042 1301 2097 1350 et
2129 1296 2499 1364 pmmiorum.
2561 1297 2740 1354 Bonos
2778 1299 2980 1370 quippe
3007 1298 3353 1368 dispensato-

1762 1401 1852 1443 res
1875 1387 2172 1442 constituet
2204 1403 2370 1458 super
2395 1390 2580 1445 omnia
2621 1391 2764 1446 bona
2812 1406 2933 1458 sua,
2977 1391 3124 1462 quod
3171 1391 3355 1461 majus

1762 1487 1866 1534 est.
1896 1478 2078 1535 Bonos
2099 1495 2234 1535 vero
2269 1481 2569 1550 auditores,
2611 1483 2856 1539 ut‘aiius
2880 1482 3210 1555 evangelista
3249 1484 3349 1546 ait,

1762 1569 1925 1626 faciet
1980 1570 2366 1640 discumbere,
2421 1581 2475 1628 et
2533 1574 2807 1630 transiens
2864 1574 3200 1631 ministrabit
3246 1575 3352 1630 illis

1763 1663 1964 1739 (ibid.).
1987 1665 2134 1733 quod
2177 1665 2362 1722 minus
2394 1675 2496 1722 est.
2548 1667 2655 1722 Sed
2687 1667 2884 1724 fratres
2919 1667 3046 1735 mei,
3093 1668 3188 1739 qui
3245 1668 3352 1722 mi-

1763 1774 1870 1814 nus
1920 1758 2182 1826 habebit,
2238 1757 2572 1814 sufﬁcienter
2631 1759 2870 1826 habebit,
2919 1759 3180 1829 quoniam
3230 1774 3354 1829 qua:

1763 1859 1922 1907 erunt
1969 1851 2226 1922 specialia
2273 1851 2636 1924 singulorum,
2679 1851 2869 1906 eadem
2913 1849 3153 1907 Charitas
3204 1867 3354 1905 enm-

1762 1947 1951 2001 muuia
1984 1943 2149 2000 faciet
2171 1945 2576 2000 universorum.
2614 1943 2818 2016 itaque,
2847 1943 3045 2000 fratres
3072 1942 3202 2008 mei,
3223 1942 3352 2012 quia

1761 2054 1870 2110 qua
1896 2037 2031 2093 hora
2053 2052 2163 2093 non
2185 2045 2443 2108 putamus
2475 2036 2742 2092 Dominus
2767 2046 2955 2092 noster
2979 2036 3177 2104 veniet,
3208 2049 3355 2090 sem-

1762 2144 1857 2201 per
1878 2138 1932 2185 et
1961 2129 2205 2200 undique
2227 2128 2537 2199 vigilemus,
2565 2127 2782 2185 animas
2813 2136 3033 2183 nostras
3065 2135 3119 2182 et
3140 2125 3354 2181 animas

1764 2223 1924 2278 nobis
1955 2222 2284 2279 commissas
2309 2221 2600 2293 vigilanter
2639 2220 3038 2277 custodiamus.
3076 2218 3354 2274 Sollicito-

1761 2316 1920 2372 dines
1944 2331 2126 2372 rerum
2149 2315 2481 2371 caducarum
2510 2330 2540 2368 a
2566 2313 2828 2369 cordibus
2854 2311 3060 2367 nostris
3090 2310 3320 2366 excluda
3339 2337 3354 2349 -

1762 2424 1906 2464 mus.
1937 2408 2142 2464 Contra
2167 2407 2472 2464 invisibiles
2499 2407 2686 2462 hostes
2723 2404 2914 2460 oculos
2940 2402 3173 2458 rationis
3203 2415 3352 2457 sem-

1761 2515 1859 2570 per
1885 2508 2104 2570 apertos
2156 2498 2479 2554 habeamus.
2525 2494 2722 2551 Cordis
2761 2493 2936 2549 nostri
2961 2493 3201 2549 Claustra
3227 2506 3351 2563 gre—

1761 2595 1954 2666 gisque
1981 2593 2157 2648 nostri
2212 2590 2498 2663 vigilanter
2523 2585 3058 2657 circumspiciamus.
3083 2581 3349 2648 Orationi,

1766 2686 2010 2753 lectioni,
2060 2700 2233 2740 sacrm
2272 2681 2638 2748 meditationi,
2674 2680 2923 2751 jejuniis,
2967 2675 3351 2748 eleemosynis,

1763 2779 2087 2850 ueterisque
2115 2777 2276 2834 bonis
2319 2775 2515 2833 studiis
2543 2773 2912 2828 intendamus.
2951 2768 3353 2835 Prmdicationi,

1765 2873 2027 2943 lucroque
2054 2871 2364 2927 animarum
2391 2868 2682 2940 vigilanter
2715 2865 3060 2928 insistamus,
3083 2869 3356 2934 quatenus

1762 2974 1878 3020 tum
1917 2981 2018 3035 pro
2047 2963 2246 3030 nostri,
2274 2971 2390 3017 tum
2427 2975 2526 3031 pro
2563 2958 2722 3013 nobis
2750 2954 2999 3013 custodia
3017 2951 3354 3011 commisso-

1763 3073 1910 3122 rum,
1941 3056 2159 3111 beatam
2195 3067 2602 3123 consequamur
2649 3047 3172 3105 remunerationem.
3199 3042 3358 3110 Quod

1683 3172 1730 3230 ρ
1762 3149 2016 3220 precibus
2043 3157 2099 3202 et
2121 3147 2332 3202 meritis
2371 3145 2535 3216 hujus
2565 3141 2791 3214 gloriosi
2811 3139 3170 3206 confessoris,
3197 3135 3358 3207 cujus

1763 3241 1927 3296 hodie
1979 3239 2243 3296 solemnia
2290 3237 2656 3304 celebramus,
2693 3233 2957 3290 concedat
2985 3232 3146 3288 nobis
3177 3230 3356 3286 omni-

1763 3342 1958 3403 potens
1985 3341 2037 3386 et
2064 3330 2380 3385 misericors
2406 3327 2695 3382 Dominus.
2735 3327 2927 3380 Amen.

2482 3418 2652 3473 XXV.

1769 3532 1928 3574 UNIUS
1963 3528 2333 3572 CONPESSOBIS.
2363 3528 2431 3569 DE
2461 3525 2722 3568 EPISTOLA
2757 3525 2824 3566 AD
2863 3522 3122 3564 lli-2331303
3160 3519 3354 3562 SEBIO.

1836 3591 2037 3660 Plures
2061 3606 2194 3676 facti
2228 3612 2351 3660 sunt
2392 3601 2692 3658 sacerdotes
2730 3599 3018 3655 secundum
3059 3597 3248 3668 legem,
3272 3595 3358 3649 id-

1763 3699 1906 3751 circo
1930 3697 2070 3769 quod
2101 3705 2268 3750 morte
2305 3695 2708 3766 prohiberentur
2735 3706 3059 3762 permanere.
3083 3687 3240 3742 Iesus
3266 3704 3359 3741 au-

1765 3802 1867 3847 tem
1893 3807 1954 3846 eo
1974 3790 2114 3861 quod
2138 3797 2353 3844 maneat
2381 3789 2438 3842 in
2459 3797 2736 3851 retentum,
2786 3783 3164 3854 sempiternum
3201 3781 3356 3834 habet

1765 3883 2120 3938 sacerdotium
2164 3880 2357 3954 (Hebr.
2414 3880 2534 3950 vlt).
2588 3876 2648 3932 In
2696 3877 2802 3932 hac
2859 3874 3110 3939 lectione,
3161 3871 3360 3926 fratres
3415 3917 3424 3925 .

1765 3975 2100 4042 citatissimi,
2128 3974 2378 4046 assignat
2403 3970 2698 4042 Apostolus
2720 3957 3082 4024 differentiam
3114 3965 3255 4020 inter
3281 3965 3356 4017 le-

1764 4071 1938 4142 galem
1972 4079 2027 4125 et
2065 4067 2439 4139 evangelicum
2486 4063 2863 4129 sacerdotem;
2918 4062 3060 4116 inter
3096 4057 3354 4116 sacerdo-

1766 4165 1901 4218 tium
1949 4163 2106 4235 legis,
2157 4170 2212 4217 et
2253 4159 2618 4217 sacerdotium
2665 4157 2943 4228 Evangelii
2971 4155 3101 4213 Jesu
3125 4155 3354 4217 Christi.

1764 4258 2175 4322 demonstrans,
2225 4251 2278 4308 in
2321 4252 2625 4324 privilegiis
2671 4253 2836 4318 novi,
2895 4250 3188 4306 sacerdotii
3227 4246 3356 4303 Jesu

1763 4351 1968 4406 Christi
2001 4349 2069 4404 ad
2099 4347 2270 4421 legale
2297 4347 2666 4404 sacerdotium
2695 4345 3076 4417 praerogativa.
3111 4343 3355 4399 Primum

1765 4443 2110 4516 privilegium
2137 4449 2224 4498 est
2255 4440 2440 4496 unitas
2481 4439 2792 4496 sacerdotii.
2821 4438 2958 4493 Cum
2985 4438 3132 4494 enim
3157 4451 3356 4491 secun—

27 4531 270 4588 lSSidlﬂlS
302 4532 390 4588 sit
425 4532 495 4586 in
547 4531 962 4602 praedicatione,
1002 4539 1226 4602 propter
1254 4545 1420 4602 quam
1454 4533 1660 4589 consti—

1788 4537 1896 4592 lum
1920 4537 2092 4607 legem
2123 4532 2253 4590 facti
2281 4542 2410 4589 sunt
2440 4532 2755 4589 sacerdotes
2778 4547 2888 4586 non
2921 4530 3100 4586 solum
3149 4527 3204 4582 in
3234 4527 3357 4597 plu-

19 4629 143 4677 ntus
165 4632 296 4690 est,
327 4622 546 4688 addit,
580 4631 637 4674 ut
670 4621 756 4675 det
785 4620 896 4675 illis
919 4622 1093 4675 cibum
1123 4623 1182 4675 iu
1211 4630 1462 4692 tempore,
1480 4622 1534 4677 id
1556 4632 1659 4691 est,

23 4722 280 4784 tpascat
321 4731 473 4772 eam
523 4712 785 4784 exemplo
807 4722 862 4769 et
887 4714 1072 4781 verbo,
1103 4724 1159 4771 et
1197 4715 1303 4771 hoc
1331 4715 1388 4771 in
1415 4724 1663 4786 tempore

20 4817 348 4878 pportuno,
381 4815 452 4863 et
475 4806 660 4878 juxta
691 4805 862 4859 alium
881 4805 1295 4878 evangelistam,
1319 4811 1413 4862 det
1439 4807 1550 4864 illis
1570 4808 1664 4862 trl-

24 4899 74 4951 ei
98 4913 476 4956 mensuram
519 4896 687 4969 (Luc.
715 4901 840 4968 xu),
872 4899 926 4954 id
947 4907 1033 4955 est
1064 4900 1292 4956 verbum
1317 4903 1637 4972 praedicatio

15 4988 60 5046 is
105 5000 611 5049 commensus-et
653 4991 994 5047 audientium
1035 4993 1323 5064 capacitati
1352 4994 1519 5067 (quod
1550 4996 1670 5052 sine

18 5085 186 5140 unita
213 5087 447 5142 dicem
487 5097 621 5138 non
647 5085 918 5156 possum).
950 5085 1128 5152 Quam
1160 5103 1326 5144 rarus
1354 5100 1440 5146 est
1483 5090 1666 5158 hodie,

16 5183 175 5232 atres
218 5176 386 5244 mei,
437 5182 665 5246 pastor
688 5173 926 5231 Domino
953 5185 1177 5247 propter
1219 5175 1514 5235 Dominum
1550 5199 1668 5238 ser-

17 5284 146 5337 ens,
172 5286 340 5327 oves
371 5267 656 5335 Christi,
681 5283 789 5323 non
811 5269 880 5324 ad
903 5270 1140 5336 lucrum,
1161 5272 1258 5326 sed
1288 5286 1477 5329 amore
1501 5273 1633 5330 Chri
1650 5307 1666 5318 -

13 5362 23 5416 ἱ
47 5364 378 5435 pascens!
427 5375 638 5434 quam
663 5377 824 5416 rarus
843 5362 949 5417 sibi
975 5371 1030 5420 et
1052 5362 1308 5432 subditis,
1337 5365 1390 5419 in
1419 5366 1665 5424 futurum

18 5474 93 5513 ue
127 5455 552 5530 pmidens!
595 5467 760 5525 quam
788 5470 966 5524 rarus,
989 5456 1084 5527 qui
1113 5457 1185 5512 sit
1224 5468 1454 5514 vocatus
1485 5475 1516 5515 a
1555 5460 1666 5518 Dco

14 5567 241 5623 squam
276 5549 566 5613 Aaron,
603 5554 658 5601 et
687 5562 805 5602 non
835 5562 896 5602 se
924 5547 1166 5620 ingerat!
1194 5565 1359 5619 quam
1381 5565 1542 5607 rarus
1569 5553 1663 5623 qui

13 5662 76 5701 es
110 5645 380 5702 Christi
425 5651 504 5700 et
545 5654 666 5694 non
690 5639 946 5711 mugisse
983 5643 1212 5713 pascat!
1266 5641 1372 5699 Sed
1417 5646 1580 5701 etiam
1618 5649 1662 5703 si

13 5739 154 5810 quis
212 5749 447 5793 unum
518 5731 623 5783 vel
668 5731 776 5786 duo
809 5730 1036 5787 istorum
1085 5722 1476 5805 éousequatur,
1500 5754 1663 5808 quem

13 5833 318 5888 'issimus
357 5835 478 5883 est
513 5824 630 5894 qui
678 5825 861 5879 rmnia
905 5827 1018 5882 lucc
1052 5826 1219 5883 simul
1266 5827 1522 5885 obtineat.
1559 5829 1665 5887 Sed

1765 4630 1916 4685 ribus
1947 4626 2308 4698 temporibus,
2337 4626 2432 4681 sed
2455 4626 2619 4681 etiam
2648 4625 2702 4678 in
2727 4624 2920 4679 eodem
2949 4631 3213 4692 tempore,
3238 4621 3360 4690 pluo

1764 4737 1851 4778 res
1881 4721 2110 4777 fuerunt
2141 4728 2200 4775 et
2223 4719 2607 4791 particulares.
2655 4715 2818 4772 J‘esus
2856 4715 3110 4770 Christus
3141 4729 3271 4768 vero
3303 4715 3356 4767 in

1764 4825 2011 4885 tempore
2038 4814 2232 4887 gratiae
2263 4825 2348 4870 est
2370 4811 2696 4869 universalis
2721 4820 2774 4866 et
2808 4823 2970 4864 nitus.
3000 4807 3355 4872 Universalis,

1763 4907 2049 4978 quoniam,
2083 4915 2144 4962 ut
2163 4905 2406 4963 Joannes
2427 4905 2524 4973 ait,
2556 4923 2574 4955 ι
2610 4902 2732 4973 Ipse
2769 4910 2853 4956 est
2885 4899 3220 4971 propitiatio,
3248 4913 3358 4953 non

1765 5016 1864 5072 pro
1901 5000 2139 5071 peccatis
2181 4999 2387 5054 nostris
2433 5005 2669 5063 tantum,
2711 4994 2804 5050 sed
2829 4994 2996 5048 etiam
3044 5007 3146 5064 pro
3189 4991 3359 5046 totius

1768 5093 1956 5148 mundi
1984 5091 2038 5163 (I
2084 5091 2247 5145 Joau.
2283 5091 2381 5160 tt);
2413 5109 2432 5141 ι
2465 5101 2630 5154 unus,
2663 5086 2922 5158 quoniam
2965 5085 3013 5140 si
3039 5085 3149 5141 sint
3195 5083 3359 5140 hodie

1775 5187 1878 5243 sub
1902 5203 1968 5242 eo
1993 5187 2175 5256 plures
2202 5183 2539 5250 sacerdotes,
2579 5188 2761 5238 tamen
2801 5197 2909 5235 non
2952 5179 3354 5241 auctoritatem,

1773 5281 1866 5337 sed
1899 5282 2077 5335 solum
2113 5277 2475 5333 ministerium
2504 5277 2723 5331 habent.
2751 5274 2911 5331 Iesus
2930 5291 3062 5330 vero
3088 5275 3238 5330 solus
3261 5274 3361 5327 ha—

1770 5375 1861 5429 bet
1881 5382 1934 5428 et
1955 5371 2188 5426 cilicium
2215 5381 2269 5425 et
2303 5369 2705 5425 auctoritatem.
2749 5367 2904 5422 Unde
2951 5375 3004 5422 et
3037 5366 3235 5421 Jcanni
3269 5365 3356 5419 di—

1768 5475 1917 5520 ctum
1963 5473 2076 5519 est:
2125 5483 2144 5516 ι
2184 5462 2544 5536 Superque-1
2577 5460 2780 5517 videris
2823 5459 3085 5531 Spiritum
3131 5460 3356 5513 descen-

1770 5557 2009 5621 dentem,
2059 5555 2174 5626 ipse
2216 5565 2300 5611 est
2342 5554 2438 5625 qui
2494 5551 2733 5623 baptizat
2775 5551 2997 5621 (Matth.
3027 5552 3129 5620 ιιι).
3183 5567 3201 5600 s
3236 5545 3354 5602 Non

1772 5649 1916 5704 enim
1945 5649 2181 5704 ministri
2202 5649 2406 5704 Christi
2437 5661 2668 5718 puerum
2691 5647 2744 5701 in
2778 5662 2939 5702 sacro
2967 5644 3113 5700 fonte
3133 5643 3358 5697 immer-

1774 5743 1972 5812 gimus,
2021 5742 2112 5796 sed
2144 5752 2321 5796 tamen
2370 5738 2624 5794 Christus
2668 5739 2922 5809 baptitat.
2968 5735 3077 5788 Nos
3129 5748 3354 5788 manum

1773 5834 2070 5904 elevamus,
2095 5834 2188 5892 sed
2234 5832 2482 5888 Christus
2532 5831 2821 5886 benedicit.
2871 5829 2976 5883 Nos
3016 5843 3169 5883 sacra
3194 5827 3363 5881 verba
