3820 6312
448 354 583 412 1587

1689 335 2041 394 ηΑυυιΡιίι
2081 333 2428 390 ΑιωΕΝΤιδ

3552 334 3650 390 1588

440 468 791 542 proferimus,
842 464 936 520 sed
970 463 1225 518 Chrians
1263 467 1566 514 consecrat.
1595 456 1702 510 Sed
1722 464 1779 510 et
1803 477 1821 505 ι
1854 469 2029 524 neque
2063 458 2102 512 Α
2134 451 2279 506 Patri
2302 467 2468 521 quam
2517 448 2608 503 ille
2642 447 2735 517 qui
2843 457 2929 501 est
2961 441 3484 542 consubstantialis?
3513 442 3653 542 iliau-

439 561 534 632 qui
565 560 794 631 plantat,
821 572 999 626 neque
1022 555 1114 626 qui
1147 554 1304 622 rigat,
1339 561 1422 605 est
1447 548 1670 620 aliquid,
1705 547 1800 603 sed
1825 547 1919 617 qui
1939 547 2032 602 dat

441 655 840 709 incrementum
881 659 964 705 est
1005 646 1148 702 Deus
1178 643 1230 714 (1
1264 644 1388 697 Cor.
1427 641 1651 710 ιιι)»-‹
1667 638 1758 695 Sic
1777 655 1908 711 ergo
1929 654 2032 694 nos

440 743 755 801 sacerdotes
784 742 1059 797 existimet
1087 739 1268 802 homo,
1321 743 1382 790 ut
1410 733 1692 789 ministros
1721 731 1947 797 Christi,
1978 743 2032 788 et

427 836 846 912 [dispensatores
883 828 1267 903 mysteriorum
1317 824 1432 879 Dei.
1476 823 1579 879 ilic
1617 824 1731 894 jam
1767 822 2034 894 quaeritur

440 927 584 983 inter
644 926 1084 996 dispensatores,
1151 927 1209 973 ut
1278 916 1454 974 lidelis
1527 917 1654 986 quis
1723 915 2034 970 inveniatur

443 1017 500 1088 (I
528 1017 653 1073 Cor.
681 1016 776 1084 tv).
813 1035 831 1066 ι
871 1012 926 1068 Si
951 1021 1133 1066 autem
1162 1024 1263 1065 nos
1298 1009 1613 1064 sacerdotes
1646 1008 1786 1063 inter
1806 1017 2034 1063 cazteros

437 1111 851 1179 dispensatores
874 1104 1056 1160 ﬁdeles
1079 1102 1444 1168 inveniamur,
1473 1101 1610 1156 bene
1635 1119 1650 1169 ;
1675 1101 1724 1156 si
1746 1110 1928 1155 autem
1951 1101 2034 1154 in-

439 1201 624 1256 ﬁdeles
648 1197 827 1269 (quod
851 1195 992 1252 Deus
1014 1195 1251 1263 avertat)
1275 1195 1378 1249 vrri
1398 1209 1477 1250 vae
1500 1193 1660 1250 nobis
1681 1195 1694 1248 !
1717 1191 2031 1248 Secundum

438 1287 782 1358 privilegium
810 1293 896 1340 est
939 1283 1218 1340 aeternitas
1267 1282 1578 1340 sacerdotii.
1610 1283 1748 1338 Cum
1779 1282 1927 1337 enim
1953 1283 2034 1338 le-

435 1379 586 1450 gales
606 1378 920 1436 sacerdotes
945 1386 1294 1434 transeuntes
1313 1384 1519 1444 essent,
1549 1384 1606 1431 et
1639 1375 1764 1431 aliis
1793 1375 2034 1430 morien-

434 1471 583 1526 tibus
629 1471 722 1527 alii
771 1469 1150 1534 succederent,
1185 1468 1532 1539 evangelicus
1581 1467 1840 1523 sacerdos
1873 1466 2032 1522 Jesus

433 1561 692 1618 Christus
745 1563 1141 1633 sempiternum
1191 1560 1353 1616 habet
1405 1559 1772 1616 sacerdotium
1823 1567 2029 1630 utpote,

433 1653 526 1710 cui
558 1673 576 1704 ι
601 1653 808 1724 juravit
841 1652 1106 1708 Dominus
1131 1660 1188 1708 et
1216 1667 1328 1706 non
1351 1651 1638 1722 paenitebit
1665 1667 1790 1707 eum
1818 1669 1831 1705 :
1861 1649 1942 1706 Tu
1969 1667 2031 1708 es

432 1744 692 1800 sacerdos
723 1745 777 1799 in
803 1754 1068 1803 aeternum
1100 1742 1404 1801 secundum
1427 1729 1688 1798 ordinem
1732 1741 2022 1800 Melchise-

2135 552 2239 596 tem
2271 557 2303 596 a
2331 554 2443 611 quo
2480 553 2760 608 nunquam
2789 535 3044 600 discedit,
3087 533 3288 594 dicitur
3323 531 3409 594 hic
3437 533 3656 604 accedere,

2131 634 2392 706 quoniam
2424 633 2568 702 apud
2609 645 2737 685 eum
2769 644 2876 700 pro
2905 627 3065 683 nobis
3093 624 3416 696 interpellat,
3457 626 3659 685 humani-

2131 725 2260 782 tatis
2288 739 2403 778 sua:
2422 719 2952 792 'repnesentationis.
2985 716 3261 772 Caeterum
3292 731 3390 770 nec
3421 715 3534 770 olim
3555 718 3665 790 lego.

2132 819 2233 886 les,
2277 833 2380 872 nec
2421 814 2586 870 modo
2613 812 2917 886 evangelici
2955 809 3272 866 sacerdotes
3297 808 3365 864 ad
3403 807 3667 881 Deumpos-

2133 921 2264 968 sunt
2311 911 2593 976 accedere,
2624 908 2745 963 sine
2785 920 3008 962 summo
3051 902 3334 959 sacerdote
3361 901 3570 960 Domino
3595 921 3671 959 no-

2133 1015 2249 1062 stro
2277 1004 2407 1061 Jesu
2449 1003 2692 1068 Christo,
2723 1000 2820 1056 Dei
2860 1009 2916 1056 et
2955 998 3245 1057 hominum
3277 996 3570 1053 mediatore.
3592 997 3677 1053 Sed

2132 1100 2298 1156 etiam
2323 1097 2529 1153 nostris
2560 1094 2951 1166 iniquitatibus
2983 1089 3358 1163 exigentibus,
3396 1105 3491 1146 nec
3508 1089 3671 1160 jamad

2134 1189 2314 1261 ipsum
2342 1187 2700 1242 mediatorem
2729 1200 2824 1255 per
2855 1199 2958 1238 nos
2983 1182 3238 1236 valemus
3267 1178 3530 1237 accedere.
3565 1178 3672 1238 Exo-

2133 1282 2304 1340 randa
2335 1280 2598 1337 nimirum
2627 1287 2712 1334 est
2730 1286 2787 1335 et
2808 1275 3070 1347 lacrymis
3097 1272 3393 1345 “agitanda
3413 1271 3672 1329 beatissima

2135 1376 2231 1433 Dei
2259 1375 2494 1448 genitrix
2518 1387 2733 1443 semper
2756 1369 2958 1435 Maria;
2986 1366 3252 1424 etot-andi
3283 1366 3431 1424 cives
3457 1367 3673 1436 superni;

2131 1466 2395 1524 exorandi
2447 1464 2748 1536 prophetae,
2790 1460 3044 1532 apostoli,
3099 1467 3374 1530 martyres
3414 1467 3469 1512 et
3498 1458 3678 1528 gloriosi

2131 1560 2498 1625 confessores,
2547 1557 2752 1628 quibus
2800 1554 2963 1610 hodie
2997 1551 3427 1609 solemnizamus
3458 1566 3569 1606 cum
3599 1567 3678 1607 cai-

2133 1655 2264 1710 teris
2289 1652 2520 1719 sanctis,
2559 1660 2838 1720 quatenus
2882 1647 3058 1704 nostri
3106 1646 3498 1701 intercessores
3518 1653 3566 1699 et
3593 1660 3681 1706 tne-

2131 1747 2374 1803 diatores
2401 1743 2542 1815 apud
2569 1742 2740 1798 Deum
2779 1741 3042 1797 existant.
3070 1740 3290 1807 Quanto
3333 1737 3526 1808 quippe
3549 1737 3683 1807 pluri-

430 1836 570 1892 dech
603 1836 777 1906 (Prol.
808 1837 944 1907 clx).
984 1856 1001 1887 ι
1058 1834 1372 1892 Sacerdotis
1415 1834 1687 1906 siquidem
1711 1844 1814 1903 est,
1853 1844 1909 1895 et
1944 1845 2023 1892 te-
2057 1818 2096 1876 Β
2131 1840 2236 1895 bus
2283 1846 2339 1894 et
2395 1834 2700 1906 majoribus
2757 1831 3086 1888 criminibus
3143 1830 3470 1900 elongamur
3505 1843 3534 1882 a
3581 1827 3685 1894 Deo,

433 1935 765 1984 stamentum
811 1929 1195 1988 tuatidatorum
1240 1937 1293 1984 et
1343 1927 1744 1998 promissorum
1785 1929 1880 1985 Dei
1929 1945 2030 2001 po—.

431 2017 563 2087 pulo
587 2017 819 2085 tradere,
861 2028 914 2074 et
945 2034 1046 2088 pro
1097 2019 1627 2088 transgressionibus
1662 2019 1783 2090 ejus
1831 2021 2030 2077 oﬂ'erre

431 2117 488 2162 et
512 2109 875 2180 interpellare.
919 2109 1154 2182 ideoque
1195 2109 1453 2167 Christus
1489 2120 1642 2170 tanto
1673 2113 2029 2174 excellentius

430 2202 653 2269 dicitur,
701 2212 913 2273 quanto
967 2203 1178 2260 caeteris
1224 2204 1582 2266 excellentius
1637 2215 2026 2264 testamentum

431 2293 635 2363 populo
683 2293 928 2361 tradidit,
969 2311 1068 2365 pro
1105 2296 1227 2366 ipso,
1252 2297 1448 2365 oravit,
1497 2307 1554 2353 et
1576 2299 1817 2369 seipsum
1847 2299 1906 2354 in
1939 2316 2030 2355 sa-

429 2384 696 2442 criﬁcium
748 2387 964 2442 obtulit.
1012 2386 1117 2455 Qui
1153 2389 1407 2459 quamvis
1455 2391 1757 2447 secundum
1805 2407 2030 2448 carnem

430 2485 682 2532 mortuus
714 2477 806 2546 sit,
839 2486 1021 2536 tamen
1052 2461 1297 2549 quotidie
1332 2479 1572 2537 oﬂicium
1600 2481 1903 2536 sacerdotis
1942 2481 2026 2536 fa»

429 2569 524 2636 cit,
564 2568 696 2625 dum
748 2579 803 2626 et
831 2570 1000 2631 corda
1031 2571 1216 2642 populi
1253 2571 1339 2627 sui
1388 2571 1736 2628 invisibiliter
1783 2572 2029 2643 quotidie

427 2664 608 2728 docet,
637 2671 694 2718 et
718 2662 874 2735 signa
895 2664 1183 2736 passionis,
1203 2680 1318 2724 suae
1340 2665 1584 2736 quotidie
1611 2663 1762 2720 Patri
1799 2682 1899 2737 pro
1924 2681 2018 2721 no-

428 2756 516 2810 his
541 2765 858 2826 praesentat,
888 2766 944 2821 et
970 2757 1215 2828 quotidie
1237 2759 1379 2828 apud
1417 2757 1589 2816 Deum
1625 2775 1727 2829 pro
1750 2758 1909 2823 nobis
1944 2757 2028 2812 in-

431 2847 682 2918 terpellat
707 2867 720 2902 :
749 2857 804 2904 et
829 2848 965 2907 dum
993 2850 1238 2919 quotidie
1283 2850 1629 2916 invisibiliter
1659 2851 1915 2907 homines
1939 2851 2029 2906 ba-

428 2941 618 3012 ptizat,
653 2942 890 2999 absolvit
910 2953 963 3000 et
987 2944 1141 3013 ligat.
1175 2943 1288 3000 Nos
1317 2954 1501 3001 autem
1534 2945 1742 3017 indigni
1773 2946 2028 3009 sacerdo-

429 3047 514 3090 tes
565 3050 667 3091 nec
707 3051 924 3105 semper
970 3036 1283 3115 sacerdotes
1326 3053 1541 3104 sumus,
1595 3039 1726 3109 quia
1765 3039 1820 3094 in
1853 3048 2028 3100 morte

428 3126 667 3184 cilicium
695 3135 898 3187 nostrae
916 3127 1264 3185 villicationis
1295 3129 1617 3197 amittimus,
1656 3139 1712 3186 et
1740 3131 1904 3197 etiam
1943 3130 2024 3185 vi-

428 3227 621 3274 ventes
668 3218 945 3288 peccando
986 3219 1302 3280 sacerdotio,
1338 3229 1528 3276 nostro
1556 3221 1861 3292 privamur,
1891 3222 2024 3277 dum

427 3324 532 3366 nec
586 3309 915 3380 praedicare,
967 3327 1068 3369 nec
1121 3311 1431 3372 sacrificare
1457 3353 1476 3378 ,
1523 3328 1624 3369 nec
1673 3327 1834 3374 orare
1883 3313 2028 3371 sicut

429 3413 645 3476 oportet
669 3404 850 3461 idonei
880 3408 1201 3478 reperimur.

503 3495 748 3552 Tertium
778 3497 1122 3570 privilegium
1149 3508 1233 3556 est
1257 3509 1500 3570 potestas
1528 3501 1802 3570 salvandi,
1825 3504 1900 3559 de
1916 3519 2028 3573 qua

427 3589 684 3646 Christus
709 3591 1144 3659 commendatur,
1179 3608 1304 3648 cum
1350 3593 1640 3650 subditur:
1681 3593 1825 3650 Vade
1845 3595 2028 3649 atrat-

427 3699 550 3736 vare
576 3683 633 3736 in
664 3691 972 3753 perpetuum
1003 3695 1194 3755 potest,
1231 3703 1434 3757 semper
1456 3688 1630 3742 virens
1662 3689 1732 3742 ad
1777 3687 2027 3758 interpel-

427 3772 651 3828 landum
673 3791 769 3845 pro
796 3775 965 3840 nobis.
999 3775 1138 3844 Quia
1172 3777 1338 3834 habet
1367 3795 1491 3835 cum
1533 3779 1694 3835 Patre
1738 3779 2026 3836 coaeterni-

428 3873 619 3931 tatem,
645 3866 766 3922 ideo
819 3876 875 3922 et
915 3869 1368 3939 omnipotentiam
1407 3871 1653 3929 salvandi
1699 3871 1864 3927 habet
1899 3887 2026 3928 cum

428 3955 611 4013 Patre.
640 3957 751 4015 Nec
785 3961 965 4016 solum
997 3961 1378 4019 auctoritatem
1428 3963 1672 4021 salvandi
1713 3961 1900 4031 habet,
1931 3964 2025 4020 sed

433 4049 601 4105 etiam
653 4051 1047 4121 ministerium,
1091 4069 1150 4109 se
1180 4071 1280 4126 pro
1316 4055 1693 4127 redemptione
1728 4056 1916 4113 mundi
1970 4057 2024 4112 in

429 4141 672 4212 pretium
711 4141 928 4211 dando;
980 4160 1112 4201 suos
1156 4145 1226 4201 de
1270 4145 1525 4203 faucibus
1565 4146 1867 4208 inferorum
1917 4148 2026 4204 eri-

429 4231 651 4303 piendo,
679 4247 906 4304 regnum
933 4234 1201 4297 eoelorum
1231 4237 1312 4294 eis
1339 4238 1659 4310 aperiendo,
1689 4255 1904 4309 semper
1926 4254 2026 4311 pro

433 4323 517 4380 eis
565 4325 634 4380 ad
676 4323 893 4394 Patrem
950 4327 1364 4400 interpellando.
1427 4329 1579 4388 Unde
1619 4332 2026 4392 antonomatice

429 4415 612 4483 Jcsus,
646 4416 697 4472 id
724 4425 805 4473 est
834 4416 1084 4476 Salvator
1125 4429 1180 4475 et
1226 4421 1418 4483 mundi
1446 4420 1775 4494 Redemptor
1806 4439 2023 4480 nuncu-

2130 1941 2284 1988 tanto
2306 1928 2558 2001 pluribus
2570 1936 2624 1982 et
2646 1925 2952 1997 majoribus
2980 1921 3378 1979 niediatoribus
3400 1919 3690 1991 indigestus,

2129 2023 2196 2079 Et
2221 2023 2351 2094 quia
2401 2019 2636 2076 aliorum
2685 2017 3018 2073 mediatores
3046 2013 3116 2069 ad
3146 2012 3324 2068 Deum
3353 2027 3476 2068 esse
3505 2011 3691 2066 debere-

2129 2131 2276 2183 mus,
2308 2111 2705 2169 mediatoribus
2748 2116 2804 2163 et
2827 2104 3348 2163 reconciliatoribus
3391 2103 3530 2173 apud
3552 2100 3696 2162 Deum

2131 2207 2439 2277 indigemus
2466 2224 2478 2260 :
2506 2218 2616 2263 non
2640 2203 2984 2260 attendentes
3001 2201 3294 2272 quoniam,
3325 2198 3514 2268 siquis
3537 2214 3688 2268 pecu-

2129 2301 2286 2366 verit,
2316 2300 2494 2358 orabit
2519 2315 2619 2370 pro
2641 2315 2708 2354 eo
2733 2297 3014 2361 sacerdos,
3048 2296 3147 2351 sed
3167 2295 3220 2351 si
3253 2293 3514 2349 sacerdos
3539 2308 3695 2363 pecca-

2129 2393 2287 2461 verit,
2319 2393 2448 2463 quis
2484 2392 2664 2448 orabit
2692 2407 2792 2462 pro
2815 2390 2954 2446 illo?
2989 2388 3040 2460 (ι
3075 2388 3200 2459 Reg.
3248 2388 3338 2455 ιι.)
3363 2385 3500 2442 Etsi
3539 2388 3695 2441 inean-

2130 2491 2272 2538 tator
2305 2497 2604 2552 percussus
2631 2479 2798 2540 fuerit
2819 2495 2849 2535 a
2876 2487 3129 2550 serpente
3154 2477 3285 2550 quis
3313 2476 3608 2533 medebilur
3630 2475 3704 2531 ei!

2130 2575 2339 2648 (δι-σιξ..
2362 2574 2486 2646 an.)

2198 2666 2462 2733 Quintum
2509 2663 2850 2737 privilegium
2905 2674 2990 2720 est
3038 2660 3369 2721 immunitas
3408 2659 3696 2732 peccati,de

2126 2778 2234 2832 qua
2284 2760 2544 2816 Christus.
2584 2757 3003 2824 commendatur
3043 2772 3177 2814 cum.
3228 2754 3489 2813 subditur
3527 2773 3541 2808 :
3577 2752 3694 2809 Talis

2125 2855 2264 2910 enim
2287 2852 2501 2908 decebat
2555 2851 2705 2906 nobis
2744 2859 2802 2906 ut
2841 2851 2992 2910 nobis
3039 2858 3180 2904 esset
3201 2849 3447 2918 ponti/cz
3492 2856 3694 2909 sanctas,

2126 2947 2394 3011 innocens,
2435 2944 2768 3016 impollutus,
2819 2951 3125 3014 segregatus
3171 2958 3202 2994 α
3239 2941 3610 3010 peccatoribus.
3630 2939 3694 2993 Ac

2127 3039 2174 3094 si
2194 3039 2380 3096 dicat:
2433 3037 2658 3094 Dicebat
2702 3036 2850 3094 enim
2911 3035 3073 3092 nobis
3118 3043 3180 3091 ut
3225 3034 3355 3090 talis
3384 3033 3539 3088 nobis
3576 3043 3693 3088 esset

2126 3130 2369 3203 pontifex
2391 3139 2629 3196 sanctus,
2646 3129 2740 3200 qui
2757 3127 3244 3198 perscmetipsum
3263 3135 3456 3196 posset
3469 3125 3531 3180 ad
3554 3124 3696 3179 Deum

2128 3223 2405 3290 accedere,
2451 3221 2657 3278 scilicet
2688 3229 2749 3279 ut
2781 3229 2927 3276 esset
2963 3227 3212 3275 sanctus.
3237 3216 3305 3272 Et
3347 3217 3574 3289 qualiter
3591 3232 3694 3271 san-

2128 3327 2251 3374 ctus
2279 3325 2423 3372 esset
2457 3331 2552 3385 per
2573 3322 2756 3384 partes
2785 3311 2962 3384 aperit
2992 3312 3266 3378 innocens,
3316 3311 3499 3380 quoad
3545 3309 3694 3378 proxi-

2129 3426 2302 3476 mum,
2347 3407 2660 3478 impollutus
2704 3405 2759 3461 in
2808 3421 2888 3460 se.
2940 3403 3007 3458 Et
3043 3419 3104 3458 ut
3145 3404 3478 3475 generaliter
3518 3403 3696 3457 dicatur

2128 3503 2357 3560 omnino
2384 3482 2687 3572 segregatus
2727 3517 2758 3553 a
2781 3484 3169 3569 peccatoribus,
3194 3497 3412 3568 peccati
3435 3495 3591 3551 totius
3613 3495 3700 3548 im-

2128 3597 2416 3661 munitate.
2443 3594 2609 3651 Decet
2629 3593 2830 3666 quippe
2865 3601 2928 3648 ut
2977 3601 3203 3647 sanctus
3230 3590 3304 3656 sit
3327 3590 3424 3660 qui
3451 3604 3569 3644 reos
3587 3604 3699 3642 saa-

2128 3687 2350 3754 ctiticat,
2382 3684 2650 3741 innocens
2677 3683 2749 3739 sit
2769 3683 2868 3754 qui
2896 3689 3160 3739 nocentes
3183 3680 3426 3752 iudicat,
3477 3679 3706 3749 impoliti..-

2129 3788 2218 3840 tus
2247 3777 2320 3834 sit
2366 3776 2800 3848 quipeccatores
2848 3774 3016 3842 lavat,
3062 3781 3179 3828 uta
3235 3771 3612 3843 peccatoribus
3644 3771 3701 3824 sit

2129 3878 2443 3943 segregatus
2484 3869 2583 3940 qui
2639 3867 2751 3925 Deo
2785 3875 3100 3939 peccatores
3155 3865 3498 3922 reconciliat.
3529 3864 3582 3919 in
3610 3879 3706 3932 quo

2128 3963 2312 4024 omnis
2347 3972 2458 4022 tam
2495 3961 2630 4017 Novi
2665 3977 2831 4032 quam
2880 3958 3092 4016 Veteris
3139 3958 3507 4024 Testamenti,
3544 3972 3706 4013 sacer-

2127 4055 2284 4110 dotes
2320 4051 2622 4124 imperfecti
2667 4052 3036 4124 reperinntur,
3075 4052 3345 4123 quoniam
3376 4067 3538 4106 nemo
3562 4066 3705 4104 unm-

2127 4146 2232 4202 dus
2261 4162 2291 4205 a
2322 4146 2502 4202 sorde.
2535 4163 2553 4196 ε
2590 4144 2678 4211 Ει,
2709 4153 2770 4200 ιιι
2796 4145 2875 4199 ait
2899 4143 3161 4211 Joannes,
3184 4143 3238 4198 si.
3258 4143 3563 4198 dixerimus
3586 4141 3703 4211 quia

2129 4247 2417 4309 peccatum
2448 4253 2557 4294 non
2584 4237 2873 4302 habemus,
2902 4251 3005 4296 nos
3024 4236 3174 4306 ipsos
3198 4235 3540 4304 seducimus,
3560 4244 3711 4290 etve-

2129 4331 2265 4392 ritas
2290 4330 2344 4385 in
2368 4330 2529 4386 nobis
2559 4344 2665 4384 non
2688 4338 2772 4384 est
2811 4325 2864 4398 (Ι
2891 4327 3056 4382 Joau.
3097 4327 3160 4396 ι).
3199 4346 3219 4376 s
3257 4325 3367 4381 Sed
3415 4325 3578 4396 (quod
3606 4325 3712 4380 sine

2129 4422 2337 4494 gemitu.
2357 4422 2542 4478 dicere
2571 4437 2682 4476 non
2721 4422 2972 4491 possum)
3023 4435 3127 4475 nos
3166 4418 3426 4475 hodierni
3475 4417 3710 4474 sacerdo-

429 4517 612 4578 patur.
658 4508 888 4580 Legales
935 4527 1065 4566 vero
1104 4513 1437 4582 sacerdotes,
1485 4531 1587 4571 nec
1628 4531 1707 4582 se,
1758 4531 1859 4572 nec
1887 4516 2026 4572 alios
2057 4519 2106 4579 Ι)
2132 4523 2232 4582 tes,
2265 4516 2457 4586 quales
2483 4531 2676 4571 sumus
2698 4515 2721 4568 ‘t
2746 4512 2941 4570 Norme
2976 4529 3078 4570 nos
3107 4513 3205 4584 qui
3253 4511 3712 4569 deberemusleos

428 4616 527 4671 per
555 4602 846 4671 sacriﬁcia,
863 4605 1328 4678 eteremoniasque
1355 4624 1487 4665 suas
1512 4617 1764 4680 poterant
1789 4609 2019 4666 salvare.

438 4712 456 4743 ι
470 4691 810 4765 [inpossibile
833 4696 979 4752 enim
997 4705 1104 4764 est,
1130 4706 1191 4753 ut
1205 4699 1281 4756 ait
1298 4700 1612 4770 Apostolus,
1626 4702 1890 4772 sanguine
1904 4711 2025 4760 tau-

435 4801 624 4842 rorum
652 4795 708 4843 et
735 4788 1015 4847 hircorum
1039 4790 1245 4846 auferri
1270 4799 1493 4861 peccata
1521 4790 1712 4861 (Hebr.
1742 4793 1819 4862 χ).
1853 4813 1871 4844 ι
1913 4792 2024 4850 Nos

437 4896 658 4953 quoilue
709 4884 1009 4955 evangelici
1061 4884 1409 4951 sacerdotes,
1459 4884 1555 4954 qui
1589 4894 1646 4941 et
1691 4885 1741 4941 si
1781 4902 1889 4941 non
1923 4904 2022 4943 au-

431 4982 633 5042 ctores,
667 4983 850 5031 tamen
875 4975 1070 5031 salutis
1097 4983 1320 5031 aeternae
1352 4974 1590 5031 ministri
1621 4991 1745 5033 esse
1791 4977 2020 5035 debere-

434 5081 559 5122 mus
571 5067 915 5137 pierumque,
934 5065 1082 5136 quod
1098 5065 1218 5122 sine
1241 5066 1444 5138 gemitu
1467 5066 1649 5122 dicere
1674 5083 1782 5125 non
1795 5084 2023 5140 possum

438 5159 739 5230 aliquibus,
762 5159 1158 5227 damnationis,
1185 5175 1295 5216 non
1326 5159 1523 5218 salutis
1544 5159 1782 5218 ministri
1806 5178 2024 5229 sumus,

436 5250 568 5305 dum
611 5265 707 5305 eos
751 5264 860 5305 non
885 5250 1235 5321 corripimus,
1293 5252 1389 5308 sed
1436 5266 1532 5308 eos
1583 5253 1727 5308 male
1775 5253 2026 5324 exemplo

437 5340 868 5410 corrumpimus,
904 5342 1034 5397 dum
1055 5342 1242 5410 etiam,
1291 5345 1440 5415 quod
1487 5345 1644 5416 pejus
1688 5356 1793 5413 est,
1828 5362 2022 5402 eorum

435 5431 566 5488 vitia
615 5431 922 5504 palpamus,
973 5445 1028 5492 et
1052 5451 1149 5491 eos
1195 5435 1250 5492 in
1304 5437 1544 5506 peccatis
1592 5439 1711 5496 suis
1753 5438 2021 5495 fovemus.

435 5519 705 5590 Quartum
748 5525 1088 5598 privilegium
1119 5533 1204 5580 est
1223 5542 1321 5598 per
1347 5526 1588 5598 seipsum
1621 5527 1691 5584 ad
1715 5527 1888 5584 Deum
1929 5544 2014 5584 ac-

436 5617 638 5684 cessio,
666 5617 732 5674 de
753 5635 860 5689 qua
887 5618 1141 5676 Christus
1163 5623 1580 5678 commendatur
1606 5639 1734 5678 cum
1755 5621 2027 5688 subditur,

441 5709 690 5764 accedens
716 5726 809 5778 per
845 5713 1179 5782 semetipsum
1205 5711 1276 5764 ad
1306 5711 1496 5780 Deum,
1546 5713 1664 5769 sine
1693 5713 1878 5785 aliquo
1913 5730 2027 5770 me-

440 5798 664 5857 diatore.
695 5801 831 5872 Quis
859 5805 1004 5862 enim
1028 5805 1205 5878 magis
1221 5813 1402 5878 potest
1423 5823 1540 5864 esse
1568 5807 1895 5880 conjunctus
1919 5807 2028 5864 Deo

2134 4607 2505 4673 sanctificare,
2554 4621 2653 4662 eos
2695 4605 3006 4662 eeontrario
3027 4605 3170 4659 mala
3199 4604 3464 4674 opinione
3485 4616 3714 4659 corrun-
3818 4645 3820 4650 .

2131 4699 2348 4770 pimus?
2379 4697 2571 4757 Nonne
2613 4698 2711 4770 qui
2757 4705 3018 4754 nocentes
3058 4696 3390 4752 deberemus
3428 4694 3712 4755 absolvam

2131 4793 2213 4848 eis
2242 4793 2390 4850 malo
2431 4792 2688 4864 exemplo,
2718 4791 3026 4851 uocemus?
3060 4787 3256 4844 Nonne
3285 4789 3383 4860 qui
3408 4788 3714 4844 deberemus

2134 4886 2371 4956 pollutos
2393 4885 2876 4951 lavare,vitiorum
2900 4893 3220 4940 nostrorum
3243 4882 3572 4954 contagione
3591 4880 3712 4934 alios

2129 4979 2474 5050 polluimus?
2526 4977 2718 5034 Nonne
2756 4978 2852 5050 qui
2875 4985 3192 5049 peccatores
3239 4975 3570 5030 deberemus
3617 4970 3715 5025 Deo
3818 5011 3820 5018 .

2128 5072 2508 5138 reconciliare,
2534 5073 2774 5142 peccatis
2791 5071 2999 5127 nostris
3019 5079 3213 5125 contra
3224 5077 3541 5140 peccatores
3559 5065 3711 5119 Deu-

2128 5166 2570 5222 exacerbamus?
2597 5164 2822 5220 Sextum
2861 5162 3206 5235 privilegium
3238 5171 3326 5217 est
3351 5161 3617 5216 celsitudo
3641 5158 3712 5211 de

2135 5256 2382 5327 gnitatis,
2411 5259 2480 5314 de
2508 5275 2616 5328 qua
2638 5258 2893 5313 Christus
2936 5255 3361 5311 commendatur
3387 5270 3516 5309 cum
3541 5252 3710 5306 subdi-

2135 5357 2262 5405 tur:
2299 5347 2578 5404 Excelsior
2626 5349 2770 5403 cmlis
2795 5349 2991 5418 factus.
3028 5346 3133 5414 Qui
3150 5347 3302 5402 enim
3319 5345 3549 5416 aequalis
3583 5342 3709 5396 Patri

2135 5441 2353 5509 residet,
2376 5442 2634 5498 omnibus
2661 5443 2926 5498 caelorum
2974 5439 3342 5511 potestatibus
3371 5439 3534 5494 altior
3559 5436 3708 5492 sedet.

2132 5532 2338 5589 Omnes
2377 5551 2504 5590 vero
2550 5535 2770 5606 legales,
2817 5533 2934 5590 sive
2975 5532 3278 5604 evangelici
3306 5530 3640 5593 sacerdotes.
3667 5539 3708 5578 τι

2132 5627 2181 5682 si
2211 5625 2381 5697 aliqui
2411 5643 2602 5682 eorum
2633 5627 2843 5682 caeteris
2875 5625 3196 5681 hominibus
3237 5624 3484 5694 majores
3519 5620 3708 5678 meritis

2134 5736 2256 5775 esse
2277 5721 2587 5786 videantur,
2639 5731 2821 5776 tamen
2866 5718 3054 5774 nullus
3081 5733 3279 5773 eorum
3322 5718 3508 5787 major
3524 5715 3708 5786 διιεάὲ

2136 5809 2485 5882 ρι’ωιιὶρειῑυιτ.
2516 5809 2668 5869 Unde
2694 5827 2817 5869 cum
2835 5809 3064 5866 dixisset
3088 5808 3393 5865 Dominus:
3424 5828 3442 5860 ι
3474 5807 3612 5864 inter
3630 5819 3705 5860 sa-
