3834 6332
48 440 201 498 ί589

1163 435 1488 492 nonnum.
1525 465 1592 474 -
1626 427 1698 485 u.
1741 383 1849 471 ΠΕ
1881 405 2180 493 Saxons.

3211 433 3350 495 l590

51 561 146 606 tos
169 566 206 604 η
229 548 462 605 uiierum
488 565 599 604 non
629 549 873 606 surrexit
903 547 1078 624 major
1101 545 1308 604 Joanne
1328 547 1588 620 Baptista,
1615 567 1633 597 ο
1677 560 1718 607 Α
1750 525 1910 596 amid
1939 560 2100 618 quam
2123 551 2359 608 divinam
2392 553 2734 617 iracundiam
2768 565 2960 614 contra
2987 569 3090 614 nos
3117 571 3344 618 exacer-

51 657 190 698 mox
252 640 560 712 subiunxit,
616 659 634 693 ι
673 642 769 712 qui
812 657 941 697 vero
1002 641 1182 696 minor
1229 651 1312 698 est
1372 641 1427 696 in
1480 656 1650 712 regno

49 735 326 790 ccelorum
373 733 553 804 major
590 743 674 789 est
708 735 802 790 illo
830 742 845 805 (
872 733 1063 788 Matth.
1090 733 1204 806 ιι).
1245 754 1264 786 ι
1299 733 1406 789 Sed
1431 750 1530 789 nos
1555 734 1652 787 lm-

50 825 147 882 die
178 825 388 897 indigni
440 825 756 882 sacerdotes
807 827 937 898 quid
980 827 1251 896 dicemus,
1301 827 1395 898 qui
1444 835 1593 883 caete;
1609 828 1655 885 is

51 905 381 974 hominibus
431 933 542 988 non
593 918 866 989 majores,
928 918 1023 975 sed
1080 909 1378 977 deteriores
1425 921 1657 976 sumus?

48 1009 166 1078 Qui
249 1025 377 1069 cum
456 1011 510 1066 in
592 1021 888 1082 conspectu
967 1012 1252 1068 hominum
1331 1013 1503 1094 gradu
1568 1021 1680 1069 sa-'

49 1102 355 1169 cerdotalis
429 1103 640 1158 ordinis
715 1103 972 1160 celsiores
1046 1104 1259 1162 caeteris
1334 1104 1654 1174 videamur,

53 1205 248 1251 tamen
327 1196 539 1252 caeteris
615 1195 904 1252 inferiores
977 1197 1086 1252 vita
1165 1197 1524 1270 moribusque
1568 1197 1656 1270 ja-

49 1303 301 1356 cemus;
353 1296 413 1346 et
458 1304 584 1347 cum
629 1304 726 1359 per
763 1289 1120 1345 ambitionem
1161 1299 1656 1362 praesumptuosam

51 1387 328 1449 tanquam
363 1377 492 1434 vani
535 1393 702 1449 super
746 1379 991 1452 gigantes
1027 1394 1129 1434 nos
1175 1379 1476 1449 elevamus,
1526 1381 1657 1452 quid

52 1469 215 1524 aliud
239 1483 406 1540 quam
430 1469 807 1540 opprobrium,
839 1479 1187 1542 contemptus
1226 1482 1280 1528 et
1310 1471 1514 1528 derisiu
1559 1488 1649 1544 po-

54 1561 178 1630 puli
217 1560 455 1616 sumus?
477 1560 781 1634 Septimum
811 1562 1152 1636 privilegium
1179 1561 1384 1618 Christi
1410 1573 1492 1620 est
1511 1563 1657 1635 quod

51 1666 176 1708 non
211 1650 377 1706 habet
399 1666 626 1708 necesse
652 1669 753 1724 pro
783 1668 843 1710 se
892 1653 1106 1712 hostias
1133 1654 1348 1723 on‘erre,
1386 1655 1530 1713 sicut
1549 1672 1657 1712 cae-

57 1741 168 1796 teri
191 1742 540 1810 sacerdotes;
576 1744 722 1801 unde
763 1746 1056 1803 subditur:
1090 1745 1195 1814 Qui
1230 1763 1333 1801 non
1373 1747 1528 1802 habet
1565 1764 1656 1802 nc-

54 1833 366 1888 cessitatem
413 1836 672 1906 quotidie,
710 1838 1153 1909 quemadmodum
1197 1838 1296 1894 alii
1337 1839 1654 1906 sacerdotes,

54 1925 215 1994 prius
235 1942 332 1997 pro
351 1927 560 1983 delictis
593 1930 706 1984 suis
729 1929 934 1985 hostias
982 1930 1191 2001 offerre,
1238 1931 1427 1986 deinde
1443 1947 1539 2002 pro
1563 1947 1657 2001 ρο·
1687 1913 1732 1973 Β

55 2017 212 2086 pulo.
243 2015 499 2077 Christus
524 2021 698 2089 enim,
723 2023 851 2094 quia
877 2023 1144 2079 immunis
1187 2033 1272 2079 est
1301 2024 1372 2080 ab
1398 2023 1548 2080 omni
1573 2024 1655 2079 la-

61 2112 152 2180 be,
175 2126 289 2167 non
325 2111 490 2170 habet
525 2115 908 2172 necessitatem
945 2132 1046 2188 pro
1084 2132 1143 2174 se
1184 2117 1396 2174 hostias
1437 2117 1651 2174 ollerre.

57 2202 225 2283 Quod
248 2203 397 2261 enim
429 2221 490 2262 se
518 2206 849 2277 humiliavit,
881 2208 1030 2282 quod
1065 2220 1270 2266 nostrae
1295 2209 1480 2266 carnis
1508 2208 1658 2265 defe-

59 2305 189 2352 ctus
215 2298 535 2368 assumpsit,
560 2299 706 2370 quod
735 2301 1119 2372 contumelias,
1147 2301 1400 2378 injurias,
1422 2301 1654 2374 ﬂagella,

57 2403 398 2460 crucemque
418 2391 704 2460 sustinuit,
736 2400 910 2448 towm
942 2408 1042 2464 pro
1069 2392 1229 2449 nobis
1255 2401 1360 2460 est,
1399 2393 1491 2465 qui
1515 2392 1658 2449 indi-

59 2479 353 2554 gebamus,
399 2498 511 2538 non
559 2498 662 2554 pro
690 2483 868 2555 sequi
914 2485 1118 2542 nullius
1171 2484 1465 2556 indigebat.
1505 2484 1658 2543 Unde

59 2574 180 2652 ipse
220 2573 357 2630 dicit
398 2589 496 2646 per
533 2573 882 2632 Psalmistam
925 2596 938 2631 :
979 2595 999 2630 ι
1031 2575 1167 2644 Quae
1193 2592 1305 2632 non
1341 2577 1496 2649 rapui
1529 2587 1658 2633 tunc

53 2666 414 2724 exsolvebam
439 2666 612 2738 (Psal.
640 2669 854 2739 vatn).
897 2688 913 2720 ι
975 2669 1045 2724 At
1075 2685 1178 2725 nos
1206 2684 1400 2725 omnes
1431 2678 1539 2724 tam
1567 2686 1658 2725 ve-

53 2760 200 2816 teris
225 2775 395 2832 quam
425 2775 581 2816 nova:
610 2760 744 2830 legis
775 2761 1247 2834 sacerdotes,quia
1271 2761 1456 2818 nullus
1480 2776 1511 2817 a
1533 2777 1660 2833 pec-

48 2855 200 2910 catis
223 2854 419 2909 saltem
459 2853 766 2911 venialibus
812 2855 1051 2912 mundus
1098 2865 1202 2922 est,
1232 2854 1355 2912 ideo
1393 2855 1659 2912 habemus

47 2959 292 3001 necesse
329 2944 483 3016 prius
529 2961 630 3016 pro
655 2946 815 3004 nobis
873 2947 1084 3012 hostias
1130 2946 1346 3004 oﬂ‘erre.
1391 2946 1503 3004 Nos
1528 2964 1660 3006 vero

43 3036 271 3092 inﬁrmi
302 3037 633 3106 sacerdotes,
664 3039 762 3110 qui
785 3039 1132 3111 gravioribus
1173 3041 1410 3111 peccatis
1438 3041 1658 3110 irretiti,

40 3147 164 3203 pro
193 3129 356 3188 nobis
385 3131 580 3203 dignas
601 3132 812 3190 hostias
835 3133 944 3190 Deo
973 3134 1168 3192 oll'erre
1199 3153 1308 3192 non
1335 3136 1657 3205 sufficimus,

37 3215 348 3294 Quomodo
370 3239 471 3294 pro
494 3224 702 3281 nostris
732 3234 786 3281 et
813 3241 914 3296 pro
942 3226 1176 3283 aliorum
1199 3230 1441 3305 peccatis
1463 3230 1659 3288 υσθυε-θ

39 3315 450 3372 suﬂiciemus?
477 3314 544 3374 Et
585 3317 678 3388 qui
731 3333 897 3372 onera
952 3328 1140 3375 nostra
1179 3319 1321 3377 ferre
1363 3337 1472 3377 non
1509 3323 1659 3377 valc-

41 3423 213 3472 mus,
237 3407 516 3478 quomodo
564 3415 621 3462 et
669 3416 855 3465 nostra
892 3417 946 3464 et
991 3409 1164 3465 aliena
1209 3420 1428 3481 portare
1454 3411 1660 3470 videbi-

37 3498 235 3555 mur?
279 3489 282 3491 Α

125 3589 408 3648 Octavum
451 3594 797 3668 privilegium
848 3595 1105 3667 estquod
1136 3596 1390 3652 Christus
1435 3611 1536 3668 pro
1559 3611 1658 3668 po-

41 3686 198 3758 pulo
233 3701 345 3742 non
368 3687 567 3744 obtulit
595 3689 804 3746 alienas
831 3689 1064 3759 hostias,
1109 3688 1204 3746 sed
1246 3689 1508 3761 seipsum,
1540 3705 1663 3761 quae

44 3779 278 3835 oblatio
322 3789 432 3835 tam
468 3782 822 3852 conveniens,
871 3792 981 3838 tam
1010 3797 1231 3854 magna,
1268 3789 1381 3838 tam
1411 3781 1524 3838 Deo
1547 3783 1661 3854 pla-

48 3881 199 3930 cens
227 3871 330 3928 fuit
357 3873 502 3944 quod
530 3874 598 3930 ad
625 3876 798 3932 totius
835 3875 1060 3931 humani
1085 3874 1301 3946 generis
1333 3875 1662 3946 redemptio-

49 3980 215 4032 nem,
248 3973 518 4036 quantum
554 3966 608 4022 in
638 3967 755 4039 ipsa
803 3976 907 4033 est,
945 3966 1162 4022 suliicit.
1195 3965 1263 4021 At
1289 3964 1544 4037 legalium
1568 3979 1660 4021 sa-

49 4055 357 4112 cerdotum
407 4057 608 4127 hostia,
649 4059 743 4131 qui
777 4057 1067 4114 brutorum
1108 4057 1432 4130 sanguinem
1465 4057 1662 4112 immo-

50 4151 281 4218 labant,
314 4150 728 4219 inconveniens,
759 4167 948 4224 parva,
981 4149 1092 4206 Deo
1119 4149 1435 4221 displicens,
1456 4159 1512 4206 et
1541 4150 1663 4206 ideo

49 4242 408 4300 insuﬂlciens
430 4253 568 4300 erat.
614 4242 1034 4309 inconveniens,
1073 4241 1201 4314 quia
1243 4242 1420 4298 aliena
1470 4242 1540 4298 ab
1563 4242 1664 4299 ho-

49 4335 248 4401 mine;
284 4350 470 4404 parva,
495 4335 628 4406 quia
659 4335 944 4407 inaequalis
970 4334 1201 4402 homini;
1219 4332 1662 4406 Deodisplicens,

47 4425 336 4498 quoniam
358 4441 467 4482 non
489 4426 544 4482 in
583 4441 670 4495 ea,
721 4427 817 4484 sed
846 4435 1058 4482 tantum
1094 4426 1148 4482 in
1194 4426 1593 4499 significatione
1611 4436 1665 4484 et

45 4515 418 4572 olere-utinm
449 4516 738 4573 devotione
765 4516 1139 4573 delectabatur
1187 4515 1471 4573 Dominus.
1510 4515 1665 4573 Unde

49 4609 364 4666 Psalrnista
392 4609 446 4665 in
481 4625 720 4681 persona,
756 4607 880 4664 Filii
932 4609 1000 4665 ad
1039 4609 1296 4664 Patrem:
1331 4628 1350 4662 ι
1390 4607 1665 4665 Holocau-

48 4713 239 4771 stum,
275 4702 468 4773 inquit,
499 4719 600 4774 pro
625 4711 851 4778 peccato
885 4718 992 4758 non
1016 4702 1330 4774 postulasti,
1354 4711 1484 4758 tunc
1509 4702 1621 4758 dixi
1649 4719 1663 4756 :

47 4796 212 4852 Ecce
242 4796 413 4856 venio
443 4793 618 4867 (Psal.
669 4794 880 4866 χχχιχ).
919 4814 938 4848 ι
973 4793 1086 4851 Nos
1125 4803 1308 4850 autem
1369 4795 1670 4867 evangelici

45 4887 409 4953 sacerdotes,
442 4901 549 4942 non
591 4887 800 4943 alienas
849 4887 1060 4943 hostias
1103 4886 1404 4954 oderimus,
1437 4887 1531 4944 sed
1568 4887 1672 4944 ho-

46 4981 236 5037 stiam
267 4979 540 5049 passionis
563 4979 770 5035 Christi
808 4979 1054 5051 quotidie
1080 4980 1135 5034 in
1182 4988 1530 5036 sacramento
1558 4980 1668 5036 rei-

46 5058 344 5135 teramus,
387 5068 546 5142 juxta
595 5069 742 5141 quod
773 5069 889 5141 ipse
941 5069 1101 5124 nobis
1141 5069 1438 5141 praecepit:
1498 5089 1518 5121 ι
1553 5067 1672 5126 Hoc

49 5163 239 5222 facite
303 5162 359 5218 in
420 5177 602 5220 meam
658 5162 1240 5220 commemorationem
1286 5161 1442 5232 (Luc.
1507 5179 1666 5230 xxn;

53 5261 90 5317 1
121 5257 266 5316 Cor.
297 5259 395 5328 χι).
429 5278 448 5312 ι
483 5257 660 5327 Quam
697 5258 888 5329 utique
918 5257 1155 5314 hostiam
1197 5255 1341 5312 sicut
1363 5255 1668 5312 carnalium

53 5353 451 5411 membrorum
487 5359 803 5408 nostrorum
841 5349 1219 5416 crucidsione,
1251 5365 1375 5405 cum
1400 5365 1526 5406 vera
1549 5365 1671 5405 eor-

55 5447 158 5502 dis
204 5444 562 5514 contritione,
611 5457 738 5499 cum
788 5442 996 5498 fervida
1053 5441 1669 5498 charitatissdevotionc

61 5537 188 5592 Deo
243 5534 551 5602 on‘erimns,
605 5535 842 5590 hostiam
883 5531 1073 5605 procul
1102 5531 1271 5588 dubio
1311 5531 1422 5588 Deo
1452 5533 1673 5607 placen—

63 5641 182 5686 tcm
227 5643 335 5706 pro
381 5627 591 5685 nostris
648 5627 994 5696 aliorumque
1062 5626 1302 5697 peccatis
1365 5626 1666 5683 oderimus.

64 5721 229 5790 Quod
277 5720 336 5776 si
367 5720 424 5775 in
464 5718 672 5790 peccati
710 5725 1001 5776 vetustate
1025 5718 1198 5789 (quod
1228 5716 1370 5774 Deus
1399 5721 1672 5790 avertat!)

63 5821 427 5874 remanentes
453 5827 650 5869 novam
675 5811 880 5870 Christi
910 5811 1171 5878 hostiam,
1221 5811 1501 5868 immunda
1539 5828 1668 5868 con-

59 5911 329 5979 scientia,
345 5908 674 5984 pollutisque
688 5908 847 5966 labiis
867 5917 918 5966 et
937 5907 1188 5968 manibus
1217 5905 1520 5979 offerimus,
1539 5909 1669 5982 quid

1755 633 2002 697 bamus?
2030 640 2244 698 Nonum
2287 642 2633 716 privilegium
2667 645 2870 702 Christi
2916 655 3020 716 est,
3056 649 3201 720 quod
3231 659 3347 708 tan-

1757 741 1874 787 tum
1902 735 2068 790 semel
2096 749 2154 790 se
2182 749 2282 806 pro
2304 735 2505 818 populo
2527 736 2781 804 offerens,
2813 737 2923 794 Deo
2950 738 3103 808 Patri,
3123 742 3342 806 satisfe-

1757 823 1851 881 cit.
1881 824 2034 884 Unde
2057 835 2112 883 et
2131 827 2220 883 hic
2245 828 2632 900 subjungitur:
2652 828 2766 884 [Ioc
2792 832 2932 885 etaim
2966 833 3092 902 fecit
3111 833 3274 892 simel
3289 853 3346 894 se

1757 919 2050 989 offerendo.
2079 918 2305 992 chales
2350 920 2572 991 quidem
2609 921 2824 989 hostiae,
2857 923 2987 993 quia
3010 922 3345 989 insulﬁcien-

1758 1018 1861 1078 tes,
1887 1019 1943 1066 et
1985 1019 2200 1066 tantum
2231 1010 2426 1066 umbra
2468 1010 2778 1068 futurorum
2810 997 2968 1069 erant
3013 1015 3346 1087 multiplica-

1757 1099 1959 1158 bantur
2007 1112 2062 1159 et
2107 1102 2386 1160 multoties
2425 1103 2784 1172 iterabantur,
2836 1106 3015 1162 hostia
3049 1090 3181 1164 vero
3223 1123 3347 1179 quae

1756 1193 2012 1252 Christus
2041 1203 2145 1264 est,
2177 1196 2306 1268 quia
2332 1196 2629 1267 figurarum
2653 1199 2857 1256 veritas
2885 1209 2988 1270 est,
3016 1209 3070 1257 et
3091 1217 3190 1272 pro
3217 1217 3346 1274 pec-

1757 1287 1900 1344 catis
1919 1287 2187 1353 omnium,
2225 1289 2621 1358 praateritorum
2656 1290 2860 1346 scilicet
2913 1302 2967 1347 et
2992 1294 3344 1363 praesentium

1757 1388 1811 1436 et
1833 1378 2163 1446 futurorum,
2209 1379 2481 1436 sulllciens
2519 1391 2624 1450 est,
2653 1398 2761 1437 non
2790 1383 3040 1452 iteratur,
3083 1385 3344 1456 quoniam

1763 1493 1782 1524 ι
1813 1472 2070 1528 Christus
2110 1487 2402 1543 resurgens
2445 1489 2475 1528 a
2521 1476 2756 1532 mortuis
2793 1477 2905 1548 jam
2938 1495 3046 1533 non
3090 1478 3344 1547 moritur,

1759 1580 1908 1620 mors
1940 1564 2016 1619 illi
2041 1564 2182 1620 ultra
2233 1579 2342 1620 non
2393 1564 2766 1622 dominabitur
2793 1568 2966 1640 (Rom.
3006 1571 3104 1641 vr).
3150 1591 3169 1624 ι
3205 1569 3346 1639 Quia

1758 1666 1962 1725 tamen,
1989 1655 2184 1714 fratres
2226 1656 2356 1724 mei,
2385 1657 2432 1712 si
2466 1672 2575 1712 non
2617 1657 2995 1727 criminaliter,
3036 1671 3222 1717 tamen
3254 1678 3347 1720 ve-

1758 1747 1978 1803 nialiter
2043 1747 2414 1818 delinquimus
2481 1749 2742 1820 quotidie,
2788 1750 3023 1807 hostiam
3071 1753 3347 1826 passionis

1756 1839 1964 1897 Christi
1995 1841 2050 1896 in
2063 1851 2405 1897 sacramento
2430 1841 2714 1909 iteramus,
2740 1851 2799 1898 ut
2827 1843 3206 1914 quotidianum
3225 1846 3346 1916 ejus

1760 1947 2186 2002 sacramentum,
2231 1936 2675 2007 quotidianorum
2700 1936 2771 1993 sit
2793 1952 3116 1994 excessuum
3149 1955 3350 2027 purga-

1758 2036 2024 2083 mentum.
2054 2026 2137 2082 Sit
2163 2043 2263 2098 pro
2286 2027 2576 2098 przeteritis
2602 2027 2815 2084 delictis
2851 2029 3110 2100 expiatio,
3135 2026 3190 2086 et
3216 2047 3350 2085 con-

1760 2127 1841 2174 tra
1873 2117 2058 2173 futura
2107 2117 2366 2173 viaticum
2409 2126 2463 2173 et
2508 2117 2789 2174 fortitudo.
2825 2117 2982 2186 Quod
3017 2121 3236 2192 quidem
3269 2121 3348 2186 lit,

1760 2210 1804 2264 si
1830 2209 2072 2281 quotidie
2102 2209 2278 2281 magis
2311 2225 2374 2265 ac
2404 2210 2578 2282 magis
2622 2209 2970 2280 innovamur,
3025 2212 3069 2267 si
3103 2213 3350 2281 quotidie

1760 2301 1813 2357 in
1847 2301 2044 2357 melius
2068 2301 2408 2368 proficimus,
2437 2301 2483 2356 si
2511 2301 2897 2358 obliviscentes
2927 2303 3253 2372 posteriora,
3281 2303 3350 2356 ad

1759 2394 2034 2449 anteriora
2062 2393 2238 2466 magis
2267 2409 2331 2448 ac
2353 2393 2529 2465 magis
2573 2409 2674 2448 nos
2719 2393 3086 2449 extendimus.
3116 2392 3271 2460 Quod
3303 2394 3351 2448 si

1760 2483 1828 2539 ad
1879 2483 2145 2538 vomitum
2196 2490 2444 2538 nostrum
2483 2483 2652 2553 (quod
2687 2481 2831 2539 Deus
2881 2483 3135 2554 avertat!)
3167 2498 3351 2538 rever—

1761 2576 1931 2631 timur
1978 2574 2064 2648 (II
2110 2573 2258 2631 Patr.
2289 2577 2373 2646 ιι),
2413 2575 2458 2630 si
2503 2575 2556 2628 in
2585 2583 2827 2631 stercore
2873 2584 3061 2630 nostro
3084 2573 3355 2646 putresci-

1763 2684 1908 2735 mus,
1939 2669 2184 2740 talesque
2213 2668 2278 2722 ad
2311 2668 2481 2723 altare
2504 2667 2840 2734 accedimus,
2860 2666 2993 2738 quid
3023 2666 3169 2720 aliud
3185 2681 3355 2746 quam

1761 2761 1828 2815 ad
1857 2760 2030 2816 instar
2058 2759 2212 2816 ludas
2237 2760 2529 2831 proditoris
2553 2760 2824 2831 judicium
2857 2759 3016 2815 nobis
3057 2759 3356 2814 manduca-

1763 2869 1888 2910 mus
1915 2861 1976 2909 et-
1992 2853 2270 2908 bibimus?
2289 2850 2830 2923 Propterea,_fratres
2865 2849 2996 2919 mel;
3038 2864 3222 2906 mores
3250 2863 3353 2904 no-

1763 2956 1906 3004 stros
1926 2947 2285 3018 corrigamus,
2313 2945 2570 3018 lacrymis
2605 2944 2938 3016 poenitentiae
2961 2957 3226 3004 excessus
3255 2955 3358 3000 no-

1762 3048 1906 3095 stros
1941 3038 2237 3105 diluamus,
2289 3036 2514 3109 jejuuiis
2546 3078 2562 3102 ,
2611 3034 2956 3092 orationibus
2995 3042 3050 3090 et
3101 3034 3360 3106 operibus

1763 3128 2154 3188 misericordia:
2193 3128 2538 3195 insistemus,
2573 3126 2755 3182 omnia
2788 3126 2994 3183 caduca
3042 3133 3361 3183 contemna-

1763 3241 1907 3291 mus,
1941 3225 2010 3280 ad
2055 3222 2227 3279 Deum
2267 3230 2384 3278 toto
2430 3221 2594 3278 corde
2623 3229 2682 3276 et
2711 3219 2986 3277 desiderio
3011 3218 3358 3283 festinemus,

1763 3319 2025 3390 populum
2052 3317 2165 3384 Dei,
2191 3315 2356 3372 verbo
2391 3324 2448 3371 et-
2479 3313 2730 3386 excmplo
2760 3327 2985 3385 pascere
3017 3313 3358 3378 Studeamus,

1763 3422 1878 3467 tum
1910 3427 2043 3482 pura
2091 3409 2449 3475 conscientia,
2489 3409 2819 3479 mundisque
2855 3407 3113 3462 manibus
3161 3405 3228 3462 ad
3274 3405 3357 3460 al—

1765 3513 1880 3559 tare
1908 3511 2322 3560 sacrosanctum
2371 3501 2721 3568 accedamus,
2763 3515 3053 3570 quousque
3088 3498 3236 3570 digni
3273 3499 3358 3552 in-

1763 3605 2096 3663 tercessores
2135 3605 2190 3652 et
2251 3593 2582 3652 mediatores
2645 3591 2832 3664 populi
2898 3591 2965 3646 ad
3015 3589 3186 3645 Deum
3237 3605 3362 3647 esse

1764 3703 2096 3756 mereamur,
2150 3694 2445 3759 praestante
2487 3685 2604 3757 ipso
2651 3699 2870 3742 summo
2925 3684 3224 3739 mediatore
3263 3683 3359 3740 Dei

1763 3793 1818 3839 et
1842 3781 2129 3838 hominum
2158 3778 2290 3837 Jesu
2317 3777 2539 3836 Christo
2575 3777 2810 3834 Domino
2847 3787 3061 3845 nostro,
3103 3778 3197 3848 qui
3232 3793 3356 3833 cum

1764 3873 1924 3930 Patre
1945 3881 2000 3929 et
2027 3871 2234 3943 Spiritu
2263 3880 2454 3928 sancto
2480 3870 2614 3925 vivit
2635 3878 2690 3926 et
2717 3877 2909 3942 regnat
2955 3867 3100 3924 Deus
3122 3883 3218 3942 per
3241 3883 3362 3924 om-

1766 3968 1854 4022 nia
1887 3967 2087 4022 saeeula
2118 3965 2466 4022 seculorum.
2497 3963 2693 4018 Amen.

2467 4053 2659 4116 XXVI.

2021 4164 2178 4204 UNIUS
2216 4161 2585 4205 CONFESSOBIS.
2629 4162 2801 4202 SEBIO
2840 4162 2908 4201 DE
2949 4162 3077 4200 ιυω

1842 4240 1990 4295 Dixit
2020 4238 2177 4295 Iesus
2203 4238 2485 4309 discipulis
2507 4238 2652 4292 suis:
2686 4234 2805 4291 Sint
2836 4235 3003 4290 lumbi
3040 4237 3196 4290 vestri
3225 4254 3361 4307 pra:—

1767 4333 1951 4402 cincti,
1982 4341 2032 4389 et
2057 4333 2288 4388 lucerna:
2313 4331 2560 4386 ardentes
2597 4330 2653 4385 in
2688 4329 2934 4384 manibus
2979 4329 3166 4383 vestris
3206 4326 3363 4400 (Luc.

1767 4429 1889 4500 xu),
1915 4437 1970 4483 et
1999 4427 2229 4498 reliqua.
2261 4424 2525 4498 Bipartita
2548 4433 2634 4480 est
2661 4424 2779 4480 haec
2799 4423 2981 4490 lectio,
3005 4420 3205 4478 fratres
3233 4421 3365 4478 cha-

1769 4519 1993 4576 rissimi.
2030 4517 2277 4574 Primum
2301 4517 2449 4574 enim
2477 4515 2714 4573 ostendit
2742 4514 3008 4572 Dominus
3027 4513 3263 4586 qualiter
3293 4513 3362 4569 ad

1694 4612 1745 4672 Ι)
1770 4613 2063 4670 adventum
2092 4611 2213 4683 ejus
2252 4625 2352 4667 nos
2389 4623 2698 4682 praeparare
2741 4607 3058 4664 debeamus.
3107 4604 3362 4661 Secundo

1769 4721 1942 4777 quare
1966 4719 2182 4776 semper
2211 4702 2510 4758 debeamus
2539 4699 2783 4773 vigilare.
2813 4698 2987 4754 Porro
3029 4695 3264 4768 qualiter
3295 4695 3362 4750 ad

1768 4795 2062 4851 adventum
2105 4794 2228 4865 ejus
2274 4807 2377 4850 nos
2408 4791 2705 4848 debeamus
2740 4803 3069 4860 praeparare,
3097 4785 3358 4852 ostendit,

1770 4902 1896 4942 cum
1922 4884 2108 4942 subdit
2135 4884 2325 4941 dicens
2355 4901 2369 4937 :
2406 4881 2526 4939 Sint
2557 4879 2723 4934 lumbi
2748 4880 2906 4934 vestri
2926 4879 3220 4950 prwcincti,
3252 4887 3358 4933 etc.

1772 4979 1870 5037 llis
1893 4979 2096 5048 verbis,
2119 4978 2318 5034 fratres
2349 4977 2478 5043 mei,
2502 4990 2603 5030 nos
2639 4981 2819 5029 armat
2861 4971 3128 5028 Dominus
3166 4979 3357 5026 contra

1772 5075 1914 5130 mala
1943 5073 2066 5130 vita:
2084 5070 2393 5144 pmsentis,
2430 5082 2554 5140 qua:
2596 5075 2726 5123 sunt
2775 5066 2901 5122 tria.
2943 5063 3041 5120 Est
3082 5063 3230 5119 enim
3269 5062 3359 5118 via

1773 5167 1938 5238 hujus
1960 5164 2244 5236 praesentis
2266 5163 2391 5218 vitae
2419 5160 2754 5232 temporalis,
2787 5157 3021 5226 lubrica,
3044 5156 3355 5223 tenebrosa,

1772 5257 1988 5314 insidiis
2031 5257 2210 5327 plena.
2252 5253 2521 5319 Lubrica,
2563 5251 2692 5322 quia
2745 5266 2841 5322 per
2894 5248 3241 5322 fragilitatem
3289 5248 3358 5304 ad

1772 5349 2106 5422 peccandum
2140 5363 2338 5419 prona;
2367 5346 2678 5411 tenebrosa,
2710 5344 2840 5416 quia
2868 5358 2964 5414 per
2993 5342 3367 5414 ignorantiam

1774 5459 1952 5510 caeca;
1983 5441 2195 5497 insidiis
2229 5440 2408 5512 plena,
2439 5440 2566 5510 quia
2596 5454 2692 5509 per
2716 5437 3048 5494 tentationes
3066 5434 3351 5492 diabolieis

1775 5536 2060 5594 fraudibus
2103 5535 2489 5604 circumsepta.
2531 5530 2687 5588 Unde
2713 5540 2905 5588 contra
2955 5529 3220 5602 reprobus
3266 5543 3357 5600 per

1775 5631 2120 5687 Psalmistam
2149 5626 2380 5684 dicitur:
2413 5647 2431 5677 ι
2470 5624 2590 5680 Fiat
2635 5624 2722 5679 via
2768 5624 2986 5679 illorum
3026 5621 3264 5678 tenebras
3306 5631 3360 5676 et

1776 5725 2066 5788 lubricum,
2093 5729 2147 5776 et
2175 5720 2402 5791 angelus
2426 5717 2644 5772 Domini
2680 5729 3016 5790 persequens
3059 5727 3157 5770 eos
3187 5710 3362 5778 (Psah

1782 5817 1989 5884 xxxtv).
2025 5838 2040 5866 ι
2075 5815 2280 5870 Contra
2312 5811 2479 5883 igitur
2505 5810 2870 5874 lubricitatem
2917 5806 3081 5878 hujus
3107 5804 3234 5860 vita:
3257 5817 3361 5858 nos

1777 5917 1950 5966 armat.
1976 5906 2258 5977 Dominus,
2295 5919 2418 5962 eum
2445 5901 2595 5974 dicit,
2626 5903 2732 5956 sint
2767 5899 2931 5956 luuibi
2955 5896 3330 5968 ttesfrt'pra'riu
3356 5919 3366 5929 -
