3820 6312
528 341 657 397 1591
1779 334 2036 391 RADCLI

2189 335 2514 391 lltDENTlS
3609 339 3697 401 1562

518 456 614 511 cti.
650 455 796 511 Sane
821 454 969 527 quod
1003 453 1105 513 viri
1142 452 1357 511 luxuria
1384 452 1453 508 sit
1481 451 1535 505 in
1579 450 1780 509 lumbis
1810 449 1952 521 ejus,
1982 465 2107 505 ntu-
2141 452 2183 506 Α
2215 449 2575 521 vigilantiam,
2603 449 2676 504 ita
2698 448 2779 504 ad-
2798 447 3167 519 spiritualem,
3196 449 3299 504 tria
3324 459 3447 506 sunt
3463 455 3696 512 necessaria.

518 546 668 605 lieris
695 555 878 611 autem
904 546 964 603 in
998 546 1277 613 umbilico,
1306 553 1537 601 testatur
1574 542 1862 608 Dominus,
1905 542 2000 612 qui
2040 542 2108 598 de
2215 543 2491 610 Priinum,
2516 552 2576 598 ut
2601 560 2634 605 a
2657 543 2908 617 corporis
2950 551 3011 607 et
3038 539 3385 617 negligentia
3416 544 3606 607 tenebris
3634 564 3701 607 nos

518 622 739 697 diabolo
777 636 848 701 ad
898 637 1118 694 beatum
1152 636 1264 694 Job
1308 636 1552 709 loquitur
1592 635 1820 693 dicens:
1859 662 1881 688 ι
1922 634 2115 692 Virtus
2209 637 2672 709 expergiscatur.
2725 634 3001 704 Secundo,
3035 646 3097 692 ut
3141 635 3335 693 oculos
3360 636 3699 700 ratiocisadve-

518 729 638 803 ejus
687 729 743 795 in
789 730 992 788 lumbis
1029 730 1171 803 ejus,
1197 738 1255 785 ct
1275 728 1552 807 fortitudo
1574 729 1694 799 ejus
1743 728 1799 784 in
1846 728 2114 807 umbilico
2210 743 2334 787 rum
2383 726 2558 783 solem
2612 741 2830 798 semper
2873 735 3096 797 apertos
3142 726 3458 782 habeamus.
3480 725 3634 797 Tertio,
3664 742 3705 787 ut

516 818 727 881 ventris
770 821 891 892 ejus
923 819 1047 891 (Job
1074 820 1186 891 XL).
1208 840 1227 873 ι
1255 808 1498 877 Lumbos
1531 819 1695 890 igitur
1725 819 2108 901 preacingimus
2211 819 2374 875 noxia
2398 818 2726 886 devitantes,
2757 827 2813 875 et
2850 819 2997 874 bona
3020 818 3393 889 providentes,
3416 818 3612 897 undique
3639 837 3704 879 nos

518 928 644 989 cum
670 912 853 975 carnis
880 912 1127 968 lemnius
1170 920 1227 968 et
1255 912 1564 984 voluptates
1593 928 1691 989 per
1713 911 2105 971 continentiam
2207 922 2265 968 et
2307 921 2495 994 nostra
2547 911 2945 994 custodiamus.
2989 910 3130 967 llinc
3171 911 3318 967 enim
3349 911 3425 966 ait
3454 913 3705 982 Apostolus.

519 1013 885 1065 eoaretamus.
947 1004 1150 1059 Contra
1198 1004 1565 1076 ignorantiam
1611 1021 1740 1062 vero
1775 1021 1878 1063 nos
1909 1014 2105 1075 armat,
2217 1025 2235 1057 ε
2274 990 2541 1078 Evigilate
2567 990 2727 1079 justi,
2748 1014 2804 1062 et
2820 1005 2934 1075 jam
2964 1006 3133 1065 nolite
3163 1021 3393 1078 peccare
3418 1004 3467 1075 tl
3488 1005 3588 1062 Cor.
3611 1007 3705 1079 xv),i

516 1113 642 1151 cum
669 1097 855 1159 subdit
888 1116 901 1150 :
935 1095 1002 1151 Et
1028 1095 1259 1154 lucerme
1283 1098 1526 1155 ardentes
1553 1099 1608 1153 in
1640 1101 1882 1161 manibus
1899 1101 2103 1166 uestris.
2210 1084 2338 1165 hinc
2364 1114 2559 1155 rursus
2588 1097 2665 1154 ait
2694 1116 2707 1152 :
2745 1117 2765 1149 ι
2804 1096 2950 1153 liora
2979 1107 3066 1157 est
3087 1098 3205 1170 jam
3236 1114 3340 1152 nos
3365 1097 3430 1155 de
3454 1113 3611 1157 somno
3630 1115 3709 1155 sut-

516 1187 621 1251 I'er
648 1189 900 1247 lucernas
939 1190 1140 1265 quippe
1179 1191 1459 1259 ardentes,
1498 1193 1785 1263 doctrinae,
1826 1193 2105 1264 exemplar
2208 1207 2335 1262 gere
2361 1190 2709 1262 (limit-Jul).
2754 1211 2773 1243 ι
2811 1189 2903 1247 Sic
2942 1206 3074 1262 eligo
3110 1189 3462 1261 vigilantibus
3490 1189 3595 1259 quid
3619 1206 3708 1260 In.

516 1296 623 1348 que
647 1290 964 1337 sanctorum
1015 1278 1240 1339 Patrum
1270 1282 1657 1354 designantur.
1692 1284 1971 1342 Lucernas
2010 1286 2108 1359 igi-
2210 1284 2304 1338 mii
2335 1284 2596 1357 largietur
2626 1281 2931 1348 Dominus?
2952 1283 3119 1343 Amen
3145 1282 3268 1337 di.o
3293 1280 3457 1346 vobis,
3495 1283 3603 1351 quod
3625 1298 3712 1351 prtr-

515 1381 604 1426 l'lt‘
633 1372 888 1435 ardentes
926 1374 982 1429 in
1029 1375 1286 1435 manibus
1330 1376 1618 1444 habemus,
1659 1378 1881 1448 quando
1919 1378 2103 1437 lumen
2208 1377 2375 1447 cinget
2399 1392 2453 1431 se
2485 1385 2535 1430 et
2565 1374 2725 1444 faciet
2756 1375 2878 1435 iHos
2907 1373 3261 1441 discentbcre,
3297 1382 3347 1428 et
3401 1374 3624 1435 transient
3651 1375 3713 1431 ui—

513 1465 807 1533 doetrium,
838 1468 1197 1540 exemplaque
1226 1480 1546 1530 sanctorum
1576 1469 1803 1531 Patrum
1842 1471 1898 1527 iu
1924 1470 2106 1542 operi-
2208 1468 2458 1525 nistrabit
2481 1466 2613 1521 illis.
2632 1466 2757 1524 llaec
2776 1467 2938 1531 verba
2969 1468 3239 1523 honorem
3269 1473 3328 1525 et
3354 1464 3717 1529 ministrantium

512 1554 618 1610 hus
664 1564 929 1626 tenentes,
969 1559 1112 1615 viam
1160 1567 1370 1623 rectam
1408 1559 1475 1615 ad
1524 1558 1806 1617 Christum
1854 1562 2106 1633 exemplo
2206 1560 2517 1633 designant.
2543 1558 2713 1625 Quasi
2750 1559 2893 1630 ipsis
2925 1558 3109 1617 verbis
3146 1558 3298 1617 dicat
3334 1556 3595 1613 Dominus.
3626 1554 3716 1622 Qui:

514 1656 707 1703 nostro
756 1660 1151 1712 monstramus.
1190 1650 1268 1708 De
1314 1652 1516 1723 quibus
1552 1668 1683 1709 vero
1716 1653 1974 1725 operibus
1998 1653 2106 1711 Do-
2206 1666 2307 1706 vos
2335 1666 2423 1709 me
2451 1650 2842 1719 honoravistis,
2866 1660 2921 1708 et
2941 1665 3045 1723 ego
3065 1665 3171 1707 vos
3192 1649 3517 1711 honorabo:
3544 1647 3720 1718 quinos

514 1739 701 1798 minus
722 1741 857 1799 dicit
882 1764 894 1799 :
934 1766 952 1798 ι
988 1744 1081 1800 Sic
1107 1745 1289 1805 luceat
1317 1747 1411 1801 lux
1434 1755 1615 1804 vestra
1637 1761 1824 1805 coram
1867 1746 2105 1812 homini-
2140 1801 2177 1816 η
2209 1743 2341 1799 mihi
2365 1743 2799 1813 ministravistis,
2818 1753 2876 1803 et
2895 1759 2997 1816 ego
3026 1743 3185 1801 vobis
3208 1738 3716 1799 ministram.qu

514 1832 643 1900 bus,
670 1843 730 1890 ut
751 1834 969 1895 videant
1000 1852 1165 1909 opera
1191 1801 1370 1894 vestra
1395 1801 1559 1904 bona,
2138 1801 2179 1859 Β
2208 1836 2357 1907 quod
2387 1836 2516 1892 alibi
2540 1801 2809 1902 Dominus
2836 1801 2971 1893 dicit
3002 1858 3021 1899 ξ
3051 1854 3071 1891 t
3104 1834 3164 1892 Si
3186 1834 3317 1909 quis
3345 1832 3644 1895 conﬁtebitur
3662 1849 3718 1887 ne

515 1934 654 1980 trem
681 1936 923 1982 vestrum
968 1928 1062 2001 qui
1102 1929 1155 1983 in
1185 1929 1337 1989 cretis
1362 1939 1447 1987 est
1476 1930 1696 2001 (Μαωιι.
1729 1933 1804 2002 v).
1845 1951 1864 1983 ι
1898 1931 2108 1989 Contra
2207 1945 2401 1991 coram
2424 1930 2764 1997 hominibus,
2786 1930 3084 1989 confitebor
3109 1937 3167 1985 et
3189 1944 3294 2001 ego
3322 1942 3452 1991 eum
3473 1942 3624 1985 cum
3646 1924 3716 1979 PI-

516 2018 1063 2088 qnoque,diabolicas
1085 2020 1313 2077 insidias
1349 2038 1450 2077 nos
1478 2033 1676 2091 armat,
1706 2039 1830 2080 cum
1853 2039 1957 2080 nos
1985 2039 2105 2081 mo-
2206 2029 2289 2078 tre
2311 2038 2437 2079 meo
2458 2022 2680 2095 (Matth.
2714 2023 2793 2091 κ).
2827 2042 2849 2077 ι
2883 2021 2952 2079 Et
2972 2037 3202 2079 rursum
3231 2039 3247 2076 :
3281 2040 3303 2074 ι
3338 2020 3400 2075 Si
3428 2019 3543 2093 quis
3562 2017 3720 2075 honori-

513 2118 611 2164 net
640 2110 885 2182 vigilare,
916 2112 1175 2179 subdens,
1207 2122 1257 2168 ct
1302 2130 1388 2173 vos
1438 2115 1639 2171 similes
1670 2116 1972 2173 hominibus
2012 2131 2105 2173 εε-
2206 2116 2450 2173 ficaverit
2473 2131 2582 2183 me,
2608 2115 2998 2172 honorificabit
3037 2131 3164 2171 cum
3212 2112 3381 2169 Pater
3424 2127 3567 2171 meus
3588 2110 3656 2183 qui
3681 2110 3717 2164 in

515 2199 874 2268 spectantibus
918 2201 1191 2269 domitutm
1240 2219 1425 2273 suum,
1468 2205 1683 2276 quando
1731 2215 2024 2267 revertatur
2072 2223 2105 2260 a
2205 2205 2362 2265 uelis
2397 2216 2484 2265 est
2510 2204 2693 2280 (Joan.
2722 2208 2846 2277 xu).
2879 2225 2897 2258 ι
2944 2203 3173 2279 Mystice
3216 2218 3352 2260 vero
3384 2210 3549 2259 vestes
3567 2199 3718 2257 Domini

517 2294 740 2361 nuptiis.
766 2290 1100 2365 Exspectare
1144 2305 1230 2352 est
1273 2312 1387 2352 rem
1432 2287 1671 2354 amatam
1702 2315 1830 2361 cum
1867 2298 2102 2371 vigilan-
2205 2298 2464 2367 dicuntur
2479 2297 2677 2355 sancti.
2701 2296 2799 2354 llis
2815 2297 3087 2363 Dominus
3117 2293 3721 2369 seprteeinget,quonim

513 2386 587 2439 tFa
618 2395 671 2441 et
695 2384 969 2447 desiderio
1016 2403 1259 2458 sperare.
1288 2386 1457 2461 Igitur
1502 2390 1549 2446 si
1594 2389 1889 2450 Dominum
1920 2392 2102 2465 diligi-
2205 2392 2413 2449 sanctis
2444 2390 2713 2449 Dominus
2738 2408 2797 2448 se
2824 2390 3215 2464 circumdabit,
3250 2399 3309 2445 et
3347 2388 3591 2444 ciuctoriu
3611 2386 3718 2442 lani-

511 2492 660 2544 nas,
705 2494 831 2535 eum
884 2488 1177 2536 venturum
1225 2497 1351 2537 cum
1401 2482 1679 2554 vigilantia
1726 2491 1782 2539 et
1830 2482 2105 2541 desiderio
2204 2486 2359 2543 liaris
2382 2487 2692 2549 dilectionis
2720 2502 2818 2543 eos
2846 2485 3288 2557 inseparabiliter
3484 2481 3719 2538 considen-

513 2586 822 2639 speramus,
840 2579 896 2627 et
913 2572 984 2629 ad
1010 2572 1131 2643 ejus
1144 2573 1438 2631 adventum
1456 2590 1557 2632 nos
1576 2576 1739 2648 digne
1759 2575 2101 2634 ornabimus.
2205 2579 2305 2636 bit.
2347 2578 2533 2635 Faciet
2558 2578 2680 2649 illa;
2708 2578 3057 2646 discumbere,
3090 2578 3145 2634 id
3165 2587 3270 2644 est,
3300 2576 3370 2632 ad
3390 2584 3620 2631 neruum
3639 2574 3720 2628 bea-

516 2663 696 2723 Sumit
717 2676 902 2725 autem
934 2681 1321 2743 argumentum
1352 2689 1384 2729 a
1422 2672 1644 2729 minori.
1687 2672 1824 2731 Nam
1867 2674 1913 2731 si
1960 2683 2101 2731 tem-
2203 2682 2432 2749 tumque
2454 2672 2768 2739 convivium
2800 2671 3062 2731 residere.
3099 2670 3199 2726 Eis
3242 2668 3576 2735 ministrabit,
3604 2667 3643 2722 id
3666 2681 3721 2721 est

510 2758 687 2827 porali
717 2758 945 2817 domino
969 2761 1215 2829 absente,
1258 2764 1402 2819 servi
1427 2764 1672 2836 vigilant,
1713 2774 1770 2822 ct
1796 2777 1988 2827 contra
2016 2765 2105 2823 fu-
2202 2778 2535 2827 astcrnaruat
2564 2765 2885 2823 deliciarum
2922 2764 3200 2821 suavitate
3241 2778 3344 2819 eos
3370 2760 3591 2827 satiabit,
3609 2759 3720 2831 juxta

512 2864 623 2916 res,
650 2857 704 2905 et
725 2867 855 2921 erga
884 2849 1094 2908 domini
1124 2852 1210 2909 sui
1242 2853 1558 2923 adventura,
1595 2864 1654 2909 ut
1690 2856 1919 2912 veniens
1946 2856 2101 2912 inve-
2204 2860 2375 2919 illud:
2408 2880 2428 2917 ι
2461 2858 2523 2919 ιιι
2559 2873 2696 2915 voce
2709 2856 3096 2915 exsultationis
3117 2866 3173 2912 et
3206 2854 3565 2911 confessionis
3600 2868 3721 2908 sinus

510 2939 631 2996 niat
649 2956 745 2999 eos
771 2942 1080 3013 vigilantes,
1104 2955 1313 3016 quanto
1343 2946 1518 3017 magis
1539 2961 1642 3003 nos
1680 2955 1736 3007 ct
1777 2956 1968 3003 contra

2213 2951 2474 3031 epulantis
2504 2949 2680 3022 (Ρωι.
2709 2951 2845 3021 xu).
2883 2970 2902 3002 ι
2922 2949 2990 3005 Et
3014 2949 3121 3021 hoc
3143 2948 3314 3015 faciet
3336 2944 3647 3015 omn
3665 2956 3721 3000 est

512 3032 758 3091 visibiles
782 3034 989 3103 hostes,
1015 3037 1110 3108 qui
1142 3054 1358 3110 semper
1382 3056 1487 3097 nos
1506 3038 1823 3101 insidiando
1850 3041 2098 3114 vigilant,
2196 3043 2357 3115 juxta
2376 3042 2757 3101 diversitatem
2778 3042 3102 3099 meritorum
3134 3040 3368 3113 pratmia
3409 3038 3720 3109 dist'ngucns:

511 3133 565 3180 et
591 3125 1133 3235 (’I'gu'iicdcmptoris
1164 3132 1340 3187 nostri
1363 3131 1656 3188 adventum
1687 3132 1911 3205 vigilare
1936 3133 2099 3190 debo-
2125 3175 2170 3235 Ε
2209 3153 2227 3186 ο
2257 3131 2593 3199 Stellaenim
2615 3131 2794 3195 dilicti
2815 3147 2845 3187 ει
2869 3131 3028 3198 Sicilia
3057 3130 3115 3186 in
3137 3130 3392 3195 claritate
3415 3126 3465 3201 ίὲ
3489 3124 3597 3235 50f-
3617 3127 3717 3235 ξῖξ)

512 3234 593 3272 ιιι,
616 3219 676 3275 5?
697 3218 921 3291 ilysticc
949 3238 1079 3283 vero
1106 3221 1373 3281 Dominus
1397 3224 1467 3282 ad
1496 3225 1716 3296 nuptias
1745 3225 1900 3293 abiit,
1921 3243 2097 3299 quan-
2128 3218 2170 3235 υ
2207 3224 2299 3280 Vel
2329 3235 2476 3281 certe
2499 3226 2786 3292 transiens,
2813 3224 2868 3279 id
2895 3232 2999 3281 est.
3032 3223 3275 3279 transire
3310 3222 3515 3279 faciens
3530 3220 3589 3277 de
3618 3218 3722 3289 iudi-

509 3310 587 3366 do
616 3328 913 3387 resurgens
932 3331 963 3371 a
986 3316 1238 3383 mortuis,
1271 3326 1325 3372 et
1342 3317 1647 3375 ascendens
1677 3318 1732 3375 in
1753 3320 1975 3388 caelum,
2003 3337 2098 3377 su-
2198 3318 2287 3376 eio
2312 3318 2384 3374 ad
2413 3334 2667 3390 regnum,
2690 3318 2758 3374 de
2779 3317 2991 3373 visione
3016 3315 3409 3383 humanitatis,
3452 3330 3551 3385 qua
3574 3312 3722 3367 vidui

508 3419 735 3472 pernam
767 3405 871 3461 sibi
916 3406 1320 3471 multitudinem
1365 3426 1541 3467 novus
1585 3412 1750 3469 homo
1776 3412 2095 3484 copulavit:
2200 3417 2290 3475 tur
2312 3407 2578 3473 Dominus
2608 3407 2678 3462 ab
2718 3407 2978 3462 omnibus
3030 3405 3085 3459 in
3134 3404 3372 3474 iudicii),
3408 3403 3475 3457 ad
3520 3402 3721 3457 νίδὶοιεω

509 3495 605 3564 qui
634 3506 764 3553 tunc
797 3509 1122 3566 revertetur,
1146 3501 1367 3573 quando
1390 3502 1457 3557 ad
1477 3503 1749 3574 judicium
1776 3516 2093 3563 revertetur.
2197 3501 2663 3571 divinitatis,.qua
2692 3498 2965 3555 videbitur
3005 3514 3036 3558 θ
3092 3497 3229 3554 solis
3262 3497 3451 3554 electis
3491 3495 3542 3553 in
3584 3508 3722 3567 regna,

510 3586 732 3646 interim
761 3607 889 3646 vero
918 3591 1104 3651 fideles
1132 3594 1276 3650 servi
1306 3594 1533 3667 vigilant
1561 3604 1618 3652 et
1649 3607 1990 3668 exspectant,
2039 3610 2096 3655 ut
2193 3594 2353 3665 juxta
2395 3593 2528 3649 illud
2561 3611 2574 3648 :
2613 3611 2633 3645 ι
2670 3590 2920 3649 Tollatur
2962 3591 3166 3669 impius
3218 3606 3291 3647 ne
3333 3589 3512 3647 videat
3553 3586 3722 3661 simitu

510 3698 629 3737 cum
657 3686 852 3739 venerit
872 3696 922 3739 ct
945 3686 1258 3755 pulsaverit,
1290 3689 1571 3756 confestim
1612 3692 1855 3762 aperiant
1902 3696 1972 3749 ci.
2015 3692 2095 3749 Ad
2199 3684 2293 3743 Dei
2320 3684 2457 3757 (Ira.
2486 3684 2657 3758 xxvt).
2695 3703 2712 3739 t

511 3791 963 3849 unumquemque
992 3790 1267 3847 nostrum,
1292 3780 1492 3839 fratres
1545 3783 1677 3851 mei,
1709 3782 1979 3843 Dominus
2011 3802 2090 3841 ve-
2269 3780 2397 3839 Haec
2415 3781 2561 3838 bona
2586 3780 2798 3838 confert
2829 3779 3118 3848 Dominus,
3163 3779 3367 3837 fratres
3407 3779 3531 3843 mei,
3552 3776 3721 3847 vigilan-

509 3869 612 3934 uit,
636 3870 859 3940 quando
885 3871 952 3927 ad
979 3871 1338 3943 judicandnm
1366 3890 1467 3931 nos
1489 3892 1582 3947 per
1604 3885 1835 3935 mortem
1862 3878 2092 3934 accedit.
2197 3875 2369 3941 tibus,
2400 3872 2506 3931 Sed
2537 3874 2669 3945 quid
2698 3875 2789 3928 fiet
2814 3874 2883 3933 de
2904 3873 3015 3939 his,
3038 3871 3134 3943 qui
3156 3888 3255 3945 per
3289 3881 3457 3930 totam
3478 3868 3723 3945 pueritiam.

508 3958 697 4017 I’ulsat
721 3978 867 4029 vero,
902 3964 1158 4035 cumjaa‘.
1185 3982 1278 4037 per
1311 3965 1653 4038 tegritudinis
1698 3967 1982 4024 molestias
2009 3968 2091 4023 vi-
2197 3968 2280 4025 vel
2301 3966 2464 4025 etiam
2497 3982 2592 4037 per
2624 3974 2793 4021 totum
2833 3964 3179 4037 iuventutem
3213 3980 3399 4031 suam,
3452 3963 3503 4033 i.‘
3545 3958 3731 4041 Ρεωίίθ

508 4053 690 4109 einam
726 4065 958 4113 mortem
987 4055 1255 4130 designat.
1279 4058 1381 4114 Cui
1405 4058 1695 4116 confestim
1724 4060 2023 4135 aperimus,
2047 4061 2093 4117 si
2197 4060 2316 4121 suis
2344 4056 2684 4119 dormitum?
2709 4056 2828 4127 Non
2860 4066 3044 4113 tamen
3072 4057 3389 4133 desperent,
3418 4055 3510 4112 sed
3538 4052 3630 4108 cito
3654 4065 3720 4103 cx-

507 4146 827 4204 mandatum
875 4149 995 4220 ejus
1059 4166 1187 4207 cum
1235 4142 1424 4211 amore
1469 4152 1823 4224 suscipimus.
1868 4152 2095 4226 Aperire
2196 4152 2599 4225 pergiscantur.
2630 4149 2768 4215 Nam
2793 4151 3041 4223 sequitur
3069 4169 3082 4204 :
3110 4148 3253 4205 Etsi
3290 4141 3720 4215 insecuttdarigilil

506 4239 707 4313 quippe
730 4240 904 4313 judici
925 4243 1160 4300 venienti
1188 4253 1241 4301 et
1272 4244 1508 4313 pulsanti
1541 4261 1650 4301 nou
1672 4246 1808 4314 vult,
1828 4245 1924 4317 qui
1946 4245 2097 4302 exire
2197 4246 2274 4303 vel
2290 4246 2517 4307 intertia
2539 4245 2818 4312 vcnerit,ct
2837 4243 3204 4310 itainnenerit,
3222 4242 3365 4299 beati
3386 4250 3503 4297 sunt
3523 4235 3720 4294 rereiiili.

506 4329 575 4395 de
602 4344 835 4409 corpore
865 4331 1123 4407 trepidat,
1169 4342 1225 4389 et
1254 4333 1437 4391 videre
1483 4351 1610 4391 cum
1645 4351 1807 4412 quem
1848 4343 2094 4391 contem-
2196 4336 2407 4408 Itaque,
2429 4334 2882 4405 fratresmei,qui
2904 4333 2959 4395 in
2981 4333 3163 4405 prima
3184 4331 3451 4407 vigilia,id
3472 4328 3724 4396 estnam“

506 4420 684 4492 psisse
713 4438 774 4478 se
803 4424 1071 4491 meminit,
1094 4424 1335 4497 iudicem
1369 4424 1649 4483 formidat.
1682 4426 1787 4497 Qui
1817 4437 2001 4484 autem
2025 4427 2093 4483 de
2197 4428 2324 4485 ritia
2350 4428 2733 4485 somnolentus
2764 4424 2889 4493 fuit,
2926 4425 3121 4481 saltem
3150 4425 3205 4480 in
3239 4423 3498 4496 secunda,
3526 4420 3574 4477 id
3597 4430 3663 4476 est
3682 4417 3719 4469 il

504 4530 606 4583 sua
632 4516 969 4587 conscientia
999 4526 1084 4575 est
1104 4532 1355 4585 securus,
1381 4519 1619 4591 pulsanti
1649 4519 1938 4577 confestim
1962 4536 2090 4591 ape-
2121 4526 2167 4584 ι)
2188 4520 2476 4593 iuventute
2503 4518 2709 4589 vigilet,
2727 4526 2782 4573 et
2811 4517 2884 4579 ita
2911 4517 3048 4591 bene
3075 4533 3241 4589 agerc
3260 4517 3497 4588 incipiat.
3523 4513 3612 4585 Qui
3630 4524 3720 4564 rem

503 4606 599 4675 rit,
631 4607 760 4685 quia
805 4625 933 4664 eum
968 4620 1187 4684 tempus
1214 4610 1533 4687 propinqua:
1576 4613 1771 4669 mortis
1824 4615 2095 4685 agnoscit,
2192 4610 2359 4667 etiam
2388 4610 2445 4665 in
2475 4608 2763 4679 juventute
2802 4608 3186 4664 somnolentus
3227 4608 3458 4671 exstitit,
3500 4600 3719 4661 saltemin

501 4697 558 4754 in
587 4716 682 4772 spe
711 4702 1089 4762 retributionis
1131 4703 1432 4761 bilarescit.
1472 4704 1689 4776 Itaque,
1728 4706 1930 4769 fratres
1962 4710 2092 4776 mei,
2194 4703 2352 4761 tertia
2379 4701 2581 4775 vigilia,
2604 4700 2658 4757 id
2682 4699 2840 4761 estin
2858 4708 3139 4773 senectute
3161 4700 3389 4772 vigilare
3407 4709 3461 4757 et
3480 4690 3716 4753 unciati-

499 4794 633 4848 dum
664 4795 809 4862 licet,
835 4807 891 4852 ct
911 4797 1043 4853 dum
1070 4795 1341 4863 valemus,
1365 4795 1419 4851 in
1444 4798 1743 4865 adventum
1765 4799 1970 4867 iudicis
1990 4820 2094 4861 nos
2193 4794 2305 4865 piat
2344 4792 2579 4866 operari.
2621 4791 2758 4859 Quis
2791 4791 3231 4864 magnitudinem
3275 4792 3471 4849 divinae
3506 4784 3715 4862 pultm

500 4903 894 4958 praeparemus.
931 4890 1023 4953 Sic
1046 4889 1316 4955 vivamus,
1347 4887 1427 4943 sic
1456 4904 1709 4961 agamus,
1754 4900 1813 4947 ut
1841 4908 1967 4949 cum
1990 4911 2093 4965 per
2204 4903 2437 4960 pensare
2474 4885 2738 4945 sulliciat?
2769 4883 3075 4945 Oﬁ'enditur
3102 4884 3395 4954 Dominus,
3427 4894 3479 4941 et
3500 4873 3713 4938 tamen”

500 4986 735 5033 mortem
761 4995 864 5035 nos
886 4978 1181 5045 vocaverit,
1210 4977 1393 5039 seuuri
1415 4986 1471 5041 et.
1493 4979 1793 5057 gaudentes
1811 4982 1863 5049 ei
1894 5000 2089 5043 occur-
2198 4980 2413 5049 veniam
2457 4988 2634 5037 vocat.
2690 4977 3075 5051 Contemnitnr
3100 5020 3119 5046 ,
3158 4988 3215 5042 et
3253 4989 3435 5036 tamen
3475 4977 3713 5045 exspum-

498 5085 706 5129 ratnus.
2195 5070 2308 5131 Nec
2327 5071 2497 5129 etiam
2529 5069 2674 5139 illos.
2703 5069 2799 5140 qui
2822 5086 2999 5143 usque
3021 5072 3092 5127 ad
3119 5079 3419 5129 extremam
3442 5071 3715 5127 scaeam

568 5164 832 5237 Sequitur
877 5179 1006 5239 pane
1049 5164 1241 5233 altera,
1290 5165 1346 5222 in
1392 5183 1500 5240 qua
1545 5168 1816 5239 duplicem
1857 5186 2085 5230 causam
2195 5163 2253 5225 in
2303 5162 2542 5235 [necatis
2586 5162 2952 5232 dormierunt,
3004 5162 3050 5224 si
3096 5173 3500 5231 convertantur.
3539 5156 3707 5217 Rm

494 5256 651 5326 ponit
677 5254 967 5315 Dominus.
1005 5254 1246 5313 Primam
1286 5275 1455 5330 quare
1480 5260 1705 5332 vigilare
1744 5262 2081 5329 debeamus;
2191 5255 2487 5313 Latronem
2518 5256 2575 5311 in
2606 5271 2772 5312 cruce
2800 5271 3133 5313 COuvcrsum
3160 5274 3272 5319 non
3309 5256 3524 5335 respuit.
3552 5249 3631 5310 ωδ
3649 5246 3709 5302 “ﬁ

498 5346 816 5417 secundum,
846 5362 1017 5421 quare
1046 5363 1281 5424 semper.
1306 5349 1373 5405 Et
1397 5350 1618 5424 quidem
1640 5367 1812 5423 quare
1858 5341 2084 5424 vigilare
2190 5360 2399 5408 reserat
2429 5348 2743 5421 paradisum
2787 5349 2944 5421 (an.
2973 5350 3156 5422 tam).
3198 5350 3373 5429 Nemo
3396 5366 3462 5407 ex
3494 5349 3601 5409 huc.
3622 5341 3707 5396 in‘

496 5439 797 5507 debeamus
818 5443 1080 5513 ostendit,
1104 5460 1231 5502 cum
1256 5444 1405 5517 quod
1445 5446 1655 5505 bonum
1686 5445 1997 5519 vigilantes,
2028 5455 2084 5502 et
2188 5451 2300 5499 tres
2319 5444 2448 5510 mei,
2482 5451 2664 5501 sumat
2692 5444 3039 5507 occasionem
3070 5444 3332 5503 abolendi
3360 5438 3593 5515 patientia
3614 5430 3708 5487 υό-

495 5529 649 5600 quod
669 5532 876 5591 malum
906 5534 1242 5597 dormientes
1282 5536 1604 5605 sortiantur,
1633 5537 1878 5609 exponit.
1909 5536 2081 5594 Porro
2186 5534 2359 5594 Nemo
2387 5537 2534 5609 ditat
2558 5556 2572 5591 :
2602 5536 2831 5597 iuvenis
2852 5554 2999 5605 sum,
3028 5538 3089 5593 in
3120 5546 3399 5601 senectute

493 5623 640 5693 quod
664 5624 869 5697 bonum
892 5627 1181 5700 vigilantes
1209 5628 1515 5686 sortiantur
1540 5630 1800 5697 ostendit,
1823 5646 1949 5686 cum
1989 5631 2077 5687 di-
2190 5626 2328 5696 Quis
2382 5627 2489 5684 scit
2516 5628 2563 5685 si
2593 5627 2661 5685 ad
2707 5637 3044 5685 senectutem
3081 5639 3168 5687 est
3209 5627 3484 5691 venturus?
3516 5620 3598 5693 qui
3621 5628 3701 5671 If‘

494 5715 570 5771 cit
598 5718 840 5779 subdens
865 5740 878 5776 :
904 5719 1061 5776 Beati
1090 5722 1225 5777 servi
1248 5722 1354 5791 illi,
1381 5739 1511 5795 quos
1533 5740 1654 5779 cum
1666 5732 1860 5779 venerit
1886 5722 2077 5780 Domi-
2184 5719 2353 5776 etiam
2372 5719 2440 5775 de
2462 5736 2571 5775 una
2595 5720 2730 5775 hora
2751 5730 2836 5777 est
2857 5723 3075 5779 certus?
3102 5722 3355 5780 fortassis
3374 5721 3561 5787 bases!

494 5824 615 5880 ttat,
645 5813 895 5870 invenerit
929 5815 1226 5887 vigilantes.
1272 5815 1417 5885 Sane
1463 5817 1604 5875 sicut
1628 5817 1694 5874 ad
1735 5817 2077 5891 corporalem
2184 5819 2306 5867 (ius
2337 5822 2447 5865 tua.
2478 5809 2719 5883 Longam
2751 5811 2919 5868 vitam
2957 5814 3061 5871 sibi
3085 5816 3463 5887 promittentes.
3485 5810 3677 5878 εῑρᾱυ
