3820 6312
140 363 244 423 1595

1186 328 1524 387 ΠΟΜΙῌᾹΞ.
1568 359 1634 368 ——-
1671 327 1734 383 ll.
1780 327 1867 384 DE
1907 327 2213 386 SANCTIS.

3192 328 3332 386 1594

135 475 309 536 ωηιξη,
350 455 806 534 procrastinantcs,
830 457 924 506 aut
950 465 981 507 a
1007 458 1182 505 morte
1205 446 1634 519 pmveniuntur,
1664 450 1710 508 Λ
1747 445 2088 516 aliquantulo
2119 453 2365 514 tempore
2390 441 2569 502 adhuc
2593 442 2863 500 victurum
2891 459 2950 498 se
2987 460 3097 498 non
3125 454 3326 515 speret.

132 577 204 635 μαι
236 579 262 616 a
297 550 561 636 cupiditate
584 541 996 636 impediuntur.
1030 537 1186 636 fudi
1231 538 1581 636 Salomonem
1614 555 1629 591 :

136 623 148 709 ζ
173 623 234 713 Ne
257 623 430 705 tardes,
457 632 642 713 inquit,
668 629 908 689 converti
932 627 999 684 ad
1028 626 1224 694 Deum,
1245 636 1300 683 et
1316 642 1385 682 ne
1415 625 1634 682 diiferas

128 749 180 802 de
196 743 266 797 die
305 737 353 798 ip
379 730 528 786 diem.
569 721 762 778 Subito
790 721 938 777 enim
975 720 1157 776 veniet
1197 719 1278 779 ira
1315 718 1458 790 ejus,
1487 728 1542 775 et
1577 718 1636 780 in

130 840 326 900 tempore
361 817 594 875 vindicta:
622 811 900 882 disperdet
926 820 978 866 te
1019 809 1217 881 (Ereti.
1246 811 1322 881 v).
1363 829 1383 863 ι
1425 808 1634 872 Etrur-

125 940 244 983 sunt:
275 938 291 971 ι
319 913 388 982 Ne
417 907 659 979 adjicias,
692 904 892 975 inquit,
924 913 1211 975 peccatum
1241 918 1408 974 Super
1436 917 1634 974 ρθρω,

125 1032 212 1079 tum
233 1033 244 1070 :
266 1021 312 1072 et
332 1025 392 1065 ne
411 1007 572 1072 dicas,
602 1002 878 1060 Miseratio
901 1000 999 1058 Dei
1026 1016 1244 1072 magna,
1267 998 1638 1056 multitudinis

124 1115 410 1182 peccatorum
433 1112 674 1160 meorum
707 1092 1470 1160 miserebitur.Misericordia
1490 1090 1637 1147 enim

119 1213 158 1263 et
175 1203 240 1258 ira
268 1195 328 1250 ab
352 1193 437 1255 illo
460 1190 566 1250 cito
607 1186 1013 1260 approximant,
1044 1194 1102 1242 et
1129 1201 1294 1256 super
1320 1193 1634 1256 peceatores

120 1287 294 1360 respicit
318 1285 389 1340 ira
409 1282 522 1354 ejus
553 1279 755 1352 (ibid.).
797 1297 818 1332 ›
849 1277 1070 1345 Quanto
1091 1277 1294 1349 quippe
1319 1293 1468 1334 nunc
1489 1276 1636 1332 Deus

117 1385 451 1448 noserspectct
474 1373 664 1444 majori
707 1371 1142 1445 longanimitate,
1166 1381 1319 1428 tanto
1354 1370 1409 1432 in
1447 1370 1635 1431 futuro,

117 1469 268 1542 majori
305 1466 473 1525 smviet
527 1463 836 1522 severitate.
880 1462 1018 1520 l-linc
1053 1461 1259 1524 Paulus
1293 1463 1370 1518 ait
1407 1481 1420 1518 :
1480 1481 1500 1517 ι
1548 1461 1636 1517 An

112 1565 288 1633 ignoras
319 1555 567 1628 quoniam
608 1554 916 1626 benignitas
947 1552 1044 1610 Dei
1069 1553 1137 1617 ad
1173 1551 1549 1624 pmnitentiam
1580 1561 1633 1607 te

111 1651 321 1727 adducit?
353 1648 658 1705 Secundum
679 1647 940 1709 duritiam
977 1655 1126 1708 tuam
1161 1655 1216 1704 et
1248 1661 1346 1702 cor
1372 1645 1632 1716 iampmnj-

109 1757 216 1812 tens,
237 1742 555 1800 thesaurizas
579 1740 679 1796 tibi
710 1740 850 1794 iram
886 1740 941 1796 in
964 1739 1054 1796 die
1079 1739 1176 1796 ira:
1199 1747 1254 1794 et
1281 1737 1631 1796 revelatinnis

1735 537 1805 594 Et
1838 539 1914 594 ita
1938 536 2120 593 omnis
2146 537 2313 592 homo
2348 535 2583 592 moritur
2610 536 2664 591 in
2715 546 2978 606 tempore,
3029 536 3081 590 in
3123 551 3236 608 quo
3269 553 3330 592 so

1737 634 2068 690 moriturum
2114 648 2225 689 non
2266 633 2662 690 arbitrabatur.
2710 630 2816 687 Sed
2872 649 2974 688 nos
3019 648 3236 704 semper
3279 633 3326 691 si

1733 727 2046 799 vigilamus,
2103 725 2150 782 si
2204 741 2419 796 semper
2471 725 2645 796 parati
2701 739 2916 790 sumus,
2967 725 3253 794 praeveniri
3295 742 3326 780 a

1739 826 1920 874 morte
1943 833 2056 873 non
2081 817 2349 874 valemus.
2397 815 2712 887 Propterea,
2738 815 2938 871 fratres
2963 815 3092 883 mei,
3114 832 3329 888 semper

1739 911 1796 966 in
1831 911 1995 968 benis
2031 911 2290 982 operibus
2331 909 2647 981 vigilemus,
2680 925 2894 979 semper
2923 908 2991 964 ad
3035 909 3328 966 instantem

1741 1011 1978 1060 mortem
2003 1017 2396 1074 prmparemnr.
2423 1001 2654 1058 Peccata
2685 1011 2874 1058 nostra
2903 1001 3160 1074 lacrymis
3187 1016 3331 1058 vera:

1738 1095 2074 1165 pmnitentia:
2103 1096 2408 1164 diluanms,
2436 1105 2492 1151 et
2518 1096 2778 1167 operibus
2803 1095 3196 1167 misericordia:
3236 1112 3328 1152 ne-

1734 1187 2030 1249 dimamus,
2089 1187 2342 1258 Jejuniis,
2398 1190 2766 1256 orationibus,
2795 1190 3118 1261 eaeterisque
3166 1190 3328 1246 bonis

1735 1280 1994 1351 operibus
2051 1279 2394 1336 insistemus.
2453 1281 2692 1340 Lucrum
2747 1291 3002 1353 putemus
3060 1282 3327 1354 quidquid

1737 1385 1837 1442 pro
1863 1371 1996 1438 Deo,
2027 1371 2293 1442 quidquid
2317 1388 2418 1442 pro
2445 1373 2737 1430 animabus
2763 1374 2971 1431 nostris
3001 1373 3328 1445 expenditur

1735 1474 1790 1519 ct
1813 1473 2008 1521 canora
2037 1464 2224 1520 omnia
2245 1465 2448 1521 amissa
2471 1473 2805 1537 reputemus.
2838 1465 2977 1522 Dum
2999 1483 3147 1522 nunc
3176 1467 3322 1534 licet,

1735 1550 2106 1627 quodcunque
2156 1556 2387 1623 bonum,
2432 1556 2798 1628 quodcunque
2852 1573 3150 1628 possumus
3197 1571 3329 1627 ope-

1737 1665 1956 1716 remur;
1989 1649 2252 1720 qumiiam
2295 1648 2410 1718 jam
2458 1648 2632 1704 aderit
2655 1658 2892 1720 tempus,
2919 1650 2975 1705 in
3028 1665 3140 1721 quo
3191 1649 3328 1705 nihil

1739 1741 1925 1812 operis
1970 1741 2152 1799 facere
2201 1740 2526 1812 poterimus.
2577 1739 2870 1811 Propterea
2921 1741 3181 1798 Salomon
3206 1744 3324 1797 ait:

105 1808 212 1908 justi
231 1835 403 1908 judicii
432 1832 524 1888 Dei
561 1832 738 1902 (Rom.
793 1831 876 1902 ιι).
919 1852 940 1885 ι
993 1830 1133 1888 lline
1178 1830 1471 1888 Psalmista
1517 1830 1628 1886 ait:
1670 1808 1718 1868 Β
1749 1808 2243 1906 ιρυἰὼιυίόροιεέι
2264 1808 3327 1904 meliustuafaeere,instanterOperare,

108 1951 122 1981 ι
151 1928 267 1984 Deus
289 1927 465 1998 judex,
489 1925 696 1996 justus,
732 1923 892 1980 fortis
911 1933 966 1979 et
991 1923 1206 1996 patiens
1233 1923 1413 1994 (Psal.
1450 1924 1573 1994 vn).
1608 1942 1628 1973 ι

105 2021 311 2076 Dicturus
323 2019 527 2090 patiens
554 2017 819 2088 praemisit
839 2016 1024 2088 justus
1047 2035 1060 2072 :
1094 2015 1357 2087 quoniam
1375 2014 1472 2086 qui
1487 2031 1634 2072 nunc

103 2121 334 2184 exspectat
356 2111 772 2184 patientissime,
823 2111 878 2166 in
922 2110 1135 2182 judicio
1157 2109 1344 2166 futuro
1364 2107 1636 2180 judicabit

99 2207 360 2262 durissime.
389 2204 526 2264 Hine
555 2204 786 2277 Sapiens
810 2214 998 2260 monet
1028 2224 1041 2260 :
1070 2223 1088 2256 ι
1121 2202 1200 2259 Ne
1223 2203 1446 2260 dicasin
1471 2203 1634 2258 corde

97 2308 202 2355 tuo:
238 2299 484 2367 Peccavi;
529 2308 586 2354 et
614 2297 747 2369 quid
783 2296 984 2353 accidit
1020 2295 1154 2351 mihi
1192 2294 1382 2356 triste?
1416 2291 1634 2348 Altissi-

96 2407 191 2453 mus
212 2391 351 2446 cnim
370 2399 451 2445 est
473 2390 691 2461 patiens
716 2386 1186 2456 redditortEccli.
1220 2386 1295 2456 γ).
1323 2405 1342 2438 ι
1369 2383 1634 2452 Quamvis

93 2484 206 2538 enim
254 2500 389 2540 nunc
435 2485 708 2555 patienter
747 2491 1060 2555 exspectet,
1110 2492 1292 2538 tamen
1342 2481 1401 2536 in
1445 2479 1634 2540 futuro

91 2572 338 2643 unicuique
385 2590 484 2645 pro
549 2574 765 2630 meritis
820 2573 1026 2630 reddet.
1065 2571 1226 2640 Quod
1262 2585 1391 2628 vero
1426 2569 1634 2624 malum

90 2663 374 2721 dormientes
429 2666 758 2733 sortiantur,
811 2665 1069 2732 ostendit,
1127 2679 1254 2720 cum
1311 2662 1633 2734 parabolam

89 2758 256 2824 subdit,
287 2759 509 2815 dicens:
570 2759 719 2813 Illud
744 2769 921 2812 autem
962 2761 1148 2812 scitote
1189 2759 1348 2828 quia,
1389 2757 1436 2823 si
1474 2756 1650 2820 sciret

85 2850 428 2920 paterfamilias
464 2869 573 2923 qua
603 2851 732 2904 liora
766 2851 855 2919 [ur
891 2852 1104 2917 veniret,
1140 2849 1380 2920 vigilaret
1430 2850 1630 2919 utique,

84 2951 120 2993 et
147 2957 234 2994 non
254 2943 435 2996 sineret
457 2941 670 3012 perfodi
694 2941 913 2996 domum
935 2957 1108 2995 suam.
1136 2939 1202 2995 Et
1227 2950 1310 2995 est
1335 2955 1632 3012 argumen-

86 3041 174 3087 tum
193 3050 217 3087 a
238 3034 449 3089 minori.
478 3032 642 3101 Nam,
667 3033 712 3089 si
730 3033 932 3104 aliquis
961 3032 1357 3104 paterfamilias
1377 3049 1476 3104 pro
1496 3048 1626 3090 con-

85 3123 355 3180 servatione
377 3124 578 3181 domus
618 3139 754 3192 suae,
788 3139 911 3195 quae
952 3123 1138 3194 utique
1177 3124 1302 3181 vilis
1337 3132 1392 3180 et
1427 3123 1630 3180 caduca

79 3225 161 3282 est,
205 3217 397 3289 vigilat,
441 3227 656 3290 quanto
715 3217 888 3288 magis
940 3216 1324 3288 unusquisque
1365 3224 1630 3283 vestrum,

79 3306 242 3362 fratres
268 3309 390 3375 mei,
415 3324 516 3380 pro
538 3308 959 3365 conservatione
995 3308 1193 3364 anima:
1215 3323 1349 3376 suae,
1383 3324 1507 3380 qua:
1530 3307 1636 3364 uti-

79 3414 164 3467 que
182 3401 408 3470 pretiosa
435 3411 492 3457 et
521 3412 729 3458 aeterna
754 3409 859 3468 est,
896 3401 1058 3457 debet
1083 3400 1351 3456 instanter
1381 3400 1636 3472 vigilare?

75 3489 264 3562 Mystice
291 3510 417 3550 vero
455 3495 574 3550 iste'
613 3493 1009 3565 paterfamilias
1039 3501 1126 3550 est
1168 3493 1388 3550 animus
1426 3501 1632 3559 noster,

75 3583 148 3654 qui
178 3585 227 3640 in
255 3587 535 3643 domicilio
582 3588 888 3658 corporalis
932 3587 1291 3644 habitationis
1328 3587 1635 3644 dominium

72 3677 205 3733 habet
236 3681 455 3752 regendi
501 3688 560 3736 ct
602 3681 944 3751 providendi.
977 3679 1079 3736 llic
1118 3680 1268 3736 enim
1313 3695 1439 3735 cum
1485 3695 1516 3734 a
1549 3679 1635 3735 sui

71 3772 284 3828 custodia
307 3789 404 3843 per
449 3774 717 3830 inertiam
741 3774 944 3830 dormit
977 3774 1032 3828 in
1058 3773 1318 3844 peccatis,
1344 3771 1452 3838 fur,
1480 3770 1533 3826 id
1551 3778 1638 3826 est

68 3878 192 3919 mors
234 3866 416 3922 subita
462 3876 520 3923 et
576 3867 878 3938 improvisa
920 3882 1044 3936 qua:
1089 3864 1259 3930 venit,
1313 3873 1368 3920 et
1411 3864 1635 3918 domum

68 3960 336 4028 rorporalis
382 3960 754 4016 habitationis
814 3958 1086 4029 perfodit,
1137 3957 1500 4028 spiritumque
1568 3955 1636 4011 ad

63 4048 439 4114 damnationem
493 4053 613 4108 cito
659 4052 817 4125 rapit.
865 4052 1159 4117 Caeterum,
1203 4050 1250 4104 si
1289 4050 1507 4104 animus
1539 4065 1634 4104 no-

64 4151 156 4195 ster
198 4157 436 4217 saperet,
484 4145 762 4218 vigilaret,
816 4145 1156 4216 vigilansque
1203 4143 1400 4210 furem,
1434 4141 1488 4198 id
1531 4154 1634 4208 est,

60 4242 262 4290 mortem
303 4247 691 4306 praecaveret,
743 4255 843 4294 nec
895 4238 945 4293 ei
1003 4254 1155 4292 mors
1210 4245 1471 4302 noceret,
1525 4236 1637 4290 imo

58 4325 216 4391 potius
265 4329 587 4398 prodesset,
635 4330 764 4384 dum
820 4345 915 4400 per
955 4345 1075 4384 eam
1130 4345 1234 4383 non
1279 4327 1348 4382 ad
1403 4328 1636 4383 damna-

57 4418 271 4489 tionem,
315 4423 414 4478 sed
463 4423 661 4494 potius
701 4423 768 4477 ad
829 4423 996 4477 vitam
1049 4432 1307 4478 aeternam
1352 4421 1634 4476 introitum

1737 1927 2003 1998 quoniam
2068 1944 2170 1986 nec
2224 1943 2385 2004 opus,
2437 1942 2539 1982 nec
2583 1925 2747 1994 ratio,
2796 1942 2901 1982 nec
2943 1926 3194 1993 scientia,
3230 1940 3331 1981 nec

1740 2021 2007 2092 sapientia
2065 2031 2150 2079 cst
2221 2020 2365 2091 apud
2437 2019 2686 2088 inferos,
2755 2035 2869 2091 quo
2939 2029 3000 2076 tu
3069 2035 3334 2092 properas

1736 2114 1941 2186 (Eccle.
1973 2114 2074 2186 Ix).
2111 2135 2134 2168 ι
2163 2113 2370 2185 itaque,
2399 2113 2597 2171 fratres
2644 2113 2775 2180 mei,
2823 2129 2936 2170 non
2977 2110 3338 2170 transeamus

1734 2209 1878 2263 diem
1911 2223 2087 2278 neque
2115 2208 2308 2262 horam
2344 2208 2604 2264 otiosam.
2644 2205 2780 2262 Tota
2811 2205 3072 2278 cogitatio
3116 2215 3328 2272 nostra,

1737 2299 1944 2356 locutio
1976 2309 2032 2356 et
2059 2300 2307 2370 operatio
2339 2299 2407 2354 ad
2435 2300 2683 2356 cwlestia
2710 2297 2955 2354 tendant.
3009 2298 3143 2354 Illuc
3188 2299 3330 2370 vigi-

1737 2395 1933 2460 lantes,
1967 2393 2098 2448 illuc
2123 2392 2479 2460 dormientes,
2524 2401 2642 2448 toto
2687 2407 2814 2448 eum
2867 2391 3144 2448 desiderio
3206 2399 3330 2447 ten-

1735 2487 1952 2553 damus,
1990 2494 2263 2558 quatenus
2311 2486 2551 2553 tandem,
2583 2485 2790 2542 sanctis
2839 2484 3331 2540 intervenientibus

1737 2579 1938 2650 quibus
1964 2577 2127 2636 hodie
2150 2578 2602 2645 solemnizamus,
2628 2576 2758 2636 illuc
2794 2575 3082 2654 pervenire
3118 2589 3332 2631 merea-

1737 2689 1882 2728 mur.
1918 2672 2113 2726 Amen.

2445 2761 2542 2820 XX
2552 2761 2640 2818 VH

1906 2871 2064 2912 υκιυε
2088 2871 2439 2914 οοκῑεεθοειιε
2461 2871 2566 2912 ‘EON
2590 2871 2846 2912 EPISCOPI.
2879 2871 3052 2913 εειιιο
3082 2871 3151 2911 ιιι

2268 2943 2425 2983 ιιιςιιο
2455 2943 2750 2984 8ΔΡΙΕΝΤΙΕ
2761 2967 2774 2982 ο

1813 3037 2050 3094 Dilectus
2084 3037 2190 3092 Deo
2225 3048 2273 3092 et
2296 3038 2616 3094 hominibus.
2649 3037 2845 3092 Beatus
2869 3039 3007 3092 enim
3045 3036 3196 3106 cujus
3225 3052 3332 3091 m3-

1741 3132 1910 3186 ntoria
1936 3132 1992 3185 in
2027 3131 2386 3188 benedictione
2421 3140 2498 3185 est
2544 3128 2740 3200 (Ecrli.
2770 3130 2920 3197 xu),
2949 3137 3056 3184 etc.
3093 3127 3190 3184 llis
3213 3143 3334 3182 vero

1740 3225 1847 3292 bis,
1905 3225 2106 3281 fratres
2165 3222 2502 3289 eharissimi,
2557 3223 2907 3278 commendat
2970 3221 3131 3277 .lesus
3187 3220 3334 3275 filius

1740 3315 1934 3374 Sit-ach
1967 3315 2192 3388 Moysen
2234 3315 2625 3386 legislaturem.
2677 3313 2812 3380 Qua:
2855 3313 3042 3379 verba,
3069 3311 3334 3382 quoniam

1737 3411 2070 3467 conveniunt
2099 3411 2263 3465 etiam
2289 3408 2376 3465 isti
2415 3406 2659 3480 glorioso
2687 3405 3013 3471 confessori,
3045 3405 3130 3459 cui
3174 3404 3335 3459 hodie

1738 3503 2188 3569 solemnizamus,
2215 3502 2338 3558 ideo
2363 3499 2750 3556 convenienter
2774 3499 2865 3552 illa
2890 3499 2946 3553 in
2973 3498 3092 3568 ejus
3115 3495 3333 3555 laudem

1737 3595 1901 3650 hodie
1920 3594 2238 3650 recitamus.
2263 3593 2671 3648 Enumerantur
2691 3599 2874 3646 autem
2901 3590 2990 3645 hic
3019 3589 3334 3660 quindecim

1737 3688 1948 3759 gratiae,
1979 3687 2181 3757 quibus
2227 3685 2420 3741 beatus
2464 3683 2679 3756 Moyses
2731 3683 2886 3749 olim,
2930 3693 2983 3738 et
3035 3699 3182 3737 nmio
3230 3682 3334 3738 isto

1737 3777 2024 3834 confessor
2073 3776 2371 3833 hodiernus
2429 3775 2821 3846 supereminet.
2881 3773 3123 3829 Primam
3168 3773 3336 3844 igitur

1738 3872 1968 3942 gratiam
1992 3871 2167 3941 ponit,
2193 3887 2318 3926 cum
2343 3871 2470 3926 dicit
2495 3886 2513 3926 :
2547 3870 2782 3926 Dilectus
2800 3868 2910 3924 Deo
2935 3879 2984 3924 ct
3010 3867 3332 3931 hominibus.

1739 3963 1908 4019 Porro
1955 3964 2047 4018 alii
2103 3971 2231 4019 sunt
2269 3964 2451 4020 dilecti
2494 3963 2832 4028 homini-bus,
2861 3971 2916 4016 et
2967 3976 3078 4016 non
3126 3959 3334 4026 Deo,ct

1739 4055 1869 4112 mali
1898 4065 2045 4114 sunt.
2075 4056 2181 4114 Alii
2205 4065 2333 4112 sunt
2357 4057 2540 4114 dilecti
2565 4041 2746 4115 Deue't
2769 4054 3105 4118 hominibus,
3129 4062 3182 4108 et
3205 4052 3334 4112 boni

1740 4160 1869 4206 sunt
1897 4149 2074 4213 valde.
2103 4148 2341 4216 Quidam
2371 4151 2524 4209 enim
2548 4150 2688 4221 grati
2739 4156 2892 4213 sunt,
2928 4156 3036 4204 non
3070 4145 3200 4213 Deo,
3237 4144 3336 4211 sed

1740 4241 2078 4308 hominibus,
2127 4259 2222 4313 per
2272 4243 2698 4300 assentationem
2745 4249 2799 4296 et
2839 4241 3233 4305 adulatimrcm,
3279 4247 3337 4292 et

1741 4335 1872 4390 mali
1905 4344 2054 4392 sunt.
2084 4334 2159 4390 De
2187 4334 2390 4407 quibus
2411 4335 2640 4392 dicitur:
2677 4358 2694 4386 ι
2725 4333 2834 4401 Qui
2858 4333 3173 4392 hominibus
3213 4332 3333 4401 pla-

1741 4436 1866 4482 cent
1889 4425 2107 4486 confusi
2140 4435 2288 4492 sunt,
2327 4427 2589 4496 quoniam
2623 4425 2770 4482 Deus
2808 4426 3012 4497 sprevit
3035 4440 3132 4479 eos
3157 4420 3332 4492 (Paul.

55 4509 275 4568 haberet.
327 4513 513 4570 Porro
570 4523 859 4585 postquam
929 4511 1195 4568 Dominus
1244 4511 1642 4568 demonstravit
1673 4525 1718 4582 ι)
1745 4518 1862 4587 ιιι).
1901 4539 1920 4568 ι
1955 4517 2189 4583 Quidam
2228 4531 2358 4574 vero
2395 4517 2534 4587 grati
2569 4525 2698 4572 sunt
2723 4515 2831 4571 Deo
2862 4532 2957 4585 per
3008 4512 3336 4572 munditiam

51 4620 199 4673 quare
244 4608 318 4663 sit
373 4609 551 4664 nobis
602 4606 971 4678 vigilandum,
1022 4606 1218 4662 deinde
1273 4621 1444 4676 quare
1496 4621 1640 4660 sem-

51 4711 134 4764 per
150 4699 450 4756 debeamus
483 4700 720 4772 vigilarc
769 4697 1029 4765 ostendit,
1057 4714 1181 4753 cum
1215 4696 1432 4752 subdit;
1459 4694 1528 4750 Et
1553 4713 1638 4750 ros

44 4797 190 4844 estote
204 4793 409 4861 parati,
428 4793 590 4864 quia,
607 4808 712 4863 qua
732 4791 862 4843 hora
875 4807 977 4844 non
989 4788 1396 4860 putatis,Filius
1410 4789 1638 4844 hominis

49 4883 212 4936 tetrici.
261 4885 319 4938 Si
366 4885 526 4940 enim
578 4883 940 4940 determinata
978 4891 1123 4939 esset
1161 4883 1321 4942 nobis
1365 4884 1498 4939 hora
1527 4899 1637 4954 qua

44 4968 196 5029 Filius
225 4975 504 5042 hominis,
542 4975 633 5030 vel
661 4975 728 5030 ad
752 4975 1055 5031 vocandum
1089 4991 1190 5030 nos
1215 4991 1248 5030 a
1275 4991 1524 5048 corpore,
1555 4977 1635 5033 vel

44 5062 99 5116 ad
114 5063 486 5132 iudicandum
523 5082 632 5121 nos
656 5067 885 5132 veniret,
911 5082 1019 5121 non
1039 5074 1187 5122 esset
1221 5081 1446 5122 necesse
1481 5067 1640 5124 nobis

43 5170 239 5228 semper
275 5159 543 5232 vigilare,
584 5157 679 5214 Sed
710 5166 922 5214 tantum
945 5173 1010 5212 ea
1043 5159 1180 5214 hora
1211 5176 1320 5230 qua
1357 5159 1638 5229 praescire-

43 5261 150 5303 llius
175 5265 305 5308 eum
335 5266 470 5307 esse
497 5259 818 5306 venturum.
848 5248 1141 5320 Propterea
1167 5251 1338 5305 voluit
1372 5251 1638 5308 Dominus

43 5352 126 5395 uos
153 5341 300 5410 diem
352 5343 575 5400 mortis
599 5353 802 5399 nostra:
847 5351 902 5399 et
940 5343 1084 5399 diem
1123 5343 1314 5416 judicii
1365 5343 1639 5414 ignorare,

43 5445 294 5502 quatenus
331 5455 573 5508 semper
623 5438 960 5504 timeremus,
1009 5453 1223 5509 semper
1261 5445 1491 5492 mortem
1543 5451 1639 5491 ελ-

43 5540 430 5599 spectaremus,
453 5540 515 5586 et
541 5545 759 5601 semper
789 5531 858 5585 ad
877 5546 997 5585 eam
1029 5527 1432 5600 suscipiendam
1465 5528 1640 5599 parati

43 5635 291 5678 :ssemus.
326 5622 661 5678 Nummium
709 5631 793 5680 est
840 5622 1006 5678 etiam
1057 5621 1202 5692 quod
1249 5637 1355 5676 non
1401 5620 1496 5686 ait,
1528 5637 1635 5691 qua

44 5726 152 5767 rora
178 5717 420 5786 putatis,
457 5715 563 5772 sed
594 5731 702 5787 qua
724 5715 858 5772 hora
884 5731 991 5771 non
1016 5713 1220 5786 putatis
1241 5713 1439 5768 veniet.
1465 5711 1635 5770 Nemo

43 5805 162 5864 :nim
194 5810 338 5864 aleo
389 5824 576 5865 senex
607 5818 708 5877 est,
745 5823 905 5862 nemo
949 5807 1084 5863 adeo
1133 5805 1384 5860 iniit-mus
1407 5815 1507 5873 est,
1542 5804 1636 5875 qui

1743 4607 1965 4672 mentis,
1995 4607 2311 4668 luminibus
2341 4616 2524 4670 autem
2554 4606 2844 4678 displicent
2869 4613 3089 4674 propter
3115 4617 3337 4668 morum

1743 4699 2078 4770 rigiditatem
2107 4709 2161 4754 et
2197 4701 2613 4756 correctionem.
2657 4717 2674 4748 ι
2711 4696 2788 4752 De
2817 4710 3054 4767 quorum
3104 4708 3334 4750 numero

1742 4791 1947 4848 Paulus
1985 4802 2128 4859 erat,
2164 4808 2289 4848 cum
2324 4791 2542 4849 dicebat
2579 4809 2593 4846 ς
2627 4805 2649 4841 ἰ
2691 4787 2751 4846 Si
2790 4789 2971 4844 adlutc
3016 4787 3332 4844 hominibus

1741 4883 2043 4953 placerem,
2097 4881 2310 4938 Christi.
2369 4897 2560 4939 servus
2611 4895 2720 4936 non
2774 4896 2954 4935 essem
3016 4879 3162 4950 (Gal.
3207 4879 3270 4950 ι).
3306 4897 3330 4936 ι

1739 4976 1974 5043 Quidam
1995 4985 2177 5042 autem
2203 4983 2368 5030 tanta:
2396 4972 2835 5036 mansuetudinis
2860 4981 2914 5028 et
2936 4973 3176 5028 leuitatis
3205 4981 3336 5032 sunt

1739 5069 1888 5140 quod
1917 5077 1974 5126 et
2004 5067 2119 5122 Deo
2153 5077 2208 5122 et
2247 5065 2566 5124 hominibus
2594 5065 2828 5135 plorent.
2879 5062 2993 5119 Deo
3040 5079 3137 5133 per
3168 5079 3332 5118 mum

1740 5161 1870 5217 dam
1895 5160 2320 5226 eonseieqtiam,
2353 5158 2568 5229 placent
2618 5157 2936 5217 hominibus
2977 5157 3144 5213 etiam
3175 5156 3334 5212 malis

1742 5267 1840 5322 per
1866 5267 2083 5310 morum
2114 5251 2402 5307 lenitatem
2423 5259 2480 5306 et
2517 5249 2928 5320 benignitatem,
2961 5263 3127 5318 qumn
3165 5248 3334 5304 etiam

1743 5343 1860 5399 suis
1886 5341 2126 5400 inimicis
2151 5342 2430 5400 exhibent.
2466 5341 2615 5398 Talis
2649 5340 2754 5398 fuit
2787 5340 3024 5412 Moyses,
3061 5342 3189 5396 talis
3229 5339 3336 5396 Da-

1741 5435 1854 5504 vid,
1883 5434 2007 5490 talis
2040 5445 2270 5492 sanctus
2291 5435 2572 5502 Elemens,
2602 5435 2727 5490 talis
2767 5435 2870 5492 iste
2899 5432 3188 5491 confessor
3217 5431 3336 5503 κιο*

1742 5526 1950 5596 riosus,
1999 5529 2090 5584 cui
2143 5528 2304 5584 hodie
2352 5527 2675 5586 festivamus
2721 5527 2813 5599 qui
2845 5543 2942 5596 per
2977 5525 3336 5582 lenitudinem

1741 5619 2197 5692 dulcedinemque
2225 5638 2402 5687 suam,
2435 5621 2636 5678 multos
2662 5620 2830 5676 duros
2868 5628 2921 5674 et
2950 5617 3160 5675 feroces
3190 5616 3334 5672 miti-

1743 5711 1910 5782 gavit,
1941 5721 1996 5767 ct
2026 5711 2137 5768 Deo
2181 5712 2468 5768 iucrifeeit.
2522 5711 2790 5781 Talesth
2820 5726 2940 5775 nos,
2978 5709 3178 5766 fratres
3203 5709 3332 5771 mei.

1742 5817 1862 5858 esse
1891 5803 2230 5869 studeamus,
2257 5812 2526 5874 quatenus
2555 5818 2647 5873 per
2678 5799 3039 5856 lenitudinem
3087 5809 3140 5855 et
3183 5797 3335 5858 beni-
