3834 6332
489 352 628 410 i595

1756 345 2106 402 RADULPHI
2145 344 2500 402 ARDENTIS

3548 358 3633 416 ΙΣύῦ

484 465 748 537 gnitatem
781 471 1048 528 nostram,
1076 460 1284 518 multos
1333 459 1402 517 ad
1455 476 1555 516 nos
1583 460 1856 516 attrahere
1883 470 1938 516 et
1969 459 2083 516 Deo
2114 466 2156 524 Α
2187 460 2328 528 uias,
2357 459 2878 528 vesicas,"locustas,
2906 470 2960 516 et
2983 460 3305 532 huiusmodi.
3334 463 3420 521 Iste
3437 483 3534 525 vero
3553 473 3633 529 insi-

485 556 811 612 lucrifacere
849 555 1170 612 studeamus
1194 563 1250 610 et
1274 554 1578 609 valeamus.
1619 551 1928 608 Secundam
1959 570 2084 624 gra-

484 649 619 705 tiam
653 651 829 720 ponit,
861 663 988 702 cum
1017 647 1203 703 subdit
1241 665 1256 701 :-
1285 644 1450 716 Cujus
1489 646 1743 700 memoria
1787 647 1850 700 in
1869 645 2081 700 benedi-

485 740 661 794 ctione
707 748 806 794 est.
863 737 1316 809 Quandocunque
1371 736 1518 792 enim
1569 738 1770 793 bonam
1818 738 1988 794 vitam
2029 748 2086 794 et

489 845 667 903 actus,
696 835 782 892 vel
809 834 952 889 beati
981 833 1183 904 Moysis
1207 832 1291 887 vel
1319 831 1544 903 gloriosi
1571 831 1729 888 istius
1761 832 1935 888 sancti
1958 845 2093 888 con-'

491 925 726 985 fessoris
749 929 817 982 ad
840 926 1162 982 memoriam
1189 940 1534 992 revocamus,
1562 939 1688 979 eum
1710 924 2085 982 benedicimus

491 1030 549 1076 et
568 1021 879 1076 laudamus.
906 1018 973 1076 Et
1012 1018 1060 1074 si
1083 1017 1346 1073 memoria
1373 1017 1496 1087 ejus
1513 1016 1755 1073 defuncti
1784 1016 1874 1073 sic‘
1897 1026 1982 1074 est
2026 1017 2082 1072 in

492 1113 891 1179 benedictione,
916 1119 1122 1182 quanto
1145 1111 1322 1182 magis
1357 1110 1465 1166 vita
1501 1110 1648 1167 illius
1673 1110 1786 1167 sive
1811 1119 2085 1182 tempora-

493 1205 582 1272 lis,
608 1206 724 1260 sive
744 1215 968 1271 aeterna,
995 1203 1100 1259 erit
1125 1203 1178 1258 in
1204 1203 1403 1273 potiori
1426 1203 1824 1259 benedictione.
1854 1204 2086 1260 Benedi-

491 1307 616 1354 ctus
633 1298 834 1368 quippe
859 1296 962 1353 fuit
981 1297 1158 1364 vivus,
1183 1297 1501 1354 benedictus
1523 1297 1836 1366 defunctus,
1862 1298 2084 1354 benedi-

490 1398 613 1445 ctus
670 1390 1029 1462 gloriticatus.
1086 1389 1412 1446 Benedictus
1453 1389 1598 1461 apud
1640 1405 1720 1457 se,
1764 1390 2084 1449 benedictus

490 1484 634 1555 apud
650 1484 923 1553 homines,
941 1484 1260 1540 benedictus
1281 1471 1422 1554 apud
1444 1485 1637 1541 Deum.
1654 1484 1813 1556 Apud
1835 1500 1894 1542 se
1911 1487 2080 1555 ciiim,

493 1577 794 1649 gratiarum
820 1577 1228 1644 benedictione,
1267 1578 1410 1648 apud
1448 1577 1702 1633 homines
1735 1578 1958 1634 laudum
1985 1581 2081 1636 be-

491 1667 822 1736 ncdictione,
847 1668 990 1740 apud
1028 1668 1198 1725 Deum
1221 1679 1551 1726 aeternorum
1595 1671 1947 1742 praemiorum
1989 1673 2085 1730 be-

492 1760 822 1816 nedictione.
847 1760 916 1816 Ut
940 1771 1121 1817 autem
1145 1771 1198 1816 et
1221 1778 1321 1818 nos
1343 1777 1656 1818 mereamur
1677 1772 1733 1820 et
1753 1780 1785 1820 a
1807 1763 1920 1820 Deo
1940 1773 1994 1820 et
2015 1766 2084 1820 ah

493 1853 810 1909 hominibus
854 1854 1123 1922 benedici,
1161 1871 1465 1926 nunquam,
1500 1854 1698 1912 fratres
1740 1856 1868 1925 mei,
1913 1858 2082 1912 male-

492 1945 694 2011 dicere,
723 1948 816 2002 sed
847 1947 1168 2004 benedicere
1188 1957 1244 2006 et
1266 1951 1402 2005 bene
1424 1965 1586 2022 agere
1619 1965 1836 2021 semper
1858 1951 2084 2006 studea-

495 2051 640 2090 mus.
668 2035 945 2108 Scriptum
970 2046 1054 2093 est
1071 2039 1216 2093 enim
1246 2057 1260 2094 :
1297 2058 1315 2090 ι
1346 2037 1543 2095 Dilexit
1565 2039 2001 2096 maledictionem
2029 2048 2094 2096 et'

493 2130 674 2185 veniet
697 2130 744 2184 ei
767 2147 782 2195 ;
826 2139 879 2185 et
901 2130 1077 2186 noluit
1095 2131 1552 2200 benedictionem,
1574 2141 1630 2188 et
1648 2133 1993 2206 elengabitur
2015 2135 2084 2190 ab

492 2237 560 2278 eo
584 2221 947 2294 (Pro-chm).
971 2243 988 2275 ι
1009 2222 1250 2280 Tertiam
1268 2225 1496 2296 gratiam
1520 2226 1694 2296 ponit,
1719 2242 1845 2282 cum
1867 2227 2080 2283 subdit:

495 2312 738 2370 Similem
771 2315 895 2385 [irrit
933 2316 1089 2370 illum
1119 2317 1180 2371 in
1205 2317 1378 2388 gloria
1408 2328 1735 2375 sanctorum.
1767 2318 1903 2387 Quis
1926 2319 2110 2376 fecit‘l.

492 2407 639 2464 haud
668 2409 895 2464 dubium
951 2411 1085 2481 quin
1132 2410 1296 2479 Deus,
1333 2412 1426 2482 qui
1459 2413 1553 2468 dat
1580 2413 1716 2468 velle
1742 2423 1798 2469 et
1823 2411 2101 2484 perficere

492 2501 664 2574 (ιιιιιι.
689 2503 774 2574 ιι).
807 2503 928 2575 Ipse
963 2505 1129 2576 igitur
1160 2505 1289 2560 fecit
1315 2505 1572 2575 similem,
1603 2523 1715 2562 non
1747 2507 1862 2562 sola
1891 2509 2085 2564 simili-

492 2595 702 2664 tudine,
726 2597 820 2652 sed
845 2597 1023 2668 ipsius
1055 2598 1131 2653 rei
1163 2598 1409 2654 veritate.
1461 2599 1529 2655 Et
1558 2609 1809 2656 sanctum
1838 2599 2084 2674 Moysen,

490 2697 807 2745 sanctorum
858 2689 1126 2761 priorum,
1176 2691 1427 2748 videlicet
1477 2691 1629 2760 Scth,
1663 2691 1872 2762 Enoch,
1906 2693 2077 2750 Abra-

491 2779 640 2847 ham,
672 2779 826 2838 isaac
873 2791 926 2836 et
972 2780 1160 2850 Jacob,
1187 2792 1242 2838 et
1271 2781 1437 2840 istum
1468 2784 1768 2855 gloriosum
1799 2783 2084 2850 confesso-

489 2887 630 2937 rem,
661 2883 978 2929 sanctorum
1013 2876 1390 2946 apostolorum
1425 2886 1730 2949 martyrum
1762 2886 1819 2932 et
1869 2878 2086 2935 confes-

493 2979 705 3019 sorum.
740 2964 808 3020 Et
835 2965 888 3019 in
923 2968 1074 3036 quo?
1123 2967 1180 3022 In
1234 2968 1404 3040 gloria
1435 2969 1688 3026 videlicet
1712 2970 1999 3040 virtutum,
2029 2973 2084 3029 in

490 3055 666 3126 gloria
693 3057 964 3112 bonorum
997 3074 1246 3130 operum,
1291 3069 1347 3116 et
1396 3061 1452 3116 in
1501 3062 1674 3132 gloria
1707 3064 2081 3134 praemiorum.

2188 554 2309 625 guis
2337 552 2644 620 confessor,
2671 553 2818 624 quod
2849 553 3028 624 majus
3055 564 3158 622 est,
3187 568 3636 622 monstratmost

2185 653 2239 700 et
2263 645 2406 701 vitas
2439 659 2824 715 perversorum
2853 643 3142 699 hominum
3187 646 3407 704 doctrina
3441 653 3638 710 verberum

2186 735 2505 807 placavith
2551 736 2621 791 ad
2648 735 3053 806 :rcctitudinem
3083 737 3316 810 redegit:
3352 755 3434 798 eos
3473 745 3540 814 qui
3571 747 3640 816 ιιιιά

2185 838 2342 884 erant
2369 829 2693 884 crudelitate
2742 844 3008 885 revocans
3036 829 3105 885 ad
3137 835 3644 902 mansuetudinemms

2185 921 2281 990 qui
2309 935 2478 977 canes
2505 929 2663 976 erant
2685 921 3055 989 immunditia,
3086 921 3491 994 ad.munditiam;
3509 933 3645 1000 εωηή

2185 1008 2340 1080 parci
2366 1019 2524 1066 erant
2551 1008 2855 1082 voluptate,
2881 1011 2950 1067 ad
2987 1011 3384 1081 continentiam,
3407 1031 3484 1071 eos
3505 1019 3571 1087 qui
3587 1037 3646 1074 ss-

2185 1102 2336 1173 perbi
2366 1111 2545 1172 erant,
2583 1103 2653 1159 ad
2680 1103 3070 1160 humilitatem.
3115 1103 3287 1172 Quem
3307 1117 3356 1162 et
3392 1124 3490 1176 nos,
3521 1110 3648 1170 intra

2186 1195 2315 1264 mei,
2365 1205 2680 1267 sequentes,
2730 1199 3241 1255 moustruositatem
3287 1203 3649 1276 loriitudinemquc

2185 1288 2464 1359 vitiorum,
2515 1300 2942 1364 nostrorumque
2987 1307 3238 1360 morum,
3284 1294 3418 1365 prius
3456 1295 3499 1351 in
3535 1301 3648 1362 nolis,

2185 1381 2381 1438 deinde
2411 1382 2466 1438 in
2495 1383 2764 1454 proximis
2801 1378 3031 1454 nostris,
3069 1385 3139 1442 ad
3181 1387 3513 1444 rectitudinem
3533 1394 3651 1446 urir-

2187 1485 2358 1533 tutem
2388 1477 2636 1550 redigere
2661 1487 3004 1552 satagamus.
3056 1481 3276 1536 Seth
3317 1483 3508 1554 gratiam
3544 1487 3651 1555 ponit,

2185 1581 2312 1622 cum
2339 1567 2525 1624 subdit
2556 1586 2570 1624 :
2600 1567 2934 1640 Cleri/ienuit
2957 1587 3081 1624 eum
3108 1570 3166 1624 in
3189 1581 3440 1643 conspecta
3457 1591 3599 1644 regem.
3617 1575 3655 1630 ει

2186 1658 2412 1734 Moysen
2441 1661 2664 1734 quidem
2708 1662 3038 1734 glorificavit
3082 1661 3228 1719 Deus
3265 1664 3317 1718 in
3342 1675 3575 1738 conspecta
3602 1685 3654 1722 re-

2187 1769 2338 1825 gum,
2364 1755 2584 1827 quando
2597 1748 2808 1812 scilicet
2831 1771 2958 1812 eum
2986 1757 3152 1827 quasi
3169 1756 3330 1813 Deum
3353 1757 3588 1815 Pharaonis
3606 1761 3656 1814 iu-

2187 1848 2383 1917 stituit,
2413 1849 2634 1921 quando
2679 1865 2775 1920 per
2820 1866 3048 1906 manum
3104 1850 3226 1922 ejus
3271 1861 3485 1922 portenta
3507 1863 3546 1908 et
3562 1856 3656 1925 signa

2185 1939 2334 2009 fecit,
2361 1950 2415 1998 et
2441 1942 2662 2014 quando
2685 1959 2811 1999 eum
2838 1943 3146 2014 gloriosum
3194 1943 3254 1999 iu-
3293 1955 3538 2016 conspectu
3570 1945 3657 2000 5cm

2185 2035 2330 2107 regis
2358 2033 2828 2101 Amorrhteorum,
2852 2043 2908 2092 et
2929 2035 3012 2108 0g
3037 2036 3189 2109 regis
3212 2035 3396 2102 Dasan,
3416 2028 3658 2092 ceterorum-

2185 2144 2294 2199 que
2325 2144 2516 2201 regum
2559 2129 2978 2185 demonstravit.
3029 2127 3199 2186 Hunc
3233 2145 3432 2201 quoque
3456 2131 3656 2202 gloriosum

2187 2219 2560 2278 conSesserem
2590 2221 2952 2277 nihilominus
2973 2221 3031 2276 in
3063 2232 3356 2294 conspectu
3385 2238 3536 2294 regum
3557 2223 3657 2293 giliu-

2187 2312 2388 2381 iicavit,
2418 2329 2582 2384 quem
2609 2313 2666 2368 in
2691 2313 2961 2385 regimine
2982 2329 3208 2370 morum
3233 2322 3285 2371 et
3307 2315 3560 2370 animare
3578 2316 3659 2384 ipss

2187 2403 2410 2475 regibus
2438 2403 2801 2460 reverendum
2831 2413 2888 2460 et
2929 2404 3267 2473 mirabilem,
3298 2415 3517 2476 tanquam
3546 2406 3660 2460 lucet-

2186 2512 2339 2564 nam,
2385 2497 2722 2554 sublimavit.
2759 2495 2933 2563 Quem
2980 2506 3036 2554 et
3089 2513 3197 2554 nos
3241 2498 3506 2564 imitantes,
3539 2497 3662 2552 fratre

2189 2589 2320 2658 mei,
2353 2589 2508 2661 prius
2528 2604 2635 2646 nos
2657 2589 2809 2660 ipsos
2837 2589 3120 2661 corrigere
3147 2599 3204 2646 et
3231 2606 3403 2663 regere
3427 2590 3661 2652 studemus,

2187 2694 2461 2758 quatenus
2489 2686 2746 2758 deinceps
2791 2693 3020 2742 cancros
3057 2701 3254 2758 regere
3289 2697 3340 2742 et
3368 2686 3582 2759 corrigere
3607 2701 3664 2738 n-

2189 2780 2422 2837 leamus.

2262 2871 2560 2944 Septimum
2588 2873 2816 2946 gratiam
2845 2873 3020 2946 ponit,
3053 2892 3185 2932 cum
3228 2872 3401 2932 subdit
3438 2891 3450 2926 :
3488 2868 3664 2939 Etjmit

2188 2966 2272 3022 illi
2303 2983 2395 3022 cor
2416 2967 2598 3038 populi
2621 2969 2724 3023 sui.
2749 2966 2938 3024 Junxit
2965 2969 3176 3041 quippe
3204 2968 3449 3024 Dominus
3471 2961 3666 3034 Moysicor

2190 3058 2376 3129 populi
2411 3060 2520 3126 sui,
2549 3067 2613 3115 ut
2637 3059 2892 3116 videlicet
2921 3076 3046 3116 eum
3078 3071 3342 3133 tanquam
3364 3059 3532 3114 bonum
3553 3059 3670 3122 pasto-

491 3143 707 3202 }labent
749 3149 954 3220 quippe
1005 3151 1179 3206 sancti
1230 3152 1461 3224 gloriam
1513 3153 1802 3223 virtutum,
1853 3157 2083 3228 gloriam
2113 3165 2155 3222 c
2189 3165 2304 3205 rem
2333 3159 2389 3206 et
2417 3150 2613 3207 ducem
2642 3150 2949 3224 diligerent,
3000 3161 3360 3224 sequerentur
3402 3157 3448 3205 et
3485 3145 3665 3202 audim-

491 3237 764 3294 bonorum
793 3256 1041 3311 operum,
1067 3252 1123 3297 et
1153 3243 1387 3314 gloriam
1419 3245 1792 3315 prmmiorum,
1832 3249 1927 3305 sed
1973 3265 2084 3306 non

493 3332 638 3402 apud
669 3349 747 3400 se,
776 3334 888 3388 imo
913 3336 1056 3406 apud
1087 3335 1276 3392 Deum.
1331 3336 1402 3394 Ut
1433 3348 1613 3395 autem
1645 3349 1699 3396 et
1729 3358 1830 3398 nos
1877 3359 2087 3400 merea-

492 3441 620 3482 mur
647 3427 854 3484 similes
882 3427 1018 3496 tieri,
1049 3429 1259 3487 similes
1291 3441 1631 3501 sanctorum,
1661 3434 1857 3503 simus,
1889 3435 2088 3493 fratres

493 3520 625 3587 mei,
657 3519 961 3578 imitatores
1001 3538 1226 3590 eorum;
1274 3525 1534 3594 quoniam
1582 3541 1678 3597 per
1723 3526 2086 3584 imitationem

493 3613 712 3668 venitur
732 3613 801 3669 ad
825 3613 1261 3672 similitudinem.
1291 3614 1391 3671 Dat
1416 3616 1636 3688 quidem
1663 3616 1808 3674 Deus
1832 3619 2088 3676 similitu-

491 3703 676 3760 dinem
705 3716 1044 3774 sanctorum,
1069 3707 1162 3764 sed
1194 3724 1303 3764 non
1337 3709 1442 3764 nisi
1467 3725 1656 3766 eorum
1689 3709 2085 3770 imitatoribus.

495 3794 682 3853 Simus
710 3797 875 3868 igitur
903 3799 1208 3856 imitatores
1244 3815 1436 3856 eorum
1467 3801 1520 3856 in
1555 3802 1758 3870 labore,
1792 3811 1852 3859 ut
1880 3819 2091 3861 merea~

494 3904 619 3944 mur
645 3890 760 3945 fieri
788 3891 996 3948 similes
1021 3907 1211 3948 eorum
1243 3892 1296 3948 in
1322 3893 1698 3950 retributione.

563 3985 826 4052 Quartam
859 3987 1090 4058 gratiam
1119 3987 1294 4058 ponit,
1325 4004 1451 4044 cum
1471 3988 1655 4044 subdit
1681 4009 1692 4045 :
1719 3989 2089 4061 Magni/ienuit

493 4090 615 4129 eum
633 4075 691 4129 in
713 4077 899 4130 timore
921 4077 1280 4132 inimicorum.
1309 4078 1676 4150 Magnificavit
1702 4079 1924 4153 Moysen
1947 4082 2090 4153 apud

497 4164 805 4236 Egyptios,
826 4167 1175 4237 Amalecitas,
1196 4169 1568 4240 Amorrhteos,
1601 4171 1948 4244 Madianitas,
1981 4191 2091 4231 cae-

497 4257 739 4328 terisque
765 4259 1017 4317 hostibus
1047 4261 1343 4332 superatis,
1367 4279 1633 4337 magnum
1661 4275 1718 4322 et
1745 4257 2108 4323 tremendum

495 4349 693 4406 eﬂ‘ecit.
725 4349 896 4407 istum
920 4368 1141 4424 quoque
1167 4355 1388 4410 beatum
1415 4355 1786 4414 confessorem
1814 4359 1868 4413 in
1895 4359 2092 4416 timore

496 4441 848 4499 inimicorum
891 4443 1264 4516 magnificavit
1309 4453 1366 4501 et
1409 4445 1758 4502 inimicorum
1787 4449 2088 4505 visibilium

497 4643 603 4684 nus
631 4627 862 4685 insidias
893 4628 1096 4684 diaboli
1126 4644 1409 4701 superare,
1447 4640 1628 4689 castra
1665 4633 1788 4705 ejus
1813 4633 2085 4708 frangere,

495 4729 552 4777 et
579 4721 648 4777 de
675 4720 927 4779 faucibus
956 4723 1077 4795 ejus
1111 4739 1242 4780 vasa
1293 4723 1625 4796 captivitatis
1671 4736 1924 4798 potenter
1952 4730 2090 4787 libe-

496 4829 640 4869 rare.
673 4813 832 4870 Unde
857 4824 913 4871 et
947 4835 966 4868 ι
999 4815 1070 4871 ad
1099 4815 1334 4872 nihilum
1361 4817 1631 4875 deductus
1655 4827 1742 4876 est
1770 4819 1826 4874 in
1853 4835 2088 4891 conspe-

496 4915 588 4959 ctu
639 4903 762 4975 ejus
807 4905 1082 4978 malignus
1133 4904 1312 4978 (Paul.
1357 4906 1492 4980 xxv).
1538 4926 1558 4961 ι
1613 4906 1786 4978 Cujus
1835 4909 2089 4979 precibus

495 4995 700 5066 pariter
740 5005 796 5052 et
843 4998 1078 5070 exempli
1133 4998 1362 5068 suﬂ'ulti,
1397 4999 1598 5056 fratres
1645 5000 1775 5069 mei,
1806 5001 2090 5060 discamus

495 5097 686 5144 contra
705 5089 980 5146 diabolum
1002 5090 1218 5149 fortiter
1239 5093 1520 5160 rebellare,
1552 5092 1782 5150 insidias
1809 5094 1930 5166 ejus
1957 5111 2088 5151 eva-

495 5195 681 5248 enare,
710 5183 1040 5240 munitiones
1064 5184 1188 5255 ejus
1214 5185 1466 5256 dejicere,
1496 5195 1550 5243 et
1571 5187 1817 5258 captivos
1843 5189 1910 5245 de
1930 5205 2087 5245 com-

494 5273 727 5346 pedibus
772 5274 893 5344 ejus
941 5277 1194 5344 liberare,
1225 5288 1499 5350 quatenus
1544 5295 1648 5337 nos
1681 5281 1750 5338 de
1793 5291 1996 5340 czetero
2023 5283 2095 5339 ti-

493 5376 640 5424 meat
660 5367 1001 5440 impugnare.
1021 5368 1278 5436 Quintam
1293 5373 1522 5444 gratiam
1539 5373 1718 5444 ponit,
1733 5389 1858 5431 cum
1874 5375 2088 5433 subdit:

494 5460 564 5515 Et
591 5461 648 5516 in
671 5459 840 5515 verbis
863 5461 974 5515 suis
995 5469 1233 5517 monstra
1248 5464 1500 5536 placarit.
1533 5464 1606 5522 Ut
1632 5465 1848 5540 Moyses
1869 5469 2088 5540 quidem

495 5564 852 5612 monstruosa
881 5570 1008 5627 quas
1061 5555 1328 5615 Dominus
1355 5559 1588 5616 immisit
1633 5561 1690 5616 in
1720 5560 2087 5632 Pharaonem,

495 5648 655 5720 signa
682 5647 832 5715 fecit,
860 5657 916 5703 et
948 5649 1004 5705 in
1033 5664 1226 5706 omnes
1255 5667 1444 5708 servos
1467 5652 1611 5723 ejus,
1640 5654 1931 5712 Pharaone
1959 5672 2086 5727 per-

497 5739 778 5805 mittente,
831 5749 887 5797 et
929 5741 1310 5798 dimissionem
1360 5744 1598 5800 filiorum
1651 5745 1817 5804 israei
1863 5750 2090 5820 permit-

497 5835 666 5896 tente,
697 5830 1043 5890 orationibus
1089 5831 1207 5888 suis
1244 5834 1439 5890 avertit
1461 5843 1514 5890 et
1545 5835 1798 5905 placavit,
1830 5849 1890 5894 ut
1918 5839 2090 5898 cimo—

2187 3243 2278 3300 isti
2306 3259 2528 3316 quoque
2573 3254 2766 3301 sancto
2795 3245 3104 3302 confessori
3145 3245 3330 3318 junxit
3371 3241 3582 3298 Dominus
3612 3249 3668 3291 eor

2187 3336 2372 3408 populi
2403 3337 2511 3405 sui,
2541 3338 2806 3410 quoniam
2851 3347 3061 3394 tantam
3117 3339 3346 3411 gratiam
3375 3333 3502 3390 dedit
3523 3332 3559 3384 ei
3579 3327 3668 3400 quod

2190 3429 2274 3484 sui
2303 3445 2429 3486 eum
2455 3439 2720 3502 tanquam
2751 3431 2957 3487 bonum
3005 3441 3224 3502 patrem
3255 3428 3532 3501 diligebant,
3554 3422 3669 3478 iniu-

2189 3523 3061 3591 bantureteiobediebantﬂuam
3076 3524 3309 3600 gratiam
3329 3513 3670 3582 utetnosindigti

2191 3612 2393 3670 habere
2422 3629 2754 3682 mereamur,
2783 3615 3066 3672 discamus
3089 3630 3190 3671 cor
3219 3613 3394 3686 pepuli
3416 3609 3556 3668 nostri
3574 3603 3673 3661 nobis

2190 3705 2543 3779 conjungere,
2575 3723 2675 3778 per
2698 3707 3068 3774 dilectionem,
3112 3723 3214 3778 per
3239 3700 3670 3762 condescensionun.

2185 3799 2343 3870 juxta
2382 3799 2531 3872 quod
2577 3799 2848 3857 Dominus
2893 3801 3173 3872 praecepit,
3222 3800 3432 3856 dicens:
3474 3791 3593 3848 illoc
3624 3795 3670 3842 est

2191 3901 2521 3963 praeceptum
2569 3908 2752 3949 meum
2787 3902 2851 3948 ut
2895 3893 3138 3965 diligatis
3167 3893 3414 3958 invicem,
3441 3888 3552 3944 sicut
3571 3880 3672 3936 dilui

2190 4000 2290 4040 vos
2323 3984 2507 4054 (Joau.
2531 3985 2646 4058 xv).
2680 4005 2700 4038 ι
2733 3985 2838 4041 Per
2864 3985 3404 4048 condescensionem,
3429 3982 3556 4053 juxta
3584 3971 3676 4044 (11(ιᾶ

2191 4077 2455 4148 scriptum
2505 4088 2589 4135 est
2622 4096 2636 4133 :
2675 4098 2693 4131 ι
2726 4078 2928 4134 Ducem
2975 4089 3030 4134 te
3079 4078 3488 4137 constituerunt,
3515 4069 3597 4125 noli
3615 4082 3670 4118 et-

2192 4171 2330 4238 tolli,
2361 4170 2456 4228 sed
2482 4180 2603 4227 esto
2630 4170 2788 4242 quasi
2817 4187 2963 4227 unus
2989 4186 3057 4226 ex
3087 4169 3396 4241 illis(Ercli.
3422 4163 3598 4232 πίνη.»
3619 4172 3674 4228 ΡΠ
3760 4163 3761 4234 l

2193 4262 2661 4332 supportationem
2692 4271 2747 4317 et
2777 4261 3325 4328 condescensionem,
3373 4260 3506 4314 sicut
3522 4257 3672 4324 Δροςιον
3760 4257 3761 4332 ξ

2195 4352 2278 4408 lus
2306 4361 2494 4409 monet
2523 4372 2536 4408 :
2575 4373 2595 4406 ι
2623 4351 2773 4409 Alter
2796 4353 3023 4409 alterius
3044 4369 3214 4410 onera
3243 4361 3460 4424 portate,
3481 4339 3672 4404 et-sical-

2194 4449 2487 4506 implebitis
2514 4449 2688 4506 leuem
2719 4448 2924 4504 Christi
2966 4447 3112 4506 (Gal.
3143 4447 3242 4506 vt).
3282 4467 3299 4499 ι
3353 4444 3568 4501 Octavam
3596 4451 3670 4506 gn:

496 4447 848 4499 inimicorum
891 4447 1264 4524 magnificavit
1309 4453 1366 4501 et
1409 4447 1758 4502 inimicorum
1787 4449 2082 4505 visibilium

495 4543 552 4590 et.
581 4533 940 4592 invisibilium
969 4535 1428 4607 triumphatorem
1457 4537 1605 4594 fecit.
1635 4538 1794 4596 Dedit
1815 4541 1868 4598 ei
1899 4541 2082 4597 Domi-

2193 4449 2487 4520 implebitis
2514 4449 2688 4521 legem
2719 4448 2924 4504 Christi
2966 4447 3112 4520 (Gal.
3143 4447 3242 4519 vn).
3282 4467 3299 4499 ι
3353 4447 3568 4501 Octavam
3596 4451 3670 4506 ἔθ’

2195 4541 2326 4596 tiam
2369 4539 2526 4612 ponit
2569 4555 2694 4596 cum
2743 4539 2929 4594 subdit
2983 4558 2996 4592 :
3049 4537 3119 4592 Et
3163 4536 3387 4592 ostendit
3427 4533 3497 4588 illi
3524 4528 3671 4602 grnan
3760 4547 3761 4610 ι

3049 4537 3119 4592 Et
3163 4536 3387 4592 ostendit
3427 4533 3497 4588 illi
3524 4528 3671 4602 gratu-

2190 4648 2363 4687 suam.
2417 4631 2486 4687 Et
2509 4631 2683 4705 Moysi
2732 4632 2953 4703 quidem
2983 4631 3211 4704 gloriam
3245 4628 3496 4692 ostendit,
3533 4616 3676 4693 quand“

2189 4723 2485 4794 potentiam
2513 4739 2671 4780 suam
2699 4739 2800 4795 per
2832 4723 3108 4794 subjectus
3133 4731 3406 4778 creaturas
3435 4717 3477 4772 ei
3501 4707 3670 4769 08363“-

2188 4816 2406 4874 Faciem
2438 4816 2587 4873 enim
2620 4832 2822 4882 meam,
2852 4816 3071 4872 dicebat
3100 4814 3385 4878 Dominus,
3421 4832 3436 4862 ι
3463 4809 3589 4864 homo
3605 4813 3668 4854 uel
3760 4823 3761 4882 ξ

2194 4908 2420 4976 videbit,
2451 4917 2507 4964 et
2531 4908 2676 4964 vivet
2703 4906 2902 4978 (Exod.
2933 4907 3152 4978 Inui).
3187 4927 3204 4955 ι
3261 4905 3350 4961 isti
3393 4912 3570 4973 quoque
3602 4890 3670 4961 φ

2193 4999 2344 5056 rioso
2369 4999 2695 5067 confessori,
2714 4999 2942 5071 gloriam
2971 5014 3128 5054 suam
3139 4992 3519 5054 Deusostendit,
3531 4979 3671 5059 quamlo

2194 5093 2244 5151 ei
2273 5109 2369 5166 per
2382 5102 2663 5150 creaturas
2677 5093 2990 5149 Creatorem
3005 5091 3302 5164 intelligere
3316 5088 3448 5144 fecit.
3463 5072 3668 5151 lit-qudo

2197 5202 2295 5244 cor
2319 5186 2441 5256 ejus
2469 5202 2568 5257 per
2595 5185 2849 5264 gratiam,
2902 5199 3001 5255 per
3030 5184 3407 5240 revelationem
3434 5185 3480 5234 et
3501 5189 3573 5246 pa

2194 5280 2624 5352 templationem,
2665 5279 2734 5334 ad
2774 5260 2834 5334 se
2875 5275 3282 5349 intelligendum
3327 5260 3666 5362 illustravit-Sili

2193 5388 2435 5446 quoque,
2467 5372 2666 5430 fratres
2695 5371 2826 5440 mei,
2859 5371 2914 5428 si'
2937 5371 3198 5443 sapimus,
3250 5385 3346 5441 per
3376 5365 3538 5422 miram
3559 5356 3665 5429 pla“:

2195 5467 2438 5524 tudinem
2487 5468 2909 5535 elementorum,
2957 5481 3123 5538 quam
3173 5466 3239 5522 sit
3288 5463 3492 5536 pulcher
3527 5459 3661 5510 auctor.

2193 5577 2291 5633 Pe?
2341 5561 2645 5632 Sapientem
2693 5560 3090 5616 elementorum
3139 5555 3529 5629 dispositionem,
3561 5551 3660 5615 qm

2193 5654 2266 5710 sit
2289 5653 2508 5726 sapiens
2543 5663 2756 5721 auctor,
2783 5668 2883 5725 per
2917 5651 3332 5708 immensitatem
3353 5645 3660 5703 elementorum

2194 5763 2363 5818 quam
2388 5748 2462 5804 sit
2493 5748 2801 5804 immensus
2835 5755 3049 5810 auctor,
3085 5757 3180 5815 per
3203 5740 3472 5813 potentiam
3505 5732 3658 5788 dm
3760 5732 3761 5812 l

2195 5851 2398 5911 torum,
2423 5857 2604 5913 quanr
2621 5839 2694 5897 sit
2732 5847 2927 5911 potens
2970 5842 3181 5902 auctor,
3221 5849 3312 5905 per
3356 5823 3656 5903 perpaulum
