3834 6332
547 341 682 398 1599

1705 405 1707 408 ⁴
1797 333 2125 390 RADULPU

2239 334 2420 390 liDEN
2428 336 2538 392 TIS
3583 351 3664 406 ιυω

543 454 788 510 ostencit
811 470 864 509 ei
912 453 967 508 in
1019 453 1226 510 somnis
1263 453 1472 508 scalam
1503 470 1532 507 a
1567 451 1730 508 terris
1759 451 2138 524 attingcntem,
2171 453 2218 510 Α
2247 449 2662 508 damnationem
2724 462 3066 525 aggerentes.
3102 450 3308 509 Utinam
3331 463 3377 509 ct
3402 456 3664 528 cjuspmilu

542 556 596 600 et
624 546 854 617 angelos
882 544 1240 601 ascendentes
1283 553 1341 600 et
1366 542 1760 600 descendentes
1787 557 1885 613 per
1911 557 2056 606 eam,
2086 549 2140 596 et

546 636 841 693 Dominum
873 637 1122 692 innixum
1151 635 1312 692 scala:
1342 635 1444 697 sibi
1471 634 1743 698 dicentem
1771 651 1786 688 :
1825 653 1845 687 ι
1874 633 1989 704 Ego
2016 649 2137 696 sum

545 729 691 786 Deus
723 730 998 788 Abraham
1021 739 1075 785 ct
1099 728 1251 785 Isaac
1274 726 1427 798 (Gen.
1455 725 1668 797 xxvm).
1702 745 1721 779 ι
1757 724 1897 782 Huic
1920 740 2140 796 quoque

548 825 708 878 beato
761 821 1064 880 confessori
1119 821 1358 876 ostendit
1405 820 1670 877 Dominus
1715 820 1881 876 etiam
1931 819 1987 873 in
2038 818 2140 874 hac

546 917 658 972 vita
691 931 918 987 regnum
953 931 1114 970 suum
1161 929 1262 986 per
1304 928 1476 968 sacrae
1508 909 2140 982 Scriptumintelligen—

548 1008 704 1076 tiam,
738 1023 834 1078 per
859 1006 1198 1078 spiritualem
1229 1004 1768 1075 contemplationem,
1799 1019 1898 1074 per
1943 1017 2141 1074 quam-

547 1100 674 1156 dam
707 1098 906 1159 futura:
939 1097 1292 1154 beatitudinis
1322 1095 1772 1166 praelibationem.
1801 1093 1960 1154 Nunc
1989 1110 2138 1161 vero,

547 1211 714 1249 carne
740 1193 992 1264 spoliato,
1017 1191 1253 1246 ostendit
1275 1191 1404 1246 illud
1430 1205 1525 1260 per
1545 1188 1892 1260 praesentiam
1919 1186 2141 1248 fruitio-

549 1286 634 1340 nis
660 1285 812 1355 regni
834 1285 974 1354 ejus.
1017 1281 1239 1338 Utinam
1268 1290 1323 1337 ct
1349 1281 1527 1348 nobis,
1564 1279 1761 1336 fratres
1793 1278 1930 1345 mei,
1951 1286 2143 1333 esten-ﬁ

544 1378 639 1432 dat
667 1375 921 1434 similiter
946 1391 1173 1447 regnum
1199 1390 1388 1441 suum,
1414 1382 1686 1444 quatenus
1725 1371 1846 1442 ejus
1894 1370 2062 1426 odore
2086 1376 2142 1428 et

545 1469 818 1526 desiderio
837 1469 1142 1533 trahamur,
1163 1467 1404 1522 dicentes
1417 1481 1541 1521 cum
1555 1462 1847 1520 Psalmista
1876 1480 1888 1516 :
1921 1481 1940 1514 ι
1961 1461 2140 1530 Quam

547 1580 746 1636 magna
797 1562 1092 1622 multitudo
1139 1560 1446 1617 dulcedinis
1499 1567 1626 1626 ture,
1673 1557 1922 1625 Domine,
1971 1574 2138 1628 quam

545 1655 834 1714 ostendisti
861 1654 1181 1714 timentibus
1203 1655 1283 1708 te!
1318 1651 1494 1718 (Psal.
1524 1650 1681 1722 xxx.)
1707 1649 1952 1706 Tertium
1972 1649 2140 1704 bene-

546 1748 733 1808 ﬁcium
781 1755 867 1803 est
893 1746 1040 1816 quod
1067 1744 1334 1800 Dominus
1357 1743 1504 1798 dedit
1527 1741 1698 1798 Jacoh
1716 1742 1999 1796 scientiam
2021 1757 2140 1796 san-

546 1849 787 1898 ctorum:
820 1853 987 1908 quam
1019 1836 1212 1892 habuit
1241 1845 1353 1890 tam
1389 1835 1452 1906 in,
1477 1833 1869 1908 temporalibus
1890 1849 2056 1904 quam
2085 1833 2144 1890 in

545 1931 748 1996 divinis
785 1931 970 1986 rebus.
1026 1929 1228 1984 Rerum
1279 1929 1425 1984 enin
1467 1937 1693 2002 naturas
1735 1927 2142 1997 animadvertit,

547 2039 640 2082 res
671 2023 1002 2093 temporales
1026 2022 1324 2093 prudenter
1376 2021 1732 2088 ministravit,
1766 2021 2010 2077 visiones
2060 2021 2145 2076 in-

549 2117 780 2184 tellexit,
813 2116 1068 2187 spiritum
1099 2116 1398 2187 prophetiae
1427 2115 1484 2170 in
1504 2115 1612 2172 fine
1635 2115 1845 2180 habuit.
1872 2113 1976 2170 lste
2007 2130 2144 2186 quo-

546 2223 656 2279 que
701 2215 929 2264 sanctus
962 2207 1250 2263 confessor
1299 2207 1585 2263 scientiam
1642 2215 1752 2261 tam
1801 2215 2164 2263 terrenarum

543 2315 712 2373 quam
739 2301 1043 2358 caelestium
1065 2302 1276 2370 habuit,
1306 2302 1400 2372 qui
1429 2311 1688 2372 tanquam
1713 2301 1953 2372 prudens
1977 2317 2148 2373 nego-

542 2394 732 2462 tiator,
761 2409 852 2452 res
868 2411 976 2450 non
1000 2412 1066 2450 ex
1089 2395 1348 2466 opinione
1375 2395 1678 2451 secundum
1702 2412 1861 2451 suam
1888 2405 2144 2452 naturam

543 2502 809 2557 pensans,
842 2487 1060 2546 inventa
1093 2505 1202 2543 una
1243 2490 1480 2558 pretiosa
1529 2488 1849 2560 margarita,
1899 2489 2146 2546 vendidit

545 2578 736 2636 omnia
760 2594 888 2648 quas
905 2578 1096 2639 habuit
1121 2587 1175 2634 et
1203 2581 1338 2634 emit
1365 2595 1486 2636 eam
1527 2579 1749 2649 (Matth.
1779 2578 1924 2651 xui).
1965 2579 2143 2648 Quam

543 2672 831 2732 scientiam
867 2681 924 2728 et
950 2673 1132 2742 nobis,
1173 2672 1370 2732 fratres
1403 2673 1530 2741 mei,
1561 2661 1828 2732 Dominus
1859 2675 2141 2746 largiatur,

545 2774 820 2834 quatenus
849 2766 1034 2821 omnia
1067 2775 1304 2834 terrena,
1336 2776 1600 2837 tanquam
1628 2775 1892 2836 stercora,
1921 2767 1976 2822 in
1993 2783 2144 2824 com-

541 2859 829 2929 paratione
852 2859 1161 2915 caelestium
1193 2867 1530 2930 reputantes,
1561 2860 1678 2916 haec
1713 2874 1815 2931 pro
1869 2859 1978 2916 illis
2013 2859 2144 2918 dare

542 2959 599 3006 et
623 2961 966 3007 coni-mutare
992 2950 1336 3007 festinemus.
1363 2951 1630 3018 Quartum
1677 2951 2005 3008 beneficium
2035 2961 2152 3019 est,-

541 3043 689 3112 quo]
717 3041 984 3101 Dominus
1032 3044 1328 3098 lwucstaeit
1373 3042 1544 3100 Jacoh
1589 3044 1646 3099 in
1692 3043 1964 3098 laboribus
2003 3043 2140 3112 suis,

2249 544 2504 614 gloriosis
2533 545 2694 605 nobis
2723 544 2991 602 Dominus
3013 545 3068 600 in
3100 545 3446 604 tentatienibus
3463 549 3573 618 adsit,
3590 570 3666 624 ne

2249 635 2354 692 riat
2383 637 2544 693 nobis
2577 637 2804 694 insidias
2832 637 3052 696 Satanae
3077 649 3136 694 et-
3166 638 3316 694 faciat
3336 641 3463 696 nobis
3497 643 3535 697 in
3568 646 3652 704 victa

2248 728 2389 783 riam
2445 730 2734 800 provenire
2767 732 2778 784 Ξ
2813 729 3121 800 Septimum
3173 730 3453 788 beneﬁcium
3487 743 3558 802 est,
3583 741 3665 806 qud

2247 819 2518 882 Dominus
2547 823 2824 878 lionestum
2853 824 2980 893 fecit
3011 822 3198 891 Jacob,
3238 835 3400 895 utpote
3428 842 3546 896 quem
3577 831 3666 885 too

2248 912 2496 968 moribus
2524 915 2870 982 exornando,
2893 915 3194 972 virtutibus
3215 915 3502 984 illustrando,
3517 921 3674 989 operite

2247 1006 2582 1073 deeorando,
2610 1022 2716 1063 suo
2748 1008 2990 1079 alloquio
3018 1007 3287 1079 dignando
3319 1011 3522 1066 conabor
3546 1016 3670 1068 ternis

2248 1099 2621 1154 venerandum
2649 1098 2779 1154 fecit
2799 1109 2964 1170 atque
2994 1098 3336 1154 laudantem.
3379 1098 3509 1156 lstnm
3543 1118 3672 1174 ιιιηιι

2248 1191 2551 1261 gloriosum
2610 1190 2986 1248 confessorem
3037 1191 3324 1247 honestum
3363 1194 3495 1260 fecit,
3527 1197 3672 1251 unum

2248 1281 2536 1340 honestate
2581 1294 2797 1340 saneta
2845 1284 3301 1350 conversationis,
3343 1284 3556 1341 honestate
3585 1287 3672 1342 lum

2248 1372 2560 1443 opinionis,
2587 1373 2877 1431 honestate
2929 1375 3225 1443 virtutum,
3265 1375 3503 1431 honestate
3536 1379 3672 1434 unus»

2250 1465 2450 1522 lorum.
2491 1465 2734 1534 Utinam,
2760 1467 2961 1524 fratres
3001 1467 3135 1535 mei,
3166 1477 3220 1523 et
3247 1484 3341 1523 nos
3363 1467 3562 1524 Dominus
3583 1469 3674 1526 lubt

2248 1558 2536 1626 honestos,
2559 1567 2619 1615 ut
2638 1576 2855 1616 onmem
2887 1559 3290 1617 inhonestatem
3327 1561 3596 1636 fugientum
3623 1566 3673 1618 in»

2249 1661 2403 1708 ueste
2430 1667 2742 1708 mereamur
2771 1652 3090 1708 ministrare
3121 1655 3134 1709 !

2320 1736 2582 1796 Octavum
2626 1739 2954 1796 beneficium
3003 1748 3126 1806 est,
3164 1739 3304 1810 quod
3345 1737 3550 1796 Dominus
3581 1753 3676 1796 me

2175 1805 2222 1866 B
2247 1832 2383 1887 divit
2425 1831 2595 1890 Jaeob
2623 1832 2689 1886 ab
2716 1831 2972 1899 inimicis,
3009 1805 3264 1886 videlicet
3309 1845 3336 1886 a
3372 1829 3676 1886 hau-esteat

2246 1923 2598 1992 Chananaais,
2635 1923 2860 1980 fratrem
2911 1938 3079 1980 suum
3129 1922 3180 1978 ei
3245 1923 3512 1993 pacificans,
3547 1933 3677 1978 eam

2247 2034 2317 2074 ne
2368 2019 2418 2074 ei
2472 2033 2672 2074 nocere
2737 2025 2962 2088 possent
3016 2015 3321 2072 refrenatus.
3377 2015 3510 2072 istum
3554 2033 3679 2087 quarti

2246 2111 2467 2166 beatum
2522 2108 2900 2166 confessorem
2948 2109 3253 2166 custodivit
3293 2107 3511 2165 Dominus
3551 2111 3595 2164 ab
3621 2111 3677 2162 lni-

2247 2202 2411 2260 micis
2427 2202 2565 2270 suis,
2599 2217 2710 2256 non
2739 2201 2886 2276 quod
2915 2200 3159 2272 injurias
3198 2217 3302 2255 non
3329 2201 3622 2266 informem
3641 2216 3678 2254 tt

2245 2298 2296 2352 ei
2323 2296 2652 2368 injuriantes
2676 2303 2972 2362 nocerent,
3024 2295 3144 2350 imo
3176 2295 3348 2366 potius
3367 2293 3679 2366 prodessent.

2246 2405 2446 2462 nempe
2481 2387 2751 2443 Dominus
2791 2386 2988 2441 melius
3027 2386 3310 2456 apostolos
3329 2394 3378 2440 et
3407 2395 3679 2455 martyresstos

2246 2481 2536 2538 consuevit
2579 2481 2832 2536 liberare.
2881 2476 3058 2547 Unde,
3106 2478 3301 2534 fratres
3337 2477 3445 2542 mei,
3473 2475 3678 2538 omne

2245 2575 2428 2630 dicere
2449 2574 2750 2630 debemus:
2781 2591 2799 2625 ι
2830 2571 2908 2628 Da
2929 2570 3095 2626 nobis
3118 2570 3372 2628 auxilium
3392 2569 3446 2624 de
3464 2567 3680 2622 tribulatione

2247 2666 2422 2739 (Psal.
2447 2665 2583 2736 nx),
2616 2684 2634 2718 ι
2667 2680 2779 2720 non
2805 2679 2835 2718 a
2857 2663 3238 2731 tribulatione,
3267 2659 3409 2733 quasi
3433 2659 3540 2716 dicat
3557 2677 3566 2712 :
3583 2653 3680 2724 bsic

2247 2757 2658 2816 tribulationem
2710 2753 2799 2814 fac
2843 2756 3004 2814 nobis
3057 2756 3120 2812 in
3170 2753 3451 2827 profectum
3493 2748 3678 2820 provenirt

2247 2851 2466 2908 Nonum
2487 2850 2818 2908 beneficium
2843 2858 2948 2916 est,
2979 2849 3134 2920 quod
3171 2847 3417 2904 Dominus
3440 2838 3684 2898 tataritlacli

2245 2944 2634 3012 seductoribus,
2660 2943 2916 3000 videlicet
2937 2958 2968 2998 ει
3003 2942 3243 2998 crimine
3272 2939 3441 2995 Simon
3465 2945 3508 2993 et
3523 2932 3684 2998 Levium

2247 3039 2302 3093 in
2343 3039 2472 3096 dolo
2499 3036 2822 3093 occiderunt
2867 3051 3052 3107 regem
3085 3044 3142 3092 et
3193 3034 3433 3106 populum
3471 3030 3522 3086 de
3556 3025 3686 3082 Siden.

543 3133 753 3192 scilicet
785 3133 999 3194 labores
1041 3135 1161 3204 ejus
1201 3134 1506 3205 dirigenda,
1557 3144 1612 3190 et
1660 3134 1716 3189 in
1760 3135 1968 3192 bonum
2015 3151 2144 3206 pro-
2173 3159 2214 3220 ο
2247 3130 2450 3201 ﬁnibus
2491 3138 2680 3200 ροδιοε
2733 3128 3154 3200 ἱειιιποιιετανίι,
3187 3128 3408 3220 dicens:
3441 3145 3456 3176 ι

543 3225 730 3281 venite
761 3224 1012 3286 faciendo
1037 3235 1092 3282 et
1121 3242 1216 3297 per
1251 3225 1531 3282 servitium
1576 3225 1695 3296 ejus
1743 3226 1908 3282 etiam
1954 3225 2140 3282 Laban

543 3317 978 3388 multiplicando.
1006 3318 1176 3375 Istum
1197 3334 1344 3389 quoq
1353 3333 1418 3374 ue
1445 3317 1746 3389 gloriosum
1769 3315 2140 3374 confessorem

543 3411 858 3468 honestavit
887 3411 940 3467 in
969 3411 1248 3468 laboribus
1298 3411 1436 3478 suis,
1475 3409 1608 3481 quia
1657 3409 1710 3466 ei
1760 3409 1816 3464 in
1861 3409 2143 3466 laboribus

543 3503 662 3560 imis
687 3513 740 3559 et
771 3503 969 3560 studiis
1019 3503 1268 3560 honestis
1315 3502 1659 3569 exercitium,
1687 3510 1742 3557 et
1779 3501 1835 3555 in
1881 3501 2142 3558 exercitio

539 3596 794 3662 honesta,
829 3597 1118 3651 honestam
1141 3596 1551 3651 exsecutionem
1582 3592 1750 3648 dedit.
1793 3591 1949 3647 Sicut
1993 3592 2140 3648 enim

541 3687 828 3757 turpitudo
879 3687 1129 3744 laborum
1161 3687 1504 3744 laborantem
1533 3685 1808 3758 detut'pat,
1845 3683 1920 3740 ita
1949 3694 2002 3741 ct
2037 3685 2140 3740 ho-

546 3790 736 3842 nestas
784 3780 1032 3836 laborum
1073 3781 1411 3836 laborantem
1445 3780 1719 3836 honestat.
1749 3776 1908 3845 Hine,
1941 3777 2142 3834 fratres

540 3873 670 3942 tnei,
704 3874 993 3935 inhonesta
1021 3875 1239 3944 negotia
1270 3873 1477 3945 fugere,
1509 3874 1850 3945 honestaque
1879 3870 2140 3944 frequen-

541 3975 661 4024 tare
708 3966 1046 4022 studeamus.
1107 3965 1372 4034 Quintum
1429 3967 1755 4022 beneficium
1833 3974 1940 4033 est,
1991 3964 2138 4036 quod

544 4055 692 4115 Deus
721 4057 996 4128 roniplevit
1021 4058 1229 4114 labores
1263 4059 1452 4130 ipsius,
1484 4059 1613 4130 quia
1664 4057 1835 4114 Jacob
1877 4073 2136 4123 uxorum,

544 4148 804 4216 filiorum,
833 4149 1076 4218 familiae,
1102 4167 1374 4209 annorum
1399 4167 1691 4223 rerumque
1713 4151 1959 4208 omnium
1980 4151 2140 4221 plena

541 4241 802 4298 felicitate
826 4244 1250 4299 consummavit.
1266 4242 1430 4299 Istius
1459 4259 1678 4314 quoque
1709 4242 1887 4299 sancti
1927 4240 2140 4298 confes-

543 4333 688 4392 seris
718 4333 934 4390 labores
955 4335 1271 4405 complevit,
1295 4335 1580 4405 quoniam,
1606 4336 1907 4392 secundum
1938 4351 2138 4407 propo-

539 4430 708 4488 situm
738 4442 854 4487 sua:
873 4431 1199 4498 vocationis,
1218 4431 1405 4486 omnia
1429 4446 1734 4503 cooperans
1753 4433 1806 4490 ei
1827 4433 1882 4488 in
1907 4433 2135 4500 bonum,

537 4524 828 4592 virtutum,
872 4539 1090 4580 morum
1139 4524 1574 4597 meritorumque
1619 4525 1954 4597 plenitudine
2005 4540 2132 4581 eum
2169 4507 2214 4565 D

537 4619 857 4674 cumulavit.
939 4616 1112 4690 Cujus
1173 4619 1428 4690 gloriosis
1477 4619 1754 4690 precibus,
1795 4628 1850 4676 et
1913 4628 2132 4676 nostros

537 4705 750 4774 utinam
783 4710 999 4768 labores
1025 4711 1282 4783 dignetur
1311 4711 1577 4770 Dominus
1625 4711 1680 4768 in
1737 4713 1941 4770 bonum
1995 4728 2131 4770 con-

537 4799 706 4871 plere,
737 4809 794 4857 et
815 4817 1036 4858 cursum
1065 4803 1192 4859 vitae
1241 4813 1446 4860 nostrae
1503 4803 1572 4860 de
1624 4804 1770 4864 bono
1827 4804 1886 4860 in
1941 4803 2139 4860 melius

537 4891 956 4952 consummare!
985 4894 1211 4954 Sextum
1229 4895 1554 4954 beneficium
1569 4904 1674 4963 est,
1702 4896 1850 4967 quod
1873 4895 2140 4952 Dominus

535 4991 712 5060 adfuit
745 4990 914 5050 Iacob
940 5022 978 5048 ,ρ
1024 4995 1216 5064 fraude
1243 4996 1785 5052 circumvenientium.
1815 4995 1957 5051 Cum
1984 4996 2134 5051 enim

539 5081 724 5138 Laban
753 5085 1021 5158 cogitaret
1051 5085 1224 5143 Jaeob
1269 5088 1689 5155 circumuenire,
1721 5097 1776 5143 et
1824 5089 2134 5144 mercedem

535 5175 660 5246 ejus
685 5179 950 5235 mutando
987 5179 1254 5247 mitium,
1281 5179 1550 5238 Dominus
1577 5181 1868 5238 consilium
1889 5181 1938 5237 ei
1962 5182 2130 5248 dedit,

534 5285 604 5324 ne
633 5269 788 5324 fraus
809 5271 861 5326 ei
897 5273 1134 5341 obesset,
1179 5274 1272 5330 sed
1303 5274 1486 5344 potius
1521 5273 1707 5330 Laban
1743 5273 1989 5346 seipsum
2023 5275 2134 5330 (εἰς-

533 5363 892 5418 cumveniret.
936 5363 1077 5420 Huic
1105 5381 1330 5436 quoque
1361 5366 1602 5437 glorioso
1629 5363 1932 5421 confessori
1957 5363 2133 5421 adfuit

535 5455 803 5514 Dominus
851 5459 906 5514 in
957 5460 1151 5517 fraude
1198 5461 1784 5526 circumvenientium,
1842 5459 2128 5531 quoniam,

535 5567 662 5606 cum
707 5552 960 5610 diabolus
995 5554 1361 5623 tliabolieique
1407 5554 1658 5608 homines
1695 5569 1822 5610 cum
1876 5555 2128 5610 tentatioo

538 5643 701 5698 nibus
749 5647 1020 5714 parabant
1051 5646 1468 5710 circumvenire,
1501 5646 1733 5701 Domino
1777 5655 2126 5717 procurante,

538 5737 852 5790 econtrario
881 5737 988 5794 sibi
1018 5737 1152 5808 ipsis
1183 5736 1475 5803 nocebant,
1491 5745 1547 5791 et
1565 5737 1718 5792 illum
1738 5738 2026 5808 juvabant,
2049 5739 2127 5794 illi

542 5826 884 5882 occasionem
935 5829 1176 5884 victoriae
1237 5826 1450 5894 dantes,
1497 5838 1550 5884 et
1603 5829 1823 5890 sibimet
1862 5830 2124 5904 majorem

2247 3239 2438 3282 eorum
2469 3239 2580 3278 non
2609 3220 2795 3278 veniat
2835 3223 3018 3277 anima
3057 3237 3185 3276 mea
3221 3219 3367 3292 (Cen.
3396 3215 3532 3286 xui).
3556 3231 3570 3264 ι
3591 3209 3684 3266 ἰδίω

2246 3331 2467 3388 quoque
2494 3316 2715 3371 beatum
2763 3313 3147 3370 confessorem
3181 3311 3369 3368 tutavit
3393 3306 3685 3363 hauriantur-

2245 3410 2570 3470 dnctorihus
2614 3411 2939 3481 caaterisque
2980 3407 3383 3480 peccatoribus,
3415 3419 3471 3460 ne
3500 3399 3693 3457 comiti

2244 3505 2539 3576 palpande,
2572 3505 2658 3561 vel
2697 3502 3119 3570 consentiendo,
3156 3501 3244 3556 vel
3273 3496 3492 3562 tacendo,
3524 3491 3686 3564 perticis

2245 3598 2418 3655 ﬁeret.
2451 3597 2510 3653 ln
2531 3614 2644 3668 quo
2671 3597 2920 3669 plerique
2937 3603 3192 3650 nostrum
3217 3599 3446 3664 peccant,
3463 3587 3534 3660 qui
3551 3583 3686 3640 alim

2243 3700 2466 3762 peccata
2499 3689 2729 3746 tacendo
2753 3689 2958 3755 fovent,
2983 3687 3133 3742 unde
3157 3703 3191 3742 a
3211 3684 3424 3740 Domino
3450 3701 3466 3732 ι
3483 3673 3690 3735 canam

2245 3798 2354 3838 non
2378 3781 2622 3838 valentes
2667 3782 2868 3836 latrare
2890 3777 3028 3849 (Ira.
3055 3779 3167 3848 ιλιι)
3200 3796 3219 3828 ι
3247 3783 3496 3830 vorantur.
3515 3765 3686 3823 Datim

2244 3874 2568 3932 beneficium
2597 3882 2701 3938 est,
2737 3872 2886 3944 quod
2912 3869 3185 3928 Dominus
3208 3869 3346 3924 dedit
3372 3863 3511 3924 Jacob
3529 3867 3687 3914 rerum

2245 3969 2417 4039 forte,
2441 3976 2499 4022 ut
2536 3967 2786 4032 vinceret,
2815 3963 3038 4036 quando
3079 3960 3291 4018 scilicet
3317 3958 3518 4013 luctatus
3541 3957 3598 4004 est
3619 3955 3688 3998 ωδ

2243 4059 2456 4131 angelo,
2483 4058 2537 4116 id
2576 4067 2662 4114 est
2695 4044 2822 4113 cum
2865 4053 3100 4109 Domino
3133 4052 3240 4108 sub
3275 4048 3437 4120 specie
3463 4039 3606 4131 angi-ll.
3635 4047 3686 4131 ιιεξ

2242 4128 2496 4222 quamvis
2538 4150 2726 4215 laesus,
2751 4162 2878 4203 eum
2913 4144 3147 4210 dimisit,
3202 4143 3370 4198 donec
3393 4137 3438 4192 ei

2243 4215 2398 4315 (lien.
2438 4243 2636 4311 xxx").
2680 4240 2776 4298 Isti
2817 4252 3040 4311 quoque
3079 4235 3318 4308 glorioso
3342 4215 3688 4317 confessori

2242 4313 2511 4394 Dominus
2546 4334 2924 4391 fortitudinem
2963 4329 3211 4386 certandi
3248 4335 3301 4382 et
3337 4313 3688 4396 perseverandi.“

2243 4430 2452 4486 scilicet
2479 4427 2735 4500 quamvis
2763 4424 3039 4490 infirmus,
3070 4431 3275 4494 petere,
3297 4419 3489 4491 pulsare
3514 4405 3687 4466 unde?

2243 4532 2430 4590 steret,
2453 4523 2630 4578 donec
2657 4519 2819 4592 quasi
2867 4517 3085 4575 Domini
3133 4514 3455 4572 severitatem
3495 4501 3684 4574 stupent“

2241 4623 2298 4671 et
2326 4629 2452 4670 eum
2483 4613 2550 4669 ad
2573 4613 2625 4670 ei
2653 4610 3087 4669 benedicendum
3118 4606 3411 4664 inclinaret.
3439 4597 3569 4667 Cujus
3582 4601 3687 4646 eta-

2242 4711 2352 4781 pio,
2378 4708 2578 4764 fratres
2599 4707 2729 4774 mei,
2753 4703 3032 4772 instructi,
3056 4703 3111 4758 in
3131 4701 3372 4758 oratione
3389 4691 3685 4786 vel???“

2247 4773 2348 4859 nec
2375 4801 2712 4860 desistamus
2735 4799 2912 4856 donec
2943 4797 3016 4860 ab
3049 4812 3118 4852 eo
3147 4792 3516 4850 benedieamur.

2249 4911 2399 4952 mum
2428 4894 2758 4951 beneficium
2780 4900 2884 4958 est,
2917 4890 3065 4962 quod
3105 4887 3202 4944 Dei
3217 4883 3462 4956 sapientia
3477 4890 3554 4929 nea
3574 4863 3684 4921 dmit-

2249 4990 2366 5060 quit
2391 4987 2596 5058 Ioseph
2645 4986 2855 5056 justum
2899 4983 3188 5050 venditum,
3229 4979 3316 5036 sed
3352 4967 3548 5029 liberarii
3581 4967 3684 5060 alii

2247 5059 2534 5152 Putiphar,
2565 5080 2662 5151 qui
2692 5094 2819 5136 eum
2847 5077 2982 5136 emit
3005 5077 3079 5143 jut
3111 5074 3340 5131 traderet
3375 5068 3423 5122 in
3448 5074 3552 5117 usus
3575 5059 3682 5116 1⁸³1⁵

2243 5183 2298 5232 et
2319 5175 2488 5233 etiam
2509 5175 2582 5230 ab
2603 5188 2776 5229 uxore
2807 5172 2929 5243 ejus
2951 5168 3378 5240 concupiscente.
3403 5158 3538 5216 Istum
3551 5153 3682 5220 quoii!

2241 5279 2498 5326 sanctum
2551 5265 2926 5324 confessorem
2953 5307 2968 5331 ,
3024 5261 3382 5320 venundatum
3429 5251 3511 5309 sub
3548 5243 3681 5354 P051“

2239 5362 2404 5434 primi
2425 5359 2693 5433 parentis,
2725 5360 2810 5416 vel
2830 5367 2978 5416 certe
2996 5357 3272 5414 venditum
3305 5360 3358 5408 et
3377 5346 3616 5434 dim

2225 5429 2603 5526 tractionibns
2643 5451 2911 5509 falsorum
2965 5451 3192 5506 fratrum
3241 5445 3352 5510 Dei,
3381 5429 3583 5526 saPic'“_ia

2238 5564 2348 5603 non
2367 5547 2678 5618 dereliquit,
2709 5545 2808 5602 sed
2837 5542 3088 5600 liberavit
3114 5556 3238 5598 eum
3265 5555 3295 5592 εὶ
3319 5523 3676 5618 ιιωωωτίδυλέ

2236 5641 2286 5697 ei
2314 5640 2399 5697 vel
2437 5655 2539 5697 sua
2555 5613 2964 5710 persecutione,
2989 5635 3074 5692 vel
3098 5632 3342 5690 vitiorum
3363 5631 3544 5717 διιοηιιιι
3558 5613 3674 5717 ηιξ·

2237 5735 2418 5805 Sione,
2451 5709 2734 5790 nocerent.
2765 5718 2987 5786 Utinm)
3011 5737 3068 5784 et
3093 5741 3209 5792 ms,
3243 5723 3425 5778 [ιέιίνθθ
3441 5709 3670 5810 "LW:

2240 5801 2308 5886 fis
2334 5827 2606 5894 venditus,
2634 5826 2818 5884 liberet
2872 5823 2916 5879 ﬂ
2935 5823 3156 5890 nninus,
3189 5835 3254 5874 ne
3297 5816 3549 5886 μιςωθι-ες
3579 5801 3669 5846 ιιςέςδ
