  <div class='ocr_page' id='page_1' title='image "/cluster/home/n/w/nwhite01/storage/ocr_20150623/155/hvd.32044015473838/806.png"; bbox 0 0 3834 6332; ppageno 0'>
   <div class='ocr_carea' id='block_1_1' title="bbox 43 368 178 424">
    <p class='ocr_par' dir='ltr' id='par_1_1' title="bbox 43 368 178 424">
     <span class='ocr_line' id='line_1_1' title="bbox 43 368 178 424; baseline -0.007 0"><span class='ocrx_word' id='word_1_1' title='bbox 43 368 178 424; x_wconf 68' lang='lat' dir='ltr'><strong>“illi</strong></span> 
     </span>
    </p>
   </div>
   <div class='ocr_carea' id='block_1_2' title="bbox 1181 317 2209 432">
    <p class='ocr_par' dir='ltr' id='par_1_2' title="bbox 1181 317 2209 432">
     <span class='ocr_line' id='line_1_2' title="bbox 1181 317 2209 432; baseline 0.01 -8"><span class='ocrx_word' id='word_1_2' title='bbox 1181 370 1506 426; x_wconf 61' lang='grc' dir='ltr'><strong>ιιολιιωιε,</strong></span> <span class='ocrx_word' id='word_1_3' title='bbox 1543 401 1606 410; x_wconf 78' lang='grc'><strong>-</strong></span> <span class='ocrx_word' id='word_1_4' title='bbox 1647 358 1732 422; x_wconf 86' lang='grc' dir='ltr'><strong>ιι.</strong></span> <span class='ocrx_word' id='word_1_5' title='bbox 1781 344 1864 409; x_wconf 75' lang='lat' dir='ltr'><strong>0t:</strong></span> <span class='ocrx_word' id='word_1_6' title='bbox 1899 317 2209 432; x_wconf 58' lang='lat' dir='ltr'><strong>sthrts.</strong></span> 
     </span>
    </p>
   </div>
   <div class='ocr_carea' id='block_1_3' title="bbox 3207 377 3348 436">
    <p class='ocr_par' dir='ltr' id='par_1_3' title="bbox 3207 377 3348 436">
     <span class='ocr_line' id='line_1_3' title="bbox 3207 377 3348 436; baseline 0.007 -1"><span class='ocrx_word' id='word_1_7' title='bbox 3207 380 3228 435; x_wconf 77' lang='grc' dir='ltr'><strong>Ι</strong></span> <span class='ocrx_word' id='word_1_8' title='bbox 3239 377 3348 436; x_wconf 74' lang='lat'><strong>609</strong></span> 
     </span>
    </p>
   </div>
   <div class='ocr_carea' id='block_1_4' title="bbox 40 483 3310 574">
    <p class='ocr_par' dir='ltr' id='par_1_4' title="bbox 40 483 3310 574">
     <span class='ocr_line' id='line_1_4' title="bbox 40 483 3310 574; baseline 0.005 -34"><span class='ocrx_word' id='word_1_9' title='bbox 40 491 300 551; x_wconf 62' lang='lat' dir='ltr'><strong>luceant,</strong></span> <span class='ocrx_word' id='word_1_10' title='bbox 329 484 414 540; x_wconf 86' lang='lat' dir='ltr'><strong>vel</strong></span> <span class='ocrx_word' id='word_1_11' title='bbox 445 483 626 556; x_wconf 82' lang='lat' dir='ltr'><strong>palam</strong></span> <span class='ocrx_word' id='word_1_12' title='bbox 650 484 1050 555; x_wconf 85' lang='lat' dir='ltr'><strong>persequendo,</strong></span> <span class='ocrx_word' id='word_1_13' title='bbox 1073 484 1160 540; x_wconf 88' lang='lat' dir='ltr'><strong>vel</strong></span> <span class='ocrx_word' id='word_1_14' title='bbox 1189 485 1420 540; x_wconf 84' lang='lat' dir='ltr'><strong>latenter</strong></span> <span class='ocrx_word' id='word_1_15' title='bbox 1437 493 1625 541; x_wconf 68' lang='lat' dir='ltr'><strong>ainta-</strong></span> <span class='ocrx_word' id='word_1_16' title='bbox 1661 485 1713 542; x_wconf 71' lang='grc' dir='ltr'><strong>Α</strong></span> <span class='ocrx_word' id='word_1_17' title='bbox 1747 490 1907 551; x_wconf 73' lang='lat' dir='ltr'><strong>neque</strong></span> <span class='ocrx_word' id='word_1_18' title='bbox 1934 485 2035 540; x_wconf 67' lang='lat' dir='ltr'><strong>sub</strong></span> <span class='ocrx_word' id='word_1_19' title='bbox 2077 491 2258 546; x_wconf 70' lang='lat' dir='ltr'><strong>modio</strong></span> <span class='ocrx_word' id='word_1_20' title='bbox 2286 493 2378 547; x_wconf 79' lang='lat' dir='ltr'><strong>sed</strong></span> <span class='ocrx_word' id='word_1_21' title='bbox 2420 509 2578 565; x_wconf 79' lang='lat' dir='ltr'><strong>super</strong></span> <span class='ocrx_word' id='word_1_22' title='bbox 2605 498 3012 569; x_wconf 76' lang='lat' dir='ltr'><strong>candelabrum,</strong></span> <span class='ocrx_word' id='word_1_23' title='bbox 3036 510 3097 557; x_wconf 83' lang='lat' dir='ltr'><strong>ut</strong></span> <span class='ocrx_word' id='word_1_24' title='bbox 3129 500 3225 574; x_wconf 75' lang='lat' dir='ltr'><strong>qui</strong></span> <span class='ocrx_word' id='word_1_25' title='bbox 3251 501 3310 559; x_wconf 77' lang='lat' dir='ltr'><strong>in</strong></span> 
     </span>
    </p>
   </div>
   <div class='ocr_carea' id='block_1_5' title="bbox 38 575 1629 648">
    <p class='ocr_par' dir='ltr' id='par_1_5' title="bbox 38 575 1629 648">
     <span class='ocr_line' id='line_1_5' title="bbox 38 575 1629 648; baseline 0.001 -16"><span class='ocrx_word' id='word_1_26' title='bbox 38 577 132 648; x_wconf 60' lang='grc' dir='ltr'><strong>εἰς.</strong></span> <span class='ocrx_word' id='word_1_27' title='bbox 165 593 263 633; x_wconf 87' lang='lat' dir='ltr'><strong>sua</strong></span> <span class='ocrx_word' id='word_1_28' title='bbox 309 577 468 632; x_wconf 85' lang='lat' dir='ltr'><strong>nobis</strong></span> <span class='ocrx_word' id='word_1_29' title='bbox 519 576 834 633; x_wconf 84' lang='lat' dir='ltr'><strong>illiuiendo!</strong></span> <span class='ocrx_word' id='word_1_30' title='bbox 863 575 1260 633; x_wconf 85' lang='lat' dir='ltr'><strong>Duodecimum</strong></span> <span class='ocrx_word' id='word_1_31' title='bbox 1307 578 1629 634; x_wconf 75' lang='lat' dir='ltr'><strong>beneﬁcium</strong></span> 
     </span>
    </p>
   </div>
   <div class='ocr_carea' id='block_1_6' title="bbox 37 667 1630 741">
    <p class='ocr_par' dir='ltr' id='par_1_6' title="bbox 37 667 1630 741">
     <span class='ocr_line' id='line_1_6' title="bbox 37 667 1630 741; baseline 0.001 -19"><span class='ocrx_word' id='word_1_32' title='bbox 37 679 150 732; x_wconf 86' lang='lat' dir='ltr'><strong>est,</strong></span> <span class='ocrx_word' id='word_1_33' title='bbox 174 669 320 741; x_wconf 87' lang='lat' dir='ltr'><strong>quod</strong></span> <span class='ocrx_word' id='word_1_34' title='bbox 347 669 442 724; x_wconf 86' lang='lat' dir='ltr'><strong>Dei</strong></span> <span class='ocrx_word' id='word_1_35' title='bbox 469 668 738 740; x_wconf 72' lang='lat' dir='ltr'><strong>sapientia</strong></span> <span class='ocrx_word' id='word_1_36' title='bbox 777 667 900 734; x_wconf 81' lang='lat' dir='ltr'><strong>fuit,</strong></span> <span class='ocrx_word' id='word_1_37' title='bbox 933 686 1053 724; x_wconf 75' lang='lat' dir='ltr'><strong>cum</strong></span> <span class='ocrx_word' id='word_1_38' title='bbox 1073 667 1276 741; x_wconf 81' lang='lat' dir='ltr'><strong>Ioseph</strong></span> <span class='ocrx_word' id='word_1_39' title='bbox 1315 672 1372 726; x_wconf 79' lang='lat' dir='ltr'><strong>in</strong></span> <span class='ocrx_word' id='word_1_40' title='bbox 1407 671 1630 741; x_wconf 77' lang='lat' dir='ltr'><strong>foveam,</strong></span> 
     </span>
    </p>
   </div>
   <div class='ocr_carea' id='block_1_7' title="bbox 37 759 1631 835">
    <p class='ocr_par' dir='ltr' id='par_1_7' title="bbox 37 759 1631 835">
     <span class='ocr_line' id='line_1_7' title="bbox 37 759 1631 835; baseline 0.001 -19"><span class='ocrx_word' id='word_1_41' title='bbox 37 764 96 817; x_wconf 83' lang='lat' dir='ltr'><strong>nl</strong></span> <span class='ocrx_word' id='word_1_42' title='bbox 152 772 238 818; x_wconf 84' lang='lat' dir='ltr'><strong>est</strong></span> <span class='ocrx_word' id='word_1_43' title='bbox 273 762 326 818; x_wconf 92' lang='lat' dir='ltr'><strong>in</strong></span> <span class='ocrx_word' id='word_1_44' title='bbox 373 777 650 817; x_wconf 86' lang='lat' dir='ltr'><strong>carcerem</strong></span> <span class='ocrx_word' id='word_1_45' title='bbox 690 759 1020 829; x_wconf 77' lang='lat' dir='ltr'><strong>Pharaonis,</strong></span> <span class='ocrx_word' id='word_1_46' title='bbox 1057 761 1150 818; x_wconf 88' lang='lat' dir='ltr'><strong>sed</strong></span> <span class='ocrx_word' id='word_1_47' title='bbox 1203 779 1306 818; x_wconf 77' lang='lat' dir='ltr'><strong>non</strong></span> <span class='ocrx_word' id='word_1_48' title='bbox 1351 763 1631 835; x_wconf 73' lang='lat' dir='ltr'><strong>dereliquit</strong></span> 
     </span>
    </p>
   </div>
   <div class='ocr_carea' id='block_1_8' title="bbox 35 852 1635 926">
    <p class='ocr_par' dir='ltr' id='par_1_8' title="bbox 35 852 1635 926">
     <span class='ocr_line' id='line_1_8' title="bbox 35 852 1635 926; baseline 0.001 -19"><span class='ocrx_word' id='word_1_49' title='bbox 35 871 160 908; x_wconf 77' lang='lat' dir='ltr'><strong>eum</strong></span> <span class='ocrx_word' id='word_1_50' title='bbox 183 855 237 907; x_wconf 80' lang='lat' dir='ltr'><strong>in</strong></span> <span class='ocrx_word' id='word_1_51' title='bbox 267 852 511 909; x_wconf 72' lang='lat' dir='ltr'><strong>vinculis.</strong></span> <span class='ocrx_word' id='word_1_52' title='bbox 542 852 711 910; x_wconf 91' lang='lat' dir='ltr'><strong>lstum</strong></span> <span class='ocrx_word' id='word_1_53' title='bbox 735 868 956 925; x_wconf 87' lang='lat' dir='ltr'><strong>quoque</strong></span> <span class='ocrx_word' id='word_1_54' title='bbox 1000 853 1304 926; x_wconf 78' lang='lat' dir='ltr'><strong>gloriosum</strong></span> <span class='ocrx_word' id='word_1_55' title='bbox 1347 854 1635 911; x_wconf 79' lang='lat' dir='ltr'><strong>confesso-</strong></span> 
     </span>
    </p>
   </div>
   <div class='ocr_carea' id='block_1_9' title="bbox 36 946 1631 1018">
    <p class='ocr_par' dir='ltr' id='par_1_9' title="bbox 36 946 1631 1018">
     <span class='ocr_line' id='line_1_9' title="bbox 36 946 1631 1018; baseline 0.001 -17"><span class='ocrx_word' id='word_1_56' title='bbox 36 963 181 1015; x_wconf 86' lang='lat' dir='ltr'><strong>rem,</strong></span> <span class='ocrx_word' id='word_1_57' title='bbox 209 947 263 1002; x_wconf 87' lang='lat' dir='ltr'><strong>in</strong></span> <span class='ocrx_word' id='word_1_58' title='bbox 291 962 512 1003; x_wconf 87' lang='lat' dir='ltr'><strong>carcere</strong></span> <span class='ocrx_word' id='word_1_59' title='bbox 541 947 910 1002; x_wconf 72' lang='lat' dir='ltr'><strong>tribulationis</strong></span> <span class='ocrx_word' id='word_1_60' title='bbox 937 947 1204 1018; x_wconf 86' lang='lat' dir='ltr'><strong>positum,</strong></span> <span class='ocrx_word' id='word_1_61' title='bbox 1238 946 1335 1003; x_wconf 88' lang='lat' dir='ltr'><strong>Dei</strong></span> <span class='ocrx_word' id='word_1_62' title='bbox 1363 948 1631 1018; x_wconf 89' lang='lat' dir='ltr'><strong>sapientia</strong></span> 
     </span>
    </p>
   </div>
   <div class='ocr_carea' id='block_1_10' title="bbox 34 1039 1634 1108">
    <p class='ocr_par' dir='ltr' id='par_1_10' title="bbox 34 1039 1634 1108">
     <span class='ocr_line' id='line_1_10' title="bbox 34 1039 1634 1108; baseline 0.002 -15"><span class='ocrx_word' id='word_1_63' title='bbox 34 1055 152 1094; x_wconf 77' lang='lat' dir='ltr'><strong>non</strong></span> <span class='ocrx_word' id='word_1_64' title='bbox 197 1039 448 1103; x_wconf 83' lang='lat' dir='ltr'><strong>deservit,</strong></span> <span class='ocrx_word' id='word_1_65' title='bbox 485 1039 580 1096; x_wconf 88' lang='lat' dir='ltr'><strong>sed</strong></span> <span class='ocrx_word' id='word_1_66' title='bbox 622 1055 654 1095; x_wconf 87' lang='lat' dir='ltr'><strong>a</strong></span> <span class='ocrx_word' id='word_1_67' title='bbox 687 1039 917 1095; x_wconf 86' lang='lat' dir='ltr'><strong>vinculis</strong></span> <span class='ocrx_word' id='word_1_68' title='bbox 961 1039 1306 1108; x_wconf 89' lang='lat' dir='ltr'><strong>insidiarum,</strong></span> <span class='ocrx_word' id='word_1_69' title='bbox 1364 1041 1450 1097; x_wconf 90' lang='lat' dir='ltr'><strong>vel</strong></span> <span class='ocrx_word' id='word_1_70' title='bbox 1485 1050 1634 1096; x_wconf 86' lang='lat' dir='ltr'><strong>certe</strong></span> 
     </span>
    </p>
   </div>
   <div class='ocr_carea' id='block_1_11' title="bbox 34 1131 1629 1205">
    <p class='ocr_par' dir='ltr' id='par_1_11' title="bbox 34 1131 1629 1205">
     <span class='ocr_line' id='line_1_11' title="bbox 34 1131 1629 1205; baseline 0 -17"><span class='ocrx_word' id='word_1_71' title='bbox 34 1142 406 1203; x_wconf 78' lang='lat' dir='ltr'><strong>peccatorum,</strong></span> <span class='ocrx_word' id='word_1_72' title='bbox 443 1133 646 1204; x_wconf 81' lang='lat' dir='ltr'><strong>quibus</strong></span> <span class='ocrx_word' id='word_1_73' title='bbox 686 1133 850 1188; x_wconf 82' lang='lat' dir='ltr'><strong>etiam</strong></span> <span class='ocrx_word' id='word_1_74' title='bbox 889 1131 1063 1190; x_wconf 84' lang='lat' dir='ltr'><strong>sancti</strong></span> <span class='ocrx_word' id='word_1_75' title='bbox 1097 1132 1398 1205; x_wconf 81' lang='lat' dir='ltr'><strong>aliquando</strong></span> <span class='ocrx_word' id='word_1_76' title='bbox 1423 1133 1629 1190; x_wconf 88' lang='lat' dir='ltr'><strong>detenti</strong></span> 
     </span>
    </p>
   </div>
   <div class='ocr_carea' id='block_1_12' title="bbox 36 1224 1628 1298">
    <p class='ocr_par' dir='ltr' id='par_1_12' title="bbox 36 1224 1628 1298">
     <span class='ocr_line' id='line_1_12' title="bbox 36 1224 1628 1298; baseline 0.001 -18"><span class='ocrx_word' id='word_1_77' title='bbox 36 1225 288 1292; x_wconf 82' lang='lat' dir='ltr'><strong>fuerunt,</strong></span> <span class='ocrx_word' id='word_1_78' title='bbox 319 1241 446 1282; x_wconf 89' lang='lat' dir='ltr'><strong>cum</strong></span> <span class='ocrx_word' id='word_1_79' title='bbox 488 1226 754 1282; x_wconf 80' lang='lat' dir='ltr'><strong>liberavit.</strong></span> <span class='ocrx_word' id='word_1_80' title='bbox 795 1224 1050 1294; x_wconf 84' lang='lat' dir='ltr'><strong>Utinam,</strong></span> <span class='ocrx_word' id='word_1_81' title='bbox 1085 1227 1284 1283; x_wconf 80' lang='lat' dir='ltr'><strong>fratres</strong></span> <span class='ocrx_word' id='word_1_82' title='bbox 1317 1226 1459 1293; x_wconf 88' lang='lat' dir='ltr'><strong>mei,</strong></span> <span class='ocrx_word' id='word_1_83' title='bbox 1505 1227 1628 1298; x_wconf 86' lang='lat' dir='ltr'><strong>ejus</strong></span> 
     </span>
    </p>
   </div>
   <div class='ocr_carea' id='block_1_13' title="bbox 33 1319 1632 1392">
    <p class='ocr_par' dir='ltr' id='par_1_13' title="bbox 33 1319 1632 1392">
     <span class='ocr_line' id='line_1_13' title="bbox 33 1319 1632 1392; baseline 0 -17"><span class='ocrx_word' id='word_1_84' title='bbox 33 1319 248 1375; x_wconf 79' lang='lat' dir='ltr'><strong>sanctis</strong></span> <span class='ocrx_word' id='word_1_85' title='bbox 265 1319 750 1376; x_wconf 85' lang='lat' dir='ltr'><strong>intercessionibus</strong></span> <span class='ocrx_word' id='word_1_86' title='bbox 769 1319 1023 1392; x_wconf 78' lang='lat' dir='ltr'><strong>dignetur</strong></span> <span class='ocrx_word' id='word_1_87' title='bbox 1046 1319 1310 1375; x_wconf 76' lang='lat' dir='ltr'><strong>Dominus</strong></span> <span class='ocrx_word' id='word_1_88' title='bbox 1334 1336 1434 1376; x_wconf 88' lang='lat' dir='ltr'><strong>nos</strong></span> <span class='ocrx_word' id='word_1_89' title='bbox 1457 1335 1488 1375; x_wconf 89' lang='lat' dir='ltr'><strong>a</strong></span> <span class='ocrx_word' id='word_1_90' title='bbox 1515 1335 1632 1375; x_wconf 69' lang='lat' dir='ltr'><strong>ca&quot;-</strong></span> 
     </span>
    </p>
   </div>
   <div class='ocr_carea' id='block_1_14' title="bbox 33 1411 1625 1467">
    <p class='ocr_par' dir='ltr' id='par_1_14' title="bbox 33 1411 1625 1467">
     <span class='ocr_line' id='line_1_14' title="bbox 33 1411 1625 1467; baseline -0.001 0"><span class='ocrx_word' id='word_1_91' title='bbox 33 1427 166 1467; x_wconf 78' lang='lat' dir='ltr'><strong>cere</strong></span> <span class='ocrx_word' id='word_1_92' title='bbox 201 1412 351 1467; x_wconf 79' lang='lat' dir='ltr'><strong>mala:</strong></span> <span class='ocrx_word' id='word_1_93' title='bbox 385 1412 803 1467; x_wconf 87' lang='lat' dir='ltr'><strong>consuetudinis</strong></span> <span class='ocrx_word' id='word_1_94' title='bbox 837 1421 893 1466; x_wconf 91' lang='lat' dir='ltr'><strong>et</strong></span> <span class='ocrx_word' id='word_1_95' title='bbox 939 1428 968 1466; x_wconf 89' lang='lat' dir='ltr'><strong>a</strong></span> <span class='ocrx_word' id='word_1_96' title='bbox 1023 1411 1264 1466; x_wconf 79' lang='lat' dir='ltr'><strong>vinculis</strong></span> <span class='ocrx_word' id='word_1_97' title='bbox 1308 1420 1625 1466; x_wconf 86' lang='lat' dir='ltr'><strong>nostrarum</strong></span> 
     </span>
    </p>
   </div>
   <div class='ocr_carea' id='block_1_15' title="bbox 33 1503 1624 1576">
    <p class='ocr_par' dir='ltr' id='par_1_15' title="bbox 33 1503 1624 1576">
     <span class='ocr_line' id='line_1_15' title="bbox 33 1503 1624 1576; baseline 0.002 -19"><span class='ocrx_word' id='word_1_98' title='bbox 33 1505 386 1576; x_wconf 82' lang='lat' dir='ltr'><strong>iniquitatqu</strong></span> <span class='ocrx_word' id='word_1_99' title='bbox 427 1511 677 1567; x_wconf 78' lang='lat' dir='ltr'><strong>potenter</strong></span> <span class='ocrx_word' id='word_1_100' title='bbox 729 1504 990 1561; x_wconf 84' lang='lat' dir='ltr'><strong>liberare!</strong></span> <span class='ocrx_word' id='word_1_101' title='bbox 1048 1503 1292 1561; x_wconf 84' lang='lat' dir='ltr'><strong>Tertium</strong></span> <span class='ocrx_word' id='word_1_102' title='bbox 1350 1504 1624 1560; x_wconf 70' lang='lat' dir='ltr'><strong>decimum</strong></span> 
     </span>
    </p>
   </div>
   <div class='ocr_carea' id='block_1_16' title="bbox 35 1595 1624 1668">
    <p class='ocr_par' dir='ltr' id='par_1_16' title="bbox 35 1595 1624 1668">
     <span class='ocr_line' id='line_1_16' title="bbox 35 1595 1624 1668; baseline 0.001 -18"><span class='ocrx_word' id='word_1_103' title='bbox 35 1597 358 1652; x_wconf 78' lang='lat' dir='ltr'><strong>beneﬁcium</strong></span> <span class='ocrx_word' id='word_1_104' title='bbox 397 1605 502 1655; x_wconf 84' lang='lat' dir='ltr'><strong>est.</strong></span> <span class='ocrx_word' id='word_1_105' title='bbox 532 1596 680 1666; x_wconf 89' lang='lat' dir='ltr'><strong>quod</strong></span> <span class='ocrx_word' id='word_1_106' title='bbox 726 1596 914 1651; x_wconf 86' lang='lat' dir='ltr'><strong>divina</strong></span> <span class='ocrx_word' id='word_1_107' title='bbox 955 1597 1220 1668; x_wconf 84' lang='lat' dir='ltr'><strong>sapientia</strong></span> <span class='ocrx_word' id='word_1_108' title='bbox 1249 1597 1397 1652; x_wconf 87' lang='lat' dir='ltr'><strong>dedit</strong></span> <span class='ocrx_word' id='word_1_109' title='bbox 1420 1595 1624 1667; x_wconf 91' lang='lat' dir='ltr'><strong>Ioseph</strong></span> 
     </span>
    </p>
   </div>
   <div class='ocr_carea' id='block_1_17' title="bbox 31 1689 1620 1760">
    <p class='ocr_par' dir='ltr' id='par_1_17' title="bbox 31 1689 1620 1760">
     <span class='ocr_line' id='line_1_17' title="bbox 31 1689 1620 1760; baseline 0 -16"><span class='ocrx_word' id='word_1_110' title='bbox 31 1699 296 1760; x_wconf 70' lang='lat' dir='ltr'><strong>sceplnmt</strong></span> <span class='ocrx_word' id='word_1_111' title='bbox 329 1690 494 1758; x_wconf 83' lang='lat' dir='ltr'><strong>regni,</strong></span> <span class='ocrx_word' id='word_1_112' title='bbox 526 1689 746 1760; x_wconf 86' lang='lat' dir='ltr'><strong>quando</strong></span> <span class='ocrx_word' id='word_1_113' title='bbox 783 1689 942 1760; x_wconf 88' lang='lat' dir='ltr'><strong>quasi</strong></span> <span class='ocrx_word' id='word_1_114' title='bbox 991 1690 1272 1746; x_wconf 87' lang='lat' dir='ltr'><strong>secundus</strong></span> <span class='ocrx_word' id='word_1_115' title='bbox 1297 1705 1391 1744; x_wconf 74' lang='lat' dir='ltr'><strong>rex</strong></span> <span class='ocrx_word' id='word_1_116' title='bbox 1418 1705 1449 1744; x_wconf 93' lang='lat' dir='ltr'><strong>a</strong></span> <span class='ocrx_word' id='word_1_117' title='bbox 1485 1689 1620 1744; x_wconf 84' lang='lat' dir='ltr'><strong>Pha-</strong></span> 
     </span>
    </p>
   </div>
   <div class='ocr_carea' id='block_1_18' title="bbox 35 1782 1623 1855">
    <p class='ocr_par' dir='ltr' id='par_1_18' title="bbox 35 1782 1623 1855">
     <span class='ocr_line' id='line_1_18' title="bbox 35 1782 1623 1855; baseline -0.001 -15"><span class='ocrx_word' id='word_1_118' title='bbox 35 1799 210 1840; x_wconf 91' lang='lat' dir='ltr'><strong>raone</strong></span> <span class='ocrx_word' id='word_1_119' title='bbox 237 1785 290 1839; x_wconf 91' lang='lat' dir='ltr'><strong>in</strong></span> <span class='ocrx_word' id='word_1_120' title='bbox 323 1782 560 1854; x_wconf 48' lang='grc' dir='ltr'><strong>Δίῃ-ι)ιο</strong></span> <span class='ocrx_word' id='word_1_121' title='bbox 586 1794 670 1839; x_wconf 87' lang='lat' dir='ltr'><strong>est</strong></span> <span class='ocrx_word' id='word_1_122' title='bbox 709 1783 1059 1840; x_wconf 83' lang='lat' dir='ltr'><strong>sublimatus.</strong></span> <span class='ocrx_word' id='word_1_123' title='bbox 1102 1782 1191 1840; x_wconf 87' lang='lat' dir='ltr'><strong>Isti</strong></span> <span class='ocrx_word' id='word_1_124' title='bbox 1233 1799 1454 1855; x_wconf 89' lang='lat' dir='ltr'><strong>quoque</strong></span> <span class='ocrx_word' id='word_1_125' title='bbox 1491 1799 1623 1838; x_wconf 90' lang='lat' dir='ltr'><strong>san-</strong></span> 
     </span>
    </p>
   </div>
   <div class='ocr_carea' id='block_1_19' title="bbox 34 1853 1695 1947">
    <p class='ocr_par' dir='ltr' id='par_1_19' title="bbox 34 1853 1695 1947">
     <span class='ocr_line' id='line_1_19' title="bbox 34 1853 1695 1947; baseline 0.002 -20"><span class='ocrx_word' id='word_1_126' title='bbox 34 1883 124 1928; x_wconf 90' lang='lat' dir='ltr'><strong>cto</strong></span> <span class='ocrx_word' id='word_1_127' title='bbox 162 1874 496 1938; x_wconf 86' lang='lat' dir='ltr'><strong>confessori,</strong></span> <span class='ocrx_word' id='word_1_128' title='bbox 550 1875 815 1947; x_wconf 84' lang='lat' dir='ltr'><strong>sapientia</strong></span> <span class='ocrx_word' id='word_1_129' title='bbox 861 1874 954 1930; x_wconf 86' lang='lat' dir='ltr'><strong>Dei</strong></span> <span class='ocrx_word' id='word_1_130' title='bbox 1005 1875 1156 1931; x_wconf 84' lang='lat' dir='ltr'><strong>dedit</strong></span> <span class='ocrx_word' id='word_1_131' title='bbox 1217 1876 1423 1947; x_wconf 77' lang='lat' dir='ltr'><strong>regiam</strong></span> <span class='ocrx_word' id='word_1_132' title='bbox 1466 1885 1621 1946; x_wconf 83' lang='lat' dir='ltr'><strong>potc-</strong></span> <span class='ocrx_word' id='word_1_133' title='bbox 1659 1853 1695 1906; x_wconf 77' lang='lat'>&quot;</span> 
     </span>
    </p>
   </div>
   <div class='ocr_carea' id='block_1_20' title="bbox 34 1968 1621 2040">
    <p class='ocr_par' dir='ltr' id='par_1_20' title="bbox 34 1968 1621 2040">
     <span class='ocr_line' id='line_1_20' title="bbox 34 1968 1621 2040; baseline 0.001 -18"><span class='ocrx_word' id='word_1_134' title='bbox 34 1977 252 2036; x_wconf 87' lang='lat' dir='ltr'><strong>statem,</strong></span> <span class='ocrx_word' id='word_1_135' title='bbox 292 1985 401 2040; x_wconf 88' lang='lat' dir='ltr'><strong>qua</strong></span> <span class='ocrx_word' id='word_1_136' title='bbox 451 1969 702 2024; x_wconf 70' lang='lat' dir='ltr'><strong>videlicet</strong></span> <span class='ocrx_word' id='word_1_137' title='bbox 730 1985 788 2024; x_wconf 90' lang='lat' dir='ltr'><strong>se</strong></span> <span class='ocrx_word' id='word_1_138' title='bbox 831 1983 1072 2040; x_wconf 88' lang='lat' dir='ltr'><strong>suosque</strong></span> <span class='ocrx_word' id='word_1_139' title='bbox 1123 1968 1351 2024; x_wconf 76' lang='lat' dir='ltr'><strong>fideliter</strong></span> <span class='ocrx_word' id='word_1_140' title='bbox 1387 1976 1442 2023; x_wconf 86' lang='lat' dir='ltr'><strong>et</strong></span> <span class='ocrx_word' id='word_1_141' title='bbox 1490 1984 1621 2038; x_wconf 88' lang='lat' dir='ltr'><strong>pru-</strong></span> 
     </span>
    </p>
   </div>
   <div class='ocr_carea' id='block_1_21' title="bbox 35 2058 1618 2130">
    <p class='ocr_par' dir='ltr' id='par_1_21' title="bbox 35 2058 1618 2130">
     <span class='ocr_line' id='line_1_21' title="bbox 35 2058 1618 2130; baseline 0.003 -22"><span class='ocrx_word' id='word_1_142' title='bbox 35 2058 230 2114; x_wconf 78' lang='lat' dir='ltr'><strong>drnter</strong></span> <span class='ocrx_word' id='word_1_143' title='bbox 285 2059 443 2124; x_wconf 75' lang='lat' dir='ltr'><strong>rexit,</strong></span> <span class='ocrx_word' id='word_1_144' title='bbox 501 2058 651 2130; x_wconf 80' lang='lat' dir='ltr'><strong>virga</strong></span> <span class='ocrx_word' id='word_1_145' title='bbox 703 2058 953 2130; x_wconf 72' lang='lat' dir='ltr'><strong>justitiae,</strong></span> <span class='ocrx_word' id='word_1_146' title='bbox 1013 2059 1314 2130; x_wconf 79' lang='lat' dir='ltr'><strong>nequitiam</strong></span> <span class='ocrx_word' id='word_1_147' title='bbox 1361 2059 1618 2113; x_wconf 88' lang='lat' dir='ltr'><strong>vitiorum</strong></span> 
     </span>
    </p>
   </div>
   <div class='ocr_carea' id='block_1_22' title="bbox 28 2150 1620 2222">
    <p class='ocr_par' dir='ltr' id='par_1_22' title="bbox 28 2150 1620 2222">
     <span class='ocr_line' id='line_1_22' title="bbox 28 2150 1620 2222; baseline 0.001 -18"><span class='ocrx_word' id='word_1_148' title='bbox 28 2150 340 2206; x_wconf 80' lang='lat' dir='ltr'><strong>cohibendo</strong></span> <span class='ocrx_word' id='word_1_149' title='bbox 369 2191 384 2217; x_wconf 94' lang='lat'><strong>,</strong></span> <span class='ocrx_word' id='word_1_150' title='bbox 452 2151 865 2222; x_wconf 84' lang='lat' dir='ltr'><strong>bonitatemque</strong></span> <span class='ocrx_word' id='word_1_151' title='bbox 931 2167 1146 2206; x_wconf 88' lang='lat' dir='ltr'><strong>morum</strong></span> <span class='ocrx_word' id='word_1_152' title='bbox 1224 2160 1280 2206; x_wconf 88' lang='lat' dir='ltr'><strong>et</strong></span> <span class='ocrx_word' id='word_1_153' title='bbox 1355 2151 1620 2206; x_wconf 87' lang='lat' dir='ltr'><strong>virtutum</strong></span> 
     </span>
    </p>
   </div>
   <div class='ocr_carea' id='block_1_23' title="bbox 25 2241 1623 2315">
    <p class='ocr_par' dir='ltr' id='par_1_23' title="bbox 25 2241 1623 2315">
     <span class='ocr_line' id='line_1_23' title="bbox 25 2241 1623 2315; baseline 0.003 -21"><span class='ocrx_word' id='word_1_154' title='bbox 25 2241 320 2297; x_wconf 82' lang='lat' dir='ltr'><strong>imitando.</strong></span> <span class='ocrx_word' id='word_1_155' title='bbox 374 2241 549 2309; x_wconf 78' lang='lat' dir='ltr'><strong>Quam</strong></span> <span class='ocrx_word' id='word_1_156' title='bbox 604 2243 811 2315; x_wconf 76' lang='lat' dir='ltr'><strong>regiam</strong></span> <span class='ocrx_word' id='word_1_157' title='bbox 866 2250 1188 2313; x_wconf 88' lang='lat' dir='ltr'><strong>potestatem</strong></span> <span class='ocrx_word' id='word_1_158' title='bbox 1240 2241 1450 2298; x_wconf 87' lang='lat' dir='ltr'><strong>utinam</strong></span> <span class='ocrx_word' id='word_1_159' title='bbox 1519 2259 1623 2298; x_wconf 88' lang='lat' dir='ltr'><strong>no-</strong></span> 
     </span>
    </p>
   </div>
   <div class='ocr_carea' id='block_1_24' title="bbox 23 2332 1614 2404">
    <p class='ocr_par' dir='ltr' id='par_1_24' title="bbox 23 2332 1614 2404">
     <span class='ocr_line' id='line_1_24' title="bbox 23 2332 1614 2404; baseline 0.004 -20"><span class='ocrx_word' id='word_1_160' title='bbox 23 2333 106 2386; x_wconf 78' lang='lat' dir='ltr'><strong>bis</strong></span> <span class='ocrx_word' id='word_1_161' title='bbox 159 2333 434 2388; x_wconf 86' lang='lat' dir='ltr'><strong>concedat</strong></span> <span class='ocrx_word' id='word_1_162' title='bbox 479 2332 747 2390; x_wconf 83' lang='lat' dir='ltr'><strong>Dominus</strong></span> <span class='ocrx_word' id='word_1_163' title='bbox 787 2376 803 2401; x_wconf 93' lang='lat'><strong>,</strong></span> <span class='ocrx_word' id='word_1_164' title='bbox 868 2345 1140 2404; x_wconf 86' lang='lat' dir='ltr'><strong>quatenus</strong></span> <span class='ocrx_word' id='word_1_165' title='bbox 1191 2349 1294 2404; x_wconf 89' lang='lat' dir='ltr'><strong>nos</strong></span> <span class='ocrx_word' id='word_1_166' title='bbox 1343 2344 1397 2391; x_wconf 92' lang='lat' dir='ltr'><strong>et</strong></span> <span class='ocrx_word' id='word_1_167' title='bbox 1449 2336 1614 2391; x_wconf 85' lang='lat' dir='ltr'><strong>nobis</strong></span> 
     </span>
    </p>
   </div>
   <div class='ocr_carea' id='block_1_25' title="bbox 21 2426 1620 2500">
    <p class='ocr_par' dir='ltr' id='par_1_25' title="bbox 21 2426 1620 2500">
     <span class='ocr_line' id='line_1_25' title="bbox 21 2426 1620 2500; baseline 0.003 -20"><span class='ocrx_word' id='word_1_168' title='bbox 21 2426 280 2482; x_wconf 70' lang='lat' dir='ltr'><strong>subditos</strong></span> <span class='ocrx_word' id='word_1_169' title='bbox 325 2442 512 2499; x_wconf 82' lang='lat' dir='ltr'><strong>regere</strong></span> <span class='ocrx_word' id='word_1_170' title='bbox 556 2428 835 2485; x_wconf 89' lang='lat' dir='ltr'><strong>valeamus</strong></span> <span class='ocrx_word' id='word_1_171' title='bbox 877 2437 934 2484; x_wconf 86' lang='lat' dir='ltr'><strong>et</strong></span> <span class='ocrx_word' id='word_1_172' title='bbox 979 2429 1316 2500; x_wconf 75' lang='lat' dir='ltr'><strong>gubernare!</strong></span> <span class='ocrx_word' id='word_1_173' title='bbox 1351 2429 1620 2496; x_wconf 84' lang='lat' dir='ltr'><strong>Quartqu</strong></span> 
     </span>
    </p>
   </div>
   <div class='ocr_carea' id='block_1_26' title="bbox 22 2519 1626 2593">
    <p class='ocr_par' dir='ltr' id='par_1_26' title="bbox 22 2519 1626 2593">
     <span class='ocr_line' id='line_1_26' title="bbox 22 2519 1626 2593; baseline 0.002 -19"><span class='ocrx_word' id='word_1_174' title='bbox 22 2519 306 2577; x_wconf 72' lang='lat' dir='ltr'><strong>lecisnum</strong></span> <span class='ocrx_word' id='word_1_175' title='bbox 340 2519 668 2577; x_wconf 79' lang='lat' dir='ltr'><strong>beneﬁcium</strong></span> <span class='ocrx_word' id='word_1_176' title='bbox 715 2531 829 2590; x_wconf 88' lang='lat' dir='ltr'><strong>est,</strong></span> <span class='ocrx_word' id='word_1_177' title='bbox 855 2523 1000 2592; x_wconf 88' lang='lat' dir='ltr'><strong>quod</strong></span> <span class='ocrx_word' id='word_1_178' title='bbox 1043 2521 1134 2578; x_wconf 92' lang='lat' dir='ltr'><strong>Dei</strong></span> <span class='ocrx_word' id='word_1_179' title='bbox 1173 2521 1439 2593; x_wconf 87' lang='lat' dir='ltr'><strong>sapientia</strong></span> <span class='ocrx_word' id='word_1_180' title='bbox 1476 2523 1626 2579; x_wconf 89' lang='lat' dir='ltr'><strong>dedit</strong></span> 
     </span>
    </p>
   </div>
   <div class='ocr_carea' id='block_1_27' title="bbox 22 2613 1624 2690">
    <p class='ocr_par' dir='ltr' id='par_1_27' title="bbox 22 2613 1624 2690">
     <span class='ocr_line' id='line_1_27' title="bbox 22 2613 1624 2690; baseline 0.002 -20"><span class='ocrx_word' id='word_1_181' title='bbox 22 2613 226 2684; x_wconf 52' lang='lat' dir='ltr'><strong>‘oscph</strong></span> <span class='ocrx_word' id='word_1_182' title='bbox 283 2622 596 2683; x_wconf 79' lang='lat' dir='ltr'><strong>potestatem</strong></span> <span class='ocrx_word' id='word_1_183' title='bbox 659 2615 911 2671; x_wconf 79' lang='lat' dir='ltr'><strong>adversus</strong></span> <span class='ocrx_word' id='word_1_184' title='bbox 963 2633 1052 2672; x_wconf 80' lang='lat' dir='ltr'><strong>eos</strong></span> <span class='ocrx_word' id='word_1_185' title='bbox 1108 2617 1200 2687; x_wconf 71' lang='lat' dir='ltr'><strong>qui</strong></span> <span class='ocrx_word' id='word_1_186' title='bbox 1269 2633 1389 2672; x_wconf 80' lang='lat' dir='ltr'><strong>eum</strong></span> <span class='ocrx_word' id='word_1_187' title='bbox 1445 2619 1624 2690; x_wconf 85' lang='lat' dir='ltr'><strong>depri-</strong></span> 
     </span>
    </p>
   </div>
   <div class='ocr_carea' id='block_1_28' title="bbox 19 2707 1621 2782">
    <p class='ocr_par' dir='ltr' id='par_1_28' title="bbox 19 2707 1621 2782">
     <span class='ocr_line' id='line_1_28' title="bbox 19 2707 1621 2782; baseline 0.004 -23"><span class='ocrx_word' id='word_1_188' title='bbox 19 2707 261 2774; x_wconf 76' lang='lat' dir='ltr'><strong>ncbant,</strong></span> <span class='ocrx_word' id='word_1_189' title='bbox 311 2707 573 2778; x_wconf 80' lang='lat' dir='ltr'><strong>quoniam</strong></span> <span class='ocrx_word' id='word_1_190' title='bbox 618 2708 920 2778; x_wconf 83' lang='lat' dir='ltr'><strong>nequitiam</strong></span> <span class='ocrx_word' id='word_1_191' title='bbox 973 2708 1204 2764; x_wconf 79' lang='lat' dir='ltr'><strong>fratrum</strong></span> <span class='ocrx_word' id='word_1_192' title='bbox 1249 2723 1476 2766; x_wconf 88' lang='lat' dir='ltr'><strong>suorum</strong></span> <span class='ocrx_word' id='word_1_193' title='bbox 1527 2713 1621 2782; x_wconf 88' lang='lat' dir='ltr'><strong>qui</strong></span> 
     </span>
    </p>
   </div>
   <div class='ocr_carea' id='block_1_29' title="bbox 25 2802 1622 2876">
    <p class='ocr_par' dir='ltr' id='par_1_29' title="bbox 25 2802 1622 2876">
     <span class='ocr_line' id='line_1_29' title="bbox 25 2802 1622 2876; baseline 0.003 -19"><span class='ocrx_word' id='word_1_194' title='bbox 25 2820 144 2859; x_wconf 81' lang='lat' dir='ltr'><strong>um</strong></span> <span class='ocrx_word' id='word_1_195' title='bbox 179 2802 561 2870; x_wconf 80' lang='lat' dir='ltr'><strong>vendiderant,</strong></span> <span class='ocrx_word' id='word_1_196' title='bbox 605 2815 661 2860; x_wconf 92' lang='lat' dir='ltr'><strong>et</strong></span> <span class='ocrx_word' id='word_1_197' title='bbox 700 2804 1002 2875; x_wconf 82' lang='lat' dir='ltr'><strong>nequitiam</strong></span> <span class='ocrx_word' id='word_1_198' title='bbox 1029 2803 1296 2876; x_wconf 83' lang='lat' dir='ltr'><strong>Putiphar</strong></span> <span class='ocrx_word' id='word_1_199' title='bbox 1321 2815 1377 2861; x_wconf 89' lang='lat' dir='ltr'><strong>et</strong></span> <span class='ocrx_word' id='word_1_200' title='bbox 1429 2807 1622 2861; x_wconf 74' lang='lat' dir='ltr'><strong>uxoris</strong></span> 
     </span>
    </p>
   </div>
   <div class='ocr_carea' id='block_1_30' title="bbox 23 2894 1620 2966">
    <p class='ocr_par' dir='ltr' id='par_1_30' title="bbox 23 2894 1620 2966">
     <span class='ocr_line' id='line_1_30' title="bbox 23 2894 1620 2966; baseline 0.001 -15"><span class='ocrx_word' id='word_1_201' title='bbox 23 2911 159 2963; x_wconf 67' lang='lat' dir='ltr'><strong>nae,</strong></span> <span class='ocrx_word' id='word_1_202' title='bbox 207 2894 306 2966; x_wconf 88' lang='lat' dir='ltr'><strong>qui</strong></span> <span class='ocrx_word' id='word_1_203' title='bbox 351 2909 476 2950; x_wconf 91' lang='lat' dir='ltr'><strong>eum</strong></span> <span class='ocrx_word' id='word_1_204' title='bbox 514 2902 766 2952; x_wconf 85' lang='lat' dir='ltr'><strong>emerant</strong></span> <span class='ocrx_word' id='word_1_205' title='bbox 803 2904 859 2952; x_wconf 84' lang='lat' dir='ltr'><strong>et</strong></span> <span class='ocrx_word' id='word_1_206' title='bbox 902 2895 1269 2952; x_wconf 73' lang='lat' dir='ltr'><strong>dehonestare</strong></span> <span class='ocrx_word' id='word_1_207' title='bbox 1313 2897 1620 2965; x_wconf 85' lang='lat' dir='ltr'><strong>voluerant,</strong></span> 
     </span>
    </p>
   </div>
   <div class='ocr_carea' id='block_1_31' title="bbox 21 2989 1619 3062">
    <p class='ocr_par' dir='ltr' id='par_1_31' title="bbox 21 2989 1619 3062">
     <span class='ocr_line' id='line_1_31' title="bbox 21 2989 1619 3062; baseline 0.001 -18"><span class='ocrx_word' id='word_1_208' title='bbox 21 2991 116 3045; x_wconf 83' lang='lat' dir='ltr'><strong>ub</strong></span> <span class='ocrx_word' id='word_1_209' title='bbox 164 3003 238 3045; x_wconf 86' lang='lat' dir='ltr'><strong>eo</strong></span> <span class='ocrx_word' id='word_1_210' title='bbox 280 2989 604 3045; x_wconf 80' lang='lat' dir='ltr'><strong>humiliavit.</strong></span> <span class='ocrx_word' id='word_1_211' title='bbox 657 2989 796 3046; x_wconf 89' lang='lat' dir='ltr'><strong>lluie</strong></span> <span class='ocrx_word' id='word_1_212' title='bbox 830 3005 1050 3062; x_wconf 87' lang='lat' dir='ltr'><strong>quoque</strong></span> <span class='ocrx_word' id='word_1_213' title='bbox 1079 2990 1240 3047; x_wconf 90' lang='lat' dir='ltr'><strong>beato</strong></span> <span class='ocrx_word' id='word_1_214' title='bbox 1290 2991 1619 3058; x_wconf 80' lang='lat' dir='ltr'><strong>confessori,</strong></span> 
     </span>
    </p>
   </div>
   <div class='ocr_carea' id='block_1_32' title="bbox 16 3081 1619 3157">
    <p class='ocr_par' dir='ltr' id='par_1_32' title="bbox 16 3081 1619 3157">
     <span class='ocr_line' id='line_1_32' title="bbox 16 3081 1619 3157; baseline 0.001 -19"><span class='ocrx_word' id='word_1_215' title='bbox 16 3084 72 3138; x_wconf 46' lang='lat' dir='ltr'><strong>ib</strong></span> <span class='ocrx_word' id='word_1_216' title='bbox 101 3081 377 3137; x_wconf 79' lang='lat' dir='ltr'><strong>meritum</strong></span> <span class='ocrx_word' id='word_1_217' title='bbox 409 3081 738 3138; x_wconf 82' lang='lat' dir='ltr'><strong>humilitatis</strong></span> <span class='ocrx_word' id='word_1_218' title='bbox 771 3093 824 3138; x_wconf 91' lang='lat' dir='ltr'><strong>et</strong></span> <span class='ocrx_word' id='word_1_219' title='bbox 848 3084 1142 3154; x_wconf 46' lang='lat' dir='ltr'><strong>patientior,</strong></span> <span class='ocrx_word' id='word_1_220' title='bbox 1175 3083 1328 3141; x_wconf 88' lang='lat' dir='ltr'><strong>dedit</strong></span> <span class='ocrx_word' id='word_1_221' title='bbox 1354 3084 1500 3142; x_wconf 92' lang='lat' dir='ltr'><strong>Deus</strong></span> <span class='ocrx_word' id='word_1_222' title='bbox 1523 3103 1619 3157; x_wconf 88' lang='lat' dir='ltr'><strong>po-</strong></span> 
     </span>
    </p>
   </div>
   <div class='ocr_carea' id='block_1_33' title="bbox 15 3177 1689 3248">
    <p class='ocr_par' dir='ltr' id='par_1_33' title="bbox 15 3177 1689 3248">
     <span class='ocr_line' id='line_1_33' title="bbox 15 3177 1689 3248; baseline 0.005 -17"><span class='ocrx_word' id='word_1_223' title='bbox 15 3183 279 3231; x_wconf 80' lang='lat' dir='ltr'><strong>estatcm</strong></span> <span class='ocrx_word' id='word_1_224' title='bbox 313 3191 478 3246; x_wconf 90' lang='lat' dir='ltr'><strong>super</strong></span> <span class='ocrx_word' id='word_1_225' title='bbox 505 3177 801 3243; x_wconf 64' lang='lat' dir='ltr'><strong>daemones,</strong></span> <span class='ocrx_word' id='word_1_226' title='bbox 832 3185 887 3232; x_wconf 91' lang='lat' dir='ltr'><strong>et</strong></span> <span class='ocrx_word' id='word_1_227' title='bbox 925 3194 1089 3248; x_wconf 87' lang='lat' dir='ltr'><strong>super</strong></span> <span class='ocrx_word' id='word_1_228' title='bbox 1116 3178 1485 3235; x_wconf 72' lang='lat' dir='ltr'><strong>dzemoniacos</strong></span> <span class='ocrx_word' id='word_1_229' title='bbox 1519 3181 1620 3235; x_wconf 85' lang='lat' dir='ltr'><strong>ho-</strong></span> <span class='ocrx_word' id='word_1_230' title='bbox 1650 3231 1689 3248; x_wconf 84' lang='lat'><strong>,.</strong></span> 
     </span>
    </p>
   </div>
   <div class='ocr_carea' id='block_1_34' title="bbox 1681 3260 3314 3342">
    <p class='ocr_par' dir='ltr' id='par_1_34' title="bbox 1681 3260 3314 3342">
     <span class='ocr_line' id='line_1_34' title="bbox 1681 3260 3314 3342; baseline 0.007 -28"><span class='ocrx_word' id='word_1_231' title='bbox 1681 3271 1690 3286; x_wconf 89' lang='lat'><strong><em>&#39;</em></strong></span> <span class='ocrx_word' id='word_1_232' title='bbox 1725 3277 1820 3331; x_wconf 85' lang='lat' dir='ltr'><strong>per</strong></span> <span class='ocrx_word' id='word_1_233' title='bbox 1850 3260 2264 3342; x_wconf 76' lang='lat' dir='ltr'><strong>candelabrum,</strong></span> <span class='ocrx_word' id='word_1_234' title='bbox 2291 3262 2342 3318; x_wconf 94' lang='lat' dir='ltr'><strong>id</strong></span> <span class='ocrx_word' id='word_1_235' title='bbox 2370 3271 2454 3319; x_wconf 86' lang='lat' dir='ltr'><strong>est</strong></span> <span class='ocrx_word' id='word_1_236' title='bbox 2477 3264 2832 3322; x_wconf 88' lang='lat' dir='ltr'><strong>eminentiam</strong></span> <span class='ocrx_word' id='word_1_237' title='bbox 2863 3268 3187 3325; x_wconf 85' lang='lat' dir='ltr'><strong>universalis</strong></span> <span class='ocrx_word' id='word_1_238' title='bbox 3213 3269 3314 3326; x_wconf 75' lang='lat' dir='ltr'><strong>Ec-</strong></span> 
     </span>
    </p>
   </div>
   <div class='ocr_carea' id='block_1_35' title="bbox 15 3265 1618 3339">
    <p class='ocr_par' dir='ltr' id='par_1_35' title="bbox 15 3265 1618 3339">
     <span class='ocr_line' id='line_1_35' title="bbox 15 3265 1618 3339; baseline 0.002 -18"><span class='ocrx_word' id='word_1_239' title='bbox 15 3267 201 3321; x_wconf 81' lang='lat' dir='ltr'><strong>nines</strong></span> <span class='ocrx_word' id='word_1_240' title='bbox 253 3265 345 3336; x_wconf 90' lang='lat' dir='ltr'><strong>qui</strong></span> <span class='ocrx_word' id='word_1_241' title='bbox 386 3281 512 3322; x_wconf 91' lang='lat' dir='ltr'><strong>cum</strong></span> <span class='ocrx_word' id='word_1_242' title='bbox 560 3266 712 3337; x_wconf 91' lang='lat' dir='ltr'><strong>prius</strong></span> <span class='ocrx_word' id='word_1_243' title='bbox 763 3268 1220 3338; x_wconf 84' lang='lat' dir='ltr'><strong>inquietaverant,</strong></span> <span class='ocrx_word' id='word_1_244' title='bbox 1247 3278 1519 3339; x_wconf 86' lang='lat' dir='ltr'><strong>quatenus</strong></span> <span class='ocrx_word' id='word_1_245' title='bbox 1551 3270 1618 3325; x_wconf 88' lang='lat' dir='ltr'><strong>de</strong></span> 
     </span>
    </p>
   </div>
   <div class='ocr_carea' id='block_1_36' title="bbox 23 3358 1618 3430">
    <p class='ocr_par' dir='ltr' id='par_1_36' title="bbox 23 3358 1618 3430">
     <span class='ocr_line' id='line_1_36' title="bbox 23 3358 1618 3430; baseline 0.004 -18"><span class='ocrx_word' id='word_1_246' title='bbox 23 3358 278 3430; x_wconf 72' lang='lat' dir='ltr'><strong>upcrbis</strong></span> <span class='ocrx_word' id='word_1_247' title='bbox 317 3358 553 3414; x_wconf 88' lang='lat' dir='ltr'><strong>humiles</strong></span> <span class='ocrx_word' id='word_1_248' title='bbox 596 3368 650 3414; x_wconf 91' lang='lat' dir='ltr'><strong>et</strong></span> <span class='ocrx_word' id='word_1_249' title='bbox 693 3359 960 3430; x_wconf 85' lang='lat' dir='ltr'><strong>patientes</strong></span> <span class='ocrx_word' id='word_1_250' title='bbox 989 3359 1212 3426; x_wconf 86' lang='lat' dir='ltr'><strong>faceret,</strong></span> <span class='ocrx_word' id='word_1_251' title='bbox 1259 3369 1314 3416; x_wconf 91' lang='lat' dir='ltr'><strong>et</strong></span> <span class='ocrx_word' id='word_1_252' title='bbox 1341 3361 1618 3418; x_wconf 68' lang='lat' dir='ltr'><strong>dmmones</strong></span> 
     </span>
    </p>
   </div>
   <div class='ocr_carea' id='block_1_37' title="bbox 15 3451 1618 3524">
    <p class='ocr_par' dir='ltr' id='par_1_37' title="bbox 15 3451 1618 3524">
     <span class='ocr_line' id='line_1_37' title="bbox 15 3451 1618 3524; baseline 0.003 -18"><span class='ocrx_word' id='word_1_253' title='bbox 15 3456 66 3507; x_wconf 76' lang='lat' dir='ltr'><strong>le</strong></span> <span class='ocrx_word' id='word_1_254' title='bbox 101 3451 366 3508; x_wconf 85' lang='lat' dir='ltr'><strong>obsessis</strong></span> <span class='ocrx_word' id='word_1_255' title='bbox 393 3452 707 3506; x_wconf 82' lang='lat' dir='ltr'><strong>hominibus</strong></span> <span class='ocrx_word' id='word_1_256' title='bbox 751 3453 1044 3522; x_wconf 77' lang='lat' dir='ltr'><strong>expelleret</strong></span> <span class='ocrx_word' id='word_1_257' title='bbox 1074 3462 1128 3508; x_wconf 90' lang='lat' dir='ltr'><strong>et</strong></span> <span class='ocrx_word' id='word_1_258' title='bbox 1173 3462 1414 3509; x_wconf 82' lang='lat' dir='ltr'><strong>vexaret.</strong></span> <span class='ocrx_word' id='word_1_259' title='bbox 1445 3454 1618 3524; x_wconf 85' lang='lat' dir='ltr'><strong>Cujus</strong></span> 
     </span>
    </p>
   </div>
   <div class='ocr_carea' id='block_1_38' title="bbox 16 3542 1615 3619">
    <p class='ocr_par' dir='ltr' id='par_1_38' title="bbox 16 3542 1615 3619">
     <span class='ocr_line' id='line_1_38' title="bbox 16 3542 1615 3619; baseline 0.004 -25"><span class='ocrx_word' id='word_1_260' title='bbox 16 3542 284 3610; x_wconf 60' lang='lat' dir='ltr'><strong>,Ioriosis</strong></span> <span class='ocrx_word' id='word_1_261' title='bbox 315 3543 528 3600; x_wconf 86' lang='lat' dir='ltr'><strong>meritis</strong></span> <span class='ocrx_word' id='word_1_262' title='bbox 573 3544 781 3600; x_wconf 81' lang='lat' dir='ltr'><strong>utinam</strong></span> <span class='ocrx_word' id='word_1_263' title='bbox 826 3544 987 3600; x_wconf 89' lang='lat' dir='ltr'><strong>nobis</strong></span> <span class='ocrx_word' id='word_1_264' title='bbox 1027 3544 1294 3602; x_wconf 89' lang='lat' dir='ltr'><strong>Dominus</strong></span> <span class='ocrx_word' id='word_1_265' title='bbox 1331 3546 1615 3619; x_wconf 78' lang='lat' dir='ltr'><strong>largiatur,</strong></span> 
     </span>
    </p>
   </div>
   <div class='ocr_carea' id='block_1_39' title="bbox 15 3635 1616 3706">
    <p class='ocr_par' dir='ltr' id='par_1_39' title="bbox 15 3635 1616 3706">
     <span class='ocr_line' id='line_1_39' title="bbox 15 3635 1616 3706; baseline 0.003 -17"><span class='ocrx_word' id='word_1_266' title='bbox 15 3648 302 3706; x_wconf 68' lang='lat' dir='ltr'><strong>iuateuus</strong></span> <span class='ocrx_word' id='word_1_267' title='bbox 329 3635 640 3691; x_wconf 73' lang='lat' dir='ltr'><strong>daemonum</strong></span> <span class='ocrx_word' id='word_1_268' title='bbox 677 3646 731 3692; x_wconf 91' lang='lat' dir='ltr'><strong>et</strong></span> <span class='ocrx_word' id='word_1_269' title='bbox 771 3635 1086 3706; x_wconf 87' lang='lat' dir='ltr'><strong>iniquorum</strong></span> <span class='ocrx_word' id='word_1_270' title='bbox 1115 3637 1402 3692; x_wconf 85' lang='lat' dir='ltr'><strong>hominum</strong></span> <span class='ocrx_word' id='word_1_271' title='bbox 1438 3647 1616 3694; x_wconf 85' lang='lat' dir='ltr'><strong>tenta-</strong></span> 
     </span>
    </p>
   </div>
   <div class='ocr_carea' id='block_1_40' title="bbox 16 3726 1616 3797">
    <p class='ocr_par' dir='ltr' id='par_1_40' title="bbox 16 3726 1616 3797">
     <span class='ocr_line' id='line_1_40' title="bbox 16 3726 1616 3797; baseline 0.003 -15"><span class='ocrx_word' id='word_1_272' title='bbox 16 3727 272 3784; x_wconf 84' lang='lat' dir='ltr'><strong>ionibus</strong></span> <span class='ocrx_word' id='word_1_273' title='bbox 295 3726 552 3783; x_wconf 73' lang='lat' dir='ltr'><strong>resistere</strong></span> <span class='ocrx_word' id='word_1_274' title='bbox 579 3728 880 3784; x_wconf 76' lang='lat' dir='ltr'><strong>valeamus!</strong></span> <span class='ocrx_word' id='word_1_275' title='bbox 919 3728 1186 3797; x_wconf 82' lang='lat' dir='ltr'><strong>Quintum</strong></span> <span class='ocrx_word' id='word_1_276' title='bbox 1217 3728 1492 3786; x_wconf 88' lang='lat' dir='ltr'><strong>decimum</strong></span> <span class='ocrx_word' id='word_1_277' title='bbox 1519 3729 1616 3786; x_wconf 86' lang='lat' dir='ltr'><strong>be-</strong></span> 
     </span>
    </p>
   </div>
   <div class='ocr_carea' id='block_1_41' title="bbox 15 3819 1616 3891">
    <p class='ocr_par' dir='ltr' id='par_1_41' title="bbox 15 3819 1616 3891">
     <span class='ocr_line' id='line_1_41' title="bbox 15 3819 1616 3891; baseline 0.002 -17"><span class='ocrx_word' id='word_1_278' title='bbox 15 3820 284 3876; x_wconf 74' lang='lat' dir='ltr'><strong>ieticium</strong></span> <span class='ocrx_word' id='word_1_279' title='bbox 308 3827 413 3886; x_wconf 89' lang='lat' dir='ltr'><strong>est,</strong></span> <span class='ocrx_word' id='word_1_280' title='bbox 455 3820 603 3891; x_wconf 90' lang='lat' dir='ltr'><strong>quod</strong></span> <span class='ocrx_word' id='word_1_281' title='bbox 642 3819 910 3876; x_wconf 84' lang='lat' dir='ltr'><strong>Dominus</strong></span> <span class='ocrx_word' id='word_1_282' title='bbox 955 3821 1182 3876; x_wconf 76' lang='lat' dir='ltr'><strong>ostendit</strong></span> <span class='ocrx_word' id='word_1_283' title='bbox 1215 3833 1313 3877; x_wconf 89' lang='lat' dir='ltr'><strong>eos</strong></span> <span class='ocrx_word' id='word_1_284' title='bbox 1346 3823 1616 3878; x_wconf 72' lang='lat' dir='ltr'><strong>mendaces</strong></span> 
     </span>
    </p>
   </div>
   <div class='ocr_carea' id='block_1_42' title="bbox 15 3909 1617 3984">
    <p class='ocr_par' dir='ltr' id='par_1_42' title="bbox 15 3909 1617 3984">
     <span class='ocr_line' id='line_1_42' title="bbox 15 3909 1617 3984; baseline 0.002 -19"><span class='ocrx_word' id='word_1_285' title='bbox 15 3913 94 3966; x_wconf 73' lang='grc' dir='ltr'><strong>ιιιὶ</strong></span> <span class='ocrx_word' id='word_1_286' title='bbox 133 3911 542 3966; x_wconf 75' lang='lat' dir='ltr'><strong>maculat-erunt</strong></span> <span class='ocrx_word' id='word_1_287' title='bbox 571 3909 773 3984; x_wconf 89' lang='lat' dir='ltr'><strong>Ioseph</strong></span> <span class='ocrx_word' id='word_1_288' title='bbox 808 3911 948 3968; x_wconf 87' lang='lat' dir='ltr'><strong>falso</strong></span> <span class='ocrx_word' id='word_1_289' title='bbox 977 3913 1228 3980; x_wconf 88' lang='lat' dir='ltr'><strong>crimine,</strong></span> <span class='ocrx_word' id='word_1_290' title='bbox 1261 3921 1320 3969; x_wconf 88' lang='lat' dir='ltr'><strong>ut</strong></span> <span class='ocrx_word' id='word_1_291' title='bbox 1352 3912 1617 3984; x_wconf 81' lang='lat' dir='ltr'><strong>Putiphar</strong></span> 
     </span>
    </p>
   </div>
   <div class='ocr_carea' id='block_1_43' title="bbox 16 4007 1612 4077">
    <p class='ocr_par' dir='ltr' id='par_1_43' title="bbox 16 4007 1612 4077">
     <span class='ocr_line' id='line_1_43' title="bbox 16 4007 1612 4077; baseline -0.001 -13"><span class='ocrx_word' id='word_1_292' title='bbox 16 4023 48 4064; x_wconf 30' lang='lat' dir='ltr'><strong>&#39;t</strong></span> <span class='ocrx_word' id='word_1_293' title='bbox 79 4022 330 4063; x_wconf 69' lang='lat' dir='ltr'><strong>uxorem</strong></span> <span class='ocrx_word' id='word_1_294' title='bbox 353 4007 494 4077; x_wconf 86' lang='lat' dir='ltr'><strong>ejus,</strong></span> <span class='ocrx_word' id='word_1_295' title='bbox 523 4007 912 4064; x_wconf 87' lang='lat' dir='ltr'><strong>demonstrans</strong></span> <span class='ocrx_word' id='word_1_296' title='bbox 940 4023 1067 4063; x_wconf 89' lang='lat' dir='ltr'><strong>eum</strong></span> <span class='ocrx_word' id='word_1_297' title='bbox 1098 4025 1222 4064; x_wconf 88' lang='lat' dir='ltr'><strong>esse</strong></span> <span class='ocrx_word' id='word_1_298' title='bbox 1245 4008 1612 4066; x_wconf 88' lang='lat' dir='ltr'><strong>innocentem.</strong></span> 
     </span>
    </p>
   </div>
   <div class='ocr_carea' id='block_1_44' title="bbox 16 4099 1614 4174">
    <p class='ocr_par' dir='ltr' id='par_1_44' title="bbox 16 4099 1614 4174">
     <span class='ocr_line' id='line_1_44' title="bbox 16 4099 1614 4174; baseline 0.002 -19"><span class='ocrx_word' id='word_1_299' title='bbox 16 4099 244 4155; x_wconf 84' lang='lat' dir='ltr'><strong>nvidos</strong></span> <span class='ocrx_word' id='word_1_300' title='bbox 275 4115 500 4171; x_wconf 89' lang='lat' dir='ltr'><strong>quoque</strong></span> <span class='ocrx_word' id='word_1_301' title='bbox 536 4108 591 4157; x_wconf 91' lang='lat' dir='ltr'><strong>et</strong></span> <span class='ocrx_word' id='word_1_302' title='bbox 635 4101 992 4167; x_wconf 89' lang='lat' dir='ltr'><strong>detractores,</strong></span> <span class='ocrx_word' id='word_1_303' title='bbox 1032 4101 1126 4174; x_wconf 89' lang='lat' dir='ltr'><strong>qui</strong></span> <span class='ocrx_word' id='word_1_304' title='bbox 1169 4101 1240 4156; x_wconf 89' lang='lat' dir='ltr'><strong>de</strong></span> <span class='ocrx_word' id='word_1_305' title='bbox 1277 4102 1384 4158; x_wconf 85' lang='lat' dir='ltr'><strong>hoc</strong></span> <span class='ocrx_word' id='word_1_306' title='bbox 1421 4112 1614 4158; x_wconf 87' lang='lat' dir='ltr'><strong>sancto</strong></span> 
     </span>
    </p>
   </div>
   <div class='ocr_carea' id='block_1_45' title="bbox 19 4191 1616 4266">
    <p class='ocr_par' dir='ltr' id='par_1_45' title="bbox 19 4191 1616 4266">
     <span class='ocr_line' id='line_1_45' title="bbox 19 4191 1616 4266; baseline 0.001 -16"><span class='ocrx_word' id='word_1_307' title='bbox 19 4191 344 4250; x_wconf 84' lang='lat' dir='ltr'><strong>oufessore</strong></span> <span class='ocrx_word' id='word_1_308' title='bbox 391 4193 614 4250; x_wconf 85' lang='lat' dir='ltr'><strong>sinistra</strong></span> <span class='ocrx_word' id='word_1_309' title='bbox 646 4194 850 4266; x_wconf 84' lang='lat' dir='ltr'><strong>liugcrc</strong></span> <span class='ocrx_word' id='word_1_310' title='bbox 883 4194 1003 4250; x_wconf 85' lang='lat' dir='ltr'><strong>ausi</strong></span> <span class='ocrx_word' id='word_1_311' title='bbox 1033 4203 1182 4261; x_wconf 89' lang='lat' dir='ltr'><strong>sunt,</strong></span> <span class='ocrx_word' id='word_1_312' title='bbox 1220 4193 1366 4251; x_wconf 86' lang='lat' dir='ltr'><strong>Deus</strong></span> <span class='ocrx_word' id='word_1_313' title='bbox 1390 4195 1616 4254; x_wconf 84' lang='lat' dir='ltr'><strong>menda-</strong></span> 
     </span>
    </p>
   </div>
   <div class='ocr_carea' id='block_1_46' title="bbox 19 4285 1616 4358">
    <p class='ocr_par' dir='ltr' id='par_1_46' title="bbox 19 4285 1616 4358">
     <span class='ocr_line' id='line_1_46' title="bbox 19 4285 1616 4358; baseline 0.003 -18"><span class='ocrx_word' id='word_1_314' title='bbox 19 4303 94 4342; x_wconf 86' lang='lat' dir='ltr'><strong>es</strong></span> <span class='ocrx_word' id='word_1_315' title='bbox 149 4300 285 4342; x_wconf 85' lang='lat' dir='ltr'><strong>esse</strong></span> <span class='ocrx_word' id='word_1_316' title='bbox 325 4285 740 4355; x_wconf 88' lang='lat' dir='ltr'><strong>demonstravit,</strong></span> <span class='ocrx_word' id='word_1_317' title='bbox 791 4287 924 4342; x_wconf 90' lang='lat' dir='ltr'><strong>dum</strong></span> <span class='ocrx_word' id='word_1_318' title='bbox 967 4287 1090 4358; x_wconf 84' lang='lat' dir='ltr'><strong>ejus</strong></span> <span class='ocrx_word' id='word_1_319' title='bbox 1139 4288 1510 4344; x_wconf 86' lang='lat' dir='ltr'><strong>innocentiam</strong></span> <span class='ocrx_word' id='word_1_320' title='bbox 1560 4299 1616 4345; x_wconf 88' lang='lat' dir='ltr'><strong>et</strong></span> 
     </span>
    </p>
   </div>
   <div class='ocr_carea' id='block_1_47' title="bbox 15 4375 1614 4448">
    <p class='ocr_par' dir='ltr' id='par_1_47' title="bbox 15 4375 1614 4448">
     <span class='ocr_line' id='line_1_47' title="bbox 15 4375 1614 4448; baseline 0.005 -20"><span class='ocrx_word' id='word_1_321' title='bbox 15 4375 446 4430; x_wconf 84' lang='lat' dir='ltr'><strong>:mctitnoniam</strong></span> <span class='ocrx_word' id='word_1_322' title='bbox 481 4375 640 4433; x_wconf 86' lang='lat' dir='ltr'><strong>miris</strong></span> <span class='ocrx_word' id='word_1_323' title='bbox 667 4377 928 4448; x_wconf 88' lang='lat' dir='ltr'><strong>operibus</strong></span> <span class='ocrx_word' id='word_1_324' title='bbox 955 4386 1012 4433; x_wconf 94' lang='lat' dir='ltr'><strong>et</strong></span> <span class='ocrx_word' id='word_1_325' title='bbox 1043 4377 1340 4436; x_wconf 85' lang='lat' dir='ltr'><strong>virtutibus</strong></span> <span class='ocrx_word' id='word_1_326' title='bbox 1367 4377 1614 4436; x_wconf 82' lang='lat' dir='ltr'><strong>declara-</strong></span> 
     </span>
    </p>
   </div>
   <div class='ocr_carea' id='block_1_48' title="bbox 23 4465 1610 4538">
    <p class='ocr_par' dir='ltr' id='par_1_48' title="bbox 23 4465 1610 4538">
     <span class='ocr_line' id='line_1_48' title="bbox 23 4465 1610 4538; baseline 0.003 -18"><span class='ocrx_word' id='word_1_327' title='bbox 23 4469 98 4521; x_wconf 76' lang='lat' dir='ltr'><strong>it.</strong></span> <span class='ocrx_word' id='word_1_328' title='bbox 135 4465 325 4536; x_wconf 83' lang='lat' dir='ltr'><strong>Cujus</strong></span> <span class='ocrx_word' id='word_1_329' title='bbox 366 4467 618 4538; x_wconf 79' lang='lat' dir='ltr'><strong>exemplo</strong></span> <span class='ocrx_word' id='word_1_330' title='bbox 643 4468 926 4525; x_wconf 84' lang='lat' dir='ltr'><strong>discamus</strong></span> <span class='ocrx_word' id='word_1_331' title='bbox 965 4477 1020 4524; x_wconf 87' lang='lat' dir='ltr'><strong>et</strong></span> <span class='ocrx_word' id='word_1_332' title='bbox 1064 4483 1187 4535; x_wconf 89' lang='lat' dir='ltr'><strong>nos,</strong></span> <span class='ocrx_word' id='word_1_333' title='bbox 1237 4467 1433 4526; x_wconf 81' lang='lat' dir='ltr'><strong>fratres</strong></span> <span class='ocrx_word' id='word_1_334' title='bbox 1479 4469 1610 4536; x_wconf 85' lang='lat' dir='ltr'><strong>mei,</strong></span> 
     </span>
    </p>
   </div>
   <div class='ocr_carea' id='block_1_49' title="bbox 1737 574 3332 669">
    <p class='ocr_par' dir='ltr' id='par_1_49' title="bbox 1737 574 3332 669">
     <span class='ocr_line' id='line_1_49' title="bbox 1737 574 3332 669; baseline 0.013 -39"><span class='ocrx_word' id='word_1_335' title='bbox 1737 574 2041 669; x_wconf 67' lang='lat' dir='ltr'><strong>gradiantur</strong></span> <span class='ocrx_word' id='word_1_336' title='bbox 2067 583 2242 638; x_wconf 70' lang='lat' dir='ltr'><strong>tanien</strong></span> <span class='ocrx_word' id='word_1_337' title='bbox 2266 585 2478 640; x_wconf 77' lang='lat' dir='ltr'><strong>rideant</strong></span> <span class='ocrx_word' id='word_1_338' title='bbox 2507 587 2662 658; x_wconf 82' lang='lat' dir='ltr'><strong>(an.</strong></span> <span class='ocrx_word' id='word_1_339' title='bbox 2699 591 2798 660; x_wconf 79' lang='lat' dir='ltr'><strong>xl),</strong></span> <span class='ocrx_word' id='word_1_340' title='bbox 2824 604 2930 650; x_wconf 87' lang='lat' dir='ltr'><strong>etc.</strong></span> <span class='ocrx_word' id='word_1_341' title='bbox 2955 594 3332 669; x_wconf 82' lang='lat' dir='ltr'><strong>Metaphorice</strong></span> 
     </span>
    </p>
   </div>
   <div class='ocr_carea' id='block_1_50' title="bbox 1735 667 3329 756">
    <p class='ocr_par' dir='ltr' id='par_1_50' title="bbox 1735 667 3329 756">
     <span class='ocr_line' id='line_1_50' title="bbox 1735 667 3329 756; baseline 0.014 -32"><span class='ocrx_word' id='word_1_342' title='bbox 1735 667 1828 726; x_wconf 86' lang='lat' dir='ltr'><strong>hic</strong></span> <span class='ocrx_word' id='word_1_343' title='bbox 1850 669 2116 730; x_wconf 85' lang='lat' dir='ltr'><strong>Dominus</strong></span> <span class='ocrx_word' id='word_1_344' title='bbox 2146 674 2408 746; x_wconf 88' lang='lat' dir='ltr'><strong>loquitur,</strong></span> <span class='ocrx_word' id='word_1_345' title='bbox 2451 677 2648 738; x_wconf 77' lang='lat' dir='ltr'><strong>fratres</strong></span> <span class='ocrx_word' id='word_1_346' title='bbox 2678 683 3011 742; x_wconf 87' lang='lat' dir='ltr'><strong>charissimi.</strong></span> <span class='ocrx_word' id='word_1_347' title='bbox 3040 667 3174 756; x_wconf 66' lang='lat' dir='ltr'><strong>Qute</strong></span> <span class='ocrx_word' id='word_1_348' title='bbox 3212 703 3329 748; x_wconf 55' lang='lat' dir='ltr'><strong>meo</strong></span> 
     </span>
    </p>
   </div>
   <div class='ocr_carea' id='block_1_51' title="bbox 1735 763 3326 844">
    <p class='ocr_par' dir='ltr' id='par_1_51' title="bbox 1735 763 3326 844">
     <span class='ocr_line' id='line_1_51' title="bbox 1735 763 3326 844; baseline 0.014 -26"><span class='ocrx_word' id='word_1_349' title='bbox 1735 763 1962 835; x_wconf 85' lang='lat' dir='ltr'><strong>taphora</strong></span> <span class='ocrx_word' id='word_1_350' title='bbox 2034 765 2306 823; x_wconf 89' lang='lat' dir='ltr'><strong>trifariam</strong></span> <span class='ocrx_word' id='word_1_351' title='bbox 2381 779 2561 840; x_wconf 85' lang='lat' dir='ltr'><strong>potest</strong></span> <span class='ocrx_word' id='word_1_352' title='bbox 2633 773 2998 844; x_wconf 84' lang='lat' dir='ltr'><strong>interpretari.</strong></span> <span class='ocrx_word' id='word_1_353' title='bbox 3075 779 3326 840; x_wconf 80' lang='lat' dir='ltr'><strong>Lucerna</strong></span> 
     </span>
    </p>
   </div>
   <div class='ocr_carea' id='block_1_52' title="bbox 1733 856 3324 942">
    <p class='ocr_par' dir='ltr' id='par_1_52' title="bbox 1733 856 3324 942">
     <span class='ocr_line' id='line_1_52' title="bbox 1733 856 3324 942; baseline 0.013 -33"><span class='ocrx_word' id='word_1_354' title='bbox 1733 856 1935 925; x_wconf 80' lang='lat' dir='ltr'><strong>quippe</strong></span> <span class='ocrx_word' id='word_1_355' title='bbox 1983 856 2332 926; x_wconf 71' lang='lat' dir='ltr'><strong>universalis,</strong></span> <span class='ocrx_word' id='word_1_356' title='bbox 2357 859 2461 914; x_wconf 82' lang='lat' dir='ltr'><strong>alia</strong></span> <span class='ocrx_word' id='word_1_357' title='bbox 2487 862 2852 932; x_wconf 87' lang='lat' dir='ltr'><strong>particularis,</strong></span> <span class='ocrx_word' id='word_1_358' title='bbox 2875 868 2981 923; x_wconf 89' lang='lat' dir='ltr'><strong>alia</strong></span> <span class='ocrx_word' id='word_1_359' title='bbox 3003 869 3324 942; x_wconf 79' lang='lat' dir='ltr'><strong>singularis.</strong></span> 
     </span>
    </p>
   </div>
   <div class='ocr_carea' id='block_1_53' title="bbox 1733 945 3326 1029">
    <p class='ocr_par' dir='ltr' id='par_1_53' title="bbox 1733 945 3326 1029">
     <span class='ocr_line' id='line_1_53' title="bbox 1733 945 3326 1029; baseline 0.015 -31"><span class='ocrx_word' id='word_1_360' title='bbox 1733 945 1906 1002; x_wconf 83' lang='lat' dir='ltr'><strong>Porro</strong></span> <span class='ocrx_word' id='word_1_361' title='bbox 1936 949 2160 1006; x_wconf 88' lang='lat' dir='ltr'><strong>lucerna</strong></span> <span class='ocrx_word' id='word_1_362' title='bbox 2205 951 2535 1010; x_wconf 86' lang='lat' dir='ltr'><strong>universalis</strong></span> <span class='ocrx_word' id='word_1_363' title='bbox 2563 966 2649 1012; x_wconf 91' lang='lat' dir='ltr'><strong>est</strong></span> <span class='ocrx_word' id='word_1_364' title='bbox 2685 959 2768 1013; x_wconf 84' lang='lat' dir='ltr'><strong>sol</strong></span> <span class='ocrx_word' id='word_1_365' title='bbox 2791 959 3021 1029; x_wconf 73' lang='lat' dir='ltr'><strong>justitite</strong></span> <span class='ocrx_word' id='word_1_366' title='bbox 3057 963 3326 1022; x_wconf 79' lang='lat' dir='ltr'><strong>Dominus</strong></span> 
     </span>
    </p>
   </div>
   <div class='ocr_carea' id='block_1_54' title="bbox 1733 1039 3344 1117">
    <p class='ocr_par' dir='ltr' id='par_1_54' title="bbox 1733 1039 3344 1117">
     <span class='ocr_line' id='line_1_54' title="bbox 1733 1039 3344 1117; baseline 0.014 -23"><span class='ocrx_word' id='word_1_367' title='bbox 1733 1049 1918 1096; x_wconf 89' lang='lat' dir='ltr'><strong>noster</strong></span> <span class='ocrx_word' id='word_1_368' title='bbox 1939 1039 2103 1100; x_wconf 88' lang='lat' dir='ltr'><strong>Iesus</strong></span> <span class='ocrx_word' id='word_1_369' title='bbox 2129 1041 2406 1110; x_wconf 84' lang='lat' dir='ltr'><strong>Christus,</strong></span> <span class='ocrx_word' id='word_1_370' title='bbox 2439 1047 2555 1117; x_wconf 89' lang='lat' dir='ltr'><strong>qui,</strong></span> <span class='ocrx_word' id='word_1_371' title='bbox 2586 1059 2646 1104; x_wconf 92' lang='lat' dir='ltr'><strong>ut</strong></span> <span class='ocrx_word' id='word_1_372' title='bbox 2681 1051 2756 1108; x_wconf 90' lang='lat' dir='ltr'><strong>ait</strong></span> <span class='ocrx_word' id='word_1_373' title='bbox 2783 1051 3024 1111; x_wconf 80' lang='lat' dir='ltr'><strong>Ioannes</strong></span> <span class='ocrx_word' id='word_1_374' title='bbox 3059 1076 3077 1108; x_wconf 75' lang='grc' dir='ltr'>ι</span> <span class='ocrx_word' id='word_1_375' title='bbox 3105 1069 3188 1114; x_wconf 90' lang='lat' dir='ltr'><strong>est</strong></span> <span class='ocrx_word' id='word_1_376' title='bbox 3228 1043 3344 1116; x_wconf 62' lang='grc' dir='ltr'><strong>Ιυι⁸</strong></span> 
     </span>
    </p>
   </div>
   <div class='ocr_carea' id='block_1_55' title="bbox 1730 1136 3321 1209">
    <p class='ocr_par' dir='ltr' id='par_1_55' title="bbox 1730 1136 3321 1209">
     <span class='ocr_line' id='line_1_55' title="bbox 1730 1136 3321 1209; baseline 0.014 -23"><span class='ocrx_word' id='word_1_377' title='bbox 1730 1149 1856 1190; x_wconf 87' lang='lat' dir='ltr'><strong>vera</strong></span> <span class='ocrx_word' id='word_1_378' title='bbox 1902 1145 2028 1205; x_wconf 77' lang='lat' dir='ltr'><strong>quae</strong></span> <span class='ocrx_word' id='word_1_379' title='bbox 2061 1136 2340 1194; x_wconf 86' lang='lat' dir='ltr'><strong>illuminat</strong></span> <span class='ocrx_word' id='word_1_380' title='bbox 2367 1155 2586 1196; x_wconf 83' lang='lat' dir='ltr'><strong>omnem</strong></span> <span class='ocrx_word' id='word_1_381' title='bbox 2615 1144 2895 1202; x_wconf 81' lang='lat' dir='ltr'><strong>hominem</strong></span> <span class='ocrx_word' id='word_1_382' title='bbox 2932 1150 3238 1208; x_wconf 75' lang='lat' dir='ltr'><strong>venientem</strong></span> <span class='ocrx_word' id='word_1_383' title='bbox 3264 1153 3321 1209; x_wconf 87' lang='lat' dir='ltr'><strong>in</strong></span> 
     </span>
    </p>
   </div>
   <div class='ocr_carea' id='block_1_56' title="bbox 1731 1225 3318 1312">
    <p class='ocr_par' dir='ltr' id='par_1_56' title="bbox 1731 1225 3318 1312">
     <span class='ocr_line' id='line_1_56' title="bbox 1731 1225 3318 1312; baseline 0.014 -32"><span class='ocrx_word' id='word_1_384' title='bbox 1731 1225 1876 1290; x_wconf 87' lang='lat' dir='ltr'><strong>hunc</strong></span> <span class='ocrx_word' id='word_1_385' title='bbox 1897 1230 2164 1286; x_wconf 87' lang='lat' dir='ltr'><strong>mundum</strong></span> <span class='ocrx_word' id='word_1_386' title='bbox 2189 1229 2372 1298; x_wconf 82' lang='lat' dir='ltr'><strong>(Joan.</strong></span> <span class='ocrx_word' id='word_1_387' title='bbox 2405 1235 2464 1304; x_wconf 84' lang='grc' dir='ltr'><strong>ι).</strong></span> <span class='ocrx_word' id='word_1_388' title='bbox 2495 1253 2513 1286; x_wconf 72' lang='grc' dir='ltr'><strong><em>ι</em></strong></span> <span class='ocrx_word' id='word_1_389' title='bbox 2543 1233 2662 1303; x_wconf 87' lang='lat' dir='ltr'><strong>llic,</strong></span> <span class='ocrx_word' id='word_1_390' title='bbox 2692 1238 3014 1310; x_wconf 86' lang='lat' dir='ltr'><strong>inquantum</strong></span> <span class='ocrx_word' id='word_1_391' title='bbox 3045 1255 3127 1300; x_wconf 86' lang='lat' dir='ltr'><strong>est</strong></span> <span class='ocrx_word' id='word_1_392' title='bbox 3151 1244 3318 1312; x_wconf 87' lang='lat' dir='ltr'><strong>Deus,</strong></span> 
     </span>
    </p>
   </div>
   <div class='ocr_carea' id='block_1_57' title="bbox 1728 1319 3322 1401">
    <p class='ocr_par' dir='ltr' id='par_1_57' title="bbox 1728 1319 3322 1401">
     <span class='ocr_line' id='line_1_57' title="bbox 1728 1319 3322 1401; baseline 0.011 -27"><span class='ocrx_word' id='word_1_393' title='bbox 1728 1329 1788 1374; x_wconf 89' lang='lat' dir='ltr'><strong>et</strong></span> <span class='ocrx_word' id='word_1_394' title='bbox 1808 1335 1916 1375; x_wconf 89' lang='lat' dir='ltr'><strong>una</strong></span> <span class='ocrx_word' id='word_1_395' title='bbox 1959 1319 2054 1376; x_wconf 76' lang='lat' dir='ltr'><strong>lux</strong></span> <span class='ocrx_word' id='word_1_396' title='bbox 2091 1331 2292 1378; x_wconf 65' lang='lat' dir='ltr'><strong>aeterna</strong></span> <span class='ocrx_word' id='word_1_397' title='bbox 2328 1339 2454 1380; x_wconf 87' lang='lat' dir='ltr'><strong>cum</strong></span> <span class='ocrx_word' id='word_1_398' title='bbox 2481 1325 2664 1383; x_wconf 83' lang='lat' dir='ltr'><strong>Patre.</strong></span> <span class='ocrx_word' id='word_1_399' title='bbox 2710 1329 3040 1401; x_wconf 85' lang='lat' dir='ltr'><strong>lnquantnm</strong></span> <span class='ocrx_word' id='word_1_400' title='bbox 3073 1347 3205 1392; x_wconf 80' lang='lat' dir='ltr'><strong>vero</strong></span> <span class='ocrx_word' id='word_1_401' title='bbox 3237 1347 3322 1392; x_wconf 83' lang='lat' dir='ltr'><strong>est</strong></span> 
     </span>
    </p>
   </div>
   <div class='ocr_carea' id='block_1_58' title="bbox 1731 1412 3320 1488">
    <p class='ocr_par' dir='ltr' id='par_1_58' title="bbox 1731 1412 3320 1488">
     <span class='ocr_line' id='line_1_58' title="bbox 1731 1412 3320 1488; baseline 0.011 -22"><span class='ocrx_word' id='word_1_402' title='bbox 1731 1412 1916 1481; x_wconf 90' lang='lat' dir='ltr'><strong>homo,</strong></span> <span class='ocrx_word' id='word_1_403' title='bbox 1960 1423 2045 1470; x_wconf 88' lang='lat' dir='ltr'><strong>est</strong></span> <span class='ocrx_word' id='word_1_404' title='bbox 2085 1415 2306 1472; x_wconf 87' lang='lat' dir='ltr'><strong>lucerna</strong></span> <span class='ocrx_word' id='word_1_405' title='bbox 2355 1434 2607 1488; x_wconf 84' lang='lat' dir='ltr'><strong>accensa,</strong></span> <span class='ocrx_word' id='word_1_406' title='bbox 2649 1422 2867 1480; x_wconf 81' lang='lat' dir='ltr'><strong>ﬂamma</strong></span> <span class='ocrx_word' id='word_1_407' title='bbox 2913 1427 3216 1486; x_wconf 85' lang='lat' dir='ltr'><strong>divinitatis</strong></span> <span class='ocrx_word' id='word_1_408' title='bbox 3261 1429 3320 1484; x_wconf 89' lang='lat' dir='ltr'><strong>in</strong></span> 
     </span>
    </p>
   </div>
   <div class='ocr_carea' id='block_1_59' title="bbox 1729 1505 3322 1576">
    <p class='ocr_par' dir='ltr' id='par_1_59' title="bbox 1729 1505 3322 1576">
     <span class='ocr_line' id='line_1_59' title="bbox 1729 1505 3322 1576; baseline 0.011 -18"><span class='ocrx_word' id='word_1_409' title='bbox 1729 1513 1863 1558; x_wconf 87' lang='lat' dir='ltr'><strong>testa</strong></span> <span class='ocrx_word' id='word_1_410' title='bbox 1897 1505 2275 1563; x_wconf 87' lang='lat' dir='ltr'><strong>humanitatis.</strong></span> <span class='ocrx_word' id='word_1_411' title='bbox 2325 1507 2496 1564; x_wconf 72' lang='lat' dir='ltr'><strong>Poz&#39;ro</strong></span> <span class='ocrx_word' id='word_1_412' title='bbox 2546 1512 2767 1570; x_wconf 87' lang='lat' dir='ltr'><strong>lucerna</strong></span> <span class='ocrx_word' id='word_1_413' title='bbox 2813 1516 2912 1571; x_wconf 84' lang='lat' dir='ltr'><strong>tria</strong></span> <span class='ocrx_word' id='word_1_414' title='bbox 2945 1515 3090 1574; x_wconf 85' lang='lat' dir='ltr'><strong>facit.</strong></span> <span class='ocrx_word' id='word_1_415' title='bbox 3118 1519 3322 1576; x_wconf 87' lang='lat' dir='ltr'><strong>Oculus</strong></span> 
     </span>
    </p>
   </div>
   <div class='ocr_carea' id='block_1_60' title="bbox 1728 1597 3316 1676">
    <p class='ocr_par' dir='ltr' id='par_1_60' title="bbox 1728 1597 3316 1676">
     <span class='ocr_line' id='line_1_60' title="bbox 1728 1597 3316 1676; baseline 0.012 -26"><span class='ocrx_word' id='word_1_416' title='bbox 1728 1597 1901 1666; x_wconf 87' lang='lat' dir='ltr'><strong>pulsis</strong></span> <span class='ocrx_word' id='word_1_417' title='bbox 1925 1599 2165 1655; x_wconf 87' lang='lat' dir='ltr'><strong>tenebris</strong></span> <span class='ocrx_word' id='word_1_418' title='bbox 2191 1600 2484 1669; x_wconf 88' lang='lat' dir='ltr'><strong>illuminat,</strong></span> <span class='ocrx_word' id='word_1_419' title='bbox 2507 1604 2650 1660; x_wconf 89' lang='lat' dir='ltr'><strong>viam</strong></span> <span class='ocrx_word' id='word_1_420' title='bbox 2677 1607 3039 1676; x_wconf 89' lang='lat' dir='ltr'><strong>demonstrat,</strong></span> <span class='ocrx_word' id='word_1_421' title='bbox 3070 1612 3203 1668; x_wconf 89' lang='lat' dir='ltr'><strong>nulll</strong></span> <span class='ocrx_word' id='word_1_422' title='bbox 3236 1628 3316 1675; x_wconf 69' lang='grc' dir='ltr'><strong>δί’,</strong></span> 
     </span>
    </p>
   </div>
   <div class='ocr_carea' id='block_1_61' title="bbox 1727 1690 3320 1767">
    <p class='ocr_par' dir='ltr' id='par_1_61' title="bbox 1727 1690 3320 1767">
     <span class='ocr_line' id='line_1_61' title="bbox 1727 1690 3320 1767; baseline 0.007 -23"><span class='ocrx_word' id='word_1_423' title='bbox 1727 1690 1832 1745; x_wconf 86' lang='lat' dir='ltr'><strong>nisi</strong></span> <span class='ocrx_word' id='word_1_424' title='bbox 1864 1691 2230 1758; x_wconf 86' lang='lat' dir='ltr'><strong>subtrahenti,</strong></span> <span class='ocrx_word' id='word_1_425' title='bbox 2273 1703 2454 1764; x_wconf 77' lang='lat' dir='ltr'><strong>negat,</strong></span> <span class='ocrx_word' id='word_1_426' title='bbox 2491 1713 2511 1748; x_wconf 72' lang='grc' dir='ltr'>ι</span> <span class='ocrx_word' id='word_1_427' title='bbox 2541 1712 2708 1767; x_wconf 79' lang='lat' dir='ltr'><strong>prope</strong></span> <span class='ocrx_word' id='word_1_428' title='bbox 2749 1710 2834 1753; x_wconf 89' lang='lat' dir='ltr'><strong>est</strong></span> <span class='ocrx_word' id='word_1_429' title='bbox 2873 1701 3020 1756; x_wconf 85' lang='lat' dir='ltr'><strong>enim</strong></span> <span class='ocrx_word' id='word_1_430' title='bbox 3061 1703 3320 1758; x_wconf 83' lang='lat' dir='ltr'><strong>omnibus</strong></span> 
     </span>
    </p>
   </div>
   <div class='ocr_carea' id='block_1_62' title="bbox 1727 1781 3318 1861">
    <p class='ocr_par' dir='ltr' id='par_1_62' title="bbox 1727 1781 3318 1861">
     <span class='ocr_line' id='line_1_62' title="bbox 1727 1781 3318 1861; baseline 0.008 -27"><span class='ocrx_word' id='word_1_431' title='bbox 1727 1781 2108 1838; x_wconf 83' lang='lat' dir='ltr'><strong>invocantibus</strong></span> <span class='ocrx_word' id='word_1_432' title='bbox 2135 1798 2264 1838; x_wconf 87' lang='lat' dir='ltr'><strong>eum</strong></span> <span class='ocrx_word' id='word_1_433' title='bbox 2297 1783 2350 1840; x_wconf 91' lang='lat' dir='ltr'><strong>in</strong></span> <span class='ocrx_word' id='word_1_434' title='bbox 2392 1785 2620 1842; x_wconf 80' lang='lat' dir='ltr'><strong>veritate</strong></span> <span class='ocrx_word' id='word_1_435' title='bbox 2647 1788 2821 1856; x_wconf 79' lang='grc' dir='ltr'><strong>(Ρεαι.</strong></span> <span class='ocrx_word' id='word_1_436' title='bbox 2853 1791 3058 1861; x_wconf 72' lang='lat' dir='ltr'><strong>cxuv).</strong></span> <span class='ocrx_word' id='word_1_437' title='bbox 3091 1811 3109 1843; x_wconf 74' lang='grc' dir='ltr'><strong><em>ι</em></strong></span> <span class='ocrx_word' id='word_1_438' title='bbox 3157 1791 3318 1847; x_wconf 85' lang='lat' dir='ltr'><strong>Chri-</strong></span> 
     </span>
    </p>
   </div>
   <div class='ocr_carea' id='block_1_63' title="bbox 1727 1875 3317 1950">
    <p class='ocr_par' dir='ltr' id='par_1_63' title="bbox 1727 1875 3317 1950">
     <span class='ocr_line' id='line_1_63' title="bbox 1727 1875 3317 1950; baseline 0.008 -24"><span class='ocrx_word' id='word_1_439' title='bbox 1727 1882 1846 1928; x_wconf 88' lang='lat' dir='ltr'><strong>stus</strong></span> <span class='ocrx_word' id='word_1_440' title='bbox 1869 1889 2088 1944; x_wconf 89' lang='lat' dir='ltr'><strong>quoque</strong></span> <span class='ocrx_word' id='word_1_441' title='bbox 2111 1875 2303 1930; x_wconf 90' lang='lat' dir='ltr'><strong>oculos</strong></span> <span class='ocrx_word' id='word_1_442' title='bbox 2331 1876 2560 1932; x_wconf 85' lang='lat' dir='ltr'><strong>rationis</strong></span> <span class='ocrx_word' id='word_1_443' title='bbox 2581 1879 2756 1948; x_wconf 88' lang='lat' dir='ltr'><strong>pulsis</strong></span> <span class='ocrx_word' id='word_1_444' title='bbox 2777 1891 3128 1950; x_wconf 85' lang='lat' dir='ltr'><strong>peccatorum</strong></span> <span class='ocrx_word' id='word_1_445' title='bbox 3164 1892 3317 1939; x_wconf 42' lang='lat' dir='ltr'><strong>tene</strong></span> 
     </span>
    </p>
   </div>
   <div class='ocr_carea' id='block_1_64' title="bbox 1728 1965 3318 2044">
    <p class='ocr_par' dir='ltr' id='par_1_64' title="bbox 1728 1965 3318 2044">
     <span class='ocr_line' id='line_1_64' title="bbox 1728 1965 3318 2044; baseline 0.008 -26"><span class='ocrx_word' id='word_1_446' title='bbox 1728 1965 1842 2022; x_wconf 88' lang='lat' dir='ltr'><strong>bris</strong></span> <span class='ocrx_word' id='word_1_447' title='bbox 1885 1966 2178 2034; x_wconf 81' lang='lat' dir='ltr'><strong>illuminat,</strong></span> <span class='ocrx_word' id='word_1_448' title='bbox 2224 1969 2366 2024; x_wconf 89' lang='lat' dir='ltr'><strong>viam</strong></span> <span class='ocrx_word' id='word_1_449' title='bbox 2416 1970 2542 2026; x_wconf 74' lang='lat' dir='ltr'><strong>vitm</strong></span> <span class='ocrx_word' id='word_1_450' title='bbox 2569 1973 2818 2044; x_wconf 76' lang='lat' dir='ltr'><strong>exemplo</strong></span> <span class='ocrx_word' id='word_1_451' title='bbox 2857 1984 2910 2028; x_wconf 88' lang='lat' dir='ltr'><strong>et</strong></span> <span class='ocrx_word' id='word_1_452' title='bbox 2943 1975 3190 2031; x_wconf 87' lang='lat' dir='ltr'><strong>doctrina</strong></span> <span class='ocrx_word' id='word_1_453' title='bbox 3218 1977 3318 2031; x_wconf 46' lang='lat' dir='ltr'><strong>derv</strong></span> 
     </span>
    </p>
   </div>
   <div class='ocr_carea' id='block_1_65' title="bbox 1728 2061 3317 2134">
    <p class='ocr_par' dir='ltr' id='par_1_65' title="bbox 1728 2061 3317 2134">
     <span class='ocr_line' id='line_1_65' title="bbox 1728 2061 3317 2134; baseline 0.008 -22"><span class='ocrx_word' id='word_1_454' title='bbox 1728 2068 2018 2126; x_wconf 83' lang='lat' dir='ltr'><strong>monstrat,</strong></span> <span class='ocrx_word' id='word_1_455' title='bbox 2052 2061 2186 2116; x_wconf 91' lang='lat' dir='ltr'><strong>nulli</strong></span> <span class='ocrx_word' id='word_1_456' title='bbox 2217 2063 2447 2132; x_wconf 79' lang='lat' dir='ltr'><strong>gratiam</strong></span> <span class='ocrx_word' id='word_1_457' title='bbox 2483 2080 2660 2130; x_wconf 84' lang='lat' dir='ltr'><strong>suum,</strong></span> <span class='ocrx_word' id='word_1_458' title='bbox 2691 2066 2793 2120; x_wconf 90' lang='lat' dir='ltr'><strong>nisi</strong></span> <span class='ocrx_word' id='word_1_459' title='bbox 2822 2067 3191 2134; x_wconf 85' lang='lat' dir='ltr'><strong>subtrahenti,</strong></span> <span class='ocrx_word' id='word_1_460' title='bbox 3219 2084 3317 2124; x_wconf 87' lang='lat' dir='ltr'><strong>ne-</strong></span> 
     </span>
    </p>
   </div>
   <div class='ocr_carea' id='block_1_66' title="bbox 1725 2153 3316 2222">
    <p class='ocr_par' dir='ltr' id='par_1_66' title="bbox 1725 2153 3316 2222">
     <span class='ocr_line' id='line_1_66' title="bbox 1725 2153 3316 2222; baseline 0.005 -16"><span class='ocrx_word' id='word_1_461' title='bbox 1725 2158 1835 2220; x_wconf 76' lang='lat' dir='ltr'><strong>gat,</strong></span> <span class='ocrx_word' id='word_1_462' title='bbox 1878 2165 2094 2222; x_wconf 72' lang='lat' dir='ltr'><strong>«prope</strong></span> <span class='ocrx_word' id='word_1_463' title='bbox 2123 2164 2206 2208; x_wconf 89' lang='lat' dir='ltr'><strong>est</strong></span> <span class='ocrx_word' id='word_1_464' title='bbox 2235 2153 2380 2208; x_wconf 88' lang='lat' dir='ltr'><strong>enim</strong></span> <span class='ocrx_word' id='word_1_465' title='bbox 2409 2154 2667 2209; x_wconf 86' lang='lat' dir='ltr'><strong>omnibus</strong></span> <span class='ocrx_word' id='word_1_466' title='bbox 2696 2155 3079 2212; x_wconf 80' lang='lat' dir='ltr'><strong>invocantibus</strong></span> <span class='ocrx_word' id='word_1_467' title='bbox 3103 2174 3228 2214; x_wconf 87' lang='lat' dir='ltr'><strong>eum</strong></span> <span class='ocrx_word' id='word_1_468' title='bbox 3260 2160 3316 2214; x_wconf 89' lang='lat' dir='ltr'><strong>in</strong></span> 
     </span>
    </p>
   </div>
   <div class='ocr_carea' id='block_1_67' title="bbox 1727 2241 3322 2321">
    <p class='ocr_par' dir='ltr' id='par_1_67' title="bbox 1727 2241 3322 2321">
     <span class='ocr_line' id='line_1_67' title="bbox 1727 2241 3322 2321; baseline 0.009 -27"><span class='ocrx_word' id='word_1_469' title='bbox 1727 2243 2004 2298; x_wconf 60' lang='lat' dir='ltr'><strong>verit-tte.»</strong></span> <span class='ocrx_word' id='word_1_470' title='bbox 2031 2241 2186 2299; x_wconf 87' lang='lat' dir='ltr'><strong>Unde</strong></span> <span class='ocrx_word' id='word_1_471' title='bbox 2213 2253 2267 2300; x_wconf 88' lang='lat' dir='ltr'><strong>et</strong></span> <span class='ocrx_word' id='word_1_472' title='bbox 2288 2243 2491 2302; x_wconf 85' lang='lat' dir='ltr'><strong>Paulus</strong></span> <span class='ocrx_word' id='word_1_473' title='bbox 2521 2262 2624 2302; x_wconf 88' lang='lat' dir='ltr'><strong>nos</strong></span> <span class='ocrx_word' id='word_1_474' title='bbox 2659 2257 2846 2304; x_wconf 87' lang='lat' dir='ltr'><strong>monet</strong></span> <span class='ocrx_word' id='word_1_475' title='bbox 2873 2269 2892 2300; x_wconf 76' lang='grc' dir='ltr'><strong><em>ι</em></strong></span> <span class='ocrx_word' id='word_1_476' title='bbox 2924 2266 2992 2305; x_wconf 89' lang='lat' dir='ltr'><strong>ne</strong></span> <span class='ocrx_word' id='word_1_477' title='bbox 3021 2251 3147 2321; x_wconf 90' lang='lat' dir='ltr'><strong>quis</strong></span> <span class='ocrx_word' id='word_1_478' title='bbox 3175 2253 3322 2308; x_wconf 86' lang='lat' dir='ltr'><strong>desit</strong></span> 
     </span>
    </p>
   </div>
   <div class='ocr_carea' id='block_1_68' title="bbox 1726 2333 3311 2410">
    <p class='ocr_par' dir='ltr' id='par_1_68' title="bbox 1726 2333 3311 2410">
     <span class='ocr_line' id='line_1_68' title="bbox 1726 2333 3311 2410; baseline 0.008 -24"><span class='ocrx_word' id='word_1_479' title='bbox 1726 2333 1915 2405; x_wconf 76' lang='lat' dir='ltr'><strong>gratiae</strong></span> <span class='ocrx_word' id='word_1_480' title='bbox 1965 2335 2056 2390; x_wconf 90' lang='lat' dir='ltr'><strong>Dei</strong></span> <span class='ocrx_word' id='word_1_481' title='bbox 2110 2335 2298 2408; x_wconf 78' lang='lat' dir='ltr'><strong>(Hebr.</strong></span> <span class='ocrx_word' id='word_1_482' title='bbox 2337 2338 2462 2408; x_wconf 84' lang='lat' dir='ltr'><strong>xu).</strong></span> <span class='ocrx_word' id='word_1_483' title='bbox 2492 2358 2510 2390; x_wconf 64' lang='grc' dir='ltr'><strong><em>ν</em></strong></span> <span class='ocrx_word' id='word_1_484' title='bbox 2540 2337 2707 2405; x_wconf 83' lang='lat' dir='ltr'><strong>Quasi</strong></span> <span class='ocrx_word' id='word_1_485' title='bbox 2735 2339 2921 2396; x_wconf 86' lang='lat' dir='ltr'><strong>dicat:</strong></span> <span class='ocrx_word' id='word_1_486' title='bbox 2967 2342 3159 2408; x_wconf 81' lang='lat' dir='ltr'><strong>Gratia</strong></span> <span class='ocrx_word' id='word_1_487' title='bbox 3193 2341 3311 2410; x_wconf 86' lang='lat' dir='ltr'><strong>Dei,</strong></span> 
     </span>
    </p>
   </div>
   <div class='ocr_carea' id='block_1_69' title="bbox 1724 2427 3316 2508">
    <p class='ocr_par' dir='ltr' id='par_1_69' title="bbox 1724 2427 3316 2508">
     <span class='ocr_line' id='line_1_69' title="bbox 1724 2427 3316 2508; baseline 0.008 -31"><span class='ocrx_word' id='word_1_488' title='bbox 1724 2434 1991 2508; x_wconf 66' lang='lat' dir='ltr'><strong>quantum</strong></span> <span class='ocrx_word' id='word_1_489' title='bbox 2046 2427 2100 2484; x_wconf 91' lang='lat' dir='ltr'><strong>in</strong></span> <span class='ocrx_word' id='word_1_490' title='bbox 2158 2428 2278 2499; x_wconf 87' lang='lat' dir='ltr'><strong>ipsa</strong></span> <span class='ocrx_word' id='word_1_491' title='bbox 2327 2439 2460 2496; x_wconf 87' lang='lat' dir='ltr'><strong>est,.</strong></span> <span class='ocrx_word' id='word_1_492' title='bbox 2493 2431 2627 2486; x_wconf 86' lang='lat' dir='ltr'><strong>nulli</strong></span> <span class='ocrx_word' id='word_1_493' title='bbox 2657 2431 2828 2497; x_wconf 86' lang='lat' dir='ltr'><strong>deest,</strong></span> <span class='ocrx_word' id='word_1_494' title='bbox 2864 2433 2970 2490; x_wconf 85' lang='lat' dir='ltr'><strong>nisi</strong></span> <span class='ocrx_word' id='word_1_495' title='bbox 3010 2441 3221 2490; x_wconf 87' lang='lat' dir='ltr'><strong>tantum</strong></span> <span class='ocrx_word' id='word_1_496' title='bbox 3263 2436 3316 2492; x_wconf 88' lang='lat' dir='ltr'><strong>ei</strong></span> 
     </span>
    </p>
   </div>
   <div class='ocr_carea' id='block_1_70' title="bbox 1723 2517 3314 2598">
    <p class='ocr_par' dir='ltr' id='par_1_70' title="bbox 1723 2517 3314 2598">
     <span class='ocr_line' id='line_1_70' title="bbox 1723 2517 3314 2598; baseline 0.008 -27"><span class='ocrx_word' id='word_1_497' title='bbox 1723 2517 1818 2588; x_wconf 85' lang='lat' dir='ltr'><strong>qui</strong></span> <span class='ocrx_word' id='word_1_498' title='bbox 1864 2518 1941 2574; x_wconf 92' lang='lat' dir='ltr'><strong>illi</strong></span> <span class='ocrx_word' id='word_1_499' title='bbox 1989 2535 2050 2576; x_wconf 88' lang='lat' dir='ltr'><strong>se</strong></span> <span class='ocrx_word' id='word_1_500' title='bbox 2101 2521 2473 2578; x_wconf 73' lang='lat' dir='ltr'><strong>sultrahendo</strong></span> <span class='ocrx_word' id='word_1_501' title='bbox 2516 2523 2688 2580; x_wconf 81' lang='lat' dir='ltr'><strong>deest.</strong></span> <span class='ocrx_word' id='word_1_502' title='bbox 2737 2524 2882 2582; x_wconf 84' lang='lat' dir='ltr'><strong>Deus</strong></span> <span class='ocrx_word' id='word_1_503' title='bbox 2924 2526 3088 2598; x_wconf 81' lang='lat' dir='ltr'><strong>igitur</strong></span> <span class='ocrx_word' id='word_1_504' title='bbox 3135 2528 3314 2585; x_wconf 87' lang='lat' dir='ltr'><strong>lucer-</strong></span> 
     </span>
    </p>
   </div>
   <div class='ocr_carea' id='block_1_71' title="bbox 1724 2611 3314 2678">
    <p class='ocr_par' dir='ltr' id='par_1_71' title="bbox 1724 2611 3314 2678">
     <span class='ocr_line' id='line_1_71' title="bbox 1724 2611 3314 2678; baseline 0.008 -12"><span class='ocrx_word' id='word_1_505' title='bbox 1724 2627 1850 2668; x_wconf 89' lang='lat' dir='ltr'><strong>nam</strong></span> <span class='ocrx_word' id='word_1_506' title='bbox 1885 2611 1939 2668; x_wconf 91' lang='lat' dir='ltr'><strong>iu</strong></span> <span class='ocrx_word' id='word_1_507' title='bbox 1971 2613 2192 2670; x_wconf 88' lang='lat' dir='ltr'><strong>homine</strong></span> <span class='ocrx_word' id='word_1_508' title='bbox 2232 2613 2360 2672; x_wconf 83' lang='lat' dir='ltr'><strong>Iesu</strong></span> <span class='ocrx_word' id='word_1_509' title='bbox 2407 2631 2516 2672; x_wconf 91' lang='lat' dir='ltr'><strong>non</strong></span> <span class='ocrx_word' id='word_1_510' title='bbox 2564 2617 2686 2673; x_wconf 89' lang='lat' dir='ltr'><strong>ideo</strong></span> <span class='ocrx_word' id='word_1_511' title='bbox 2731 2621 2981 2676; x_wconf 87' lang='lat' dir='ltr'><strong>accendit</strong></span> <span class='ocrx_word' id='word_1_512' title='bbox 3029 2629 3090 2676; x_wconf 91' lang='lat' dir='ltr'><strong>ut</strong></span> <span class='ocrx_word' id='word_1_513' title='bbox 3124 2622 3180 2676; x_wconf 90' lang='lat' dir='ltr'><strong>in</strong></span> <span class='ocrx_word' id='word_1_514' title='bbox 3211 2622 3314 2678; x_wconf 89' lang='lat' dir='ltr'><strong>ab-</strong></span> 
     </span>
    </p>
   </div>
   <div class='ocr_carea' id='block_1_72' title="bbox 1724 2703 3314 2784">
    <p class='ocr_par' dir='ltr' id='par_1_72' title="bbox 1724 2703 3314 2784">
     <span class='ocr_line' id='line_1_72' title="bbox 1724 2703 3314 2784; baseline 0.008 -27"><span class='ocrx_word' id='word_1_515' title='bbox 1724 2703 1994 2771; x_wconf 86' lang='lat' dir='ltr'><strong>scondito,</strong></span> <span class='ocrx_word' id='word_1_516' title='bbox 2041 2705 2092 2760; x_wconf 89' lang='lat' dir='ltr'><strong>id</strong></span> <span class='ocrx_word' id='word_1_517' title='bbox 2140 2717 2225 2762; x_wconf 90' lang='lat' dir='ltr'><strong>est</strong></span> <span class='ocrx_word' id='word_1_518' title='bbox 2273 2707 2378 2762; x_wconf 86' lang='lat' dir='ltr'><strong>sub</strong></span> <span class='ocrx_word' id='word_1_519' title='bbox 2429 2708 2626 2764; x_wconf 87' lang='lat' dir='ltr'><strong>umbra</strong></span> <span class='ocrx_word' id='word_1_520' title='bbox 2679 2709 2834 2782; x_wconf 83' lang='lat' dir='ltr'><strong>legis,</strong></span> <span class='ocrx_word' id='word_1_521' title='bbox 2881 2712 2978 2768; x_wconf 88' lang='lat' dir='ltr'><strong>sed</strong></span> <span class='ocrx_word' id='word_1_522' title='bbox 3028 2713 3212 2784; x_wconf 89' lang='lat' dir='ltr'><strong>potius</strong></span> <span class='ocrx_word' id='word_1_523' title='bbox 3258 2714 3314 2769; x_wconf 89' lang='lat' dir='ltr'><strong>in</strong></span> 
     </span>
    </p>
   </div>
   <div class='ocr_carea' id='block_1_73' title="bbox 1723 2796 3312 2874">
    <p class='ocr_par' dir='ltr' id='par_1_73' title="bbox 1723 2796 3312 2874">
     <span class='ocr_line' id='line_1_73' title="bbox 1723 2796 3312 2874; baseline 0.008 -26"><span class='ocrx_word' id='word_1_524' title='bbox 1723 2803 1912 2866; x_wconf 86' lang='lat' dir='ltr'><strong>aperto</strong></span> <span class='ocrx_word' id='word_1_525' title='bbox 1951 2804 2006 2850; x_wconf 91' lang='lat' dir='ltr'><strong>et</strong></span> <span class='ocrx_word' id='word_1_526' title='bbox 2039 2796 2310 2852; x_wconf 85' lang='lat' dir='ltr'><strong>evidentia</strong></span> <span class='ocrx_word' id='word_1_527' title='bbox 2341 2796 2478 2854; x_wconf 87' lang='lat' dir='ltr'><strong>Novi</strong></span> <span class='ocrx_word' id='word_1_528' title='bbox 2509 2799 2843 2857; x_wconf 89' lang='lat' dir='ltr'><strong>Testamenti</strong></span> <span class='ocrx_word' id='word_1_529' title='bbox 2885 2813 3134 2874; x_wconf 90' lang='lat' dir='ltr'><strong>poneret.</strong></span> <span class='ocrx_word' id='word_1_530' title='bbox 3187 2803 3312 2860; x_wconf 83' lang='lat' dir='ltr'><strong>ideo</strong></span> 
     </span>
    </p>
   </div>
   <div class='ocr_carea' id='block_1_74' title="bbox 1722 2889 3310 2967">
    <p class='ocr_par' dir='ltr' id='par_1_74' title="bbox 1722 2889 3310 2967">
     <span class='ocr_line' id='line_1_74' title="bbox 1722 2889 3310 2967; baseline 0.007 -26"><span class='ocrx_word' id='word_1_531' title='bbox 1722 2889 1924 2960; x_wconf 79' lang='lat' dir='ltr'><strong>quippe</strong></span> <span class='ocrx_word' id='word_1_532' title='bbox 1951 2890 2104 2945; x_wconf 89' lang='lat' dir='ltr'><strong>misit</strong></span> <span class='ocrx_word' id='word_1_533' title='bbox 2131 2889 2276 2947; x_wconf 83' lang='lat' dir='ltr'><strong>Deus</strong></span> <span class='ocrx_word' id='word_1_534' title='bbox 2300 2891 2499 2948; x_wconf 84' lang='lat' dir='ltr'><strong>Filiqu</strong></span> <span class='ocrx_word' id='word_1_535' title='bbox 2530 2909 2696 2950; x_wconf 87' lang='lat' dir='ltr'><strong>suum</strong></span> <span class='ocrx_word' id='word_1_536' title='bbox 2723 2912 2818 2967; x_wconf 89' lang='lat' dir='ltr'><strong>per</strong></span> <span class='ocrx_word' id='word_1_537' title='bbox 2848 2896 3310 2965; x_wconf 88' lang='lat' dir='ltr'><strong>incarnationem,</strong></span> 
     </span>
    </p>
   </div>
   <div class='ocr_carea' id='block_1_75' title="bbox 1724 2980 3313 3054">
    <p class='ocr_par' dir='ltr' id='par_1_75' title="bbox 1724 2980 3313 3054">
     <span class='ocr_line' id='line_1_75' title="bbox 1724 2980 3313 3054; baseline 0.007 -19"><span class='ocrx_word' id='word_1_538' title='bbox 1724 2990 1782 3036; x_wconf 89' lang='lat' dir='ltr'><strong>ut</strong></span> <span class='ocrx_word' id='word_1_539' title='bbox 1807 2980 2086 3048; x_wconf 89' lang='lat' dir='ltr'><strong>divinitas,</strong></span> <span class='ocrx_word' id='word_1_540' title='bbox 2112 2998 2234 3052; x_wconf 66' lang='lat' dir='ltr'><strong>quae</strong></span> <span class='ocrx_word' id='word_1_541' title='bbox 2260 2982 2514 3041; x_wconf 85' lang='lat' dir='ltr'><strong>homines</strong></span> <span class='ocrx_word' id='word_1_542' title='bbox 2537 2985 2760 3054; x_wconf 81' lang='lat' dir='ltr'><strong>latebat,</strong></span> <span class='ocrx_word' id='word_1_543' title='bbox 2786 2990 2838 3043; x_wconf 88' lang='lat' dir='ltr'><strong>in</strong></span> <span class='ocrx_word' id='word_1_544' title='bbox 2867 2990 3092 3045; x_wconf 83' lang='lat' dir='ltr'><strong>lucerna</strong></span> <span class='ocrx_word' id='word_1_545' title='bbox 3118 2991 3313 3047; x_wconf 81' lang='lat' dir='ltr'><strong>huma-</strong></span> 
     </span>
    </p>
   </div>
   <div class='ocr_carea' id='block_1_76' title="bbox 1723 3074 3312 3154">
    <p class='ocr_par' dir='ltr' id='par_1_76' title="bbox 1723 3074 3312 3154">
     <span class='ocr_line' id='line_1_76' title="bbox 1723 3074 3312 3154; baseline 0.008 -25"><span class='ocrx_word' id='word_1_546' title='bbox 1723 3075 1910 3132; x_wconf 90' lang='lat' dir='ltr'><strong>nitatis</strong></span> <span class='ocrx_word' id='word_1_547' title='bbox 1939 3085 2246 3146; x_wconf 88' lang='lat' dir='ltr'><strong>appareret.</strong></span> <span class='ocrx_word' id='word_1_548' title='bbox 2293 3074 2404 3132; x_wconf 88' lang='lat' dir='ltr'><strong>Nec</strong></span> <span class='ocrx_word' id='word_1_549' title='bbox 2434 3077 2556 3134; x_wconf 90' lang='lat' dir='ltr'><strong>ideo</strong></span> <span class='ocrx_word' id='word_1_550' title='bbox 2579 3080 2830 3136; x_wconf 87' lang='lat' dir='ltr'><strong>accendit</strong></span> <span class='ocrx_word' id='word_1_551' title='bbox 2853 3091 2912 3138; x_wconf 91' lang='lat' dir='ltr'><strong>ut</strong></span> <span class='ocrx_word' id='word_1_552' title='bbox 2937 3093 3164 3154; x_wconf 86' lang='lat' dir='ltr'><strong>poneret</strong></span> <span class='ocrx_word' id='word_1_553' title='bbox 3190 3100 3312 3154; x_wconf 86' lang='lat' dir='ltr'><strong>eam</strong></span> 
     </span>
    </p>
   </div>
   <div class='ocr_carea' id='block_1_77' title="bbox 1725 3168 3314 3248">
    <p class='ocr_par' dir='ltr' id='par_1_77' title="bbox 1725 3168 3314 3248">
     <span class='ocr_line' id='line_1_77' title="bbox 1725 3168 3314 3248; baseline 0.006 -25"><span class='ocrx_word' id='word_1_554' title='bbox 1725 3168 1829 3224; x_wconf 86' lang='lat' dir='ltr'><strong>sub</strong></span> <span class='ocrx_word' id='word_1_555' title='bbox 1851 3169 2058 3234; x_wconf 86' lang='lat' dir='ltr'><strong>modio,</strong></span> <span class='ocrx_word' id='word_1_556' title='bbox 2087 3169 2139 3224; x_wconf 90' lang='lat' dir='ltr'><strong>id</strong></span> <span class='ocrx_word' id='word_1_557' title='bbox 2167 3178 2254 3224; x_wconf 87' lang='lat' dir='ltr'><strong>est</strong></span> <span class='ocrx_word' id='word_1_558' title='bbox 2276 3170 2379 3224; x_wconf 89' lang='lat' dir='ltr'><strong>sub</strong></span> <span class='ocrx_word' id='word_1_559' title='bbox 2418 3187 2674 3228; x_wconf 87' lang='lat' dir='ltr'><strong>mensura</strong></span> <span class='ocrx_word' id='word_1_560' title='bbox 2709 3174 2862 3246; x_wconf 77' lang='lat' dir='ltr'><strong>legis,</strong></span> <span class='ocrx_word' id='word_1_561' title='bbox 2889 3177 2982 3232; x_wconf 87' lang='lat' dir='ltr'><strong>sed</strong></span> <span class='ocrx_word' id='word_1_562' title='bbox 3004 3179 3188 3248; x_wconf 87' lang='lat' dir='ltr'><strong>potius</strong></span> <span class='ocrx_word' id='word_1_563' title='bbox 3219 3194 3314 3234; x_wconf 91' lang='lat' dir='ltr'><strong>su-</strong></span> 
     </span>
    </p>
   </div>
   <div class='ocr_carea' id='block_1_78' title="bbox 1723 3343 3314 3428">
    <p class='ocr_par' dir='ltr' id='par_1_78' title="bbox 1723 3343 3314 3428">
     <span class='ocr_line' id='line_1_78' title="bbox 1723 3343 3314 3428; baseline 0.007 -22"><span class='ocrx_word' id='word_1_564' title='bbox 1723 3353 1920 3408; x_wconf 72' lang='lat' dir='ltr'><strong>clcsiae.</strong></span> <span class='ocrx_word' id='word_1_565' title='bbox 1961 3343 2029 3408; x_wconf 81' lang='lat' dir='ltr'><strong>Et</strong></span> <span class='ocrx_word' id='word_1_566' title='bbox 2070 3354 2138 3408; x_wconf 86' lang='lat' dir='ltr'><strong>ad</strong></span> <span class='ocrx_word' id='word_1_567' title='bbox 2167 3353 2334 3424; x_wconf 87' lang='lat' dir='ltr'><strong>quid?</strong></span> <span class='ocrx_word' id='word_1_568' title='bbox 2377 3363 2436 3410; x_wconf 92' lang='lat' dir='ltr'><strong>ut</strong></span> <span class='ocrx_word' id='word_1_569' title='bbox 2494 3356 2588 3428; x_wconf 86' lang='lat' dir='ltr'><strong>qui</strong></span> <span class='ocrx_word' id='word_1_570' title='bbox 2627 3357 3030 3428; x_wconf 75' lang='lat' dir='ltr'><strong>ingrediuntur,</strong></span> <span class='ocrx_word' id='word_1_571' title='bbox 3077 3361 3314 3419; x_wconf 83' lang='lat' dir='ltr'><strong>subaudi</strong></span> 
     </span>
    </p>
   </div>
   <div class='ocr_carea' id='block_1_79' title="bbox 1724 3446 3312 3524">
    <p class='ocr_par' dir='ltr' id='par_1_79' title="bbox 1724 3446 3312 3524">
     <span class='ocr_line' id='line_1_79' title="bbox 1724 3446 3312 3524; baseline 0.004 -23"><span class='ocrx_word' id='word_1_572' title='bbox 1724 3446 1978 3502; x_wconf 87' lang='lat' dir='ltr'><strong>tenebras</strong></span> <span class='ocrx_word' id='word_1_573' title='bbox 1999 3447 2166 3518; x_wconf 87' lang='lat' dir='ltr'><strong>hujus</strong></span> <span class='ocrx_word' id='word_1_574' title='bbox 2194 3447 2406 3516; x_wconf 89' lang='lat' dir='ltr'><strong>mundi,</strong></span> <span class='ocrx_word' id='word_1_575' title='bbox 2434 3448 2618 3504; x_wconf 88' lang='lat' dir='ltr'><strong>lumen</strong></span> <span class='ocrx_word' id='word_1_576' title='bbox 2640 3449 2880 3519; x_wconf 87' lang='lat' dir='ltr'><strong>videant,</strong></span> <span class='ocrx_word' id='word_1_577' title='bbox 2911 3453 3057 3522; x_wconf 85' lang='lat' dir='ltr'><strong>quod</strong></span> <span class='ocrx_word' id='word_1_578' title='bbox 3077 3467 3312 3524; x_wconf 86' lang='lat' dir='ltr'><strong>sequen-</strong></span> 
     </span>
    </p>
   </div>
   <div class='ocr_carea' id='block_1_80' title="bbox 1722 3539 3309 3616">
    <p class='ocr_par' dir='ltr' id='par_1_80' title="bbox 1722 3539 3309 3616">
     <span class='ocr_line' id='line_1_80' title="bbox 1722 3539 3309 3616; baseline 0.004 -22"><span class='ocrx_word' id='word_1_579' title='bbox 1722 3548 1804 3596; x_wconf 84' lang='lat' dir='ltr'><strong>tes</strong></span> <span class='ocrx_word' id='word_1_580' title='bbox 1828 3539 2048 3595; x_wconf 89' lang='lat' dir='ltr'><strong>valeant</strong></span> <span class='ocrx_word' id='word_1_581' title='bbox 2076 3549 2279 3596; x_wconf 88' lang='lat' dir='ltr'><strong>rectam</strong></span> <span class='ocrx_word' id='word_1_582' title='bbox 2305 3541 2448 3594; x_wconf 88' lang='lat' dir='ltr'><strong>viam</strong></span> <span class='ocrx_word' id='word_1_583' title='bbox 2480 3550 2684 3608; x_wconf 83' lang='lat' dir='ltr'><strong>tenere,</strong></span> <span class='ocrx_word' id='word_1_584' title='bbox 2715 3552 2769 3598; x_wconf 91' lang='lat' dir='ltr'><strong>et</strong></span> <span class='ocrx_word' id='word_1_585' title='bbox 2794 3542 2864 3598; x_wconf 87' lang='lat' dir='ltr'><strong>ad</strong></span> <span class='ocrx_word' id='word_1_586' title='bbox 2903 3544 3180 3600; x_wconf 76' lang='lat' dir='ltr'><strong>cmlestcm</strong></span> <span class='ocrx_word' id='word_1_587' title='bbox 3210 3559 3309 3616; x_wconf 89' lang='lat' dir='ltr'><strong>pa-</strong></span> 
     </span>
    </p>
   </div>
   <div class='ocr_carea' id='block_1_81' title="bbox 1722 3629 3324 3700">
    <p class='ocr_par' dir='ltr' id='par_1_81' title="bbox 1722 3629 3324 3700">
     <span class='ocr_line' id='line_1_81' title="bbox 1722 3629 3324 3700; baseline 0.006 -18"><span class='ocrx_word' id='word_1_588' title='bbox 1722 3629 1884 3685; x_wconf 87' lang='lat' dir='ltr'><strong>triam</strong></span> <span class='ocrx_word' id='word_1_589' title='bbox 1914 3630 2218 3700; x_wconf 83' lang='lat' dir='ltr'><strong>pervenire.</strong></span> <span class='ocrx_word' id='word_1_590' title='bbox 2259 3629 2377 3685; x_wconf 88' lang='lat' dir='ltr'><strong>Non</strong></span> <span class='ocrx_word' id='word_1_591' title='bbox 2407 3631 2584 3686; x_wconf 90' lang='lat' dir='ltr'><strong>solum</strong></span> <span class='ocrx_word' id='word_1_592' title='bbox 2616 3641 2797 3688; x_wconf 88' lang='lat' dir='ltr'><strong>autem</strong></span> <span class='ocrx_word' id='word_1_593' title='bbox 2823 3632 3079 3691; x_wconf 88' lang='lat' dir='ltr'><strong>Christus</strong></span> <span class='ocrx_word' id='word_1_594' title='bbox 3107 3642 3191 3692; x_wconf 88' lang='lat' dir='ltr'><strong>est</strong></span> <span class='ocrx_word' id='word_1_595' title='bbox 3219 3635 3324 3692; x_wconf 63' lang='grc' dir='ltr'><strong>ιιι-τη</strong></span> 
     </span>
    </p>
   </div>
   <div class='ocr_carea' id='block_1_82' title="bbox 1720 3723 3314 3794">
    <p class='ocr_par' dir='ltr' id='par_1_82' title="bbox 1720 3723 3314 3794">
     <span class='ocr_line' id='line_1_82' title="bbox 1720 3723 3314 3794; baseline 0.004 -16"><span class='ocrx_word' id='word_1_596' title='bbox 1720 3739 1906 3789; x_wconf 87' lang='lat' dir='ltr'><strong>cerua,</strong></span> <span class='ocrx_word' id='word_1_597' title='bbox 1943 3723 2037 3778; x_wconf 89' lang='lat' dir='ltr'><strong>sed</strong></span> <span class='ocrx_word' id='word_1_598' title='bbox 2075 3723 2222 3794; x_wconf 87' lang='lat' dir='ltr'><strong>quod</strong></span> <span class='ocrx_word' id='word_1_599' title='bbox 2253 3724 2374 3794; x_wconf 90' lang='lat' dir='ltr'><strong>plus</strong></span> <span class='ocrx_word' id='word_1_600' title='bbox 2413 3733 2499 3780; x_wconf 90' lang='lat' dir='ltr'><strong>est</strong></span> <span class='ocrx_word' id='word_1_601' title='bbox 2531 3725 2724 3781; x_wconf 90' lang='lat' dir='ltr'><strong>oculus</strong></span> <span class='ocrx_word' id='word_1_602' title='bbox 2755 3723 3034 3783; x_wconf 61' lang='lat' dir='ltr'><strong>Ecclesia.</strong></span> <span class='ocrx_word' id='word_1_603' title='bbox 3063 3723 3220 3784; x_wconf 87' lang='lat' dir='ltr'><strong>Unde</strong></span> <span class='ocrx_word' id='word_1_604' title='bbox 3256 3739 3314 3784; x_wconf 90' lang='lat' dir='ltr'><strong>et</strong></span> 
     </span>
    </p>
   </div>
   <div class='ocr_carea' id='block_1_83' title="bbox 1719 3812 3346 3884">
    <p class='ocr_par' dir='ltr' id='par_1_83' title="bbox 1719 3812 3346 3884">
     <span class='ocr_line' id='line_1_83' title="bbox 1719 3812 3346 3884; baseline 0.002 -15"><span class='ocrx_word' id='word_1_605' title='bbox 1719 3814 1941 3869; x_wconf 86' lang='lat' dir='ltr'><strong>subdit:</strong></span> <span class='ocrx_word' id='word_1_606' title='bbox 1975 3812 2212 3868; x_wconf 82' lang='lat' dir='ltr'><strong>Lucerna</strong></span> <span class='ocrx_word' id='word_1_607' title='bbox 2240 3815 2476 3884; x_wconf 80' lang='lat' dir='ltr'><strong>corporis</strong></span> <span class='ocrx_word' id='word_1_608' title='bbox 2501 3816 2578 3870; x_wconf 83' lang='lat' dir='ltr'><strong>tui</strong></span> <span class='ocrx_word' id='word_1_609' title='bbox 2621 3824 2699 3870; x_wconf 78' lang='lat' dir='ltr'><strong>est</strong></span> <span class='ocrx_word' id='word_1_610' title='bbox 2728 3816 2910 3872; x_wconf 78' lang='lat' dir='ltr'><strong>oculus</strong></span> <span class='ocrx_word' id='word_1_611' title='bbox 2938 3827 3081 3874; x_wconf 76' lang='lat' dir='ltr'><strong>tuus.</strong></span> <span class='ocrx_word' id='word_1_612' title='bbox 3105 3816 3346 3878; x_wconf 79' lang='lat' dir='ltr'><strong>Oculus.</strong></span> 
     </span>
    </p>
   </div>
   <div class='ocr_carea' id='block_1_84' title="bbox 1718 3906 3310 3980">
    <p class='ocr_par' dir='ltr' id='par_1_84' title="bbox 1718 3906 3310 3980">
     <span class='ocr_line' id='line_1_84' title="bbox 1718 3906 3310 3980; baseline 0.004 -18"><span class='ocrx_word' id='word_1_613' title='bbox 1718 3906 1920 3978; x_wconf 86' lang='lat' dir='ltr'><strong>quippe</strong></span> <span class='ocrx_word' id='word_1_614' title='bbox 1954 3922 2066 3964; x_wconf 90' lang='lat' dir='ltr'><strong>non</strong></span> <span class='ocrx_word' id='word_1_615' title='bbox 2113 3907 2291 3964; x_wconf 87' lang='lat' dir='ltr'><strong>solum</strong></span> <span class='ocrx_word' id='word_1_616' title='bbox 2335 3917 2422 3963; x_wconf 89' lang='lat' dir='ltr'><strong>est</strong></span> <span class='ocrx_word' id='word_1_617' title='bbox 2466 3908 2648 3964; x_wconf 84' lang='lat' dir='ltr'><strong>lumen</strong></span> <span class='ocrx_word' id='word_1_618' title='bbox 2702 3909 2970 3980; x_wconf 89' lang='lat' dir='ltr'><strong>corporis,</strong></span> <span class='ocrx_word' id='word_1_619' title='bbox 3003 3911 3098 3966; x_wconf 89' lang='lat' dir='ltr'><strong>sed</strong></span> <span class='ocrx_word' id='word_1_620' title='bbox 3141 3913 3310 3968; x_wconf 88' lang='lat' dir='ltr'><strong>etiam</strong></span> 
     </span>
    </p>
   </div>
   <div class='ocr_carea' id='block_1_85' title="bbox 1719 3997 3310 4074">
    <p class='ocr_par' dir='ltr' id='par_1_85' title="bbox 1719 3997 3310 4074">
     <span class='ocr_line' id='line_1_85' title="bbox 1719 3997 3310 4074; baseline 0.005 -23"><span class='ocrx_word' id='word_1_621' title='bbox 1719 3997 2028 4068; x_wconf 86' lang='lat' dir='ltr'><strong>speculator</strong></span> <span class='ocrx_word' id='word_1_622' title='bbox 2056 4005 2110 4053; x_wconf 88' lang='lat' dir='ltr'><strong>et</strong></span> <span class='ocrx_word' id='word_1_623' title='bbox 2139 4007 2348 4064; x_wconf 87' lang='lat' dir='ltr'><strong>custos,</strong></span> <span class='ocrx_word' id='word_1_624' title='bbox 2377 4006 2431 4052; x_wconf 92' lang='lat' dir='ltr'><strong>et</strong></span> <span class='ocrx_word' id='word_1_625' title='bbox 2470 3997 2536 4053; x_wconf 92' lang='lat' dir='ltr'><strong>de</strong></span> <span class='ocrx_word' id='word_1_626' title='bbox 2565 3998 2876 4071; x_wconf 74' lang='lat' dir='ltr'><strong>integritate</strong></span> <span class='ocrx_word' id='word_1_627' title='bbox 2908 4000 3082 4072; x_wconf 89' lang='lat' dir='ltr'><strong>ipsius</strong></span> <span class='ocrx_word' id='word_1_628' title='bbox 3112 4018 3310 4074; x_wconf 82' lang='lat' dir='ltr'><strong>corpo-</strong></span> 
     </span>
    </p>
   </div>
   <div class='ocr_carea' id='block_1_86' title="bbox 1718 4087 3310 4167">
    <p class='ocr_par' dir='ltr' id='par_1_86' title="bbox 1718 4087 3310 4167">
     <span class='ocr_line' id='line_1_86' title="bbox 1718 4087 3310 4167; baseline 0.006 -25"><span class='ocrx_word' id='word_1_629' title='bbox 1718 4089 1798 4150; x_wconf 88' lang='lat' dir='ltr'><strong>ris</strong></span> <span class='ocrx_word' id='word_1_630' title='bbox 1833 4097 1938 4146; x_wconf 90' lang='lat' dir='ltr'><strong>est.</strong></span> <span class='ocrx_word' id='word_1_631' title='bbox 1992 4087 2082 4145; x_wconf 92' lang='lat' dir='ltr'><strong>Sic</strong></span> <span class='ocrx_word' id='word_1_632' title='bbox 2119 4098 2176 4145; x_wconf 89' lang='lat' dir='ltr'><strong>et</strong></span> <span class='ocrx_word' id='word_1_633' title='bbox 2199 4087 2454 4146; x_wconf 88' lang='lat' dir='ltr'><strong>Christus</strong></span> <span class='ocrx_word' id='word_1_634' title='bbox 2480 4090 2664 4146; x_wconf 89' lang='lat' dir='ltr'><strong>lumen</strong></span> <span class='ocrx_word' id='word_1_635' title='bbox 2695 4090 2952 4148; x_wconf 66' lang='lat' dir='ltr'><strong>Ecclesiae</strong></span> <span class='ocrx_word' id='word_1_636' title='bbox 2976 4103 3031 4150; x_wconf 91' lang='lat' dir='ltr'><strong>et</strong></span> <span class='ocrx_word' id='word_1_637' title='bbox 3058 4097 3310 4167; x_wconf 89' lang='lat' dir='ltr'><strong>specula-</strong></span> 
     </span>
    </p>
   </div>
   <div class='ocr_carea' id='block_1_87' title="bbox 1720 4180 3309 4260">
    <p class='ocr_par' dir='ltr' id='par_1_87' title="bbox 1720 4180 3309 4260">
     <span class='ocr_line' id='line_1_87' title="bbox 1720 4180 3309 4260; baseline 0.004 -23"><span class='ocrx_word' id='word_1_638' title='bbox 1720 4190 1804 4242; x_wconf 90' lang='lat' dir='ltr'><strong>tor</strong></span> <span class='ocrx_word' id='word_1_639' title='bbox 1837 4181 2012 4254; x_wconf 90' lang='lat' dir='ltr'><strong>ipsius</strong></span> <span class='ocrx_word' id='word_1_640' title='bbox 2060 4180 2320 4238; x_wconf 70' lang='lat' dir='ltr'><strong>Eeclesia:</strong></span> <span class='ocrx_word' id='word_1_641' title='bbox 2361 4192 2465 4250; x_wconf 89' lang='lat' dir='ltr'><strong>est,</strong></span> <span class='ocrx_word' id='word_1_642' title='bbox 2496 4182 2654 4254; x_wconf 82' lang='lat' dir='ltr'><strong>juxta</strong></span> <span class='ocrx_word' id='word_1_643' title='bbox 2700 4182 2876 4260; x_wconf 83' lang='lat' dir='ltr'><strong>illud:</strong></span> <span class='ocrx_word' id='word_1_644' title='bbox 2933 4204 2953 4239; x_wconf 72' lang='grc' dir='ltr'>ι</span> <span class='ocrx_word' id='word_1_645' title='bbox 2988 4185 3309 4259; x_wconf 84' lang='lat' dir='ltr'><strong>Speculator</strong></span> 
     </span>
    </p>
   </div>
   <div class='ocr_carea' id='block_1_88' title="bbox 1717 4266 3305 4352">
    <p class='ocr_par' dir='ltr' id='par_1_88' title="bbox 1717 4266 3305 4352">
     <span class='ocr_line' id='line_1_88' title="bbox 1717 4266 3305 4352; baseline 0.003 -20"><span class='ocrx_word' id='word_1_646' title='bbox 1717 4285 1862 4336; x_wconf 87' lang='lat' dir='ltr'><strong>astat</strong></span> <span class='ocrx_word' id='word_1_647' title='bbox 1889 4277 2123 4348; x_wconf 90' lang='lat' dir='ltr'><strong>desuper</strong></span> <span class='ocrx_word' id='word_1_648' title='bbox 2143 4275 2195 4348; x_wconf 86' lang='grc'><strong>(1</strong></span> <span class='ocrx_word' id='word_1_649' title='bbox 2212 4271 2254 4331; x_wconf 77' lang='grc' dir='ltr'><strong><em>γ</em></strong></span> <span class='ocrx_word' id='word_1_650' title='bbox 2278 4276 2402 4350; x_wconf 85' lang='lat' dir='ltr'><strong>Reg.</strong></span> <span class='ocrx_word' id='word_1_651' title='bbox 2440 4278 2539 4347; x_wconf 77' lang='lat' dir='ltr'><strong>rx),</strong></span> <span class='ocrx_word' id='word_1_652' title='bbox 2568 4297 2586 4330; x_wconf 84' lang='grc'><strong>›</strong></span> <span class='ocrx_word' id='word_1_653' title='bbox 2608 4266 2616 4274; x_wconf 79' lang='grc'><strong>’</strong></span> <span class='ocrx_word' id='word_1_654' title='bbox 2636 4279 2861 4352; x_wconf 82' lang='lat' dir='ltr'><strong>quinos</strong></span> <span class='ocrx_word' id='word_1_655' title='bbox 2897 4281 3156 4337; x_wconf 88' lang='lat' dir='ltr'><strong>omnibus</strong></span> <span class='ocrx_word' id='word_1_656' title='bbox 3186 4281 3305 4338; x_wconf 86' lang='lat' dir='ltr'><strong>die-</strong></span> 
     </span>
    </p>
   </div>
   <div class='ocr_carea' id='block_1_89' title="bbox 1715 4370 3312 4446">
    <p class='ocr_par' dir='ltr' id='par_1_89' title="bbox 1715 4370 3312 4446">
     <span class='ocr_line' id='line_1_89' title="bbox 1715 4370 3312 4446; baseline 0.003 -21"><span class='ocrx_word' id='word_1_657' title='bbox 1715 4370 1821 4426; x_wconf 87' lang='lat' dir='ltr'><strong>bus</strong></span> <span class='ocrx_word' id='word_1_658' title='bbox 1850 4379 2114 4441; x_wconf 90' lang='lat' dir='ltr'><strong>actusque</strong></span> <span class='ocrx_word' id='word_1_659' title='bbox 2134 4381 2352 4426; x_wconf 91' lang='lat' dir='ltr'><strong>nostros</strong></span> <span class='ocrx_word' id='word_1_660' title='bbox 2372 4371 2658 4444; x_wconf 82' lang='lat' dir='ltr'><strong>prOSpicit.</strong></span> <span class='ocrx_word' id='word_1_661' title='bbox 2682 4370 2884 4430; x_wconf 87' lang='lat' dir='ltr'><strong>Custos</strong></span> <span class='ocrx_word' id='word_1_662' title='bbox 2910 4374 3111 4446; x_wconf 89' lang='lat' dir='ltr'><strong>quippe</strong></span> <span class='ocrx_word' id='word_1_663' title='bbox 3133 4374 3312 4446; x_wconf 85' lang='lat' dir='ltr'><strong>ipsius</strong></span> 
     </span>
    </p>
   </div>
   <div class='ocr_carea' id='block_1_90' title="bbox 1717 4461 3304 4535">
    <p class='ocr_par' dir='ltr' id='par_1_90' title="bbox 1717 4461 3304 4535">
     <span class='ocr_line' id='line_1_90' title="bbox 1717 4461 3304 4535; baseline 0.002 -20"><span class='ocrx_word' id='word_1_664' title='bbox 1717 4461 1974 4520; x_wconf 72' lang='lat' dir='ltr'><strong>Ecclesia:</strong></span> <span class='ocrx_word' id='word_1_665' title='bbox 1993 4471 2098 4530; x_wconf 87' lang='lat' dir='ltr'><strong>est,</strong></span> <span class='ocrx_word' id='word_1_666' title='bbox 2124 4463 2386 4533; x_wconf 87' lang='lat' dir='ltr'><strong>quoniam</strong></span> <span class='ocrx_word' id='word_1_667' title='bbox 2417 4482 2435 4514; x_wconf 71' lang='grc' dir='ltr'>ί</span> <span class='ocrx_word' id='word_1_668' title='bbox 2469 4479 2577 4518; x_wconf 89' lang='lat' dir='ltr'><strong>non</strong></span> <span class='ocrx_word' id='word_1_669' title='bbox 2607 4463 2926 4520; x_wconf 84' lang='lat' dir='ltr'><strong>dormitahit</strong></span> <span class='ocrx_word' id='word_1_670' title='bbox 2962 4481 3138 4535; x_wconf 89' lang='lat' dir='ltr'><strong>neque</strong></span> <span class='ocrx_word' id='word_1_671' title='bbox 3173 4467 3304 4532; x_wconf 80' lang='lat' dir='ltr'><strong>dor-</strong></span> 
     </span>
    </p>
   </div>
   <div class='ocr_carea' id='block_1_91' title="bbox 21 4552 3309 4636">
    <p class='ocr_par' dir='ltr' id='par_1_91' title="bbox 21 4552 3309 4636">
     <span class='ocr_line' id='line_1_91' title="bbox 21 4552 3309 4636; baseline -0.001 -22"><span class='ocrx_word' id='word_1_672' title='bbox 21 4578 76 4614; x_wconf 71' lang='grc' dir='ltr'>η</span> <span class='ocrx_word' id='word_1_673' title='bbox 95 4559 236 4615; x_wconf 68' lang='lat' dir='ltr'><strong>illos</strong></span> <span class='ocrx_word' id='word_1_674' title='bbox 265 4568 323 4615; x_wconf 82' lang='lat' dir='ltr'><strong>ct</strong></span> <span class='ocrx_word' id='word_1_675' title='bbox 363 4560 702 4616; x_wconf 80' lang='lat' dir='ltr'><strong>delractores</strong></span> <span class='ocrx_word' id='word_1_676' title='bbox 740 4568 961 4616; x_wconf 81' lang='lat' dir='ltr'><strong>nostros</strong></span> <span class='ocrx_word' id='word_1_677' title='bbox 1000 4561 1268 4631; x_wconf 75' lang='lat' dir='ltr'><strong>patienter</strong></span> <span class='ocrx_word' id='word_1_678' title='bbox 1317 4560 1609 4628; x_wconf 73' lang='lat' dir='ltr'><strong>sustinere,</strong></span> <span class='ocrx_word' id='word_1_679' title='bbox 1643 4579 1690 4636; x_wconf 70' lang='grc' dir='ltr'><strong><em>υ</em></strong></span> <span class='ocrx_word' id='word_1_680' title='bbox 1713 4555 1850 4610; x_wconf 89' lang='lat' dir='ltr'><strong>mict</strong></span> <span class='ocrx_word' id='word_1_681' title='bbox 1876 4555 1970 4625; x_wconf 89' lang='lat' dir='ltr'><strong>qui</strong></span> <span class='ocrx_word' id='word_1_682' title='bbox 1992 4553 2229 4610; x_wconf 83' lang='lat' dir='ltr'><strong>custodit</strong></span> <span class='ocrx_word' id='word_1_683' title='bbox 2259 4552 2427 4610; x_wconf 88' lang='lat' dir='ltr'><strong>Israel</strong></span> <span class='ocrx_word' id='word_1_684' title='bbox 2459 4552 2632 4625; x_wconf 81' lang='lat' dir='ltr'><strong>(Psal.</strong></span> <span class='ocrx_word' id='word_1_685' title='bbox 2663 4557 2814 4628; x_wconf 72' lang='lat' dir='ltr'><strong>cxx).</strong></span> <span class='ocrx_word' id='word_1_686' title='bbox 2847 4574 2868 4607; x_wconf 73' lang='grc' dir='ltr'><strong><em>ι</em></strong></span> <span class='ocrx_word' id='word_1_687' title='bbox 2899 4554 2973 4609; x_wconf 88' lang='lat' dir='ltr'><strong>De</strong></span> <span class='ocrx_word' id='word_1_688' title='bbox 2995 4555 3309 4626; x_wconf 63' lang='lat' dir='ltr'><strong>ittwgtitatc</strong></span> 
     </span>
    </p>
   </div>
   <div class='ocr_carea' id='block_1_92' title="bbox 19 4650 1612 4708">
    <p class='ocr_par' dir='ltr' id='par_1_92' title="bbox 19 4650 1612 4708">
     <span class='ocr_line' id='line_1_92' title="bbox 19 4650 1612 4708; baseline 0 -2"><span class='ocrx_word' id='word_1_689' title='bbox 19 4651 279 4706; x_wconf 84' lang='lat' dir='ltr'><strong>uouiam</strong></span> <span class='ocrx_word' id='word_1_690' title='bbox 325 4650 468 4707; x_wconf 89' lang='lat' dir='ltr'><strong>Deus</strong></span> <span class='ocrx_word' id='word_1_691' title='bbox 495 4667 688 4708; x_wconf 87' lang='lat' dir='ltr'><strong>eorum</strong></span> <span class='ocrx_word' id='word_1_692' title='bbox 717 4650 1008 4708; x_wconf 87' lang='lat' dir='ltr'><strong>falsitatem</strong></span> <span class='ocrx_word' id='word_1_693' title='bbox 1039 4659 1093 4707; x_wconf 89' lang='lat' dir='ltr'><strong>et</strong></span> <span class='ocrx_word' id='word_1_694' title='bbox 1135 4660 1382 4706; x_wconf 88' lang='lat' dir='ltr'><strong>nostram</strong></span> <span class='ocrx_word' id='word_1_695' title='bbox 1412 4651 1612 4707; x_wconf 88' lang='lat' dir='ltr'><strong>verita-</strong></span> 
     </span>
    </p>
   </div>
   <div class='ocr_carea' id='block_1_93' title="bbox 16 4739 1607 4812">
    <p class='ocr_par' dir='ltr' id='par_1_93' title="bbox 16 4739 1607 4812">
     <span class='ocr_line' id='line_1_93' title="bbox 16 4739 1607 4812; baseline -0.001 -15"><span class='ocrx_word' id='word_1_696' title='bbox 16 4756 109 4797; x_wconf 70' lang='lat' dir='ltr'><strong>:m</strong></span> <span class='ocrx_word' id='word_1_697' title='bbox 175 4740 507 4796; x_wconf 83' lang='lat' dir='ltr'><strong>declarabit.</strong></span> <span class='ocrx_word' id='word_1_698' title='bbox 562 4760 581 4794; x_wconf 80' lang='grc' dir='ltr'>ι</span> <span class='ocrx_word' id='word_1_699' title='bbox 611 4739 760 4795; x_wconf 88' lang='lat' dir='ltr'><strong>Nihil</strong></span> <span class='ocrx_word' id='word_1_700' title='bbox 807 4739 956 4796; x_wconf 89' lang='lat' dir='ltr'><strong>enim</strong></span> <span class='ocrx_word' id='word_1_701' title='bbox 1001 4749 1254 4811; x_wconf 89' lang='lat' dir='ltr'><strong>opertum</strong></span> <span class='ocrx_word' id='word_1_702' title='bbox 1304 4741 1452 4812; x_wconf 87' lang='lat' dir='ltr'><strong>quod</strong></span> <span class='ocrx_word' id='word_1_703' title='bbox 1499 4757 1607 4796; x_wconf 90' lang='lat' dir='ltr'><strong>non</strong></span> 
     </span>
    </p>
   </div>
   <div class='ocr_carea' id='block_1_94' title="bbox 16 4831 1604 4906">
    <p class='ocr_par' dir='ltr' id='par_1_94' title="bbox 16 4831 1604 4906">
     <span class='ocr_line' id='line_1_94' title="bbox 16 4831 1604 4906; baseline -0.002 -15"><span class='ocrx_word' id='word_1_704' title='bbox 16 4833 290 4891; x_wconf 74' lang='lat' dir='ltr'><strong>:veletur</strong></span> <span class='ocrx_word' id='word_1_705' title='bbox 313 4831 532 4904; x_wconf 74' lang='lat' dir='ltr'><strong>(Matth.</strong></span> <span class='ocrx_word' id='word_1_706' title='bbox 564 4833 640 4906; x_wconf 79' lang='grc' dir='ltr'><strong>ι).</strong></span> <span class='ocrx_word' id='word_1_707' title='bbox 673 4853 691 4886; x_wconf 71' lang='grc' dir='ltr'><strong><em>ι</em></strong></span> <span class='ocrx_word' id='word_1_708' title='bbox 727 4833 955 4888; x_wconf 77' lang='lat' dir='ltr'><strong>Sextum</strong></span> <span class='ocrx_word' id='word_1_709' title='bbox 984 4833 1257 4889; x_wconf 88' lang='lat' dir='ltr'><strong>decimum</strong></span> <span class='ocrx_word' id='word_1_710' title='bbox 1281 4833 1604 4890; x_wconf 77' lang='lat' dir='ltr'><strong>beneficium</strong></span> 
     </span>
    </p>
   </div>
   <div class='ocr_carea' id='block_1_95' title="bbox 15 4923 1609 4998">
    <p class='ocr_par' dir='ltr' id='par_1_95' title="bbox 15 4923 1609 4998">
     <span class='ocr_line' id='line_1_95' title="bbox 15 4923 1609 4998; baseline -0.003 -14"><span class='ocrx_word' id='word_1_711' title='bbox 15 4937 98 4996; x_wconf 80' lang='lat' dir='ltr'><strong>st,</strong></span> <span class='ocrx_word' id='word_1_712' title='bbox 139 4926 303 4997; x_wconf 89' lang='lat' dir='ltr'><strong>quod</strong></span> <span class='ocrx_word' id='word_1_713' title='bbox 341 4923 622 4993; x_wconf 89' lang='lat' dir='ltr'><strong>Dominus,</strong></span> <span class='ocrx_word' id='word_1_714' title='bbox 665 4937 778 4982; x_wconf 88' lang='lat' dir='ltr'><strong>tam</strong></span> <span class='ocrx_word' id='word_1_715' title='bbox 818 4923 1022 4998; x_wconf 87' lang='lat' dir='ltr'><strong>Ioseph</strong></span> <span class='ocrx_word' id='word_1_716' title='bbox 1070 4941 1236 4997; x_wconf 90' lang='lat' dir='ltr'><strong>quam</strong></span> <span class='ocrx_word' id='word_1_717' title='bbox 1267 4925 1374 4982; x_wconf 88' lang='lat' dir='ltr'><strong>isto</strong></span> <span class='ocrx_word' id='word_1_718' title='bbox 1417 4935 1609 4982; x_wconf 90' lang='lat' dir='ltr'><strong>sancto</strong></span> 
     </span>
    </p>
   </div>
   <div class='ocr_carea' id='block_1_96' title="bbox 16 5019 1608 5084">
    <p class='ocr_par' dir='ltr' id='par_1_96' title="bbox 16 5019 1608 5084">
     <span class='ocr_line' id='line_1_96' title="bbox 16 5019 1608 5084; baseline -0.001 -9"><span class='ocrx_word' id='word_1_719' title='bbox 16 5019 344 5084; x_wconf 79' lang='lat' dir='ltr'><strong>)nfcssori,</strong></span> <span class='ocrx_word' id='word_1_720' title='bbox 369 5029 648 5075; x_wconf 50' lang='lat' dir='ltr'><strong>aeternam</strong></span> <span class='ocrx_word' id='word_1_721' title='bbox 685 5019 834 5075; x_wconf 89' lang='lat' dir='ltr'><strong>dedit</strong></span> <span class='ocrx_word' id='word_1_722' title='bbox 875 5019 1184 5076; x_wconf 87' lang='lat' dir='ltr'><strong>claritatem</strong></span> <span class='ocrx_word' id='word_1_723' title='bbox 1216 5019 1370 5075; x_wconf 77' lang='lat' dir='ltr'><strong>mira:</strong></span> <span class='ocrx_word' id='word_1_724' title='bbox 1407 5019 1608 5076; x_wconf 87' lang='lat' dir='ltr'><strong>sancti-</strong></span> 
     </span>
    </p>
   </div>
   <div class='ocr_carea' id='block_1_97' title="bbox 15 5111 1608 5183">
    <p class='ocr_par' dir='ltr' id='par_1_97' title="bbox 15 5111 1608 5183">
     <span class='ocr_line' id='line_1_97' title="bbox 15 5111 1608 5183; baseline -0.002 -14"><span class='ocrx_word' id='word_1_725' title='bbox 15 5112 151 5179; x_wconf 76' lang='lat' dir='ltr'><strong>ltis,</strong></span> <span class='ocrx_word' id='word_1_726' title='bbox 189 5112 504 5168; x_wconf 86' lang='lat' dir='ltr'><strong>claritatem</strong></span> <span class='ocrx_word' id='word_1_727' title='bbox 545 5113 696 5168; x_wconf 68' lang='lat' dir='ltr'><strong>mirae</strong></span> <span class='ocrx_word' id='word_1_728' title='bbox 727 5111 1026 5183; x_wconf 89' lang='lat' dir='ltr'><strong>opinionis,</strong></span> <span class='ocrx_word' id='word_1_729' title='bbox 1059 5111 1364 5166; x_wconf 87' lang='lat' dir='ltr'><strong>claritatem</strong></span> <span class='ocrx_word' id='word_1_730' title='bbox 1391 5120 1608 5166; x_wconf 70' lang='lat' dir='ltr'><strong>aeternae</strong></span> 
     </span>
    </p>
   </div>
   <div class='ocr_carea' id='block_1_98' title="bbox 16 5201 1607 5275">
    <p class='ocr_par' dir='ltr' id='par_1_98' title="bbox 16 5201 1607 5275">
     <span class='ocr_line' id='line_1_98' title="bbox 16 5201 1607 5275; baseline -0.004 -12"><span class='ocrx_word' id='word_1_731' title='bbox 16 5205 392 5272; x_wconf 80' lang='lat' dir='ltr'><strong>eatitudinis,</strong></span> <span class='ocrx_word' id='word_1_732' title='bbox 422 5205 723 5262; x_wconf 85' lang='lat' dir='ltr'><strong>claritatem</strong></span> <span class='ocrx_word' id='word_1_733' title='bbox 755 5205 810 5259; x_wconf 91' lang='lat' dir='ltr'><strong>iu</strong></span> <span class='ocrx_word' id='word_1_734' title='bbox 845 5204 1052 5272; x_wconf 90' lang='lat' dir='ltr'><strong>animo,</strong></span> <span class='ocrx_word' id='word_1_735' title='bbox 1086 5201 1392 5260; x_wconf 88' lang='lat' dir='ltr'><strong>claritatem</strong></span> <span class='ocrx_word' id='word_1_736' title='bbox 1425 5203 1478 5257; x_wconf 92' lang='lat' dir='ltr'><strong>iu</strong></span> <span class='ocrx_word' id='word_1_737' title='bbox 1509 5218 1607 5275; x_wconf 83' lang='lat' dir='ltr'><strong>po-</strong></span> 
     </span>
    </p>
   </div>
   <div class='ocr_carea' id='block_1_99' title="bbox 15 5293 1607 5369">
    <p class='ocr_par' dir='ltr' id='par_1_99' title="bbox 15 5293 1607 5369">
     <span class='ocr_line' id='line_1_99' title="bbox 15 5293 1607 5369; baseline -0.003 -15"><span class='ocrx_word' id='word_1_738' title='bbox 15 5299 155 5365; x_wconf 88' lang='lat' dir='ltr'><strong>ulo,</strong></span> <span class='ocrx_word' id='word_1_739' title='bbox 197 5297 506 5352; x_wconf 88' lang='lat' dir='ltr'><strong>claritatem</strong></span> <span class='ocrx_word' id='word_1_740' title='bbox 539 5297 593 5351; x_wconf 92' lang='lat' dir='ltr'><strong>in</strong></span> <span class='ocrx_word' id='word_1_741' title='bbox 621 5296 806 5369; x_wconf 57' lang='lat' dir='ltr'><strong>,‘cmlo,</strong></span> <span class='ocrx_word' id='word_1_742' title='bbox 850 5295 944 5351; x_wconf 90' lang='lat' dir='ltr'><strong>ubi</strong></span> <span class='ocrx_word' id='word_1_743' title='bbox 991 5297 1169 5352; x_wconf 90' lang='lat' dir='ltr'><strong>sancti</strong></span> <span class='ocrx_word' id='word_1_744' title='bbox 1227 5293 1436 5366; x_wconf 78' lang='lat' dir='ltr'><strong>fulgent</strong></span> <span class='ocrx_word' id='word_1_745' title='bbox 1465 5295 1607 5350; x_wconf 88' lang='lat' dir='ltr'><strong>sicut</strong></span> 
     </span>
    </p>
   </div>
   <div class='ocr_carea' id='block_1_100' title="bbox 17 5389 1606 5464">
    <p class='ocr_par' dir='ltr' id='par_1_100' title="bbox 17 5389 1606 5464">
     <span class='ocr_line' id='line_1_100' title="bbox 17 5389 1606 5464; baseline -0.004 -16"><span class='ocrx_word' id='word_1_746' title='bbox 17 5394 62 5448; x_wconf 75' lang='grc' dir='ltr'><strong>ιι</strong></span> <span class='ocrx_word' id='word_1_747' title='bbox 101 5390 351 5464; x_wconf 71' lang='lat' dir='ltr'><strong>(Matth.</strong></span> <span class='ocrx_word' id='word_1_748' title='bbox 379 5393 520 5462; x_wconf 69' lang='lat' dir='ltr'><strong>stu).</strong></span> <span class='ocrx_word' id='word_1_749' title='bbox 544 5389 720 5458; x_wconf 85' lang='lat' dir='ltr'><strong>Quam</strong></span> <span class='ocrx_word' id='word_1_750' title='bbox 762 5391 1068 5446; x_wconf 88' lang='lat' dir='ltr'><strong>claritatem</strong></span> <span class='ocrx_word' id='word_1_751' title='bbox 1101 5390 1312 5445; x_wconf 89' lang='lat' dir='ltr'><strong>meritis</strong></span> <span class='ocrx_word' id='word_1_752' title='bbox 1337 5398 1392 5444; x_wconf 91' lang='lat' dir='ltr'><strong>et</strong></span> <span class='ocrx_word' id='word_1_753' title='bbox 1436 5390 1606 5443; x_wconf 89' lang='lat' dir='ltr'><strong>inter—</strong></span> 
     </span>
    </p>
   </div>
   <div class='ocr_carea' id='block_1_101' title="bbox 16 5480 1602 5554">
    <p class='ocr_par' dir='ltr' id='par_1_101' title="bbox 16 5480 1602 5554">
     <span class='ocr_line' id='line_1_101' title="bbox 16 5480 1602 5554; baseline -0.003 -14"><span class='ocrx_word' id='word_1_754' title='bbox 16 5483 357 5540; x_wconf 65' lang='lat' dir='ltr'><strong>rssionihus</strong></span> <span class='ocrx_word' id='word_1_755' title='bbox 391 5483 555 5554; x_wconf 89' lang='lat' dir='ltr'><strong>hujus</strong></span> <span class='ocrx_word' id='word_1_756' title='bbox 581 5483 758 5539; x_wconf 89' lang='lat' dir='ltr'><strong>sancti</strong></span> <span class='ocrx_word' id='word_1_757' title='bbox 793 5480 1130 5538; x_wconf 89' lang='lat' dir='ltr'><strong>confessoris</strong></span> <span class='ocrx_word' id='word_1_758' title='bbox 1153 5482 1416 5553; x_wconf 81' lang='lat' dir='ltr'><strong>largiatur</strong></span> <span class='ocrx_word' id='word_1_759' title='bbox 1443 5481 1602 5536; x_wconf 88' lang='lat' dir='ltr'><strong>nobis</strong></span> 
     </span>
    </p>
   </div>
   <div class='ocr_carea' id='block_1_102' title="bbox 21 5573 1316 5651">
    <p class='ocr_par' dir='ltr' id='par_1_102' title="bbox 21 5573 1316 5651">
     <span class='ocr_line' id='line_1_102' title="bbox 21 5573 1316 5651; baseline -0.006 -15"><span class='ocrx_word' id='word_1_760' title='bbox 21 5581 365 5651; x_wconf 86' lang='lat' dir='ltr'><strong>uuipotens</strong></span> <span class='ocrx_word' id='word_1_761' title='bbox 386 5586 439 5634; x_wconf 93' lang='lat' dir='ltr'><strong>et</strong></span> <span class='ocrx_word' id='word_1_762' title='bbox 461 5577 775 5634; x_wconf 87' lang='lat' dir='ltr'><strong>misericors</strong></span> <span class='ocrx_word' id='word_1_763' title='bbox 801 5573 1086 5631; x_wconf 84' lang='lat' dir='ltr'><strong>Dominus.</strong></span> <span class='ocrx_word' id='word_1_764' title='bbox 1124 5575 1316 5628; x_wconf 86' lang='lat' dir='ltr'><strong>Amen.</strong></span> 
     </span>
    </p>
   </div>
   <div class='ocr_carea' id='block_1_103' title="bbox 710 5656 991 5724">
    <p class='ocr_par' dir='ltr' id='par_1_103' title="bbox 710 5656 991 5724">
     <span class='ocr_line' id='line_1_103' title="bbox 710 5656 991 5724; baseline -0.004 0"><span class='ocrx_word' id='word_1_765' title='bbox 710 5668 905 5724; x_wconf 71' lang='lat' dir='ltr'><strong>XXIX.</strong></span> <span class='ocrx_word' id='word_1_766' title='bbox 989 5656 991 5658; x_wconf 40' lang='grc'><em>’</em></span> 
     </span>
    </p>
   </div>
   <div class='ocr_carea' id='block_1_104' title="bbox 309 5775 1297 5820">
    <p class='ocr_par' dir='ltr' id='par_1_104' title="bbox 309 5775 1297 5820">
     <span class='ocr_line' id='line_1_104' title="bbox 309 5775 1297 5820; baseline -0.006 -1"><span class='ocrx_word' id='word_1_767' title='bbox 309 5779 440 5820; x_wconf 81' lang='grc' dir='ltr'><strong>ιτειι</strong></span> <span class='ocrx_word' id='word_1_768' title='bbox 479 5780 546 5819; x_wconf 78' lang='lat' dir='ltr'><strong>DE</strong></span> <span class='ocrx_word' id='word_1_769' title='bbox 588 5779 785 5818; x_wconf 76' lang='grc' dir='ltr'><strong>εουειι.</strong></span> <span class='ocrx_word' id='word_1_770' title='bbox 825 5777 997 5818; x_wconf 72' lang='grc' dir='ltr'><strong>εειιιιο</strong></span> <span class='ocrx_word' id='word_1_771' title='bbox 1032 5777 1100 5817; x_wconf 74' lang='lat' dir='ltr'><strong>DE</strong></span> <span class='ocrx_word' id='word_1_772' title='bbox 1139 5775 1297 5816; x_wconf 72' lang='lat' dir='ltr'><strong>LllCA.</strong></span> 
     </span>
    </p>
   </div>
   <div class='ocr_carea' id='block_1_105' title="bbox 38 5851 1603 5924">
    <p class='ocr_par' dir='ltr' id='par_1_105' title="bbox 38 5851 1603 5924">
     <span class='ocr_line' id='line_1_105' title="bbox 38 5851 1603 5924; baseline -0.008 -7"><span class='ocrx_word' id='word_1_773' title='bbox 38 5859 250 5917; x_wconf 75' lang='lat' dir='ltr'><strong>Nemo</strong></span> <span class='ocrx_word' id='word_1_774' title='bbox 304 5858 542 5912; x_wconf 80' lang='lat' dir='ltr'><strong>accendit</strong></span> <span class='ocrx_word' id='word_1_775' title='bbox 577 5856 870 5924; x_wconf 80' lang='lat' dir='ltr'><strong>lucernam,</strong></span> <span class='ocrx_word' id='word_1_776' title='bbox 910 5864 958 5908; x_wconf 86' lang='lat' dir='ltr'><strong>et</strong></span> <span class='ocrx_word' id='word_1_777' title='bbox 1003 5855 1057 5909; x_wconf 84' lang='lat' dir='ltr'><strong>in</strong></span> <span class='ocrx_word' id='word_1_778' title='bbox 1091 5851 1402 5909; x_wconf 81' lang='lat' dir='ltr'><strong>abscondito</strong></span> <span class='ocrx_word' id='word_1_779' title='bbox 1430 5853 1603 5922; x_wconf 84' lang='lat' dir='ltr'><strong>ponit,</strong></span> 
     </span>
    </p>
   </div>
   <div class='ocr_carea' id='block_1_106' title="bbox 1713 4641 3306 4715">
    <p class='ocr_par' dir='ltr' id='par_1_106' title="bbox 1713 4641 3306 4715">
     <span class='ocr_line' id='line_1_106' title="bbox 1713 4641 3306 4715; baseline 0.001 -15"><span class='ocrx_word' id='word_1_780' title='bbox 1713 4645 1878 4700; x_wconf 89' lang='lat' dir='ltr'><strong>etiam</strong></span> <span class='ocrx_word' id='word_1_781' title='bbox 1909 4644 2079 4715; x_wconf 83' lang='lat' dir='ltr'><strong>ipsius</strong></span> <span class='ocrx_word' id='word_1_782' title='bbox 2107 4641 2361 4698; x_wconf 74' lang='lat' dir='ltr'><strong>Ecclesire</strong></span> <span class='ocrx_word' id='word_1_783' title='bbox 2397 4654 2499 4699; x_wconf 72' lang='lat' dir='ltr'><strong>est.</strong></span> <span class='ocrx_word' id='word_1_784' title='bbox 2533 4641 2687 4700; x_wconf 88' lang='lat' dir='ltr'><strong>Unde</strong></span> <span class='ocrx_word' id='word_1_785' title='bbox 2729 4653 2782 4700; x_wconf 92' lang='lat' dir='ltr'><strong>et</strong></span> <span class='ocrx_word' id='word_1_786' title='bbox 2824 4644 2880 4698; x_wconf 92' lang='lat' dir='ltr'><strong>in</strong></span> <span class='ocrx_word' id='word_1_787' title='bbox 2906 4645 3152 4699; x_wconf 87' lang='lat' dir='ltr'><strong>custodia</strong></span> <span class='ocrx_word' id='word_1_788' title='bbox 3183 4662 3306 4702; x_wconf 55' lang='lat' dir='ltr'><strong>eo”</strong></span> 
     </span>
    </p>
   </div>
   <div class='ocr_carea' id='block_1_107' title="bbox 1713 4721 3292 4809">
    <p class='ocr_par' dir='ltr' id='par_1_107' title="bbox 1713 4721 3292 4809">
     <span class='ocr_line' id='line_1_107' title="bbox 1713 4721 3292 4809; baseline -0.002 -15"><span class='ocrx_word' id='word_1_789' title='bbox 1713 4723 1863 4808; x_wconf 76' lang='lat' dir='ltr'><strong>peris</strong></span> <span class='ocrx_word' id='word_1_790' title='bbox 1891 4737 1999 4804; x_wconf 90' lang='lat' dir='ltr'><strong>sui,</strong></span> <span class='ocrx_word' id='word_1_791' title='bbox 2025 4737 2171 4807; x_wconf 90' lang='lat' dir='ltr'><strong>quod</strong></span> <span class='ocrx_word' id='word_1_792' title='bbox 2201 4744 2285 4792; x_wconf 90' lang='lat' dir='ltr'><strong>est</strong></span> <span class='ocrx_word' id='word_1_793' title='bbox 2308 4721 2574 4803; x_wconf 83' lang='lat' dir='ltr'><strong>Ecclesia,</strong></span> <span class='ocrx_word' id='word_1_794' title='bbox 2608 4737 2930 4809; x_wconf 86' lang='lat' dir='ltr'><strong>perpensius</strong></span> <span class='ocrx_word' id='word_1_795' title='bbox 2958 4737 3084 4808; x_wconf 82' lang='lat' dir='ltr'><strong>vigil</strong></span> <span class='ocrx_word' id='word_1_796' title='bbox 3115 4747 3166 4794; x_wconf 91' lang='lat' dir='ltr'><strong>et</strong></span> <span class='ocrx_word' id='word_1_797' title='bbox 3193 4753 3292 4792; x_wconf 69' lang='lat' dir='ltr'><strong>sor</strong></span> 
     </span>
    </p>
   </div>
   <div class='ocr_carea' id='block_1_108' title="bbox 1713 4831 3301 4904">
    <p class='ocr_par' dir='ltr' id='par_1_108' title="bbox 1713 4831 3301 4904">
     <span class='ocr_line' id='line_1_108' title="bbox 1713 4831 3301 4904; baseline -0.002 -17"><span class='ocrx_word' id='word_1_798' title='bbox 1713 4833 1896 4890; x_wconf 88' lang='lat' dir='ltr'><strong>licitus</strong></span> <span class='ocrx_word' id='word_1_799' title='bbox 1920 4842 2024 4889; x_wconf 87' lang='lat' dir='ltr'><strong>est.</strong></span> <span class='ocrx_word' id='word_1_800' title='bbox 2059 4831 2141 4901; x_wconf 82' lang='lat' dir='ltr'><strong>Si,</strong></span> <span class='ocrx_word' id='word_1_801' title='bbox 2171 4831 2368 4904; x_wconf 89' lang='lat' dir='ltr'><strong>inquit,</strong></span> <span class='ocrx_word' id='word_1_802' title='bbox 2396 4831 2580 4886; x_wconf 82' lang='lat' dir='ltr'><strong>oculus</strong></span> <span class='ocrx_word' id='word_1_803' title='bbox 2611 4841 2732 4886; x_wconf 77' lang='lat' dir='ltr'><strong>tuus</strong></span> <span class='ocrx_word' id='word_1_804' title='bbox 2756 4831 2918 4901; x_wconf 76' lang='lat' dir='ltr'><strong>fuerit</strong></span> <span class='ocrx_word' id='word_1_805' title='bbox 2943 4831 3189 4902; x_wconf 71' lang='lat' dir='ltr'><strong>simplex,</strong></span> <span class='ocrx_word' id='word_1_806' title='bbox 3221 4842 3301 4885; x_wconf 87' lang='lat' dir='ltr'><strong>to-</strong></span> 
     </span>
    </p>
   </div>
   <div class='ocr_carea' id='block_1_109' title="bbox 1713 4923 3298 4999">
    <p class='ocr_par' dir='ltr' id='par_1_109' title="bbox 1713 4923 3298 4999">
     <span class='ocr_line' id='line_1_109' title="bbox 1713 4923 3298 4999; baseline -0.002 -16"><span class='ocrx_word' id='word_1_807' title='bbox 1713 4938 1825 4983; x_wconf 84' lang='lat' dir='ltr'><strong>tum</strong></span> <span class='ocrx_word' id='word_1_808' title='bbox 1849 4944 2037 4999; x_wconf 81' lang='lat' dir='ltr'><strong>corpus</strong></span> <span class='ocrx_word' id='word_1_809' title='bbox 2063 4935 2210 4982; x_wconf 85' lang='lat' dir='ltr'><strong>tuum</strong></span> <span class='ocrx_word' id='word_1_810' title='bbox 2233 4925 2472 4980; x_wconf 85' lang='lat' dir='ltr'><strong>lucidum</strong></span> <span class='ocrx_word' id='word_1_811' title='bbox 2497 4925 2618 4980; x_wconf 80' lang='lat' dir='ltr'><strong>erit.</strong></span> <span class='ocrx_word' id='word_1_812' title='bbox 2650 4923 2709 4978; x_wconf 89' lang='lat' dir='ltr'><strong>Si</strong></span> <span class='ocrx_word' id='word_1_813' title='bbox 2732 4933 2908 4980; x_wconf 83' lang='lat' dir='ltr'><strong>autem</strong></span> <span class='ocrx_word' id='word_1_814' title='bbox 2930 4939 3158 4995; x_wconf 80' lang='lat' dir='ltr'><strong>nequam</strong></span> <span class='ocrx_word' id='word_1_815' title='bbox 3179 4925 3298 4994; x_wconf 77' lang='lat' dir='ltr'><strong>fue-</strong></span> 
     </span>
    </p>
   </div>
   <div class='ocr_carea' id='block_1_110' title="bbox 1713 5013 3302 5092">
    <p class='ocr_par' dir='ltr' id='par_1_110' title="bbox 1713 5013 3302 5092">
     <span class='ocr_line' id='line_1_110' title="bbox 1713 5013 3302 5092; baseline 0 -20"><span class='ocrx_word' id='word_1_816' title='bbox 1713 5021 1808 5085; x_wconf 89' lang='lat' dir='ltr'><strong>rit,</strong></span> <span class='ocrx_word' id='word_1_817' title='bbox 1835 5019 1998 5074; x_wconf 86' lang='lat' dir='ltr'><strong>etiam</strong></span> <span class='ocrx_word' id='word_1_818' title='bbox 2021 5034 2231 5092; x_wconf 82' lang='lat' dir='ltr'><strong>corpus,</strong></span> <span class='ocrx_word' id='word_1_819' title='bbox 2253 5026 2402 5070; x_wconf 86' lang='lat' dir='ltr'><strong>tuum</strong></span> <span class='ocrx_word' id='word_1_820' title='bbox 2435 5017 2765 5072; x_wconf 80' lang='lat' dir='ltr'><strong>tenebrosum</strong></span> <span class='ocrx_word' id='word_1_821' title='bbox 2792 5017 2916 5070; x_wconf 85' lang='lat' dir='ltr'><strong>erit.</strong></span> <span class='ocrx_word' id='word_1_822' title='bbox 2936 5013 3078 5070; x_wconf 89' lang='lat' dir='ltr'><strong>Sane</strong></span> <span class='ocrx_word' id='word_1_823' title='bbox 3106 5017 3302 5072; x_wconf 88' lang='lat' dir='ltr'><strong>oculus</strong></span> 
     </span>
    </p>
   </div>
   <div class='ocr_carea' id='block_1_111' title="bbox 1710 5107 3332 5182">
    <p class='ocr_par' dir='ltr' id='par_1_111' title="bbox 1710 5107 3332 5182">
     <span class='ocr_line' id='line_1_111' title="bbox 1710 5107 3332 5182; baseline -0.002 -15"><span class='ocrx_word' id='word_1_824' title='bbox 1710 5112 1938 5182; x_wconf 80' lang='lat' dir='ltr'><strong>simplex</strong></span> <span class='ocrx_word' id='word_1_825' title='bbox 1969 5120 2052 5167; x_wconf 88' lang='lat' dir='ltr'><strong>est</strong></span> <span class='ocrx_word' id='word_1_826' title='bbox 2095 5109 2368 5165; x_wconf 89' lang='lat' dir='ltr'><strong>Christus.</strong></span> <span class='ocrx_word' id='word_1_827' title='bbox 2426 5107 2668 5179; x_wconf 82' lang='lat' dir='ltr'><strong>Simplex</strong></span> <span class='ocrx_word' id='word_1_828' title='bbox 2703 5108 2926 5179; x_wconf 87' lang='lat' dir='ltr'><strong>quidam</strong></span> <span class='ocrx_word' id='word_1_829' title='bbox 2969 5117 3054 5166; x_wconf 89' lang='lat' dir='ltr'><strong>est</strong></span> <span class='ocrx_word' id='word_1_830' title='bbox 3083 5109 3298 5176; x_wconf 81' lang='lat' dir='ltr'><strong>oculus,</strong></span> <span class='ocrx_word' id='word_1_831' title='bbox 3326 5163 3332 5172; x_wconf 80' lang='grc'><strong><em>,</em></strong></span> 
     </span>
    </p>
   </div>
   <div class='ocr_carea' id='block_1_112' title="bbox 1707 5198 3300 5274">
    <p class='ocr_par' dir='ltr' id='par_1_112' title="bbox 1707 5198 3300 5274">
     <span class='ocr_line' id='line_1_112' title="bbox 1707 5198 3300 5274; baseline -0.003 -14"><span class='ocrx_word' id='word_1_832' title='bbox 1707 5204 1803 5274; x_wconf 89' lang='lat' dir='ltr'><strong>qui</strong></span> <span class='ocrx_word' id='word_1_833' title='bbox 1827 5203 1972 5259; x_wconf 85' lang='lat' dir='ltr'><strong>clare</strong></span> <span class='ocrx_word' id='word_1_834' title='bbox 2003 5211 2056 5257; x_wconf 85' lang='lat' dir='ltr'><strong>et</strong></span> <span class='ocrx_word' id='word_1_835' title='bbox 2085 5202 2291 5256; x_wconf 89' lang='lat' dir='ltr'><strong>utiliter</strong></span> <span class='ocrx_word' id='word_1_836' title='bbox 2319 5200 2480 5256; x_wconf 88' lang='lat' dir='ltr'><strong>videt.</strong></span> <span class='ocrx_word' id='word_1_837' title='bbox 2517 5198 2584 5254; x_wconf 88' lang='lat' dir='ltr'><strong>Et</strong></span> <span class='ocrx_word' id='word_1_838' title='bbox 2623 5199 2879 5254; x_wconf 86' lang='lat' dir='ltr'><strong>Christus</strong></span> <span class='ocrx_word' id='word_1_839' title='bbox 2907 5200 3126 5269; x_wconf 88' lang='lat' dir='ltr'><strong>quidem</strong></span> <span class='ocrx_word' id='word_1_840' title='bbox 3153 5200 3300 5256; x_wconf 84' lang='lat' dir='ltr'><strong>clare</strong></span> 
     </span>
    </p>
   </div>
   <div class='ocr_carea' id='block_1_113' title="bbox 1709 5290 3300 5363">
    <p class='ocr_par' dir='ltr' id='par_1_113' title="bbox 1709 5290 3300 5363">
     <span class='ocr_line' id='line_1_113' title="bbox 1709 5290 3300 5363; baseline -0.001 -15"><span class='ocrx_word' id='word_1_841' title='bbox 1709 5295 1874 5361; x_wconf 89' lang='lat' dir='ltr'><strong>videt,</strong></span> <span class='ocrx_word' id='word_1_842' title='bbox 1917 5302 2104 5363; x_wconf 80' lang='lat' dir='ltr'><strong>utpote</strong></span> <span class='ocrx_word' id='word_1_843' title='bbox 2140 5293 2193 5346; x_wconf 92' lang='lat' dir='ltr'><strong>in</strong></span> <span class='ocrx_word' id='word_1_844' title='bbox 2223 5292 2382 5362; x_wconf 90' lang='lat' dir='ltr'><strong>cujus</strong></span> <span class='ocrx_word' id='word_1_845' title='bbox 2423 5299 2719 5362; x_wconf 85' lang='lat' dir='ltr'><strong>conspectu</strong></span> <span class='ocrx_word' id='word_1_846' title='bbox 2749 5290 2895 5345; x_wconf 91' lang='lat' dir='ltr'><strong>nulla</strong></span> <span class='ocrx_word' id='word_1_847' title='bbox 2940 5300 3190 5346; x_wconf 89' lang='lat' dir='ltr'><strong>creatura</strong></span> <span class='ocrx_word' id='word_1_848' title='bbox 3215 5292 3300 5346; x_wconf 91' lang='lat' dir='ltr'><strong>in-</strong></span> 
     </span>
    </p>
   </div>
   <div class='ocr_carea' id='block_1_114' title="bbox 1708 5383 3296 5456">
    <p class='ocr_par' dir='ltr' id='par_1_114' title="bbox 1708 5383 3296 5456">
     <span class='ocr_line' id='line_1_114' title="bbox 1708 5383 3296 5456; baseline -0.003 -14"><span class='ocrx_word' id='word_1_849' title='bbox 1708 5388 1938 5444; x_wconf 88' lang='lat' dir='ltr'><strong>visibilis</strong></span> <span class='ocrx_word' id='word_1_850' title='bbox 1965 5395 2067 5442; x_wconf 90' lang='lat' dir='ltr'><strong>est.</strong></span> <span class='ocrx_word' id='word_1_851' title='bbox 2115 5384 2329 5440; x_wconf 87' lang='lat' dir='ltr'><strong>Utiliter</strong></span> <span class='ocrx_word' id='word_1_852' title='bbox 2367 5401 2600 5456; x_wconf 72' lang='lat' dir='ltr'><strong>quoque.</strong></span> <span class='ocrx_word' id='word_1_853' title='bbox 2634 5383 2792 5439; x_wconf 89' lang='lat' dir='ltr'><strong>nobis</strong></span> <span class='ocrx_word' id='word_1_854' title='bbox 2819 5383 2982 5449; x_wconf 86' lang='lat' dir='ltr'><strong>videt,</strong></span> <span class='ocrx_word' id='word_1_855' title='bbox 3033 5383 3296 5455; x_wconf 74' lang='lat' dir='ltr'><strong>quorian;</strong></span> 
     </span>
    </p>
   </div>
   <div class='ocr_carea' id='block_1_115' title="bbox 1710 5475 3298 5546">
    <p class='ocr_par' dir='ltr' id='par_1_115' title="bbox 1710 5475 3298 5546">
     <span class='ocr_line' id='line_1_115' title="bbox 1710 5475 3298 5546; baseline -0.004 -11"><span class='ocrx_word' id='word_1_856' title='bbox 1710 5495 1819 5535; x_wconf 89' lang='lat' dir='ltr'><strong>non</strong></span> <span class='ocrx_word' id='word_1_857' title='bbox 1862 5479 1968 5534; x_wconf 91' lang='lat' dir='ltr'><strong>nisi</strong></span> <span class='ocrx_word' id='word_1_858' title='bbox 1993 5478 2166 5544; x_wconf 91' lang='lat' dir='ltr'><strong>utilia,</strong></span> <span class='ocrx_word' id='word_1_859' title='bbox 2212 5479 2259 5532; x_wconf 91' lang='lat' dir='ltr'><strong>si</strong></span> <span class='ocrx_word' id='word_1_860' title='bbox 2308 5477 2583 5542; x_wconf 88' lang='lat' dir='ltr'><strong>volumus,</strong></span> <span class='ocrx_word' id='word_1_861' title='bbox 2613 5476 2770 5531; x_wconf 87' lang='lat' dir='ltr'><strong>nobis</strong></span> <span class='ocrx_word' id='word_1_862' title='bbox 2816 5475 3082 5546; x_wconf 85' lang='lat' dir='ltr'><strong>providet.</strong></span> <span class='ocrx_word' id='word_1_863' title='bbox 3134 5475 3298 5530; x_wconf 83' lang='lat' dir='ltr'><strong>Recte</strong></span> 
     </span>
    </p>
   </div>
   <div class='ocr_carea' id='block_1_116' title="bbox 1708 5566 3295 5643">
    <p class='ocr_par' dir='ltr' id='par_1_116' title="bbox 1708 5566 3295 5643">
     <span class='ocr_line' id='line_1_116' title="bbox 1708 5566 3295 5643; baseline -0.004 -17"><span class='ocrx_word' id='word_1_864' title='bbox 1708 5586 1928 5643; x_wconf 88' lang='lat' dir='ltr'><strong>quoque</strong></span> <span class='ocrx_word' id='word_1_865' title='bbox 1960 5570 2118 5626; x_wconf 84' lang='lat' dir='ltr'><strong>nobis</strong></span> <span class='ocrx_word' id='word_1_866' title='bbox 2161 5569 2326 5636; x_wconf 88' lang='lat' dir='ltr'><strong>videt,</strong></span> <span class='ocrx_word' id='word_1_867' title='bbox 2373 5567 2634 5639; x_wconf 86' lang='lat' dir='ltr'><strong>quoniam</strong></span> <span class='ocrx_word' id='word_1_868' title='bbox 2667 5576 2814 5621; x_wconf 83' lang='lat' dir='ltr'><strong>recta</strong></span> <span class='ocrx_word' id='word_1_869' title='bbox 2845 5575 2900 5621; x_wconf 88' lang='lat' dir='ltr'><strong>et</strong></span> <span class='ocrx_word' id='word_1_870' title='bbox 2941 5566 3085 5621; x_wconf 87' lang='lat' dir='ltr'><strong>bona</strong></span> <span class='ocrx_word' id='word_1_871' title='bbox 3121 5567 3295 5622; x_wconf 87' lang='lat' dir='ltr'><strong>inten-</strong></span> 
     </span>
    </p>
   </div>
   <div class='ocr_carea' id='block_1_117' title="bbox 1710 5643 3293 5732">
    <p class='ocr_par' dir='ltr' id='par_1_117' title="bbox 1710 5643 3293 5732">
     <span class='ocr_line' id='line_1_117' title="bbox 1710 5643 3293 5732; baseline -0.005 -14"><span class='ocrx_word' id='word_1_872' title='bbox 1710 5663 1858 5718; x_wconf 90' lang='lat' dir='ltr'><strong>tione</strong></span> <span class='ocrx_word' id='word_1_873' title='bbox 1888 5661 2047 5717; x_wconf 90' lang='lat' dir='ltr'><strong>nobis</strong></span> <span class='ocrx_word' id='word_1_874' title='bbox 2072 5659 2389 5732; x_wconf 82' lang='lat' dir='ltr'><strong>proficiendi</strong></span> <span class='ocrx_word' id='word_1_875' title='bbox 2420 5643 2580 5714; x_wconf 81' lang='lat' dir='ltr'><strong>nobis</strong></span> <span class='ocrx_word' id='word_1_876' title='bbox 2604 5656 2868 5727; x_wconf 82' lang='lat' dir='ltr'><strong>providet.</strong></span> <span class='ocrx_word' id='word_1_877' title='bbox 2897 5655 2952 5710; x_wconf 90' lang='lat' dir='ltr'><strong>Si</strong></span> <span class='ocrx_word' id='word_1_878' title='bbox 2983 5672 3114 5729; x_wconf 80' lang='lat' dir='ltr'><strong>ergo</strong></span> <span class='ocrx_word' id='word_1_879' title='bbox 3135 5657 3293 5712; x_wconf 89' lang='lat' dir='ltr'><strong>Chri-</strong></span> 
     </span>
    </p>
   </div>
   <div class='ocr_carea' id='block_1_118' title="bbox 1611 5741 3295 5826">
    <p class='ocr_par' dir='ltr' id='par_1_118' title="bbox 1611 5741 3295 5826">
     <span class='ocr_line' id='line_1_118' title="bbox 1611 5741 3295 5826; baseline -0.005 -14"><span class='ocrx_word' id='word_1_880' title='bbox 1611 5741 1614 5744; x_wconf 10' lang='lat' dir='ltr'><strong>i</strong></span> <span class='ocrx_word' id='word_1_881' title='bbox 1709 5764 1876 5822; x_wconf 88' lang='lat' dir='ltr'><strong>stum,</strong></span> <span class='ocrx_word' id='word_1_882' title='bbox 1911 5754 2006 5826; x_wconf 90' lang='lat' dir='ltr'><strong>qui</strong></span> <span class='ocrx_word' id='word_1_883' title='bbox 2035 5753 2263 5824; x_wconf 80' lang='lat' dir='ltr'><strong>simplex</strong></span> <span class='ocrx_word' id='word_1_884' title='bbox 2290 5761 2374 5808; x_wconf 90' lang='lat' dir='ltr'><strong>est</strong></span> <span class='ocrx_word' id='word_1_885' title='bbox 2404 5751 2620 5814; x_wconf 82' lang='lat' dir='ltr'><strong>oculus,</strong></span> <span class='ocrx_word' id='word_1_886' title='bbox 2653 5749 2936 5804; x_wconf 84' lang='lat' dir='ltr'><strong>custodem</strong></span> <span class='ocrx_word' id='word_1_887' title='bbox 2965 5759 3017 5804; x_wconf 89' lang='lat' dir='ltr'><strong>et</strong></span> <span class='ocrx_word' id='word_1_888' title='bbox 3042 5751 3295 5822; x_wconf 68' lang='lat' dir='ltr'><strong>proviso~</strong></span> 
     </span>
    </p>
   </div>
   <div class='ocr_carea' id='block_1_119' title="bbox 1709 5844 3296 5918">
    <p class='ocr_par' dir='ltr' id='par_1_119' title="bbox 1709 5844 3296 5918">
     <span class='ocr_line' id='line_1_119' title="bbox 1709 5844 3296 5918; baseline -0.006 -11"><span class='ocrx_word' id='word_1_889' title='bbox 1709 5867 1823 5907; x_wconf 89' lang='lat' dir='ltr'><strong>rem</strong></span> <span class='ocrx_word' id='word_1_890' title='bbox 1850 5848 2093 5906; x_wconf 84' lang='lat' dir='ltr'><strong>Ecclesia</strong></span> <span class='ocrx_word' id='word_1_891' title='bbox 2126 5846 2209 5902; x_wconf 88' lang='lat' dir='ltr'><strong>vel</strong></span> <span class='ocrx_word' id='word_1_892' title='bbox 2238 5845 2436 5918; x_wconf 87' lang='lat' dir='ltr'><strong>aliquis</strong></span> <span class='ocrx_word' id='word_1_893' title='bbox 2461 5844 2634 5900; x_wconf 73' lang='lat' dir='ltr'><strong>ﬁdelis</strong></span> <span class='ocrx_word' id='word_1_894' title='bbox 2664 5851 2943 5913; x_wconf 86' lang='lat' dir='ltr'><strong>sequatur,</strong></span> <span class='ocrx_word' id='word_1_895' title='bbox 2970 5851 3142 5897; x_wconf 85' lang='lat' dir='ltr'><strong>totum</strong></span> <span class='ocrx_word' id='word_1_896' title='bbox 3169 5858 3296 5902; x_wconf 73' lang='lat' dir='ltr'><strong>cer-</strong></span> 
     </span>
    </p>
   </div>
  </div>
