3820 6312
515 367 537 421 Ι
550 363 653 421 605

1746 311 2096 405 minuent
2136 346 2486 404 annexus

3618 362 3716 420 ifilli

515 496 640 553 pus,
670 478 724 534 id
745 485 828 534 est
865 483 976 530 tota
1020 470 1371 544 congregatio
1418 465 1678 530 ﬁdelium,
1709 463 1823 520 sive
1858 470 1971 519 tota
1998 460 2108 516 vita
2140 461 2184 520 Α
2214 459 2452 533 idipsum
2488 463 2850 532 testiﬁcante,
2879 467 3150 536 quoniam
3177 480 3396 540 propter
3421 484 3611 542 peccata
3645 493 3720 547 po-

516 575 680 631 talem
715 572 938 629 oculum
985 584 1241 639 sequens,
1279 563 1456 620 lucida
1505 561 1630 615 erit.
1674 558 1922 630 Nequam
1971 571 2105 613 vero

515 669 712 724 oculus
759 665 1012 722 diabolus
1039 671 1142 717 est.
1187 680 1204 712 ι
1236 657 1466 722 Oculus,
1495 654 1624 726 quia
1660 668 1719 708 se
1748 651 2107 723 transﬁgurat

516 763 570 818 in
597 761 849 832 angelum
879 757 1020 813 lueis
1050 753 1140 826 (11
1170 753 1294 808 Cor.
1323 752 1405 819 ιι).
1439 765 1458 800 ι
1484 745 1754 818 Nequam,
1785 744 1916 815 quia
1951 753 2106 799 tene-

515 855 679 910 brose
705 861 760 909 et
785 852 1005 921 oblique
1048 847 1192 902 videt
1239 843 1404 914 atque
1454 839 1739 894 inutiliter.
1789 835 2106 893 Tenebrose

514 946 682 1022 videt,
725 944 854 1016 quia
891 941 1109 996 malitim
1143 952 1258 992 suae
1293 933 1592 1006 pertinacia
1645 931 1718 986 ita
1747 946 1874 987 eum
1923 943 2104 986 excre-

515 1021 661 1094 cavit
686 1037 831 1110 quod
879 1034 986 1090 nisi
1018 1030 1304 1086 tenebrosa
1335 1027 1510 1098 diligit
1536 1033 1591 1080 et
1619 1024 1835 1096 quaerit.
1867 1021 2104 1093 Oblique

515 1129 682 1194 videt,
726 1125 986 1197 quoniam
1024 1123 1078 1178 in
1110 1120 1368 1176 omnibus
1413 1116 1704 1189 promissis
1745 1115 1862 1172 suis
1921 1115 2104 1170 inten-

517 1224 719 1278 tionem
772 1218 992 1274 fallendi
1027 1217 1210 1271 habet.
1273 1213 1543 1268 Inntiliter
1601 1210 1770 1275 videt,
1818 1207 2102 1280 quoniam,

513 1313 616 1368 etsi
672 1310 846 1366 vivaci
877 1309 1088 1364 ratione
1134 1307 1314 1376 aliqua
1355 1304 1536 1359 videat
1573 1299 1986 1373 perspicaciter,
2019 1307 2102 1353 ta-

514 1421 638 1461 men
672 1404 774 1460 sibi
799 1412 853 1459 et
881 1402 1006 1457 aliis
1029 1416 1092 1456 ea
1128 1400 1275 1454 videt
1303 1397 1590 1453 inutiliter.
1624 1393 1752 1462 Qui,
1785 1393 1888 1448 etsi
1927 1408 2101 1463 quan-

514 1497 694 1566 doque
719 1502 918 1566 prteter
953 1507 1104 1562 spem
1149 1489 1312 1544 alicui
1361 1487 1672 1542 insidiando
1699 1484 1969 1556 proﬁciat,
2018 1491 2103 1537 ta-

514 1603 641 1642 men
674 1587 781 1643 hoc
830 1585 976 1638 illius
1018 1581 1248 1638 intentio
1281 1596 1389 1635 non
1425 1578 1674 1634 habebat.
1715 1575 1773 1632 Si
1807 1591 1939 1647 ergo
1982 1575 2103 1630 dia-

515 1681 724 1746 holum,
748 1677 842 1750 qui
881 1677 1071 1747 utique
1101 1689 1338 1744 nequam
1365 1672 1562 1729 oculus
1597 1681 1701 1737 est,
1732 1670 2103 1726 consultor-em

515 1781 570 1827 et
611 1772 952 1842 provisorem
1006 1768 1208 1839 aliquis
1255 1775 1538 1837 sequatur,
1584 1773 1758 1819 totum
1789 1778 2014 1834 corpus,
2052 1762 2106 1817 id

515 1875 602 1922 est
624 1881 763 1936 opus
789 1865 873 1919 vel
905 1863 1016 1918 vita
1061 1862 1182 1932 ejus
1219 1861 1379 1916 talem
1409 1859 1748 1932 provisorem
1802 1856 2105 1928 sequendo,

519 1959 809 2014 tenebrosa
839 1957 963 2013 erit.
1001 1955 1149 2022 Vide,
1175 1955 1371 2024 inquit,
1402 1970 1464 2007 ne
1493 1952 1668 2006 lumen
1695 1950 1833 2022 quod
1854 1951 1908 2003 in
1933 1959 1982 2004 te
2005 1959 2105 2016 est,

520 2051 744 2105 tenebra:
768 2051 896 2116 sint,
931 2049 981 2104 id
1002 2053 1272 2127 est,_c’ave
1313 2061 1381 2101 ne
1409 2045 1498 2101 ille
1527 2059 1690 2116 quem
1723 2052 1982 2114 tanquam
2022 2042 2108 2097 lu-

517 2156 660 2207 cem,
688 2141 882 2197 ducctn
909 2148 964 2194 et
995 2137 1336 2210 provisorcm
1364 2133 1974 2206 sequeris,tenebrosus
2009 2132 2103 2187 sit.

517 2233 672 2301 Quod
695 2243 878 2304 aperte
906 2241 1098 2288 contra
1127 2230 1252 2292 illos
1280 2229 1482 2300 estqui
1518 2227 1798 2282 diabolum
1830 2227 1899 2282 de
1923 2225 2104 2282 dubiis

517 2335 570 2381 et
601 2325 800 2380 futuris
821 2340 916 2397 per
941 2335 1087 2380 artes
1109 2323 1352 2395 magicas
1373 2321 1663 2378 consulere
1691 2336 1797 2374 non
1824 2327 2102 2375 verentur.

518 2415 778 2472 Diabolus
807 2417 953 2472 enim
984 2415 1168 2472 futura
1197 2425 1252 2471 et
1281 2415 1498 2471 occulta
1522 2413 1769 2471 cordium
1793 2411 2107 2484 conjectare

515 2518 715 2581 potest,
739 2511 880 2568 scire
912 2528 1018 2566 non
1048 2518 1248 2582 potest,
1279 2509 1386 2565 nisi
1417 2508 1558 2564 forte
1598 2507 1918 2579 angelmtm
1951 2519 2108 2561 reve~

515 2605 737 2660 latione.
772 2602 876 2658 Sed
918 2603 1032 2658 sive
1062 2602 1220 2668 sciat,
1257 2601 1371 2658 sive
1413 2601 1642 2667 nesciat,
1673 2615 1796 2671 quae
1820 2599 1996 2670 major
2022 2597 2107 2653 in-

517 2701 669 2756 sauia
694 2710 777 2757 cst
800 2715 963 2771 quam
988 2714 1149 2754 suum
1174 2697 1458 2752 inimicum
1486 2696 1794 2762 consulere,
1836 2695 1928 2767 qui
1959 2709 2104 2750 nun-

515 2809 682 2864 quam
733 2793 882 2846 novit
931 2791 1093 2847 alicui
1124 2790 1435 2855 consulere,
1477 2789 1570 2844 sed
1605 2787 1810 2843 fallere.
1851 2785 1912 2843 Si
1958 2803 2103 2859 ergo,

517 2883 695 2954 inquit
728 2894 894 2936 totum
947 2899 1136 2952 corpus
1169 2893 1339 2948 tantm,
1377 2882 1429 2936 id
1460 2891 1544 2937 est
1575 2889 1684 2936 tota
1720 2879 1984 2948 Ecclesia,
2021 2885 2106 2938 vel

519 2986 630 3031 tota
652 2976 886 3044 alicujus
906 2976 1037 3043 vita,
1064 2975 1147 3031 vel
1169 2990 1310 3046 opus
1335 2974 1634 3046 sequemlo,
1654 2973 1956 3030 sinmiieem
1980 2988 2107 3029 ocu-

517 3071 654 3137 lum,
687 3071 891 3127 scilicet
922 3070 1213 3126 Dominum
1250 3079 1523 3134 nostrum,
1555 3067 1794 3121 lucidum
1825 3068 2008 3138 fuerit,
2034 3067 2106 3122 ita

517 3164 663 3236 quod
709 3178 816 3219 non
863 3163 1060 3218 habeat
1107 3163 1161 3218 in
1217 3178 1278 3218 se
1323 3161 1563 3231 aliquam
1607 3170 1811 3230 partem
1861 3159 2104 3214 tenebra-

519 3273 660 3325 rum,
685 3257 785 3311 erit
812 3267 940 3312 tunc
965 3256 1203 3310 lucidum
1228 3264 1416 3318 totum,
1452 3262 1500 3307 ct
1529 3253 1665 3307 sicut
1690 3251 1906 3306 lucerna
1935 3252 2109 3324 fulgo-

520 3351 597 3403 ris
624 3348 955 3403 illuminabit
994 3357 1067 3415 te,
1098 3345 1355 3412 subaudi,
1380 3345 1564 3401 lumen
1593 3344 1736 3400 oculi
1767 3353 1822 3400 ct
1847 3344 2104 3401 lucernae.

519 3441 626 3499 Sed
647 3451 702 3498 et
721 3440 960 3512 perfecta
995 3438 1252 3497 Ecclesia:
1289 3438 1558 3494 munditia
1586 3437 1693 3493 erit
1733 3439 1787 3493 in
1827 3437 1934 3493 alia
1963 3437 2106 3504 vita,

517 3534 612 3590 ubi
641 3535 746 3591 erit
772 3535 891 3592 sine
931 3535 1144 3591 macula
1172 3543 1226 3590 ct
1251 3548 1406 3605 ruga.
1441 3532 1576 3588 Dum
1607 3532 1752 3590 enim
1777 3532 1830 3588 iu
1862 3533 1964 3589 hac
1994 3533 2106 3588 vita

517 3629 765 3688 defectus
795 3630 1023 3702 patitur,
1053 3643 1270 3700 semper
1305 3628 1518 3683 macula
1571 3627 1676 3683 erit
1720 3626 1775 3681 in
1817 3627 1968 3682 luna.
2001 3625 2108 3682 Sed

517 3731 573 3779 et
599 3723 711 3778 vita
739 3722 973 3793 alicujus
1003 3721 1179 3777 sancti
1209 3721 1288 3776 sic
1320 3734 1442 3776 esse
1480 3729 1660 3790 potest
1701 3719 1881 3775 lucida
1914 3720 1967 3774 in
2006 3717 2109 3774 hac

518 3815 650 3882 vita,
686 3814 820 3885 quin
849 3812 1142 3884 aliquando
1177 3811 1380 3883 aliquid
1413 3811 1611 3866 habeat
1654 3810 2024 3878 tenebrosum,
2056 3820 2110 3866 et

517 3905 567 3960 si
596 3920 704 3960 non
729 3905 785 3958 in
816 3904 1216 3971 criminalibus,
1260 3903 1453 3960 saltem
1507 3903 1562 3958 in
1596 3903 1916 3959 venialibus.
1970 3901 2107 3959 Ρι-οι-

518 4007 727 4070 pterea,
757 3995 955 4052 fratres
977 3997 1106 4064 mei,
1141 4007 1433 4068 sequentes
1459 3995 1759 4062 lucernam,
1787 3995 1838 4052 id
1865 4006 1946 4051 est
1977 4011 2110 4052 ocu-

519 4093 635 4147 lum
664 4100 914 4148 nostrum
954 4089 1142 4146 desum
1173 4090 1486 4155 Christum,
1515 4089 1580 4144 ad
1609 4088 1755 4144 illam
1781 4089 1996 4144 beatam
2024 4089 2110 4144 vi-

519 4195 630 4241 tam
660 4193 775 4241 toto
799 4183 1069 4240 desiderio
1117 4182 1463 4247 festinemus,
1497 4183 1586 4238 ubi
1629 4180 1922 4253 perfectam
1950 4198 2110 4238 mun-

517 4277 710 4333 ditiam
735 4265 1143 4347 consequamur
1163 4284 1217 4331 et
1249 4275 1535 4347 fulgorem.
1564 4272 1808 4330 Lucerna
1835 4289 1966 4330 vero
1991 4289 2114 4346 par-

521 4370 769 4425 ticularis
798 4379 882 4424 est
911 4368 1143 4439 quilibet
1169 4367 1429 4441 magister
1453 4368 1748 4439 przeelarus
1768 4378 1822 4424 et
1851 4367 2110 4439 spiritua-

519 4461 610 4530 lis,
642 4460 960 4533 hujusmodi
1018 4459 1284 4517 Dominus
1335 4461 1469 4518 dicit
1526 4478 1541 4516 :
1602 4477 1620 4512 ι
1677 4458 1789 4517 Vos
1835 4461 1970 4517 estis
2015 4461 2108 4517 lux

2210 553 2346 624 puli,
2386 555 2653 625 permittit
2687 556 2956 613 Dominus
3013 560 3360 632 hypocrita.
3406 579 3604 636 regnare
3637 569 3721 639 (tot

2212 648 2420 711 xxxiv).
2477 647 2584 702 Sed
2627 657 2678 703 et
2738 665 2921 706 mores
2962 651 3264 708 multorum
3295 654 3590 725 hujusmodi
3616 673 3723 726 sunt,

2207 739 2471 809 quoniam
2528 741 2701 813 magis
2753 744 3050 814 proficiunt
3084 747 3250 817 positi
3282 748 3335 802 in
3386 748 3492 803 imo
3536 756 3726 821 quantin

2207 832 2352 900 alto,
2396 833 2450 887 in
2493 836 2706 890 occulta
2737 837 2847 892 vita
2873 855 3039 909 quam
3071 840 3124 894 in
3154 841 3288 908 alta,
3311 841 3368 894 in
3405 843 3508 896 vita
3545 855 3727 901 contem-

2207 924 2409 995 plativa
2430 941 2597 997 quam
2627 928 2684 983 in
2713 931 2911 986 activa.
2945 930 3188 986 Lucerna
3222 935 3415 1005 quippe
3449 939 3651 1006 corporis
3676 943 3726 992 uti

2206 1025 2285 1070 est
2323 1017 2512 1070 oculus
2557 1027 2700 1073 tuus.
2747 1019 2950 1076 Doctor
2997 1023 3200 1093 quippe
3235 1023 3620 1081 ecclesiasticus
3656 1044 3727 1082 non

2206 1107 2385 1163 solum
2418 1110 2664 1178 lucerna,
2701 1113 2798 1167 sed
2819 1123 2873 1168 et
2902 1115 3121 1180 oculus,
3173 1115 3228 1169 id
3274 1124 3362 1171 est
3407 1118 3728 1186 speculatoret

2206 1211 2394 1259 custos
2424 1213 2478 1259 et
2501 1206 2838 1276 praecipuum
2861 1206 3121 1264 Ecclesiae
3143 1209 3454 1264 membrum
3475 1225 3584 1266 esse
3600 1211 3727 1268 debet.

2208 1293 2549 1366 Speculator,
2573 1307 2846 1368 quatenus
2863 1300 2919 1354 in
2943 1301 3054 1356 alto
3075 1302 3436 1367 constitutus,
3459 1303 3728 1374 singulorum

2208 1403 2390 1445 mores
2409 1390 2840 1462 circumspiciat.
2866 1391 3022 1449 Unde
3041 1394 3347 1450 Dominus:
3376 1415 3394 1447 ι
3415 1395 3514 1450 Fili
3535 1398 3729 1464 hominis,

2207 1480 2414 1552 inquit,
2448 1484 2847 1552 speculatorem
2879 1485 3002 1540 dedi
3035 1496 3088 1541 te
3128 1487 3323 1542 domui
3373 1486 3534 1544 Israel
3569 1487 3728 1558 (Eucti.

2207 1574 2313 1643 tu).
2351 1593 2370 1625 ι
2399 1573 2624 1641 Custos,
2649 1585 2924 1646 quatenus
2947 1579 3165 1650 vigilias
3190 1580 3373 1635 noctis
3398 1596 3555 1650 super
3575 1597 3731 1653 gregem

2208 1681 2371 1723 suum
2397 1667 2584 1741 vigilet
2603 1712 2618 1736 ,
2659 1686 2726 1725 ne
2755 1671 2994 1743 aliquem
3016 1674 3083 1729 de
3107 1674 3227 1729 suis
3259 1675 3348 1729 leo
3375 1674 3629 1730 circuiens
3646 1678 3732 1730 diri-

2209 1757 2342 1826 piat.
2378 1757 2702 1826 Membrum,
2734 1772 3007 1832 quatenus
3042 1766 3257 1820 caeteris
3298 1765 3506 1821 Christi
3540 1768 3734 1823 mentiris

2212 1851 2400 1905 nervis
2458 1852 2746 1909 eharitatis
2803 1857 3226 1928 compaginatus
3280 1859 3365 1912 eis
3421 1859 3733 1928 compatiattr.

2209 1940 2384 1998 Porro
2416 1945 2463 1999 si
2493 1945 2582 2000 hic
2629 1947 2824 2002 oculus
2867 1946 3033 2003 fuerit
3081 1949 3341 2020 simplex;
3393 1951 3554 2018 clare;
3593 1952 3737 2005 utiliter

2209 2044 2467 2108 recteque
2493 2038 2748 2106 videndo,
2781 2049 2955 2095 totum
2985 2057 3191 2112 corpus
3223 2042 3486 2098 Ecclesia!
3507 2045 3737 2114 quodcum

2208 2129 2478 2200 sequitur,
2503 2130 2744 2186 lucidum
2793 2131 2918 2186 erit.
2955 2130 3013 2186 Si
3036 2143 3225 2188 autem
3249 2149 3491 2204 nequam
3513 2132 3667 2200 fuerit,
3685 2145 3738 2189 te-

2210 2221 2441 2278 nebrose
2463 2223 2731 2279 inutiliter
2758 2233 2812 2280 et
2846 2226 3068 2297 oblique
3094 2227 3366 2293 videndo,
3400 2237 3565 2282 totum
3595 2243 3740 2299 corpus

2211 2315 2467 2372 Ecclesia:
2493 2318 2639 2388 quod
2662 2333 2788 2372 eum
2811 2319 3006 2375 ducem
3033 2321 3286 2390 sequitur
3311 2321 3642 2376 tenebrosum
3653 2324 3738 2376 erit.

2209 2408 2365 2464 Sicut
2391 2411 2536 2466 enim
2567 2411 2752 2467 clarus
2782 2411 2934 2467 visus
2955 2413 3242 2469 oculorum
3273 2421 3448 2468 totam
3481 2413 3650 2468 faciem
3673 2413 3744 2468 Er.-

2206 2503 2389 2559 clesize
2416 2504 2681 2560 claritlcat
2705 2514 2761 2562 et
2784 2507 3062 2575 honestat,
3105 2518 3159 2564 et
3190 2509 3339 2565 sicut
3374 2509 3671 2565 tenebrosus
3686 2511 3742 2564 vel

2205 2606 2515 2655 excaecatus
2546 2599 2743 2656 oculus
2783 2608 2952 2656 totam
2972 2601 3216 2658 hominis
3246 2601 3447 2657 faciem
3483 2603 3744 2658 obtenebnt

2205 2699 2262 2746 et
2293 2691 2568 2762 deturpat,
2607 2692 2680 2747 ita
2720 2693 3046 2750 tenebrosus
3093 2704 3286 2766 pastor
3327 2705 3499 2750 totam
3543 2694 3745 2751 Ecclesia

2207 2781 2402 2840 faciem
2435 2795 2673 2841 excmcat
2697 2795 2752 2842 et
2774 2784 2962 2842 foedat.
2979 2787 3129 2856 Vide,
3149 2788 3352 2860 inquit,
3383 2805 3446 2843 ne
3465 2788 3625 2842 tum
3647 2791 3747 2858 quod

2205 2876 2336 2932 inte
2363 2887 2442 2932 est
2470 2879 2696 2934 tenebrte
2744 2880 2874 2935 sint.
2921 2880 3001 2936 Ac
3029 2881 3077 2937 si
3100 2881 3250 2938 dicat
3285 2901 3299 2936 :
3337 2881 3498 2937 Omni
3524 2883 3747 2952 vigilantia

2207 2985 2339 3026 cave
2369 2987 2438 3026 ne
2459 2971 2650 3026 doctor
2674 2981 2801 3028 tuus
2823 2973 2917 3044 qui
2945 2982 2999 3029 te
3021 2974 3184 3029 debet
3208 2975 3523 3030 illuminare
3550 2975 3753 3030 tenebor

2209 3078 2307 3119 sus
2329 3063 2422 3119 sit.
2454 3061 2613 3131 Nam,
2641 3065 2781 3121 sicut
2821 3067 2951 3122 alibi
2992 3068 3125 3123 dicit
3152 3094 3171 3122 .-
3199 3088 3216 3120 ι
3254 3067 3314 3123 Si
3346 3069 3528 3123 lumen
3553 3067 3677 3138 quod
3714 3068 3752 3118 in

2211 3168 2262 3213 te
2292 3165 2377 3213 est
2435 3159 2671 3214 tenebrze
2716 3169 2878 3227 sunt,
2924 3160 3054 3231 ipsa:
3085 3161 3328 3217 tenebere
3367 3173 3577 3232 quanta:
3595 3165 3758 3215 erunt?

2211 3249 2433 3321 (Matth.
2465 3252 2566 3322 vt.)
2597 3271 2616 3304 ι
2644 3251 2888 3308 Caveant
2913 3254 3080 3325 igitur
3109 3254 3206 3310 filii
3255 3254 3512 3310 Ecclesize
3537 3269 3599 3308 ne
3641 3265 3758 3308 tene-

2207 3341 2435 3398 brosum
2459 3343 2680 3398 oculum
2715 3345 2768 3398 in
2797 3345 2992 3400 ducem
3023 3346 3128 3401 sibi
3155 3346 3387 3418 eligant,
3427 3355 3480 3402 et
3510 3363 3569 3401 ne
3605 3346 3761 3410 etiam,

2209 3435 2255 3490 si
2286 3435 2357 3491 sit
2379 3435 2647 3492 violenter
2674 3437 2778 3493 sibi
2813 3439 3136 3506 instructus,
3161 3440 3246 3494 vel
3274 3440 3344 3495 de
3367 3441 3564 3512 priori,
3605 3451 3661 3494 ut
3685 3456 3765 3510 pa-

2209 3531 2448 3597 labatur,
2480 3532 2626 3587 bono
2670 3543 2859 3604 postea
2885 3534 3236 3606 depravatus,
3265 3535 3391 3606 ejus
3436 3537 3679 3592 ducatum
3702 3551 3766 3589 se-

2208 3628 2434 3691 quatur,
2459 3637 2528 3678 ne
2557 3620 2696 3677 forte
2719 3624 2870 3689 caeci,
2897 3639 3072 3680 caecos
3101 3624 3374 3680 ducentes
3400 3635 3454 3680 et
3493 3634 3761 3696 sequentes.

2209 3713 2415 3784 pariter
2437 3729 2562 3769 cum
2589 3730 2655 3770 eo
2681 3715 2734 3769 in
2768 3714 2980 3771 foveam
3009 3726 3230 3772 aeterna:
3268 3718 3636 3773 damnationis
3657 3733 3764 3788 prb

2209 3807 2505 3879 cipitentur
2527 3807 2749 3881 (Matth.
2788 3809 2878 3880 xv)
2901 3849 2914 3876 ,
2946 3811 3041 3866 sed
3072 3811 3259 3881 potius
3293 3827 3461 3882 quam
3506 3813 3664 3866 citius
3693 3827 3765 3880 pe-

2211 3911 2415 3967 terunt,
2447 3917 2683 3973 nequam
2714 3904 2937 3959 oculum
2965 3913 3182 3970 eruunt,
3211 3904 3374 3974 juxta
3408 3903 3768 3959 Dnminiman-

2210 3992 2399 4049 datum
2429 3993 2662 4050 dicentis
2691 4013 2704 4050 :
2741 4015 2760 4047 ι
2792 3995 2849 4050 Si
2880 3996 3076 4052 oculus
3099 4004 3230 4052 tuus
3252 3995 3449 4052 dexter
3473 3996 3770 4053 scandalizat

2211 4093 2284 4152 te,
2324 4100 2457 4142 erue
2511 4101 2638 4142 eum
2696 4096 2752 4143 et
2798 4087 3008 4159 projice
3055 4103 3086 4142 a
3139 4100 3190 4144 te
3219 4088 3445 4159 (Matth.
3473 4090 3548 4160 v).
3591 4109 3610 4140 ι
3649 4087 3773 4156 Quod

2211 4188 2396 4251 aperte
2441 4179 2770 4236 condemnat
2819 4180 2941 4238 illos
2995 4182 3123 4253 qui,
3167 4183 3435 4255 neglectis
3463 4185 3598 4240 viris
3618 4185 3712 4238 vita
3737 4195 3772 4234 et

2210 4273 2458 4330 doctrina
2510 4273 2812 4344 praeclaris,
2861 4275 3160 4331 sublimant
3204 4292 3376 4347 super
3419 4277 3775 4334 candelabrus.

2213 4365 2490 4436 Ecclesiae,
2514 4368 2785 4425 carbones
2809 4369 2994 4440 potius
3021 4368 3299 4427 fumantes
3325 4388 3500 4442 quam
3524 4372 3774 4427 ﬂammae

2213 4470 2315 4528 tes,
2339 4471 2400 4518 ut
2433 4462 2530 4532 qui
2557 4462 2942 4532 ingrediuntur
2983 4463 3167 4519 lumen
3199 4481 3310 4520 non
3341 4465 3586 4521 videant.
3611 4465 3777 4520 Lucri-

520 4555 711 4610 mundi
738 4551 960 4626 (Matth.
993 4555 1066 4624 v).
1085 4573 1102 4607 ι
1127 4552 1224 4612 llic
1244 4555 1310 4610 ad
1341 4554 1516 4611 instar
1544 4553 1679 4610 solis
1705 4553 1820 4610 sive
1846 4554 2106 4622 lucernae,
2134 4547 2188 4609 Ι)
2216 4571 2284 4610 na
2310 4555 2608 4627 singularis
2647 4564 2731 4612 est
2754 4555 2808 4611 in
2845 4573 2956 4612 una
2981 4572 3204 4629 quoque
3234 4559 3468 4614 homine
3493 4561 3638 4615 ratio
3661 4575 3776 4614 mea

521 4647 712 4704 oculos
755 4647 988 4703 rationis
1040 4648 1093 4702 in
1139 4648 1421 4713 omnilms,
1451 4657 1506 4703 et
1549 4647 1596 4704 si
1650 4662 1756 4702 non
1799 4657 1857 4702 ut
1889 4657 2103 4716 auctor,

522 4742 714 4798 saltem
753 4750 814 4797 ut
846 4741 1097 4798 minister
1123 4741 1414 4807 illuminat,
1453 4740 1592 4795 riam
1623 4741 1750 4797 vine
1773 4744 2026 4813 exemplo
2054 4753 2108 4799 ct

522 4834 770 4890 doctrina
817 4833 1178 4898 demonstrat,
1209 4833 1343 4888 nttlli
1377 4833 1552 4889 lucem
1583 4848 1696 4889 sum
1720 4835 1983 4892 doctrinm
2014 4852 2108 4892 ne-

523 4936 652 4997 ll“;
689 4943 854 4999 quam
884 4929 976 4998 qui
1012 4937 1170 4998 negat
1203 4928 1272 4981 ab
1297 4925 1473 4981 ollicin
1526 4927 1761 4984 lucernae
1803 4944 1863 4986 se
1911 4931 2107 5001 ρι-ῑγεη,

523 5021 848 5092 Hujusmodi
891 5021 1168 5076 lucernam
1203 5019 1466 5074 Doriiinus
1497 5020 1548 5074 In
1583 5023 1787 5078 sanctis
1839 5025 2108 5094 accendit,

525 5129 633 5167 non
678 5121 736 5166 ut
783 5121 1017 5181 ponatur
1054 5110 1107 5164 iu
1137 5110 1458 5165 abscondito
1485 5111 1606 5166 vitae
1643 5113 1904 5169 solitariae
1928 5117 2112 5176 etab-

525 5206 806 5268 sconditze,
843 5220 1020 5273 neque
1049 5203 1151 5259 sub
1175 5203 1358 5258 modio
1385 5205 1506 5260 vine
1534 5207 1781 5275 reclusm,
1811 5209 1906 5265 sed
1939 5226 2108 5283 super

523 5295 876 5352 eminentiam
904 5295 1190 5364 Ecclesiae,
1249 5298 1419 5370 utqui
1470 5300 1858 5371 ingrediuntur
1915 5302 2107 5360 Eccle-

526 5391 686 5455 siam,
738 5388 920 5444 lumen
947 5389 1166 5446 videant
1195 5391 1319 5446 boni
1361 5394 1596 5464 exempli
1626 5404 1679 5449 et
1719 5395 2001 5452 doctrinm.
2032 5396 2108 5455 lta

527 5482 792 5537 Dominus
857 5499 1072 5554 semper
1131 5482 1353 5552 faceret,
1421 5486 1527 5542 nisi
1563 5488 1757 5542 merita
1819 5505 2109 5562 moresque

527 5574 812 5631 bominmn
857 5575 1199 5647 impedirent.
1255 5576 1442 5634 Merita
1494 5578 1695 5649 quippe
1747 5581 1876 5637 mali
1922 5586 2108 5655 populi

522 5667 746 5740 exigunt
773 5679 1043 5742 quatenus
1073 5688 1238 5742 super
1274 5688 1370 5728 eos
1400 5671 1726 5730 sublimetur
1753 5692 1861 5730 non
1909 5677 2108 5748 aliquis

521 5761 608 5820 vir
631 5763 741 5819 vita
764 5772 818 5819 et
844 5764 1092 5820 doctrina
1133 5765 1440 5822 luminosus
1459 5810 1474 5833 ,
1503 5769 1594 5821 sed
1624 5768 1822 5838 aliquis
1852 5771 2106 5826 tenebro-

525 5870 642 5924 sus,
674 5854 728 5910 in
757 5856 934 5930 majus
962 5860 1046 5914 sui
1079 5859 1254 5931 ipsius
1279 5860 1664 5915 detrimentum
1695 5869 1748 5917 et
1779 5863 1982 5933 populi,
2004 5863 2106 5923 Job

2215 4648 2305 4716 tis,
2331 4664 2454 4720 qua:
2481 4649 2549 4704 ad
2575 4649 2753 4705 instar
2774 4649 2999 4707 luminis
3025 4651 3305 4708 hominem
3355 4651 3658 4718 illuminat,
3684 4651 3779 4724 quid

2215 4741 2533 4814 fugiendum
2561 4751 2657 4818 aut
2697 4743 3039 4814 sequendum
3090 4744 3161 4800 sit
3206 4743 3589 4812 demonstrat,
3638 4756 3686 4800 et
3734 4747 3778 4797 at

2214 4837 2439 4892 modum
2471 4835 2708 4892 ﬂamma:
2739 4835 3084 4908 superfertur
3110 4839 3444 4894 naturaliter
3463 4839 3532 4893 ad
3567 4839 3778 4910 sagacis

2213 4946 2295 4986 ra.
2339 4928 2466 4986 llaec
2495 4939 2678 4985 autem
2706 4929 2929 4985 flamma
2961 4931 3158 4986 divina:
3209 4932 3402 5005 gratiae
3440 4949 3675 4989 acoeusa
3705 4947 3780 4985 ne:

2213 5025 2373 5082 debet
2400 5025 2453 5080 in
2477 5023 2803 5080 abscondito
2824 5023 2976 5096 poni,
3009 5023 3063 5080 id
3085 5034 3170 5081 est
3203 5026 3541 5084 bestialibus
3573 5028 3782 5082 moi-ibin

2213 5128 2270 5176 et
2317 5118 2568 5190 corporis
2595 5117 2988 5188 voluptatibus,
3017 5133 3123 5172 non
3159 5117 3322 5174 debet
3353 5121 3581 5191 premi,
3621 5120 3780 5175 velat»

2216 5211 2430 5278 scondi,
2461 5225 2639 5282 neque
2663 5210 2767 5266 sub
2790 5210 2975 5266 modio
3003 5210 3162 5266 debet
3194 5211 3348 5282 poni,
3395 5215 3508 5268 sub
3563 5228 3784 5269 mensm

2214 5307 2583 5378 corporalium
2609 5322 2873 5363 sensuum
2904 5324 3015 5364 non
3047 5309 3208 5364 debet
3236 5311 3451 5366 includi
3471 5355 3486 5378 ,
3517 5313 3622 5369 sed
3645 5313 3809 5384 potius:

2213 5414 2381 5472 super
2405 5399 2817 5466 candelabrum,
2843 5399 2897 5455 id
2921 5412 3007 5457 est
3032 5417 3197 5472 super
3229 5403 3613 5461 eminentiam

2215 5493 2456 5550 hominis
2499 5492 2661 5549 debet
2715 5492 2954 5559 elevari,
3011 5502 3288 5564 quatenus
3341 5499 3543 5552 omnia
3584 5501 3792 5562 metata.

2217 5603 2522 5658 sensusque
2550 5587 2792 5643 hominis
2827 5588 2879 5643 ei
2919 5587 3259 5655 subdantur;
3306 5589 3431 5659 ipsa
3461 5608 3611 5648 vero

2216 5680 2500 5750 provideat
2529 5691 2584 5736 et
2604 5680 2939 5737 dominetur.
2971 5671 3098 5738 llaze
3127 5690 3314 5736 autem
3347 5699 3464 5738 non
3512 5687 3695 5741 solum
3731 5701 3748 5738 ε

2216 5774 2460 5840 lucerna,
2495 5773 2587 5829 sed
2617 5775 2782 5831 etiam
2811 5755 3028 5841 oculus,
3068 5775 3120 5830 id
3157 5785 3243 5832 est
3270 5778 3666 5847 speculatrix,
3705 5791 3772 5834 siit

2218 5867 2412 5936 rati-ix,
2441 5878 2495 5924 et
2520 5867 2774 5940 superior
2795 5885 2924 5942 pars
2954 5869 3215 5926 hominis.
3243 5865 3463 5926 Oculus
3504 5883 3694 5930 autem
3726 5887 3764 5926 η

3642 5549 3808 6212 ἦ
