3820 6312
136 349 237 412 1605

1048 348 1061 351 ‘
1170 329 1501 389 IlOMlLUE.
1543 359 1614 373 —-
1650 328 1714 385 11.
1758 327 1848 383 DE
1884 325 2196 385 SANCTIS.

3173 330 3308 389 IGDS

131 464 257 525 ιίοιιίε
281 470 390 516 tunc
403 458 476 510 est
499 448 749 522 simplex,
772 448 993 521 quando
1022 447 1172 505 clare
1197 447 1403 503 utiliter
1435 457 1491 503 et
1528 462 1616 503 re-
1642 459 1688 517 Λ
1721 460 1888 502 suum
1915 453 1971 500 et
1995 458 2222 501 causam
2245 440 2430 514 gaudii
2457 441 2546 498 sui
2575 439 2688 499 Deo
2716 441 3042 514 attribuunt,
3070 444 3167 503 sed
3192 461 3305 503 non

130 570 192 615 cie
223 552 356 609 videt.
381 543 592 613 Quidam
613 541 761 598 enim
804 540 980 596 oculis
1015 539 1159 596 clare
1183 537 1348 601 videt,
1381 537 1474 594 sed
1503 553 1613 593 non

127 647 295 705 utiliter.
321 637 524 706 Quidam
547 646 676 688 vero
701 631 878 688 oculis
909 630 1058 686 videt
1106 630 1255 685 clare
1290 636 1347 683 et
1380 627 1610 694 utiliter,
1650 658 1655 665 ι

126 739 196 797 sed
215 750 305 791 non
326 740 466 787 recte.
494 725 664 781 Porro
687 724 833 783 clare
864 722 1039 790 videt,
1063 722 1159 778 sed
1193 720 1481 788 inutiliter,
1513 720 1610 791 qui

121 832 278 887 bonum
299 839 328 879 a
357 820 486 877 malo
508 815 894 891 perspicaciter
912 813 1216 881 discernit,
1255 813 1351 869 sed
1379 812 1616 870 discrete

123 933 203 994 non
218 912 355 985 eligit.
376 909 518 965 Clare
542 921 672 961 vero
701 914 758 962 et
774 904 998 972 utiliter,
1020 904 1119 960 sed
1138 920 1250 960 non
1275 912 1423 961 recte
1447 904 1614 970 videt,

117 1008 188 1080 qui
209 1002 461 1076 prudenter
482 996 742 1053 discernit
765 1004 823 1053 et
847 995 1147 1052 discretum
1185 995 1394 1051 utiliter
1438 994 1614 1067 eligit,

116 1096 403 1155 sedelectum
437 1088 502 1144 ad
526 1087 772 1143 debitum
797 1087 963 1143 tinem
1007 1102 1121 1143 non
1156 1085 1367 1159 dirigit.
1404 1084 1612 1144 Oculus

112 1189 239 1262 igitur
282 1181 490 1253 simplex
532 1187 648 1244 est,
680 1179 777 1250 qui
816 1188 873 1236 et
908 1178 1210 1251 prudenter
1246 1179 1532 1247 discernit,
1562 1188 1620 1235 et

113 1281 348 1337 discretum
381 1273 578 1330 utiliter
596 1273 779 1345 eligit,
806 1280 865 1353 et
892 1274 1127 1331 electum
1158 1288 1257 1344 per
1299 1273 1501 1330 bonam
1527 1272 1618 1328 in—

108 1372 350 1429 tentionem
375 1367 438 1423 ad
466 1365 639 1424 Deum
684 1367 892 1440 dirigit.
934 1366 994 1423 Si
1032 1368 1199 1441 igitur
1225 1367 1420 1424 oculus
1446 1367 1620 1423 ratio-

108 1463 174 1518 nis
196 1462 281 1517 hoc
305 1460 454 1515 modo
480 1458 712 1531 simplex
736 1458 922 1527 fuerit,
953 1467 1129 1516 totum
1155 1475 1355 1531 corpus
1390 1460 1517 1517 vita
1536 1461 1623 1516 vel

103 1555 261 1628 operis,
281 1569 392 1625 quia
424 1551 516 1608 tali
564 1552 726 1609 oculo
755 1553 1110 1624 gubernatur,
1134 1552 1376 1613 lucidum
1398 1553 1522 1611 erit.
1562 1553 1622 1609 Si
1654 1606 1659 1611 .

102 1657 243 1703 autem
264 1645 443 1702 oculus
481 1645 715 1700 rationis
742 1644 908 1702 fuerit
929 1660 1164 1717 nequam
1182 1687 1198 1712 ,
1222 1645 1307 1701 vel
1334 1646 1621 1702 tenebroso

95 1735 420 1799 discernemlo,
446 1734 525 1789 vel
551 1734 694 1789 male
712 1734 985 1806 eligendo,
1006 1735 1090 1791 vel
1119 1734 1338 1806 oblique
1372 1735 1426 1790 in
1458 1736 1621 1791 finem

1719 538 1798 593 illi
1821 537 2035 594 debitas
2067 535 2274 608 gratias
2300 543 2489 607 agunt,
2515 542 2572 591 et
2599 535 2798 606 ingrati
2825 548 2984 607 sunt,
3010 548 3072 596 ut
3107 554 3307 599 novem

1716 629 1918 702 leprosi
1938 628 2035 700 qui
2067 628 2134 684 ad
2158 627 2499 685 reddendum
2526 626 2578 684 ei
2604 627 2812 698 gratias
2831 669 2847 695 ,
2874 645 3038 700 quem
3065 633 3311 690 curatio.

1718 721 1807 782 nis
1828 736 1946 798 sua:
1970 728 2252 776 auctorem
2284 725 2573 786 noverant,
2608 733 2719 773 non
2752 719 3057 779 redierunt.
3085 721 3155 779 Et
3176 731 3312 780 sunt

1719 811 1971 883 quidam,
2018 810 2115 881 qui
2148 817 2206 865 et
2254 809 2516 882 gaudium
2547 823 2712 865 suum
2765 818 2822 865 et
2866 824 3093 868 causam
3122 811 3307 883 gaudii

1720 901 1945 959 suiDeo
1973 900 2303 967 attribuunt,
2336 899 2467 956 etei
2504 900 2714 972 gratias
2759 910 2952 972 agunt,
2999 904 3095 959 sed
3142 902 3308 960 ﬁnem

1719 995 1901 1067 gaudii
1924 994 2013 1053 sui
2034 994 2103 1050 ad
2126 994 2368 1064 aliquam
2388 1008 2587 1049 vanam
2610 993 2970 1051 intentionem
2990 995 3311 1068 deﬂectunt,

1720 1095 1777 1143 et
1806 1072 1934 1142 vani
1965 1095 2125 1155 sunt,
2167 1094 2231 1142 ut
2254 1085 2553 1158 hypocrita:
2583 1094 2640 1142 et
2661 1101 2856 1144 omnes
2883 1089 3141 1149 vanitatis
3164 1105 3315 1147 ama-

1721 1189 1889 1236 tores.
1926 1177 2032 1247 Qui
2058 1195 2190 1252 ergo
2213 1187 2269 1236 et
2290 1178 2441 1250 quod
2466 1179 2687 1251 gaudet,
2716 1187 2775 1237 et
2799 1181 2944 1238 unde
2964 1181 3167 1254 gaudet
3197 1180 3313 1238 Deo

1721 1272 1993 1341 attribuit,
2018 1280 2076 1329 et
2108 1272 2235 1328 inde
2255 1272 2305 1328 ei
2330 1272 2538 1343 gratias
2567 1271 2703 1344 agit,
2748 1282 2804 1330 et
2853 1275 3110 1331 eumdem
3141 1274 3310 1331 tinem

1720 1381 1849 1423 eum
1888 1365 2197 1432 constituit,
2246 1364 2304 1421 in
2345 1363 2460 1421 Deo
2488 1363 2737 1436 profecto
2769 1366 3147 1438 gloriatur,.et
3172 1367 3313 1424 bene

1721 1456 2010 1529 gloriatur,
2049 1455 2097 1512 si
2136 1455 2206 1512 de
2228 1454 2378 1512 bono
2403 1456 2689 1527 glorietur.
2730 1456 2871 1514 Sunt
2896 1459 3043 1515 enim
3085 1459 3312 1531 quidam

1721 1549 1818 1621 qui
1852 1550 1920 1609 de
1963 1548 2111 1605 malo
2144 1548 2293 1605 bono
2318 1549 2646 1621 gloriantur,
2671 1558 2740 1606 ut
2775 1550 2980 1609 Paulus
3022 1561 3078 1610 et
3128 1552 3315 1610 caeteri

1722 1641 1860 1714 legis
1898 1641 2104 1710 aemuli,
2135 1642 2232 1713 qui
2267 1641 2645 1714 gloriabantur
2676 1644 2732 1699 in
2760 1645 3142 1715 persecutione
3182 1661 3316 1717 apo-

1704 1734 2014 1810 ‘stolonum,
2042 1733 2377 1789 arbitrantes
2412 1751 2432 1787 ι
2465 1749 2525 1790 se
2567 1734 2894 1805 obsequium
2916 1744 3179 1804 praestare
3199 1736 3319 1793 Deo

94 1826 256 1882 malum
278 1824 574 1896 dirigenda,
599 1834 774 1880 totum
800 1839 1002 1895 corpus
1025 1824 1150 1880 vita:
1170 1824 1256 1882 vel
1281 1824 1485 1895 operis,
1498 1842 1623 1897 quae
1655 1818 1696 1895 [ι
1726 1822 2092 1897 (Ιοαιι.ιγι),›
2124 1823 2401 1880 habebant
2428 1824 2654 1901 quidem
2684 1824 2860 1880 selum
2890 1845 2910 1878 ι
2931 1824 3048 1893 Dei,
3070 1827 3166 1883 sed
3202 1842 3316 1883 non

91 1918 164 1972 tali
182 1916 322 1972 oculo
350 1917 708 1988 gubernatur,
751 1917 1102 1973 tenebrosum
1129 1918 1253 1973 erit.
1284 1916 1411 1973 Vide
1430 1920 1622 1991 igitur,

88 2006 247 2076 inquit,
285 2022 344 2061 uc
378 2005 555 2059 lumen
592 2005 734 2077 quod
764 2006 821 2061 in
845 2014 893 2061 te
925 2015 1026 2074 est,
1050 2007 1275 2063 teneone
1299 2007 1439 2074 sint,
1463 2008 1517 2064 id
1540 2017 1626 2065 est

88 2097 182 2153 vide
201 2110 262 2151 ne
280 2095 415 2151 ratio
440 2104 555 2161 tua,
592 2110 718 2167 quae
751 2104 802 2150 te
821 2095 984 2152 debet
1011 2096 1441 2164 illuminare,vel
1470 2108 1623 2154 tene-

82 2190 212 2244 brose
252 2189 329 2243 vel
381 2186 650 2243 inutiliter
677 2187 763 2242 vel
790 2170 1011 2259 oblique
1038 2187 1272 2245 videndo
1290 2230 1307 2256 ,
1336 2188 1623 2245 tenebrosa

79 2281 149 2336 sit.
172 2278 225 2336 Si
252 2288 441 2348 autem,
469 2280 670 2352 inquit,
703 2289 871 2336 totum
904 2297 1093 2352 corpus
1118 2290 1290 2349 tuum,
1308 2281 1361 2336 id
1398 2290 1485 2338 est
1504 2281 1628 2338 vitae

75 2372 139 2428 vel
162 2373 358 2444 operis,
401 2372 649 2428 lucidum
677 2374 780 2428 erit
803 2414 819 2440 ,
872 2373 1085 2430 scilicet
1121 2389 1231 2430 non
1267 2374 1498 2443 habens,
1524 2390 1629 2432 nec

70 2480 150 2535 per
189 2458 546 2538 ignorantiam
587 2481 689 2523 nec
737 2481 838 2537 per
884 2467 1086 2523 malam
1129 2467 1452 2524 electionem
1472 2509 1489 2535 ,
1525 2483 1629 2524 nec

67 2571 143 2625 per
164 2557 428 2627 obliquam
452 2557 844 2625 intentionem,
875 2557 1086 2630 aliquid
1108 2548 1457 2615 tenebrarum
1474 2600 1492 2626 ,
1521 2558 1627 2615 erit

68 2643 272 2701 Incidunt
305 2655 512 2714 totum,
543 2647 598 2702 id
645 2656 733 2703 est
782 2656 931 2704 totus
983 2648 1173 2704 homo.
1213 2636 1270 2703 Si
1300 2649 1448 2705 enim
1487 2650 1630 2705 ratio

62 2747 136 2792 tua
158 2746 237 2794 est
263 2747 375 2795 tota
396 2738 591 2795 lucida
622 2748 677 2794 et
699 2740 809 2795 vita
838 2749 932 2796 tua
956 2749 1068 2796 tota
1094 2740 1275 2797 lucida
1293 2781 1310 2809 ,
1345 2750 1474 2796 tunc
1498 2756 1627 2814 per-

63 2828 176 2885 fecte
207 2838 351 2886 totus
374 2831 492 2888 eris
534 2831 776 2900 lucidus,
802 2841 855 2888 et
881 2831 1077 2888 oculus
1098 2840 1228 2887 tuus
1246 2833 1472 2889 omnino
1494 2833 1629 2891 sim—

52 2921 173 2991 plex.
205 2921 378 2990 Tunc,
403 2925 549 2979 sicut
585 2923 802 2979 lucerna
825 2923 1049 2996 fulgoris
1084 2923 1410 2980 illuminabit
1468 2937 1537 2995 te,
1569 2935 1631 2984 ut

54 3012 275 3069 videlicet
310 3015 391 3071 sis
434 3015 664 3071 lucidus
711 3030 879 3086 penes
929 3015 1203 3087 teipsum,
1248 3031 1417 3088 penes
1454 3033 1629 3090 popu-

48 3106 171 3175 lum,
216 3116 270 3164 et
299 3123 478 3179 penes
514 3107 713 3163 Deum.
759 3107 982 3180 itaque,
1013 3107 1211 3165 fratres
1240 3110 1370 3180 mei,
1405 3112 1628 3168 oculum

1726 1914 2027 1972 secundum
2065 1914 2355 1971 scientiam
2406 1914 2582 1985 (Rom.
2636 1916 2719 1986 x).
2762 1935 2782 1969 ι
2846 1914 2989 1974 Sunt
3033 1925 3090 1973 et
3117 1918 3213 1988 qui
3248 1917 3320 1974 de

1724 2005 1873 2063 bono
1903 2006 1958 2062 in
2000 2008 2148 2063 malo
2190 2007 2522 2081 gloriantur,
2555 2016 2619 2063 ut
2647 2008 2971 2080 hypocrita,
3001 2018 3060 2065 et
3099 2010 3321 2081 pejores

1726 2108 1857 2155 sunt
1880 2099 2181 2172 hypocrita:
2204 2099 2354 2155 enim
2379 2099 2447 2156 de
2473 2099 2644 2168 bono,
2670 2100 2719 2157 si
2765 2101 2911 2172 quod
2943 2099 3156 2158 faciunt
3178 2116 3320 2157 vane

1727 2192 2054 2265 gloriantur.
2085 2191 2229 2248 Sunt
2255 2199 2312 2249 et
2334 2191 2432 2263 qui
2467 2192 2537 2248 de
2558 2191 2704 2248 malo
2733 2192 2789 2248 in
2815 2193 2962 2248 malo
2988 2192 3317 2264 gloriantur,

1726 2294 1782 2341 et
1814 2285 2043 2356 pessimi
2067 2292 2218 2361 sunt,
2250 2292 2311 2340 ut
2338 2285 2415 2340 illi
2454 2304 2473 2337 ι
2503 2285 2601 2357 qui
2622 2284 2876 2341 laetantur
2906 2300 3037 2342 cum
3066 2286 3209 2342 male
3238 2283 3321 2342 fe-

1728 2377 1926 2447 cerint,
1956 2386 2012 2433 et
2040 2377 2322 2435 exsultant
2349 2377 2405 2433 in
2431 2377 2598 2435 rebus
2636 2377 2897 2448 pessimis
2934 2377 3120 2449 (Prov.
3168 2378 3254 2449 ιι).
3290 2397 3312 2431 ι

1730 2467 1871 2526 Sunt
1906 2476 1960 2525 et
1987 2468 2083 2541 qui
2109 2469 2176 2525 de
2206 2468 2353 2526 bono
2400 2468 2459 2524 in
2513 2467 2659 2525 bono
2702 2468 3034 2541 gloriantur,
3085 2477 3141 2526 et
3184 2468 3319 2525 boni

1730 2570 1881 2645 sunt,
1902 2571 1964 2619 ut
1988 2561 2065 2618 illi
2093 2561 2162 2618 de
2186 2561 2333 2619 bono
2357 2560 2506 2633 quod
2528 2559 2753 2628 habent,
2768 2560 2824 2616 iu
2852 2559 2965 2617 Deo
2987 2561 3315 2634 glorientur.

1728 2652 1835 2722 Qui
1857 2668 1989 2725 ergo
2009 2653 2077 2710 de
2110 2652 2257 2709 bono
2287 2652 2343 2707 in
2378 2652 2526 2708 bono
2577 2651 2900 2723 gloriantur,
2953 2652 3093 2708 bene
3128 2653 3321 2726 utique

1727 2756 1785 2804 et
1810 2747 2046 2805 discreto
2074 2730 2305 2805 faciunt.
2347 2745 2531 2814 Quare
2572 2753 2757 2801 autem
2793 2746 2960 2801 homo
2990 2745 3184 2803 debeat
3205 2760 3320 2802 non

1731 2839 1786 2924 in
1813 2855 1894 2907 se,
1918 2839 2013 2896 scd
2059 2838 2115 2895 in
2146 2838 2258 2894 Deo
2304 2836 2551 2910 gloriari,
2590 2836 2853 2904 ostendit,
2907 2852 3032 2893 cum
3072 2836 3258 2893 subdit
3302 2855 3320 2891 ;
3379 2893 3382 2895 λ

1734 2930 1855 2987 Non
1890 2930 2032 2989 enim
2064 2932 2156 3003 qui
2191 2930 2421 3002 seipsum
2452 2928 2783 2984 commendat
2813 2927 2905 2983 ille
2941 2928 3194 3000 probatus
3217 2937 3323 2995 est,

1729 3032 1821 3088 sed
1842 3049 1998 3106 quem
2022 3031 2166 3088 Deus
2198 3030 2558 3098 commendat,
2584 3029 2641 3086 id
2664 3038 2753 3087 est
2774 3045 2890 3086 non
2915 3045 2985 3086 ex
3019 3029 3127 3087 hoc
3168 3030 3321 3103 quod

1731 3122 1930 3195 aliquis
1953 3138 2014 3179 se
2040 3122 2237 3193 probat
2263 3129 2349 3179 est
2368 3121 2631 3193 probatus
2658 3128 2714 3177 ct
2757 3119 3076 3189 laudabilis,
3115 3121 3214 3177 sed
3240 3137 3312 3178 ex

49 3200 221 3255 mentis
257 3216 508 3273 purgare
539 3201 886 3268 Studeamus,
942 3217 1053 3258 non
1099 3203 1278 3258 solum
1332 3204 1619 3261 tenebrosa
1652 3222 1698 3283 ρ
1730 3212 1833 3269 hoc
1847 3210 1996 3284 quod
2017 3210 2163 3268 Deus
2186 3227 2313 3268 eum
2334 3212 2526 3283 probat
2547 3219 2603 3267 et
2622 3210 3150 3277 commendat.Sunt
3169 3210 3323 3267 enim

40 3304 204 3360 opera,
240 3292 339 3348 sed
374 3293 559 3348 etiam
601 3293 924 3349 tenebrosas
944 3293 1302 3366 cogitationes
1327 3294 1627 3367 fugiamus,

41 3380 160 3438 bona
199 3399 369 3456 opera
405 3401 548 3441 cum
601 3384 745 3440 bona
778 3385 1079 3443 intentione
1102 3385 1415 3455 faciamus;
1456 3387 1629 3445 Deum

34 3477 175 3532 tinem
202 3492 447 3549 operum
480 3486 809 3534 nostrorum
830 3479 1335 3548 constituamus,ad
1364 3497 1490 3537 eutn
1516 3490 1632 3538 toto

35 3567 286 3626 desiderio
318 3571 709 3640 festinemus;
738 3572 1004 3629 vileseaut
1026 3574 1186 3631 nobis
1212 3574 1394 3637 omnia
1427 3590 1549 3645 quae
1576 3575 1630 3630 in

31 3660 117 3718 hoc
141 3663 350 3720 sarculo
382 3664 784 3736 possidemus,
829 3666 1015 3723 omnia
1056 3683 1399 3740 quacunque
1437 3684 1636 3739 possu-

33 3768 155 3819 mus,
179 3755 248 3810 ad
277 3757 562 3812 cmlcstcs
588 3755 882 3813 thesauros
918 3772 1014 3828 per
1046 3772 1214 3828 opera
1241 3759 1635 3818 misericordia:

29 3843 443 3914 :ransfcramus,
462 3853 756 3919 quatenus
780 3845 919 3901 stola
946 3856 1163 3903 aeterna:
1191 3848 1459 3906 claritatis
1480 3848 1632 3905 indui

32 3951 343 4005 uereamur,
372 3946 699 4008 praestante
727 3937 835 3993 Deo
871 3947 926 3994 et
974 3936 1210 3995 Domino
1272 3950 1461 3997 nostro
1503 3940 1633 3998 Jcsu

31 4015 239 4099 lbristo,
305 4030 415 4103 qui
484 4046 629 4086 cum
674 4028 835 4086 Patre
858 4038 914 4086 et
953 4030 1160 4103 Spiritu
1190 4043 1383 4090 saneto
1419 4034 1554 4090 vivit
1578 4044 1634 4091 et

32 4133 184 4192 cgnat
213 4124 270 4178 in
292 4133 627 4180 aeternum.
649 4120 825 4178 Amen

314 4233 704 4295 COMMUNE
745 4235 957 4307 UMUS
997 4236 1319 4297 ιἰιιοιΝιε.

746 4325 919 4387 XXX.

82 4439 243 4483 ωριτε
296 4439 598 4481 ιἰιιοικιε.
641 4439 710 4478 ιιε
760 4439 1018 4480 ειιιετοιλ

744 4510 938 4551 SERIIO.

1071 4441 1139 4480 ,ιιι
1188 4440 1513 4484 εοιιικτιιιοθ

1732 3304 1955 3376 quidam
1979 3303 2074 3376 qui
2098 3303 2153 3360 in
2177 3311 2478 3374 conspectu
2510 3302 2829 3371 hominum,
2856 3304 3018 3359 vanis
3041 3302 3324 3370 laudibus,

1733 3396 1816 3453 vel
1839 3396 2113 3452 simulatis
2136 3395 2395 3466 operibus
2432 3409 2554 3451 sese
2578 3393 2818 3465 probant
2850 3402 2906 3450 et
2934 3395 3325 3466 reprobantur,

1734 3488 2109 3560 utjaetatores
2136 3496 2191 3543 et
2210 3472 2529 3559 hypocrita.
2561 3484 2701 3541 Sunt
2738 3493 2794 3542 et
2822 3484 2916 3540 alii
2946 3485 3042 3558 qui
3090 3486 3147 3541 in
3189 3501 3327 3544 cou-

1733 3589 1925 3653 spcetu
1983 3579 2079 3635 Dei
2123 3579 2191 3635 de
2231 3578 2337 3634 [ide
2388 3586 2443 3634 et
2470 3578 2741 3635 charitatc
2789 3592 2890 3634 sua
2930 3585 3330 3650 praesumentes

1734 3688 1856 3730 sese
1888 3672 2144 3744 probant.
2177 3670 2245 3727 Et
2297 3671 2423 3727 inde
2473 3685 2583 3726 non
2640 3670 2764 3725 ideo
2812 3671 3199 3743 reprobantur,
3224 3670 3325 3729 sed

1735 3767 1913 3840 magis
1951 3765 2335 3837 improbantur
2366 3772 2422 3820 et
2450 3762 2836 3831 humiliantur,
2876 3772 2939 3820 ut
2971 3779 3128 3821 suam
3162 3778 3325 3820 reco-

1735 3869 2003 3931 gnoscant
2033 3856 2517 3923 intirmitatcm,ut
2537 3855 2736 3912 Petrus
2766 3855 2834 3912 dc
2879 3872 2938 3913 se
2982 3872 3331 3927 praesumens

1734 3953 1871 4010 dixit
1897 3970 1911 4008 :
1949 3972 1969 4005 ι
1994 3950 2131 4007 Etsi
2160 3949 2464 4022 oportuerit
2492 3965 2580 4006 me
2602 3948 2745 4005 mori
2787 3959 2989 4016 tecum,
3021 3965 3132 4006 non
3154 3959 3206 4006 te
3227 3965 3328 4005 ne-

1735 4047 1878 4120 gabo
1904 4044 2125 4117 (Matth.
2150 4045 2327 4116 xxvi).
2356 4063 2377 4094 ι
2412 4040 2724 4098 Permissus
2773 4050 2861 4101 est
2906 4041 3131 4113 cadere,
3168 4050 3228 4099 ut
3258 4042 3329 4099 de

1736 4147 1936 4197 caetero
1956 4154 2115 4195 suam
2146 4135 2522 4193 inﬁrmitatem
2553 4143 2903 4213 agnosceret,
2931 4143 2988 4191 et
3013 4149 3124 4190 non
3148 4134 3205 4190 in
3242 4149 3328 4203 se,

1738 4233 1832 4290 sed
1862 4232 1918 4288 in
1948 4231 2066 4289 solo
2088 4229 2201 4286 Deo
2230 4227 2551 4286 confideret.
2593 4226 2688 4284 Sic
2732 4237 2789 4284 et
2814 4226 2984 4283 David
3007 4242 3132 4286 cum
3164 4228 3328 4299 quasi

1736 4324 1805 4380 de
1827 4339 1887 4381 se
1914 4321 2303 4396 praesumendo
2329 4320 2559 4378 dixisset
2584 4339 2599 4375 :
2629 4339 2647 4372 ι
2671 4318 2789 4393 Ego
2807 4319 2925 4376 dixi
2959 4319 3013 4383 iu
3039 4319 3328 4379 abundau-

1739 4418 1812 4475 tia
1848 4433 1973 4474 mea
2023 4435 2038 4473 :
2094 4415 2217 4473 Non
2270 4417 2534 4474 movebor
2561 4417 2615 4472 in
2645 4425 2914 4474 aeternum
2943 4415 3329 4489 (Ρδαιηιιιι),

1740 4530 1869 4570 mox
1890 4514 1961 4571 de
1974 4514 2080 4571 hac
2093 4513 2526 4585 praesumptione
2548 4527 2609 4569 se
2628 4521 2937 4569 correctum
2955 4526 3078 4566 esse
3098 4510 3331 4565 demou-

43 4588 151 4657 Qtti
183 4591 529 4664 gloriatur,
567 4589 625 4643 in
665 4588 891 4643 Domino
941 4589 1198 4660 glorietur
1252 4588 1343 4660 (11
1380 4588 1507 4646 Cor.
1550 4591 1624 4662 ς),

1740 4613 1903 4673 strat,
1924 4621 2051 4662 cum
2078 4568 2265 4662 s‘ubdit
2291 4623 2306 4661 :
2340 4568 2379 4657 ἰ
2399 4604 2656 4660 Avertisti
2680 4602 2874 4659 faciem
2904 4610 3053 4657 tuam
3083 4616 3115 4655 a
3137 4615 3250 4666 me,
3271 4608 3328 4657 ct

24 4698 68 4739 c.
97 4683 235 4742 Haec
296 4685 497 4741 lectio
562 4681 839 4753 tripartito
884 4691 990 4750 est,
1046 4681 1244 4740 fratres
1284 4683 1415 4739 mei.
1446 4683 1634 4741 Primo

32 4775 109 4833 im
160 4787 382 4834 memet
427 4775 760 4849 Apostolus
804 4774 1128 4843 gloriantem
1164 4776 1218 4832 in
1246 4774 1485 4833 Domino
1510 4777 1628 4850 glo-

25 4876 109 4932 tri.
147 4876 454 4933 Secundo
502 4882 675 4945 optat
703 4888 859 4929 suam
892 4872 1259 4944 insipientiam
1292 4875 1628 4946 supportari.

24 4969 145 5025 .rtio
183 4968 346 5026 dicit
391 4982 468 5025 se
511 4965 708 5021 zelarc
732 4980 833 5020 nos
861 4965 979 5022 zelo
1016 4964 1136 5024 Dei.
1164 4965 1412 5024 Primum
1464 4967 1631 5040 igitur

23 5072 139 5118 iuet
161 5075 228 5118 ut
243 5065 355 5137 qui
385 5061 719 5134 gloriatur,
744 5059 801 5113 in
825 5059 1052 5114 Domino
1065 5059 1345 5133 glorietur.
1363 5061 1538 5127 Porro
1563 5062 1632 5117 ad

21 5155 91 5212 od
124 5156 371 5229 aliquis
410 5156 481 5210 in
517 5151 769 5208 Domino
795 5153 1081 5225 glorietur,
1114 5155 1219 5210 tria
1252 5166 1629 5211 concurrunt:

26 5253 190 5322 quod
227 5250 568 5325 gaudium
608 5261 773 5304 suum
804 5255 859 5302 et
889 5262 1119 5325 causam
1168 5248 1290 5319 ejus
1316 5247 1430 5304 Deo
1482 5249 1636 5304 attri-

20 5353 87 5413 tt,
119 5355 185 5403 et
232 5322 427 5419 quod
470 5340 629 5397 inde
657 5341 710 5397 ei
738 5341 947 5413 gratias
978 5322 1135 5413 agat,
1163 5349 1218 5397 et
1249 5341 1398 5413 quod
1448 5342 1631 5414 gaudii

42 5440 246 5498 Deum
284 5440 505 5497 finem
552 5435 882 5492 constituat.
917 5433 1061 5491 Sunt
1090 5429 1237 5492 enim
1271 5434 1493 5506 quidam
1536 5437 1631 5507 qui

19 5533 206 5590 idiom
233 5546 448 5591 suum
484 5536 561 5584 et.
595 5541 822 5583 causam
848 5524 1035 5598 gaudii
1064 5524 1173 5592 sui,
1219 5524 1348 5592 sibi,
1373 5540 1483 5581 non
1516 5523 1629 5581 Deo

19 5626 289 5694 ibunnt,
330 5633 404 5680 et
438 5617 703 5689 superbi
737 5627 867 5674 sunt
911 5625 970 5671 ut
1003 5615 1079 5671 illi
1109 5616 1203 5687 qui
1229 5615 1422 5674 dicunt
1450 5635 1495 5673 ει
1522 5615 1628 5673 Ma~

19 5725 281 5773 ,ποία-ει
320 5710 637 5775 excelsa,
662 5715 717 5763 et
746 5723 855 5763 non
890 5705 1158 5769 Donu'uus
1189 5705 1317 5763 fecit
1361 5706 1479 5764 haec
1513 5723 1633 5763 om-

29 5809 252 5883 (Deut.
335 5801 613 5871 xxx“).
650 5819 668 5852 ι
719 5798 786 5855 Et
817 5809 946 5857 sunt
982 5798 1206 5873 quidam
1239 5799 1334 5874 qui
1372 5799 1640 5875 gaudium

1741 4695 1918 4753 factus
1940 4711 2063 4753 sum
2089 4694 2697 4766 conturbatus(ibid.).i
2723 4691 2987 4749 Similiter
3010 4707 3138 4747 cum
3165 4690 3233 4748 de
3267 4707 3330 4748 se

1739 4787 2127 4859 praesumendo
2147 4788 2379 4846 dixisset
2411 4806 2425 4843 :
2460 4806 2477 4840 ι
2505 4785 2696 4842 Juravi
2737 4794 2792 4841 et
2834 4784 3006 4841 statui
3051 4785 3331 4842 custodire

1734 4880 1941 4950 judicia
1987 4880 2216 4952 iustitiae
2269 4888 2379 4936 tua:
2430 4876 2605 4951 (Psal.
2655 4878 2872 4947 cxvtu),
2900 4895 2918 4928 ι
2956 4892 3082 4931 mox
3120 4877 3188 4935 de
3223 4876 3329 4934 hac

1736 4970 2166 5042 prmumptioue
2226 4985 2286 5025 se
2350 4977 2658 5025 correctum
2712 4982 2838 5023 esse
2899 4966 3140 5023 ostendit
3196 4982 3326 5022 cum

1734 5063 1919 5119 subdit
1953 5082 1967 5119 :
1998 5082 2017 5116 ι
2052 5062 2385 5118 llumiliatus
2436 5077 2559 5117 sum
2617 5074 3037 5131 usquequaque,
3074 5057 3328 5125 Domine,

1732 5152 1944 5209 vivifica
1969 5168 2056 5209 me
2078 5152 2383 5208 secundum
2420 5151 2648 5206 verbum
2686 5159 2841 5205 tuum
2880 5148 3087 5220 (ibid.).
3126 5169 3146 5202 ι
3185 5147 3328 5205 Sunt

1732 5252 1787 5300 et
1815 5242 1907 5298 alii
1949 5242 2043 5313 qui
2069 5241 2247 5298 coacti
2279 5241 2566 5296 humiliter
2596 5249 2651 5296 et
2679 5238 2788 5294 line
2828 5238 3016 5295 debito
3045 5254 3166 5295 sese
3195 5255 3324 5310 pro-

1732 5335 1885 5400 bant,
1917 5350 2017 5390 nec
2041 5346 2223 5390 tamen
2251 5350 2320 5389 ex
2363 5334 2469 5389 hoc
2497 5331 2887 5402 reprobantur,
2914 5330 3011 5387 sed
3042 5331 3229 5404 potius
3256 5346 3324 5386 ex

1736 5431 1841 5485 hoc
1865 5427 2012 5484 Deus
2040 5444 2137 5485 eos
2166 5428 2365 5500 probat
2403 5435 2459 5483 et
2477 5425 2849 5495 commendat,
2870 5434 2932 5482 ut
2952 5424 3175 5491 Paulus,
3206 5424 3325 5495 qui,

1737 5530 1963 5580 coactus
1986 5539 2017 5578 a
2051 5521 2555 5594 pseudoapostolis,
2592 5536 2713 5579 sese
2742 5520 3089 5576 commendat
3126 5516 3324 5573 Corin-

1738 5615 1872 5672 thiis
1897 5613 1989 5687 (II
2011 5613 2137 5671 Cor.
2171 5615 2273 5687 xi),
2316 5622 2377 5670 ut
2411 5612 2589 5686 magis
2612 5612 2836 5669 audiant
2863 5628 2989 5669 eum
3024 5610 3323 5682 praedican-

1743 5718 1853 5765 tem
1902 5723 2030 5764 vera
2065 5722 2231 5779 quam
2278 5705 2738 5779 pseudoapostolo
2781 5703 3112 5777 praedicante
3165 5700 3324 5758 falsa.

1743 5800 1920 5859 Homo
1945 5801 2110 5875 igitur
2141 5819 2200 5860 se
2222 5802 2411 5860 laudat
2428 5801 2568 5859 solis
2598 5799 2799 5870 verbis,
2825 5798 2972 5857 Deus
3000 5786 3182 5856 autem
3210 5794 3331 5851 lau-
