3834 6332
475 371 602 433 l607

1719 344 2072 406 RADULPIII
2112 339 2461 398 ARDENTIS

471 495 565 551 dat
588 484 867 543 hominem
893 476 1075 534 factis.
1107 473 1284 529 llomo
1343 483 1406 526 se
1455 467 1667 533 laudat,
1727 462 2060 519 laudabilem
2089 463 2138 524 Α
2159 454 2476 528 promissis,
2521 448 3030 514 exhortationilnts,
3076 444 3264 510 minis,
3304 447 3552 502 verberibus
3583 452 3628 504 ,α

475 592 686 642 tantum
705 592 766 633 se
788 588 912 630 esse
932 569 1192 626 dicendo:
1221 565 1368 620 Deus
1383 575 1516 617 vero
1541 559 1730 614 laudat
1757 555 2061 618 hominem,

473 691 600 736 eum
629 667 958 727 laudabilem
1011 659 1291 724 faciendo,
1321 649 1656 712 conferendo
1711 649 1964 704 videlicet
2012 644 2064 700 ei

422 838 429 844 _
477 768 684 843 gratias
711 777 864 827 suas,
892 767 947 814 et
977 754 1251 828 praecipue
1275 749 1535 805 virtutem
1567 741 1922 806 humilitatis,
1955 753 2066 810 qua

478 833 786 917 instruatur
805 865 1022 920 semper
1035 847 1102 902 de
1122 860 1183 901 se
1197 841 1480 898 humiliter
1504 837 1729 902 sentire,
1749 833 1885 890 nihil
1907 833 2064 896 dese,

481 953 576 1012 sed
598 963 815 1020 semper
829 945 897 1000 de
908 942 1020 996 Deo
1044 949 1396 1010 praesumere,
1411 931 1594 986 omnia
1617 928 1725 983 Deo
1747 926 2064 989 attribuere,

481 1056 537 1102 et
555 1045 636 1118 :ad
665 1043 836 1098 Deum
856 1035 1036 1092 omnia
1069 1029 1291 1088 referre.
1317 1026 1446 1083 Haec
1465 1024 1743 1080 hominem
1778 1020 2068 1091 probatum

484 1113 648 1210 atque
678 1131 1004 1192 laudabilem
1046 1126 1274 1182 faciunt.
1317 1121 1534 1189 Quanto
1580 1117 1723 1172 enim
1749 1116 1875 1186 quis
1896 1113 2072 1184 magis

485 1209 624 1303 fugit
645 1227 895 1302 gloriam,
915 1229 1066 1277 tanto
1090 1218 1264 1289 magis
1287 1229 1413 1270 eum
1441 1211 1614 1285 gloria
1637 1209 1905 1280 sequitur.

557 1302 812 1380 Secundo
843 1326 999 1389 optat
1028 1311 1324 1384 Apostolus
1345 1322 1502 1364 suam
1531 1302 1902 1374 insipientiam
1935 1313 2071 1368 sup-

483 1415 712 1488 portari,
739 1427 862 1468 cum
896 1407 1080 1465 subdit
1122 1425 1134 1462 :
1182 1403 1399 1460 Utinam
1433 1397 1764 1456 sustinentis
1803 1394 2073 1449 modicum

484 1483 612 1581 quid
638 1505 962 1576 insipientirc
985 1500 1149 1555 metu!
1195 1497 1284 1552 sed
1308 1503 1356 1550 et
1385 1498 1692 1564 supportate
1721 1505 1800 1542 me
1832 1485 1888 1559 (Ι
1895 1485 1918 1538 1
1945 1483 2068 1540 Cor.

488 1577 586 1673 tu).
633 1599 806 1654 Porro
837 1611 997 1651 suam
1035 1589 1402 1660 insipientiam
1439 1592 1600 1640 vocat
1625 1581 1939 1652 Apostolus,
1967 1577 2074 1632 hoc

487 1691 633 1764 quod
675 1690 920 1760 seipsum
965 1681 1354 1740 commendare
1387 1687 1470 1732 est
1531 1673 1849 1746 compulsus
1877 1712 1890 1739 ,
1947 1683 2074 1725 cum

491 1784 754 1853 scriptum
788 1781 857 1835 sit
886 1799 898 1834 :
936 1798 952 1828 ‹
977 1775 1185 1830 Laudet
1207 1782 1260 1827 te
1280 1788 1343 1826 os
1373 1771 1632 1833 alienum,
1685 1776 1738 1822 et
1778 1781 1888 1822 non
1919 1774 2072 1820 tuum

493 1874 673 1948 (Prov.
701 1873 896 1942 xxvtt).
924 1891 940 1922 ι
979 1861 1268 1938 Nunquam
1297 1865 1442 1919 enitn
1468 1872 1595 1917 sunt
1622 1860 1854 1930 alicujus
1889 1857 2076 1929 probi,-

494 1977 634 2022 tatcs
675 1966 748 2021 ita
787 1960 1104 2034 splendidzc,
1129 1959 1260 2029 quin
1293 1971 1358 2010 ex
1389 1953 1508 2024 ejus
1534 1967 1629 2007 ore
1663 1951 1795 2005 liant
1820 1947 2077 2006 sordidm.

495 2051 656 2115 Esset
679 2058 844 2128 igitur
874 2069 1003 2110 vere
1029 2049 1342 2121 insipientia
1367 2045 1510 2118 quod
1529 2044 1826 2115 Apostolus
1850 2057 1908 2098 se
1930 2053 2082 2096 com-

495 2149 737 2216 mendat,
764 2146 874 2202 nisi
902 2145 1008 2200 hoc
1039 2141 1321 2198 humiliter
1352 2149 1407 2193 et.
1433 2137 1616 2192 debito
1647 2135 1753 2190 fine
1782 2129 2007 2198 faceret,
2030 2141 2084 2187 et

495 2242 603 2299 nisi
637 2242 814 2314 magis
850 2240 904 2294 in
937 2254 996 2294 se
1041 2236 1210 2292 Deum
1245 2250 1408 2305 quam
1446 2233 1686 2301 scipsum
1729 2228 2083 2285 commenda-

499 2345 598 2392 ret.
630 2335 767 2391 Tres
799 2334 946 2389 enim
968 2345 1152 2388 causa:
1179 2329 1534 2384 inveniuntur
1568 2326 1622 2380 in
1653 2324 1826 2381 sacris
1863 2322 2083 2388 litteris,

495 2431 698 2502 quibus
719 2427 893 2485 sancti
919 2433 1190 2498 coguntur
1229 2437 1330 2478 sua
1376 2422 1517 2477 bona
1557 2419 1837 2474 humiliter
1877 2426 2086 2474 retracb

499 2538 635 2592 tare,
668 2525 918 2580 videlicet
940 2530 1035 2577 aut
1062 2519 1283 2592 quando
1308 2525 1634 2589 premuntur
1655 2512 1961 2568 vehementi
1987 2510 2088 2564 ad-

501 2621 781 2684 versitate,
811 2619 953 2672 bona
977 2629 1076 2670 sua
1105 2614 1177 2668 ad
1201 2611 1636 2668 consolationem
1660 2616 1714 2662 et
1735 2619 1887 2677 spem
1914 2603 2091 2658 humi-

499 2713 624 2768 liter
648 2717 972 2776 retractant,
1011 2717 1073 2762 ut
1100 2705 1205 2761 Job
1240 2705 1333 2776 qui
1361 2703 1577 2758 dicebat
1624 2743 1634 2756 .
1692 2715 1710 2751 ι
1753 2696 1960 2753 Oculus
2011 2695 2087 2750 fui

500 2817 666 2869 caten,
699 2815 753 2859 ct
774 2817 870 2874 pes
915 2799 1110 2856 claudo
1159 2797 1281 2869 (Job
1314 2796 1488 2866 XXIX).
1531 2815 1547 2846 ι
1591 2795 1661 2848 At
1695 2791 1915 2863 quando
1965 2801 2088 2844 mo-

501 2909 630 2952 vere
657 2897 849 2950 volunt
875 2891 1046 2948 Deum
1077 2905 1358 2948 summum
1387 2887 1634 2943 Iudicem
1663 2887 1729 2940 ad
1772 2883 2088 2939 misericor-

503 2986 675 3053 diam,
707 2995 765 3040 ut
792 2985 1076 3051 Ezechias,
1101 2985 1190 3038 cui
1217 2997 1342 3037 cum
1365 2981 1571 3036 dictum
1595 2988 1739 3035 esset
1767 2993 1797 3032 a
1823 2976 2088 3031 Domino:

511 3101 530 3133 ι
559 3079 808 3134 Morieris
845 3087 901 3132 tu
932 3085 985 3132 et
1023 3089 1132 3130 non
1161 3077 1336 3141 vives,
1367 3073 1473 3128 ait:
1509 3071 1802 3136 Memento,
1839 3068 2089 3136 Domine,

423 3207 432 3214 -
505 3169 786 3242 quomodo
819 3167 1214 3224 ambulaverint
1252 3179 1436 3220 coram
1482 3164 1618 3219 tein
1663 3163 1891 3218 veritate
1948 3160 2086 3232 (lsa.

509 3267 764 3334 xxxvut).
793 3281 811 3314 ι
846 3265 957 3317 Aut
987 3259 1210 3328 quando
1249 3259 1441 3312 volunt
1469 3256 1801 3328 persuadere
1829 3252 2094 3310 auditori-

509 3360 633 3422 ints,
661 3364 721 3410 ut
752 3355 857 3411 sibi
887 3354 1066 3425 magis
1097 3351 1453 3423 acquiescant
1493 3365 1659 3420 quam
1686 3345 2094 3420 pscutloprmdi-

507 3450 810 3515 caloribus,
839 3459 897 3503 ut
927 3447 1016 3502 hic
1044 3443 1248 3502 Paulus
1287 3463 1300 3499 :
1347 3441 1607 3510 Ministri,
1649 3441 1846 3512 inquit,
1889 3437 2097 3495 Christi

491 3552 662 3611 sunt,
697 3553 752 3598 et
799 3557 924 3613 ego,
979 3545 1064 3608 (ut
1105 3539 1292 3594 ntinus
1340 3537 1560 3606 sapiens
1604 3534 1780 3600 dico),
1819 3533 1942 3604 plus
1971 3547 2092 3603 ego.

512 3634 665 3691 llanc
702 3647 834 3705 ergo
883 3631 1256 3703 insipientiam
1305 3645 1460 3686 suam
1510 3637 1663 3698 Optat
1683 3627 1978 3697 Apostolus
2005 3641 2104 3684 sua

512 3727 727 3793 stincri,
767 3743 834 3782 ac
874 3726 922 3782 si
959 3725 1106 3780 dicat
1134 3743 1147 3779 :
1177 3722 1318 3795 Opto
1343 3731 1402 3778 nt
1424 3735 1600 3776 meam
1630 3733 1922 3792 perSonatn
1955 3735 2100 3774 com-

513 3821 865 3877 mendantem
911 3833 1021 3873 non
1067 3815 1430 3888 redarguatis,
1462 3815 1555 3871 sed
1588 3815 1944 3880 sustinentis;
1976 3813 2092 3880 sed,

513 3910 663 3982 quod
694 3909 820 3980 plus
849 3917 954 3974 est,
978 3915 1298 3978 supportatc
1321 3919 1442 3976 .me.
1479 3903 1831 3959 Sustincmus
1861 3903 2007 3956 enim
2037 3917 2101 3958 ea

515 4019 640 4075 qum
665 4017 771 4057 non
800 4001 1190 4072 approbamus.
1215 3998 1618 4068 Supportantus
1646 4013 1708 4051 ea
1739 3997 1941 4067 quibus
1968 4009 2102 4050 ron-

517 4095 809 4150 sentimus.
842 4091 937 4148 Est
963 4108 1094 4162 ergo
1116 4107 1182 4147 ac
1207 4091 1253 4146 si
1277 4090 1426 4146 dicat
1445 4107 1458 4144 :
1476 4089 1532 4144 Si
1554 4087 1910 4145 infirm'tates
1931 4100 1985 4144 ct
2009 4105 2106 4143 es-

519 4203 712 4244 ccssus
732 4187 906 4258 patris
932 4187 1103 4242 vestri
1127 4181 1431 4258 spiritualis
1461 4185 1736 4240 sustinere
1757 4193 1812 4238 et
1840 4197 2106 4238 excusare

519 4279 823 4346 dcbetis,et
847 4279 1170 4335 maledictus
1192 4288 1296 4346 est,
1331 4279 1426 4349 qui
1469 4278 1614 4334 sicut
1654 4277 1828 4332 (illam
1853 4277 2107 4347 pudenda

520 4371 693 4442 patris
707 4369 917 4439 irridet,
931 4381 1136 4443 quanto
1159 4371 1333 4440 magis
1352 4387 1451 4428 vos
1475 4386 1649 4427 meam
1670 4381 1890 4442 propter
1908 4385 2005 4427 vos
2023 4387 2111 4427 su-

520 4473 764 4536 sceptam
795 4463 1169 4535 insipientiam
1193 4472 1522 4534 supportare
1541 4463 1789 4518 debetis?
1809 4463 1993 4530 Quare
2011 4475 2111 4519 att-

2167 549 2476 606 castitatem
2535 553 2592 600 ct
2637 543 2985 598 sanctitatem
3041 553 3344 611 provocare.
3387 538 3472 594 Cui
3510 552 3629 597 autem

2167 653 2356 714 pastor
2377 637 2806 699 ecclesiasticus,
2829 635 3024 691 debeat
3045 633 3220 688 zelare
3245 630 3494 686 Ecclesium
3512 644 3632 687 ostru-

2167 737 2248 792 dit
2274 731 2574 805 Apostolus
2619 743 2746 786 eum
2792 727 3018 784 subdit:
3065 722 3322 794 Despondi
3353 724 3466 776 enim
3487 740 3552 778 τοι
3576 729 3632 778 ni

2167 829 2282 883 viro
2303 825 2558 897 virginem
2575 832 2782 877 castam
2794 819 3038 876 exhibere
3059 817 3284 873 Christo.
3303 815 3430 870 ilulti
3449 818 3556 870 enim
3573 833 3636 886 pa-

2171 916 2484 991 ranymphi,
2510 918 2604 972 sed
2632 928 2778 968 unus
2820 911 2972 967 solus
3007 921 3246 980 sponsus
3273 915 3352 961 est
3379 904 3506 960 lctus
3533 905 3638 961 Clui-

2171 1020 2310 1068 stus.
2350 1008 2418 1064 Et
2462 1008 2648 1064 multa:
2681 1011 2812 1061 sunt
2847 1013 3100 1074 personae
3135 1000 3342 1054 Christo
3381 998 3639 1067 desponsata.

2155 1103 2268 1160 sed
2296 1117 2406 1157 una
2445 1099 2565 1156 sola
2593 1108 2676 1154 est
2704 1096 2910 1154 Christi
2945 1108 3174 1166 sponsa,
3221 1089 3440 1146 videlicet
3464 1090 3640 1146 EtthSil.

2173 1197 2327 1265 Quae,
2353 1193 2607 1266 quamvis
2633 1203 2744 1248 tam
2765 1206 2833 1246 ex
2858 1187 3196 1258 incorruptis
3219 1199 3370 1256 quam
3385 1200 3440 1238 cs
3457 1187 3644 1253 corruptis

2175 1304 2408 1360 corpore
2457 1294 2694 1352 constet,
2737 1292 2921 1340 tamen
2971 1291 3196 1353 propter
3237 1277 3349 1332 tidci
3387 1277 3644 1348 integritatm

2175 1377 2566 1435 inviolabiliter
2593 1381 3003 1438 conservatam,
3028 1371 3185 1441 virgo
3215 1377 3354 1423 casta
3382 1377 3642 1436 nuncupatur.

2176 1469 2440 1539 Quamvis
2487 1476 2673 1522 autent
2703 1467 2823 1520 hmo
2850 1461 3210 1533 desponsatio
3239 1460 3290 1514 in
3329 1468 3462 1513 utero
3481 1459 3645 1529 virginali

2178 1567 2250 1622 sit
2298 1564 2595 1630 celebrata,
2647 1559 2830 1617 tamen
2883 1556 3094 1612 Paulus
3140 1555 3258 1610 ait:
3297 1552 3580 1622 Desponsavi,
3609 1567 3648 1604 re

2178 1660 2328 1732 quod
2357 1653 2804 1728 desponsationis
2851 1651 3086 1706 nuntius
3121 1657 3176 1702 et
3214 1645 3511 1706 conciliator,
3541 1659 3651 1714 quin.

2180 1763 2295 1808 tttm
2338 1749 2406 1806 ad
2456 1746 2805 1812 Corinthios,
2849 1744 2971 1800 fuit.
3021 1741 3202 1796 Porro
3245 1741 3296 1794 in
3349 1739 3651 1808 desponsatam

2111 1832 2152 1890 Β
2179 1853 2418 1917 quatuor
2471 1847 2848 1905 concurrunt,
2901 1835 3162 1891 videlicet
3210 1846 3501 1895 consensus,
3541 1828 3652 1898 partio

2183 1937 2510 2009 coniugalis,
2535 1949 2603 1990 ex
2633 1941 2791 2004 parte
2813 1929 3045 2001 virginis
3089 1927 3273 1990 arrha,
3308 1933 3358 1979 et
3391 1924 3473 1978 dos
3491 1937 3538 1976 ex
3561 1931 3653 1991 parte

2183 2029 2306 2085 viri.
2339 2025 2466 2082 Haec
2506 2025 2699 2082 eadem
2729 2031 2859 2079 sunt
2906 2022 2962 2076 in
3006 2017 3420 2089 desponsatione
3451 2014 3596 2068 Christi
3625 2021 3653 2064 rt

2185 2119 2463 2175 Ecclesiae.
2490 2114 2779 2172 Conscntit
2809 2113 2956 2168 enim
2999 2109 3270 2174 Ecclesia,
3293 2107 3396 2162 sive
3424 2103 3638 2176 quamet

2185 2213 2324 2267 delis
2354 2210 2536 2266 anima
2578 2216 2792 2279 sponte
2817 2213 2877 2260 ut
2907 2203 3139 2259 Christo
3167 2201 3414 2255 inhaereat
3446 2213 3520 2267 per
3542 2195 3652 2249 ﬁdem.

2186 2303 2325 2359 Cum
2357 2303 2504 2358 enim
2551 2308 2746 2356 extera
2772 2297 2951 2370 possit
2995 2295 3171 2350 homo
3203 2291 3371 2346 facere
3400 2290 3564 2351 nolens,
3588 2303 3656 2339 crc-

2187 2395 2316 2452 dere
2338 2407 2447 2449 non
2477 2399 2657 2464 potest
2679 2390 2783 2445 nisi
2813 2389 3027 2444 volens.
3051 2385 3307 2441 Pascitur
3329 2398 3383 2436 se
3403 2382 3450 2434 in
3467 2379 3656 2433 dilectior

2187 2499 2244 2544 et
2300 2485 2654 2542 observantia
2703 2482 3094 2538 mandatorum
3154 2475 3248 2531 Dei
3290 2481 3656 2545 prrsetrratumu.

2189 2581 2446 2636 Christus
2469 2593 2602 2633 vero
2638 2591 2880 2648 sponsus
2903 2573 3141 2644 largitur
3166 2570 3218 2625 ei
3259 2577 3451 2624 aeterna:
3469 2563 3658 2619 hereditt-

2191 2670 2263 2726 tis
2291 2669 2496 2725 dotem.
2537 2667 2614 2722 lta
2638 2682 2744 2737 .uc,
2779 2665 2978 2720 fratres
3013 2663 3150 2729 mei,
3175 2660 3301 2732 quia
3326 2655 3610 2729 spopondistis
3629 2653 3659 2703 in

2190 2761 2465 2832 baptismo
2499 2774 2598 2814 vos
2641 2774 2737 2828 per
2768 2757 2928 2812 fidem
2957 2753 3190 2809 Christo
3238 2763 3426 2821 sponso
3463 2745 3660 2800 mlitarem.

2192 2831 2322 2924 quia
2350 2850 2496 2923 pacti
2539 2850 2672 2906 estis
2716 2863 2814 2903 vos
2850 2847 2906 2901 in
2941 2844 3218 2900 charitate
3261 2841 3374 2911 ejus
3412 2847 3456 2892 et
3489 2831 3662 2890 mandati

2192 2957 2570 3016 perseverare,
2618 2941 2764 3012 qttod
2813 2937 3082 3009 Spiritum
3127 2941 3371 2990 sanctum
3408 2927 3616 2998 accepistis
3632 2926 3662 2974 in

2193 3045 2544 3111 peccatorum
2571 3035 2918 3101 remissione,
2943 3032 3292 3088 considerate
3320 3027 3569 3100 diligenter,
3588 3021 3664 3076 siin

2195 3131 2283 3186 his
2307 3129 2689 3200 perseveratis,
2702 3127 2890 3197 procul
2912 3124 3085 3180 dubio
3117 3123 3263 3179 beati
3294 3121 3432 3185 estis,
3457 3131 3577 3188 quam
3595 3129 3666 3182 ptr-

2195 3219 2407 3292 cepturi
2455 3221 2592 3276 estis
2634 3220 2819 3275 detcm
2874 3226 3098 3273 teteer
3142 3213 3468 3271 interr-ditatis.
3505 3204 3666 3276 Quali

2198 3327 2530 3389 consensum
2573 3321 2628 3368 et
2667 3320 2888 3382 pactum
2931 3306 3375 3380 desponsationis
3397 3312 3550 3359 vestra
3577 3297 3667 3353 inn-

2199 3406 2378 3480 gistis,
2419 3405 2671 3462 festinate
2705 3419 2871 3476 quam
2902 3403 3069 3458 citius
3100 3400 3368 3472 poteritis,
3391 3394 3669 3466 illudpttpﬂ‘

2201 3499 2444 3555 nitentia;
2481 3497 2808 3566 remedium,
2855 3496 2988 3552 illttd
3019 3495 3311 3560 renodarc,
3345 3491 3555 3564 quoniam
3577 3483 3671 3538 leni-

2201 3609 2343 3665 gnus
2370 3599 2427 3648 et
2473 3591 2791 3648 misericors
2817 3598 2902 3645 est
2943 3588 3236 3654 Dominus,
3287 3585 3374 3657 qui
3415 3591 3514 3655 post
3547 3575 3671 3632 multa

2202 3685 2594 3742 fornicationes
2623 3683 2868 3738 animam
2893 3697 3003 3736 non
3037 3681 3220 3736 solum
3250 3679 3467 3748 recipere
3493 3674 3670 3742 dignatur.

2205 3778 2317 3832 imo
2331 3786 2389 3832 ut
2403 3777 2468 3832 ad
2481 3776 2723 3845 seipSum
2739 3773 2923 3829 redeat
2937 3773 3217 3828 hortatur.
3235 3769 3382 3825 Unde
3402 3769 3495 3839 ipse
3507 3779 3577 3836 per
3585 3759 3672 3813 Jrrr

2205 3872 2374 3928 miam
2399 3871 2532 3927 dicit
2559 3889 2573 3924 :
2611 3889 2630 3921 ι
2665 3869 2724 3924 Si
2753 3867 3012 3924 recedens
3048 3883 3080 3921 ιι
3118 3866 3240 3921 viro
3269 3878 3366 3920 suo
3391 3859 3548 3915 mulier
3567 3854 3672 3907 dote

2206 3964 2278 4020 rit
2299 3965 2530 4020 alterum
2555 3962 2758 4028 virum,
2783 3959 3031 4032 nunquid
3059 3965 3358 4014 revertetur
3379 3954 3436 4008 ad
3461 3965 3555 4007 cum
3574 3941 3675 4000 ulm’.

2209 4056 2465 4128 Nunquid
2492 4071 2599 4110 non
2631 4051 2838 4126 polluta
2862 4054 2966 4109 erit
2989 4051 3191 4108 mulier
3220 4051 3342 4105 illa?
3361 4047 3418 4102 Et
3437 4056 3482 4100 tu
3505 4041 3674 4097 [οπιξτιιι

2209 4163 2269 4204 es
2297 4165 2424 4204 cum
2451 4147 2793 4203 amatoribus
2838 4145 3048 4212 multis,
3081 4154 3267 4200 tamen
3294 4143 3356 4197 ad
3377 4155 3454 4196 me
3487 4139 3674 4192 meum

2211 4253 2267 4299 et
2297 4257 2398 4316 ego
2429 4251 2480 4297 te
2523 4241 2844 4310 suscipiam,
2875 4239 2954 4294 ait
2979 4235 3253 4293 Dominus
3295 4233 3418 4306 (Jer.
3447 4231 3532 4296 tu).
3561 4221 3675 4316 ι-ριιξε

2211 4338 2422 4390 viscera
2449 4333 2648 4387 divinae
2669 4329 3062 4386 misericordiae.
3085 4342 3319 4400 pensare
3340 4317 3558 4380 suﬂiciat‘?
3573 4311 3676 4366 “om

2213 4417 2478 4498 peccator.
2495 4423 2782 4480 mulierem
2826 4431 2952 4494 post
2989 4421 3398 4476 fornicationem
3429 4412 3486 4467 ad
3517 4424 3562 4464 se
3583 4403 3674 4458 τεὼ

520 4503 764 4536 “qua...
796 4503 1169 4535 ....,.,............
1194 4503 1522 4534 συγγωιωυ
1541 4503 1782 4518 usus...“
1812 4503 1993 4530 ,μων
2011 4503 2110 4519 ...ι-
2535 4514 2547 4525 ,
2818 4515 2828 4524 ,
3433 4505 3444 4515 .
3471 4503 3482 4513 .

520 4566 633 4612 tem
678 4573 804 4612 eum
855 4557 909 4612 in
943 4557 1048 4613 hoc
1085 4565 1410 4629 supportare
1435 4557 1669 4612 debeant
1695 4557 1953 4625 ostendit,
1985 4575 2110 4616 cum
2145 4551 2194 4611 υ
2222 4529 2406 4629 Trioni
2439 4529 2681 4629 remp?!“
2709 4514 3054 4629 ded'gmflur’
3079 4521 3153 4629 ξι
3179 4511 3450 4629 Dfus‘.
3472 4515 3560 4629 lp:
3583 4507 3676 4629 Et]:

520 4651 746 4708 subdit:
780 4649 1035 4706 limat-or
1077 4651 1218 4706 enim
1259 4667 1348 4705 vos
1407 4649 1504 4704 Dei
1541 4652 1902 4708 wntttlatione.
1939 4653 2018 4709 Ac
2066 4655 2113 4711 si

520 4744 768 4816 apertius
798 4743 945 4801 dicat
974 4763 987 4800 :
1021 4742 1252 4816 Propter
1289 4744 1396 4800 hoc
1430 4744 1638 4800 debetis
1672 4761 1760 4802 me
1791 4755 2116 4818 supportare

525 4833 584 4892 in
618 4838 744 4905 hoc,
770 4839 899 4910 quia
921 4850 1143 4910 propter
1162 4837 1508 4894 dilectionem
1531 4845 1586 4892 et
1616 4839 1848 4894 salutem
1877 4850 2113 4897 vestram

525 4929 670 4988 facio
695 4940 868 4988 totum
901 4932 1025 4988 hoc.
1059 4929 1152 4988 Est
1193 4941 1377 4989 autem
1408 4931 1523 4987 haec
1551 4941 1680 5002 pars
1709 4933 1890 5000 tertia,
1923 4935 1975 4989 in
2009 4953 2116 5008 qua

524 5025 822 5097 Apostolus
840 5026 974 5081 dicit
999 5040 1058 5082 se
1082 5021 1383 5081 nos‘zclare
1415 5026 1532 5080 zelo
1551 5025 1663 5081 Dei.
1693 5025 1945 5083 Emulor
1970 5029 2116 5084 enim

527 5131 628 5189 pro
651 5117 768 5173 zelo
791 5119 1029 5190 posituri
1059 5127 1161 5174 est.
1196 5116 1340 5174 Sane
1363 5117 1458 5188 qui
1488 5118 1626 5174 zelat
1651 5115 1910 5190 sponsam
1936 5137 2116 5187 suam,

527 5221 768 5282 quatuor
795 5212 924 5267 facit
961 5229 976 5268 :
1025 5222 1148 5268 eam
1193 5212 1448 5267 ardenter
1493 5223 1661 5281 amat,
1710 5229 1830 5268 eam
1882 5213 2120 5270 cultibus

527 5313 780 5370 exornat,
817 5319 1010 5360 omnes
1053 5321 1316 5377 personas
1359 5309 1654 5377 suspectas
1697 5307 1767 5362 ab
1811 5323 1876 5362 ea
1925 5324 2120 5378 seque-

531 5395 691 5464 strat,
722 5412 843 5452 eam
880 5399 1300 5466 monitionibus,
1339 5397 1505 5455 minis
1532 5407 1587 5454 et
1611 5397 1935 5454 verberibus
1956 5399 2124 5456 casti-

531 5502 642 5565 gat.
683 5491 775 5548 Sic
823 5491 1060 5548 faciebat
1104 5492 1326 5550 Paulus.
1384 5479 1476 5549 Sic
1513 5492 1692 5550 facere
1735 5493 1899 5549 debet
1941 5495 2122 5549 omnis

529 5599 720 5659 pastor
759 5589 1188 5646 ecclesiasticus.
1246 5589 1415 5646 Debet
1472 5589 1618 5644 enim
1674 5587 1976 5644 Eeclesiam
2017 5589 2122 5644 sibi

531 5681 890 5736 commissam
923 5681 1178 5735 ardenter
1208 5696 1411 5747 amare,
1442 5681 1604 5736 bonis
1646 5679 1892 5737 moribus
1919 5689 1973 5736 et
2013 5680 2124 5734 vir-

539 5772 748 5827 tutibus
776 5787 896 5826 eam
921 5785 1210 5838 exornare,
1240 5771 1544 5838 haereticos,
1573 5772 1902 5828 criminosos
1928 5784 1982 5826 et
2007 5788 2128 5826 om-

542 5875 640 5913 nes
670 5862 978 5915 ani‘marum
1007 5870 1358 5930 corruptores
1391 5861 1459 5916 ab
1487 5877 1549 5916 ea
1595 5873 1957 5932 sequestrare,
2003 5878 2125 5920 eam

2217 4610 2349 4667 ditia
2380 4616 2485 4674 est,
2529 4583 2772 4662 animam
2811 4583 2938 4676 post
2985 4604 3186 4659 multas
3219 4599 3558 4658 fornicationes
3587 4583 3676 4676 ulti

2219 4717 2280 4758 se
2313 4699 2498 4756 redeat
2543 4699 2812 4753 hortatur.
2858 4695 2980 4751 .lam
3019 4695 3178 4750 nobis
3217 4693 3392 4748 nullus
3426 4673 3676 4744 ειιιιςιιῖοιέί

2222 4793 2548 4865 relinquitur
2576 4793 2748 4848 locus.
2784 4788 3102 4861 Propterea,
3139 4787 3334 4844 fratres
3361 4783 3472 4847 mei,
3495 4784 3585 4850 post
3601 4765 3676 4847 ωῖξξ

2224 4894 2309 4940 tas
2335 4882 2703 4960 turpitudines
2734 4891 2790 4937 et
2817 4880 3292 4952 pravaricationes
3317 4877 3381 4932 ad
3402 4873 3537 4928 Deum
3567 4873 3675 4960 πτξτο

2221 4988 2424 5052 tamur,
2450 4975 2656 5030 scelera
2681 4983 2869 5029 nostra
2900 4973 3157 5045 lacrymis
3190 4986 3329 5027 verm
3347 4958 3607 5040 pmnitentia
3748 4995 3749 5048 1

2225 5072 2464 5136 luamus,
2501 5067 2764 5139 operibus
2789 5066 3180 5122 misericordiae
3208 5041 3674 5121 redimamsi‘imﬁ‘

2225 5175 2278 5221 et
2307 5163 2698 5226 afﬂictionibus
2738 5175 2969 5233 corpora
3003 5171 3182 5217 nostra
3217 5155 3526 5227 castigemus,
3547 5139 3670 5198 oratis

2228 5257 2390 5313 nibus
2434 5266 2489 5312 et
2537 5256 2701 5314 bonis
2761 5256 3022 5326 Operibus
3071 5252 3288 5324 superni
3327 5244 3489 5319 sponsi
3531 5233 3670 5326 grtiam

2230 5351 2604 5422 imploremus,
2649 5350 2716 5405 ad
2753 5337 2882 5406 eum
2934 5349 3062 5404 totis
3112 5344 3354 5416 suspiriis
3401 5348 3446 5394 et
3486 5323 3670 5406 gemiti-ci

2229 5445 2552 5512 elamemus,
2592 5451 2866 5512 quatenus
2911 5439 2978 5495 ad
3021 5454 3148 5494 suas
3174 5445 3392 5493 :eternas
3429 5422 3589 5495 nupti:is

2230 5535 2579 5591 introducere
2627 5533 2904 5605 dignetur,
2953 5541 3010 5588 et
3059 5533 3234 5586 dutem
3277 5505 3669 5605 promissam!!!“

2229 5628 2492 5685 concedat
2520 5603 2788 5682 Dominus
2825 5633 3013 5680 noster
3043 5622 3200 5678 Jesus
3223 5618 3468 5676 Christus,
3502 5603 3570 5677 qui
3596 5607 3666 5650 (⁸⁸³³

2227 5721 2387 5776 Patre
2421 5729 2475 5776 et
2497 5719 2708 5790 Spiritu
2739 5725 2930 5774 sanato
2957 5715 3089 5772 vivit
3109 5723 3161 5771 ct
3187 5717 3362 5788 regnat
3386 5705 3582 5769 θωῦμα
3597 5695 3665 5741 ’θ’

2229 5817 2317 5871 nia
2349 5817 2567 5872 saecula.
2601 5816 2794 5871 Amen.
