3820 6312
496 314 624 370 i6“

1740 298 2090 357 RADULPHI
2129 297 2476 355 ΑΒΜ-ΞΝΠὸ

3580 309 3677 368 liii!

500 435 679 489 citur:
719 426 905 485 Media
946 434 1122 480 autem
1162 431 1314 479 nocte
1360 419 1566 475 clamor
1595 417 1771 488 factus
1792 425 1870 470 est
1907 431 1926 469 :
1955 413 2094 470 Ecce
2122 417 2164 474 Α
2193 415 2290 472 des
2309 430 2523 473 eorum.
2556 413 2780 485 Quinto,
2819 416 2969 473 venit
2992 430 3254 488 sponsus,
3276 426 3330 473 et
3358 417 3599 490 prudentes
3618 427 3680 484 in-

494 539 715 597 sponsus
743 521 902 587 venit,
930 518 1071 573 exite
1099 516 1305 571 obviam
1327 514 1397 568 ei.
1423 510 1595 565 Porro
1620 508 1840 564 traditio
1860 507 2088 563 Judwo‘
2192 514 2341 562 trant
2360 521 2489 563 cum
2512 521 2581 562 eo
2608 505 2677 562 ad
2704 507 2947 577 nuptias,
2978 508 3126 563 unde
3146 517 3200 563 et
3230 508 3491 577 subditur,
3509 514 3602 568 άιιιι
3620 534 3683 571 ιιι.

384 669 401 685 ,
496 631 621 672 rum
665 622 753 670 est
806 610 1101 674 Dominum
1131 606 1200 663 ad
1230 602 1492 671 iudicium
1545 599 1723 657 media
1772 607 1933 656 nocte
1959 613 2085 655 esse

496 716 789 765 venturum
818 703 949 775 quia
971 702 1028 757 in
1050 707 1209 756 nocte
1238 696 1418 754 media
1447 693 1718 765 percussit
1764 692 2077 765 Egyptum.

502 799 611 856 Sed
639 813 742 863 nos
768 795 857 869 hic
896 808 996 866 per
1028 797 1259 847 mortem
1308 785 1663 857 intelligimus
1693 784 2083 857 ignorantiam,

481 884 630 961 quia
676 885 887 946 scilicet
911 880 1181 940 Dominus
1204 881 1285 936 sic
1312 877 1645 950 improvisus
1672 883 1728 932 et
1759 884 1982 948 repente
2014 875 2085 932 ad

494 981 765 1053 iudicium
792 968 1092 1041 festinabit,
1119 971 1267 1044 quod
1290 987 1322 1026 a
1358 969 1576 1025 nemine
1607 968 1806 1023 valebit
1825 981 2080 1038 compre-

497 1070 661 1128 bendi
706 1083 809 1125 nec
855 1062 1163 1138 przevideri.
1219 1059 1497 1131 Scriptum
1545 1066 1630 1114 est
1658 1058 1805 1112 enim
1842 1072 1858 1110 :
1898 1075 1917 1109 ι
1952 1054 2081 1111 Dies

497 1155 734 1227 Domini,
760 1157 905 1214 sicut
932 1156 1043 1224 fur,
1076 1157 1148 1211 ita
1175 1155 1230 1210 in
1252 1163 1412 1211 nocte
1440 1154 1624 1209 veniet
1645 1152 1733 1223 (11
1760 1152 1908 1207 Petr.
1937 1151 2076 1221 111).»

494 1236 733 1316 Clamor,
766 1247 964 1319 inquit,
1010 1247 1185 1319 factas
1221 1253 1321 1300 est.
1350 1243 1465 1302 Hoc
1494 1252 1580 1300 est
1626 1244 1771 1314 quod
1816 1242 2084 1299 Dominus

495 1334 549 1392 in
572 1336 867 1408 Evangelio
895 1337 1029 1393 dicit
1057 1355 1073 1393 :
1115 1354 1135 1389 ι
1166 1336 1364 1403 Amen,
1388 1349 1548 1391 amen
1594 1333 1717 1390 dico
1745 1333 1921 1401 vobis,
1950 1332 2081 1405 quia

495 1430 643 1486 venit
688 1432 824 1486 hora
882 1429 939 1486 in
975 1440 1083 1501 qua
1109 1443 1302 1487 omnes
1344 1428 1441 1499 qui
1471 1427 1526 1482 in
1549 1428 1928 1483 monumentis
1953 1434 2083 1482 sunt

494 1520 720 1577 audiant
761 1535 954 1578 vocem
984 1519 1111 1576 Filii
1150 1518 1247 1576 Dei
1270 1512 1453 1591 (Ῑυαη.
1484 1517 1562 1591 v).
1604 1536 1623 1572 ι
1655 1517 1724 1573 Et
1741 1518 2076 1589 Apostolus:

478 1631 522 1676 ,ε
552 1612 837 1681 Dominus,
870 1612 1068 1684 inquit,
1093 1612 1149 1667 in
1177 1626 1313 1667 voce
1333 1608 1648 1681 archangeli
1667 1616 1724 1666 et
1741 1608 1797 1664 in
1826 1609 1953 1665 tuba
1985 1608 2078 1665 Dei

493 1699 784 1760 descendet
803 1703 872 1759 de
902 1703 1042 1760 coelo
1062 1700 1117 1774 (1
1146 1700 1327 1757 Thess.
1353 1700 1484 1771 W).t
1511 1699 1646 1768 Quis
1671 1700 1914 1756 clamor?
1941 1699 2077 1756 Ecce

2189 610 2294 657 tem
2321 602 2461 657 irent
2486 616 2675 668 emere,
2697 599 2837 657 venit
2859 616 3106 672 sponsas,
3135 602 3287 673 quia,
3308 602 3438 659 dum
3460 601 3587 663 fatua
3602 610 3684 666 vim

2186 704 2304 749 suae
2353 692 2732 749 testimOnium
2786 691 2925 748 foris
2970 702 3248 763 quaerunt,
3278 694 3443 765 iudex
3466 696 3599 765 venit,
3622 703 3683 771 qui

2186 799 2298 839 non
2325 798 2514 854 opera,
2531 783 2628 840 sed
2654 790 2868 840 mentes
2891 783 3143 838 attendit.
3171 782 3244 837 Et
3260 795 3571 854 mperat:
3585 775 3685 843 mia

2184 876 2518 931 intraverunt
2558 891 2678 929 cum
2702 890 2763 929 eo
2786 874 2857 929 ad
2886 875 3123 946 nuptias,
3163 883 3218 930 et
3266 874 3455 931 clausa
3474 886 3540 931 est
3555 878 3685 948 ianus.

2185 967 2323 1036 Quis
2343 982 2580 1040 pensare
2595 966 2850 1035 sulliciat,
2875 965 3074 1023 fratres
3097 966 3228 1034 mei,
3244 966 3382 1038 quid
3400 967 3608 1026 horretis
3627 971 3689 1027 bi—

2182 1057 2465 1131 beatquod
2475 1058 2697 1126 dicitur,
2710 1058 3080 1128 venitsponsus
3098 1057 3125 1112 τ
3143 1055 3291 1124 Quid
3311 1057 3690 1127 dulcedinis,cuu
3710 1044 3716 1052 '

2180 1151 2405 1219 dicitur,
2439 1151 2773 1206 intraverant
2805 1161 2927 1206 eum
2954 1165 3017 1205 eo
3051 1150 3123 1204 ad
3152 1151 3375 1221 nuptias
3394 1151 3421 1205 ἒ
3447 1149 3569 1218 Quid
3592 1169 3692 1211 aus-

2180 1244 2458 1309 ritudiuis,
2488 1252 2539 1298 et
2559 1242 2749 1297 clausa
2765 1251 2841 1297 est
2851 1241 3024 1311 janua
3040 1242 3066 1296 ?
3085 1240 3231 1308 Quid
3256 1241 3406 1298 enim
3442 1242 3591 1315 magis
3610 1245 3693 1300 liot-

2181 1335 2410 1392 rendum
2433 1343 2519 1391 est
2548 1334 3135 1406 nobispeceatorihus,
3161 1333 3393 1404 quando
3406 1350 3619 1391 summus
3635 1338 3694 1407 in.

2182 1427 2287 1484 de:
2311 1434 2368 1483 et
2399 1434 2750 1497 peccatorum
2785 1424 2931 1480 ultor
2957 1424 3149 1480 venit?
3196 1422 3316 1479 Suo
3353 1425 3496 1480 enim
3530 1425 3693 1483 adventu

2181 1518 2453 1574 elementa
2474 1517 2739 1585 concutit,
2769 1525 2969 1573 terram
3004 1516 3552 1587 emlosqueaccendit,
3572 1519 3693 1574 boui-

2177 1626 2277 1667 nes
2312 1619 2368 1667 et
2405 1610 2630 1682 angelos
2672 1608 2744 1665 ad
2782 1607 3052 1680 iudicium
3099 1607 3290 1664 trahit.
3327 1606 3483 1663 Unde
3514 1608 3607 1679 ipse
3633 1622 3698 1680 per

2179 1699 2508 1771 Prophetam
2538 1716 2552 1753 :
2589 1717 2610 1752 ι
2639 1698 2854 1766 Adhuc,
2891 1697 3093 1770 inquit,
3118 1698 3295 1754 semel
3313 1706 3370 1755 et
3388 1715 3488 1771 ego
3516 1703 3696 1763 me».

495 1810 716 1863 sponsus
738 1794 897 1859 venit,
920 1792 988 1849 ad
1016 1792 1439 1848 consociandam
1470 1790 1573 1846 sibi
1602 1800 1862 1862 perpetuo
1884 1789 2071 1848 Eccle-
2106 1798 2152 1860 Β
2180 1805 2290 1846 non
2313 1789 2491 1846 solum
2515 1788 2851 1857 terram,sed
2873 1789 3037 1844 etiam
3069 1787 3274 1845 caelum
3300 1788 3481 1860 (Agge.
3506 1788 3699 1858 πλήξω

495 1885 634 1938 siam
663 1898 925 1954 sponsam
954 1898 1131 1939 suam.
1163 1880 1324 1937 Exite
1352 1881 1556 1937 obviam
1584 1882 1655 1937 ei.
1680 1880 1794 1937 Hoc
1820 1880 2072 1953 estquod

497 1974 793 2044 Apostolus
822 1973 898 2029 ait
929 1992 942 2028 :
974 1992 993 2025 ι
1029 1972 1098 2028 Ει
1133 1987 1236 2030 nos
1284 1972 1566 2043 rapiemur
1606 1971 1772 2028 simul
1810 1987 1934 2028 cum
1963 1971 2073 2030 illis

497 2065 552 2118 i'u
601 2065 843 2121 nubibus
892 2064 1109 2121 obviam
1158 2062 1381 2120 Christo
1428 2064 1483 2119 in
1517 2062 1888 2137 aera(1bid.).
1938 2082 1957 2117 ι
1991 2063 2073 2121 Ad

498 2157 639 2213 lianc
689 2167 879 2212 vocem
925 2172 1115 2212 omnes
1161 2156 1401 2228 virgines
1440 2164 1691 2229 surgunt,
1724 2156 1984 2227 quoniam
2008 2156 2077 2212 ad

498 2257 822 2319 praeceptum
872 2247 1077 2303 Christi
1108 2263 1300 2304 omnes
1343 2255 1459 2303 tam
1504 2247 1639 2303 boni
1666 2263 1833 2319 quam
1882 2248 2013 2304 mali
2044 2263 2076 2304 a

497 2340 763 2410 sepulcris
782 2338 1027 2395 exibunt.
1053 2337 1360 2410 Lampades
1394 2346 1614 2407 ornant,
1637 2338 1767 2410 quia
1799 2338 1865 2395 de
1895 2339 2077 2410 operi-

497 2435 599 2489 bus
631 2432 749 2489 suis
777 2430 1006 2487 reddere
1048 2431 1316 2487 rationem
1346 2438 1563 2503 parant,
1587 2430 1682 2486 sed
1712 2429 2075 2501 dissimiliter,

497 2540 623 2579 nam
648 2524 779 2580 boni
804 2523 858 2578 in
876 2538 939 2579 ea
970 2523 1208 2595 puritate
1238 2522 1295 2578 in
1326 2538 1434 2593 qua
1463 2537 1528 2578 ea
1575 2520 1827 2577 fecerunt
1852 2520 2082 2577 demon-

497 2626 672 2674 strare
702 2625 930 2689 parant;
980 2614 1195 2686 reprobi
1244 2628 1377 2670 vero
1433 2613 1802 2685 impuritatem
1849 2625 2080 2683 operum

495 2722 721 2763 suorum
736 2708 919 2765 colore
942 2707 1277 2778 palliationis
1297 2705 1557 2761 simulare
1573 2702 2076 2771 laborant.Quarto,

498 2798 665 2854 fatuae
687 2814 719 2854 a
742 2798 1102 2869 prudentibus
1130 2798 1313 2852 oleum
1355 2805 1565 2867 petunt,
1591 2810 1715 2850 cum
1742 2796 1824 2851 cis
1847 2795 2036 2850 dicunt
2062 2812 2078 2850 :

499 2891 636 2947 Date
665 2890 816 2945 nobis
840 2891 902 2945 de
942 2889 1055 2945 oleo
1088 2899 1279 2955 vestro,
1310 2889 1436 2959 quia
1464 2886 1738 2957 lampades
1762 2894 1957 2942 nostm
1983 2901 2079 2941 ex-

502 2985 863 3054 stinguuntur.
911 2981 1083 3038 Porro
1107 2981 1379 3036 fatuarum
1412 2979 1690 3050 lampades
1718 2978 2082 3049 exstinguun-

499 3086 609 3143 tur,
629 3075 759 3147 quia
787 3090 975 3132 earum
997 3089 1185 3147 Opera,
1199 3089 1320 3145 quae
1331 3072 1466 3129 foris
1477 3073 1623 3128 clara
1641 3070 1961 3126 hominibus
1979 3086 2075 3142 ap-

2181 1889 2308 1937 aute
2328 1880 2449 1951 ejus
2463 1888 2818 1951 conspectum
2842 1879 3071 1935 virtutes
3097 1878 3370 1935 calorum
3392 1879 3698 1945 movebantur,

2176 1981 2238 2030 ut
2264 1973 2321 2029 in
2350 1970 2644 2045 Evangelio
2671 1972 2870 2029 dicitur
2901 1971 3055 2042 (Lac.
3085 1971 3228 2043 xxi),
3259 1980 3317 2028 et
3343 1972 3699 2038 columnaeueli,

2176 2072 2235 2121 ut
2264 2063 2369 2121 Joh
2395 2072 2651 2133 testatur,
2679 2064 3109 2120 contremiscent
3135 2062 3260 2136 (Job
3305 2064 3482 2135 xxvi),
3524 2064 3626 2134 quid
3646 2063 3703 2118 ls—

2184 2156 2332 2213 ei‘ent
2352 2157 2704 2229 peccatores?
2732 2175 2751 2209 ι
2788 2154 2858 2213 Et
2882 2156 2933 2214 si
2959 2156 3147 2228 justus
3186 2156 3284 2213 vix
3330 2156 3703 2222 salvabiuu,in-

2177 2251 2302 2323 pius
2325 2261 2381 2308 et
2395 2256 2648 2322 peccator
2662 2249 2757 2306 ubi
2774 2250 3086 2322 parebunt?
3112 2248 3200 2323 »(1
3221 2248 3377 2305 Petr.
3403 2250 3500 2321 tv.)
3522 2248 3705 2317 Quantus

2178 2351 2357 2399 terror
2372 2344 2497 2411 erit,
2521 2341 2719 2398 fratres
2735 2342 2866 2410 mei,
2887 2357 3015 2399 eum
3030 2357 3195 2414 quem
3218 2341 3395 2400 etiam
3416 2338 3706 2413 tranquillum

2178 2449 2335 2490 mens
2380 2433 2621 2488 humana
2663 2447 2859 2504 capere
2905 2448 3017 2489 non
3054 2432 3203 2490 valet
3228 2473 3247 2503 ,
3302 2432 3504 2490 iratum
3547 2423 3707 2487 videte?

2179 2524 2397 2593 Quanta
2440 2523 2693 2581 confusio
2733 2524 2837 2580 erit
2893 2524 3152 2581 omnibus
3198 2524 3435 2581 occultis
3481 2522 3709 2595 turpitudi-

2180 2616 2375 2684 nibus,
2436 2616 2493 2671 in
2538 2623 2836 2685 conspectu
2893 2615 3143 2671 omnium
3204 2614 3492 2671 hominum
3539 2615 3706 2685 angelo-

2178 2723 2419 2780 rumque
2456 2707 2756 2779 propalatis
2808 2707 3173 2764 erubescere?
3207 2705 3432 2775 Quanta
3466 2705 3711 2777 desperatio

2178 2801 2286 2858 erit
2331 2808 2603 2856 tormenta
2642 2799 2746 2855 sibi
2788 2810 2978 2871 parata
3012 2799 3221 2867 videre,
3248 2807 3306 2855 et
3345 2798 3544 2854 nullum
3575 2811 3709 2852 rene

2178 2891 2332 2949 dium
2381 2889 2671 2947 invenire?
2705 2904 2870 2962 quem
2912 2889 3060 2946 diem
3113 2881 3340 2946 intuens
3384 2890 3613 2962 propheta
3634 2889 3709 2942 sit:

2185 3002 2206 3036 ι
2238 2981 2365 3038 Dies
2403 2981 2517 3049 illa,
2549 2980 2667 3037 dies
2703 2981 2821 3049 irae,
2848 2980 2968 3037 dies
3010 2979 3392 3037 tribulationis
3428 2990 3480 3036 et
3508 2978 3711 3043 misaiz',

2178 3075 2299 3131 dies
2319 3073 2648 3130 calamitatis
2678 3082 2733 3130 et
2755 3073 3046 3145 angustiae,
3068 3072 3188 3129 dies
3203 3072 3420 3129 nebula:
3435 3080 3487 3129 et
3503 3070 3712 3133 turbinis,
3788 3114 3789 3117 η

498 3168 817 3239 βθτιιεηῐη,
862 3167 919 3225 in
945 3167 1180 3224 adventu
1208 3164 1411 3237 judicis
1434 3164 1583 3219 intus
1614 3163 1998 3227 obscurantur,
2022 3170 2076 3223 et
2103 3153 2147 3216 C
2178 3167 2300 3223 dies
2324 3165 2469 3223 tuba
2491 3174 2544 3222 et
2581 3164 2856 3237 dangoris
2885 3163 3071 3237 (Soph.
3105 3166 3169 3236 1);
3201 3184 3223 3218 ι
3253 3165 3484 3233 Quantis
3501 3163 3716 3236 asperita-

496 3276 526 3316 a
565 3260 675 3317 Deo
693 3260 1111 3317 retributionem
1140 3274 1249 3313 non
1271 3256 1576 3323 inveniunt,
1604 3256 1733 3328 quia
1755 3270 1857 3326 pro
1880 3255 1961 3311 eis
1992 3269 2077 3311 re-

461 3359 468 3416 ζ
495 3359 756 3423 ceperunt
772 3350 962 3406 laudes
987 3364 1127 3422 quas
1141 3356 1481 3405 amaverunt.
1506 3346 1646 3416 Quid
1672 3362 1804 3418 ergo
1822 3344 2081 3417 estquod

495 3452 628 3500 tunc
648 3458 678 3499 a
712 3442 1076 3514 prudentibus
1103 3440 1283 3496 oleum
1325 3447 1537 3510 petunt,
1569 3438 1675 3495 nisi
1694 3438 1840 3509 quod
1870 3453 1994 3493 cum
2020 3437 2075 3493 in

495 3538 729 3594 adventu
779 3535 985 3608 judicia
1010 3548 1071 3590 se
1098 3548 1301 3589 vacuas
1347 3533 1495 3589 intus
1540 3532 1883 3599 invenerunt,
1922 3544 2078 3587 more

496 3628 683 3698 solito,
713 3626 1091 3684 testimonium
1116 3622 1250 3682 loris
1269 3632 1540 3696 quaerunt.
1565 3622 1644 3680 Ac
1671 3623 1717 3680 si
1749 3638 1780 3678 a
1809 3638 1909 3698 sua
1936 3622 2077 3679 ﬁdu-

495 3721 579 3777 cia
602 3694 845 3791 deceptae
883 3714 1148 3790 proximis
1178 3694 1366 3773 dicant
1395 3731 1408 3769 :
1440 3714 1577 3783 Quia
1613 3729 1715 3770 nos
1742 3694 1904 3786 quasi
1956 3715 2076 3771 sine

493 3810 640 3870 bono
660 3827 826 3885 opere
844 3810 1031 3882 repelli
1071 3809 1412 3881 con5picitis,
1435 3808 1600 3865 dicite
1620 3808 1687 3865 de
1710 3807 1918 3865 nostris
1946 3824 2075 3879 ope-

496 3903 651 3961 ribus
669 3892 802 3975 quid
845 3902 1078 3960 vidistis.
1117 3902 1318 3974 Sicque
1359 3901 1735 3958 testimonium
1761 3902 2073 3971 hominum,

495 3997 589 4066 qui
623 3996 789 4059 corda
834 4012 942 4053 non
971 3997 1175 4061 vident,
1218 3995 1419 4051 habere
1460 3996 1650 4050 volunt
1690 3996 1831 4067 apud
1877 3995 2071 4063 Deum,

494 4088 587 4158 qui
620 4097 719 4155 ..εει
759 4090 1036 4160 inspector
1062 4091 1330 4146 cordium.
1358 4087 1464 4144 Sed
1485 4089 1615 4159 quid
1644 4089 1937 4160 prudentes
1961 4091 2073 4146 vir-

494 4178 648 4247 gines
704 4178 1072 4251 respondeant
1114 4179 1405 4236 audiamus
1430 4196 1443 4234 ;
1471 4177 1555 4235 Ne
1589 4180 1745 4251 forte,
1789 4181 2068 4253 inquiunt,

496 4287 599 4325 non
631 4262 856 4341 sufﬁciat
887 4273 1035 4327 nobis
1074 4280 1127 4326 et
1160 4271 1326 4327 vobis.
1361 4270 1421 4326 in
1458 4272 1557 4327 illo
1581 4273 1729 4329 enim
1753 4273 1841 4329 die
1878 4273 2068 4345 cujus-

494 4376 600 4434 que
620 4363 991 4419 testimonium
1032 4363 1121 4417 vix
1167 4362 1377 4433 sibiipsi
1407 4362 1625 4430 sufﬁcit,
1656 4372 1864 4434 quanto
1885 4364 2070 4420 minus

494 4464 547 4508 at
574 4454 678 4509 sibi
708 4462 762 4510 et
790 4454 1058 4526 proximo.
1111 4449 1298 4525 Neque
1347 4453 1494 4509 enim
1534 4454 1714 4510 alieno
1757 4456 2070 4512 testimonio

493 4547 620 4617 quis
644 4547 866 4618 juvatur
897 4545 1245 4619 apudpeum,
1272 4547 1361 4602 cui
1393 4561 1555 4601 omne
1576 4561 1670 4601 cor
1693 4554 1858 4617 patet.
1882 4545 2070 4618 Neque

495 4630 766 4695 bonorum
798 4639 1024 4697 virtutes
1062 4647 1295 4710 possunt
1323 4638 1738 4693 vitiamalorum
1776 4637 2064 4708 redimere,

493 4744 618 4783 cum
649 4730 883 4800 quisque
908 4745 1009 4801 pro
1021 4730 1233 4786 meritis
1250 4728 1366 4785 suis
1394 4727 1639 4799 recipiet.
1668 4727 1770 4795 Ite,
1791 4728 2067 4801 inquiunt,

492 4823 666 4888 potius
691 4822 761 4876 ad
804 4823 1079 4877 uendentes
1121 4829 1170 4876 et
1198 4821 1356 4877 emite
1377 4819 1541 4874 vobis.
1584 4817 1704 4875 Non
1730 4821 1862 4877 dant
1883 4824 2068 4880 consi-

495 4910 657 4979 lium,
703 4911 799 4967 sed
840 4911 1025 4982 potius
1081 4926 1178 4966 eas
1221 4911 1506 4980 increpant
1536 4916 1590 4965 et
1634 4906 2067 4970 commemorant

492 5004 698 5058 crimen
728 5017 940 5057 earum.
977 4998 1297 5057 Vendilorcs
1340 5004 1539 5076 quippe
1572 5005 1677 5061 olei
1714 5014 1842 5063 sunt
1875 5005 2066 5061 adula-

497 5101 664 5161 tores,
693 5094 787 5164 qui
812 5094 946 5149 dant
967 5092 1182 5149 inanem
1197 5092 1435 5161 laudem,
1455 5105 1508 5151 et
1530 5096 1801 5168 accipiunt
1825 5096 2064 5168 aliquam

496 5185 822 5242 mercedem.
850 5182 926 5239 De
947 5199 1058 5255 quo
1082 5187 1204 5242 oleo
1235 5187 1310 5242 ait
1330 5186 1618 5243 Psalmista
1645 5205 1657 5240 :
1697 5207 1714 5239 ι
1742 5187 1932 5243 Oleum
1960 5202 2063 5244 au-

496 5290 601 5334 tem
632 5279 935 5351 peccatoris
964 5296 1073 5357 non
1124 5282 1424 5352 impinguet
1456 5290 1619 5352 caput
1670 5297 1851 5337 meum
1884 5280 2059 5351 (Psal.

487 5373 633 5441 σπι).
651 5370 689 5423 ἰ
729 5368 833 5427 Per
854 5370 1015 5442 cap‘tit
1038 5371 1391 5443 principalior
1416 5387 1541 5442 pars
1566 5371 1824 5437 hominis,
1854 5370 2063 5427 scilicet

487 5482 642 5524 mens
694 5466 1031 5540 designatur.
1064 5466 1367 5539 lmpinguat
1389 5481 1520 5537 ergo
1539 5465 1719 5549 oleum
1749 5473 1913 5535 caput
1934 5479 2060 5535 pec-

486 5559 687 5615 catoris
717 5575 839 5616 cum
866 5560 1134 5615 demulcet
1160 5567 1394 5614 mentem
1428 5557 1548 5612 laus
1575 5556 1867 5612 adulantis.
1906 5556 1984 5612 Ac
2010 5556 2057 5611 si
2162 5574 2263 5629 pro
2297 5558 2693 5615 mome‘ntaneis
2716 5568 2770 5614 et
2801 5558 3002 5614 vilibus
3033 5558 3419 5629 voluptatibus,
3437 5571 3469 5610 a
3492 5563 3715 5607 cel-9f-

2152 5651 2243 5705 -tio
2273 5650 2367 5706 Dei
2400 5659 2456 5707 et
2494 5660 2810 5707 sanctorum
2852 5658 3118 5722 perpetuo
3150 5649 3382 5715 excludi.
3418 5646 3613 5716 PM
3654 5652 3723 5689 ⁸

466 5750 637 5812 'uum,
673 5752 728 5799 et
755 5741 1038 5800 videamus
1062 5740 1192 5814 quid
1229 5740 1441 5833 pos/sint
1466 5740 1620 5795 vobis
1636 5739 1907 5811 prodesse
1936 5739 2056 5795 lau-
2162 5741 2442 5812 repulsam
2462 5741 2603 5812 pati,
2620 5741 2885 5812 poenitere
2911 5751 2968 5798 et
2988 5754 3104 5799 non

483 5651 664 5707 dicant
694 5671 707 5706 :
740 5651 837 5717 Ite,
868 5660 924 5707 et
952 5666 1104 5706 more
1137 5656 1318 5706 vestro
1343 5632 1629 5704 venamirii'
1666 5648 1857 5703 laudes
1879 5648 2059 5705 homi-

2178 3258 2329 3315 tibus
2371 3257 2508 3314 vidit
2540 3257 2694 3313 illum
2736 3257 2883 3314 diem
2919 3257 3168 3329 reprohis
3209 3270 3557 3325 amarescene,
3585 3268 3716 3329 qua
3788 3288 3789 3291 η

2177 3359 2258 3408 tot
2281 3349 2743 3407 amaritudinibus
2782 3364 2893 3406 non
2928 3351 3099 3406 valuit
3133 3348 3582 3422 explicaretoua
3611 3361 3719 3403 vero

2176 3443 2356 3515 major
2399 3442 2632 3500 dulcedo
2665 3442 2866 3513 poterit
2919 3438 3237 3516 contingere
3279 3442 3445 3514 iustis
3483 3455 3626 3513 quan
3661 3438 3719 3493 de
3788 3452 3789 3499 l

2173 3536 2297 3609 ejus
2346 3535 2561 3593 visione
2606 3534 2871 3609 gaudere,
2899 3549 3066 3607 quain
3108 3534 3297 3591 caeteri
3350 3533 3647 3599 tremant.
3675 3539 3721 3586 et
3788 3578 3789 3591 χ

2174 3608 2301 3691 cum
2327 3645 2395 3688 eo
2415 3630 2482 3687 ad
2503 3608 2737 3686 aeternas
2765 3630 2985 3701 nuptias
3013 3628 3265 3696 inmite,
3294 3635 3351 3685 et
3375 3641 3408 3683 a
3427 3625 3719 3682 divinis-o-
3788 3608 3789 3691 \

2176 3723 2255 3781 ris
2292 3723 2637 3795 amplexibus
2672 3723 2917 3794 separari
2952 3737 3061 3779 non
3097 3722 3305 3794 posse?
3332 3718 3399 3776 Et
3427 3734 3541 3791 qn
3570 3715 3722 3785 major
3788 3738 3789 3749 π

2174 3815 2485 3873 amaritudo
2513 3815 2713 3885 poterit
2736 3815 3051 3888 contingere
3089 3811 3339 3885 reprobi:
3361 3825 3517 3884 quam
3540 3824 3571 3865 a
3593 3814 3718 3863 ccta
3788 3870 3789 3889 η

2174 3915 2490 3964 sanctorum
2508 3906 2679 3977 janua
2709 3907 2897 3963 clausa
2923 3905 2985 3960 in
3024 3912 3296 3961 aeternum
3325 3898 3647 3975 sequestrlﬁ.
3672 3904 3725 3951 et

2172 4000 2573 4057 damoniorum
2619 3997 2869 4055 horribili
2916 3996 3148 4068 collegio
3190 3995 3249 4052 in
3295 3993 3506 4052 etei-uis
3533 3988 3722 4049 ench-
3788 3998 3789 4068 ξ

2173 4092 2322 4150 tibus
2342 4091 2654 4165 aggregari?
2685 4088 2841 4147 Tunc
2881 4089 3034 4162 regni
3061 4089 3236 4160 ianua
3277 4087 3568 4161 lugentibus
3587 4082 3729 4140 ὼε·

2171 4183 2333 4241 detur
2354 4225 2370 4251 ,
2400 4173 2523 4256 quis
2574 4181 2739 4238 modo
2777 4181 3175 4252 paenitentibus
3212 4178 3449 4252 quotidie
3486 4174 3721 4248 aperit.

2172 4274 2290 4332 Erit
2312 4276 2514 4347 quippe
2536 4282 2667 4331 tunc
2710 4273 3059 4344 pte-nitentia,
3093 4271 3191 4329 sed
3238 4271 3576 4334 infructuosa.
3602 4265 3728 4337 quia
3788 4265 3789 4341 ξ

2173 4382 2521 4437 nequaquam
2576 4364 2794 4420 veniam
2843 4373 2927 4419 est
2986 4370 3385 4441 consecuturus
3440 4360 3530 4433 qui
3572 4357 3726 4413 modo

2175 4464 2361 4528 aptum
2411 4453 2585 4509 veniae
2635 4454 2861 4526 negligit
2907 4464 3145 4524 tempus.
3201 4451 3358 4510 Unde
3399 4449 3665 4524 Apostolus
3710 4461 3725 4495 ι
3788 4449 3789 4528 ξ

2181 4565 2200 4600 ι
2231 4546 2370 4604 Ecce
2390 4557 2539 4602 nunc
2561 4552 2779 4616 tempus
2807 4545 3160 4617 acceptabile,
3189 4560 3318 4603 ecce
3346 4559 3483 4601 nunc
3514 4541 3614 4599 dies
3642 4553 3727 4593 εδ

2168 4640 2305 4696 lutis
2329 4636 2418 4711 (11
2453 4634 2578 4695 Cor.
2603 4638 2704 4708 vi).
2738 4656 2762 4690 ι
3422 4708 3435 4719 ι

2243 4729 2411 4793 Sexto
2434 4729 2599 4786 fatum
2623 4729 2898 4801 repulsam
2924 4729 3229 4801 patiuntur,
3249 4731 3392 4786 unde
3407 4736 3455 4784 et
3472 4723 3721 4783 subdam:

2171 4820 2473 4881 Nouissime
2492 4821 2726 4889 veniunt,
2745 4829 2797 4876 et
2833 4820 3053 4894 reliqua
3080 4822 3308 4894 uirgines
3340 4822 3551 4876 dicentes
3572 4812 3723 4870 tbi-

2168 4914 2330 4981 mitte,
2353 4913 2585 4980 domine,
2628 4914 2777 4984 aperi
2816 4914 2989 4970 nobis.
3033 4914 3105 4969 At
3146 4914 3241 4970 ille
3279 4911 3569 4985 respondeat
3594 4907 3679 4959 is
3704 4918 3727 4956 :

2169 5006 2338 5061 Amen
2373 5006 2493 5061 dico
2516 5004 2680 5073 vobis,
2703 5006 2878 5060 nescio
2911 5023 3021 5062 vos.
3051 5004 3175 5063 Non
3210 5007 3409 5065 dicitur
3426 5000 3721 5076 quod“.

2170 5104 2303 5154 runt
2322 5096 2530 5165 oleum,
2550 5096 2681 5167 quia
2707 5104 2841 5152 tunc
2875 5096 3088 5153 nullum
3111 5098 3219 5153 erit
3252 5098 3493 5170 gaudium
3522 5088 3723 5149 debl-

2168 5189 2332 5245 dihus
2372 5188 2593 5256 alienis,
2627 5188 2724 5245 sed
2760 5188 2818 5244 in
2862 5190 3133 5262 angustiis
3162 5190 3388 5246 redeunt
3430 5186 3497 5242 ad
3534 5182 3721 5251 ὶιιμνι

2169 5281 2397 5337 randam
2418 5280 2516 5336 Dei
2535 5281 2991 5351 misericordiam,
3009 5282 3104 5354 qui
3124 5282 3214 5339 eis
3224 5282 3387 5338 dicit:
3409 5276 3579 5333 Nescio
3594 5285 3723 5335 ιιι

2167 5374 2223 5430 id
2252 5382 2357 5443 est,
2384 5390 2483 5446 per
2505 5375 2632 5431 vitae
2663 5375 2920 5431 meritum
2948 5389 3059 5429 non
3097 5388 3333 5446 agnosco
3350 5387 3456 5428 vos.
3476 5367 3719 5429 Pam

2164 5465 2363 5535 fratres
2397 5468 2528 5535 mei,
2569 5475 2775 5539 quanta
2813 5465 3065 5523 confusio
3091 5474 3151 5521 et
3181 5475 3410 5537 quantus
3436 5461 3571 5517 doli):
3594 5456 3723 5511 alii
