3834 6332
118 326 266 385 1615

100 627 305 685 mereri
326 626 474 699 quod
498 627 633 701 petit
658 626 754 698 qui
779 627 870 682 hic
910 627 1086 682 noluit
1120 627 1311 684 audire
1335 626 1482 698 quod
1509 627 1700 697 iussit.

100 718 214 788 Qui
237 728 452 791 tempus
480 719 815 791 tempestivae
845 718 1179 790 poenitentiae
1205 719 1294 775 hic
1342 718 1541 788 perdit,
1582 716 1700 773 l‘ru-

97 823 222 872 stra
241 830 367 872 cum
387 813 648 888 lacrymis
663 819 794 869 ante
807 813 1036 883 ianuam
1065 811 1233 866 venit.
1266 809 1404 865 Hinc
1428 809 1695 866 Dominus

95 920 203 976 per
229 904 615 962 Saiom‘onem':
653 923 674 957 ι
701 902 906 960 Vocavi
926 912 980 959 et
1003 903 1300 970 renuistis;
1329 901 1545 958 extendi
1573 918 1694 957 ma-

19 1031 24 1040 -
95 1011 234 1052 num
250 1011 452 1064 meam,
475 1004 531 1052 et
551 1010 661 1052 non
677 987 782 1050 fuit
794 994 888 1066 qui
906 994 1204 1066 aspiceret;
1228 992 1554 1066 despexistis
1575 1007 1696 1048 om-

27 1088 34 1094 '
71 1098 168 1142 ‘nc
208 1086 500 1144 consilium
528 1095 812 1154 meum,'et
832 1085 1237 1158 increpationes
1261 1100 1414 1141 meas
1454 1083 1695 1156 neglexi-

91 1179 221 1237 stis.
243 1178 360 1251 Ego
385 1194 608 1252 quoque
629 1179 684 1234 in
717 1178 940 1236 interitu
961 1186 1146 1235 vestro
1168 1177 1356 1234 ridebo
1375 1187 1430 1234 et
1462 1178 1696 1233 subsan-

89 1271 261 1339 nabo,
275 1287 400 1328 cum
417 1271 574 1327 vobis
588 1269 733 1342 quod
760 1270 1035 1328 timebatis
1049 1268 1330 1326 advenerit
1355 1268 1536 1342 (Prov;
1564 1268 1626 1340 ι).
1665 1282 1685 1322 ι

89 1362 343 1435 Septimo
371 1363 644 1436 generalis
687 1361 990 1420 admonitio
1032 1360 1372 1419 subinfertur
1408 1380 1422 1418 :
1462 1359 1692 1433 Vigilate

83 1455 296 1527 itaque,
331 1455 461 1527 quia
483 1455 700 1510 nescitis
733 1454 875 1510 diem
900 1470 1064 1526 neque
1093 1454 1300 1508 horam.
1324 1452 1403 1510 Ac
1429 1451 1478 1509 si
1499 1453 1686 1508 dicat:

85 1541 327 1618 Vigilate
357 1545 415 1600 in
445 1545 616 1602 vestri
640 1544 1058 1616 praeparatione,
1081 1559 1150 1600 ne
1175 1543 1427 1616 imparati
1457 1543 1694 1616 reperia-

69 1637 251 1710 mini,
283 1653 502 1694 summo
527 1637 711 1710 judice
729 1637 1001 1693 veniente.
1025 1634 1208 1704 Quare
1229 1645 1412 1693 autem
1439 1637 1509 1694 sit
1528 1636 1688 1693 nobis

79 1744 310 1801 semper
328 1731 661 1803 vigilandum
689 1729 945 1797 ostendit,
964 1744 1088 1786 cum
1111 1729 1295 1786 subdit
1317 1748 1331 1785 :
1360 1728 1500 1796 Quia
1515 1729 1687 1784 nesci-

1227 319 1560 386 mutum.
1598 353 1671 370 .-
1721 303 1786 372 ﬂ.
1825 307 1913 368 DE
1947 305 2256 384 SANCTIS.

102 444 295 516 lugere
328 448 385 499 et
415 455 527 498 non
568 439 812 498 invenire
848 440 1254 498 consolatorem
1274 485 1291 512 ,
1319 457 1480 499 orare
1507 451 1561 499 et
1593 455 1708 497 non
1739 439 1784 499 A
1811 431 1906 506 qui
1941 449 2067 493 cum
2116 439 2276 498 Patre
2329 449 2385 498 et
2435 440 2641 515 Spiritu
2676 454 2870 504 sancto
2915 441 3053 503 vivit

103 535 354 597 invenire
393 536 791 592 exauditorem.
845 534 924 591 lbi
959 535 1106 592 enim
1151 551 1183 592 a
1221 535 1334 593 Deo
1371 551 1484 592 non
1523 544 1704 607 potest
1803 526 1970 584 Deus;
2002 530 2197 586 Ament

3262 326 3404 396 id"

3096 455 3152 507 et
3203 452 3396 524 mgnat

2480 621 2696 683 XXXII.

1872 727 2032 770 ιῐΝιυε
2070 729 2446 772 σοΝτιΝεΝτῐε.
2489 732 2557 772 DE
2595 734 2752 775 LIBRO
2791 735 3084 779 SAPIENTIJE
3121 741 3316 786 SERIO.

1874 805 2154 860 Mulierem
2176 806 2365 877 fortem
2385 807 2503 877 quis
2526 809 2748 864 inveniet
2766 811 2792 864 .9
2813 811 3011 867 Procul
3029 823 3081 868 et
3095 816 3158 870 de
3179 818 3386 878 ultimis

1796 899 1990 970 ﬁnibus
2009 903 2237 972 pretium
2255 902 2390 973 ejus,
2407 911 2511 959 etc.
2531 903 2714 975 (Prov.
2739 907 2916 977 xxxii)
2937 907 3099 964 Juxta
3124 911 3384 984 litteram,

1795 987 1996 1048 fratres
2017 993 2146 1060 mei,
2171 993 2364 1050 videns
2386 993 2643 1050 Salomon
2667 1012 2859 1052 sexum
2885 997 3179 1058 femineum
3199 1006 3385 1062 tantis-

1794 1099 1893 1156 per
1913 1084 1981 1141 ad
2000 1085 2132 1142 vitia
2145 1087 2469 1158 proclivum,
2487 1089 2634 1160 quod
2651 1089 2743 1144 vix
2763 1089 2947 1163 aliqua
2965 1101 3214 1150 matrona
3232 1112 3384 1168 repe-

1793 1173 1891 1229 riri
1914 1175 2090 1245 possit
2113 1176 2364 1244 honesta,
2395 1178 2540 1233 unde
2564 1188 2620 1234 et
2642 1177 2760 1249 ipse
2782 1179 3027 1236 dicebat:
3065 1200 3083 1232 ε
3105 1181 3293 1239 Virum
3317 1201 3383 1240 ex

1793 1265 1944 1322 mille
1971 1282 2143 1323 unum
2183 1268 2388 1339 reperi,
2431 1269 2716 1326 mulierem
2757 1286 2890 1328 vero
2925 1287 2994 1328 ex
3029 1274 3178 1331 mille
3215 1292 3381 1332 unam

1792 1373 1903 1414 non
1931 1359 2110 1430 reperi
2143 1358 2345 1431 (Eccle.
2402 1361 2569 1432 vn.);
2609 1371 2898 1434 propterea
2922 1364 3202 1423 admirans
3243 1385 3344 1423 cnn

1789 1447 2040 1518 queritur
2078 1458 2133 1504 et
2177 1450 2374 1521 qumrit
2420 1450 2641 1520 dicens,
2688 1452 2969 1509 Mulierem
3020 1456 3212 1526 fortem
3258 1459 3378 1529 quis

1789 1539 2056 1596 inveniet?
2101 1540 2382 1613 Oppositio
2429 1544 2646 1600 videtur
2691 1561 2813 1606 esse
2859 1547 2915 1602 in
2957 1548 3197 1620 adiecto;
3249 1566 3380 1606 nam

1790 1633 1837 1689 si
1867 1633 2086 1702 mulier,
2137 1635 2417 1706 quomodo
2466 1635 2664 1693 fortis?
2710 1647 2806 1694 aut
2843 1639 2891 1696 si
2931 1639 3111 1710 fortis,
3140 1657 3378 1715 quomo-

1789 1722 1861 1780 do
1910 1725 2140 1780 mulier?
2179 1725 2352 1783 Porro
2400 1727 2456 1782 in
2502 1727 2732 1786 muliere
2779 1731 2977 1802 triplex
3017 1743 3101 1790 est
3145 1735 3402 1792 inﬁrmi»

79 1823 155 1877 tis
171 1820 1684 1896 diemnequehoram.Sipraesciremushoramvocationis
1715 1819 1759 1874 B
1785 1825 1890 1885 tas,
1944 1818 2195 1874 videlicet
2248 1819 2537 1877 inﬁrmitas
2596 1822 2799 1890 carnis,
2853 1839 3018 1881 sexus
3073 1833 3128 1881 et
3189 1825 3377 1884 molli-

77 1921 314 1980 nostras,
333 1913 482 1969 aliud
495 1920 712 1984 tempus
739 1911 1095 1984 ptenitentiae,
1119 1911 1268 1967 aliud
1289 1919 1502 1982 tempus
1527 1912 1684 1967 volu-

72 2005 332 2077 ptatibus
385 2019 678 2076 possemus
748 2014 955 2076 aptare.
1025 2002 1133 2060 Sed
1196 2002 1293 2076 qui
1355 2012 1682 2076 praesentem

70 2097 234 2154 diem
287 2097 446 2154 nobis
483 2099 552 2154 ad
591 2097 971 2170 paenitentiam
1013 2097 1182 2165 dedit,
1221 2097 1526 2152 crastinum
1571 2110 1681 2151 non

69 2189 360 2260 promisit.
409 2188 639 2261 Semper
675 2204 807 2262 ergo
835 2189 1099 2245 debemus
1137 2189 1385 2260 vigilare,
1434 2204 1680 2258 semper-

66 2287 192 2350 que
205 2279 386 2350 parati
404 2294 545 2336 esse.
560 2277 670 2337 Sed
690 2293 793 2336 nos
814 2295 925 2335 non
943 2280 1126 2336 solum
1144 2280 1437 2337 commissa
1459 2289 1679 2351 peccata

66 2385 196 2428 non
248 2371 585 2444 plangimus,
631 2372 729 2429 sed
775 2373 942 2430 etiam
975 2388 1099 2444 quae
1136 2372 1467 2446 plangantur
1514 2387 1682 2445 auge-

65 2472 232 2521 mus.
265 2462 406 2520 Ecce
431 2479 579 2521 nunc
599 2464 743 2521 diem
765 2466 944 2537 ipsum
967 2465 1036 2521 de
1053 2480 1167 2537 quo
1190 2465 1487 2537 loquimur,
1512 2479 1679 2536 quam

63 2551 150 2608 ad
182 2553 410 2623 nuptias
446 2554 825 2610 conversionis
868 2554 1204 2625 accepimus,
1245 2563 1300 2610 et
1336 2563 1518 2610 tamen
1553 2569 1677 2609 rea-

65 2651 174 2699 tus
196 2647 422 2699 nostros
450 2643 955 2702 liere‘recusamus;
989 2644 1055 2700 Et
1087 2644 1134 2701 si
1172 2661 1274 2701 nos
1311 2645 1493 2716 aliqua
1521 2643 1680 2716 aegri-

65 2735 217 2792 tudo
243 2736 528 2806 corripiat,
549 2735 598 2792 si
623 2737 780 2809 signa
805 2737 1148 2810 aegritudinis
1169 2738 1505 2794 vicinitatem
1532 2736 1678 2792 desi-

63 2836 258 2900 gnant
314 2829 530 2896 mortis,
583 2829 834 2886 inducias
890 2845 1018 2886 cum
1073 2829 1289 2886 ﬂetibus
1346 2831 1676 2902 flagitamus,

64 2933 225 2994 quas
281 2930 534 2994 acceptas
595 2938 744 2978 nunc
799 2939 1179 2994 aspernamur.
1242 2921 1427 2979 Refert
1483 2923 1678 2980 beatus

63 3014 384 3086 Gregorius
441 3013 591 3088 quod
626 3015 848 3086 quidem
876 3015 963 3071 vir
989 3016 1192 3072 nobilis
1225 3014 1326 3074 fuit
1363 3016 1419 3072 in
1447 3015 1676 3087 provin-

61 3107 166 3163 cia
191 3105 442 3178 Valeria,
466 3109 690 3165 nomine
711 3107 1015 3179 Crisorius,
1043 3117 1255 3166 tantum
1280 3110 1476 3182 plenus
1524 3107 1675 3165 vitiis

1784 1913 1878 1969 tiei
1934 1914 2260 1986 coniugalis.
2321 1914 2512 1987 itaque
2565 1917 2852 1973 mulierem
2913 1919 2970 1974 in
3020 1920 3124 1977 hac
3175 1923 3377 1993 triplici

1783 2005 2103 2062 inﬁrmitate
2133 2006 2330 2063 fortem
2360 2009 2485 2080 quis
2513 2011 2782 2068 inveniet?
2826 2011 3027 2067 Procul
3055 2023 3104 2068 et
3135 2015 3199 2070 de
3243 2017 3379 2071 ulti-

1781 2098 1884 2152 mis
1915 2098 2112 2168 ﬁnibus
2147 2101 2376 2170 pnetium
2412 2101 2550 2170 ejus.
2583 2105 2662 2156 Ac
2689 2104 2738 2159 si
2777 2114 2963 2174 aperte
3003 2106 3152 2162 dicat
3180 2124 3194 2161 :
3229 2107 3378 2164 Raro

1780 2198 1962 2260 potest
2009 2192 2260 2262 reperirit
2299 2191 2366 2248 Et
2395 2194 2440 2249 si
2472 2204 2650 2265 potest
2687 2197 2936 2267 reperiri,
2968 2208 3115 2255 certe
3153 2202 3298 2257 raris
3323 2212 3377 2258 et

1780 2283 2036 2354 pretiosis
2066 2293 2122 2340 et
2153 2286 2221 2342 de
2251 2286 2410 2358 longe
2438 2288 2720 2358 requisitis
2755 2290 2960 2346 divitiis
2999 2300 3183 2361 potest
3225 2309 3376 2348 com-

1780 2374 1986 2447 parari.
2040 2374 2140 2431 Est
2167 2377 2391 2448 quidem
2430 2393 2576 2444 rara,
2612 2379 2708 2434 sed
2747 2389 2955 2450 quanto
2994 2381 3190 2448 rarior,
3224 2389 3376 2437 tanto

1778 2467 2089 2539 pretiosior.
2109 2467 2387 2540 Scriptum
2406 2477 2493 2526 est
2509 2471 2657 2526 enim
2683 2490 2697 2526 :
2717 2491 2738 2524 ‹
2761 2471 2947 2527 Gratia
2969 2489 3134 2543 super
3143 2475 3374 2546 gratiam

1779 2559 1979 2615 mulier
2019 2569 2211 2616 sancta
2259 2570 2314 2617 et
2350 2562 2623 2632 pudorosa
2648 2562 2842 2634 (Eccli.
2872 2566 3044 2635 xxvi).
3085 2583 3104 2616 ι
3170 2564 3374 2621 Deinde

1779 2667 1902 2723 qua
1925 2651 2038 2707 sint
2059 2652 2256 2720 oliicia,
2283 2662 2338 2708 et
2360 2669 2485 2724 qua:
2511 2669 2723 2710 merces
2749 2655 2909 2712 fortis
2934 2657 3183 2733 mulieris
3204 2673 3374 2729 expo-

1779 2744 1880 2798 nit.
1913 2742 2155 2798 Primum
2185 2753 2370 2801 autem
2402 2745 2836 2804 fortismulieris
2861 2757 2964 2816 est,
3002 2749 3152 2821 quod
3187 2750 3262 2806 sit
3306 2750 3374 2806 ﬁ-

1779 2835 1938 2904 delis,
1970 2852 2083 2893 non
2117 2836 2299 2893 solum
2329 2851 2459 2910 erga
2489 2836 2684 2906 Deum,
2713 2839 2810 2896 sed
2837 2841 3003 2896 etiam
3031 2857 3162 2914 erga
3188 2842 3370 2898 virum

1778 2937 1963 2982 suum.
2006 2925 2165 2994 Quod
2203 2942 2304 2998 per
2329 2942 2674 3000 consequens
2700 2930 3060 2998 demonstrat,
3085 2947 3211 2988 cum
3240 2932 3372 2988 sub

1777 3015 1898 3074 dit:
1935 3017 2172 3090 Conﬁdit
2209 3020 2267 3074 in
2306 3035 2370 3076 ea
2410 3037 2503 3075 cor
2538 3021 2639 3075 uiri
2671 3022 2776 3076 sui.
2814 3008 2895 3077 Ex
2937 3023 3197 3078 ﬁdelitate
3221 3023 3372 3078 enim

1777 3109 2030 3168 mulieris
2082 3111 2334 3183 sequitur
2381 3112 2530 3184 quod
2577 3113 2661 3167 vir
2711 3113 2832 3184 eius
2885 3115 2939 3170 in
2989 3129 3054 3171 ea
3109 3113 3370 3180 conﬁdat,

62 3208 352 3272 quantum
380 3201 568 3276 rebus,
613 3201 869 3272 superbia
903 3202 1170 3270 tumidus,
1204 3202 1390 3259 carnis
1427 3218 1543 3258 suae
1577 3218 1675 3258 vos
1701 3190 1747 3254 C
1777 3203 1925 3274 quod
1953 3203 2166 3260 scilicet
2200 3203 2251 3260 ei
2281 3204 2441 3260 ﬁdem
2473 3214 2528 3260 et
2553 3205 2917 3274 dilectionem,
2953 3215 3006 3263 et
3037 3207 3090 3262 in
3117 3206 3283 3266 corde
3315 3217 3372 3266 et

63 3291 388 3363 lnptatibns
442 3293 740 3362 subditus,
796 3293 1040 3352 avaritia:
1091 3289 1304 3351 facibus
1363 3311 1670 3364 accensus,

63 3387 178 3458 qui
225 3388 294 3443 ad
325 3396 631 3444 extremum
669 3388 918 3457 veniens,
955 3404 1019 3445 ea
1045 3391 1180 3445 hora
1210 3405 1316 3460 qua
1352 3399 1470 3446 erat
1499 3389 1673 3445 mori-

65 3480 267 3549 turus,
305 3481 441 3537 vidit
483 3481 686 3552 apertis
715 3481 889 3538 oculis
917 3489 1088 3538 tetros
1115 3489 1170 3537 et
1196 3481 1526 3553 nigerrimus
1561 3479 1675 3551 spis

62 3573 226 3630 ritus
252 3580 440 3629 coram
468 3589 528 3630 se
557 3574 836 3641 assistere,
873 3581 929 3630 et
953 3573 1021 3630 ad
1047 3588 1108 3630 se
1141 3573 1463 3644 rapiendum
1502 3573 1673 3628 vehe-

63 3675 296 3721 menter
324 3666 631 3722 imminere.
670 3664 851 3738 Crepit
884 3677 1139 3733 tremere,
1183 3665 1406 3736 pallere,
1449 3664 1670 3732 sudare,

59 3763 138 3812 et
165 3771 294 3811 cum
341 3757 556 3829 magnis
600 3754 832 3814 vocibus
875 3757 1126 3814 inducias
1153 3765 1357 3828 petere,
1389 3756 1673 3827 ﬁliumque

61 3859 272 3918 suum,
289 3851 511 3906 nomine
529 3849 851 3919 Maximum,
871 3851 1160 3908 clamando
1185 3864 1416 3906 vocare:
1448 3869 1470 3902 ‹
1500 3849 1673 3905 Maxi-

61 3958 191 4010 me,
235 3953 416 4010 cn'rre,
466 3952 522 4000 et
568 3944 625 4000 in
657 3944 762 4000 lide
792 3953 886 4000 tua
929 3959 1017 3999 me
1060 3943 1298 4015 suscipe.
1338 3962 1356 3995 ›
1395 3941 1672 4001 Turbatus

63 4049 215 4092 mox
244 4033 517 4093 Maximus
545 4033 740 4103 adfuit,
779 4035 972 4108 lugens
1016 4033 1221 4090 famula
1261 4035 1536 4103 convenit,
1577 4035 1672 4092 sed

63 4122 204 4184 illos
251 4129 518 4201 malignos
567 4128 795 4199 spiritus
834 4129 1020 4184 videre
1081 4143 1194 4183 non
1249 4135 1535 4198 poterant,
1575 4127 1671 4184 sed

65 4235 280 4277 eorum
328 4223 677 4294 praesentiam
725 4221 781 4277 in
835 4219 1181 4288 confusione,
1228 4221 1284 4276 in
1334 4221 1560 4292 pallore,
1615 4220 1671 4276 in

64 4315 322 4366 tremore
367 4321 423 4368 et
473 4325 677 4383 pavore
723 4309 846 4381 ejus
891 4311 986 4382 qui
1029 4310 1351 4366 trahebatur
1391 4310 1668 4367 videbant.

65 4399 294 4459 Pavore
335 4413 519 4461 autem
561 4420 754 4462 eorum
783 4404 870 4460 ille
903 4403 1219 4460 vertebatur
1247 4404 1302 4459 in
1335 4404 1554 4473 lectulo,
1581 4404 1669 4475 iaa

63 4495 240 4551 cebat
266 4495 322 4550 in
357 4496 580 4553 sinistro
604 4497 794 4565 latere,
825 4503 1105 4567 aspectum
1136 4497 1354 4552 illorum
1386 4495 1530 4554 ferre
1559 4512 1668 4552 non

62 4594 314 4658 poterat,
364 4591 678 4647 vertebatur
725 4589 796 4646 ad
843 4588 1107 4660 parietem
1156 4605 1226 4646 ne
1279 4591 1485 4645 videret
1544 4605 1660 4646 eos.

59 4676 330 4751 Cumque
367 4681 482 4752 iam
536 4683 704 4741 nimis
751 4695 1067 4742 contractus
1115 4685 1452 4755 desperaret,
1501 4683 1668 4754 coepit

62 4770 320 4828 clamare
343 4772 592 4832 inducias
613 4791 790 4848 usque
817 4793 998 4834 mane.
1024 4777 1092 4833 Et
1121 4777 1178 4832 in
1212 4775 1300 4831 bis
1329 4775 1666 4832 clamoribus

61 4865 148 4921 de
192 4863 501 4923 habitacula
534 4869 720 4924 carnis
747 4879 832 4926 est
872 4870 1114 4926 evulsus.
1164 4867 1240 4926 De
1267 4883 1378 4940 quo
1402 4867 1664 4924 nimirum

63 4967 298 5016 constat
322 4959 452 5031 quia
478 4974 580 5032 pro
607 4961 788 5030 nobis,
820 4978 929 5018 non
959 4977 1058 5034 pro
1098 4977 1178 5031 se,
1207 4961 1315 5019 ista
1341 4961 1558 5029 viderit,
1603 4968 1667 5017 nt

63 5050 204 5121 eius
228 5051 368 5110 visio
400 5053 564 5110 nobis
592 5052 902 5125 proﬁceret,
949 5069 1090 5127 quos
1133 5052 1230 5112 Dei
1277 5054 1666 5128 longanimitas

63 5147 377 5214 exspectat.
417 5141 557 5203 Nam
587 5147 664 5203 illi
704 5147 836 5220 quid
873 5145 1082 5221 profuit
1121 5147 1217 5220 qui
1247 5147 1500 5205 inducias
1527 5163 1667 5220 quas

67 5236 238 5307 petiit
263 5252 373 5295 non
411 5241 659 5313 accepit?
684 5239 891 5313 itaque,
923 5241 1124 5300 fratres
1156 5241 1287 5310 mei,
1319 5257 1536 5314 semper
1563 5255 1669 5299 aes-

71 5329 341 5388 timemtts
365 5340 670 5390 extremum
718 5333 863 5390 diem
907 5333 1069 5392 nobis
1114 5333 1424 5404 imminere,
1451 5347 1670 5407 semper

67 5424 356 5477 certemus
381 5436 484 5478 nos
511 5422 689 5496 magis
716 5437 782 5480 ac
809 5423 988 5498 magis
1017 5433 1347 5498 praparare.
1397 5425 1491 5484 Sic
1515 5426 1670 5484 viva-

67 5522 228 5580 mus,
261 5513 342 5569 sic
369 5525 472 5570 nos
492 5514 812 5586 habeamus,
828 5531 894 5573 ac
921 5515 968 5573 si
985 5515 1101 5588 iam
1121 5517 1373 5574 morituri
1392 5533 1663 5589 essemu,

61 5613 353 5676 quatenus
395 5622 612 5664 summo
657 5625 862 5680 sponso
897 5609 1138 5666 venienti
1172 5610 1347 5680 parati
1385 5611 1436 5665 ei
1465 5624 1663 5666 occur-

62 5708 199 5754 rere
246 5698 547 5766 valeamus,
598 5709 651 5757 et
701 5717 827 5758 eum
873 5702 993 5774 ipso
1039 5702 1114 5758 ad
1157 5710 1390 5759 aternas
1441 5703 1664 5775 nuptias

57 5786 328 5859 introire,
384 5800 674 5860 prestante
728 5791 978 5880 Domino.
1010 5802 1202 5880 nostra
1255 5791 1384 5858 Jesn
1417 5793 1662 5862 Christo,

1776 3293 1832 3348 in
1863 3309 2053 3365 opere,
2090 3303 2145 3350 et
2186 3293 2241 3348 in
2279 3295 2445 3351 rebus
2473 3295 2546 3350 sit
2578 3295 3014 3352 observaturum.
3060 3296 3126 3353 Et
3150 3306 3372 3370 propter

1774 3383 1880 3438 hoc
1927 3383 2048 3454 ipso
2095 3383 2418 3455 providente
2467 3385 2656 3456 spoliis
2706 3403 2810 3441 non
2855 3387 3131 3459 indigebit,
3181 3389 3236 3444 id
3286 3399 3371 3446 est

1773 3475 2061 3545 acquisitis
2109 3474 2317 3530 divitiis
2364 3474 2684 3532 abundabit.
2727 3477 2794 3534 Et
2841 3479 2948 3534 hoc
2990 3489 3184 3536 contra
3217 3481 3366 3537 illam

1773 3565 2061 3621 mulierem
2131 3580 2256 3638 quas
2309 3565 2473 3623 ﬁdem
2521 3569 2689 3625 violat
2745 3571 3083 3641 nuptiarum,
3144 3572 3368 3630 thorum

1772 3657 2012 3714 maculat
2053 3658 2424 3732 coniugalem,
2465 3661 2649 3717 virum
2685 3663 2913 3733 spernit,
2957 3674 3012 3720 et
3038 3664 3163 3720 ideo
3204 3674 3369 3722 aster-

1772 3765 1858 3806 nte
1904 3749 2218 3823 indigentia:
2263 3752 2586 3822 subiacebit.
2639 3753 2950 3812 Secundum
2999 3743 3236 3813 oﬂicium
3284 3765 3372 3815 est

1771 3843 1918 3914 quod
1939 3844 2014 3899 sit
2032 3844 2100 3900 de
2122 3844 2227 3900 sibi
2247 3844 2461 3902 collatis
2486 3846 2646 3904 bonis
2665 3847 2786 3903 viro
2813 3856 2988 3919 grata,
3013 3851 3080 3906 de
3096 3865 3208 3922 quo
3241 3851 3370 3907 sub-

1767 3935 1919 3992 ditur
1943 3955 1957 3990 :
1993 3935 2194 3991 Reddet
2220 3938 2270 3992 ei
2293 3937 2508 4006 bonum,
2528 3947 2579 3994 et
2610 3956 2713 3996 non
2739 3940 2960 4008 malum,
2987 3942 3229 3997 omnibus
3253 3928 3368 3997 die?

1770 4027 1866 4082 bus
1889 4029 2011 4084 vim
2037 4045 2170 4085 sua.
2200 4027 2356 4085 Sicut
2391 4031 2536 4086 enim
2568 4031 2793 4102 ingratae
2822 4033 3070 4089 mulieris
3103 4041 3190 4089 est
3234 4012 3365 4091 red-

1767 4121 1899 4176 dere
1921 4121 2042 4176 viro
2071 4136 2176 4177 suo
2203 4122 2408 4178 malum
2435 4138 2537 4194 pro
2561 4123 2726 4192 bono,
2751 4124 2836 4180 vel
2860 4125 3089 4193 bonum,
3115 4123 3211 4182 sed
3253 4137 3366 4183 non

1774 4222 2208 4286 perseveranter,
2243 4215 2330 4271 vel
2368 4230 2437 4271 ex
2476 4215 2622 4272 malo
2652 4218 2778 4286 line,
2806 4217 2881 4274 ita
2911 4227 3079 4289 graue
3117 4219 3366 4275 mulieris

1771 4315 1860 4362 est
1906 4305 2133 4363 reddere
2169 4307 2292 4364 viro
2337 4324 2439 4365 suo
2478 4307 2705 4378 bonu,
2742 4310 2797 4366 id
2847 4319 2934 4367 est
2979 4308 3363 4381 reverentiam,

1771 4397 2172 4468 subiectionem
2199 4441 2216 4468 ,
2274 4400 2644 4457 obedientiam
2695 4412 2750 4459 et
2822 4401 3256 4472 olliciositatem,
3311 4415 3366 4460 et

1773 4492 1880 4546 hoc
1947 4507 2072 4548 cum
2140 4493 2432 4550 dilectione
2498 4502 2554 4550 et
2619 4497 3047 4566 perseverantia.
3118 4483 3365 4552 Tertium

1775 4582 2014 4640 oﬁicium
2063 4583 2223 4640 fortis
2283 4595 2548 4644 matronae
2603 4596 2691 4644 est
2741 4605 2955 4659 semper
3003 4589 3208 4660 aliquid
3264 4590 3358 4644 ho-

1771 4675 1916 4732 nesti
1961 4684 2016 4731 et
2056 4676 2208 4733 utilis
2233 4677 2414 4748 operis
2443 4693 2625 4750 agere,
2660 4695 2729 4734 ne
2773 4679 3045 4747 diabolus,
3077 4680 3173 4750 qui
3219 4695 3364 4737 sem-

1773 4781 1872 4838 per
1900 4767 2096 4824 otiosis
2131 4768 2445 4837 iusidiatur,
2474 4770 2716 4826 inveniat
2754 4777 2876 4826 eam
2920 4771 3173 4827 otiosam.
3208 4761 3366 4829 Unde

1768 4869 1826 4918 et
1855 4861 2040 4918 subdit
2072 4879 2087 4917 :
2122 4862 2380 4929 Quaesivit
2409 4863 2590 4918 lanam
2619 4871 2670 4919 et
2697 4863 2888 4932 linum,
2929 4871 2980 4919 et
3021 4869 3239 4936 operata
3281 4874 3366 4922 est

1768 4953 2072 5022 consilio,id
2084 4964 2188 5023 est,
2206 4965 2321 5010 artc
2340 4972 2593 5012 manuum
2609 4972 2850 5011 suarum.
2869 4955 3192 5013 Laniﬁcium
3213 4958 3364 5014 enim

1769 5047 2106 5104 conveniens
2132 5057 2237 5116 est,
2269 5057 2332 5104 ut
2360 5049 2560 5105 habeat
2581 5049 2728 5106 unde
2757 5064 2890 5106 suos
2918 5051 3137 5119 vestire,
3168 5051 3361 5122 hospi-

1771 5147 1884 5198 tem
1909 5125 2146 5214 aperire,
2174 5143 2385 5198 nudum
2415 5144 2617 5214 vestire
2640 5151 2824 5213 queat.
2851 5141 2920 5200 Et
2945 5144 3050 5199 hoc
3078 5152 3266 5200 contra
3295 5141 3364 5200 ile

1773 5229 1884 5314 lam
1920 5247 2045 5304 quae
2085 5233 2294 5290 mavult
2335 5234 2520 5303 otiari,
2541 5233 2748 5307 iacere,
2777 5243 2833 5291 et
2875 5235 2931 5290 in
2977 5243 3222 5294 stercore
3257 5249 3364 5292 suo

1772 5319 2108 5405 putrescere,
2139 5349 2308 5406 quam
2329 5335 2535 5407 aliquid
2560 5334 2799 5408 operari.
2833 5332 3106 5402 Quartum
3123 5334 3363 5392 cilicium

1768 5433 1877 5494 est,
1902 5416 2031 5495 sibi.
2055 5433 2114 5484 et
2131 5427 2321 5484 domui
2349 5441 2470 5486 suae
2488 5436 2547 5484 et
2573 5428 2943 5501 indigentibus
2963 5428 3221 5486 victuaiia
3265 5443 3361 5485 sa-

1770 5518 1985 5593 pienter
2005 5527 2062 5576 et
2082 5519 2233 5592 iuste
2254 5521 2540 5594 providere
2561 5528 2618 5579 et
2637 5513 2985 5590 conservare,
3011 5516 3213 5593 quibus
3233 5532 3363 5577 cur.

1770 5627 1895 5668 sum
1935 5611 2100 5682 huius
2143 5613 2268 5670 vitae
2300 5614 2480 5685 possit
2506 5628 2911 5672 consummare.
2958 5611 3120 5668 Unde
3167 5611 3360 5669 subdi-

1769 5704 1859 5761 tur
1883 5723 1897 5759 :
1936 5703 2106 5760 Facta
2129 5704 2207 5762 est
2228 5709 2383 5778 quasi
2408 5708 2556 5762 navis
2579 5707 2862 5774 institoris,
2885 5706 2949 5760 de
2969 5705 3119 5776 longe
3138 5713 3357 5775 portans

1767 5811 1963 5880 panem
1977 5812 2153 5878 suum.
2196 5795 2335 5855 Hinc
2358 5797 2559 5870 Ioseph
2587 5795 2984 5884 quiﬁl’rumenta
3017 5797 3071 5851 in
3114 5794 3356 5852 futuram
3416 5846 3423 5852 .
