3820 6312
495 343 632 398 i615

1738 331 1918 387 [Utle
1931 331 2086 385 LPlll
2129 335 2168 387 A
2181 333 2476 389 RDENTIS

3563 356 3643 412 {Siti

490 460 695 515 fanmm
728 453 1088 519 conservavit,
1119 443 1633 514 commendatur,'et
1662 447 1899 501 salvator
1934 462 2076 500 nun-
2103 450 2148 506 Α
2177 448 2367 502 tribuit
2418 447 2513 521 qui
2555 447 2848 522 indigentis
2893 451 3278 506 verecundiam
3332 460 3548 524 prtevenit.
3581 465 3648 526 lin-

491 559 723 620 cupatur
790 547 1052 614 Quintum
1094 545 1329 600 oiiicium
1369 552 1472 607 cst,
1503 540 1745 595 diluculo
1777 539 2078 609 unicuique

493 657 779 699 servorum
812 649 865 695 et
892 639 1214 694 ancillarum
1246 650 1406 705 opera
1438 633 1740 702 injungere,
1770 647 1837 685 ne
1865 639 2074 696 vacent,

491 739 545 791 et
571 735 775 790 cibaria
808 733 1156 794 distribuere,
1183 744 1249 782 ne
1280 726 1552 790 deﬁciant,
1579 725 1721 779 unde
1751 723 1934 778 subdit
1961 743 1972 777 :
2003 722 2079 776 De

492 835 641 880 nocte
663 825 952 893 consurgit,
977 821 1220 891 deditque
1249 819 1507 888 prwdam,
1534 817 1584 871 id
1616 825 1699 870 est
1728 816 1960 870 cilicium
1985 830 2079 870 ac-

493 916 744 987 quirendi
779 912 1082 966 domesticis
1110 911 1219 962 suis
1241 918 1288 961 et
1313 907 1524 961 ancillis
1547 906 1655 961 suis
1677 905 1901 960 cibaria.
1933 904 2095 960 Scri-‘

493 1019 648 1078 ptum
679 1018 760 1061 est
787 1007 931 1060 enim
960 1022 973 1057 :
1005 1023 1023 1054 ‹
1053 1001 1273 1056 Cibaria
1295 1009 1349 1054 et
1367 1000 1541 1068 virga,
1566 1007 1620 1053 et
1642 1013 1782 1052 onus
1804 997 1960 1052 asino
1981 1013 2080 1067 pa-

493 1101 578 1156 nis
599 1097 949 1166 etdisciplina
972 1103 1026 1148 et
1050 1109 1188 1164 opus
1211 1107 1388 1148 servo.
1418 1091 1640 1146 Multam
1664 1106 1901 1160 namque
1924 1089 2102 1144 mali-

491 1193 619 1246 tiam
639 1189 822 1244 docuit
843 1187 1095 1242 otiositas
1113 1185 1532 1256 (Eccli.xxxnt).
1549 1203 1566 1234 ι
1592 1181 1729 1238 llinc
1751 1182 2079 1252 Apostolus:

497 1303 513 1334 ‹
546 1282 649 1350 Qui
665 1298 770 1336 non
784 1281 1014 1345 laborat,
1031 1294 1138 1333 non
1159 1279 1449 1334 manducet
1472 1275 1523 1347 (Ι
1533 1275 1563 1328 l.
1577 1275 1755 1330 Thess.
1774 1275 1878 1346 ιιι).
1905 1295 1921 1324 ι
1944 1273 2084 1329 Sett-

489 1387 604 1430 tum
627 1373 863 1429 oliicium
882 1382 965 1429 est
984 1374 1271 1427 rectiorem
1295 1381 1348 1426 et
1371 1370 1737 1425 honestiorem
1757 1368 1976 1423 modum
2000 1367 2083 1420 vi-

492 1466 646 1521 vendi
665 1467 1035 1532 considerare,
1053 1475 1104 1519 ct
1126 1481 1190 1519 eo
1214 1465 1376 1519 modo
1392 1465 1592 1517 vivere.
1613 1461 1784 1516 Porro
1809 1462 2007 1516 rectior
2033 1469 2086 1515 et

490 1559 772 1614 honestior
803 1559 998 1614 modus
1028 1556 1242 1613 vivendi
1273 1566 1356 1613 est
1382 1556 1732 1627 agricultura.
1767 1552 1921 1608 Unde
1952 1553 2084 1608 sub-

487 1653 677 1707 ditur:
713 1651 1081 1706 Considerarit
1125 1667 1331 1720 agrum,
1382 1649 1433 1703 id
1463 1648 1546 1702 est
1583 1646 1992 1717 agriculturam,
2034 1653 2088 1699 et

488 1746 619 1798 c‘mit
643 1745 900 1799 eum.‘[)e
923 1745 1121 1814 fructu,
1163 1743 1212 1797 id
1246 1750 1329 1797 est
1361 1741 1550 1794 labore
1587 1754 1841 1791 manuum
1865 1753 2083 1790 suarum

2181 539 2452 594 decimum
2482 540 2718 596 oﬁicium
2763 551 2877 611 est,
2923 543 3146 599 familia:
3201 562 3312 601 sua:
3343 559 3500 605 contra
3532 555 3651 631 frigus,

2182 643 2486 704 ett-teraun
2540 636 2849 690 necessaria
2904 638 3221 706 providere,
3287 643 3415 697 unde
3455 646 3650 710 subditur,-

2185 725 2307 791 Non
2358 728 2556 782 timebit
2605 727 2786 781 domui
2837 747 2949 783 sua:
2991 747 3022 782 a
3067 731 3356 801 frigoribus
3398 736 3655 802 nivis;omm

2182 821 2322 874 enim
2372 821 2647 874 domestici
2701 823 2816 890 ejus
2874 823 3054 876 vestiti
3105 833 3230 877 sunt
3281 826 3547 896 duplicibus.
3576 833 3658 894 llinc

2183 913 2477 984 Apostolus
2505 930 2517 964 ε
2554 933 2570 965 ι
2620 912 2677 968 Si
2707 915 2832 984 quis
2859 931 3086 970 suorum
3110 926 3167 971 et
3193 919 3423 974 maxime
3441 921 3658 983 domestico-

2183 1023 2307 1061 rum
2340 1023 2531 1062 curam
2569 1023 2681 1063 non
2719 1009 2913 1077 habet,
2942 1009 3104 1065 ﬁdem
3149 1012 3363 1084 negavit
3381 1010 3428 1085 (Ι
3458 1012 3620 1085 Timr).
3646 1041 3672 1086 ι¹

2185 1096 2252 1152 Et
2281 1106 2438 1168 poeta
2464 1119 2475 1152 :
3668 1091 3672 1106 ⁵

2188 1188 2310 1244 Non
2335 1191 2436 1245 sibi
2459 1191 2550 1246 sed
2573 1192 2787 1247 domino
2812 1195 2989 1264 gravis
3014 1205 3114 1263 est,
3145 1197 3237 1250 cui
3260 1197 3412 1250 servit
3425 1209 3590 1269 egestas.
3672 1176 3676 1184 ι

2186 1281 2580 1339 Duodecimum
2634 1285 2872 1342 ofﬁcium
2917 1288 3075 1344 bona:
3119 1297 3384 1344 matronae
3416 1300 3483 1346 est
3514 1294 3666 1364 seipsam

2187 1376 2415 1432 honeste
2463 1387 2517 1431 et
2557 1379 2814 1435 decenter
2852 1396 3072 1447 ornare,
3101 1392 3160 1436 ut
3191 1382 3400 1453 placeat
3419 1383 3514 1438 viro
3536 1402 3670 1452 suo,i;e

2189 1469 2234 1524 si
2261 1468 2400 1524 forte
2428 1473 2478 1524 ei
2513 1471 2848 1542 displiceret,
2891 1474 2942 1528 ei
2974 1473 3115 1529 forte
3147 1476 3366 1530 occasio
3403 1455 3676 1536 fornicationis;

2187 1561 2360 1628 ﬁeret,
2384 1563 2529 1618 unde
2555 1573 2610 1619 et
2636 1565 2890 1620 subditur
2925 1583 2936 1617 :
2980 1565 3393 1638 Strangulatam
3423 1579 3569 1624 restem
3596 1573 3673 1640 fecit

2187 1652 2311 1719 sibi,
2353 1653 2536 1724 byssus
2580 1665 2630 1708 ct
2680 1673 2924 1726 purpura
2968 1657 3340 1712 indumentum
3377 1655 3678 1729 ejus.tliuliet

2190 1762 2311 1816 quae
2338 1757 2504 1816 nupta
2534 1757 2638 1816 est,
2659 1750 2864 1820 cogitat
2892 1750 3174 1821 quomodo
3197 1752 3404 1822 placeat
3429 1753 3524 1808 viro
3541 1750 3578 1822 (Ι
3597 1753 3675 1811 Cor.

487 1837 1000 1904 plantavit'cineam.
1035 1834 1196 1890 llnne
1227 1834 1439 1887 vivendi
1475 1833 1694 1886 modum
1735 1830 2055 1884 commenda

2184 1841 2302 1909 vn).
2329 1859 2346 1889 υ
2369 1839 2520 1894 Sicut
2545 1840 2692 1895 enim
2711 1841 2910 1896 cultior
2935 1843 3117 1898 cultus
3149 1845 3554 1914 reprehensibilis
3573 1857 3627 1901 est
3642 1847 3680 1906 in,

488 1927 802 1991 Psalmista,
835 1928 1022 1981 dicens
1054 1946 1066 1981 ε
1104 1947 1120 1976 ι
1148 1926 1387 1980 Lahores
1420 1939 1681 1977 manuum
1709 1931 1926 1976 tuarttm
1950 1921 2096 1991 quia.

488 2019 868 2086 manducahis,
925 2020 1115 2075 beatus
1165 2034 1244 2083 es,
1299 2027 1353 2071 et
1399 2018 1535 2071 bene
1585 2015 1684 2070 tibi
1736 2015 1839 2069 erit
1895 2012 2094 2083 (Psal..

488 2113 683 2180 xxvn).
719 2133 735 2163 ›
771 2112 1072 2183 Septimum
1109 2111 1344 2166 ofﬁcium
1380 2119 1483 2175 cst,
1510 2110 1562 2163 in
1590 2109 1788 2164 virtute
1817 2107 2082 2163 castitatis

487 2214 542 2258 et
572 2214 891 2258 emtararum
917 2205 1176 2257 virtutum
1201 2203 1460 2272 operibus
1483 2218 1540 2256 se
1565 2200 1776 2255 fortiter
1803 2214 2078 2264 exercere;

486 2300 630 2354 unde
657 2300 838 2353 subdit
867 2318 878 2353 :
904 2300 1147 2352 .lcrinatit
1172 2297 1482 2367 fortitudine
1505 2295 1708 2348 lumbos
1732 2310 1876 2360 suos,
1895 2303 1941 2347 et
1967 2309 2086 2346 cor-

492 2392 759 2446 roboravit
787 2393 1060 2446 brachium
1089 2403 1264 2445 suum.
1285 2388 1411 2443 llaac
1435 2388 1579 2444 enim
1609 2397 1740 2444 sunt
1761 2396 2086 2442 ornamenta

486 2501 609 2554 qua:
635 2486 906 2556 prtecipue
945 2487 1142 2540 lronam
1187 2492 1494 2538 matronam
1545 2489 1814 2536 exornant
1845 2499 1861 2534 ::
1899 2480 2088 2550 cingus

485 2576 599 2629 lum
636 2577 923 2640 castitatis,
976 2574 1336 2645 perichelidcs
1385 2573 1543 2628 bona:
1582 2569 1936 2640 operationis,
1986 2586 2086 2639 peo-

484 2670 632 2737 plum
665 2669 910 2738 pudoris,
936 2667 1138 2722 monile
1161 2667 1319 2721 bente
1347 2664 1694 2728 eruditionis,
1724 2662 1931 2717 inauris
1956 2662 2113 2716 cbo--

484 2759 720 2826 dientize,
747 2749 973 2830 torques
1001 2749 1322 2830 prudentiae,
1349 2757 1561 2811 armilla
1602 2755 1980 2825 subjectionis.
2021 2753 2088 2812 Ει

487 2848 972 2908 ἰςωωέοιιῐινίιὶιίειε
1015 2868 1138 2922 quin
1186 2851 1252 2905 ad
1300 2851 1508 2903 nullum
1550 2848 1752 2902 bonum
1799 2861 1858 2902 se
1903 2845 2086 2901 accin-

484 2952 639 3014 gunt,
673 2949 766 2998 sed
793 2945 846 2998 in
886 2945 1001 2999 sola
1039 2944 1266 2998 libidine
1299 2943 1465 2996 fortes
1490 2948 1638 2996 sunt.
1677 2937 1940 2994 Octavum
1965 2937 2085 2994 oili-9

485 3035 631 3091 cium
669 3043 772 3103 est,
811 3045 1032 3107 gustare
1068 3044 1123 3089 et
1164 3034 1399 3105 experiri
1436 3048 1600 3104 quam
1646 3033 1718 3087 sit
1763 3031 1990 3097 bonum,
2021 3031 2086 3088 de

486 3130 704 3201 negotio
733 3131 1111 3201 agricultura),
1149 3139 1198 3183 ct
1237 3130 1302 3182 de
1342 3127 1554 3184 caeteris
1596 3126 1760 3181 rectis
1802 3120 2084 3180 laboribus

485 3220 590 3276 sibi
623 3229 676 3276 et
712 3220 1080 3291 indigentibus
1123 3220 1432 3275 necessaria
1493 3218 1777 3289 providere
1806 3260 1819 3284 ,
1865 3227 1919 3272 et
1956 3232 2082 3286 pro-

485 3322 668 3384 pterea
700 3328 809 3367 non
848 3314 1027 3368 solum
1063 3312 1117 3367 in
1151 3314 1257 3379 die,
1294 3312 1386 3367 sed
1426 3311 1591 3365 etiam
1632 3311 1685 3364 in
1724 3317 1883 3365 nocte
1914 3309 2081 3379 justis

483 3399 763 3462 laboribus
806 3406 1031 3461 instare.
1094 3403 1342 3471 Quatuor
1377 3404 1544 3458 cnim-
1574 3402 1836 3457 utilitates
1871 3400 2082 3456 confert

485 3497 638 3554 labor
677 3487 982 3554 manuum:
1015 3497 1148 3552 vitia
1192 3497 1444 3562 destruit,
1493 3495 1721 3550 virtutes
1750 3494 1941 3559 nutrit,
1986 3509 2082 3548 ne-

482 3591 719 3648 cessaria
743 3585 920 3662 parat,
940 3590 1354 3661 clcemosynam
1378 3589 1565 3644 donat.
1601 3587 1754 3643 Unde
1781 3596 1837 3641 et
1857 3587 2039 3641 subdit
2063 3604 2077 3642 :

484 3677 729 3740 Gustarit
759 3694 810 3739 et
840 3683 972 3738 vidit
1014 3685 1263 3755 quoniam.
1303 3683 1438 3735 bona
1482 3691 1557 3735 est
1609 3681 1896 3751 negotiatio
1920 3680 2078 3750 ejus;

487 3796 587 3832 non
613 3778 979 3847 exstinguetur
1003 3777 1059 3829 in.
1092 3785 1239 3829 nocte
1265 3774 1479 3829 lucerna
1511 3774 1644 3844 ejus.
1684 3772 1821 3828 Hinc
1851 3773 2076 3841 Paulus,

481 3887 548 3924 ne
572 3886 670 3940 pro
701 3868 1099 3923 sustentatione
1132 3868 1216 3922 sui
1248 3878 1299 3922 et
1335 3861 1927 3936 suorum’quemquam
1955 3883 2079 3936 gra-

480 3970 651 4039 varet,
675 3961 807 4016 dicit
851 3976 909 4015 se
945 3960 1246 4025 laborasse,
1274 3969 1326 4013 et
1367 3957 1507 4013 alios
1536 3957 1790 4012 hortatur
1826 3957 1893 4010 ad
1926 3957 2078 4011 labo-

480 4055 734 4121 randum,
759 4054 976 4110 dicens:
1014 4073 1032 4104 ‹
1063 4053 1232 4124 Magis
1257 4061 1437 4107 autem
1464 4051 1673 4106 laboret
1691 4051 2078 4121 unusquisque

481 4147 738 4202 manibus
801 4148 951 4215 suis,
1011 4156 1072 4201 ut
1130 4147 1325 4201 habeat
1369 4145 1512 4200 unde
1577 4143 1784 4198 tribuat
1835 4143 2077 4198 necessi-

479 4249 644 4295 tatem
701 4239 925 4311 patienti
977 4240 1237 4311 (Ephes.'
1266 4239 1381 4309 tv).
1422 4246 1554 4289 r—
1603 4256 1622 4288 ι
1651 4237 1870 4292 Beatius
1927 4236 2074 4291 enim

478 4333 739 4388 est'dare
782 4349 946 4404 quam
1001 4331 1264 4402 accipere
1323 4330 1462 4402 (Act.
1508 4331 1638 4401 xx),
1679 4349 1698 4382 ι
1762 4329 1868 4396 Qui
1925 4330 2073 4384 enim

478 4425 592 4493 dat,
649 4424 818 4481 Deum
881 4425 1144 4492 imitatur,
1205 4421 1300 4494 qui
1361 4423 1578 4494 accipit,
1633 4421 1929 4478 faenerator
1965 4430 2069 4476 est.

2183 1931 2367 1996 vidua,
2411 1930 2493 1986 sic
2540 1931 2862 1989 inhonestus
2911 1935 2965 1989 in
3007 1934 3325 2007 conjugata,
3380 1937 3423 1992 si
3462 1947 3596 1992 tamen
3619 1955 3680 2008 per

2185 2021 2333 2077 hunc
2362 2037 2470 2076 non
2499 2021 2676 2078 alieno
2711 2024 2827 2078 viro
2857 2025 3064 2095 appetit
3104 2025 3347 2096 placere,
3381 2026 3465 2082 sed
3490 2029 3680 2096 sueQua

2185 2111 2329 2166 enim
2348 2111 2417 2166 ob
2439 2113 2542 2167 hoc
2571 2129 2629 2167 se
2643 2122 2803 2168 ornat
2828 2123 2888 2168 ut
2915 2115 3113 2170 alienis
3143 2115 3378 2186 placeat,
3401 2117 3489 2172 hoc
3506 2118 3594 2189 ipso
3607 2119 3682 2189 iam

2183 2213 2271 2260 est
2304 2204 2594 2259 inme-itala.
2639 2204 2883 2260 Tertium
2933 2205 3211 2262 decimum
3261 2208 3482 2264 cilicium
3515 2211 3682 2266 mulieris

2186 2293 2344 2357 fortis
2377 2304 2483 2364 est,
2513 2297 2657 2352 bono
2680 2299 2930 2370 exemplo
2979 2308 3032 2355 et
3056 2301 3228 2356 verbo
3265 2301 3436 2356 virum
3469 2319 3591 2358 suum
3612 2303 3681 2356 ho-

2189 2399 2408 2445 nestare
2435 2400 2490 2446 et
2527 2391 2893 2459 sanctiiicare,
2941 2390 3100 2462 juxta
3138 2393 3290 2464 quod
3344 2394 3586 2466 Apostolus
3606 2396 3683 2448 ait:

2195 2500 2211 2534 ι
2251 2481 2638 2539 Sanctiﬁcatur
2667 2486 2750 2538 vir
2789 2485 3024 2541 inﬁdelis
3047 2502 3144 2557 per
3181 2487 3456 2543 mulierem
3479 2485 3690 2565 θιιειεωςι

2191 2574 2318 2632 Cor.
2349 2581 2446 2645 vn)
2473 2596 2487 2643 ;
2526 2597 2542 2627 ι
2580 2578 2682 2633 hoc
2706 2586 2791 2633 est
2819 2592 2949 2649 ergo
2976 2579 3123 2649 quod
3152 2581 3403 2650 sequitur
3430 2600 3442 2635 :
3471 2579 3628 2634 Nobilis
3653 2581 3688 2633 in

2187 2669 2352 2736 portis
2399 2669 2477 2720 rir
2527 2667 2664 2737 ejus,
2703 2667 2757 2722 id
2785 2677 2872 2722 est
2911 2668 2964 2721 in
3012 2669 3247 2738 judicio,
3285 2688 3403 2724 cum
3428 2673 3580 2725 sederit
3609 2687 3690 2724 cm

2188 2759 2520 2813 senatoribus
2569 2767 2744 2813 terraz.
2781 2757 2938 2814 Sicut
2969 2761 3114 2814 enim
3149 2761 3350 2816 mulier
3394 2762 3622 2817 inhonesta
3638 2747 3690 2813 ι’ὶὲ

2190 2867 2314 2908 rum
2357 2866 2518 2906 suum
2564 2851 2743 2917 reddit
2789 2853 3161 2910 verecundum
3209 2864 3267 2909 et
3311 2855 3616 2928 latibuudum,
3642 2854 3690 2905 iu

2190 2943 2388 2999 mulier
2435 2944 2668 3000 honesta
2717 2944 3094 3014 virumsuum
3137 2946 3320 3001 reddit
3344 2947 3547 3001 nobilem
3578 2953 3695 3013 atque

2190 3033 2512 3088 solemnem.
2537 3032 2810 3100 Quartum.
2831 3035 3108 3092 decimum
3133 3035 3372 3091 olIicium
3395 3036 3527 3091 bona:
3542 3044 3586 3089 et
3601 3049 3693 3088 san-

2190 3131 2290 3177 ctae
2340 3132 2604 3178 matronae
2644 3134 2766 3192 est,
2808 3127 3102 3195 quamdam
3158 3127 3324 3182 telam
3372 3127 3629 3183 innocentis
3660 3135 3698 3179 et

2190 3215 2407 3270 mundm
2435 3216 2560 3271 vita:
2582 3217 2751 3272 ordiri
2777 3227 2830 3272 ct
2854 3219 3141 3289 perﬁcere,-
3172 3230 3228 3275 ct
3255 3221 3322 3276 ad
3345 3222 3453 3292 ejus
3477 3218 3694 3276 emendant

2186 3308 2636 3379 negotiationem,
2671 3309 3065 3379 Chananmum,
3091 3313 3145 3368 id
3171 3323 3258 3368 est
3283 3314 3692 3385 quemlibetevtra

2183 3418 2350 3456 neum
2373 3387 2793 3473 negotiatorem,
2818 3403 2993 3460 bonas
3023 3406 3420 3474 negotiationes
3439 3412 3698 3476 quaerentem

2183 3510 2280 3564 per
2301 3496 2708 3560 aemulationem
2735 3497 3041 3575 accingere.
3073 3494 3229 3553 (Inde
3259 3499 3525 3554 subditur:
3550 3496 3703 3551 Sindi.
3788 3494 3789 3501 “

2184 3605 2300 3643 nem
2331 3589 2456 3659 fecit
2475 3599 2527 3644 et
2549 3589 2804 3658 vendidit,
2825 3599 2876 3644 et
2903 3591 3179 3665 cingulum
3205 3592 3425 3645 tradidit
3445 3579 3698 3645 Chanaan

2182 3679 2253 3737 Et
2271 3682 2375 3738 hoc
2397 3693 2587 3739 contra
2615 3684 2738 3738 illas
2765 3700 2890 3754 quae
2917 3685 3082 3740 telam
3114 3684 3359 3741 infamia:
3381 3693 3558 3746 texunt,
3586 3691 3632 3738 et
3653 3678 3703 3756 ari

2183 3776 2330 3830 illam
2387 3777 2534 3832 malo
2580 3778 2851 3848 exemplo,
2897 3778 3141 3849 reliquas
3193 3777 3422 3834 feminas
3447 3776 3701 3845 accingunt.

2181 3866 2446 3933 Quintum
2488 3867 2765 3923 decimum
2801 3867 3043 3924 oiﬁcium
3097 3877 3184 3925 est
3221 3885 3281 3926 se
3315 3869 3522 3925 fortibus
3543 3876 3588 3921 et
3626 3864 3707 3917 ho-

2181 3960 2354 4016 nestis
2382 3961 2630 4015 moribus
2655 3969 2915 4032 tanquam
2961 3960 3294 4031 quihusdam
3326 3959 3616 4015 indumentis
3641 3956 3684 4008 in

2179 4053 2367 4108 duerc.
2394 4050 2547 4108 Unde
2572 4052 2825 4108 subditur
2859 4071 2871 4106 :
2915 4051 3209 4107 Fortitudo
3238 4063 3286 4108 et
3315 4055 3460 4108 decor
3478 4051 3710 4105 indumen—

2180 4155 2290 4199 tum
2317 4145 2454 4214 ejus,
2478 4153 2528 4199 et
2553 4145 2744 4199 ridebit
2769 4145 2823 4198 in
2871 4145 2957 4199 die
2987 4147 3296 4200 novissimo.
3330 4144 3440 4199 Non
3469 4145 3550 4210 ait,
3571 4141 3706 4200 ridet.

2177 4237 2439 4308 quoniam
2472 4256 2490 4288 ο
2531 4253 2610 4292 tte
2648 4237 2805 4292 vobis
2825 4237 2920 4307 qui
2963 4223 3160 4293 ridetis
3205 4237 3355 4310 (Luc.
3387 4237 3477 4306 vr).
3502 4254 3518 4286 ι
3539 4230 3593 4286 Et
3621 4231 3710 4285 he:

2177 4340 2367 4384 contra
2405 4329 2525 4384 illas
2550 4345 2673 4400 qua:
2697 4329 3060 4385 dissolutione
3087 4340 3142 4385 et
3165 4329 3484 4402 turpitudine
3509 4339 3611 4382 sese
3636 4324 3708 4377 ia-

2177 4419 2374 4486 duunt,
2389 4430 2441 4475 et
2468 4421 2521 4474 in
2533 4420 2867 4475 cachinnum
2895 4436 3018 4476 sese
3033 4420 3339 4477 effundunt.
3365 4419 3562 4476 Sextum
3581 4416 3708 4471 deci-

476 4517 694 4575 Nonum
727 4518 962 4574 otiicium
1008 4526 1127 4585 est,
1185 4533 1295 4572 non
1329 4518 1539 4572 solum'
1573 4516 1638 4571 ad
1671 4515 1833 4571 fortia
1871 4523 1924 4570 et
1959 4531 2076 4570 ma-
2111 4515 2150 4570 Β
2179 4529 2328 4567 ιιιιιιιι
2381 4512 2620 4568 oﬁicium
2656 4522 2761 4581 est,
2803 4512 2946 4571 ﬁlios
2993 4524 3048 4570 et
3093 4513 3358 4570 familiam
3401 4510 3604 4570 suamin
3633 4523 3710 4560 sa-

477 4624 612 4681 gna,
647 4611 742 4665 sed
779 4619 834 4665 et
865 4609 988 4665 vilia
1025 4619 1077 4663 et
1111 4609 1339 4663 humilia
1371 4625 1539 4679 opera
1575 4608 1644 4676 (si
1681 4607 1836 4664 locus
1879 4607 2066 4679 fuerit)

476 4720 698 4780 manum
724 4721 1014 4775 apponere.
1043 4702 1197 4758 Unde
1227 4703 1511 4780 subditur:
1544 4699 1763 4754 Monum
1786 4703 2065 4757 suam.mi-

473 4799 543 4850 sit
572 4799 640 4850 ad
659 4786 914 4867 fortitu'ct
936 4797 1092 4867 digiti
1114 4795 1225 4865 ejus
1250 4779 1703 4864 appreltenderunt
1728 4793 1924 4862 fusum.
1947 4793 2066 4848 Sic-

473 4898 534 4944 ut
582 4891 727 4945 enim
765 4891 1011 4960 superbae
1045 4888 1244 4942 mentis
1284 4897 1367 4942 est
1395 4901 1562 4956 opera
1599 4886 1826 4940 humilia
1860 4885 2064 4942 abhon—

472 4997 612 5048 rere,
638 4982 710 5036 ita
750 4981 973 5036 humilis
1012 4979 1211 5034 mentis
1252 4988 1337 5033 est
1374 4979 1579 5033 nullam
1619 4994 1846 5048 operum
1884 4979 2065 5034 vilita-

473 5083 578 5128 tem
611 5074 678 5144 (si
705 5075 860 5129 lOcus
895 5071 1082 5142 fuerit)
1127 5073 1347 5129 evitare.
1386 5071 1665 5130 Decimum
1695 5073 2065 5130 'oﬁiciumcSt

473 5166 732 5236 eperibus
767 5163 1157 5221 misericordia:
1193 5151 1464 5233 insistere,
1495 5176 1553 5222 et
1573 5167 1721 5238 inopi
1748 5163 2060 5222 nonsoium

471 5255 695 5326 petenti,
725 5248 821 5310 sed
849 5265 900 5312 et
935 5266 1115 5327 petere
1147 5257 1509 5323 erubescenti,
1538 5257 1918 5329 prteveniendo
1947 5258 2063 5328 pal-

471 5345 590 5405 mas
619 5347 1152 5422 largiusextendere.
1173 5347 1326 5405 Unde
1346 5359 1402 5405 et
1416 5349 1628 5406 subdit:
1661 5349 1882 5405 Manum
1903 5365 2060 5406 suam

471 5441 675 5512 aperuit
706 5443 952 5514 inopi,~et
989 5444 1197 5515 palmas
1249 5460 1376 5498 suas
1405 5443 1642 5499 extendit
1679 5444 1758 5498 ad
1782 5459 2054 5514 pauperes.

469 5533 609 5590 llinc
657 5536 943 5594 Psalmistia
974 5557 986 5592 :
1025 5557 1043 5588 σ
1079 5537 1278 5592 Beatus
1311 5538 1404 5607 Qui
1442 5537 1692 5608 intelligit
1730 5552 1897 5607 super
1929 5553 2056 5608 ege-

466 5645 597 5684 num
629 5639 681 5685 et
724 5618 1017 5701 pauperem
1045 5629 1218 5701 (Psal.
1255 5631 1366 5692 xu).
1394 5651 1410 5681 ι
1443 5630 1619 5700 Super
1642 5645 1871 5701 egenum
1897 5631 2055 5686 intel-

466 5721 582 5794 ligit
611 5724 727 5793 qui,
752 5724 1056 5794 intelligens
1083 5722 1319 5796 aliquem
1355 5737 1534 5792 egere,
1563 5739 1668 5776 non
1693 5733 1973 5793 exspectat
1996 5733 2056 5778 ut

464 5827 680 5886 petatur
701 5860 714 5885 ,
744 5818 837 5872 sed
873 5814 1211 5888 praeveniens
1247 5829 1449 5870 munus
1483 5816 1742 5870 extendit.
1775 5815 1864 5872 Bis
1903 5817 2047 5871 enim

2173 4609 2396 4678 pientia,
2422 4617 2476 4664 ct
2490 4608 2543 4662 in
2572 4608 2688 4680 lege
2711 4608 2928 4664 Domini
2950 4609 3219 4680 exemplis
3241 4617 3295 4665 et
3315 4607 3486 4663 verbis
3504 4602 3708 4663 erudire,

2173 4699 2319 4754 unde
2377 4699 2630 4755 subditur
2657 4718 2668 4752 ε
2699 4697 2771 4754 Os
2801 4717 2956 4753 suum
3000 4702 3215 4770 aperuit
3254 4699 3530 4770 sapientia,
3560 4703 3597 4746 et
3633 4691 3710 4742 lt:

2172 4793 2462 4847 clementia;
2489 4793 2548 4845 in
2583 4791 2768 4863 lingua
2813 4793 2948 4862 ejus.
2985 4793 3126 4847 Cum
3176 4802 3354 4847 autem
3386 4793 3463 4845 lex
3495 4800 3584 4843 tam
3606 4781 3703 4835 cla”

2173 4885 2392 4942 mentite
2423 4901 2590 4956 quam
2614 4885 2843 4955 iustitia:
2874 4886 2965 4954 sit,
3006 4898 3192 4941 tamen
3228 4887 3314 4941 hic
3343 4886 3424 4940 lex
3453 4876 3710 4939 clementi?

2171 4977 2395 5043 dicitur,
2427 4985 2487 5031 ut
2545 4975 2860 5032 meminerit
2907 4985 3163 5053 matrona
3207 4974 3704 5037 clementianuquam

2172 5071 2267 5151 lex:
2299 5071 2565 5140 praacipit,
2614 5070 2670 5125 in
2705 5068 2968 5124 familiam
3021 5069 3246 5134 habere,
3275 5069 3412 5125 sicut
3440 5059 3706 5151 Domiti}?

2169 5241 2451 5324 mulieres,
2491 5271 2615 5326 quae
2645 5254 2982 5330 turpiloquia
3023 5263 3082 5310 et
3120 5254 3420 5332 impudicas
3445 5244 3706 5332 cantilenas

2167 5351 2408 5415 discunt,
2432 5358 2487 5404 et
2531 5348 2705 5418 legem
2734 5346 2837 5402 Dei.
2865 5362 2982 5403 non
3026 5331 3242 5403 curant.
3275 5345 3558 5417 Septimum

2165 5459 2316 5500 mum
2351 5441 2587 5496 ollicium
2619 5449 2724 5510 est,
2769 5455 2965 5518 omnes
2989 5440 3217 5496 semitas
3247 5441 3438 5497 domus
3475 5438 3704 5510 ςιιετείξθ

2153 5537 2406 5602 inutiles,
2433 5537 2548 5593 sive
2574 5537 2756 5603 utiles,
2783 5538 2900 5593 sive
2920 5547 3182 5592 nocentes
3209 5535 3560 5592 considerare,
3582 5519 3696 5576 nisi:

2163 5615 2417 5686 subditur
2444 5651 2458 5685 ;
2487 5629 2856 5699 Consideravit
2907 5630 3124 5682 semitas
3165 5629 3364 5712 donius’
3393 5638 3530 5683 sua;
3556 5625 3596 5667 τι
3619 5624 3694 5712 if“

2132 5718 2278 5784 'nem
2304 5726 2478 5778 otiosa
2535 5741 2636 5787 non
2669 5723 2915 5788 comedit,
2944 5721 3039 5777 sed
3077 5703 3266 5796 potius
3285 5703 3546 5790 vigilando
3565 5715 3608 5758 ei

2161 5818 2428 5881 borando,
2461 5819 2686 5873 semitas
2713 5830 2810 5885 per
2839 5829 2978 5883 quas
3005 5815 3210 5869 bonum
3240 5809 3418 5866 domui
3450 5795 3689 5878 prima:

2153 5148 2298 5229 vult
2319 5161 2574 5216 «invenire
2620 5159 2944 5217 clementem
2970 5161 3024 5215 in
3056 5176 3135 5217 se.
3163 5159 3234 5216 Et
3268 5161 3368 5216 hoc
3393 5149 3566 5214 contra
3599 5148 3706 5201 ilia:
3787 5234 3789 5253 Ι
