3820 6312
131 377 243 440 161⁸1

1154 351 1487 429 HOMILIE.
1523 381 1596 392 -
1631 350 1696 407 ιι.
1740 349 1828 405 οε
1871 349 2181 411 SANCTIS.

3184 357 3323 416 1618

129 494 326 569 poterat,
365 477 579 552 aperuit,
609 484 663 532 et
698 476 803 531 eas'
822 487 921 543 per
959 486 1098 543 quas
1137 470 1398 527 damnum
1452 467 1639 524 domui
1670 469 1720 530 Α
1747 466 2012 523 inveniet?
2038 483 2105 524 ac
2134 468 2180 525 si
2205 469 2448 539 apertius
2482 470 2629 555 dicat
2656 488 2675 553 :7
2700 468 3000 530 Ecclesiam
3045 473 3129 530 vel
3158 448 3323 533 etiam

125 562 373 662 provenire
411 576 627 644 poterat,
672 563 962 623 obstruxit.
994 562 1062 620 Et
1105 563 1211 641 hoc
1259 570 1450 662 contra
1481 562 1644 617 luxu-

125 654 298 734 ‘iriantes
330 665 527 731 viduas,
567 674 701 733 quas
742 658 1038 729 Apostolus
1066 656 1364 727 redarguit,
1392 654 1581 711 dicens
1608 658 1637 707 ’:

124 768 150 823 ἐ
173 762 321 822 Simul
356 766 406 814 et
426 756 592 812 Otiose
612 751 829 807 discunt
848 749 1085 806 circuire
1103 748 1320 814 domos,
1344 761 1449 803 nec
1461 747 1640 803 solum

121 859 300 919 ‘otiosae,
326 844 422 905 séd‘
436 854 487 901 et
515 843 750 898 verbosas
770 848 825 895 et
844 839 1079 895 curiosae
1104 836 1160 909 (Ι
1193 835 1329 891 Tim.
1360 837 1437 906 ν).
1478 855 1496 888 ι

120 948 125 953 ’
184 948 462 1015 Sequuntur
500 933 774 990 mercedes
804 931 965 988 fortis
992 930 1261 985 mulieris.
1287 928 1472 984 Prima
1500 942 1644 983 mer-

115 1040 198 1096 ces
215 1036 317 1105 ejus
344 1038 438 1096 est,
466 1027 581 1081 laus
598 1023 858 1090 ﬁliorum,
880 1022 1025 1077 unde
1053 1021 1305 1077 subditur
1338 1041 1352 1075 :
1387 1018 1643 1075 δατ-τετε-

115 1130 223 1184 'runt
244 1124 337 1196 ﬁlii
366 1120 494 1191 ejus,
524 1116 773 1184 subaudi,
798 1114 865 1171 ad
889 1115 1062 1170 bonos
1103 1128 1308 1180 mores,
1335 1113 1565 1169 virtutes
1590 1119 1644 1167 et

124 1232 272 1288 opera.
308 1211 373 1266 Et
398 1206 743 1264 beatissimam
775 1205 1200 1276 prwdicaverant
1232 1219 1368 1270 eam,
1391 1218 1457 1258 eo
1480 1201 1643 1258 modo

122 1321 211 1379 quo
247 1300 514 1358 artiﬁcium
562 1296 822 1369 praedicat
859 1296 1146 1363 artificem,
1184 1295 1516 1351 fabricatura
1561 1293 1644 1351 fa-

122 1401 270 1462 brum,
309 1393 506 1449 factura
549 1389 831 1459 factorem,
877 1389 1067 1462 sicque
1124 1388 1225 1445 ﬁlii
1271 1388 1410 1445 bene
1443 1388 1643 1445 eruditi

107 1489 312 1546 'matrem
349 1482 707 1539 eruditricem.
764 1478 1015 1536 Secunda
1057 1481 1180 1536 laus
1204 1488 1288 1536 est
1313 1479 1440 1534 viri.
1488 1477 1644 1535 Unde

120 1579 329 1637 subditur
358 1596 370 1630 :
409 1574 499 1629 Vir
530 1574 643 1646 ejus
689 1573 931 1629 laudavit
981 1589 1119 1640 eam,
1148 1572 1306 1644 quasi
1328 1572 1474 1628 dicat
1501 1591 1514 1626 :
1544 1568 1643 1627 cui

117 1674 229 1728 bene
248 1669 381 1726 credi
411 1668 585 1735 debet,
615 1676 875 1738 tanquam
913 1665 993 1722 illi
1026 1665 1121 1737 qui
1157 1674 1491 1723 secretorum
1530 1679 1647 1720 suae

117 1764 327 1835 conjugis
367 1761 593 1834 diligens
633 1768 716 1816 est
760 1768 1154 1832 perserutator.
1208 1757 1420 1826 Quibus
1460 1768 1643 1813 autem

115 1854 262 1911 verbis
296 1869 408 1909 eam
449 1852 670 1921 laudet,
715 1850 1024 1908 ostenditur
1077 1866 1205 1907 cum
1249 1850 1639 1922 subiungitur:

115 1946 271 2002 Multae
305 1946 430 2017 ﬁlia:
475 1954 914 2017 congregaverant
970 1945 1210 2012 divitias,
1264 1951 1321 1999 tu
1350 1951 1527 1998 autem
1556 1959 1648 1998 su-

102 2052 342 2107 'pergressa
364 2043 439 2090 est
464 2036 757 2103 universas,
782 2035 910 2106 quia
935 2035 1185 2091 videlicet
1206 2050 1316 2089 non
1349 2033 1571 2095 fallaces
1593 2043 1649 2092 et

104 2119 267 2193 ‘vanas,
293 2134 347 2181 ut
373 2133 600 2199 caeteras,
644 2126 741 2182 sed
772 2126 957 2197 potius
1000 2125 1313 2197 spirituales
1336 2136 1389 2181 et
1412 2136 1648 2183 aeternas

112 2216 190 2272 tibi
210 2217 552 2289 congregasti,
575 2216 718 2272 unde
743 2226 796 2273 et
818 2216 1003 2273 subdit
1029 2234 1041 2272 :
1077 2214 1282 2271 Fallax
1314 2217 1649 2288 gratim-sive

98 2310 255 2382 imago
274 2320 319 2365 et
340 2327 471 2365 vana
490 2320 568 2366 est
589 2310 954 2382 pulchritudo;
982 2310 1171 2367 Fallax
1196 2312 1398 2383 quippe
1420 2321 1504 2367 est
1526 2326 1650 2383 gra-

109 2404 186 2471 tia,
207 2404 307 2460 sive
330 2405 505 2476 imago
540 2406 926 2476 temporalium
957 2405 1295 2473 divitiarum,
1318 2421 1458 2460 vana
1481 2406 1649 2462 etiam

107 2502 174 2548 est
194 2493 521 2564 pulchritudo
543 2495 914 2566 corporalium
945 2495 1240 2563 bonorum,
1270 2495 1401 2566 quia
1422 2495 1537 2552 sive
1565 2496 1651 2551 in-

106 2584 360 2641 terioribus
377 2584 586 2642 divitiis
608 2601 717 2642 non
742 2587 920 2642 solum
943 2602 1053 2642 non
1079 2595 1331 2659 prosunt,
1353 2587 1467 2643 imo
1485 2587 1649 2644 etiam

104 2678 289 2733 obsunt.
310 2675 457 2735 Unde
485 2678 745 2736 Salomon
770 2699 782 2735 :
816 2678 985 2748 «Quid
1009 2681 1232 2752 prodest
1255 2681 1423 2738 stulto
1450 2681 1652 2737 habere

104 2770 309 2840 divitias,
340 2788 464 2829 cum
503 2773 829 2846 sapientiam
872 2788 1055 2829 emere
1102 2788 1213 2830 non
1257 2775 1431 2846 possit
1464 2774 1648 2844 (Prov.

1745 561 1983 615 animam
2034 561 2090 616 in
2134 569 2218 616 tot
2263 552 2677 618 inﬁrmitatibus
2706 565 2929 620 mollem
2947 576 3001 621 et
3028 566 3321 637 inﬁrmam,

1728 652 1868 722 ‘quis
1916 653 2200 709 inveniens
2245 655 2448 724 poterit
2501 663 2692 710 contra
2728 656 2944 712 easdem
2979 659 3325 716 inﬁrmitates

1744 744 1924 802 facere
1949 745 2186 802 fortem?
2226 744 2443 802 Procul.
2471 747 2638 814 Quasi
2671 747 2818 803 dicat
2846 767 2859 803 :
2893 748 3075 807 Nostri
3100 768 3210 807 non
3240 764 3324 810 est

1725 837 2009 908 'temporis
2054 854 2158 894 nec
2205 841 2377 896 nostri
2428 841 2644 908 similis,
2681 842 2776 898 sed
2825 845 3015 913 procul
3042 845 3325 904 intervallo

1725 931 2027 999 temporis,
2074 948 2104 987 a
2136 930 2433 990 Salrmonc
2472 951 2649 1005 usque
2695 935 2764 991 ad
2812 945 3028 1007 partum
3058 936 3321 1011 Virginis.

1749 1021 1815 1074 Et
1838 1022 1902 1077 de
1925 1023 2151 1090 ultimis,
2179 1024 2375 1097 inquit,
2418 1028 2613 1098 ﬁnibus
2641 1029 2871 1099 pretium
2912 1029 3049 1100 ejus,
3078 1031 3207 1102 quia
3242 1052 3261 1085 ε
3295 1050 3327 1089 a

1730 1129 1966 1170 'summo
1989 1117 2128 1172 coelo
2149 1120 2393 1189 egressio
2415 1120 2534 1191 ejus
2564 1119 2741 1192 (Psal.
2770 1120 2947 1194 xviii).
2989 1143 3005 1175 ι
3038 1122 3153 1179 Non
3178 1126 3326 1181 enim

1728 1203 2001 1262 Christus
2037 1207 2183 1264 aliud
2230 1212 2465 1280 pretium
2510 1229 2610 1283 pro
2654 1213 2811 1270 nobis
2851 1214 2999 1270 dedit
3035 1233 3198 1287 quam
3236 1234 3325 1274 se-

1745 1297 2184 1371 ipsum._Deinde
2230 1305 2576 1360 commendat
2620 1303 2916 1363 Ecclesiam
2970 1310 3051 1363 vel
3085 1311 3325 1366 animam

1750 1389 1951 1469 fortem.
1982 1393 2221 1462 primum
2246 1410 2276 1450 a
2302 1396 2616 1464 virtutibus,
2650 1398 2846 1454 deinde
2867 1415 2896 1453 a
2920 1401 3163 1470 preemiis
3188 1402 3323 1458 suis.

1745 1481 1989 1539 Primum
2037 1484 2203 1556 igitur
2254 1489 2604 1546 commendat
2645 1507 2767 1546 eam
2808 1492 2876 1548 de
2904 1493 3164 1549 ﬁdelitate
3201 1508 3325 1549 cum

1726 1564 1930 1632 subdit
1960 1594 1972 1630 :
2001 1575 2235 1649 Conﬁdit
2260 1581 2316 1634 in
2342 1598 2404 1635 ea
2428 1598 2519 1636 cor
2549 1583 2649 1637 viri
2676 1586 2780 1649 sui.
2816 1583 2913 1640 Vir
2938 1595 3023 1641 est
3048 1586 3325 1657 Christus,

1745 1667 1891 1723 unde
1924 1687 1943 1721 ί
1977 1667 2242 1739 despondi
2262 1669 2407 1725 enim
2446 1687 2543 1727 vos
2570 1672 2662 1727 uni
2687 1674 2805 1729 viro
2828 1674 3093 1746 virginem
3119 1686 3325 1732 castam

1724 1759 2009 1817 ‘exbibere
2054 1760 2276 1818 Christo
2323 1761 2414 1834 (II
2441 1761 2566 1819 Cor.
2600 1766 2699 1833 χι).
2742 1785 2760 1816 ι
2800 1766 3058 1822 Christus
3113 1783 3243 1839 ergo
3272 1758 3328 1823 in

1746 1851 1993 1910 Ecclesia
2029 1853 2113 1909 vel
2153 1853 2207 1909 in
2245 1853 2373 1909 forti
2417 1856 2600 1911 anima
2625 1855 2870 1923 conﬁdit,
2901 1849 3031 1912 dum
3056 1873 3176 1912 eam
3200 1858 3334 1914 ﬁde—

1744 1944 1854 2001 lem
1874 1953 1928 2001 et
1951 1945 2005 2000 in
2049 1961 2109 2001 se
2137 1946 2496 2004 conﬁdentem
2544 1947 2697 2015 facit,
2723 1956 2785 2004 ut
2806 1949 2953 2004 nulla
2984 1949 3332 2017 adversitate,

1745 2052 1850 2093 nec
1870 2038 2036 2094 etiam
2088 2038 2206 2109 ipsa
2245 2048 2442 2107 morte,
2474 2041 2545 2095 ab
2565 2054 2630 2095 eo
2667 2041 2912 2112 separari
2955 2042 3148 2111 possit.
3178 2039 3337 2096 Unde

1746 2127 2043 2199 Apostolus
2073 2148 2086 2185 :
2123 2149 2143 2181 α
2180 2129 2317 2199 Quis
2363 2145 2463 2186 nos
2501 2132 2776 2201 separabit
2812 2147 2844 2187 a
2898 2133 3163 2188 chan'tate
3204 2131 3338 2191 Dei?

1724 2219 2074 2288 ‘Tribulatio,
2104 2238 2173 2276 an
2203 2222 2398 2290 fames,
2426 2238 2495 2277 an
2533 2223 2783 2294 gladius?
2813 2243 2831 2274 ι
2864 2221 3037 2294 (Rom.
3060 2224 3203 2294 vni.)
3235 2221 3336 2279 Se-

1749 2314 1953 2380 cundo,
1983 2330 2105 2369 eam
2156 2316 2504 2370 commendat
2537 2315 2605 2370 de
2654 2316 2996 2385 acquisione,
3029 2331 3155 2369 eum
3203 2316 3335 2370 sub-

1749 2403 1827 2460 dit
1865 2423 1878 2459 :
1908 2403 1977 2458 Et
2004 2406 2191 2475 spoliis
2241 2422 2342 2459 non
2375 2405 2647 2476 indigebit.
2689 2404 2895 2476 Spoliat
2925 2408 3126 2479 quippe
3150 2405 3338 2461 Eccle-

1723 2494 1832 2550 'sia
1862 2495 1944 2550 vel
1975 2495 2230 2566 quaelibet
2261 2495 2435 2552 ﬁdelis
2456 2497 2636 2551 anima
2671 2497 2973 2562 diabolum,
2996 2499 3124 2553 dum
3157 2498 3337 2568 quoti-

1722 2588 1839 2644 ‘die
1862 2603 1894 2644 a
1923 2588 2175 2645 faucibus
2218 2589 2338 2659 ejus
2376 2604 2505 2645 vasa
2559 2589 2891 2660 captivitatis
2926 2590 3109 2661 eripit,
3141 2596 3197 2645 ct
3238 2606 3337 2662 ag-

1752 2689 1942 2752 gregat
1990 2681 2139 2753 gregi
2186 2680 2464 2749 ﬁdelium;
2503 2682 2651 2752 quod
2694 2682 3007 2751 facere,est
3050 2682 3338 2737 victoriam

1752 2770 1960 2829 Christi
1983 2772 2207 2830 imitari.
2240 2770 2447 2840 Tertio,
2501 2773 2851 2831 commendat
2871 2791 2991 2829 eam
3016 2774 3082 2829 de
3111 2774 3340 2846 gratitu—

101 2860 232 2932 xrn),
259 2880 277 2914 ι
302 2862 411 2918 imo
433 2864 602 2919 etiam
624 2873 803 2920 nocet.
838 2861 1049 2919 Divitiae
1076 2863 1133 2921 in
1157 2880 1323 2921 manu
1348 2865 1655 2937 insipientis
1754 2868 1908 2937 dine,
1936 2884 2059 2925 cum
2093 2867 2276 2924 subdit
2297 2886 2309 2922 :
2327 2867 2519 2923 Reddit
2539 2868 2587 2921 ei
2598 2867 2786 2933 bonum
2799 2878 2847 2922 et
2866 2885 2967 2922 non
2998 2867 3198 2921 malum
3225 2883 3342 2920 om-

86 2951 281 3022 'gladios
300 2963 380 3010 est
406 2953 461 3009 in
486 2972 655 3011 manu
685 2954 938 3012 furentis.
966 2955 1032 3011 Et
1055 2956 1253 3011 iterum
1289 2976 1303 3012 :
1342 2976 1361 3009 s
1398 2955 1654 3014 Circulos

101 3059 276 3105 aureus
299 3045 355 3101 in
386 3048 622 3104 naribus
650 3049 789 3115 suis,
812 3057 897 3117 est
939 3049 1138 3118 mulier
1168 3049 1395 3119 pulchra
1421 3061 1472 3105 et
1505 3048 1654 3105 fatua

97 3134 252 3205 (Prov.
274 3137 371 3210 ιι).
404 3158 424 3194 ι
448 3139 559 3198 Sus
584 3141 731 3197 enim
772 3142 876 3197 etsi
904 3141 1101 3197 habeat
1128 3141 1393 3197 circulum
1423 3156 1651 3197 aureum

95 3224 142 3298 in
172 3229 407 3299 naribus,
455 3246 571 3288 non
603 3231 725 3288 ideo
773 3232 957 3288 minus
1005 3231 1192 3288 subdit
1218 3248 1344 3287 eum
1372 3231 1649 3288 vertendis

94 3322 419 3380 stercoribus.
447 3323 543 3381 Sic
586 3324 817 3397 pulchra
847 3336 901 3381 et
929 3323 1079 3397 fatua
1125 3324 1356 3392 mulier,
1396 3326 1650 3396 quamvis

94 3412 351 3483 splendeat
378 3430 550 3472 aurea
601 3414 1030 3487 pulchritudine,
1065 3431 1175 3471 non
1203 3415 1324 3471 ideo
1356 3415 1540 3471 minus
1559 3432 1651 3473 ve-

88 3511 217 3559 retur
252 3520 370 3561 eam
401 3507 642 3564 subdere
693 3506 1032 3577 stercoribus
1073 3504 1324 3562 luxuriae.
1369 3503 1524 3562 Unde
1551 3520 1651 3561 au-

93 3603 184 3666 tem
227 3600 529 3668 procedant
581 3615 727 3655 verae
776 3598 980 3656 divitiae
1029 3598 1443 3669 ostendit,quia
1465 3613 1529 3652 ex
1555 3596 1651 3653 Dei

86 3688 278 3756 timore,
309 3693 403 3763 qui
435 3703 523 3749 est
554 3692 773 3748 initium
825 3691 1110 3763 sapientia:
1144 3689 1319 3761 (Psal.
1351 3690 1440 3759 cx)
1467 3708 1481 3758 ;
1508 3692 1652 3746 unde

86 3780 346 3838 subditur:
383 3784 587 3840 Mulier
610 3769 798 3841 timens
841 3783 1011 3838 Deum
1036 3784 1152 3854 ipsa
1182 3782 1509 3838 laudabitur.
1535 3783 1652 3837 Mu-

81 3870 166 3926 lier
183 3875 321 3931 enim
339 3892 467 3948 qua:
490 3878 654 3933 timet
678 3875 850 3934 Deum
900 3889 1012 3931 non
1041 3873 1245 3941 servili,
1282 3874 1377 3929 sed
1405 3883 1557 3930 casto
1580 3875 1650 3929 ti-

82 3981 236 4036 more,
278 3986 406 4026 vere
450 3971 752 4030 laudabilis
780 3978 884 4040 est',
918 3969 1049 4042 quia
1098 3968 1413 4025 laudabitur
1450 3977 1652 4027 aeterna

74 4052 237 4118 laude.
267 4059 456 4120 Tertia
507 4079 744 4131 merces,
796 4072 879 4121 est
927 4062 1301 4119 remuneratio
1330 4071 1385 4118 et
1410 4077 1653 4133 praesens

78 4150 176 4213 iive
201 4151 406 4223 fatora,
454 4156 607 4213 unde
648 4156 902 4211 subditur
932 4173 945 4209 :
977 4155 1111 4210 Date
1138 4156 1188 4221 ei
1229 4155 1293 4210 de
1318 4155 1499 4226 fructu
1530 4169 1649 4208 ma-

74 4256 219 4297 nuum
257 4256 515 4315 saaram,
565 4234 829 4317 quoniam
854 4255 907 4300 et
926 4244 1011 4299 vir
1030 4244 1222 4302 uxoris
1269 4259 1384 4301 sua:
1413 4243 1575 4299 ﬁdem
1599 4253 1652 4300 et

60 4333 308 4392 virtutem
340 4352 680 4411 agnoscens,
736 4353 856 4393 eam
884 4336 973 4393 hic
1000 4346 1317 4393 remunerat
1338 4337 1648 4404 dilectione,

58 4422 331 4487 beneﬁciis
360 4440 420 4488 et
448 4431 687 4487 honore.
706 4428 929 4486 EtDeus
939 4445 1035 4501 pro
1043 4438 1161 4501 pter
1181 4444 1343 4500 quem
1360 4428 1536 4485 ﬁdelis
1556 4445 1651 4485 ex-

1756 2959 1907 3014 nibus
1957 2958 2139 3013 diebus
2172 2958 2295 3013 vitte
2315 2974 2445 3013 suaz.
2484 2956 2691 3014 Reddet
2731 2956 2971 3013 Ecclesia
2998 2959 3110 3014 sive
3152 2958 3337 3021 anima

1723 3056 1730 3069 ’
1755 3049 1977 3107 Christo
2002 3050 2205 3106 bonum
2230 3064 2378 3118 cum,
2399 3049 2827 3129 praeceptis‘vitae
2841 3050 3181 3115 muneribus,
3197 3059 3342 3105 recte

1679 3145 1732 3245 ϐ’
1756 3142 1991 3198 vivendo
2024 3142 2073 3199 ei
2103 3143 2411 3214 respondet.
2462 3141 2567 3197 Sed
2598 3142 2726 3213 quia
2752 3141 2975 3213 quidam
3026 3142 3229 3197 bonum
3261 3138 3344 3197 fa-

1756 3235 1928 3302 ciunt,
1964 3235 2058 3291 sed
2087 3235 2219 3291 illud
2242 3235 2545 3290 intentione
2569 3250 2725 3289 vana:
2747 3234 2934 3306 gloriae
2953 3242 3334 3306 corrumpunt,

1726 3324 1731 3327 ’
1750 3326 1899 3385 addit
1928 3343 1940 3378 :
1974 3325 2041 3380 Et
2059 3340 2161 3381 non
2181 3326 2401 3380 malum.
2432 3324 2538 3382 Sed
2560 3326 2688 3397 quia
2710 3326 2930 3396 quidam
2952 3327 3095 3381 bona
3117 3325 3327 3381 faciunt

1749 3418 2394 3486 etbonaintentionc,sed
2412 3433 2520 3473 non
2544 3427 2975 3489 perseveranter,
3004 3417 3182 3472 addit:
3211 3417 3335 3472 0m-

1720 3510 1733 3519 ’
1752 3511 1903 3564 nibus
1927 3509 2107 3564 diebus
2130 3511 2252 3564 vita:
2270 3526 2399 3565 sate.
2415 3508 2572 3565 Tunc
2606 3509 2771 3581 igitur
2787 3508 3008 3564 Christo
3030 3510 3168 3566 lene
3198 3511 3345 3583 grati

1720 3600 1729 3605 ”
1752 3608 1963 3668 sumus,
1978 3616 2102 3656 cum
2120 3602 2324 3657 bonum
2353 3601 2676 3671 simpliciter
2702 3610 2755 3657 et
2776 3610 3187 3671 perseveranter
3209 3617 3343 3674 epe-

1753 3709 1959 3749 ramur.
2002 3692 2209 3761 Quarto
2232 3693 2579 3749 commendat
2605 3708 2726 3748 eam
2753 3693 2820 3748 de
2849 3693 3031 3749 studio
3059 3694 3344 3764 praesentis

1752 3786 2087 3855 operationis
2109 3792 2235 3840 cum
2272 3784 2489 3840 subdit:
2526 3784 2782 3851 Quwsivit
2810 3784 2991 3838 lanam
3012 3784 3106 3852 ,'et
3138 3784 3341 3850 linum,

1750 3887 1798 3931 et
1825 3886 2042 3947 operata
2066 3886 2143 3932 est
2166 3876 2387 3931 consilio
2415 3891 2667 3929 manuum
2690 3890 2931 3929 suarum.
2954 3873 3125 3930 Porro
3154 3870 3345 3929 Eccle-i

1752 3970 1953 4037 sia,vel
1976 3985 2319 4040 unaquaaquc
2346 3968 2520 4024 ﬁdelis
2544 3967 2749 4030 anima,
2785 3972 2912 4023 tunc
2938 3966 3133 4036 quaerit
3162 3966 3341 4021 lanam

1724 4073 1806 4119 ‘et
1826 4064 2021 4129 linum,
2051 4064 2272 4135 quando
2304 4050 2750 4134 inisimplicitate
2772 4062 2914 4128 vitea,
2943 4073 2995 4118 et
3030 4063 3084 4117 in
3108 4063 3343 4134 castiga—

1720 4156 1900 4212 ‘tione
1938 4156 2121 4211 carnis
2153 4156 2333 4212 studet
2356 4198 2371 4224 ,
2403 4165 2457 4210 et
2497 4156 2551 4211 in
2584 4155 2669 4210 bis
2701 4155 2992 4225 prudenter
3022 4171 3081 4209 se
3108 4160 3342 4218 exercet,

1753 4264 1823 4303 ne
1852 4246 1987 4302 citra
2034 4256 2318 4302 remaneat
2357 4248 2439 4302 vel
2474 4247 2615 4300 ultra
2655 4245 2901 4301 excedat.
2936 4242 3140 4312 Quinto
3187 4260 3342 4299 com-

1752 4337 1973 4393 mendat
1992 4352 2112 4392 eam
2136 4337 2202 4392 de
2228 4336 2372 4392 bono
2391 4335 2674 4407 proposito
2696 4344 2749 4390 et
2773 4334 3197 4405 perseverantia,
3220 4347 3347 4388 cum

1753 4428 1985 4486 subdit:
2020 4429 2190 4485 Facta
2220 4439 2297 4484 est
2320 4429 2477 4500 quasi
2502 4428 2650 4482 navis
2672 4429 2938 4485 institoris
2960 4428 3023 4481 de
3049 4427 3200 4498 longe
3224 4442 3350 4496 por-

67 4517 211 4587 stitit,
233 4522 624 4578 remunerabit
651 4536 773 4577 eam
809 4520 865 4577 in
893 4520 1001 4578 ﬁne
1041 4522 1343 4579 secundum
1366 4522 1513 4593 quod
1536 4536 1653 4578 me-
1678 4539 1730 4599 ι)
1758 4530 1876 4576 tans
1897 4538 2085 4592 panem
2108 4537 2283 4575 suum.
2314 4518 2487 4576 Porro
2512 4519 2781 4586 Ecclesia,
2807 4519 2920 4574 sive
2932 4517 3105 4585 ﬁdelis
3127 4518 3310 4571 anima
3330 4559 3349 4587 ,η

64 4612 181 4680 ruit,
201 4622 411 4671 interna
461 4615 739 4685 beataque
761 4613 1178 4686 gloriﬁcatione.
1205 4613 1410 4682 Quarta
1440 4630 1652 4672 merces

64 4712 137 4759 est
161 4704 280 4761 laus
314 4712 371 4763 et
406 4708 705 4779 praesentis
736 4715 792 4762 et
820 4706 1008 4763 aeterni
1025 4706 1239 4779 judicii.
1278 4705 1434 4762 Unde
1463 4706 1653 4762 subdi-

62 4803 142 4851 tur
175 4796 287 4853 :Et
308 4799 545 4875 laudent
578 4796 783 4856 eam'in
823 4800 989 4871 portis
1011 4815 1170 4870 opera
1215 4798 1351 4869 ejus.
1380 4797 1649 4865 Quoniam

60 4898 110 4943 et
130 4888 215 4946 hic
258 4900 560 4950 senatores
596 4892 897 4948 laudabunt
930 4890 984 4945 in
1011 4890 1247 4946 concilio
1292 4886 1653 4947 suo'virtutes

57 4980 313 5055 sapientis
367 4984 667 5060 mulieris,
717 4992 772 5041 et
816 4983 872 5039 in
907 4999 1107 5055 magno
1141 4983 1333 5055 judieii
1379 4985 1469 5039 die
1511 4984 1653 5040 Dcus

58 5079 295 5135 omnium
337 5079 523 5153 judex
566 5088 623 5135 et
664 5088 1043 5135 remuneratur
1088 5077 1336 5133 laudabit
1364 5093 1511 5144 eam,
1568 5077 1654 5132 di-

56 5171 220 5229 cendo
246 5173 299 5232 ei
327 5182 388 5231 et
436 5173 655 5230 caeteris
684 5171 850 5244 justis
883 5190 897 5226 :
929 5190 948 5223 ι
982 5168 1195 5239 Venite,
1234 5171 1506 5227 benedicti
1550 5170 1653 5226 Pa-

55 5263 149 5320 tris
179 5264 313 5334 mei,
339 5263 620 5338 percipite
647 5278 875 5336 regnum
916 5261 1065 5333 quod
1099 5262 1251 5319 vobis
1281 5260 1532 5334 paratum
1572 5272 1656 5319 est

55 5352 120 5411 ab
138 5356 358 5431 origine
384 5356 585 5413 mundi
622 5355 843 5428 (Matth.
878 5355 1031 5428 xxv);
1068 5375 1089 5409 ι

118 5448 355 5523 Mystice
405 5466 567 5519 vero,
616 5449 811 5507 videns
852 5449 1113 5505 Salomon
1150 5465 1322 5522 genus
1350 5449 1654 5524 humanum

55 5546 126 5599 tot
148 5542 458 5600 erroribus
504 5533 947 5616 implicatum,et
976 5541 1124 5621 quod
1172 5541 1340 5598 homo
1386 5541 1443 5596 in
1471 5539 1655 5621 carnis

55 5633 380 5692 inﬁrmitate
425 5642 486 5691 et
531 5636 586 5691 in
616 5635 933 5691 lubricitate
960 5618 1254 5690 mundana:
1280 5633 1405 5690 vitae
1428 5641 1483 5689 et
1512 5618 1654 5689 inter

55 5724 393 5791 tentationes
441 5726 675 5795 positus,
718 5735 771 5781 ct
820 5725 966 5796 quod
1005 5733 1231 5797 peccato
1274 5726 1361 5781 vix
1395 5726 1653 5781 resistere

55 5816 243 5887 possit,
276 5819 655 5890 conqueritur
677 5826 731 5873 et
752 5817 974 5888 quaerit:
1014 5815 1290 5872 Mulierem
1315 5815 1502 5887 fortem
1535 5818 1650 5888 quis

1759 4617 1827 4671 ad
1858 4615 2032 4691 instar
2082 4613 2237 4670 navis
2274 4612 2473 4669 ﬁuctus
2503 4612 2795 4684 priescntis
2839 4609 3023 4666 saeculi
3072 4609 3346 4691 desiderio

1756 4708 1975 4774 transit,
2003 4715 2058 4762 et
2086 4707 2151 4762 ad
2177 4715 2397 4778 portum
2422 4705 2618 4762 salutis
2642 4695 2917 4779 tendit,iut
2940 4716 3149 4775 merces
3172 4701 3346 4769 bonas

1760 4807 2059 4855 commutet
2088 4799 2142 4854 in
2168 4799 2445 4865 meliores,
2480 4805 2534 4852 et
2555 4794 2877 4852 dceterrcnis
2906 4802 3051 4849 emat
3072 4794 3343 4849 caelestes.

1759 4890 1827 4947 Et
1849 4891 2066 4947 interim
2091 4906 2158 4946 ne
2179 4889 2415 4957 deﬁciat,
2443 4872 2637 4959 panem
2662 4885 3000 4963 verbidivini
3033 4901 3217 4940 secum
3247 4886 3343 4941 de-

1764 4984 1869 5040 fert
1899 5026 1912 5049 ,
1941 4967 2154 5056 quo'se
2176 4982 2469 5039 confortat.
2505 4981 2672 5036 Sexto
2695 5022 2708 5047 ,
2733 4977 3079 5035 commendat
3126 4994 3250 5053 eam
3279 4978 3347 5034 de

1737 5060 2129 5135 sollicitudine
2169 5075 2427 5131 fraternae
2471 5074 2754 5130 charitatis
2779 5116 2793 5141 ,
2842 5088 2967 5127 cum
3013 5071 3237 5133 subdit:
3270 5070 3347 5127 De

1761 5181 1908 5225 nocte
1935 5168 2225 5240 consurgit,
2259 5167 2505 5238 deditque
2530 5166 2764 5237 prardam
2790 5156 3093 5220 domesticis
3114 5166 3225 5218 suis
3252 5207 3267 5231 ,
3294 5171 3346 5219 et

1760 5256 1965 5311 cibaria
2033 5246 2245 5308 ancillis
2285 5255 2416 5307 suis.
2473 5251 2564 5307 Sic
2619 5252 2874 5322 quaalibet
2936 5251 3111 5308 ﬁdelis
3164 5251 3347 5307 anima

1758 5360 1981 5421 propter
2033 5347 2266 5403 salutem
2306 5346 2687 5421 preximorum
2715 5388 2729 5411 ,
2774 5361 2804 5400 a
2850 5343 3033 5416 quiete
3083 5351 3345 5399 contem-

1760 5440 2021 5512 plationis
2092 5434 2207 5520 suae
2273 5438 2482 5511 surgit,
2561 5446 2615 5492 et
2675 5437 2768 5493 dat
2837 5439 3077 5520 praedam
3141 5435 3347 5491 dome-

1727 5529 1747 5536 “
1764 5531 1917 5589 sticis
1948 5530 2088 5600 suis,
2106 5546 2230 5589 cum
2253 5545 2350 5588 eos
2372 5531 2510 5603 quos
2526 5530 2776 5586 diabolus
2799 5537 3074 5600 rapuerat,
3095 5526 3346 5582 ﬁdelibus

1732 5614 2025 5699 'adjtmgit.
2056 5622 2124 5681 Et
2154 5618 2360 5682 cibaria
2408 5625 2643 5691 ancillis,
2671 5640 2794 5679 cum
2820 5621 3169 5687 inﬁrmiores,
3195 5635 3264 5675 ne
3290 5619 3342 5673 in

1761 5733 1923 5789 opere
1939 5717 2318 5773 mandatorum
2334 5715 2427 5771 Dei
2453 5717 2771 5781 lassescant,
2791 5720 3060 5770 sustentat
3079 5718 3133 5766 et
3150 5708 3343 5764 reﬁcit.

1763 5810 2026 5884 Septimo,
2055 5811 2121 5869 de
2151 5808 2419 5883 spirituali
2449 5806 2811 5882 negotiatione
2835 5819 2955 5859 eam
2977 5801 3341 5867 commendat,
