3820 6312
492 413 634 485 1619

1730 399 2084 461 RADULPﬂl
2117 400 2471 466 AltDEN‘I'lS

3585 406 3676 476 ιδεμ

489 546 616 595 cum
661 527 879 594 subdit:
930 525 1302 583 Consideravit
1337 540 1526 596 agrum
1564 530 1617 588 ct
1644 519 1772 591 emit
1812 537 1954 583 cum.
2003 518 2077 587 De
2103 522 2153 579 Α
2175 519 2302 576 Haec
2337 520 2612 592 signiﬁcat
2634 519 2978 578 diversarum
3004 519 3270 581 virtutum
3292 520 3674 596 varietatem“;

490 632 670 693 tractu
701 635 956 675 manuum
975 633 1196 673 suarum
1222 616 1487 687 plantavit
1537 614 1764 682 vineam.
1807 609 2077 669 Conside-

489 713 634 778 ravit
679 712 830 782 enim
885 710 1160 782 primitiva
1186 707 1458 775 Ecclesia,
1511 714 1568 762 et
1619 705 1799 772 adhuc
1831 701 2078 774 quotidie

490 819 723 878 quaeque
778 803 956 862 ﬁdelis
1013 801 1216 867 anima,
1279 799 1548 854 mundum
1595 797 1769 868 spinis
1816 794 2075 856 vitiorum

492 895 806 960 horridum,
834 901 888 948 et
909 891 1042 946 emit
1061 906 1186 945 eum
1203 932 1218 956 ,
1243 904 1370 945 eum
1401 889 1665 944 talentum
1685 885 1837 948 verbi
1862 884 2076 942 audito-

495 988 644 1050 ribus
677 986 860 1041 tradit.
891 983 956 1039 Et
985 983 1040 1038 in
1063 983 1255 1038 eodem
1298 996 1429 1053 agro
1453 979 1720 1052 plantavit
1747 979 1986 1046 vineam,
2014 977 2070 1032 id

491 1089 606 1148 est,
633 1077 928 1133 Ecclesiam
975 1091 1140 1146 quam
1181 1074 1251 1128 de
1299 1073 1483 1129 fructu
1533 1087 1797 1128 manuum
1849 1085 2074 1127 suarum

492 1169 774 1240 plantavit,
807 1168 936 1238 quia
963 1184 1072 1222 non
1104 1167 1282 1221 solum
1304 1165 1519 1235 verbis,
1569 1165 1664 1220 sed
1701 1164 1867 1219 etiam
1917 1163 2076 1218 factis

489 1273 544 1316 et
574 1261 866 1320 virtutibus
897 1262 1185 1315 conﬁrmat
1228 1274 1372 1312 eam.
1403 1257 1607 1312 Octavo
1641 1256 1708 1311 de
1756 1255 2076 1310 lortitudine

489 1370 608 1410 eam
633 1353 1015 1419 commendat,
1043 1367 1168 1408 cum
1219 1351 1440 1406 subdit:
1472 1350 1716 1404 Accinxit
1760 1347 2075 1419 fortitudine

490 1445 693 1507 lumbos
718 1462 865 1518 suos,
890 1445 1066 1500 ﬂuxas
1091 1444 1299 1500 scilicet
1327 1444 1633 1513 voluptates
1679 1452 1734 1496 et
1767 1442 2075 1497 voluntates

499 1537 701 1590 virtute
726 1536 1082 1602 continentia:
1105 1536 1159 1590 in
1204 1551 1262 1590 se
1285 1534 1682 1606 restringendo.
1713 1531 1783 1586 Et
1809 1533 2075 1587 roboravit

491 1626 766 1682 brachium
789 1643 964 1692 suum,
991 1626 1058 1680 ad
1080 1625 1412 1695 perﬁcienda
1449 1625 1713 1679 virtutum
1755 1639 1920 1694 opera
1955 1638 2077 1680 sese

487 1716 870 1789 praeparando.
899 1714 964 1782 Et
989 1716 1130 1771 bene
1158 1715 1338 1786 primo
1359 1715 1576 1770 lumbos
1597 1713 1854 1780 accinxit,
1878 1722 1930 1768 et
1952 1721 2077 1785 post

2163 626 2368 684 sancta
2393 612 2636 679 Ecclesia
2663 614 2749 670 vel
2783 613 2960 670 ﬁdelis
3008 613 3196 669 anima
3236 613 3534 673 decoratur.
3568 613 3676 674 luxu

2177 703 2310 768 illud
2341 723 2358 760 :
2391 704 2606 760 «Astitit
2626 704 2814 777 regina
2843 719 2876 765 a
2901 703 3111 760 dextris
3135 705 3244 760 tuis
3271 703 3330 758 in
3357 703 3541 758 vestitu
3563 705 3675 762 deau-

2178 805 2318 865 rato,
2356 797 2698 856 circumdata
2735 798 3000 856 varietate
3032 796 3212 868 (Psat.
3239 797 3409 867 xuv).
3443 814 3462 850 ι
3509 795 3678 866 Bytsus,

2176 888 2665 951 exercitationibus
2693 889 2884 948 multis
2924 888 2995 947 ad
3023 888 3317 950 candorem
3357 887 3571 949 ducitur.
3592 887 3680 944 Pur-

2176 995 2314 1050 pura
2341 981 2408 1036 de
2434 980 2700 1052 sanguine
2719 981 2945 1037 muricis
2966 981 3216 1053 tingitur.
3233 979 3490 1044 Ecclesia,
3514 980 3580 1034 vel
3595 981 3685 1045 tide-

2177 1072 2244 1129 lis
2270 1073 2476 1140 anima,
2511 1083 2641 1129 tunc
2667 1074 2832 1146 bysso
2850 1083 2905 1130 et
2936 1089 3178 1145 purpura
3199 1073 3461 1139 induitur,
3484 1088 3584 1127 eum
3601 1089 3686 1130 csu-

2176 1165 2310 1220 dere
2383 1166 2657 1220 castitatis
2723 1175 2778 1220 et
2826 1167 3094 1237 sanguine
3145 1165 3395 1236 martyrii
3441 1175 3685 1223 exornatur.

2154 1310 2159 1314 _
2178 1254 2385 1322 Quarto
2406 1256 2713 1321 decimo,de
2731 1257 3013 1311 nobilitate
3033 1257 3226 1328 sponsi
3247 1256 3570 1310 commendat
3589 1273 3685 1323 eam,

2175 1362 2299 1401 cum
2325 1345 2525 1399 subdit:
2557 1344 2764 1399 Nobilis
2787 1347 2841 1399 in
2855 1347 3022 1414 portis
3044 1347 3126 1400 vir
3145 1345 3261 1415 ejus
3285 1361 3403 1399 cum
3427 1345 3588 1398 sederit
3607 1364 3687 1400 ctu

2174 1437 2504 1491 senatoribus
2529 1437 3096 1508 terraz.Portasvocatj
3105 1437 3374 1502 udicium,
3390 1452 3453 1491 eo
3465 1437 3584 1506 quod
3597 1440 3690 1494 anti-

2175 1528 2269 1599 qui
2298 1529 2351 1582 in
2373 1529 2546 1598 portis
2571 1529 2882 1585 indicabant
2910 1540 2969 1584 ut
2996 1529 3410 1600 requirentibus
3455 1539 3688 1599 praestare

2178 1628 2317 1676 sent.
2335 1618 2522 1690 Itaque
2545 1618 2797 1676 Christus
2811 1622 2905 1692 qui
2933 1631 3057 1676 ante
3081 1618 3490 1676 tribunalPilati
3507 1623 3690 1690 apparuit

2181 1712 2459 1784 ignobilis,
2490 1713 2544 1766 in
2565 1713 2771 1783 judicio
2800 1723 2853 1769 et
2880 1715 2934 1769 in
2970 1715 3144 1784 portis
3165 1723 3386 1769 aeternae
3406 1714 3606 1769 civitatis
3627 1730 3691 1785 ap-

490 1806 779 1877 braebium
807 1806 1087 1874 roboravit
1111 1848 1128 1874 ,
1149 1806 1280 1876 quia
1313 1806 1521 1862 bonum
1558 1821 1697 1876 opus
1731 1804 1874 1875 apud
1903 1803 2074 1859 Deum
2103 1863 2148 1877 λ
2177 1804 2394 1873 parebit
2422 1805 2624 1864 nobilis
2658 1815 2711 1860 et
2744 1807 3018 1876 gloriosus
3058 1822 3187 1862 cum
3210 1806 3474 1876 apostolis
3497 1848 3510 1871 ,
3533 1815 3577 1860 et
3603 1822 3692 1863 cum

487 1914 602 1960 non
631 1898 920 1968 accipitur,
947 1899 1051 1954 nisi
1077 1900 1231 1970 prius
1265 1899 1480 1955 luxuria
1516 1897 1899 1969 restringatur.
1937 1895 2077 1955 Hinc

491 1991 760 2062 scriptum
793 2002 913 2048 est:
947 2012 966 2044 ‹
997 1991 1118 2047 Sint
1137 1993 1311 2052 lumbi
1331 1992 1498 2048 vestri
1521 1989 1800 2062 praecincti
1825 2032 1843 2058 ,
1885 2000 1941 2046 et
1991 1989 2078 2045 lu-

490 2098 672 2153 cernze
718 2085 974 2140 ardentes
1020 2086 1076 2139 in
1131 2085 1388 2140 manibus
1440 2084 1640 2139 vestris
1678 2082 1832 2153 (Luc.
1883 2082 2008 2156 xu).
2049 2101 2068 2134 ι

488 2170 648 2239 Nono
699 2188 820 2241 eam
867 2173 1216 2242 commendat
1253 2173 1320 2228 de
1350 2172 1650 2244 vigilantia,
1691 2188 1816 2228 cum
1852 2171 2072 2227 subdit:

496 2263 767 2331 Gustavit,
807 2272 858 2334 et
881 2264 1013 2320 vidit
1037 2266 1286 2335 quoniam
1310 2265 1446 2330 bona
1483 2274 1560 2320 est
1595 2267 1879 2336 negotiatio
1923 2265 2072 2335 ejus,

447 2354 700 2421 .scilicet
745 2355 883 2416 alios
925 2357 1278 2426 acquirendi,
1321 2365 1378 2411 et
1408 2357 1645 2429 seipsam
1680 2357 1984 2428 castigandi
2022 2364 2078 2414 et

486 2445 797 2513 exercendi.
823 2444 945 2502 Non
987 2447 1355 2517 exstinguetur
1393 2448 1449 2502 in
1489 2457 1638 2502 nocte
1679 2447 1897 2502 lucerna
1937 2447 2073 2518 ejus,

490 2535 626 2605 quia,
646 2535 788 2592 sicut
815 2537 1004 2607 vigilat
1029 2537 1084 2592 in
1114 2538 1202 2594 die
1232 2537 1467 2596 fratrum
1499 2540 1794 2596 eruditioni
1820 2582 1836 2607 ,
1883 2539 1959 2599 ita
1993 2538 2077 2594 vi-

491 2627 628 2698 gilat
662 2628 728 2700 in,
749 2638 909 2694 nocte
934 2631 1167 2701 pr0pria:
1193 2631 1440 2698 utilitati,
1472 2633 1807 2704 psalmodiae,
1855 2631 2076 2694 lectioni

427 2716 434 2724 ’
491 2727 549 2784 et
597 2721 1064 2792 contemplationi.
1119 2721 1377 2791 Decimo,
1434 2738 1556 2777 eam
1610 2723 1957 2778 commendat
2008 2722 2076 2784 de

487 2808 618 2876 {orti
643 2811 992 2880 operatione,
1042 2828 1167 2867 cum
1209 2811 1436 2866 subdit:
1467 2811 1686 2872 Manum
1730 2829 1882 2870 suam
1928 2811 2076 2865 misit

487 2903 557 2968 ad
595 2903 778 2975 fortia.
810 2902 1002 2970 Fortia
1025 2919 1188 2973 opera
1214 2913 1343 2959 sunt
1368 2919 1532 2975 opera
1567 2903 1820 2976 perfecta:
1839 2903 2078 2959 charita-

497 2993 592 3060 tis,
621 3002 680 3047 ut
717 2991 1035 3059 benefacere
1065 2993 1153 3058 his
1186 2995 1282 3065 qui
1320 2993 1552 3054 oderunt
1593 3009 1694 3050 nos
1727 2993 1946 3066 (Matth.
1982 2993 2074 3064 v),

492 3092 548 3147 et
581 3082 814 3152 vendere
836 3083 1018 3152 omnia
1055 3094 1111 3139 et
1146 3084 1277 3140 dare
1311 3083 1646 3156 pauperibus
1677 3083 1896 3155 (Matth.
1931 3083 2072 3155 xix).

490 3171 630 3230 Nam
653 3190 750 3246 per
771 3174 1084 3245 hujusmodi
1131 3191 1296 3247 Opera
1332 3196 1351 3229 ι
1384 3192 1612 3248 regnum
1658 3176 1923 3233 cadorum
1963 3177 2074 3232 vim

486 3271 711 3342 patitur,
736 3279 790 3326 et
805 3271 1026 3326 violenti
1057 3273 1277 3342 rapiunt
1297 3271 1430 3327 illud
1459 3271 1679 3342 (Matth.
1711 3273 1812 3342 xi).
1843 3291 1862 3324 ›
1899 3271 1968 3326 Et
1990 3272 2072 3326 di-

489 3363 610 3442 giti,
642 3363 852 3434 inquit,
879 3365 993 3434 ejus
1020 3365 1470 3436 apprehenderunt
1498 3365 1695 3435 fusum.
1732 3363 1876 3422 Sane
1921 3365 2076 3422 colus

485 3463 570 3508 est
603 3455 656 3508 in
684 3455 927 3523 sinistra,
951 3455 1108 3511 fusus
1134 3456 1188 3510 in
1213 3456 1457 3512 dextera.
1488 3455 1593 3512 Per
1629 3458 1914 3513 sinistram
1945 3474 2076 3515 vero

489 3545 602 3600 vita
654 3562 916 3616 praesens,
949 3562 1044 3620 per
1073 3547 1352 3603 dexteram
1377 3564 1508 3605 vero
1543 3549 1653 3608 vita
1680 3559 1880 3606 aeterna
1928 3550 2078 3606 desi-

485 3646 703 3720 gnatur.
719 3637 873 3708 Tunc
905 3629 1034 3711 ergo
1049 3639 1230 3706 lanam
1263 3641 1329 3696 de
1351 3642 1492 3709 colo,
1517 3641 1571 3697 id
1593 3651 1677 3698 est
1701 3642 1882 3710 [usuin
1911 3643 1979 3699 de
2002 3644 2077 3700 si-

484 3729 663 3797 nistra
699 3729 753 3802 in
777 3730 1080 3798 dexteram,
1117 3731 1455 3801 traducimus
1478 3775 1494 3800 ,
1566 3750 1690 3798 cum
1753 3735 2074 3809 temporalia

488 3820 633 3888 bona
663 3837 762 3892 per
789 3837 955 3894 opera
987 3822 1380 3889 misericordia:
1406 3825 1473 3880 ad
1498 3828 1748 3890 ccelestes
1785 3827 2074 3896 thesauros

487 3899 902 3982 transierimus.
925 3910 1227 3976 Undecimo
1257 3918 1606 3973 commendat
1645 3935 1767 3974 eam
1798 3919 1866 3974 de
1903 3920 2071 3980 mise-

490 4001 753 4069 ricordia,
784 4019 910 4059 cum
942 4005 1160 4061 subdit:
1202 4007 1422 4062 Manum
1469 4026 1620 4064 suam
1656 4011 1863 4081 aperuit
1886 4011 2031 4081 inopi
2055 4053 2071 4080 ,

492 4101 546 4158 et
578 4082 788 4162 palmas
815 4112 942 4150 suas
983 4098 1218 4151 extendit
1241 4099 1310 4152 ad
1337 4115 1638 4169 pauperem,
1665 4101 1795 4171 quia
1827 4101 2076 4161 videlicet

483 4192 676 4250 sancta
701 4183 944 4242 Ecclesia
967 4187 1050 4242 vel
1091 4205 1434 4261 unaquaeque
1456 4191 1639 4246 anima
1678 4191 1852 4248 ﬁdelis
1875 4193 2074 4249 animae

485 4273 756 4345 indigenti
809 4285 862 4331 et
913 4279 1158 4354 petenti,
1215 4295 1439 4334 manum
1497 4281 1800 4352 spiritualis
1853 4283 2071 4338 consilii

483 4374 651 4435 atque
694 4366 1076 4436 instructionis
1125 4372 1320 4444 aperit.
1351 4370 1415 4427 Ei
1460 4387 1592 4428 vero
1617 4389 1740 4444 qua:
1761 4389 1862 4430 nec
1904 4374 2068 4430 etiam

483 4455 727 4548 indigere
750 4473 808 4514 se
829 4461 1000 4528 novit,
1032 4443 1434 4536 eleemosynam
1460 4443 1722 4536 doctrina
1745 4474 1940 4548 sponte
1956 4467 2071 4526 lar-

480 4546 648 4624 gitur,
675 4549 849 4619 oﬁ‘ert,
879 4561 936 4608 et
958 4553 1218 4610 ostendit.

553 4639 890 4700 Duodecimo
944 4661 1068 4701 eam
1101 4647 1170 4703 de
1208 4649 1476 4713 charitate
1518 4653 1896 4721 commendat,
1935 4669 2064 4724 cum

479 4731 708 4790 subdit:
749 4734 875 4790 Non
904 4738 1109 4792 timebit
1135 4739 1317 4811 domui
1361 4757 1473 4806 sua:
1512 4759 1546 4795 a
1585 4742 1874 4814 frigoribus
1905 4745 2061 4810 nivis.

477 4821 583 4878 Nix
605 4835 688 4882 est
719 4828 993 4900 diabolus,
1017 4831 1112 4900 qui
1134 4831 1205 4887 ob
1237 4832 1551 4902 superbiam
1581 4833 1786 4896 cadens
1806 4835 1874 4891 de
1901 4838 2061 4904 cmlo,

478 4917 547 4971 ad
577 4918 685 4976 huc
716 4922 1071 4994 transﬁgurat
1093 4939 1152 4978 se
1185 4923 1238 4977 in
1275 4924 1528 4994 angelum
1563 4926 1724 4983 lucis.
1757 4926 1938 4999 Hujus
1964 4929 2063 4985 fri-

475 5025 608 5072 gora
650 5020 778 5067 sunt
824 5011 1116 5084 inﬁdelitas
1161 5023 1216 5068 et
1266 5013 1557 5084 iniquitas,
1620 5018 1766 5074 unde
1815 5020 2057 5076 dicitur:

485 5122 502 5153 ι
548 5102 821 5174 Quoniam
868 5119 994 5159 cum
1045 5105 1345 5172 abundabit
1393 5106 1692 5180 iniquitas,
1747 5111 2064 5184 refrigescet

478 5195 720 5256 charitas
757 5197 1054 5261 multorum
1082 5197 1306 5269 (Matth,
1330 5201 1502 5272 xxrv).
1543 5222 1563 5256 ι
1603 5203 1926 5274 Cujusmodi
1965 5205 2064 5260 i‘ri—

475 5286 704 5358 goribus
733 5284 976 5342 Ecclesia
1019 5304 1130 5344 non
1175 5290 1409 5362 timebit,
1453 5292 1584 5364 quia
1627 5295 1904 5355 domestici
1944 5297 2059 5367 ejus

475 5377 651 5430 restiti
685 5387 811 5446 sunt
836 5378 1154 5450 duplicibus,
1193 5383 1246 5438 id
1275 5393 1360 5440 est
1406 5385 1612 5456 duplici
1637 5386 1934 5454 charitate,
1963 5386 2059 5442 Dei

471 5469 725 5529 videlicet
743 5480 797 5527 et
816 5474 1079 5547 proximi,
1096 5491 1218 5546 quae
1241 5486 1323 5533 est
1353 5478 1518 5534 vestis
1544 5479 1822 5549 nuptialis,
1837 5495 1942 5550 qua
1977 5479 2065 5535 in-

475 5559 594 5618 duti
632 5565 815 5636 securi,
840 5565 1210 5624 discumbunt.
1255 5569 1440 5633 Tertio
1466 5570 1679 5626 decimo
1715 5571 2062 5633 commendat

474 5670 593 5710 eam
632 5655 700 5713 de
743 5658 1004 5722 virtutum
1030 5664 1314 5730 varietate,
1343 5678 1469 5720 cum
1516 5663 1702 5720 subdit
1731 5681 1743 5717 :
1779 5663 2060 5736 Stragula-

477 5756 584 5801 tum
611 5759 800 5804 vestem
824 5751 950 5822 fecit
981 5753 1102 5818 sibi,
1124 5754 1308 5823 byssus
1338 5763 1387 5808 et
1423 5770 1659 5824 purpura
1688 5755 2056 5826 indumentum

470 5855 604 5909 gas.
637 5836 948 5917 Stragulata
983 5845 1150 5902 vestis
1180 5845 1346 5901 variae
1375 5853 1600 5903 texturae
1649 5857 1705 5902 et
1741 5846 1898 5903 fortis
1948 5857 2048 5904 est.

2103 1863 2150 1924 B

2177 1899 2258 1954 eis
2281 1900 2376 1974 qui
2415 1916 2540 1955 eum
2566 1899 2787 1956 fuerunt
2812 1899 2986 1956 secuti
3011 1943 3026 1966 ,
3051 1901 3212 1970 juxta
3251 1900 3430 1954 illud:
3469 1919 3488 1952 ς
3519 1897 3604 1954 Vos
3627 1901 3692 1970 qui

2175 1993 2310 2048 estis
2345 1994 2518 2048 secuti
2549 2009 2637 2049 me
2662 2035 2678 2060 ,
2712 1993 2974 2048 sedebitis
3015 2008 3182 2064 super
3227 1992 3390 2048 sedes
3431 1993 3695 2059 duodecim,

2171 2082 2482 2153 judicantes
2537 2082 2822 2143 duodecim
2869 2082 3044 2140 tribus
3073 2081 3245 2140 lsrael
3302 2081 3515 2154 (Matth.
3540 2083 3646 2151 xix).
3674 2099 3692 2135 ›

2176 2172 2381 2240 Quinto
2409 2172 2642 2241 decimo,
2662 2174 2729 2229 de
2752 2173 3004 2230 doctrina
3031 2174 3439 2245 praedicationis
3462 2190 3564 2229 eam
3583 2191 3696 2229 com-

2176 2265 2398 2319 mendat
2426 2280 2552 2319 cum
2601 2264 2806 2331 subdit,
2836 2263 3123 2320 Sindonem
3166 2264 3292 2334 fecit
3327 2273 3380 2318 et
3417 2264 3638 2330 vendidit,
3661 2274 3697 2318 et

2176 2356 2446 2427 cingulum
2484 2357 2707 2410 tradidit
2749 2355 3070 2417 Chananteo.
3110 2355 3171 2410 In
3208 2355 3483 2412 intexione
3507 2355 3701 2412 sindonis

2177 2449 2518 2519 signiﬁcatur
2572 2449 2778 2504 intexio
2850 2449 3265 2520 predicationis.
3323 2446 3475 2506 Hanc
3512 2446 3700 2505 Ecclesia

2177 2538 2324 2606 fecit,
2349 2548 2403 2595 et
2447 2539 2709 2596 vendidit.
2739 2539 2879 2607 Quia
2922 2548 3132 2595 textum
3151 2539 3421 2594 doctrina
3440 2539 3703 2609 evangelia

2177 2647 2340 2701 quem
2372 2631 2772 2702 eomposuit,et
2794 2629 3034 2701 scripsit,
3057 2638 3113 2686 et
3139 2629 3399 2702 gentibus
3421 2629 3640 2693 vendidit,
3661 2638 3701 2684 et

2177 2723 2246 2778 ab
2291 2723 2376 2778 eis
2403 2733 2652 2780 mutuum
2679 2723 2963 2779 charitatis
2993 2723 3220 2793 accepit.
3255 2721 3597 2789 Chananaus,
3631 2723 3704 2792 qui

2178 2814 2568 2886 interpretatur
2623 2824 3019 2883 commutatus,
3075 2824 3160 2870 est
3218 2815 3460 2885 populus
3513 2813 3703 2886 gentilis.

2175 2905 2466 2976 Cingulum
2497 2905 2767 2978 signiﬁcat
2821 2914 2920 2960 aut
2938 2904 3350 2971 castimoniam,
3375 2913 3467 2960 aut
3485 2905 3706 2963 militiam.

2177 3007 2272 3052 aut
2302 2997 2746 3069 negotiationem.
2765 2997 2964 3054 Sancta
2997 2998 3162 3070 igitur
3184 2995 3452 3064 Ecclesia,
3479 2998 3705 3068 cingulum

2176 3088 2486 3146 Chanach
2536 3090 2802 3157 tradidit,
2833 3091 2963 3162 quia
3010 3090 3268 3162 gentilem
3320 3090 3595 3162 pOpulum,
3634 3089 3708 3144 cui

2100 3208 2148 3270 ο
2179 3191 2384 3238 textum
2428 3184 2755 3255 evangelica:
2801 3183 3063 3240 doctrina:
3107 3184 3358 3249 tradidit,
3401 3183 3465 3238 ad
3498 3183 3708 3238 castimo-

2098 4560 2149 4624 De

2178 3272 2346 3341 niam,
2376 3273 2442 3328 ad
2473 3275 2743 3342 calvitium,
2772 3275 2838 3330 ad
2868 3276 3300 3346 negotiationem
3334 3275 3610 3330 divinorum
3641 3283 3706 3336 ta.

2177 3366 2446 3421 lentorum
2494 3366 2751 3422 accinxit.
2781 3365 2946 3422 Sexto
2987 3367 3202 3423 decimo
3243 3384 3369 3427 eam
3417 3365 3711 3423 commendat

2176 3461 2243 3515 de
2275 3458 2612 3527 fortitudine,
2647 3469 2701 3516 et
2720 3460 2915 3516 decore
2952 3476 3078 3516 cum
3104 3461 3329 3518 subdit:
3369 3459 3646 3529 Fortitudo,
3667 3467 3709 3512 ct

2176 3551 2332 3606 decor
2376 3551 2741 3606 indumentum
2776 3552 2912 3622 ejus.
2949 3550 3198 3607 Ecclesia
3227 3552 3428 3622 quippe
3467 3551 3542 3608 vel
3563 3549 3712 3604 ﬁdelis

2175 3640 2358 3695 anima
2379 3641 2630 3696 decorem
2671 3642 2834 3697 habet
2857 3643 3238 3698 sanctimoniae
3258 3652 3313 3698 et
3337 3642 3600 3698 honestatis
3621 3682 3636 3707 ,
3661 3647 3708 3696 et

2175 3729 2546 3787 fortitudinem
2575 3733 2848 3802 patientiae
2867 3775 2883 3800 ,
2913 3733 3173 3804 quoniam
3201 3733 3598 3804 persecutionem
3625 3746 3710 3799 pa-

2174 3825 2306 3880 titur
2351 3835 2572 3900 propter
2607 3826 2896 3896 justitiam.
2922 3825 2988 3882 Et
3025 3826 3147 3882 ideo
3177 3843 3302 3898 quae
3332 3842 3470 3882 nunc
3505 3825 3622 3880 dolet
3656 3823 3705 3876 in

2174 3917 2508 3984 certamine,
2553 3918 2751 3974 ridebit
2801 3918 2856 3972 in
2909 3917 3214 3973 novissimo
3242 3917 3348 3984 die,
3383 3917 3522 3989 juxta
3552 3914 3706 3969 illud:

2181 4027 2198 4058 ι
2234 4006 2384 4063 Beati
2409 4008 2502 4079 qui
2554 4025 2700 4064 nunc
2727 4007 2868 4065 ﬂetis
2892 4051 2908 4077 ,
2941 4010 3070 4080 quia
3101 4009 3352 4066 ridebitis
3400 4008 3533 4080 (Luc.
3561 4017 3643 4077 ri).
3681 4022 3703 4056 ι

2176 4098 2420 4170 Septimo
2460 4101 2673 4157 decimo
2723 4118 2844 4157 eam
2901 4103 3251 4158 commendat
3295 4103 3362 4158 de
3391 4101 3597 4157 doctrina
3623 4114 3710 4153 sa-

2172 4193 2390 4264 pientia:
2430 4203 2484 4249 et
2514 4194 2647 4266 legis
2680 4211 2804 4250 eum
2862 4195 3083 4250 subdit:
3123 4195 3196 4251 Os
3237 4213 3389 4250 suum
3429 4195 3596 4265 aperuit
3619 4208 3706 4244 sn-

2170 4286 2373 4356 picntit:
2388 4327 2403 4354 ,
2440 4286 2663 4342 subaudi
2686 4286 2963 4353 docendae,
2982 4287 3140 4357 juxta
3164 4288 3295 4343 illud
3318 4286 3464 4342 Pauli
3487 4283 3709 4339 :tOmnis

2173 4392 2354 4444 sermo
2376 4378 2556 4438 malus
2582 4379 2650 4434 de
2665 4395 2760 4434 ore
2783 4388 2966 4434 vestro
2996 4395 3107 4434 non
3137 4380 3416 4450 procedat,
3440 4378 3521 4436 sed
3541 4374 3705 4446 siquis

2171 4478 2254 4536 est
2283 4469 2462 4530 benus
2493 4471 2560 4527 ad
2588 4470 3002 4525 aediﬁcationem
3035 4471 3186 4538 ﬁdei,
3211 4471 3373 4526 utdet
3390 4470 3582 4542 gratiam
3603 4481 3704 4530 au-

2169 4558 2445 4627 ditorilbus
2472 4558 2687 4629 (Ep/res.
2715 4561 2812 4629 ιγ).
2826 4579 2843 4608 ι
2856 4558 2949 4614 Vel
2965 4576 3028 4616 os
3049 4560 3232 4616 cordis
3247 4561 3451 4631 aperuit
3463 4555 3706 4631 sapienti:

2172 4649 2539 4719 suscipienda:
2583 4665 2689 4720 qua
2723 4650 2860 4706 alios
2888 4651 3130 4706 doceret.
3158 4651 3230 4705 Et
3277 4651 3361 4706 lea:
3381 4647 3626 4705 clementia
3649 4647 3706 4699 in

2168 4740 2353 4811 lingua
2374 4741 2514 4810 ejus,
2534 4740 2589 4796 id
2627 4750 2711 4796 est
2747 4739 3125 4812 Evangelium,
3148 4742 3295 4814 quod
3322 4742 3466 4798 docet
3487 4737 3701 4810 peccanti

2171 4831 2324 4886 fratri
2345 4847 2560 4903 semper
2578 4832 2880 4903 indulgere,
2903 4840 2956 4887 et
2981 4847 3081 4903 pro
3104 4833 3251 4888 malo
3271 4833 3462 4888 bonum
3483 4827 3699 4886 redde-re.

2171 4921 2376 4977 Octavo
2407 4909 2642 4990 decimo,
2666 4925 3014 4978 commendat
3042 4941 3163 4979 eam
3199 4926 3266 4980 de
3287 4923 3511 4980 custodia
3548 4917 3697 4975 sumi.
3723 4927 3732 4943 ‘

2169 5022 2348 5068 tarum
2371 5013 2568 5068 domus
2595 5029 2727 5080 sum,
2759 5030 2883 5068 cum
2912 5015 3128 5070 subdit:
3154 5011 3694 5070 Consideraritsenims

2169 5104 2357 5163 domus
2386 5121 2520 5170 sure,
2548 5105 2600 5159 id
2639 5116 2722 5159 est
2747 5121 2940 5161 omnes
2970 5121 3169 5162 sensus
3198 5117 3252 5162 et
3281 5116 3453 5178 portas
3481 5100 3696 5172 corporis

2164 5197 2287 5262 sui,
2328 5203 2381 5250 et
2414 5195 2640 5261 animat,
2677 5195 2965 5266 diligenter
3008 5195 3344 5260 observavit,
3383 5203 3436 5248 ut
3466 5191 3587 5246 maio
3615 5188 3691 5240 ir-

2163 5289 2343 5344 ruenti
2365 5303 2458 5343 eas
2483 5287 2780 5354 clauderet,
2798 5297 2851 5342 et
2866 5288 3013 5343 bono
3029 5289 3372 5358 suscipiendo
3391 5285 3601 5356 aperiret.
3621 5277 3693 5329 Et

2161 5398 2350 5452 panem
2376 5381 2547 5446 otiosa
2578 5396 2682 5434 non
2711 5380 2957 5447 comedit,
2996 5381 3258 5452 quoniam
3299 5389 3348 5435 et
3387 5380 3430 5434 si
3469 5371 3689 5440 visafur‘t

2165 5475 2496 5544 quandoque
2520 5473 2716 5540 otiosa,
2744 5482 2875 5529 tunc
2899 5473 3002 5530 fuit
3048 5473 3236 5530 minus
3259 5473 3438 5537 otiosa,
3461 5462 3688 5538 quoniam

2164 5566 2397 5622 interius
2449 5566 2754 5636 spiritualia
2801 5565 3019 5640 negotia
3067 5563 3680 5640 cmlestiaquepertracﬂ-

2161 5659 2274 5716 bat.

2197 5750 2200 5753 ’
2234 5753 2550 5824 Sequuntur
2573 5752 2852 5808 mercedes
2877 5750 3135 5809 Ecclesiae
3159 5751 3271 5807 sive
3297 5747 3437 5805 fortis
3485 5738 3668 5797 anima.

2154 5847 2336 5906 Prima
2375 5856 2462 5904 est
2493 5847 2612 5904 laus
2645 5846 2906 5915 ﬁliorum,
2959 5845 3104 5902 unde
3141 5844 3412 5904 subditur:
3452 5834 3666 5892 Sam
