3820 6312
179 379 283 440 1621

1251 355 1581 414 ΗΟΜΙΙΛΑΞ.
1620 383 1681 394 -
1729 352 1795 411 ll.
1836 349 1926 407 DE
1961 346 2274 411 SANCTIS.

3243 355 3267 403 1
3277 355 3382 404 b2!

176 498 278 549 runt
317 484 409 557 ﬁlii
450 477 576 550 ejus,
603 483 651 530 et
681 473 1041 528 beatissimam
1069 473 1510 541 praedicaverunt.
1543 469 1693 524 More
1719 469 1767 527 Α
1788 476 1868 524 est
1892 481 2109 536 regnum
2149 463 2400 519 calorum
2437 462 2704 518 thesauro.
2737 461 2862 519 ideo
2884 462 3048 521 rebus
3069 463 3380 526 visibilihus

171 573 459 654 prophetico,
486 567 804 640 praeteritum
842 579 942 634 pro
964 564 1150 619 futuro
1173 565 1344 634 ponit.
1370 563 1524 625 Tunc
1543 563 1692 621 enim

171 673 271 728 tiliae
292 662 790 729 Ecclesiaesurgent,
823 664 880 712 et
905 671 1028 712 eam
1055 671 1179 724 quae
1208 671 1305 712 eos
1349 671 1415 712 ex
1447 671 1591 726 aqua
1635 663 1692 711 et

169 761 335 834 Spiritu
375 761 552 810 sancto
599 748 934 821 regeneravit
994 748 1317 815 laudabunt,
1369 747 1591 820 quando
1634 757 1691 805 et

163 864 326 910 eterna
345 846 454 916 ejus
473 840 662 915 gaudia
683 839 1060 912 degustantes,
1112 853 1235 895 eam
1277 845 1482 895 aeterna
1526 837 1690 895 laude

160 939 477 1001 celebrabunt.
504 930 753 988 Secunda
778 944 989 988 meroes
1022 939 1108 986 est
1140 929 1263 992 laus
1295 928 1423 997 viri,
1463 927 1532 985 de
1575 943 1686 1000 qua

159 1029 411 1088 subditur:
445 1023 532 1078 Vir
582 1021 695 1090 ejus
739 1021 986 1076 laudauit
1032 1038 1173 1080 eam.
1234 1017 1390 1076 Tunc
1425 1017 1684 1076 Christus

156 1119 446 1181 Ecclesiam,
496 1113 606 1170 siue
649 1127 1096 1183 unamquamque
1133 1111 1374 1167 animam
1420 1126 1683 1183 sponsam

153 1227 277 1270 suam
302 1206 490 1271 laudat,
514 1205 730 1276 quando
750 1220 876 1261 eam
905 1205 1236 1262 laudabilem
1281 1203 1448 1272 facit,
1483 1215 1540 1261 et
1587 1205 1683 1261 de-

149 1309 393 1360 monstrat.
422 1297 514 1353 Vel
534 1306 683 1352 certe
705 1312 838 1352 eam
855 1297 908 1351 in
933 1297 1040 1352 line
1061 1296 1322 1362 laudabit,
1347 1311 1471 1351 cum
1497 1297 1675 1360 dicet:

151 1394 353 1457 «Venite,
374 1390 634 1445 benedicti
656 1388 837 1444 Patris
850 1389 1245 1460 mei,percipite
1258 1405 1508 1460 regnum,
1531 1389 1676 1460 quod

144 1489 270 1545 vobis
288 1497 520 1556 paratum
544 1493 628 1538 est
657 1483 727 1538 ab
747 1482 962 1554 origine
997 1483 1186 1538 mundi
1209 1481 1429 1552 (Matth.
1461 1481 1631 1551 xxv)._
1648 1502 1670 1534 ι

143 1581 311 1647 Μκιιω,
343 1581 530 1650 inquit,
552 1577 686 1647 ﬁlia.-
719 1586 1164 1648 congregaverant
1195 1577 1439 1632 divitias.
1494 1575 1676 1632 Multae

137 1674 354 1732 Ecclesia:
382 1673 756 1727 haereticorum
785 1671 870 1726 vel
891 1669 1158 1726 falsorum
1208 1668 1672 1738 Christianorum,

134 1782 233 1838 quae
250 1774 449 1837 propter
486 1764 728 1819 nominis
748 1762 963 1819 Christi
983 1762 1390 1819 confessionem
1413 1771 1468 1818 et
1492 1778 1674 1820 sacra-

1795 567 1853 620 et
1893 557 2412 628 concupiscibilibus
2453 566 2826 626 comparatur,
2866 567 3136 628 quatenus
3161 559 3380 616 animus

1793 658 1982 710 noster
2000 663 2098 719 per
2125 645 2897 714 visibilialdiscatinvisibilia,
2933 655 2988 702 et
3028 664 3124 718 per
3157 664 3222 706 ea
3256 665 3380 721 qua:

1790 740 1923 797 huic
1969 740 2170 797 saeculo
2212 739 2660 810 concupiscibilia
2707 748 2855 806 sunt,
2898 739 3077 796 discat
3116 743 3379 813 concupi-

1787 847 1943 888 scere
1967 846 2031 888 ea
2061 847 2186 904 quae
2226 847 2391 904 super
2418 831 2854 902 concupiscenda
2883 840 3030 887 sunt.
3065 831 3205 889 Ecce
3229 835 3375 890 enim

1785 938 2021 996 regnum
2057 924 2325 980 caelorum
2367 933 2723 995 comparatur
2761 925 3043 991 thesauro,
3090 924 3375 994 quoniam,

1784 1014 1855 1083 ad
1889 1015 2065 1072 instar
2108 1016 2356 1079 thesauri
2395 1017 2623 1083 inventi,
2656 1017 2840 1087 gaudii
2885 1015 3278 1083 abundantiam
3323 1027 3379 1072 et

1782 1105 2042 1163 ﬁduciam
2064 1107 2158 1164 dat
2181 1108 2470 1164 inventori.
2516 1107 2623 1163 Sed
2657 1109 2814 1179 longe
2848 1107 3371 1181 incomparabiliter.

1783 1195 2000 1253 Vanum
2049 1199 2196 1254 enim
2252 1199 2511 1270 gaudium
2552 1208 2776 1270 praestat
2821 1199 3137 1268 thesaurus,
3167 1200 3376 1257 scilicet

1781 1291 2174 1360 abundantiam
2235 1292 2611 1364 deficientem,
2646 1293 2912 1347 fiduciam.
2945 1293 3187 1361 inﬁdam.
3245 1292 3372 1350 Cm-

1780 1379 1934 1436 lestis
1955 1395 2099 1448 vero.
2116 1381 2410 1446 thesaurus
2436 1391 2654 1452 praestat
2673 1383 2929 1452 gaudium
2953 1399 3176 1452 verum,
3193 1383 3369 1440 abun-

1778 1471 2020 1528 dantiam
2061 1471 2484 1540 indeﬁcientem,
2535 1473 2790 1529 fiduciam
2831 1474 3014 1529 ﬁdam.
3068 1475 3210 1547 Ager
3237 1491 3368 1534 vero

1777 1573 1860 1620 est
1885 1565 2205 1620 exercitium
2231 1565 2387 1620 bona!
2412 1566 2557 1631 vitae,
2580 1581 2722 1636 quae,
2755 1566 2821 1623 ad
2852 1567 3024 1634 instar
3045 1567 3182 1641 agri,
3211 1569 3367 1639 prius

1776 1672 1807 1712 a
1831 1657 2004 1729 spinis
2043 1666 2098 1714 et
2119 1659 2335 1716 tribulis
2375 1659 2660 1726 vitiorum,
2708 1659 2965 1716 falcastro
3007 1663 3366 1718 correctionis

1774 1759 2062 1820 purgatur,
2113 1758 2298 1807 aratro
2343 1750 2747 1822 praedicationis
2807 1751 3102 1818 excolitur,
3156 1753 3366 1808 semine

131 1836 396 1916 mentorum
425 1855 917 1927 participationem,
941 1853 1147 1910 Christi
1202 1853 1326 1910 ﬁlia:
1346 1869 1468 1909 esse
1514 1853 1655 1910 vide-

1731 1840 1744 1895 ι
1771 1842 1920 1897 verbi
1952 1841 2048 1899 Dei
2077 1842 2406 1913 seminatur,
2426 1852 2482 1899 et
2495 1842 2862 1916 siegerminat
2892 1843 3051 1900 ﬂores
3074 1843 3361 1908 virtutum,

127 1951 310 2014 bantur,
338 1957 803 2020 congregaverant
823 1947 1043 2004 divitias
1072 1947 1342 2004 bonorum
1403 1962 1667 2019 operum,

125 2043 300 2100 scilicet
317 2041 538 2114 jejunia,
561 2043 961 2114 eleemosynas,
990 2041 1292 2107 orationes,
1347 2039 1532 2096 studia
1587 2038 1667 2095 le-

122 2135 330 2192 ctionum
386 2142 728 2200 sanctarum,
777 2142 829 2197 et
861 2131 1200 2203 hujusmodi.
1258 2128 1391 2198 Qua:
1438 2129 1662 2200 quidam

119 2243 235 2284 vera
256 2225 620 2290 suntdivitiaa,
659 2241 787 2282 cum
816 2225 870 2280 in
895 2224 1004 2281 fide
1031 2235 1088 2282 et
1129 2224 1480 2297 simplicitate
1502 2225 1662 2291 ﬁunt,

115 2321 230 2378 alias
263 2319 714 2390 nihil‘vcl’parum
745 2327 995 2389 prosunt.
1029 2315 1135 2374 Sed
1161 2316 1268 2374 has.
1308 2316 1450 2383 tilias
1476 2314 1664 2373 Eccle-

112 2411 180 2467 sia
202 2410 614 2482 supergreditur,
641 2425 762 2482 quae
787 2409 890 2466 (ide
901 2417 1144 2477 casta,et
1166 2408 1467 2470 intentione
1490 2415 1659 2474 recta,

110 2503 392 2558 thesaurum
423 2501 712 2568 virtutum,
737 2501 1082 2557 etbonorum
1107 2515 1334 2570 operum
1365 2507 1662 2571 congregat

108 2596 153 2650 in
177 2595 502 2664 calestibus.
520 2593 590 2650 Et
613 2610 786 2666 quare
814 2595 919 2651 hoc
943 2595 968 2649 ?»
1000 2594 1207 2661 subdit,
1253 2593 1432 2664 fallas;
1476 2593 1657 2664 gratia

102 2687 197 2742 sive
218 2687 406 2758 imago,
431 2696 482 2742 et
507 2702 647 2743 vana
661 2695 738 2741 est
761 2684 1124 2756 pulchritudo.
1151 2683 1338 2738 Fallax
1351 2684 1550 2754 quippe
1573 2691 1659 2739 est

100 2777 254 2846 imago
281 2776 390 2834 sive
417 2777 596 2850 gratia
621 2778 876 2833 humanae
905 2776 1104 2832 laudis.
1133 2774 1282 2830 Vana
1311 2786 1395 2831 est
1424 2776 1658 2846 pulchri-

96 2869 208 2924 tudo
227 2878 506 2926 ostentatte
549 2871 822 2928 castitatis
851 2880 906 2926 et
931 2868 1260 2926 sanctitatis.
1316 2867 1422 2925 Sed
1466 2868 1657 2924 mulier

97 2964 256 3018 timens
278 2963 443 3018 Deum
473 2965 596 3034 ipsa
611 2963 948 3031 laudabitur,
975 2961 1342 3035 quoniamilla
1364 2961 1652 3018 conscien-

90 3055 152 3110 tia
173 3064 250 3112 est
273 3071 395 3112 vere
421 3056 591 3113 laude
613 3057 798 3127 digna,
821 3073 946 3128 quae
973 3055 1150 3112 Deum
1165 3056 1322 3112 timet
1344 3071 1469 3111 cum
1497 3069 1652 3110 amo-

89 3161 156 3211 re,
177 3157 227 3202 et
253 3151 549 3204 amat‘cum
581 3148 801 3216 timore,
826 3149 956 3204 etin
986 3147 1244 3206 omnibus
1289 3147 1542 3204 timorem
1596 3154 1652 3203 et

85 3263 301 3306 amorem
325 3249 419 3306 Dei
446 3251 667 3324 cogitat
692 3259 748 3306 et
767 3260 1076 3307 conservat.
1103 3250 1293 3306 Tertia
1327 3263 1541 3306 merces
1569 3257 1654 3304 est

82 3357 257 3406 eterna
289 3350 692 3420 remuneratio,
746 3350 815 3408 de
865 3367 975 3424 qua
1006 3351 1260 3410 subditur
1291 3369 1313 3407 :-
1359 3349 1566 3406 Dateei
1587 3349 1654 3406 de

77 3573 130 3610 ra
147 3559 272 3628 ejus.
302 3558 430 3617 Hrcc
460 3571 596 3617 sunt
615 3561 782 3616 verba
810 3559 1015 3616 Christi
1031 3559 1098 3616 ad
1121 3559 1347 3631 angelos
1371 3572 1647 3614 messores

70 3657 485 3718 dicentis;rDate
496 3662 549 3718 ei
561 3661 628 3718 de
649 3661 829 3719 fructu
850 3677 1110 3718 manuum
1131 3660 1509 3732 suarum.quia
1527 3658 1649 3729 Spi-

68 3761 192 3821 ritus
236 3763 481 3822 fructum
539 3763 718 3822 facere
741 3766 976 3834 curavit,
1010 3764 1264 3820 videlicet
1291 3764 1641 3832 charitatem,

62 3867 325 3938 gaudium,
353 3869 713 3942 patientiam,
751 3877 1088 3940 exterasque
1117 3870 1351 3924 virtutes
1389 3874 1444 3922 et
1467 3867 1642 3922 virtu-

62 3975 166 4023 tum
191 3983 376 4041 opera.
411 3969 491 4026 Et
509 3969 733 4026 laudent
751 3971 937 4025 eamin
959 3968 1150 4041 portis,
1177 3967 1230 4024 id
1255 3975 1340 4024 est
1367 3965 1642 4038 injudicio

58 4067 159 4124 sive
184 4070 239 4125 in
274 4070 540 4143 ingressu
573 4071 765 4144 patria:
799 4069 1062 4137 caelestis,
1089 4084 1202 4124 non
1231 4069 1516 4125 hominum
1546 4083 1640 4124 va-

55 4168 105 4224 ni
148 4168 386 4241 favores,
418 4173 520 4231 sed
566 4175 686 4246 ipsa
734 4189 900 4244 opera
941 4188 1064 4244 qum
1095 4171 1244 4239 fecit,
1269 4171 1637 4232 examinante.

53 4272 307 4344 probante
327 4284 386 4331 et
413 4285 808 4332 remunerante
837 4273 968 4343 Deo,
995 4275 1086 4331 cui
1115 4282 1200 4331 est
1230 4274 1408 4331 honor
1435 4281 1490 4330 et
1519 4273 1636 4346 glo-

53 4370 121 4442 ria
141 4373 195 4432 in
233 4377 445 4435 secula
468 4377 814 4438 saeculorum.
847 4377 1046 4445 Amen.

713 4533 955 4591 χχχιιι.
994 4511 1000 4520 ’

282 4662 453 4705 ωηιυδ
481 4663 732 4705 VIIGINIS.
764 4663 937 4704 δειιιιθ
977 4663 1044 4703 DE
1092 4662 1384 4704 ιιΑττιιεεο.

101 4781 254 4838 Dixit
302 4782 482 4856 Iesus
543 4783 823 4855 discipulis
873 4787 1027 4840 suis:
1085 4783 1274 4840 Simile
1294 4792 1374 4838 est
1417 4798 1633 4855 regnum

53 4872 278 4928 velorum
305 4875 568 4930 thesauro
608 4874 915 4931 abscondito
935 4877 990 4930 in
1025 4893 1176 4946 agro,
1206 4890 1360 4946 quem
1385 4875 1477 4946 qui
1497 4876 1634 4931 inue-

53 4964 279 5022 lithomo
323 4968 640 5037 abscondit,
683 4980 732 5025 et
751 4985 880 5040 .prre
925 4970 1128 5042 gaudio.
1170 4969 1319 5028 illius
1366 4970 1534 5036 vadit,
1581 4977 1633 5024 et

54 5059 199 5113 endit
246 5062 518 5117 uniuersa
563 5079 680 5132 qua:
734 5061 889 5116 habet
952 5069 1002 5115 et
1045 5062 1170 5114 emit
1227 5077 1417 5129 agrum
1451 5060 1629 5128 illum,

54 5156 122 5205 to.
155 5149 397 5222 (Matth.
444 5153 592 5222 xm.)
625 5151 680 5207 In
708 5154 808 5209 hac
839 5151 1016 5209 sancti
1048 5150 1324 5223 Evangelii
1363 5151 1628 5218 lectione,

53 5250 218 5300 ratres
244 5243 604 5310 charissimi,
626 5255 863 5315 quatuor
878 5240 1165 5314 parabolas
1190 5241 1445 5312 proponit
1474 5239 1632 5299 nobis

53 5332 314 5393 lominns.
355 5334 424 5392 In
449 5335 627 5406 prima
665 5334 1002 5402 etsecunda,
1048 5341 1236 5390 monet
1276 5347 1379 5388 nos
1405 5346 1634 5404 genera-

55 5433 156 5492 ter,
189 5435 258 5486 ut
303 5442 552 5500 regnum
604 5428 870 5490 cmlornm
908 5440 1204 5492 emamus;
1257 5423 1313 5483 in
1341 5423 1518 5491 tertia,
1569 5431 1631 5485 ut

53 5531 209 5574 muas
238 5517 560 5578 infernales
581 5519 873 5576 timeamus
901 5525 956 5574 et
987 5531 1302 5574 caveamus.
1326 5513 1385 5570 In
1409 5523 1625 5586 quarta,

53 5620 201 5666 tonet
226 5625 342 5667 nos
393 5611 784 5681 praedicatores
811 5609 1117 5682 specialiter
1145 5617 1207 5665 ut
1229 5608 1334 5662 hoc
1360 5606 1627 5680 intelliga-

53 5717 132 5759 Ius
159 5713 218 5760 et
248 5702 630 5775 praedicemus
663 5704 947 5760 instanter.
978 5700 1037 5756 ιιι
1069 5701 1245 5772 prima
1287 5699 1473 5769 igitur,
1507 5713 1626 5755 mo-

53 5805 98 5850 rt
123 5812 234 5854 nos
265 5811 514 5869 regnum
538 5799 800 5856 ctelorum
833 5810 1032 5863 cinere,
1058 5808 1182 5851 cum
1211 5789 1341 5846 dicit
1383 5809 1394 5844 :
1439 5790 1626 5852 Simile

1771 1941 1823 1988 et
1850 1929 2067 1998 fructus
2106 1933 2380 2004 bonorum
2424 1948 2674 2006 aperum.
2713 1932 2772 1988 In
2817 1933 2923 1988 fine
2963 1941 3148 1993 autem
3195 1935 3364 2004 huius

1768 2024 1885 2096 agri
1911 2025 2266 2092 absconditus
2302 2034 2388 2082 est
2411 2025 2707 2082 thesaurus
2737 2024 3000 2092 caelestis,
3039 2023 3183 2080 sicut
3218 2040 3372 2080 mera-d

1768 2129 1860 2182 ces
1884 2113 1938 2182 in
1964 2114 2171 2183 labore,
2199 2114 2414 2172 fructus
2443 2115 2500 2170 in
2529 2114 2682 2171 ﬂore.
2709 2114 2867 2177 Hunc
2905 2115 3226 2178 thesaurum
3264 2130 3370 2186 per.

1767 2207 1928 2278 fidem
1961 2215 2031 2273 et,
2053 2223 2272 2264 sacram
2302 2206 3054 2278 ‘Scripturamadvertimus,
3102 2222 3200 2286 per
3242 2216 3361 2264 stu-

1765 2297 1916 2366 dium
1946 2299 2081 2369 boni
2112 2299 2295 2370 operis
2337 2297 2660 2371 quaerimus,
2702 2314 2798 2374 per
2839 2297 3360 2368 contemplationem

1765 2391 2224 2464 contemplamur,
2259 2401 2316 2451 et
2353 2394 2898 2466 quodammodojam
2936 2403 3368 2472 praegustamus,

1763 2493 1816 2539 et
1852 2500 1951 2555 per
1979 2485 2225 2542 divinam
2266 2473 2656 2544 revelationem
2702 2487 3032 2544 invenimus.
3071 2485 3357 2554 Inventum

1761 2593 1891 2634 vero
1911 2577 2233 2636 thesaurum
2259 2597 2407 2637 nunc
2432 2581 2843 2650 abscondimus,
2878 2590 2940 2646 ut
2973 2581 3136 2638 nobis,
3170 2595 3356 2642 serve-

1762 2678 1850 2724 tur
1879 2686 2005 2726 cum
2036 2673 2379 2744 propositum
2408 2683 2463 2730 et
2503 2673 2862 2739 intentionem
2905 2672 3150 2729 thesauri
3186 2673 3356 2730 coale-

1759 2762 1858 2819 stis
1887 2763 2230 2834 acquirendi,
2263 2780 2296 2821 a
2323 2765 2579 2837 malignis
2605 2764 2890 2836 spiritibus
2914 2763 3059 2819 etab
3097 2762 3371 2826 humanis-

1757 2851 2037 2912 favoribus
2081 2843 2138 2912 in
2171 2857 2432 2914 cordibus
2467 2856 2674 2914 nostris
2719 2857 3080 2912 occultamus.
3113 2853 3173 2910 ln
3213 2870 3355 2926 pra:-

1758 2945 1900 3000 senti
1927 2946 2074 3002 enim
2108 2947 2220 3003 vita
2272 2949 2435 3020 quasi
2467 2948 2522 3004 in
2553 2948 2640 3003 via
2683 2964 2897 3014 sumus,
2934 2963 3031 3018 per
3073 2962 3239 3019 quam
3281 2948 3365 3003 ad

1755 3036 1989 3107 patriam
2037 3036 2384 3097 festinamus.
2445 3039 2670 3114 Maligni
2720 3055 2850 3095 vero
2890 3039 3141 3111 spiritus,
3191 3042 3352 3111 quasi

1755 3127 1981 3200 quidam
2026 3129 2354 3201 latrunculi,
2401 3133 2565 3188 nobis
2607 3132 2961 3189 insidiantur.
3028 3132 3344 3204 Depraadari

1757 3233 1889 3291 ergo
1915 3221 2189 3278 desiderat
2231 3223 2328 3297 qui
2372 3225 2693 3282 thesaurum
2737 3225 2956 3296 publice
2983 3234 3184 3297 portat.
3234 3223 3350 3282 Hoc

1755 3324 1937 3378 autem
1968 3317 2112 3386 dico,
2145 3335 2257 3376 non
2286 3329 2347 3376 ut
2368 3321 2607 3397 proximi
2628 3321 2803 3376 nostri
2827 3336 2993 3392 opera
3022 3331 3210 3385 nostra
3235 3337 3346 3376 non

1749 3693 1894 3746 mus,
1927 3679 2114 3738 laudes
2141 3682 2413 3740 humanas
2439 3700 2549 3741 non
2573 3701 2906 3757 quaeramus.
2943 3684 3035 3740 Sic
3055 3693 3238 3741 autem
3265 3685 3339 3740 sit

1746 3769 1954 3827 bonum
1989 3773 2045 3828 in
2083 3775 2322 3844 publico,
2350 3785 2621 3848 quatenus
2644 3776 2874 3833 intentio
2909 3785 3130 3832 maneat
3159 3777 3212 3831 in
3246 3792 3342 3833 oc-

1747 3863 1918 3931 culto,
1953 3872 2014 3920 ut
2058 3866 2126 3921 de
2155 3865 2299 3923 bono
2328 3869 2593 3938 proximis
2622 3869 2967 3940 praebeamus
3003 3870 3336 3939 exemplum,

1743 3965 1799 4010 et
1824 3965 2008 4012 tamen
2037 3973 2136 4028 per
2167 3958 2526 4016 intentionem
2565 3959 2820 4031 placandi
2852 3959 2965 4016 Deo
2989 3960 3092 4017 soli
3121 3975 3338 4032 semper

1743 4057 1996 4118 Optemus
2039 4059 2333 4107 secretum.
2395 4051 2548 4108 Tunc
2592 4063 2776 4109 autem
2823 4069 3050 4126 agrum,
3101 4052 3340 4110 venditis

1742 4137 2025 4207 omnibus,
2067 4154 2490 4212 comparamus,
2549 4158 2676 4199 cum
2717 4157 2819 4215 pro
2866 4142 3131 4204 exercitio
3175 4142 3338 4201 bonas

1738 4230 1885 4298 vita,
1912 4232 1968 4288 id
1995 4243 2082 4290 est
2117 4234 2364 4291 thesauri
2391 4235 2655 4303 caelestis,
2690 4235 2747 4291 in
2778 4235 2886 4292 line
2911 4235 3058 4303 illius
3098 4237 3334 4302 abscono

1739 4322 1838 4388 diti
1882 4325 2273 4396 acquisitione,
2327 4327 2585 4383 omnibus
2626 4327 2999 4398 voluptatibus
3050 4335 3106 4383 et
3149 4327 3338 4393 carnis

1739 4413 2028 4479 desideriis
2056 4417 2534 4486 abrenuntiamus,
2561 4418 2746 4474 omnia
2762 4417 2990 4484 caduca,
3009 4419 3170 4490 quasi
3193 4426 3337 4476 stet.

1661 4539 1718 4601 υ
1739 4521 1878 4601 cora
1911 4518 2252 4580 reputamus,
2293 4521 2348 4566 et
2375 4525 2478 4582 pro
2513 4526 2582 4567 eo
2616 4511 2873 4582 quaelibet
2893 4510 3030 4566 dura
3070 4509 3182 4580 pati
3221 4525 3335 4566 non

1741 4595 2186 4658 reformidamus.
2238 4599 2393 4658 Sicut
2431 4612 2614 4660 autem
2659 4617 2853 4676 agrum
2882 4615 2980 4672 per
3007 4615 3066 4656 se
3091 4599 3333 4657 sterilem

1737 4698 1794 4744 et
1821 4690 2007 4759 vilem,
2032 4694 2328 4759 thesaurus
2366 4694 2422 4750 in
2451 4710 2518 4752 eo
2546 4695 2904 4751 absconditus
2937 4691 3332 4764 concupiscibi-

1736 4779 1842 4838 lem
1882 4793 1938 4839 et
1970 4786 2306 4857 emptibilem
2343 4785 2493 4852 facit,
2547 4787 2630 4842 sic
2674 4785 3134 4848 exercitationem~
3166 4783 3327 4840 bona

1732 4871 1888 4941 vitae,
1910 4873 2037 4930 licet
2065 4891 2164 4946 per
2198 4891 2258 4933 se
2291 4875 2418 4930 vilis
2457 4875 2531 4930 sit
2568 4882 2624 4929 et
2649 4874 2860 4930 inutilis
2887 4873 3203 4930 hominibus
3242 4872 3330 4939 vi.

1733 4963 1951 5035 deatur,
1978 4977 2160 5024 tamen
2183 4969 2476 5036 thesaurus
2504 4975 2722 5024 aeternae
2749 4965 3102 5022 beatitudinis
3130 4965 3188 5020 in
3219 4963 3329 5021 tlne

1730 5055 1882 5124 illius
1925 5059 2278 5126 absconditus
2324 5074 2448 5114 eam
2499 5057 2982 5129 concupiscibilem
3025 5065 3079 5113 et
3123 5071 3330 5129 magno

1732 5149 2158 5220 comparabilem
2217 5149 2416 5211 reddit.
2488 5150 2766 5220 Spernunt
2819 5147 3022 5224 quippe
3071 5148 3334 5206 homines.

1734 5241 2000 5297 animales
2043 5242 2212 5298 vitam
2262 5241 2623 5314 spiritualem,
2678 5251 2735 5298 et
2786 5241 2835 5298 si
2886 5241 3098 5298 venalis
3143 5251 3326 5307 esset,

1729 5332 1898 5393 credo
1918 5334 2067 5406 quod
2089 5349 2200 5389 non
2224 5344 2470 5391 emerent
2495 5331 2852 5391 illam.Nobis
2872 5342 3056 5391 autem
3085 5333 3179 5405 qui
3206 5332 3322 5388 veri

1731 5422 2034 5482 Christiani
2097 5441 2311 5494 sumus,
2359 5441 2456 5498 per
2505 5441 2565 5483 se
2616 5425 3015 5498 pretiosissima
3069 5424 3322 5487 habetur,

1728 5526 1896 5575 etiam
1941 5517 2062 5574 sine
2099 5519 2354 5590 praemio,
2375 5527 2582 5590 quanto
2627 5519 2803 5592 magis
2841 5533 2968 5575 cum
3009 5515 3235 5588 praemio
3269 5522 3318 5568 et

1731 5620 1859 5664 cum
1901 5609 2095 5665 tanto?
2121 5595 2315 5676 Nonne
2359 5609 2543 5682 magni
2570 5619 2657 5667 est
2700 5626 2797 5682 per
2843 5624 2904 5666 se
2933 5617 3076 5664 recte
3116 5606 3318 5667 vivere,

1731 5699 1999 5755 mundum
2034 5715 2131 5756 cor
2160 5699 2394 5765 habere,
2425 5701 2682 5756 omnibus
2714 5713 2964 5755 veracem
3013 5704 3068 5751 et
3095 5710 3312 5765 aequum

1729 5805 1880 5862 esse,
1904 5791 2179 5851 daemones
2224 5799 2278 5847 et
2319 5792 2449 5850 vitia
2494 5792 2724 5860 calcare,
2754 5788 3047 5846 virtutibus
3072 5793 3127 5843 et
3158 5786 3314 5841 bonis
