3820 6312
547 347 686 404 16ῒῖ

1755 339 2087 401 RICHARDI
2123 341 2210 398 DE
2246 341 2599 400 DUMELLIS

3538 369 3615 430 ii!

546 462 678 519 tatis
699 461 1054 533 obsequium,
1084 461 1175 520 his
1201 467 1384 518 tamen
1411 455 1652 513 maxime
1681 465 2001 512 sanctorum
2049 455 2145 512 Dei
2175 459 2220 517 Α
2245 466 2301 513 et
2345 471 2620 514 consensu
2660 439 3030 514 Eboracensis
3073 456 3289 530 capituli,
3325 463 3455 526 deet
3477 487 3618 542 eam

547 555 812 612 debemus
836 555 1168 627 obsequium
1200 559 1402 608 nostra!
1422 548 1728 605 devotionis
1749 547 2086 618 impendere,
2110 562 2142 602 a

546 645 752 719 quibus
797 662 899 704 nos
933 654 1154 705 constat
1199 643 1475 716 peculiare
1514 639 1763 697 muneris
1817 639 2143 695 beneﬁcium

544 733 899 808 percepisse:
939 751 1042 792 nos
1062 734 1282 806 quidem
1312 730 1526 804 flagello
1553 727 1648 785 Dei
1677 729 1950 803 castigati,
1981 739 2036 786 et
2065 727 2144 786 fe-

547 827 734 884 brium
779 828 1138 902 languoribus
1165 841 1264 898 per
1307 823 1592 880 biennium
1622 822 1788 879 modo
1837 821 2145 879 incredibili

546 920 761 989 exusti,
817 936 944 977 cum
969 934 1162 977 omnes
1205 915 1404 972 medici
1431 910 1628 972 'soiius
1676 913 1878 973 mortis
1933 913 2144 971 exitum

549 1013 710 1069 nobis
739 1013 1050 1085 prominere
1079 1009 1480 1090 promitterent,
1519 1007 1706 1078 niique
1754 1022 1999 1078 unquam
2043 1005 2147 1063 fuit

550 1103 607 1158 in
639 1119 750 1175 quo
797 1103 1072 1158 continuae
1125 1116 1325 1158 noxam
1364 1099 1707 1172 aegritudinis
1756 1106 2142 1171 temperarent,

548 1209 648 1265 per
715 1193 893 1249 visum
943 1208 1074 1264 ergo
1121 1189 1492 1247 commonitus
1543 1188 1611 1244 ad
1670 1189 1916 1244 tumbam
1970 1187 2145 1242 sancti

547 1286 856 1355 Cuthberti,
881 1302 1104 1363 gemens
1124 1294 1178 1341 et
1205 1283 1445 1340 fremens
1465 1281 1803 1355 pernoctavi,
1831 1281 1925 1352 qui
1952 1280 2145 1334 morbo

547 1380 796 1451 simulet
820 1381 964 1437 mole
989 1380 1270 1451 fatigatus,
1306 1379 1435 1436 dum
1479 1363 1735 1434 somnum
1779 1377 2050 1447 subripui,
2089 1376 2145 1431 in

549 1448 751 1528 visum‘
785 1470 921 1528 mihi
974 1448 1168 1526 beatus
1215 1468 1553 1524 Cuthbertus
1603 1467 1799 1535 astitit,
1835 1467 1931 1537 qui
1977 1482 2143 1523 manu

546 1580 652 1622 sua
693 1565 912 1638 singula
945 1565 1193 1622 membra
1240 1579 1364 1619 mea
1400 1565 1467 1618 de
1502 1561 1820 1617 infirmitate
1859 1575 1981 1616 mea
2017 1575 2144 1630 pee-

545 1673 779 1717 Currens
804 1673 932 1713 mox
961 1658 1276 1730 vigilantem
1311 1656 1380 1712 ab
1409 1655 1562 1711 omni
1600 1653 1920 1710 inﬁrmitate
1946 1670 2142 1709 sanum

543 1747 804 1815 reddidit,
841 1755 896 1803 et
938 1763 1025 1802 me
1058 1746 1164 1803 sibi
1215 1747 1272 1802 in
1316 1745 1574 1802 omnibus
1619 1745 1875 1801 devotum
1924 1743 2062 1812 fore,
2089 1755 2143 1799 et

546 1855 892 1911 quaecunque
931 1839 988 1894 in
1026 1855 1149 1896 mea
1177 1840 1423 1907 dimcesi,
1455 1840 1568 1911 ipse
1591 1841 1678 1894 vel
1710 1839 1794 1895 sui
1831 1841 2139 1910 possessuri
2175 1824 2217 1880 Β

545 1939 726 1999 erant,
775 1933 846 1988 ab
893 1932 1042 1989 omni
1094 1931 1433 2006 fatigatione,
1490 1948 1682 1987 secura
1719 1941 1774 1988 et
1809 1932 1977 1987 libera
2019 1948 2142 1988 esse

543 2025 837 2099 praecepit;
885 2027 1091 2100 quique
1133 2026 1278 2084 beati
1333 2025 1669 2082 confessoris
1729 2026 1947 2096 adjutus
1971 2026 2139 2081 bene-

542 2118 709 2188 ficiis,
746 2135 813 2174 eo
847 2119 898 2174 ei
927 2119 1174 2176 devotior
1212 2119 1417 2186 exstiti,
1455 2135 1565 2190 quo
1590 2119 1799 2189 majora
1830 2119 2141 2189 persolvere

541 2209 726 2266 debui.
770 2209 1068 2267 Wiiiielmo
1104 2211 1323 2267 interim
1352 2210 1709 2267 Duneimensi
1761 2212 2038 2284 episcopo,
2074 2213 2142 2268 de

540 2303 673 2358 sede
708 2301 1266 2374 apostolica'litteras
1313 2304 1562 2376 Gregorii
1609 2319 1763 2375 papae
1810 2305 2025 2376 septimi
2071 2299 2138 2360 ad

541 2393 826 2452 Wiliieimi
875 2397 1022 2470 regis
1058 2398 1353 2470 concilium
1397 2398 1540 2470 apud
1585 2396 2139 2456 Westmonasterinm

537 2487 840 2559 deferente,
883 2491 1181 2549 canonicos
1224 2491 1292 2547 de
1338 2491 1569 2547 ecclesia
1622 2507 1724 2546 sua
1780 2506 2036 2548 amovere
2085 2501 2142 2549 et

538 2581 844 2642 monachos
865 2583 1219 2652 substituere,
1243 2583 1487 2639 omnium
1510 2598 1783 2641 consensu
1808 2584 2137 2655 impetravit.

545 2671 762 2740 Quibus
821 2675 1121 2746 plurimum
1176 2675 1434 2748 gavisus,
1490 2691 1558 2732 ex
1610 2685 1882 2748 praecepto
1929 2677 2141 2748 prrefati

537 2776 715 2834 papas,
744 2773 800 2820 et
825 2780 894 2820 ex
924 2765 1156 2837 imperio
1203 2767 1412 2822 domini
1465 2766 1610 2838 regis
1665 2765 1950 2823 Willielmi
1993 2767 2138 2824 beati

537 2855 825 2914 Cuthberti
849 2874 1036 2914 amore
1063 2859 1269 2929 debito,
1305 2861 1646 2931 subscriptas
1692 2860 1904 2917 litteras
1945 2871 2140 2918 saneto

539 2947 866 3018 Cuthberto,
913 2959 967 3006 et
993 2951 1112 3023 ejus
1161 2953 1440 3024 episcopo,
1477 2963 1532 3008 et
1562 2951 1819 3009 omnibus
1849 2953 2139 3010 monachis

535 3041 601 3100 ei‘
621 3042 1006 3111 servientibus,
1054 3061 1329 3101 consensu
1388 3053 1443 3100 et
1490 3044 1858 3116 permissione
1908 3046 2136 3118 capituli

539 3131 792 3204 Eboraci,
820 3146 874 3192 et
904 3138 1073 3194 totius
1101 3137 1292 3210 synodi
1323 3137 1760 3206 conﬁrmatione,
1808 3137 1956 3207 dedi,
2003 3153 2137 3195 con-

538 3227 706 3296 cessi,
734 3243 790 3285 et
811 3231 1064 3301 praesenti
1087 3232 1277 3287 charta
1309 3231 1650 3300 conﬁrmavi,
1678 3241 1732 3287 et
1756 3240 1882 3304 post
1907 3233 2129 3305 propria

539 3336 708 3378 manu
739 3338 904 3394 super
940 3324 1112 3380 altare
1152 3334 1346 3381 sancto
1387 3323 1691 3382 Cuthberto
1718 3325 1915 3383 obtuli.
1949 3326 2138 3383 Sciant

538 3411 708 3490 igitur
741 3422 855 3469 tam
885 3425 1184 3486 prasentes
1213 3432 1378 3488 quam
1409 3414 1580 3472 futuri
1601 3417 1748 3489 quod
1770 3432 1871 3490 ego
1895 3416 2138 3475 Thomas

537 3487 906 3564 Eboracensis
971 3487 1415 3579 arclﬁepiscopns
1440 3550 1456 3575 ,
1519 3524 1587 3566 ex
1619 3487 1922 3581 praecepto
1984 3524 2140 3590 papa:

537 3595 788 3670 Gregorii
818 3600 1057 3671 septimi,
1089 3609 1142 3656 et
1169 3601 1587 3657 conﬁrmatione
1620 3602 1828 3658 domini
1857 3601 2139 3657 Willielmi

537 3691 709 3762 regis,
740 3693 845 3750 sub
877 3694 1192 3752 testimonio
1216 3694 1540 3755 universalis
1568 3694 1870 3768 Anglorum
1897 3693 2140 3764 concilii,

542 3807 3693 3879 Μ
3748 3812 3749 3876 1

2161 3189 2208 3242 C

2243 548 2356 606 Deo
2384 558 2438 606 et
2473 559 2664 645 sancto
2693 548 3018 645 Cuthberto,
3046 559 3103 606 et
3127 552 3340 645 omnibus
3363 560 3448 630 ejus
3461 569 3624 645 enim

2244 641 2610 708 successuris,
2633 654 2689 697 et
2711 641 2971 697 omnibus
3016 643 3280 699 monachis
3307 647 3451 708 ibidem
3471 641 3624 730 iam

2243 749 2369 790 rum
2424 733 2649 802 futuris,
2714 742 2776 790 ut
2819 748 3014 791 omnes
3065 735 3299 796 ecclesias
3335 757 3573 823 quamq“
3593 758 3627 814 ί,

2243 827 2505 899 praesenti
2525 827 2584 882 in
2611 827 2930 884 dioecesana
2959 827 3215 898 parocbia
3237 845 3335 887 mea
3355 838 3558 908 possident.
3583 851 3631 905 id

2241 917 2301 975 in
2327 924 2613 989 posterum
2640 917 2908 975 canonice
2953 917 3232 990 acquirere
3271 933 3464 993 poterunt
3496 947 3631 993 mnus.

2243 1009 2402 1066 sione
2429 1025 2644 1081 regum,
2671 1007 2965 1081 largitione
3013 1009 3261 1079 ﬁdelium,
3293 1016 3362 1071 vel
3393 1020 3637 1086 editiorem

2243 1101 2299 1158 in
2343 1104 2572 1173 proprio
2620 1101 2798 1158 fundo
2839 1113 3112 1158 terrarum
3153 1146 3169 1172 ,
3204 1105 3397 1165 habeant
3431 1089 3638 1184 liberaui

2244 1195 2461 1266 quietas
2502 1195 2731 1251 omnino
2779 1195 2837 1250 in
2890 1203 3206 1266 perpetu-tm
3249 1213 3275 1252 a
3318 1215 3390 1256 me
3417 1211 3459 1258 et
3489 1209 3642 1267 omnibus

2245 1287 2664 1344 successoribus
2709 1288 2869 1356 meis,
2919 1288 2989 1343 ab
3033 1289 3274 1347 omnibus
3312 1308 3408 1364 quas
3436 1297 3484 1352 ad
3516 1315 3572 1356 me
3595 1305 3643 1359 vel

2245 1380 2315 1434 ad
2355 1393 2707 1435 successores
2737 1393 2890 1434 meos
2911 1378 3200 1449 pertinent.
3230 1379 3380 1448 Quare
3395 1386 3486 1441 volo
3510 1401 3546 1444 et
3567 1406 3646 1461 prs-

2246 1471 2397 1543 cipio
2425 1479 2486 1528 ut
2516 1485 2710 1526 omnes
2741 1469 3008 1527 ecclesias
3034 1486 3166 1527 suas
3183 1471 3233 1526 in
3253 1489 3391 1529 manu
3413 1491 3487 1532 sua
3504 1487 3646 1551 tenent

2244 1573 2298 1621 et
2321 1565 2504 1635 quiete
2524 1579 2618 1620 eas
2655 1563 2993 1634 possideant,
3028 1573 3086 1619 et
3113 1563 3326 1623 viearios
3351 1584 3453 1625 suos
3482 1570 3522 1626 in
3542 1572 3594 1630 eis
3616 1575 3655 1630 li-

2246 1657 2374 1712 bere
2402 1665 2628 1727 ponant,
2656 1655 2751 1726 qui
2780 1655 2916 1712 mihi
2937 1664 2998 1712 et
3015 1659 3392 1716 successoribus
3411 1662 3652 1723 meisdecun

2247 1757 2461 1806 tantum
2493 1749 2780 1805 intendant
2801 1749 3135 1816 animarum;
3166 1751 3289 1821 ipsis
3316 1768 3420 1810 vero
3440 1755 3658 1815 domibus

2241 1842 2454 1899 exteris
2502 1841 2869 1915 eleemosynis
2896 1850 2958 1898 et-
2996 1843 3267 1900 beneﬁciis
3307 1847 3496 1902 concedo
3511 1849 3656 1921 saepe,

2242 1937 2532 2004 conﬁrmo,
2579 1945 2635 1991 et
2676 1936 2956 2008 praecipio,
2983 1945 3055 1992 ut
3085 1945 3193 1992 tam
3221 1937 3316 2009 ipsi
3351 1955 3482 2009 quam
3515 1941 3664 2012 ipsum:

2241 2027 2432 2084 vicarii
2455 2027 2610 2082 liberi
2627 2037 2680 2082 et
2708 2027 2878 2097 quieti
2907 2027 2959 2080 in
2983 2036 3295 2098 perpetuum
3313 2029 3406 2084 sint
3427 2029 3480 2084 ab
3494 2032 3664 2085 omnim

2241 2120 2356 2176 ditu
2381 2119 2650 2191 synodali,
2674 2130 2729 2175 et
2757 2120 2827 2175 ab
2853 2120 3114 2176 omnibus
3137 2120 3358 2188 auxiliis,
3380 2123 3668 2193 gravaninihns,

2241 2213 2327 2268 vel
2351 2211 2676 2277 redditibus,
2698 2211 3104 2280 exactionibus,
3135 2211 3216 2268 vel
3242 2211 3565 2288 hospitiis,jtam
3580 2229 3669 2280 aut,

2241 2321 2410 2376 quam
2423 2321 2452 2360 a
2465 2305 2710 2372 decanis,
2725 2305 3152 2372 archidiaconis,
3166 2305 3246 2360 vel
3259 2306 3468 2362 omnium
3477 2315 3675 2362 nostram

2240 2393 2485 2461 vicariis,
2509 2403 2565 2449 et
2605 2393 2906 2462 ministris;
2938 2394 3042 2449 sub
3075 2394 3400 2450 anathemate
3419 2395 3544 2450 etiam
3567 2395 3674 2465 prohi-

2241 2487 2366 2555 beo,
2407 2502 2478 2544 ne
2529 2487 2729 2558 aliquis
2775 2487 2940 2554 ultra,
2997 2487 3174 2558 ipsos,
3195 2487 3276 2542 vel
3323 2502 3484 2543 eorum
3527 2487 3679 2551 clericus,

2241 2582 2426 2654 aliqua
2461 2581 2566 2637 sub
2596 2581 2884 2638 occasione
2915 2579 3126 2653 fatiget,
3149 2581 3231 2637 vel
3252 2581 3315 2636 ad
3342 2580 3544 2653 synodos,
3563 2579 3678 2634 velet

2240 2675 2410 2747 pitula
2458 2675 2560 2744 ire,
2597 2673 2704 2731 nisi
2753 2674 2922 2729 velint
2973 2684 3198 2745 sponte,
3231 2670 3684 2744 compellant-,stisi

2241 2770 2388 2841 quis,
2415 2784 2545 2840 erga
2571 2784 2667 2825 eos
2695 2768 2778 2822 vel
2813 2783 2946 2824 suos
2972 2767 3217 2842 aliquam
3256 2767 3496 2838 querelam
3518 2763 3684 2824 iudicarit.

2241 2861 2310 2917 ad
2341 2861 2552 2917 curiam
2597 2859 2774 2915 sancti
2819 2858 3136 2926 Cuthberti,
3177 2858 3473 2915 Duneimum
3510 2856 3690 2926 veniant

2241 2955 2314 3011 ibi
2343 2954 2561 3026 qualem
2609 2953 2861 3008 debuerit
2906 2952 3292 3008 rectitudincm
3323 2950 3553 3022 percipiat,
3581 2961 3691 3002 mare:

2240 3046 2386 3104 enim
2418 3046 2717 3112 libertates,
2743 3055 2797 3100 ct
2825 3043 3145 3116 dignitates,
3171 3061 3308 3116 quas
3329 3057 3439 3113 ego,
3465 3040 3532 3096 vel
3562 3038 3630 3094 mei
3647 3051 3694 3092 se-

2240 3151 2442 3210 quaces
2469 3136 2525 3192 in
2547 3135 2796 3192 ecclesiis
2823 3135 3066 3207 propriis
3101 3136 3186 3190 vel
3237 3135 3387 3190 terris
3409 3131 3567 3189 nostris
3585 3139 3697 3200 posti-

2237 3231 2502 3298 derimus,
2534 3230 2669 3302 ipsis
2697 3237 2754 3285 et
2784 3237 2976 3286 sancto
2998 3227 3309 3285 Cuthberto
3329 3220 3700 3283 inomnibusect‘e-

2240 3325 2338 3382 siis
2387 3332 2443 3380 et
2468 3323 2631 3380 terris
2662 3323 2779 3380 suis
2813 3322 2984 3380 libere
3020 3323 3079 3377 in
3111 3333 3422 3403 perpetuum
3445 3315 3700 3375 concedimllS.
3748 3315 3749 3351 ³

2239 3427 2294 3474 et
2348 3418 2557 3488 absque
2621 3415 3078 3488 tergiversatione
3124 3415 3249 3472 sine
3302 3412 3563 3477 calumnia,
3596 3423 3620 3463 ι
3644 3418 3705 3470 mit
3747 3422 3749 3488 ξ

2241 3512 2490 3583 meisque
2517 3510 2957 3580 successoribus,
2989 3510 3206 3567 liberas
3233 3523 3288 3572 et
3324 3503 3693 3583 quielasconlimt

2243 3620 2388 3661 ιιιιιε.

1933 4065 2104 4112 ANNO
2138 4065 2371 4112 DOIIINI
2413 4066 2500 4119 MC

919 4259 2005 4426 RICHARDUS
2115 4265 2371 4418 DE
2481 4254 3473 4422 DUMELLIS

1816 4531 2041 4596 ABBAS
2076 4531 2469 4594 PRATELLIN
2476 4533 2564 4592 US

845 4843 870 4926 τ’
1645 4897 2086 4982 norma
2143 4897 2699 4986 HISTORICA

1354 5095 1598 5161 (Fame.
1634 5099 1969 5160 Bibliotheca
1995 5100 2133 5157 med.
2162 5109 2212 5158 et
2233 5100 2336 5175 inf.
2366 5098 2518 5168 Lat.,
2546 5107 2685 5156 tom.
2712 5094 2804 5172 Vl,
2843 5111 2898 5170 p.
2927 5095 3031 5154 773

577 5243 920 5328 .Bichardus
941 5249 1321 5330 de_l)umeili_s,
1355 5253 2079 5330 abbas_P_ratellinu_s,quod
2119 5255 2526 5330 monasterium.
2551 5251 2981 5330 Northmannize.
3005 5261 3108 5310 est
3148 5252 3214 5330 in
3259 5247 3480 5330 dimi

539 5321 690 5400 circa
733 5332 938 5400 annum
965 5323 1112 5400 _lO_57
1147 5321 1458 5400 fundatum,
1484 5328 1626 5400 vixit
1670 5345 1762 5400 au.
1795 5321 1969 5393 110οξ
1985 5338 2039 5383 et
2069 5327 2291 5400 scripsit
2313 5325 2770 5400 Contmenterium
2793 5323 3254 5400 fusissimumjn
3275 5326 3462 5400 priora
3496 5325 3656 5400 smn;

542 5387 816 5468 (ἰεηςεερκ,
840 5393 938 5462 qui
964 5394 1198 5468 habetur
1219 5387 1637 5468 in__bibliotheca
1668 5387 2065 5456 Lambetbana.
2093 5387 2265 5455 Ex'eo
2292 5398 2544 5468 quaedam
2572 5397 2643 5468 in
2668 5387 2803 5450 rem'
2837 5409 3006 5468 suam
3059 5387 3317 5452 adduxit
3361 5394 3596 5450 Henricus

539 5468 633 5516 ton
659 5459 710 5512 in
741 5459 1000 5523 Anc—tario
1028 5466 1097 5524 ad
1118 5465 1235 5523 Jac.
1263 5463 1474 5527 Usserii
1499 5467 1798 5528 Historiam
1822 5471 2188 5542 dogmaticam
2214 5468 2284 5527 de
2310 5459 2618 5540 Scripturis
2642 5474 2698 5520 et
2721 5465 2897 5522 sacris
2925 5469 3303 5526 vernaculis.

1943 5669 2241 5686 *-

3515 5227 3728 5301 movisti

3625 5229 3728 5288 γξειδ,

3625 5229 3750 5430 si

3657 5302 3728 5428 ti

3748 3280 3749 3351 ι

3737 5417 3745 5710 Ι
