3820 6312
81 440 189 503 ιω

89 567 2079 618 W

1108 421 1468 490 COMMENT.
1503 419 1572 476 ΙΝ
1609 419 1905 479 GENESIN
1942 419 2185 478 FRAGM

3146 417 3288 475 1650

2262 559 3280 592 *ιη-Μ

324 745 916 852 FRAGMENTA
986 742 1681 868 COMMENTABII
1730 743 2212 848 BICHABDI
2281 741 2414 847 DE
2485 740 2983 848 DUMELLIS

1263 971 1391 1064 IN
1465 967 2026 1063 GENESIN.

531 1171 857 1248 (WLB'I'ION,
887 1169 1206 1226 Auctarium
1234 1169 1304 1224 ad
1334 1165 1638 1224 Historiam
1661 1163 2023 1238 dogmaticam
2041 1162 2078 1219 .1
2084 1207 2098 1221 .
2128 1164 2360 1236 Usserii,
2385 1165 2472 1237 ι’,
2507 1182 2562 1240 p.
2587 1167 2742 1240 393.)

107 1489 266 1544 Exstat
288 1479 689 1552 manuscriptus
723 1479 781 1534 in
814 1477 1145 1535 bibliotheca
1207 1475 1584 1534 Lambethana
1612 1476 1665 1538 Δ
1688 1475 2084 1552 exhortatione.
2114 1475 2183 1534 ad
2217 1475 2361 1533 viam
2409 1477 2656 1535 veritatis
2701 1479 2982 1538 reducere.
3017 1511 3091 1525 —
3120 1480 3271 1540 Ibid.

50 1580 311 1639 fusissimus
345 1577 401 1631 in
455 1574 642 1646 priora
665 1589 836 1628 xxvnt
859 1571 1152 1634 .Geneseos
1201 1569 1379 1640 capita
1419 1568 1581 1624 Com-

50 1668 320 1734 mentarios,
374 1664 535 1734 cujus
583 1663 844 1735 prologus
891 1661 973 1718 sic
1019 1660 1210 1733 incipit
1254 1679 1269 1716 ι
1328 1659 1578 1715 Anselmo

48 1756 394 1819 Cautuariensis
432 1753 690 1810 Ecclesia?
739 1753 1154 1822 archiepiscopo,
1203 1751 1425 1822 quidam
1467 1749 1580 1806 Do-

46 1852 213 1906 minim
237 1849 398 1904 crucis
435 1863 613 1902 servus
653 1855 704 1902 et
739 1846 982 1900 minister
1011 1842 1232 1899 canobii
1267 1842 1576 1911 Pratellini,

44 1951 125 1998 etc.
155 1939 279 1995 lnibi
299 1946 486 1994 auctor
513 1935 697 1993 omnia
735 1935 849 1991 fere
875 1934 945 1991 ad
974 1931 1338 2005 Scripturam,
1374 1934 1578 2004 impor-

42 2044 143 2089 tune
185 2032 336 2088 etiam
391 2030 718 2101 aliquoties,
775 2028 915 2084 solet
963 2027 1215 2094 trahere;
1277 2036 1440 2097 atque
1499 2024 1577 2081 illi

41 2124 224 2196 mystice
240 2122 653 2179 accommodare
694 2135 783 2177 res
808 2120 1047 2177 maxime
1066 2134 1409 2186 communes,
1444 2127 1576 2189 puta

41 2217 215 2282 malum,
238 2213 424 2282 solem,
485 2228 682 2284 aquas,
736 2211 1078 2283 paradisum,
1111 2220 1219 2266 etc.
1279 2209 1370 2266 Sic
1427 2210 1576 2267 enim

41 2309 154 2363 ωλι
192 2308 254 2364 ad
299 2306 430 2363 illud
467 2323 482 2360 :
523 2305 796 2360 Producat
845 2313 988 2359 terra
1034 2302 1249 2358 herbam
1271 2336 1276 2340 -
1298 2303 1573 2370 virentem,

41 2409 274 2473 postquam
319 2399 617 2454 utilitatem
684 2395 982 2468 Scriptum
1032 2395 1137 2450 late
1184 2393 1572 2466 praedicasset,

41 2495 125 2550 ill:
155 2513 172 2547 ι
202 2491 336 2561 Quid
360 2500 447 2549 est
474 2491 647 2548 herba
672 2489 857 2546 virens
879 2489 1026 2545 aliud
1049 2504 1215 2560 quam
1245 2502 1443 2544 sensus
1479 2487 1575 2543 lit-

41 2602 128 2642 erae
146 2585 432 2657 simplicis?
459 2600 588 2656 qum
617 2583 741 2640 rudi
766 2581 989 2654 populo,
1033 2581 1298 2653 iumentis
1326 2581 1577 2638 videlicet

41 2677 190 2733 ιιιωωί
218 2675 402 2750 Regis,
469 2676 735 2749 pabulum
773 2673 1116 2732 salutiferum
1165 2673 1571 2731 subministrat.

41 2771 255 2843 Scriptum
283 2779 369 2829 est
393 2771 549 2827 enim
581 2791 596 2827 :
631 2770 737 2838 Qui
770 2770 865 2824 dat
919 2769 1178 2840 jumentis
1212 2784 1387 2823 escam
1431 2768 1574 2837 ipso-

1681 1567 1823 1636 Quid
1871 1569 2039 1640 igitur
2087 1567 2356 1640 accipitur
2400 1571 2817 1629 convenientius
2861 1589 2958 1644 per
3000 1575 3270 1631 cherubin

1683 1657 1815 1728 (Gen
1848 1661 1954 1730 ιιι),
1979 1659 2072 1730 qui
2089 1659 2363 1730 plenitudo
2382 1661 2618 1718 scientiis
2631 1663 3083 1735 interpretantur,
3101 1681 3271 1736 quam

1681 1766 1839 1807 sacra
1884 1750 2189 1822 Scriptura,
2232 1768 2329 1823 per
2359 1769 2526 1825 quam
2579 1755 2739 1812 nobis
2773 1771 2916 1814 onus
2953 1767 3270 1816 nostrarum

1680 1844 2059 1912 miseriarum;
2113 1857 2168 1901 et
2215 1847 2340 1914 iter,
2372 1861 2485 1917 quo
2525 1848 2854 1903 revertimur
2897 1849 2968 1905 ad
3011 1849 3273 1920 patriam,

1679 1937 1816 1995 satis
1872 1938 2089 1994 abunde
2137 1953 2360 2010 quoque
2399 1937 2746 1997 declaratur?
2787 1939 2848 1996 In
2901 1955 2970 1998 ea
3009 1940 3272 1996 nimirum
3343 1966 3348 1967 ί

1677 2030 2073 2102 promissiones
2110 2031 2299 2102 gloriae
2343 2032 2584 2088 caelestis
2631 2031 3051 2101 describuntur;
3077 2046 3279 2090 rursus

1677 2123 1735 2178 in
1783 2123 1976 2179 eadem
2041 2123 2204 2178 mina:
2261 2131 2607 2196 terroresque
2661 2124 2980 2198 gehennalis
3032 2124 3275 2182 incendii

1675 2217 2055 2284 continentur;
2087 2231 2230 2288 quae,
2265 2217 2321 2270 ni
2355 2215 2536 2285 fallor,
2567 2217 2789 2273 nomine
2813 2215 3058 2273 flammei
3099 2217 3271 2289 gladii

1675 2307 2123 2380 praefigurantur,
2164 2317 2272 2364 etc.
2332 2306 2505 2365 Visne
2550 2307 2731 2364 redire
2781 2309 2852 2364 ad
2905 2309 3278 2380 paradisum?

1676 2397 1835 2467 Volo,
1882 2399 2080 2471 inquit.
2130 2399 2315 2467 Adito,
2363 2399 2623 2471 inquam,
2673 2399 2976 2468 cherubin;
3034 2400 3141 2458 hoc
3185 2407 3274 2458 est

1675 2502 1922 2550 scrutare
1977 2491 2250 2564 profunda
2296 2492 2554 2566 mysteria
2625 2506 2912 2550 sacrarum
2958 2491 3273 2566 Scriptum-

1672 2603 1831 2657 rum;
1861 2603 2098 2659 quarum
2147 2586 2457 2643 eruditione
2500 2584 2668 2643 habes
2707 2585 2889 2644 redire
2931 2586 3000 2643 ad
3046 2585 3273 2658 paradi~

1674 2695 1829 2746 sum;
1860 2695 2024 2751 quem
2071 2679 2385 2750 perdideras
2434 2693 2534 2749 per
2577 2677 2744 2749 primi
2791 2678 3034 2751 parentis
3059 2679 3272 2750 appeti-

1677 2777 1790 2826 tum
1817 2769 2221 2825 illecebrosum.
2241 2768 2503 2841 Alioquin
2533 2768 2809 2826 clauditur
2846 2769 2949 2826 tibi
2992 2770 3081 2826 via
3106 2784 3271 2842 para-

41 2835 136 2920 m:
165 2864 297 2922 Ecce
341 2865 537 2921 virens
587 2835 776 2930 herba,
816 2835 962 2918 unde
1012 2861 1364 2934 parvulorum
1412 2835 1574 2916 intel-
1605 2835 1649 2894 Β
1675 2861 1803 2929 disi,
1826 2861 1932 2917 nisi
1963 2861 2041 2917 tui
2066 2862 2247 2962 cordis
2277 2835 2470 2918 aurem
2508 2862 2745 2920 consilio
2767 2877 2942 2920 sacra:
2971 2835 3272 2936 Scriptura

41 2969 164 3014 ectus
185 2958 467 3014 educatur.
503 2989 578 3000 —
605 2955 676 3012 Et
709 2955 915 3012 stellas.
943 2953 1086 3024 Quid
1109 2963 1238 3010 sunt
1267 2953 1415 3010 aliud
1441 2955 1574 3010 stel-

41 3051 138 3104 εἰη
165 3050 510 3107 ﬁrmamento
547 3049 759 3122 positae,
805 3063 971 3120 quam
1018 3047 1315 3104 electorum
1352 3045 1570 3114 animae,

41 3158 113 3211 uae
144 3144 339 3200 sanctis
378 3143 685 3214 Scripturis
712 3140 1070 3214 invigilant?»

73 3231 127 3287 Et
145 3233 229 3289 lib.
257 3251 296 3290 ιι
336 3234 406 3290 ad
449 3233 627 3290 illud:
669 3233 919 3288 Crescite
949 3240 999 3287 et
1040 3229 1497 3302 multiplicamini,
1521 3237 1571 3284 et
1603 3265 1606 3268 ~

43 3325 172 3393 eplete
195 3343 359 3397 aquas
387 3327 582 3380 maris.
619 3344 637 3378 t
677 3323 746 3378 Et
787 3325 912 3378 bene
947 3339 1104 3394 aqua:
1138 3322 1330 3394 reptile
1363 3321 1569 3393 produ-

43 3432 110 3472 ere
149 3418 432 3487 dicuntur,
483 3417 618 3489 quia
655 3416 714 3471 S.
759 3415 1039 3486 Scriptura
1089 3415 1349 3487 parvulos
1404 3430 1569 3470 sensu

44 3508 140 3563 uasi
166 3509 342 3565 vivido
373 3509 569 3565 calore
635 3505 802 3574 fovet,
848 3505 1096 3562 membra
1143 3503 1569 3575 illoruminfor-

44 3606 124 3664 lat;
158 3615 447 3672 quousque
484 3609 779 3671 provectus
808 3598 1128 3654 earumdem
1154 3595 1568 3668 intelligentiam

44 3690 308 3759 tperiorem
332 3692 703 3765 mysticarum
743 3692 1083 3747 locutionum
1131 3690 1355 3762 pernice
1401 3705 1569 3746 cursu

44 3782 125 3836 lirc
147 3783 333 3840 valeat.
356 3815 432 3826 -—
454 3783 673 3841 Crescit
717 3783 988 3856 siquidem
1031 3791 1285 3840 creatura
1321 3783 1568 3838 rationa-

43 3875 128 3930 tin
173 3877 256 3932 sui
287 3876 586 3934 Creatoris
623 3877 948 3945 devotione;
981 3876 1376 3947 multiplicatur
1397 3875 1570 3931 bono-

43 3982 99 4020 Im
128 3984 347 4037 operum
398 3969 916 4035 consummatione;
955 3967 1127 4038 replet
1163 3982 1337 4038 aquas
1375 3967 1567 4034 maris,

43 4077 73 4113 er
95 4061 578 4133 investigationem
607 4061 743 4132 legis
767 4060 1029 4133 mysticae.
1057 4057 1197 4114 Cum
1234 4057 1380 4114 enim
1408 4057 1567 4128 pauci

1675 2953 2042 3012 summiseris.
2077 2953 2121 3023 »ξ

1745 3043 1866 3101 Lib.
1898 3061 1952 3100 v.
1989 3044 2183 3101 Miram
2209 3044 2642 3117 profunditatem
2672 3046 2986 3104 divinarum
3018 3046 3272 3120 Scriptu-

1672 3153 1884 3203 rarum,
1906 3153 2030 3214 qua:
2058 3148 2256 3195 cuncta
2287 3149 2636 3199 sacramenta
2661 3139 2948 3198 catholica
2984 3140 3271 3216 religionis

1673 3227 1977 3295 continent,
2004 3227 2352 3298 depraedicat.

1746 3319 1864 3377 Lib.
1901 3337 1975 3377 ιχ.
2019 3341 2038 3375 t
2081 3319 2324 3377 Vertitur
2360 3329 2542 3378 autem
2574 3323 2680 3378 iste
2709 3321 2835 3380 fons
2869 3320 3041 3396 [vitae]
3068 3321 3121 3377 in
3147 3338 3258 3394 pu-

1673 3411 1823 3469 teuui
1845 3412 2005 3484 juxta
2063 3412 2421 3483 capacitatem
2473 3412 2790 3486 legentium.
2836 3411 3048 3484 Quippe
3081 3427 3268 3470 sermo

1669 3506 1891 3563 divinus
1925 3505 2168 3562 minimis
2202 3514 2258 3562 et
2305 3505 2521 3579 magnis
2558 3520 2680 3562 sese
2710 3505 3014 3577 capabilem
3047 3504 3264 3575 reddit;

1669 3609 1724 3657 et
1753 3600 2013 3656 omnibus
2067 3598 2254 3655 omnia
2313 3596 2494 3656 factus
2547 3597 2888 3656 conscendit.
2937 3596 3268 3659 Benedictus

1670 3691 1940 3750 Dominus
1990 3691 2156 3760 Deus,
2202 3691 2297 3763 qui
2330 3690 2577 3762 parvulis
2608 3690 2916 3748 hauritorio
2947 3691 3266 3750 carentibus

1673 3783 2012 3859 Scripturam
2040 3800 2221 3851 suam,
2256 3783 2414 3855 juxta
2431 3799 2640 3841 morem
2663 3782 2858 3852 fontis,
2881 3783 2939 3840 in
2974 3783 3267 3856 superﬁcie

1670 3888 1828 3934 terra:
1866 3887 2205 3944 manantem,
2242 3877 2311 3933 ad
2349 3877 2654 3948 potandum
2707 3877 2996 3948 propinat;
3046 3877 3269 3934 caeteris

1667 3987 1800 4028 vero
1819 3973 1933 4043 jam
1965 3987 2162 4027 sensus
2211 3971 2542 4027 exercitatos
2584 3971 2914 4029 habentibus
2961 3982 3128 4044 atque
3167 3989 3265 4029 va-

1669 4064 1906 4121 lentibus
1918 4072 2107 4135 potum
2137 4063 2359 4120 trahere
2383 4063 2451 4119 de
2468 4061 2841 4134 profunditate
2862 4064 3007 4123 sacri
3029 4065 3266 4136 eloquii,

43 4151 398 4210 ofunditatem
433 4161 760 4210 sanctarum
798 4151 1207 4224 Scripturarum
1238 4133 1564 4221 intelligunt,
1596 4185 1646 4249 θ
1671 4133 2087 4228 Ρυιειιηίωεη,
2125 4171 2238 4225 ιη,
2272 4156 2364 4227 14)
2396 4133 2628 4213 viventis
2657 4165 2713 4213 οι
2740 4156 2977 4214 videntis
3003 4172 3090 4214 me
3123 4133 3265 4230 ῥιυω.

43 4244 120 4300 Iasi
157 4261 328 4316 pauca
372 4244 602 4317 reptilia
647 4261 804 4317 aqua;
845 4243 1171 4316 producant.
1203 4243 1272 4298 At
1307 4241 1402 4298 ubi
1440 4256 1570 4298 vero

65 4336 284 4392 solidum
315 4337 517 4394 cibum
540 4337 865 4408 capiendum
904 4335 1085 4392 idonei
1107 4333 1235 4390 facti
1266 4331 1489 4401 fuerint,
1517 4341 1572 4390 et

43 4425 216 4483 leriora
237 4427 647 4501 mysteriorum
683 4437 844 4498 prout
865 4426 1200 4500 intelligant,
1248 4425 1374 4481 aliis
1404 4439 1565 4481 reve-

43 4518 206 4586 rerint,
233 4535 503 4578 crescere
544 4520 768 4591 quidem
810 4529 866 4576 et
907 4519 1290 4592 multiplicare,
1312 4528 1367 4575 et
1393 4532 1568 4590 aquas

43 4610 127 4667 tris
154 4612 391 4684 implere
433 4613 720 4670 videntur.
751 4612 921 4686 igitur
954 4628 1113 4685 aqua:
1147 4611 1320 4669 maris
1349 4611 1568 4683 replen-

43 4719 82 4769 ',
105 4721 226 4761 cum
251 4705 584 4779 tripartitus
618 4721 818 4763 sensus
855 4721 1026 4763 sacra:
1059 4705 1196 4777 legis
1224 4703 1567 4776 simplicibus

45 4809 120 4851 am
147 4798 440 4869 panditur.
510 4795 652 4866 Quid
704 4805 836 4854 sunt
890 4813 1117 4870 pascua,
1171 4796 1278 4855 nisi
1331 4795 1389 4853 S.
1421 4793 1568 4853 Scri-

45 4903 147 4954 Irte,
179 4907 308 4961 qua:
331 4888 576 4948 mundis
596 4889 931 4946 animalibus
955 4888 1276 4945 alimoniam
1299 4888 1566 4960 praestat?

45 4979 86 5036 le
115 4980 514 5040 fortitudinem
561 4981 810 5040 interiori
836 4982 1047 5039 homini
1093 4981 1498 5048 subministrat,
1538 4998 1558 5033 ι

46 5113 63 5124 ..
95 5072 170 5128 De
207 5076 485 5145 paradiso
511 5090 530 5127 :
559 5093 578 5126 ι
605 5072 743 5141 Quis
777 5082 864 5130 est
909 5074 1198 5144 paradisus
1255 5073 1366 5140 ille,
1397 5088 1562 5144 quem

45 5163 214 5222 minus
242 5168 554 5239 plantavit,
584 5177 638 5223 et
672 5167 729 5222 in
755 5183 866 5238 quo
890 5167 1170 5222 hominem
1213 5167 1329 5236 ipse
1359 5165 1560 5236 posuit,

45 5256 272 5316 isancta
305 5260 593 5328 Ecclesia,
632 5261 717 5316 vel
751 5275 908 5316 sacra
951 5258 1256 5331 Scriptura,
1300 5249 1393 5315 ubi
1438 5273 1563 5314 om-

45 5353 290 5422 ;species
340 5353 683 5410 deliciarum
726 5352 1103 5419 inveniuntur,
1133 5360 1189 5407 et
1227 5351 1322 5408 ubi
1351 5351 1562 5423 lignum

45 5459 87 5509 ε,
119 5445 336 5518 lignum
373 5461 612 5519 quoque
636 5445 878 5504 scientia:
901 5445 1032 5502 boni
1053 5455 1108 5502 et
1133 5445 1261 5500 mali
1311 5445 1564 5516 plantan-

51 5534 122 5586 ἲ»

45 5625 130 5682 .ib.
160 5644 225 5684 tu
260 5647 276 5684 :
317 5649 339 5681 ς
373 5628 676 5684 Dominum
707 5639 883 5685 autem
920 5631 975 5684 in
1011 5630 1264 5700 paradiso
1309 5629 1564 5684 deambu-

46 5734 72 5781 ε,
116 5729 203 5776 est
240 5737 348 5793 per
377 5721 612 5777 diversa
647 5721 765 5777 loca
791 5738 1073 5779 sacrarum
1125 5722 1556 5792 Scripturarum,

45 5826 62 5864 ε
96 5813 355 5883 quotidie
382 5813 444 5867 in
487 5809 740 5868 Ecclesia
787 5813 1120 5880 lectitantur,
1161 5813 1392 5869 salutem
1439 5815 1557 5871 ani-

45 5917 152 5960 rum
201 5919 511 5982 quaerere,
557 5912 610 5960 et
659 5905 955 5964 multifaria
1007 5915 1234 5965 cunctos
1277 5908 1556 5966 deviantes

1673 4258 1833 4322 parat
1859 4248 2188 4306 effodiendo.
2230 4267 2250 4302 ι

1746 4341 1868 4398 Lib.
1897 4358 1953 4398 x.
1982 4340 2294 4398 Remissum
2326 4349 2489 4414 atque
2511 4342 2717 4400 sensim
2732 4342 3139 4401 evanescensin
3157 4341 3263 4399 Ec-

1622 4489 1628 4492 .
1668 4435 1832 4493 clesia
1858 4433 1917 4490 S.
1950 4433 2247 4507 Scriptura:
2267 4435 2510 4492 studium
2541 4434 2724 4493 deflet.
2767 4464 2840 4478 -—
2896 4453 2916 4490 t
2944 4435 3259 4508 Appropin-

1667 4537 1872 4602 quante
1901 4527 2018 4600 jam
2049 4528 2287 4586 termino
2308 4527 2499 4589 mundi
2525 4528 2781 4596 labentis,
2801 4535 2856 4584 et
2874 4525 3264 4600 refrigescente

1666 4621 1937 4679 charitate
1988 4620 2426 4694 quamplurium,
2471 4620 2624 4694 rigor
2678 4619 2899 4692 quidem
2932 4616 3262 4676 Christianae

1666 4711 1949 4785 religionis
1973 4711 2176 4783 oppido
2199 4709 2478 4785 frigescit;
2506 4721 2563 4767 et
2582 4724 2751 4782 opera
2789 4723 2961 4766 sacrae
3004 4707 3260 4765 lectionis

1665 4820 1833 4877 quam
1851 4813 2068 4861 constat
2085 4818 2210 4862 esse
2230 4803 2478 4865 fomitem
2501 4801 2672 4858 animi
2698 4801 2767 4859 ad
2788 4816 3030 4875 superna
3050 4800 3254 4874 gaudia

1665 4898 1958 4966 tendentis,
1986 4895 2160 4954 ferme
2183 4897 2403 4958 redacta
2423 4905 2508 4952 est
2535 4895 2592 4954 in
2627 4894 2883 4951 nihilum.
2921 4912 2942 4947 ο

1735 4991 1854 5047 Lib.
1883 5007 1960 5047 ιι.
1996 4989 2072 5046 De
2096 4990 2350 5047 versione
2373 4987 2517 5044 LXX
2549 4987 2854 5044 Ptolomzeo
2884 5001 3012 5059 rege
3049 5003 3258 5059 procuo

1663 5093 1822 5140 raute
1848 5083 1993 5144 facta
2023 5084 2264 5150 locutus,
2296 5081 2418 5138 infit
2447 5099 2462 5136 :
2513 5100 2532 5135 ι
2567 5078 2704 5141 Nam
2753 5089 3099 5140 sacramenta
3130 5095 3255 5134 rea-

1662 5174 1785 5230 liter
1816 5174 2032 5229 illarum
2055 5173 2360 5228 litterarum
2394 5171 2734 5242 sapientibus
2758 5179 2814 5227 et
2864 5169 3257 5241 insipientibus

1662 5273 1976 5339 patuerunt.
1999 5283 2018 5316 ›
2039 5262 2192 5321 -Ει
2210 5273 2334 5336 post
2355 5279 2530 5336 pauca
2555 5263 2740 5320 subdit
2771 5281 2786 5320 :
2821 5282 2840 5318 ι
2875 5261 2996 5336 [Vir
3023 5261 3170 5336 pius]
3187 5278 3258 5318 ne

1662 5357 1885 5431 quando
1912 5355 2149 5425 deﬁciat,
2181 5355 2558 5413 fortitudinem
2589 5371 2763 5414 sacra:
2796 5355 3051 5412 lectionis
3081 5369 3255 5426 oppo-

1664 5453 1826 5508 sitam
1850 5449 1956 5506 sibi
1969 5449 2256 5521 conspicit.
2282 5449 2378 5506 Est
2404 5459 2587 5506 autem
2611 5464 2796 5506 sermo
2818 5447 3139 5506 Dominicus
3160 5447 3258 5502 mi-

1587 5550 1638 5612 ι)
1663 5543 1834 5598 rabile
1848 5542 2133 5614 speculum
2169 5541 2467 5612 unicuique
2490 5541 2584 5612 qui
2595 5539 2711 5611 jam
2734 5555 2916 5597 arcem
2948 5537 3255 5595 sanctitatis

1671 5634 1940 5701 ascendit,
1989 5633 2075 5689 vel
2103 5634 2400 5690 ascendere
2434 5634 2678 5688 molitur.
2721 5651 2740 5687 ι
2775 5663 2846 5675 —-
2876 5630 3121 5701 Denique
3149 5645 3254 5700 pa-

1664 5725 2019 5784 tresfamilias
2067 5742 2278 5793 omnes,
2327 5725 2492 5783 etiam
2561 5723 2822 5797 plebeios,
2869 5733 2930 5779 ut
2991 5721 3253 5791 conjuges

1664 5831 1830 5892 atque
1865 5820 2065 5875 liberos
2095 5835 2226 5875 suos
2253 5835 2426 5875 sacra:
2470 5819 2769 5890 Scriptura:
2811 5815 3126 5890 cognitione
3152 5831 3255 5890 pro

1665 5912 1926 5972 facultate
1941 5927 2048 5970 sua
2071 5911 2341 5980 imbuant,
2388 5911 2659 5967 hortatur.

3011 6029 3096 6040 ο...-
