  <div class='ocr_page' id='page_1' title='image "/cluster/home/n/w/nwhite01/storage/ocr_20150623/155/hvd.32044015473838/823.png"; bbox 0 0 3820 6312; ppageno 0'>
   <div class='ocr_carea' id='block_1_1' title="bbox 524 338 672 397">
    <p class='ocr_par' dir='ltr' id='par_1_1' title="bbox 524 338 672 397">
     <span class='ocr_line' id='line_1_1' title="bbox 524 338 672 397; baseline 0.007 -1"><span class='ocrx_word' id='word_1_1' title='bbox 524 338 672 397; x_wconf 74' lang='grc'><strong>1635</strong></span> 
     </span>
    </p>
   </div>
   <div class='ocr_carea' id='block_1_2' title="bbox 1004 308 3711 397">
    <p class='ocr_par' dir='ltr' id='par_1_2' title="bbox 1004 308 3711 397">
     <span class='ocr_line' id='line_1_2' title="bbox 1004 308 3711 397; baseline -0.005 -6"><span class='ocrx_word' id='word_1_2' title='bbox 1004 330 1352 391; x_wconf 79' lang='lat' dir='ltr'><strong>SULCARDI</strong></span> <span class='ocrx_word' id='word_1_3' title='bbox 1391 327 1700 397; x_wconf 77' lang='lat' dir='ltr'><strong>MONACHI</strong></span> <span class='ocrx_word' id='word_1_4' title='bbox 1740 325 1868 383; x_wconf 76' lang='lat' dir='ltr'><strong>LIB.</strong></span> <span class='ocrx_word' id='word_1_5' title='bbox 1907 324 1997 382; x_wconf 87' lang='lat' dir='ltr'><strong>DE</strong></span> <span class='ocrx_word' id='word_1_6' title='bbox 2029 323 2476 384; x_wconf 79' lang='lat' dir='ltr'><strong>FUNDATIONE</strong></span> <span class='ocrx_word' id='word_1_7' title='bbox 2507 323 2756 381; x_wconf 79' lang='grc' dir='ltr'><strong>ΑΒΒΑΤ.</strong></span> <span class='ocrx_word' id='word_1_8' title='bbox 2796 308 3305 381; x_wconf 73' lang='lat' dir='ltr'><strong>WESTMONAST.</strong></span> <span class='ocrx_word' id='word_1_9' title='bbox 3610 324 3711 390; x_wconf 68' lang='lat'><strong>1055</strong></span> 
     </span>
    </p>
   </div>
   <div class='ocr_carea' id='block_1_3' title="bbox 2490 475 3505 647">
    <p class='ocr_par' dir='ltr' id='par_1_3' title="bbox 2490 475 3505 647">
     <span class='ocr_line' id='line_1_3' title="bbox 2490 475 3505 647; baseline -0.034 -17"><span class='ocrx_word' id='word_1_10' title='bbox 2490 548 2637 647; x_wconf 44' lang='grc' dir='ltr'><strong>ὧν</strong></span> <span class='ocrx_word' id='word_1_11' title='bbox 2680 608 2727 639; x_wconf 42' lang='grc' dir='ltr'><em>ι,</em></span> <span class='ocrx_word' id='word_1_12' title='bbox 2878 580 2911 621; x_wconf 55' lang='grc' dir='ltr'><strong>ις</strong></span> <span class='ocrx_word' id='word_1_13' title='bbox 2996 568 3087 612; x_wconf 53' lang='grc' dir='ltr'><strong>ταν</strong></span> <span class='ocrx_word' id='word_1_14' title='bbox 3121 572 3147 609; x_wconf 68' lang='grc' dir='ltr'>ι</span> <span class='ocrx_word' id='word_1_15' title='bbox 3170 526 3461 616; x_wconf 42' lang='grc' dir='ltr'><strong>ενι-ιηέῷ</strong></span> <span class='ocrx_word' id='word_1_16' title='bbox 3498 612 3505 625; x_wconf 35' lang='grc' dir='ltr'>ί</span> 
     </span>
    </p>
   </div>
   <div class='ocr_carea' id='block_1_4' title="bbox 2072 556 2459 651">
    <p class='ocr_par' dir='ltr' id='par_1_4' title="bbox 2072 556 2459 651">
     <span class='ocr_line' id='line_1_4' title="bbox 2072 556 2459 651; baseline -0.013 -13"><span class='ocrx_word' id='word_1_17' title='bbox 2072 573 2190 645; x_wconf 54' lang='grc' dir='ltr'><strong>[ἑά</strong></span> <span class='ocrx_word' id='word_1_18' title='bbox 2266 556 2367 651; x_wconf 37' lang='grc' dir='ltr'><strong>λίην</strong></span> <span class='ocrx_word' id='word_1_19' title='bbox 2380 604 2401 639; x_wconf 62' lang='grc' dir='ltr'><em>ε</em></span> <span class='ocrx_word' id='word_1_20' title='bbox 2423 602 2459 641; x_wconf 67' lang='grc' dir='ltr'>,ε</span> 
     </span>
    </p>
   </div>
   <div class='ocr_carea' id='block_1_5' title="bbox 2598 566 3287 641">
    <p class='ocr_par' dir='ltr' id='par_1_5' title="bbox 2598 566 3287 641">
     <span class='ocr_line' id='line_1_5' title="bbox 2598 566 3287 641; baseline -0.003 -32"><span class='ocrx_word' id='word_1_21' title='bbox 2598 606 2637 641; x_wconf 11' lang='grc' dir='ltr'><strong>ἐκ,</strong></span> <span class='ocrx_word' id='word_1_22' title='bbox 2680 608 2727 639; x_wconf 30' lang='grc' dir='ltr'><strong>,θ</strong></span> <span class='ocrx_word' id='word_1_23' title='bbox 2760 592 2841 625; x_wconf 54' lang='lat' dir='ltr'><strong>-&quot;n</strong></span> <span class='ocrx_word' id='word_1_24' title='bbox 2878 580 2911 621; x_wconf 38' lang='grc' dir='ltr'><strong>,νς</strong></span> <span class='ocrx_word' id='word_1_25' title='bbox 2956 566 3087 615; x_wconf 55' lang='grc' dir='ltr'><strong>ξΤμτ</strong></span> <span class='ocrx_word' id='word_1_26' title='bbox 3121 566 3287 616; x_wconf 61' lang='grc' dir='ltr'><strong>ιένιι-ί.</strong></span> 
     </span>
    </p>
   </div>
   <div class='ocr_carea' id='block_1_6' title="bbox 3144 638 3445 655">
    <p class='ocr_par' dir='ltr' id='par_1_6' title="bbox 3144 638 3445 655">
     <span class='ocr_line' id='line_1_6' title="bbox 3144 638 3445 655; baseline -0.017 1"><span class='ocrx_word' id='word_1_27' title='bbox 3144 638 3445 655; x_wconf 64' lang='lat' dir='ltr'><em>W</em></span> 
     </span>
    </p>
   </div>
   <div class='ocr_carea' id='block_1_7' title="bbox 1874 902 2458 1011">
    <p class='ocr_par' dir='ltr' id='par_1_7' title="bbox 1874 902 2458 1011">
     <span class='ocr_line' id='line_1_7' title="bbox 1874 902 2458 1011; baseline 0.01 -6"><span class='ocrx_word' id='word_1_28' title='bbox 1874 902 2458 1011; x_wconf 86' lang='lat' dir='ltr'><strong>LIBELLUS</strong></span> 
     </span>
    </p>
   </div>
   <div class='ocr_carea' id='block_1_8' title="bbox 1133 1108 2104 1182">
    <p class='ocr_par' dir='ltr' id='par_1_8' title="bbox 1133 1111 2104 1182">
     <span class='ocr_line' id='line_1_8' title="bbox 1133 1111 2104 1182; baseline -0.01 0"><span class='ocrx_word' id='word_1_29' title='bbox 1133 1121 1242 1182; x_wconf 84' lang='lat' dir='ltr'><strong>DE</strong></span> <span class='ocrx_word' id='word_1_30' title='bbox 1285 1115 1804 1181; x_wconf 77' lang='lat' dir='ltr'><strong>FUNDATIONE</strong></span> <span class='ocrx_word' id='word_1_31' title='bbox 1845 1111 2104 1175; x_wconf 79' lang='lat' dir='ltr'><strong>ABBAT</strong></span> 
     </span>
    </p>
   </div>
   <div class='ocr_carea' id='block_1_9' title="bbox 2207 1108 3222 1182">
    <p class='ocr_par' dir='ltr' id='par_1_9' title="bbox 2207 1108 3222 1176">
     <span class='ocr_line' id='line_1_9' title="bbox 2207 1108 3222 1176; baseline -0.003 -3"><span class='ocrx_word' id='word_1_32' title='bbox 2207 1112 2217 1173; x_wconf 69' lang='grc' dir='ltr'>ἒ</span> <span class='ocrx_word' id='word_1_33' title='bbox 2258 1108 3222 1176; x_wconf 75' lang='lat' dir='ltr'><strong>WESTMONASTERIENSIS.</strong></span> 
     </span>
    </p>
   </div>
   <div class='ocr_carea' id='block_1_10' title="bbox 1770 1270 2543 1346">
    <p class='ocr_par' dir='ltr' id='par_1_10' title="bbox 1770 1270 2543 1346">
     <span class='ocr_line' id='line_1_10' title="bbox 1770 1270 2543 1346; baseline 0 -17"><span class='ocrx_word' id='word_1_34' title='bbox 1770 1272 2080 1346; x_wconf 74' lang='lat' dir='ltr'><strong>(Monastic.</strong></span> <span class='ocrx_word' id='word_1_35' title='bbox 2109 1272 2322 1345; x_wconf 74' lang='lat' dir='ltr'><strong>Anglic.</strong></span> <span class='ocrx_word' id='word_1_36' title='bbox 2353 1270 2395 1342; x_wconf 89' lang='lat' dir='ltr'><strong>l,</strong></span> <span class='ocrx_word' id='word_1_37' title='bbox 2426 1272 2543 1345; x_wconf 83' lang='lat'><strong>57.)</strong></span> 
     </span>
    </p>
   </div>
   <div class='ocr_carea' id='block_1_11' title="bbox 595 1625 3727 1707">
    <p class='ocr_par' dir='ltr' id='par_1_11' title="bbox 595 1625 3727 1707">
     <span class='ocr_line' id='line_1_11' title="bbox 595 1625 3727 1707; baseline -0.002 -8"><span class='ocrx_word' id='word_1_38' title='bbox 595 1638 835 1701; x_wconf 75' lang='lat' dir='ltr'><strong>Illustrat</strong></span> <span class='ocrx_word' id='word_1_39' title='bbox 855 1640 1047 1697; x_wconf 80' lang='lat' dir='ltr'><strong>urbem</strong></span> <span class='ocrx_word' id='word_1_40' title='bbox 1084 1636 1385 1694; x_wconf 81' lang='lat' dir='ltr'><strong>Lundoniae</strong></span> <span class='ocrx_word' id='word_1_41' title='bbox 1414 1635 1595 1692; x_wconf 90' lang='lat' dir='ltr'><strong>omnis</strong></span> <span class='ocrx_word' id='word_1_42' title='bbox 1624 1632 1867 1707; x_wconf 81' lang='lat' dir='ltr'><strong>aequoria</strong></span> <span class='ocrx_word' id='word_1_43' title='bbox 1892 1634 2109 1690; x_wconf 80' lang='lat' dir='ltr'><strong>subter-</strong></span> <span class='ocrx_word' id='word_1_44' title='bbox 2134 1641 2185 1703; x_wconf 75' lang='grc' dir='ltr'>Α</span> <span class='ocrx_word' id='word_1_45' title='bbox 2212 1625 2408 1687; x_wconf 84' lang='lat' dir='ltr'><strong>Evadit</strong></span> <span class='ocrx_word' id='word_1_46' title='bbox 2440 1646 2471 1689; x_wconf 90' lang='lat' dir='ltr'><strong>e</strong></span> <span class='ocrx_word' id='word_1_47' title='bbox 2518 1631 2650 1688; x_wconf 90' lang='lat' dir='ltr'><strong>navi</strong></span> <span class='ocrx_word' id='word_1_48' title='bbox 2692 1631 2761 1689; x_wconf 86' lang='lat' dir='ltr'><strong>ad</strong></span> <span class='ocrx_word' id='word_1_49' title='bbox 2811 1631 3045 1702; x_wconf 88' lang='lat' dir='ltr'><strong>siccum,</strong></span> <span class='ocrx_word' id='word_1_50' title='bbox 3078 1633 3283 1705; x_wconf 89' lang='lat' dir='ltr'><strong>illoque</strong></span> <span class='ocrx_word' id='word_1_51' title='bbox 3316 1644 3591 1705; x_wconf 87' lang='lat' dir='ltr'><strong>spectante,</strong></span> <span class='ocrx_word' id='word_1_52' title='bbox 3616 1648 3727 1696; x_wconf 68' lang='lat' dir='ltr'><strong>terra</strong></span> 
     </span>
    </p>
   </div>
   <div class='ocr_carea' id='block_1_12' title="bbox 522 1726 2110 1795">
    <p class='ocr_par' dir='ltr' id='par_1_12' title="bbox 522 1726 2110 1795">
     <span class='ocr_line' id='line_1_12' title="bbox 522 1726 2110 1795; baseline -0.008 -3"><span class='ocrx_word' id='word_1_53' title='bbox 522 1735 699 1791; x_wconf 72' lang='lat' dir='ltr'><strong>ﬂuens</strong></span> <span class='ocrx_word' id='word_1_54' title='bbox 729 1735 981 1791; x_wconf 83' lang='lat' dir='ltr'><strong>vastitate</strong></span> <span class='ocrx_word' id='word_1_55' title='bbox 1019 1728 1305 1785; x_wconf 85' lang='lat' dir='ltr'><strong>Thamesis</strong></span> <span class='ocrx_word' id='word_1_56' title='bbox 1326 1770 1341 1795; x_wconf 92' lang='lat'><strong>,</strong></span> <span class='ocrx_word' id='word_1_57' title='bbox 1389 1744 1536 1783; x_wconf 92' lang='lat' dir='ltr'><strong>nunc</strong></span> <span class='ocrx_word' id='word_1_58' title='bbox 1566 1727 1827 1784; x_wconf 88' lang='lat' dir='ltr'><strong>emittens</strong></span> <span class='ocrx_word' id='word_1_59' title='bbox 1870 1726 2110 1795; x_wconf 85' lang='lat' dir='ltr'><strong>itemque</strong></span> 
     </span>
    </p>
   </div>
   <div class='ocr_carea' id='block_1_13' title="bbox 524 1817 2106 1897">
    <p class='ocr_par' dir='ltr' id='par_1_13' title="bbox 524 1817 2106 1897">
     <span class='ocr_line' id='line_1_13' title="bbox 524 1817 2106 1897; baseline -0.007 -14"><span class='ocrx_word' id='word_1_60' title='bbox 524 1828 793 1897; x_wconf 77' lang='lat' dir='ltr'><strong>recipiens</strong></span> <span class='ocrx_word' id='word_1_61' title='bbox 820 1824 1019 1878; x_wconf 89' lang='lat' dir='ltr'><strong>fluctus</strong></span> <span class='ocrx_word' id='word_1_62' title='bbox 1044 1837 1208 1877; x_wconf 86' lang='lat' dir='ltr'><strong>cursu</strong></span> <span class='ocrx_word' id='word_1_63' title='bbox 1239 1830 1293 1875; x_wconf 89' lang='lat' dir='ltr'><strong>et</strong></span> <span class='ocrx_word' id='word_1_64' title='bbox 1317 1835 1541 1875; x_wconf 84' lang='lat' dir='ltr'><strong>recursu</strong></span> <span class='ocrx_word' id='word_1_65' title='bbox 1568 1818 1742 1889; x_wconf 79' lang='lat' dir='ltr'><strong>pelagi</strong></span> <span class='ocrx_word' id='word_1_66' title='bbox 1766 1826 1819 1873; x_wconf 83' lang='lat' dir='ltr'><strong>et</strong></span> <span class='ocrx_word' id='word_1_67' title='bbox 1844 1817 2106 1883; x_wconf 89' lang='lat' dir='ltr'><strong>fluminis,</strong></span> 
     </span>
    </p>
   </div>
   <div class='ocr_carea' id='block_1_14' title="bbox 525 1908 2109 1987">
    <p class='ocr_par' dir='ltr' id='par_1_14' title="bbox 525 1908 2109 1987">
     <span class='ocr_line' id='line_1_14' title="bbox 525 1908 2109 1987; baseline -0.006 -13"><span class='ocrx_word' id='word_1_68' title='bbox 525 1918 873 1987; x_wconf 82' lang='lat' dir='ltr'><strong>insulamque</strong></span> <span class='ocrx_word' id='word_1_69' title='bbox 905 1914 1143 1969; x_wconf 89' lang='lat' dir='ltr'><strong>Thornei</strong></span> <span class='ocrx_word' id='word_1_70' title='bbox 1178 1914 1377 1968; x_wconf 78' lang='lat' dir='ltr'><strong>dictam</strong></span> <span class='ocrx_word' id='word_1_71' title='bbox 1412 1911 1589 1981; x_wconf 88' lang='lat' dir='ltr'><strong>tingit,</strong></span> <span class='ocrx_word' id='word_1_72' title='bbox 1633 1911 1705 1965; x_wconf 89' lang='lat' dir='ltr'><strong>ab</strong></span> <span class='ocrx_word' id='word_1_73' title='bbox 1730 1910 1863 1964; x_wconf 83' lang='lat' dir='ltr'><strong>urbe</strong></span> <span class='ocrx_word' id='word_1_74' title='bbox 1894 1908 2109 1965; x_wconf 87' lang='lat' dir='ltr'><strong>duobus</strong></span> 
     </span>
    </p>
   </div>
   <div class='ocr_carea' id='block_1_15' title="bbox 527 2000 2110 2075">
    <p class='ocr_par' dir='ltr' id='par_1_15' title="bbox 527 2000 2110 2075">
     <span class='ocr_line' id='line_1_15' title="bbox 527 2000 2110 2075; baseline -0.007 -11"><span class='ocrx_word' id='word_1_75' title='bbox 527 2009 875 2064; x_wconf 89' lang='lat' dir='ltr'><strong>milliaribus.</strong></span> <span class='ocrx_word' id='word_1_76' title='bbox 906 2006 1304 2075; x_wconf 82' lang='lat' dir='ltr'><strong>Contplacitum</strong></span> <span class='ocrx_word' id='word_1_77' title='bbox 1352 2012 1435 2057; x_wconf 87' lang='lat' dir='ltr'><strong>est</strong></span> <span class='ocrx_word' id='word_1_78' title='bbox 1472 2001 1621 2068; x_wconf 92' lang='lat' dir='ltr'><strong>Deo,</strong></span> <span class='ocrx_word' id='word_1_79' title='bbox 1662 2008 1722 2055; x_wconf 89' lang='lat' dir='ltr'><strong>ut</strong></span> <span class='ocrx_word' id='word_1_80' title='bbox 1753 2000 2015 2065; x_wconf 74' lang='lat' dir='ltr'><strong>creditur,</strong></span> <span class='ocrx_word' id='word_1_81' title='bbox 2055 2005 2110 2054; x_wconf 90' lang='lat' dir='ltr'><strong>et</strong></span> 
     </span>
    </p>
   </div>
   <div class='ocr_carea' id='block_1_16' title="bbox 527 2090 2111 2171">
    <p class='ocr_par' dir='ltr' id='par_1_16' title="bbox 527 2090 2111 2171">
     <span class='ocr_line' id='line_1_16' title="bbox 527 2090 2111 2171; baseline -0.007 -14"><span class='ocrx_word' id='word_1_82' title='bbox 527 2102 687 2157; x_wconf 83' lang='lat' dir='ltr'><strong>beato</strong></span> <span class='ocrx_word' id='word_1_83' title='bbox 720 2099 1090 2171; x_wconf 71' lang='lat' dir='ltr'><strong>apostolorum</strong></span> <span class='ocrx_word' id='word_1_84' title='bbox 1134 2096 1388 2167; x_wconf 81' lang='lat' dir='ltr'><strong>principi,</strong></span> <span class='ocrx_word' id='word_1_85' title='bbox 1422 2094 1475 2149; x_wconf 90' lang='lat' dir='ltr'><strong>in</strong></span> <span class='ocrx_word' id='word_1_86' title='bbox 1516 2094 1620 2148; x_wconf 91' lang='lat' dir='ltr'><strong>hac</strong></span> <span class='ocrx_word' id='word_1_87' title='bbox 1655 2093 1834 2148; x_wconf 85' lang='lat' dir='ltr'><strong>insula</strong></span> <span class='ocrx_word' id='word_1_88' title='bbox 1866 2090 2111 2146; x_wconf 82' lang='lat' dir='ltr'><strong>mansio-</strong></span> 
     </span>
    </p>
   </div>
   <div class='ocr_carea' id='block_1_17' title="bbox 528 2184 2109 2263">
    <p class='ocr_par' dir='ltr' id='par_1_17' title="bbox 528 2184 2109 2263">
     <span class='ocr_line' id='line_1_17' title="bbox 528 2184 2109 2263; baseline -0.008 -15"><span class='ocrx_word' id='word_1_89' title='bbox 528 2204 651 2249; x_wconf 82' lang='lat' dir='ltr'><strong>nem</strong></span> <span class='ocrx_word' id='word_1_90' title='bbox 675 2191 855 2263; x_wconf 88' lang='lat' dir='ltr'><strong>parari</strong></span> <span class='ocrx_word' id='word_1_91' title='bbox 878 2190 1003 2255; x_wconf 88' lang='lat' dir='ltr'><strong>sibi,</strong></span> <span class='ocrx_word' id='word_1_92' title='bbox 1025 2190 1078 2244; x_wconf 93' lang='lat' dir='ltr'><strong>in</strong></span> <span class='ocrx_word' id='word_1_93' title='bbox 1103 2204 1212 2259; x_wconf 89' lang='lat' dir='ltr'><strong>qua</strong></span> <span class='ocrx_word' id='word_1_94' title='bbox 1237 2197 1293 2242; x_wconf 90' lang='lat' dir='ltr'><strong>et</strong></span> <span class='ocrx_word' id='word_1_95' title='bbox 1316 2186 1459 2242; x_wconf 85' lang='lat' dir='ltr'><strong>Deus</strong></span> <span class='ocrx_word' id='word_1_96' title='bbox 1482 2187 1537 2241; x_wconf 90' lang='lat' dir='ltr'><strong>in</strong></span> <span class='ocrx_word' id='word_1_97' title='bbox 1558 2199 1661 2241; x_wconf 90' lang='lat' dir='ltr'><strong>suo</strong></span> <span class='ocrx_word' id='word_1_98' title='bbox 1681 2184 1951 2240; x_wconf 90' lang='lat' dir='ltr'><strong>coleretur</strong></span> <span class='ocrx_word' id='word_1_99' title='bbox 1972 2196 2109 2253; x_wconf 87' lang='lat' dir='ltr'><strong>apo-</strong></span> 
     </span>
    </p>
   </div>
   <div class='ocr_carea' id='block_1_18' title="bbox 524 2273 2109 2353">
    <p class='ocr_par' dir='ltr' id='par_1_18' title="bbox 524 2273 2109 2353">
     <span class='ocr_line' id='line_1_18' title="bbox 524 2273 2109 2353; baseline -0.007 -13"><span class='ocrx_word' id='word_1_100' title='bbox 524 2285 667 2341; x_wconf 89' lang='lat' dir='ltr'><strong>stolo</strong></span> <span class='ocrx_word' id='word_1_101' title='bbox 699 2291 753 2338; x_wconf 90' lang='lat' dir='ltr'><strong>et</strong></span> <span class='ocrx_word' id='word_1_102' title='bbox 784 2298 879 2353; x_wconf 87' lang='lat' dir='ltr'><strong>per</strong></span> <span class='ocrx_word' id='word_1_103' title='bbox 907 2280 1027 2351; x_wconf 85' lang='lat' dir='ltr'><strong>ejus</strong></span> <span class='ocrx_word' id='word_1_104' title='bbox 1056 2279 1420 2351; x_wconf 85' lang='lat' dir='ltr'><strong>patrocinium</strong></span> <span class='ocrx_word' id='word_1_105' title='bbox 1455 2286 1509 2332; x_wconf 91' lang='lat' dir='ltr'><strong>et</strong></span> <span class='ocrx_word' id='word_1_106' title='bbox 1540 2276 1906 2331; x_wconf 83' lang='lat' dir='ltr'><strong>interventum</strong></span> <span class='ocrx_word' id='word_1_107' title='bbox 1939 2273 2109 2329; x_wconf 81' lang='lat' dir='ltr'><strong>mise-</strong></span> 
     </span>
    </p>
   </div>
   <div class='ocr_carea' id='block_1_19' title="bbox 524 2366 2110 2444">
    <p class='ocr_par' dir='ltr' id='par_1_19' title="bbox 524 2366 2110 2444">
     <span class='ocr_line' id='line_1_19' title="bbox 524 2366 2110 2444; baseline -0.006 -13"><span class='ocrx_word' id='word_1_108' title='bbox 524 2386 710 2431; x_wconf 76' lang='lat' dir='ltr'><strong>reatur</strong></span> <span class='ocrx_word' id='word_1_109' title='bbox 759 2372 992 2444; x_wconf 85' lang='lat' dir='ltr'><strong>supplici</strong></span> <span class='ocrx_word' id='word_1_110' title='bbox 1027 2370 1228 2442; x_wconf 83' lang='lat' dir='ltr'><strong>pepulo</strong></span> <span class='ocrx_word' id='word_1_111' title='bbox 1274 2386 1394 2425; x_wconf 91' lang='lat' dir='ltr'><strong>suo.</strong></span> <span class='ocrx_word' id='word_1_112' title='bbox 1450 2367 1622 2424; x_wconf 80' lang='lat' dir='ltr'><strong>Instat</strong></span> <span class='ocrx_word' id='word_1_113' title='bbox 1666 2382 1798 2438; x_wconf 89' lang='lat' dir='ltr'><strong>ergo</strong></span> <span class='ocrx_word' id='word_1_114' title='bbox 1845 2366 2110 2437; x_wconf 64' lang='lat' dir='ltr'><strong>praedives</strong></span> 
     </span>
    </p>
   </div>
   <div class='ocr_carea' id='block_1_20' title="bbox 521 2456 2111 2527">
    <p class='ocr_par' dir='ltr' id='par_1_20' title="bbox 521 2456 2111 2527">
     <span class='ocr_line' id='line_1_20' title="bbox 521 2456 2111 2527; baseline -0.005 -6"><span class='ocrx_word' id='word_1_115' title='bbox 521 2465 851 2521; x_wconf 81' lang='lat' dir='ltr'><strong>Christicola</strong></span> <span class='ocrx_word' id='word_1_116' title='bbox 884 2464 1143 2519; x_wconf 90' lang='lat' dir='ltr'><strong>Sebertus</strong></span> <span class='ocrx_word' id='word_1_117' title='bbox 1176 2462 1230 2516; x_wconf 91' lang='lat' dir='ltr'><strong>in</strong></span> <span class='ocrx_word' id='word_1_118' title='bbox 1270 2460 1544 2516; x_wconf 81' lang='lat' dir='ltr'><strong>fundanda</strong></span> <span class='ocrx_word' id='word_1_119' title='bbox 1576 2459 1829 2525; x_wconf 87' lang='lat' dir='ltr'><strong>ecclesia,</strong></span> <span class='ocrx_word' id='word_1_120' title='bbox 1849 2456 2111 2527; x_wconf 85' lang='lat' dir='ltr'><strong>brevique</strong></span> 
     </span>
    </p>
   </div>
   <div class='ocr_carea' id='block_1_21' title="bbox 522 2550 2106 2628">
    <p class='ocr_par' dir='ltr' id='par_1_21' title="bbox 522 2550 2106 2628">
     <span class='ocr_line' id='line_1_21' title="bbox 522 2550 2106 2628; baseline -0.006 -16"><span class='ocrx_word' id='word_1_121' title='bbox 522 2566 769 2628; x_wconf 73' lang='lat' dir='ltr'><strong>tempore</strong></span> <span class='ocrx_word' id='word_1_122' title='bbox 797 2555 1091 2627; x_wconf 79' lang='lat' dir='ltr'><strong>perfectam</strong></span> <span class='ocrx_word' id='word_1_123' title='bbox 1119 2552 1349 2608; x_wconf 85' lang='lat' dir='ltr'><strong>reddidit</strong></span> <span class='ocrx_word' id='word_1_124' title='bbox 1385 2551 1608 2607; x_wconf 86' lang='lat' dir='ltr'><strong>instanti</strong></span> <span class='ocrx_word' id='word_1_125' title='bbox 1640 2550 1824 2604; x_wconf 89' lang='lat' dir='ltr'><strong>labore</strong></span> <span class='ocrx_word' id='word_1_126' title='bbox 1844 2558 1898 2603; x_wconf 93' lang='lat' dir='ltr'><strong>et</strong></span> <span class='ocrx_word' id='word_1_127' title='bbox 1918 2562 2106 2618; x_wconf 84' lang='lat' dir='ltr'><strong>opera.</strong></span> 
     </span>
    </p>
   </div>
   <div class='ocr_carea' id='block_1_22' title="bbox 521 2638 2111 2715">
    <p class='ocr_par' dir='ltr' id='par_1_22' title="bbox 521 2638 2111 2715">
     <span class='ocr_line' id='line_1_22' title="bbox 521 2638 2111 2715; baseline -0.006 -13"><span class='ocrx_word' id='word_1_128' title='bbox 521 2646 878 2705; x_wconf 81' lang='lat' dir='ltr'><strong>Commonuit</strong></span> <span class='ocrx_word' id='word_1_129' title='bbox 910 2646 1114 2702; x_wconf 90' lang='lat' dir='ltr'><strong>interea</strong></span> <span class='ocrx_word' id='word_1_130' title='bbox 1152 2645 1273 2715; x_wconf 85' lang='lat' dir='ltr'><strong>ejus</strong></span> <span class='ocrx_word' id='word_1_131' title='bbox 1314 2642 1569 2699; x_wconf 78' lang='lat' dir='ltr'><strong>ditecesis</strong></span> <span class='ocrx_word' id='word_1_132' title='bbox 1612 2640 1898 2711; x_wconf 82' lang='lat' dir='ltr'><strong>praesulem</strong></span> <span class='ocrx_word' id='word_1_133' title='bbox 1936 2638 2111 2695; x_wconf 79' lang='lat' dir='ltr'><strong>Melli—</strong></span> 
     </span>
    </p>
   </div>
   <div class='ocr_carea' id='block_1_23' title="bbox 418 2728 2111 2805">
    <p class='ocr_par' dir='ltr' id='par_1_23' title="bbox 418 2728 2111 2805">
     <span class='ocr_line' id='line_1_23' title="bbox 418 2728 2111 2805; baseline -0.008 -10"><span class='ocrx_word' id='word_1_134' title='bbox 418 2762 422 2773; x_wconf 69' lang='grc' dir='ltr'><strong><em>ο</em></strong></span> <span class='ocrx_word' id='word_1_135' title='bbox 522 2750 661 2805; x_wconf 91' lang='lat' dir='ltr'><strong>tum,</strong></span> <span class='ocrx_word' id='word_1_136' title='bbox 685 2746 746 2793; x_wconf 90' lang='lat' dir='ltr'><strong>ut</strong></span> <span class='ocrx_word' id='word_1_137' title='bbox 767 2738 926 2793; x_wconf 88' lang='lat' dir='ltr'><strong>beato</strong></span> <span class='ocrx_word' id='word_1_138' title='bbox 956 2735 1159 2790; x_wconf 83' lang='lat' dir='ltr'><strong>Mellito</strong></span> <span class='ocrx_word' id='word_1_139' title='bbox 1190 2732 1371 2789; x_wconf 87' lang='lat' dir='ltr'><strong>cordis</strong></span> <span class='ocrx_word' id='word_1_140' title='bbox 1412 2728 1575 2787; x_wconf 86' lang='lat' dir='ltr'><strong>Petro</strong></span> <span class='ocrx_word' id='word_1_141' title='bbox 1595 2729 1884 2785; x_wconf 90' lang='lat' dir='ltr'><strong>fundatum</strong></span> <span class='ocrx_word' id='word_1_142' title='bbox 1915 2741 2111 2784; x_wconf 57' lang='lat' dir='ltr'><strong>conseo</strong></span> 
     </span>
    </p>
   </div>
   <div class='ocr_carea' id='block_1_24' title="bbox 523 2819 2109 2893">
    <p class='ocr_par' dir='ltr' id='par_1_24' title="bbox 523 2819 2109 2893">
     <span class='ocr_line' id='line_1_24' title="bbox 523 2819 2109 2893; baseline -0.007 -7"><span class='ocrx_word' id='word_1_143' title='bbox 523 2840 705 2887; x_wconf 85' lang='lat' dir='ltr'><strong>craret</strong></span> <span class='ocrx_word' id='word_1_144' title='bbox 742 2830 945 2885; x_wconf 91' lang='lat' dir='ltr'><strong>locum.</strong></span> <span class='ocrx_word' id='word_1_145' title='bbox 983 2826 1183 2883; x_wconf 80' lang='lat' dir='ltr'><strong>Addito</strong></span> <span class='ocrx_word' id='word_1_146' title='bbox 1224 2825 1317 2880; x_wconf 88' lang='lat' dir='ltr'><strong>Dei</strong></span> <span class='ocrx_word' id='word_1_147' title='bbox 1367 2823 1618 2878; x_wconf 88' lang='lat' dir='ltr'><strong>minister</strong></span> <span class='ocrx_word' id='word_1_148' title='bbox 1660 2836 1825 2893; x_wconf 90' lang='lat' dir='ltr'><strong>opere</strong></span> <span class='ocrx_word' id='word_1_149' title='bbox 1869 2819 2109 2890; x_wconf 85' lang='lat' dir='ltr'><strong>perfecto</strong></span> 
     </span>
    </p>
   </div>
   <div class='ocr_carea' id='block_1_25' title="bbox 522 2911 2111 2994">
    <p class='ocr_par' dir='ltr' id='par_1_25' title="bbox 522 2911 2111 2994">
     <span class='ocr_line' id='line_1_25' title="bbox 522 2911 2111 2994; baseline -0.009 -16"><span class='ocrx_word' id='word_1_150' title='bbox 522 2923 721 2994; x_wconf 80' lang='lat' dir='ltr'><strong>gaudet</strong></span> <span class='ocrx_word' id='word_1_151' title='bbox 762 2922 831 2976; x_wconf 87' lang='lat' dir='ltr'><strong>de</strong></span> <span class='ocrx_word' id='word_1_152' title='bbox 870 2919 1014 2975; x_wconf 89' lang='lat' dir='ltr'><strong>beati</strong></span> <span class='ocrx_word' id='word_1_153' title='bbox 1050 2918 1197 2973; x_wconf 86' lang='lat' dir='ltr'><strong>Petri</strong></span> <span class='ocrx_word' id='word_1_154' title='bbox 1235 2917 1463 2982; x_wconf 87' lang='lat' dir='ltr'><strong>honore,</strong></span> <span class='ocrx_word' id='word_1_155' title='bbox 1496 2914 1751 2984; x_wconf 89' lang='lat' dir='ltr'><strong>diemque</strong></span> <span class='ocrx_word' id='word_1_156' title='bbox 1792 2911 2111 2967; x_wconf 87' lang='lat' dir='ltr'><strong>denominat</strong></span> 
     </span>
    </p>
   </div>
   <div class='ocr_carea' id='block_1_26' title="bbox 521 2994 2183 3085">
    <p class='ocr_par' dir='ltr' id='par_1_26' title="bbox 521 2994 2183 3085">
     <span class='ocr_line' id='line_1_26' title="bbox 521 2994 2183 3085; baseline -0.009 -16"><span class='ocrx_word' id='word_1_157' title='bbox 521 3013 705 3085; x_wconf 77' lang='lat' dir='ltr'><strong>quoad</strong></span> <span class='ocrx_word' id='word_1_158' title='bbox 729 3011 1089 3067; x_wconf 89' lang='lat' dir='ltr'><strong>dedicandum</strong></span> <span class='ocrx_word' id='word_1_159' title='bbox 1134 3009 1264 3065; x_wconf 82' lang='lat' dir='ltr'><strong>velit</strong></span> <span class='ocrx_word' id='word_1_160' title='bbox 1295 3007 1595 3063; x_wconf 80' lang='lat' dir='ltr'><strong>exsolvere.</strong></span> <span class='ocrx_word' id='word_1_161' title='bbox 1637 3004 1909 3059; x_wconf 76' lang='lat' dir='ltr'><strong>Parantur</strong></span> <span class='ocrx_word' id='word_1_162' title='bbox 1939 3002 2108 3056; x_wconf 89' lang='lat' dir='ltr'><strong>inter-</strong></span> <span class='ocrx_word' id='word_1_163' title='bbox 2140 2994 2183 3055; x_wconf 87' lang='grc' dir='ltr'><strong><em>Β</em></strong></span> 
     </span>
    </p>
   </div>
   <div class='ocr_carea' id='block_1_27' title="bbox 520 3096 2109 3177">
    <p class='ocr_par' dir='ltr' id='par_1_27' title="bbox 520 3096 2109 3177">
     <span class='ocr_line' id='line_1_27' title="bbox 520 3096 2109 3177; baseline -0.009 -15"><span class='ocrx_word' id='word_1_164' title='bbox 520 3121 587 3162; x_wconf 85' lang='lat' dir='ltr'><strong>ea</strong></span> <span class='ocrx_word' id='word_1_165' title='bbox 648 3120 772 3177; x_wconf 75' lang='lat' dir='ltr'><strong>quae</strong></span> <span class='ocrx_word' id='word_1_166' title='bbox 806 3112 962 3160; x_wconf 91' lang='lat' dir='ltr'><strong>erant</strong></span> <span class='ocrx_word' id='word_1_167' title='bbox 994 3110 1160 3159; x_wconf 64' lang='lat' dir='ltr'><strong>tantae</strong></span> <span class='ocrx_word' id='word_1_168' title='bbox 1191 3099 1524 3158; x_wconf 90' lang='lat' dir='ltr'><strong>dedicationi</strong></span> <span class='ocrx_word' id='word_1_169' title='bbox 1564 3096 1878 3154; x_wconf 87' lang='lat' dir='ltr'><strong>necessaria</strong></span> <span class='ocrx_word' id='word_1_170' title='bbox 1921 3103 1977 3151; x_wconf 87' lang='lat' dir='ltr'><strong>et</strong></span> <span class='ocrx_word' id='word_1_171' title='bbox 2011 3110 2109 3149; x_wconf 53' lang='lat' dir='ltr'><strong>an.</strong></span> 
     </span>
    </p>
   </div>
   <div class='ocr_carea' id='block_1_28' title="bbox 522 3188 2111 3265">
    <p class='ocr_par' dir='ltr' id='par_1_28' title="bbox 522 3188 2111 3265">
     <span class='ocr_line' id='line_1_28' title="bbox 522 3188 2111 3265; baseline -0.006 -14"><span class='ocrx_word' id='word_1_172' title='bbox 522 3197 847 3252; x_wconf 86' lang='lat' dir='ltr'><strong>nuntiantur</strong></span> <span class='ocrx_word' id='word_1_173' title='bbox 892 3195 1321 3265; x_wconf 87' lang='lat' dir='ltr'><strong>circumquaque</strong></span> <span class='ocrx_word' id='word_1_174' title='bbox 1358 3190 1708 3246; x_wconf 90' lang='lat' dir='ltr'><strong>manentibus</strong></span> <span class='ocrx_word' id='word_1_175' title='bbox 1742 3188 2001 3253; x_wconf 90' lang='lat' dir='ltr'><strong>Deicolis,</strong></span> <span class='ocrx_word' id='word_1_176' title='bbox 2049 3194 2111 3241; x_wconf 89' lang='lat' dir='ltr'><strong>ut</strong></span> 
     </span>
    </p>
   </div>
   <div class='ocr_carea' id='block_1_29' title="bbox 522 3280 2109 3353">
    <p class='ocr_par' dir='ltr' id='par_1_29' title="bbox 522 3280 2109 3353">
     <span class='ocr_line' id='line_1_29' title="bbox 522 3280 2109 3353; baseline -0.007 -9"><span class='ocrx_word' id='word_1_177' title='bbox 522 3297 815 3345; x_wconf 89' lang='lat' dir='ltr'><strong>accurrant</strong></span> <span class='ocrx_word' id='word_1_178' title='bbox 844 3287 912 3344; x_wconf 89' lang='lat' dir='ltr'><strong>ad</strong></span> <span class='ocrx_word' id='word_1_179' title='bbox 939 3288 1243 3344; x_wconf 69' lang='lat' dir='ltr'><strong>cmlestium</strong></span> <span class='ocrx_word' id='word_1_180' title='bbox 1282 3283 1596 3353; x_wconf 86' lang='lat' dir='ltr'><strong>nuptiarum</strong></span> <span class='ocrx_word' id='word_1_181' title='bbox 1637 3280 1873 3337; x_wconf 86' lang='lat' dir='ltr'><strong>celebria</strong></span> <span class='ocrx_word' id='word_1_182' title='bbox 1908 3280 2109 3335; x_wconf 90' lang='lat' dir='ltr'><strong>solem-</strong></span> 
     </span>
    </p>
   </div>
   <div class='ocr_carea' id='block_1_30' title="bbox 523 3370 2107 3449">
    <p class='ocr_par' dir='ltr' id='par_1_30' title="bbox 523 3370 2107 3449">
     <span class='ocr_line' id='line_1_30' title="bbox 523 3370 2107 3449; baseline -0.006 -14"><span class='ocrx_word' id='word_1_183' title='bbox 523 3380 636 3435; x_wconf 87' lang='lat' dir='ltr'><strong>nia.</strong></span> <span class='ocrx_word' id='word_1_184' title='bbox 664 3379 940 3435; x_wconf 87' lang='lat' dir='ltr'><strong>Statutum</strong></span> <span class='ocrx_word' id='word_1_185' title='bbox 978 3380 1122 3435; x_wconf 91' lang='lat' dir='ltr'><strong>diem</strong></span> <span class='ocrx_word' id='word_1_186' title='bbox 1150 3376 1413 3449; x_wconf 69' lang='lat' dir='ltr'><strong>prmvenit</strong></span> <span class='ocrx_word' id='word_1_187' title='bbox 1449 3374 1563 3431; x_wconf 90' lang='lat' dir='ltr'><strong>Deo</strong></span> <span class='ocrx_word' id='word_1_188' title='bbox 1593 3374 1828 3431; x_wconf 90' lang='lat' dir='ltr'><strong>dilectus</strong></span> <span class='ocrx_word' id='word_1_189' title='bbox 1862 3370 2107 3443; x_wconf 80' lang='lat' dir='ltr'><strong>pontifex</strong></span> 
     </span>
    </p>
   </div>
   <div class='ocr_carea' id='block_1_31' title="bbox 523 3464 2108 3544">
    <p class='ocr_par' dir='ltr' id='par_1_31' title="bbox 523 3464 2108 3544">
     <span class='ocr_line' id='line_1_31' title="bbox 523 3464 2108 3544; baseline -0.006 -18"><span class='ocrx_word' id='word_1_190' title='bbox 523 3470 788 3540; x_wconf 81' lang='lat' dir='ltr'><strong>Mellitus,</strong></span> <span class='ocrx_word' id='word_1_191' title='bbox 835 3472 1105 3544; x_wconf 75' lang='lat' dir='ltr'><strong>longeque</strong></span> <span class='ocrx_word' id='word_1_192' title='bbox 1159 3486 1192 3525; x_wconf 89' lang='lat' dir='ltr'><strong>a</strong></span> <span class='ocrx_word' id='word_1_193' title='bbox 1245 3476 1563 3523; x_wconf 86' lang='lat' dir='ltr'><strong>constructa</strong></span> <span class='ocrx_word' id='word_1_194' title='bbox 1604 3464 1834 3521; x_wconf 85' lang='lat' dir='ltr'><strong>ecclesia</strong></span> <span class='ocrx_word' id='word_1_195' title='bbox 1880 3464 2108 3519; x_wconf 90' lang='lat' dir='ltr'><strong>dimidio</strong></span> 
     </span>
    </p>
   </div>
   <div class='ocr_carea' id='block_1_32' title="bbox 523 3557 2109 3636">
    <p class='ocr_par' dir='ltr' id='par_1_32' title="bbox 523 3557 2109 3636">
     <span class='ocr_line' id='line_1_32' title="bbox 523 3557 2109 3636; baseline -0.008 -15"><span class='ocrx_word' id='word_1_196' title='bbox 523 3566 779 3621; x_wconf 89' lang='lat' dir='ltr'><strong>milliario</strong></span> <span class='ocrx_word' id='word_1_197' title='bbox 805 3566 873 3621; x_wconf 92' lang='lat' dir='ltr'><strong>ad</strong></span> <span class='ocrx_word' id='word_1_198' title='bbox 896 3580 1121 3636; x_wconf 84' lang='lat' dir='ltr'><strong>veSpera</strong></span> <span class='ocrx_word' id='word_1_199' title='bbox 1155 3569 1358 3618; x_wconf 66' lang='lat' dir='ltr'><strong>sancta:</strong></span> <span class='ocrx_word' id='word_1_200' title='bbox 1375 3560 1482 3615; x_wconf 90' lang='lat' dir='ltr'><strong>diei</strong></span> <span class='ocrx_word' id='word_1_201' title='bbox 1506 3558 1741 3614; x_wconf 91' lang='lat' dir='ltr'><strong>tentoria</strong></span> <span class='ocrx_word' id='word_1_202' title='bbox 1772 3557 2109 3613; x_wconf 88' lang='lat' dir='ltr'><strong>candescunt</strong></span> 
     </span>
    </p>
   </div>
   <div class='ocr_carea' id='block_1_33' title="bbox 519 3652 2107 3723">
    <p class='ocr_par' dir='ltr' id='par_1_33' title="bbox 519 3652 2107 3723">
     <span class='ocr_line' id='line_1_33' title="bbox 519 3652 2107 3723; baseline -0.004 -11"><span class='ocrx_word' id='word_1_203' title='bbox 519 3659 767 3723; x_wconf 87' lang='lat' dir='ltr'><strong>eminus;</strong></span> <span class='ocrx_word' id='word_1_204' title='bbox 796 3667 979 3712; x_wconf 92' lang='lat' dir='ltr'><strong>tumor</strong></span> <span class='ocrx_word' id='word_1_205' title='bbox 997 3658 1142 3711; x_wconf 91' lang='lat' dir='ltr'><strong>enim</strong></span> <span class='ocrx_word' id='word_1_206' title='bbox 1168 3652 1536 3709; x_wconf 89' lang='lat' dir='ltr'><strong>Thamesinus</strong></span> <span class='ocrx_word' id='word_1_207' title='bbox 1555 3652 1845 3708; x_wconf 91' lang='lat' dir='ltr'><strong>obtuderat</strong></span> <span class='ocrx_word' id='word_1_208' title='bbox 1867 3652 2107 3720; x_wconf 86' lang='lat' dir='ltr'><strong>undique</strong></span> 
     </span>
    </p>
   </div>
   <div class='ocr_carea' id='block_1_34' title="bbox 520 3737 2103 3803">
    <p class='ocr_par' dir='ltr' id='par_1_34' title="bbox 520 3737 2103 3803">
     <span class='ocr_line' id='line_1_34' title="bbox 520 3737 2103 3803; baseline -0.006 -1"><span class='ocrx_word' id='word_1_209' title='bbox 520 3746 899 3803; x_wconf 83' lang='lat' dir='ltr'><strong>Thomensem</strong></span> <span class='ocrx_word' id='word_1_210' title='bbox 933 3746 1168 3801; x_wconf 91' lang='lat' dir='ltr'><strong>insulam</strong></span> <span class='ocrx_word' id='word_1_211' title='bbox 1192 3754 1246 3800; x_wconf 91' lang='lat' dir='ltr'><strong>et</strong></span> <span class='ocrx_word' id='word_1_212' title='bbox 1284 3745 1489 3798; x_wconf 87' lang='lat' dir='ltr'><strong>intrare</strong></span> <span class='ocrx_word' id='word_1_213' title='bbox 1518 3742 1827 3797; x_wconf 90' lang='lat' dir='ltr'><strong>volentibus</strong></span> <span class='ocrx_word' id='word_1_214' title='bbox 1856 3755 1966 3796; x_wconf 92' lang='lat' dir='ltr'><strong>non</strong></span> <span class='ocrx_word' id='word_1_215' title='bbox 2000 3737 2103 3795; x_wconf 82' lang='lat' dir='ltr'><strong>nisi</strong></span> 
     </span>
    </p>
   </div>
   <div class='ocr_carea' id='block_1_35' title="bbox 521 3832 2103 3910">
    <p class='ocr_par' dir='ltr' id='par_1_35' title="bbox 521 3832 2103 3910">
     <span class='ocr_line' id='line_1_35' title="bbox 521 3832 2103 3910; baseline -0.006 -15"><span class='ocrx_word' id='word_1_216' title='bbox 521 3840 740 3910; x_wconf 80' lang='lat' dir='ltr'><strong>navigio</strong></span> <span class='ocrx_word' id='word_1_217' title='bbox 774 3839 1014 3909; x_wconf 86' lang='lat' dir='ltr'><strong>aliquam</strong></span> <span class='ocrx_word' id='word_1_218' title='bbox 1044 3837 1332 3893; x_wconf 79' lang='lat' dir='ltr'><strong>affectabat</strong></span> <span class='ocrx_word' id='word_1_219' title='bbox 1377 3835 1543 3890; x_wconf 90' lang='lat' dir='ltr'><strong>viam.</strong></span> <span class='ocrx_word' id='word_1_220' title='bbox 1591 3834 1877 3889; x_wconf 87' lang='lat' dir='ltr'><strong>Clauditur</strong></span> <span class='ocrx_word' id='word_1_221' title='bbox 1903 3832 2103 3887; x_wconf 75' lang='lat' dir='ltr'><strong>cmlum</strong></span> 
     </span>
    </p>
   </div>
   <div class='ocr_carea' id='block_1_36' title="bbox 520 3925 2101 4002">
    <p class='ocr_par' dir='ltr' id='par_1_36' title="bbox 520 3925 2101 4002">
     <span class='ocr_line' id='line_1_36' title="bbox 520 3925 2101 4002; baseline -0.005 -15"><span class='ocrx_word' id='word_1_222' title='bbox 520 3941 792 3988; x_wconf 88' lang='lat' dir='ltr'><strong>nocturna</strong></span> <span class='ocrx_word' id='word_1_223' title='bbox 820 3930 1049 4002; x_wconf 79' lang='lat' dir='ltr'><strong>caligine</strong></span> <span class='ocrx_word' id='word_1_224' title='bbox 1076 3938 1131 3984; x_wconf 91' lang='lat' dir='ltr'><strong>et</strong></span> <span class='ocrx_word' id='word_1_225' title='bbox 1168 3926 1517 3999; x_wconf 86' lang='lat' dir='ltr'><strong>requiescunt</strong></span> <span class='ocrx_word' id='word_1_226' title='bbox 1540 3925 1755 3997; x_wconf 88' lang='lat' dir='ltr'><strong>singula</strong></span> <span class='ocrx_word' id='word_1_227' title='bbox 1772 3925 1989 3981; x_wconf 64' lang='lat' dir='ltr'><strong>coalitus</strong></span> <span class='ocrx_word' id='word_1_228' title='bbox 2015 3926 2067 3979; x_wconf 93' lang='lat' dir='ltr'><strong>in</strong></span> <span class='ocrx_word' id='word_1_229' title='bbox 2085 3955 2101 3965; x_wconf 89' lang='lat'><strong>-</strong></span> 
     </span>
    </p>
   </div>
   <div class='ocr_carea' id='block_1_37' title="bbox 521 4017 2106 4093">
    <p class='ocr_par' dir='ltr' id='par_1_37' title="bbox 521 4017 2106 4093">
     <span class='ocr_line' id='line_1_37' title="bbox 521 4017 2106 4093; baseline -0.005 -14"><span class='ocrx_word' id='word_1_230' title='bbox 521 4023 677 4082; x_wconf 91' lang='lat' dir='ltr'><strong>dulto</strong></span> <span class='ocrx_word' id='word_1_231' title='bbox 705 4039 922 4093; x_wconf 88' lang='lat' dir='ltr'><strong>sopore,</strong></span> <span class='ocrx_word' id='word_1_232' title='bbox 957 4022 1294 4092; x_wconf 90' lang='lat' dir='ltr'><strong>diurnosque</strong></span> <span class='ocrx_word' id='word_1_233' title='bbox 1338 4019 1553 4075; x_wconf 88' lang='lat' dir='ltr'><strong>labores</strong></span> <span class='ocrx_word' id='word_1_234' title='bbox 1594 4028 1876 4073; x_wconf 67' lang='lat' dir='ltr'><strong>nocturnae</strong></span> <span class='ocrx_word' id='word_1_235' title='bbox 1924 4017 2106 4073; x_wconf 89' lang='lat' dir='ltr'><strong>absol-</strong></span> 
     </span>
    </p>
   </div>
   <div class='ocr_carea' id='block_1_38' title="bbox 518 4108 2105 4183">
    <p class='ocr_par' dir='ltr' id='par_1_38' title="bbox 518 4108 2105 4183">
     <span class='ocr_line' id='line_1_38' title="bbox 518 4108 2105 4183; baseline -0.004 -15"><span class='ocrx_word' id='word_1_236' title='bbox 518 4122 658 4169; x_wconf 89' lang='lat' dir='ltr'><strong>vunt</strong></span> <span class='ocrx_word' id='word_1_237' title='bbox 689 4113 953 4183; x_wconf 80' lang='lat' dir='ltr'><strong>reliquiae,</strong></span> <span class='ocrx_word' id='word_1_238' title='bbox 989 4127 1111 4167; x_wconf 90' lang='lat' dir='ltr'><strong>cum</strong></span> <span class='ocrx_word' id='word_1_239' title='bbox 1149 4110 1389 4167; x_wconf 77' lang='lat' dir='ltr'><strong>ccelestis</strong></span> <span class='ocrx_word' id='word_1_240' title='bbox 1423 4108 1666 4181; x_wconf 83' lang='lat' dir='ltr'><strong>dignatio</strong></span> <span class='ocrx_word' id='word_1_241' title='bbox 1703 4120 1919 4163; x_wconf 90' lang='lat' dir='ltr'><strong>omnem</strong></span> <span class='ocrx_word' id='word_1_242' title='bbox 1949 4121 2105 4162; x_wconf 85' lang='lat' dir='ltr'><strong>acce—</strong></span> 
     </span>
    </p>
   </div>
   <div class='ocr_carea' id='block_1_39' title="bbox 523 4200 2105 4279">
    <p class='ocr_par' dir='ltr' id='par_1_39' title="bbox 523 4200 2105 4279">
     <span class='ocr_line' id='line_1_39' title="bbox 523 4200 2105 4279; baseline -0.006 -18"><span class='ocrx_word' id='word_1_243' title='bbox 523 4205 1057 4279; x_wconf 83' lang='lat' dir='ltr'><strong>ptans-devotionem</strong></span> <span class='ocrx_word' id='word_1_244' title='bbox 1088 4203 1313 4258; x_wconf 90' lang='lat' dir='ltr'><strong>humilis</strong></span> <span class='ocrx_word' id='word_1_245' title='bbox 1343 4210 1398 4258; x_wconf 91' lang='lat' dir='ltr'><strong>et</strong></span> <span class='ocrx_word' id='word_1_246' title='bbox 1423 4202 1595 4272; x_wconf 90' lang='lat' dir='ltr'><strong>quieti</strong></span> <span class='ocrx_word' id='word_1_247' title='bbox 1632 4200 1814 4257; x_wconf 91' lang='lat' dir='ltr'><strong>cordis</strong></span> <span class='ocrx_word' id='word_1_248' title='bbox 1845 4200 1990 4256; x_wconf 86' lang='lat' dir='ltr'><strong>clare</strong></span> <span class='ocrx_word' id='word_1_249' title='bbox 2020 4200 2105 4253; x_wconf 80' lang='lat' dir='ltr'><strong>in-</strong></span> 
     </span>
    </p>
   </div>
   <div class='ocr_carea' id='block_1_40' title="bbox 522 4291 2104 4367">
    <p class='ocr_par' dir='ltr' id='par_1_40' title="bbox 522 4291 2104 4367">
     <span class='ocr_line' id='line_1_40' title="bbox 522 4291 2104 4367; baseline -0.008 -13"><span class='ocrx_word' id='word_1_250' title='bbox 522 4296 695 4354; x_wconf 81' lang='lat' dir='ltr'><strong>tendit</strong></span> <span class='ocrx_word' id='word_1_251' title='bbox 716 4296 871 4351; x_wconf 87' lang='lat' dir='ltr'><strong>electi</strong></span> <span class='ocrx_word' id='word_1_252' title='bbox 894 4293 1123 4367; x_wconf 75' lang='lat' dir='ltr'><strong>gloriam</strong></span> <span class='ocrx_word' id='word_1_253' title='bbox 1151 4294 1388 4350; x_wconf 88' lang='lat' dir='ltr'><strong>clientis.</strong></span> <span class='ocrx_word' id='word_1_254' title='bbox 1420 4291 1637 4358; x_wconf 82' lang='lat' dir='ltr'><strong>Audite,</strong></span> <span class='ocrx_word' id='word_1_255' title='bbox 1666 4298 1942 4361; x_wconf 71' lang='lat' dir='ltr'><strong>quteso,et</strong></span> <span class='ocrx_word' id='word_1_256' title='bbox 1968 4304 2104 4343; x_wconf 89' lang='lat' dir='ltr'><strong>cun-</strong></span> 
     </span>
    </p>
   </div>
   <div class='ocr_carea' id='block_1_41' title="bbox 522 4378 2103 4455">
    <p class='ocr_par' dir='ltr' id='par_1_41' title="bbox 522 4378 2103 4455">
     <span class='ocr_line' id='line_1_41' title="bbox 522 4378 2103 4455; baseline -0.005 -13"><span class='ocrx_word' id='word_1_257' title='bbox 522 4385 628 4442; x_wconf 89' lang='lat' dir='ltr'><strong>ctis</strong></span> <span class='ocrx_word' id='word_1_258' title='bbox 664 4384 939 4441; x_wconf 89' lang='lat' dir='ltr'><strong>mentibus</strong></span> <span class='ocrx_word' id='word_1_259' title='bbox 976 4384 1239 4455; x_wconf 88' lang='lat' dir='ltr'><strong>percipite</strong></span> <span class='ocrx_word' id='word_1_260' title='bbox 1278 4397 1443 4454; x_wconf 90' lang='lat' dir='ltr'><strong>quam</strong></span> <span class='ocrx_word' id='word_1_261' title='bbox 1488 4380 1709 4437; x_wconf 87' lang='lat' dir='ltr'><strong>sublimi</strong></span> <span class='ocrx_word' id='word_1_262' title='bbox 1746 4378 2103 4451; x_wconf 69' lang='lat' dir='ltr'><strong>praerogativa</strong></span> 
     </span>
    </p>
   </div>
   <div class='ocr_carea' id='block_1_42' title="bbox 522 4471 2104 4546">
    <p class='ocr_par' dir='ltr' id='par_1_42' title="bbox 522 4471 2104 4546">
     <span class='ocr_line' id='line_1_42' title="bbox 522 4471 2104 4546; baseline -0.003 -14"><span class='ocrx_word' id='word_1_263' title='bbox 522 4475 900 4532; x_wconf 82' lang='lat' dir='ltr'><strong>Thornensem</strong></span> <span class='ocrx_word' id='word_1_264' title='bbox 958 4475 1196 4531; x_wconf 86' lang='lat' dir='ltr'><strong>insulam</strong></span> <span class='ocrx_word' id='word_1_265' title='bbox 1258 4474 1513 4546; x_wconf 85' lang='lat' dir='ltr'><strong>princeps</strong></span> <span class='ocrx_word' id='word_1_266' title='bbox 1576 4471 1950 4543; x_wconf 88' lang='lat' dir='ltr'><strong>apostolorum</strong></span> <span class='ocrx_word' id='word_1_267' title='bbox 2000 4471 2104 4527; x_wconf 88' lang='lat' dir='ltr'><strong>sibi</strong></span> 
     </span>
    </p>
   </div>
   <div class='ocr_carea' id='block_1_43' title="bbox 522 4562 2103 4641">
    <p class='ocr_par' dir='ltr' id='par_1_43' title="bbox 522 4562 2103 4641">
     <span class='ocr_line' id='line_1_43' title="bbox 522 4562 2103 4641; baseline -0.003 -18"><span class='ocrx_word' id='word_1_268' title='bbox 522 4568 782 4641; x_wconf 87' lang='lat' dir='ltr'><strong>dignatus</strong></span> <span class='ocrx_word' id='word_1_269' title='bbox 823 4568 895 4625; x_wconf 87' lang='lat' dir='ltr'><strong>sit</strong></span> <span class='ocrx_word' id='word_1_270' title='bbox 933 4581 1255 4625; x_wconf 88' lang='lat' dir='ltr'><strong>consecrare</strong></span> <span class='ocrx_word' id='word_1_271' title='bbox 1286 4573 1341 4622; x_wconf 91' lang='lat' dir='ltr'><strong>et</strong></span> <span class='ocrx_word' id='word_1_272' title='bbox 1377 4579 1543 4637; x_wconf 89' lang='lat' dir='ltr'><strong>quam</strong></span> <span class='ocrx_word' id='word_1_273' title='bbox 1584 4562 1909 4620; x_wconf 82' lang='lat' dir='ltr'><strong>fiducialiter</strong></span> <span class='ocrx_word' id='word_1_274' title='bbox 1950 4562 2004 4616; x_wconf 92' lang='lat' dir='ltr'><strong>in</strong></span> <span class='ocrx_word' id='word_1_275' title='bbox 2040 4577 2103 4618; x_wconf 90' lang='lat' dir='ltr'><strong>ea</strong></span> 
     </span>
    </p>
   </div>
   <div class='ocr_carea' id='block_1_44' title="bbox 521 4652 2100 4731">
    <p class='ocr_par' dir='ltr' id='par_1_44' title="bbox 521 4652 2100 4731">
     <span class='ocr_line' id='line_1_44' title="bbox 521 4652 2100 4731; baseline -0.006 -16"><span class='ocrx_word' id='word_1_276' title='bbox 521 4652 637 4715; x_wconf 90' lang='lat' dir='ltr'><strong>Deo</strong></span> <span class='ocrx_word' id='word_1_277' title='bbox 687 4659 987 4715; x_wconf 85' lang='lat' dir='ltr'><strong>servientes</strong></span> <span class='ocrx_word' id='word_1_278' title='bbox 1032 4658 1154 4731; x_wconf 88' lang='lat' dir='ltr'><strong>ejus</strong></span> <span class='ocrx_word' id='word_1_279' title='bbox 1198 4656 1431 4713; x_wconf 89' lang='lat' dir='ltr'><strong>debeant</strong></span> <span class='ocrx_word' id='word_1_280' title='bbox 1477 4653 1737 4726; x_wconf 78' lang='lat' dir='ltr'><strong>suﬂ&#39;ragia</strong></span> <span class='ocrx_word' id='word_1_281' title='bbox 1784 4652 2100 4723; x_wconf 86' lang='lat' dir='ltr'><strong>implorare.</strong></span> 
     </span>
    </p>
   </div>
   <div class='ocr_carea' id='block_1_45' title="bbox 521 4746 2107 4818">
    <p class='ocr_par' dir='ltr' id='par_1_45' title="bbox 521 4746 2107 4818">
     <span class='ocr_line' id='line_1_45' title="bbox 521 4746 2107 4818; baseline -0.003 -12"><span class='ocrx_word' id='word_1_282' title='bbox 521 4749 810 4818; x_wconf 86' lang='lat' dir='ltr'><strong>Omnibus,</strong></span> <span class='ocrx_word' id='word_1_283' title='bbox 858 4760 919 4807; x_wconf 91' lang='lat' dir='ltr'><strong>ut</strong></span> <span class='ocrx_word' id='word_1_284' title='bbox 955 4750 1162 4807; x_wconf 88' lang='lat' dir='ltr'><strong>dictum</strong></span> <span class='ocrx_word' id='word_1_285' title='bbox 1212 4759 1315 4817; x_wconf 91' lang='lat' dir='ltr'><strong>est,</strong></span> <span class='ocrx_word' id='word_1_286' title='bbox 1350 4762 1547 4805; x_wconf 88' lang='lat' dir='ltr'><strong>somno</strong></span> <span class='ocrx_word' id='word_1_287' title='bbox 1596 4746 1898 4817; x_wconf 86' lang='lat' dir='ltr'><strong>oppressis,</strong></span> <span class='ocrx_word' id='word_1_288' title='bbox 1952 4747 2107 4803; x_wconf 87' lang='lat' dir='ltr'><strong>adest</strong></span> 
     </span>
    </p>
   </div>
   <div class='ocr_carea' id='block_1_46' title="bbox 521 4826 2103 4915">
    <p class='ocr_par' dir='ltr' id='par_1_46' title="bbox 521 4826 2103 4915">
     <span class='ocr_line' id='line_1_46' title="bbox 521 4826 2103 4915; baseline -0.003 -16"><span class='ocrx_word' id='word_1_289' title='bbox 521 4844 639 4914; x_wconf 90' lang='lat' dir='ltr'><strong>ipse</strong></span> <span class='ocrx_word' id='word_1_290' title='bbox 665 4852 853 4915; x_wconf 89' lang='lat' dir='ltr'><strong>pastor</strong></span> <span class='ocrx_word' id='word_1_291' title='bbox 874 4838 1061 4899; x_wconf 88' lang='lat' dir='ltr'><strong>noster</strong></span> <span class='ocrx_word' id='word_1_292' title='bbox 1096 4844 1289 4899; x_wconf 90' lang='lat' dir='ltr'><strong>beatus</strong></span> <span class='ocrx_word' id='word_1_293' title='bbox 1312 4840 1529 4907; x_wconf 89' lang='lat' dir='ltr'><strong>Petrus,</strong></span> <span class='ocrx_word' id='word_1_294' title='bbox 1554 4855 1720 4909; x_wconf 89' lang='lat' dir='ltr'><strong>super</strong></span> <span class='ocrx_word' id='word_1_295' title='bbox 1748 4826 1930 4911; x_wconf 37' lang='lat' dir='ltr'><strong>ripam.</strong></span> <span class='ocrx_word' id='word_1_296' title='bbox 1954 4839 2103 4895; x_wconf 86' lang='lat' dir='ltr'><strong>Tha-</strong></span> 
     </span>
    </p>
   </div>
   <div class='ocr_carea' id='block_1_47' title="bbox 521 4933 2106 5005">
    <p class='ocr_par' dir='ltr' id='par_1_47' title="bbox 521 4933 2106 5005">
     <span class='ocr_line' id='line_1_47' title="bbox 521 4933 2106 5005; baseline 0 -14"><span class='ocrx_word' id='word_1_297' title='bbox 521 4934 717 5004; x_wconf 72' lang='lat' dir='ltr'><strong>misiaa,</strong></span> <span class='ocrx_word' id='word_1_298' title='bbox 753 4936 930 4994; x_wconf 90' lang='lat' dir='ltr'><strong>visum</strong></span> <span class='ocrx_word' id='word_1_299' title='bbox 968 4937 1023 4991; x_wconf 92' lang='lat' dir='ltr'><strong>in</strong></span> <span class='ocrx_word' id='word_1_300' title='bbox 1063 4935 1170 4991; x_wconf 88' lang='lat' dir='ltr'><strong>alia</strong></span> <span class='ocrx_word' id='word_1_301' title='bbox 1199 4934 1349 4989; x_wconf 80' lang='lat' dir='ltr'><strong>fluvii</strong></span> <span class='ocrx_word' id='word_1_302' title='bbox 1380 4941 1535 5004; x_wconf 89' lang='lat' dir='ltr'><strong>parte</strong></span> <span class='ocrx_word' id='word_1_303' title='bbox 1568 4933 1897 5005; x_wconf 87' lang='lat' dir='ltr'><strong>piscatorem</strong></span> <span class='ocrx_word' id='word_1_304' title='bbox 1934 4935 2106 4992; x_wconf 89' lang='lat' dir='ltr'><strong>incla-</strong></span> 
     </span>
    </p>
   </div>
   <div class='ocr_carea' id='block_1_48' title="bbox 520 5026 2105 5098">
    <p class='ocr_par' dir='ltr' id='par_1_48' title="bbox 520 5026 2105 5098">
     <span class='ocr_line' id='line_1_48' title="bbox 520 5026 2105 5098; baseline -0.001 -13"><span class='ocrx_word' id='word_1_305' title='bbox 520 5038 637 5085; x_wconf 89' lang='lat' dir='ltr'><strong>mat</strong></span> <span class='ocrx_word' id='word_1_306' title='bbox 657 5029 723 5084; x_wconf 86' lang='lat' dir='ltr'><strong>ad</strong></span> <span class='ocrx_word' id='word_1_307' title='bbox 753 5043 813 5085; x_wconf 88' lang='lat' dir='ltr'><strong>se</strong></span> <span class='ocrx_word' id='word_1_308' title='bbox 842 5028 1049 5094; x_wconf 90' lang='lat' dir='ltr'><strong>venire,</strong></span> <span class='ocrx_word' id='word_1_309' title='bbox 1086 5026 1178 5097; x_wconf 89' lang='lat' dir='ltr'><strong>qui</strong></span> <span class='ocrx_word' id='word_1_310' title='bbox 1220 5026 1268 5082; x_wconf 93' lang='lat' dir='ltr'><strong>si</strong></span> <span class='ocrx_word' id='word_1_311' title='bbox 1296 5026 1457 5082; x_wconf 85' lang='lat' dir='ltr'><strong>vellet</strong></span> <span class='ocrx_word' id='word_1_312' title='bbox 1484 5034 1540 5082; x_wconf 89' lang='lat' dir='ltr'><strong>et</strong></span> <span class='ocrx_word' id='word_1_313' title='bbox 1567 5026 1622 5082; x_wconf 93' lang='lat' dir='ltr'><strong>in</strong></span> <span class='ocrx_word' id='word_1_314' title='bbox 1653 5026 1769 5098; x_wconf 91' lang='lat' dir='ltr'><strong>ipsa</strong></span> <span class='ocrx_word' id='word_1_315' title='bbox 1804 5027 1981 5091; x_wconf 78' lang='lat' dir='ltr'><strong>insula</strong></span> <span class='ocrx_word' id='word_1_316' title='bbox 2006 5043 2105 5098; x_wconf 88' lang='lat' dir='ltr'><strong>po-</strong></span> 
     </span>
    </p>
   </div>
   <div class='ocr_carea' id='block_1_49' title="bbox 520 5116 2103 5190">
    <p class='ocr_par' dir='ltr' id='par_1_49' title="bbox 520 5116 2103 5190">
     <span class='ocr_line' id='line_1_49' title="bbox 520 5116 2103 5190; baseline 0.001 -14"><span class='ocrx_word' id='word_1_317' title='bbox 520 5128 665 5176; x_wconf 90' lang='lat' dir='ltr'><strong>terat</strong></span> <span class='ocrx_word' id='word_1_318' title='bbox 711 5116 1015 5190; x_wconf 86' lang='lat' dir='ltr'><strong>aperuisse.</strong></span> <span class='ocrx_word' id='word_1_319' title='bbox 1073 5117 1179 5174; x_wconf 87' lang='lat' dir='ltr'><strong>Sed</strong></span> <span class='ocrx_word' id='word_1_320' title='bbox 1236 5117 1433 5187; x_wconf 88' lang='lat' dir='ltr'><strong>voluit,</strong></span> <span class='ocrx_word' id='word_1_321' title='bbox 1484 5124 1546 5176; x_wconf 92' lang='lat' dir='ltr'><strong>ut</strong></span> <span class='ocrx_word' id='word_1_322' title='bbox 1593 5117 1852 5190; x_wconf 88' lang='lat' dir='ltr'><strong>arbitror,</strong></span> <span class='ocrx_word' id='word_1_323' title='bbox 1908 5123 2103 5178; x_wconf 86' lang='lat' dir='ltr'><strong>testem</strong></span> 
     </span>
    </p>
   </div>
   <div class='ocr_carea' id='block_1_50' title="bbox 521 5210 2105 5283">
    <p class='ocr_par' dir='ltr' id='par_1_50' title="bbox 521 5210 2105 5283">
     <span class='ocr_line' id='line_1_50' title="bbox 521 5210 2105 5283; baseline 0.004 -17"><span class='ocrx_word' id='word_1_324' title='bbox 521 5211 724 5266; x_wconf 87' lang='lat' dir='ltr'><strong>habere</strong></span> <span class='ocrx_word' id='word_1_325' title='bbox 751 5210 934 5280; x_wconf 90' lang='lat' dir='ltr'><strong>operis</strong></span> <span class='ocrx_word' id='word_1_326' title='bbox 964 5210 1160 5281; x_wconf 77' lang='lat' dir='ltr'><strong>agendi</strong></span> <span class='ocrx_word' id='word_1_327' title='bbox 1198 5210 1475 5268; x_wconf 87' lang='lat' dir='ltr'><strong>hominem</strong></span> <span class='ocrx_word' id='word_1_328' title='bbox 1508 5212 1669 5269; x_wconf 83' lang='lat' dir='ltr'><strong>oﬂicii</strong></span> <span class='ocrx_word' id='word_1_329' title='bbox 1708 5214 1815 5283; x_wconf 91' lang='lat' dir='ltr'><strong>sui,</strong></span> <span class='ocrx_word' id='word_1_330' title='bbox 1843 5214 1987 5270; x_wconf 90' lang='lat' dir='ltr'><strong>unde</strong></span> <span class='ocrx_word' id='word_1_331' title='bbox 2019 5214 2105 5272; x_wconf 87' lang='lat' dir='ltr'><strong>bis</strong></span> 
     </span>
    </p>
   </div>
   <div class='ocr_carea' id='block_1_51' title="bbox 524 5300 2105 5372">
    <p class='ocr_par' dir='ltr' id='par_1_51' title="bbox 524 5300 2105 5372">
     <span class='ocr_line' id='line_1_51' title="bbox 524 5300 2105 5372; baseline 0.002 -16"><span class='ocrx_word' id='word_1_332' title='bbox 524 5310 713 5370; x_wconf 87' lang='lat' dir='ltr'><strong>terque</strong></span> <span class='ocrx_word' id='word_1_333' title='bbox 741 5300 977 5356; x_wconf 89' lang='lat' dir='ltr'><strong>accitum</strong></span> <span class='ocrx_word' id='word_1_334' title='bbox 1008 5301 1335 5372; x_wconf 87' lang='lat' dir='ltr'><strong>piscatorem</strong></span> <span class='ocrx_word' id='word_1_335' title='bbox 1366 5304 1530 5361; x_wconf 87' lang='lat' dir='ltr'><strong>habet</strong></span> <span class='ocrx_word' id='word_1_336' title='bbox 1567 5320 1695 5362; x_wconf 91' lang='lat' dir='ltr'><strong>cum</strong></span> <span class='ocrx_word' id='word_1_337' title='bbox 1717 5305 1863 5360; x_wconf 89' lang='lat' dir='ltr'><strong>navi.</strong></span> <span class='ocrx_word' id='word_1_338' title='bbox 1893 5303 2105 5360; x_wconf 84' lang='lat' dir='ltr'><strong>Tradu-</strong></span> 
     </span>
    </p>
   </div>
   <div class='ocr_carea' id='block_1_52' title="bbox 522 5391 2103 5469">
    <p class='ocr_par' dir='ltr' id='par_1_52' title="bbox 522 5391 2103 5469">
     <span class='ocr_line' id='line_1_52' title="bbox 522 5391 2103 5469; baseline 0.004 -22"><span class='ocrx_word' id='word_1_339' title='bbox 522 5393 597 5447; x_wconf 85' lang='lat' dir='ltr'><strong>eit</strong></span> <span class='ocrx_word' id='word_1_340' title='bbox 631 5394 849 5450; x_wconf 88' lang='lat' dir='ltr'><strong>tandem</strong></span> <span class='ocrx_word' id='word_1_341' title='bbox 879 5405 1148 5467; x_wconf 89' lang='lat' dir='ltr'><strong>petentem</strong></span> <span class='ocrx_word' id='word_1_342' title='bbox 1191 5400 1501 5469; x_wconf 90' lang='lat' dir='ltr'><strong>apostolum</strong></span> <span class='ocrx_word' id='word_1_343' title='bbox 1540 5416 1654 5457; x_wconf 90' lang='lat' dir='ltr'><strong>non</strong></span> <span class='ocrx_word' id='word_1_344' title='bbox 1695 5400 1815 5457; x_wconf 88' lang='lat' dir='ltr'><strong>sine</strong></span> <span class='ocrx_word' id='word_1_345' title='bbox 1860 5391 2103 5455; x_wconf 81' lang='lat' dir='ltr'><strong>admira-</strong></span> 
     </span>
    </p>
   </div>
   <div class='ocr_carea' id='block_1_53' title="bbox 522 5484 2102 5563">
    <p class='ocr_par' dir='ltr' id='par_1_53' title="bbox 522 5484 2102 5563">
     <span class='ocr_line' id='line_1_53' title="bbox 522 5484 2102 5563; baseline 0.004 -24"><span class='ocrx_word' id='word_1_346' title='bbox 522 5484 673 5541; x_wconf 88' lang='lat' dir='ltr'><strong>tione</strong></span> <span class='ocrx_word' id='word_1_347' title='bbox 709 5494 913 5557; x_wconf 89' lang='lat' dir='ltr'><strong>tamen,</strong></span> <span class='ocrx_word' id='word_1_348' title='bbox 967 5490 1099 5560; x_wconf 89' lang='lat' dir='ltr'><strong>quid</strong></span> <span class='ocrx_word' id='word_1_349' title='bbox 1136 5491 1356 5563; x_wconf 88' lang='lat' dir='ltr'><strong>ignotus</strong></span> <span class='ocrx_word' id='word_1_350' title='bbox 1401 5493 1491 5549; x_wconf 90' lang='lat' dir='ltr'><strong>ille</strong></span> <span class='ocrx_word' id='word_1_351' title='bbox 1530 5502 1585 5550; x_wconf 89' lang='lat' dir='ltr'><strong>et</strong></span> <span class='ocrx_word' id='word_1_352' title='bbox 1632 5492 1687 5548; x_wconf 93' lang='lat' dir='ltr'><strong>in</strong></span> <span class='ocrx_word' id='word_1_353' title='bbox 1724 5493 1816 5548; x_wconf 82' lang='lat' dir='ltr'><strong>illa</strong></span> <span class='ocrx_word' id='word_1_354' title='bbox 1855 5494 2102 5548; x_wconf 91' lang='lat' dir='ltr'><strong>omnium</strong></span> 
     </span>
    </p>
   </div>
   <div class='ocr_carea' id='block_1_54' title="bbox 522 5580 2102 5653">
    <p class='ocr_par' dir='ltr' id='par_1_54' title="bbox 522 5580 2102 5653">
     <span class='ocr_line' id='line_1_54' title="bbox 522 5580 2102 5653; baseline 0.007 -22"><span class='ocrx_word' id='word_1_355' title='bbox 522 5592 705 5634; x_wconf 88' lang='lat' dir='ltr'><strong>rerum</strong></span> <span class='ocrx_word' id='word_1_356' title='bbox 745 5580 928 5651; x_wconf 85' lang='lat' dir='ltr'><strong>quiete</strong></span> <span class='ocrx_word' id='word_1_357' title='bbox 954 5591 1138 5653; x_wconf 89' lang='lat' dir='ltr'><strong>petere</strong></span> <span class='ocrx_word' id='word_1_358' title='bbox 1174 5586 1337 5641; x_wconf 89' lang='lat' dir='ltr'><strong>vellet</strong></span> <span class='ocrx_word' id='word_1_359' title='bbox 1364 5595 1516 5642; x_wconf 90' lang='lat' dir='ltr'><strong>trans</strong></span> <span class='ocrx_word' id='word_1_360' title='bbox 1551 5586 1797 5643; x_wconf 85' lang='lat' dir='ltr'><strong>ﬂuvium.</strong></span> <span class='ocrx_word' id='word_1_361' title='bbox 1829 5586 2102 5642; x_wconf 72' lang='lat' dir='ltr'><strong>Transve-</strong></span> 
     </span>
    </p>
   </div>
   <div class='ocr_carea' id='block_1_55' title="bbox 2211 1724 3729 1800">
    <p class='ocr_par' dir='ltr' id='par_1_55' title="bbox 2211 1724 3729 1800">
     <span class='ocr_line' id='line_1_55' title="bbox 2211 1724 3729 1800; baseline 0.005 -23"><span class='ocrx_word' id='word_1_362' title='bbox 2211 1724 2447 1796; x_wconf 84' lang='lat' dir='ltr'><strong>infigens</strong></span> <span class='ocrx_word' id='word_1_363' title='bbox 2473 1724 2728 1780; x_wconf 89' lang='lat' dir='ltr'><strong>baculum</strong></span> <span class='ocrx_word' id='word_1_364' title='bbox 2760 1735 2911 1780; x_wconf 83' lang='lat' dir='ltr'><strong>creat</strong></span> <span class='ocrx_word' id='word_1_365' title='bbox 2936 1736 3061 1795; x_wconf 89' lang='lat' dir='ltr'><strong>post</strong></span> <span class='ocrx_word' id='word_1_366' title='bbox 3083 1742 3142 1781; x_wconf 91' lang='lat' dir='ltr'><strong>se</strong></span> <span class='ocrx_word' id='word_1_367' title='bbox 3173 1724 3379 1781; x_wconf 88' lang='lat' dir='ltr'><strong>fontem</strong></span> <span class='ocrx_word' id='word_1_368' title='bbox 3402 1727 3619 1791; x_wconf 86' lang='lat' dir='ltr'><strong>fluidum,</strong></span> <span class='ocrx_word' id='word_1_369' title='bbox 3638 1748 3729 1800; x_wconf 82' lang='lat' dir='ltr'><strong>pro-</strong></span> 
     </span>
    </p>
   </div>
   <div class='ocr_carea' id='block_1_56' title="bbox 2210 1817 3732 1890">
    <p class='ocr_par' dir='ltr' id='par_1_56' title="bbox 2210 1817 3732 1890">
     <span class='ocr_line' id='line_1_56' title="bbox 2210 1817 3732 1890; baseline 0.003 -17"><span class='ocrx_word' id='word_1_370' title='bbox 2210 1832 2514 1888; x_wconf 88' lang='lat' dir='ltr'><strong>cessusque</strong></span> <span class='ocrx_word' id='word_1_371' title='bbox 2562 1817 2845 1887; x_wconf 89' lang='lat' dir='ltr'><strong>paululum</strong></span> <span class='ocrx_word' id='word_1_372' title='bbox 2891 1818 3019 1873; x_wconf 89' lang='lat' dir='ltr'><strong>item</strong></span> <span class='ocrx_word' id='word_1_373' title='bbox 3072 1818 3348 1890; x_wconf 85' lang='lat' dir='ltr'><strong>infigenda</strong></span> <span class='ocrx_word' id='word_1_374' title='bbox 3394 1835 3543 1889; x_wconf 90' lang='lat' dir='ltr'><strong>quem</strong></span> <span class='ocrx_word' id='word_1_375' title='bbox 3577 1820 3732 1878; x_wconf 73' lang='lat' dir='ltr'><strong>ferebat</strong></span> 
     </span>
    </p>
   </div>
   <div class='ocr_carea' id='block_1_57' title="bbox 2209 1907 3732 1981">
    <p class='ocr_par' dir='ltr' id='par_1_57' title="bbox 2209 1907 3732 1981">
     <span class='ocr_line' id='line_1_57' title="bbox 2209 1907 3732 1981; baseline 0.002 -17"><span class='ocrx_word' id='word_1_376' title='bbox 2209 1907 2467 1965; x_wconf 89' lang='lat' dir='ltr'><strong>baculum</strong></span> <span class='ocrx_word' id='word_1_377' title='bbox 2496 1916 2768 1979; x_wconf 87' lang='lat' dir='ltr'><strong>potestate</strong></span> <span class='ocrx_word' id='word_1_378' title='bbox 2806 1924 2905 1964; x_wconf 89' lang='lat' dir='ltr'><strong>sua</strong></span> <span class='ocrx_word' id='word_1_379' title='bbox 2948 1908 3134 1964; x_wconf 88' lang='lat' dir='ltr'><strong>educit</strong></span> <span class='ocrx_word' id='word_1_380' title='bbox 3178 1918 3233 1964; x_wconf 89' lang='lat' dir='ltr'><strong>et</strong></span> <span class='ocrx_word' id='word_1_381' title='bbox 3270 1910 3516 1976; x_wconf 87' lang='lat' dir='ltr'><strong>alterum,</strong></span> <span class='ocrx_word' id='word_1_382' title='bbox 3545 1913 3621 1981; x_wconf 88' lang='lat' dir='ltr'><strong>qui</strong></span> <span class='ocrx_word' id='word_1_383' title='bbox 3653 1914 3732 1967; x_wconf 73' lang='lat' dir='ltr'><strong>dus</strong></span> 
     </span>
    </p>
   </div>
   <div class='ocr_carea' id='block_1_58' title="bbox 2210 1996 3732 2070">
    <p class='ocr_par' dir='ltr' id='par_1_58' title="bbox 2210 1996 3732 2070">
     <span class='ocr_line' id='line_1_58' title="bbox 2210 1996 3732 2070; baseline 0.001 -17"><span class='ocrx_word' id='word_1_384' title='bbox 2210 1996 2393 2055; x_wconf 89' lang='lat' dir='ltr'><strong>fontes</strong></span> <span class='ocrx_word' id='word_1_385' title='bbox 2426 1998 2591 2070; x_wconf 90' lang='lat' dir='ltr'><strong>longo</strong></span> <span class='ocrx_word' id='word_1_386' title='bbox 2627 1998 2973 2053; x_wconf 76' lang='lat' dir='ltr'><strong>defluxerunt</strong></span> <span class='ocrx_word' id='word_1_387' title='bbox 3008 2007 3276 2069; x_wconf 86' lang='lat' dir='ltr'><strong>tempore,</strong></span> <span class='ocrx_word' id='word_1_388' title='bbox 3318 1999 3489 2054; x_wconf 90' lang='lat' dir='ltr'><strong>donec</strong></span> <span class='ocrx_word' id='word_1_389' title='bbox 3529 2000 3732 2055; x_wconf 77' lang='lat' dir='ltr'><strong>absorbe-</strong></span> 
     </span>
    </p>
   </div>
   <div class='ocr_carea' id='block_1_59' title="bbox 2210 2088 3733 2159">
    <p class='ocr_par' dir='ltr' id='par_1_59' title="bbox 2210 2088 3733 2159">
     <span class='ocr_line' id='line_1_59' title="bbox 2210 2088 3733 2159; baseline -0.001 -14"><span class='ocrx_word' id='word_1_390' title='bbox 2210 2097 2400 2146; x_wconf 90' lang='lat' dir='ltr'><strong>rentur</strong></span> <span class='ocrx_word' id='word_1_391' title='bbox 2427 2088 2485 2144; x_wconf 90' lang='lat' dir='ltr'><strong>in</strong></span> <span class='ocrx_word' id='word_1_392' title='bbox 2528 2088 2771 2145; x_wconf 81' lang='lat' dir='ltr'><strong>ﬂuminis</strong></span> <span class='ocrx_word' id='word_1_393' title='bbox 2803 2090 2979 2157; x_wconf 84' lang='lat' dir='ltr'><strong>alveo,</strong></span> <span class='ocrx_word' id='word_1_394' title='bbox 3030 2088 3185 2145; x_wconf 89' lang='lat' dir='ltr'><strong>littus</strong></span> <span class='ocrx_word' id='word_1_395' title='bbox 3229 2089 3517 2145; x_wconf 89' lang='lat' dir='ltr'><strong>devorante</strong></span> <span class='ocrx_word' id='word_1_396' title='bbox 3540 2105 3733 2159; x_wconf 68' lang='lat' dir='ltr'><strong>aequoreo</strong></span> 
     </span>
    </p>
   </div>
   <div class='ocr_carea' id='block_1_60' title="bbox 2209 2179 3732 2252">
    <p class='ocr_par' dir='ltr' id='par_1_60' title="bbox 2209 2179 3732 2252">
     <span class='ocr_line' id='line_1_60' title="bbox 2209 2179 3732 2252; baseline -0.001 -13"><span class='ocrx_word' id='word_1_397' title='bbox 2209 2189 2479 2240; x_wconf 87' lang='lat' dir='ltr'><strong>reumate.</strong></span> <span class='ocrx_word' id='word_1_398' title='bbox 2510 2179 2626 2238; x_wconf 82' lang='lat' dir='ltr'><strong>Hoc</strong></span> <span class='ocrx_word' id='word_1_399' title='bbox 2651 2181 2709 2237; x_wconf 91' lang='lat' dir='ltr'><strong>in</strong></span> <span class='ocrx_word' id='word_1_400' title='bbox 2737 2181 2896 2238; x_wconf 89' lang='lat' dir='ltr'><strong>ducis</strong></span> <span class='ocrx_word' id='word_1_401' title='bbox 2930 2182 3019 2238; x_wconf 93' lang='lat' dir='ltr'><strong>sui</strong></span> <span class='ocrx_word' id='word_1_402' title='bbox 3049 2182 3251 2237; x_wconf 89' lang='lat' dir='ltr'><strong>intuitu</strong></span> <span class='ocrx_word' id='word_1_403' title='bbox 3284 2190 3520 2252; x_wconf 90' lang='lat' dir='ltr'><strong>peracto,</strong></span> <span class='ocrx_word' id='word_1_404' title='bbox 3546 2184 3664 2238; x_wconf 75' lang='lat' dir='ltr'><strong>radit</strong></span> <span class='ocrx_word' id='word_1_405' title='bbox 3688 2186 3732 2237; x_wconf 75' lang='lat' dir='ltr'><strong>ad</strong></span> 
     </span>
    </p>
   </div>
   <div class='ocr_carea' id='block_1_61' title="bbox 2210 2278 3735 2351">
    <p class='ocr_par' dir='ltr' id='par_1_61' title="bbox 2210 2278 3735 2351">
     <span class='ocr_line' id='line_1_61' title="bbox 2210 2278 3735 2351; baseline -0.002 -15"><span class='ocrx_word' id='word_1_406' title='bbox 2210 2280 2319 2336; x_wconf 81' lang='lat' dir='ltr'><strong>sibi</strong></span> <span class='ocrx_word' id='word_1_407' title='bbox 2340 2278 2647 2351; x_wconf 86' lang='lat' dir='ltr'><strong>delegatam</strong></span> <span class='ocrx_word' id='word_1_408' title='bbox 2684 2279 2997 2345; x_wconf 88' lang='lat' dir='ltr'><strong>ecclesiam,</strong></span> <span class='ocrx_word' id='word_1_409' title='bbox 3036 2278 3375 2332; x_wconf 85' lang='lat' dir='ltr'><strong>comitantur</strong></span> <span class='ocrx_word' id='word_1_410' title='bbox 3398 2293 3518 2333; x_wconf 89' lang='lat' dir='ltr'><strong>eum</strong></span> <span class='ocrx_word' id='word_1_411' title='bbox 3545 2280 3735 2333; x_wconf 58' lang='lat' dir='ltr'><strong>ccelcstes</strong></span> 
     </span>
    </p>
   </div>
   <div class='ocr_carea' id='block_1_62' title="bbox 2208 2369 3735 2440">
    <p class='ocr_par' dir='ltr' id='par_1_62' title="bbox 2208 2369 3735 2440">
     <span class='ocr_line' id='line_1_62' title="bbox 2208 2369 3735 2440; baseline -0.001 -12"><span class='ocrx_word' id='word_1_412' title='bbox 2208 2372 2365 2428; x_wconf 84' lang='lat' dir='ltr'><strong>chori</strong></span> <span class='ocrx_word' id='word_1_413' title='bbox 2391 2371 2668 2428; x_wconf 69' lang='lat' dir='ltr'><strong>caelestem</strong></span> <span class='ocrx_word' id='word_1_414' title='bbox 2694 2369 3125 2427; x_wconf 81' lang='lat' dir='ltr'><strong>melodificantes</strong></span> <span class='ocrx_word' id='word_1_415' title='bbox 3147 2370 3511 2432; x_wconf 83' lang='lat' dir='ltr'><strong>harmoniam,</strong></span> <span class='ocrx_word' id='word_1_416' title='bbox 3526 2386 3735 2440; x_wconf 76' lang='lat' dir='ltr'><strong>vocesque</strong></span> 
     </span>
    </p>
   </div>
   <div class='ocr_carea' id='block_1_63' title="bbox 2208 2463 3735 2537">
    <p class='ocr_par' dir='ltr' id='par_1_63' title="bbox 2208 2463 3735 2537">
     <span class='ocr_line' id='line_1_63' title="bbox 2208 2463 3735 2537; baseline -0.003 -17"><span class='ocrx_word' id='word_1_417' title='bbox 2208 2465 2469 2537; x_wconf 68' lang='lat' dir='ltr'><strong>angelica:</strong></span> <span class='ocrx_word' id='word_1_418' title='bbox 2505 2464 2575 2520; x_wconf 88' lang='lat' dir='ltr'><strong>ad</strong></span> <span class='ocrx_word' id='word_1_419' title='bbox 2622 2479 2797 2535; x_wconf 90' lang='lat' dir='ltr'><strong>usque</strong></span> <span class='ocrx_word' id='word_1_420' title='bbox 2842 2463 3223 2521; x_wconf 86' lang='lat' dir='ltr'><strong>celsitudinem</strong></span> <span class='ocrx_word' id='word_1_421' title='bbox 3267 2478 3587 2534; x_wconf 86' lang='lat' dir='ltr'><strong>personuere</strong></span> <span class='ocrx_word' id='word_1_422' title='bbox 3613 2464 3735 2517; x_wconf 61' lang='lat' dir='ltr'><strong>athe-</strong></span> 
     </span>
    </p>
   </div>
   <div class='ocr_carea' id='block_1_64' title="bbox 2209 2552 3736 2625">
    <p class='ocr_par' dir='ltr' id='par_1_64' title="bbox 2209 2552 3736 2625">
     <span class='ocr_line' id='line_1_64' title="bbox 2209 2552 3736 2625; baseline -0.003 -15"><span class='ocrx_word' id='word_1_423' title='bbox 2209 2570 2382 2611; x_wconf 91' lang='lat' dir='ltr'><strong>ream.</strong></span> <span class='ocrx_word' id='word_1_424' title='bbox 2418 2552 2570 2611; x_wconf 84' lang='lat' dir='ltr'><strong>Nova</strong></span> <span class='ocrx_word' id='word_1_425' title='bbox 2596 2552 2694 2609; x_wconf 89' lang='lat' dir='ltr'><strong>Dei</strong></span> <span class='ocrx_word' id='word_1_426' title='bbox 2737 2561 2927 2625; x_wconf 87' lang='lat' dir='ltr'><strong>nupta,</strong></span> <span class='ocrx_word' id='word_1_427' title='bbox 2977 2562 3339 2610; x_wconf 85' lang='lat' dir='ltr'><strong>consecrante</strong></span> <span class='ocrx_word' id='word_1_428' title='bbox 3366 2568 3433 2609; x_wconf 89' lang='lat' dir='ltr'><strong>eo</strong></span> <span class='ocrx_word' id='word_1_429' title='bbox 3463 2554 3555 2624; x_wconf 89' lang='lat' dir='ltr'><strong>qui</strong></span> <span class='ocrx_word' id='word_1_430' title='bbox 3589 2553 3736 2608; x_wconf 75' lang='lat' dir='ltr'><strong>ctrlum</strong></span> 
     </span>
    </p>
   </div>
   <div class='ocr_carea' id='block_1_65' title="bbox 2208 2647 3736 2720">
    <p class='ocr_par' dir='ltr' id='par_1_65' title="bbox 2208 2647 3736 2720">
     <span class='ocr_line' id='line_1_65' title="bbox 2208 2647 3736 2720; baseline -0.005 -13"><span class='ocrx_word' id='word_1_431' title='bbox 2208 2649 2414 2707; x_wconf 86' lang='lat' dir='ltr'><strong>claudit</strong></span> <span class='ocrx_word' id='word_1_432' title='bbox 2435 2658 2490 2705; x_wconf 90' lang='lat' dir='ltr'><strong>et</strong></span> <span class='ocrx_word' id='word_1_433' title='bbox 2516 2648 2711 2720; x_wconf 88' lang='lat' dir='ltr'><strong>aperit,</strong></span> <span class='ocrx_word' id='word_1_434' title='bbox 2738 2647 3057 2704; x_wconf 74' lang='lat' dir='ltr'><strong>ctelestibus</strong></span> <span class='ocrx_word' id='word_1_435' title='bbox 3078 2647 3391 2718; x_wconf 87' lang='lat' dir='ltr'><strong>resplendet</strong></span> <span class='ocrx_word' id='word_1_436' title='bbox 3415 2648 3736 2709; x_wconf 75' lang='lat' dir='ltr'><strong>luminaribus,</strong></span> 
     </span>
    </p>
   </div>
   <div class='ocr_carea' id='block_1_66' title="bbox 2210 2740 3737 2814">
    <p class='ocr_par' dir='ltr' id='par_1_66' title="bbox 2210 2740 3737 2814">
     <span class='ocr_line' id='line_1_66' title="bbox 2210 2740 3737 2814; baseline -0.004 -15"><span class='ocrx_word' id='word_1_437' title='bbox 2210 2752 2433 2814; x_wconf 89' lang='lat' dir='ltr'><strong>totoque</strong></span> <span class='ocrx_word' id='word_1_438' title='bbox 2480 2742 2615 2799; x_wconf 87' lang='lat' dir='ltr'><strong>solis</strong></span> <span class='ocrx_word' id='word_1_439' title='bbox 2664 2741 2880 2797; x_wconf 89' lang='lat' dir='ltr'><strong>lucente</strong></span> <span class='ocrx_word' id='word_1_440' title='bbox 2930 2741 3140 2797; x_wconf 88' lang='lat' dir='ltr'><strong>ambitu</strong></span> <span class='ocrx_word' id='word_1_441' title='bbox 3192 2740 3513 2795; x_wconf 89' lang='lat' dir='ltr'><strong>candidatus</strong></span> <span class='ocrx_word' id='word_1_442' title='bbox 3556 2740 3737 2794; x_wconf 76' lang='lat' dir='ltr'><strong>insulam</strong></span> 
     </span>
    </p>
   </div>
   <div class='ocr_carea' id='block_1_67' title="bbox 2211 2832 3739 2905">
    <p class='ocr_par' dir='ltr' id='par_1_67' title="bbox 2211 2832 3739 2905">
     <span class='ocr_line' id='line_1_67' title="bbox 2211 2832 3739 2905; baseline -0.003 -14"><span class='ocrx_word' id='word_1_443' title='bbox 2211 2836 2450 2892; x_wconf 88' lang='lat' dir='ltr'><strong>illustrat</strong></span> <span class='ocrx_word' id='word_1_444' title='bbox 2468 2834 2763 2901; x_wconf 87' lang='lat' dir='ltr'><strong>exercitus,</strong></span> <span class='ocrx_word' id='word_1_445' title='bbox 2801 2841 3091 2905; x_wconf 90' lang='lat' dir='ltr'><strong>patescunt</strong></span> <span class='ocrx_word' id='word_1_446' title='bbox 3117 2833 3357 2903; x_wconf 90' lang='lat' dir='ltr'><strong>desuper</strong></span> <span class='ocrx_word' id='word_1_447' title='bbox 3380 2832 3587 2895; x_wconf 63' lang='lat' dir='ltr'><strong>altera,</strong></span> <span class='ocrx_word' id='word_1_448' title='bbox 3607 2832 3739 2901; x_wconf 81' lang='lat' dir='ltr'><strong>quod-</strong></span> 
     </span>
    </p>
   </div>
   <div class='ocr_carea' id='block_1_68' title="bbox 2209 2923 3742 2997">
    <p class='ocr_par' dir='ltr' id='par_1_68' title="bbox 2209 2923 3742 2997">
     <span class='ocr_line' id='line_1_68' title="bbox 2209 2923 3742 2997; baseline -0.001 -17"><span class='ocrx_word' id='word_1_449' title='bbox 2209 2941 2317 2997; x_wconf 89' lang='lat' dir='ltr'><strong>que</strong></span> <span class='ocrx_word' id='word_1_450' title='bbox 2346 2926 2459 2996; x_wconf 85' lang='lat' dir='ltr'><strong>agit</strong></span> <span class='ocrx_word' id='word_1_451' title='bbox 2499 2925 2783 2997; x_wconf 85' lang='lat' dir='ltr'><strong>apostolus</strong></span> <span class='ocrx_word' id='word_1_452' title='bbox 2830 2924 2886 2980; x_wconf 92' lang='lat' dir='ltr'><strong>in</strong></span> <span class='ocrx_word' id='word_1_453' title='bbox 2934 2932 3099 2991; x_wconf 89' lang='lat' dir='ltr'><strong>terra,</strong></span> <span class='ocrx_word' id='word_1_454' title='bbox 3150 2932 3338 2979; x_wconf 85' lang='lat' dir='ltr'><strong>actum</strong></span> <span class='ocrx_word' id='word_1_455' title='bbox 3373 2923 3513 2979; x_wconf 85' lang='lat' dir='ltr'><strong>favet</strong></span> <span class='ocrx_word' id='word_1_456' title='bbox 3553 2923 3599 2978; x_wconf 93' lang='lat' dir='ltr'><strong>in</strong></span> <span class='ocrx_word' id='word_1_457' title='bbox 3625 2924 3742 2978; x_wconf 73' lang='lat' dir='ltr'><strong>uelis</strong></span> 
     </span>
    </p>
   </div>
   <div class='ocr_carea' id='block_1_69' title="bbox 2210 3012 3744 3087">
    <p class='ocr_par' dir='ltr' id='par_1_69' title="bbox 2210 3012 3744 3087">
     <span class='ocr_line' id='line_1_69' title="bbox 2210 3012 3744 3087; baseline -0.004 -17"><span class='ocrx_word' id='word_1_458' title='bbox 2210 3015 2411 3071; x_wconf 64' lang='lat' dir='ltr'><strong>divinae</strong></span> <span class='ocrx_word' id='word_1_459' title='bbox 2432 3016 2738 3085; x_wconf 87' lang='lat' dir='ltr'><strong>majestatis</strong></span> <span class='ocrx_word' id='word_1_460' title='bbox 2775 3014 3038 3087; x_wconf 89' lang='lat' dir='ltr'><strong>potentia.</strong></span> <span class='ocrx_word' id='word_1_461' title='bbox 3069 3012 3360 3085; x_wconf 90' lang='lat' dir='ltr'><strong>Spectator</strong></span> <span class='ocrx_word' id='word_1_462' title='bbox 3396 3023 3565 3084; x_wconf 88' lang='lat' dir='ltr'><strong>stupet</strong></span> <span class='ocrx_word' id='word_1_463' title='bbox 3589 3013 3744 3067; x_wconf 84' lang='lat' dir='ltr'><strong>altoni-</strong></span> 
     </span>
    </p>
   </div>
   <div class='ocr_carea' id='block_1_70' title="bbox 2210 3102 3744 3176">
    <p class='ocr_par' dir='ltr' id='par_1_70' title="bbox 2210 3102 3744 3176">
     <span class='ocr_line' id='line_1_70' title="bbox 2210 3102 3744 3176; baseline -0.004 -15"><span class='ocrx_word' id='word_1_464' title='bbox 2210 3114 2319 3173; x_wconf 92' lang='lat' dir='ltr'><strong>tus,</strong></span> <span class='ocrx_word' id='word_1_465' title='bbox 2347 3106 2549 3161; x_wconf 89' lang='lat' dir='ltr'><strong>nedum</strong></span> <span class='ocrx_word' id='word_1_466' title='bbox 2572 3104 2855 3163; x_wconf 87' lang='lat' dir='ltr'><strong>discedere</strong></span> <span class='ocrx_word' id='word_1_467' title='bbox 2879 3113 3082 3176; x_wconf 87' lang='lat' dir='ltr'><strong>posset,</strong></span> <span class='ocrx_word' id='word_1_468' title='bbox 3116 3104 3472 3176; x_wconf 88' lang='lat' dir='ltr'><strong>permanendi</strong></span> <span class='ocrx_word' id='word_1_469' title='bbox 3494 3114 3622 3160; x_wconf 82' lang='lat' dir='ltr'><strong>caret</strong></span> <span class='ocrx_word' id='word_1_470' title='bbox 3643 3102 3744 3156; x_wconf 49' lang='lat' dir='ltr'><strong>viri:</strong></span> 
     </span>
    </p>
   </div>
   <div class='ocr_carea' id='block_1_71' title="bbox 2208 3196 3748 3269">
    <p class='ocr_par' dir='ltr' id='par_1_71' title="bbox 2208 3196 3748 3269">
     <span class='ocr_line' id='line_1_71' title="bbox 2208 3196 3748 3269; baseline -0.004 -14"><span class='ocrx_word' id='word_1_471' title='bbox 2208 3197 2334 3263; x_wconf 83' lang='lat' dir='ltr'><strong>bus,</strong></span> <span class='ocrx_word' id='word_1_472' title='bbox 2359 3205 2573 3254; x_wconf 88' lang='lat' dir='ltr'><strong>tenetur</strong></span> <span class='ocrx_word' id='word_1_473' title='bbox 2604 3198 2724 3254; x_wconf 87' lang='lat' dir='ltr'><strong>solo</strong></span> <span class='ocrx_word' id='word_1_474' title='bbox 2759 3197 3009 3269; x_wconf 88' lang='lat' dir='ltr'><strong>corporis</strong></span> <span class='ocrx_word' id='word_1_475' title='bbox 3048 3206 3291 3253; x_wconf 88' lang='lat' dir='ltr'><strong>tremore</strong></span> <span class='ocrx_word' id='word_1_476' title='bbox 3329 3196 3417 3252; x_wconf 89' lang='lat' dir='ltr'><strong>sui</strong></span> <span class='ocrx_word' id='word_1_477' title='bbox 3458 3197 3619 3267; x_wconf 83' lang='lat' dir='ltr'><strong>inops,</strong></span> <span class='ocrx_word' id='word_1_478' title='bbox 3643 3209 3748 3265; x_wconf 80' lang='lat' dir='ltr'><strong>apo-</strong></span> 
     </span>
    </p>
   </div>
   <div class='ocr_carea' id='block_1_72' title="bbox 2208 3286 3745 3361">
    <p class='ocr_par' dir='ltr' id='par_1_72' title="bbox 2208 3286 3745 3361">
     <span class='ocr_line' id='line_1_72' title="bbox 2208 3286 3745 3361; baseline -0.005 -14"><span class='ocrx_word' id='word_1_479' title='bbox 2208 3291 2404 3347; x_wconf 90' lang='lat' dir='ltr'><strong>stolico</strong></span> <span class='ocrx_word' id='word_1_480' title='bbox 2450 3298 2585 3346; x_wconf 89' lang='lat' dir='ltr'><strong>nutu</strong></span> <span class='ocrx_word' id='word_1_481' title='bbox 2626 3290 2847 3361; x_wconf 89' lang='lat' dir='ltr'><strong>ligatus.</strong></span> <span class='ocrx_word' id='word_1_482' title='bbox 2906 3287 2963 3343; x_wconf 92' lang='lat' dir='ltr'><strong>Si</strong></span> <span class='ocrx_word' id='word_1_483' title='bbox 3020 3304 3081 3345; x_wconf 91' lang='lat' dir='ltr'><strong>se</strong></span> <span class='ocrx_word' id='word_1_484' title='bbox 3127 3288 3357 3344; x_wconf 82' lang='lat' dir='ltr'><strong>haberet</strong></span> <span class='ocrx_word' id='word_1_485' title='bbox 3408 3290 3461 3343; x_wconf 91' lang='lat' dir='ltr'><strong>in</strong></span> <span class='ocrx_word' id='word_1_486' title='bbox 3508 3303 3599 3343; x_wconf 93' lang='lat' dir='ltr'><strong>suo</strong></span> <span class='ocrx_word' id='word_1_487' title='bbox 3633 3286 3745 3356; x_wconf 78' lang='lat' dir='ltr'><strong>jure,</strong></span> 
     </span>
    </p>
   </div>
   <div class='ocr_carea' id='block_1_73' title="bbox 2207 3378 3748 3453">
    <p class='ocr_par' dir='ltr' id='par_1_73' title="bbox 2207 3378 3748 3453">
     <span class='ocr_line' id='line_1_73' title="bbox 2207 3378 3748 3453; baseline -0.005 -14"><span class='ocrx_word' id='word_1_488' title='bbox 2207 3382 2557 3439; x_wconf 89' lang='lat' dir='ltr'><strong>discessisset</strong></span> <span class='ocrx_word' id='word_1_489' title='bbox 2576 3382 2788 3453; x_wconf 87' lang='lat' dir='ltr'><strong>utique,</strong></span> <span class='ocrx_word' id='word_1_490' title='bbox 2812 3380 2909 3438; x_wconf 88' lang='lat' dir='ltr'><strong>sed</strong></span> <span class='ocrx_word' id='word_1_491' title='bbox 2929 3380 3195 3437; x_wconf 85' lang='lat' dir='ltr'><strong>retinetur</strong></span> <span class='ocrx_word' id='word_1_492' title='bbox 3209 3380 3521 3452; x_wconf 88' lang='lat' dir='ltr'><strong>apostolicis</strong></span> <span class='ocrx_word' id='word_1_493' title='bbox 3541 3378 3748 3443; x_wconf 71' lang='lat' dir='ltr'><strong>vinculis,</strong></span> 
     </span>
    </p>
   </div>
   <div class='ocr_carea' id='block_1_74' title="bbox 2208 3467 3749 3541">
    <p class='ocr_par' dir='ltr' id='par_1_74' title="bbox 2208 3467 3749 3541">
     <span class='ocr_line' id='line_1_74' title="bbox 2208 3467 3749 3541; baseline -0.005 -14"><span class='ocrx_word' id='word_1_494' title='bbox 2208 3472 2577 3528; x_wconf 87' lang='lat' dir='ltr'><strong>absolvendus</strong></span> <span class='ocrx_word' id='word_1_495' title='bbox 2622 3470 2938 3527; x_wconf 82' lang='lat' dir='ltr'><strong>testimonio</strong></span> <span class='ocrx_word' id='word_1_496' title='bbox 2986 3470 3236 3541; x_wconf 71' lang='lat' dir='ltr'><strong>gloriosa:</strong></span> <span class='ocrx_word' id='word_1_497' title='bbox 3281 3469 3527 3525; x_wconf 86' lang='lat' dir='ltr'><strong>visionis.</strong></span> <span class='ocrx_word' id='word_1_498' title='bbox 3570 3467 3749 3521; x_wconf 75' lang='lat' dir='ltr'><strong>Peracto</strong></span> 
     </span>
    </p>
   </div>
   <div class='ocr_carea' id='block_1_75' title="bbox 2207 3561 3749 3635">
    <p class='ocr_par' dir='ltr' id='par_1_75' title="bbox 2207 3561 3749 3635">
     <span class='ocr_line' id='line_1_75' title="bbox 2207 3561 3749 3635; baseline -0.003 -15"><span class='ocrx_word' id='word_1_499' title='bbox 2207 3564 2274 3620; x_wconf 90' lang='lat' dir='ltr'><strong>ad</strong></span> <span class='ocrx_word' id='word_1_500' title='bbox 2298 3564 2443 3635; x_wconf 91' lang='lat' dir='ltr'><strong>quod</strong></span> <span class='ocrx_word' id='word_1_501' title='bbox 2470 3573 2693 3618; x_wconf 81' lang='lat' dir='ltr'><strong>venerat</strong></span> <span class='ocrx_word' id='word_1_502' title='bbox 2727 3561 2927 3629; x_wconf 79' lang='lat' dir='ltr'><strong>otiicio,</strong></span> <span class='ocrx_word' id='word_1_503' title='bbox 2955 3562 3023 3617; x_wconf 88' lang='lat' dir='ltr'><strong>ad</strong></span> <span class='ocrx_word' id='word_1_504' title='bbox 3052 3571 3280 3617; x_wconf 89' lang='lat' dir='ltr'><strong>nautam</strong></span> <span class='ocrx_word' id='word_1_505' title='bbox 3313 3577 3472 3617; x_wconf 89' lang='lat' dir='ltr'><strong>suum</strong></span> <span class='ocrx_word' id='word_1_506' title='bbox 3501 3561 3626 3617; x_wconf 88' lang='lat' dir='ltr'><strong>redit</strong></span> <span class='ocrx_word' id='word_1_507' title='bbox 3646 3576 3749 3629; x_wconf 77' lang='lat' dir='ltr'><strong>apo-</strong></span> 
     </span>
    </p>
   </div>
   <div class='ocr_carea' id='block_1_76' title="bbox 2208 3650 3749 3723">
    <p class='ocr_par' dir='ltr' id='par_1_76' title="bbox 2208 3650 3749 3723">
     <span class='ocr_line' id='line_1_76' title="bbox 2208 3650 3749 3723; baseline -0.003 -13"><span class='ocrx_word' id='word_1_508' title='bbox 2208 3655 2383 3711; x_wconf 90' lang='lat' dir='ltr'><strong>stolus</strong></span> <span class='ocrx_word' id='word_1_509' title='bbox 2444 3652 2884 3720; x_wconf 90' lang='lat' dir='ltr'><strong>tremebundum,</strong></span> <span class='ocrx_word' id='word_1_510' title='bbox 2933 3667 3004 3709; x_wconf 90' lang='lat' dir='ltr'><strong>ne</strong></span> <span class='ocrx_word' id='word_1_511' title='bbox 3048 3662 3246 3723; x_wconf 87' lang='lat' dir='ltr'><strong>paveat</strong></span> <span class='ocrx_word' id='word_1_512' title='bbox 3307 3652 3539 3723; x_wconf 88' lang='lat' dir='ltr'><strong>amplius</strong></span> <span class='ocrx_word' id='word_1_513' title='bbox 3578 3650 3749 3706; x_wconf 70' lang='lat' dir='ltr'><strong>blanth&#39;s</strong></span> 
     </span>
    </p>
   </div>
   <div class='ocr_carea' id='block_1_77' title="bbox 2206 3742 3750 3816">
    <p class='ocr_par' dir='ltr' id='par_1_77' title="bbox 2206 3742 3750 3816">
     <span class='ocr_line' id='line_1_77' title="bbox 2206 3742 3750 3816; baseline -0.006 -13"><span class='ocrx_word' id='word_1_514' title='bbox 2206 3746 2401 3803; x_wconf 91' lang='lat' dir='ltr'><strong>suadet</strong></span> <span class='ocrx_word' id='word_1_515' title='bbox 2436 3746 2821 3802; x_wconf 91' lang='lat' dir='ltr'><strong>sermonibus:</strong></span> <span class='ocrx_word' id='word_1_516' title='bbox 2868 3763 2887 3796; x_wconf 75' lang='grc' dir='ltr'>ι</span> <span class='ocrx_word' id='word_1_517' title='bbox 2916 3743 3015 3811; x_wconf 84' lang='lat' dir='ltr'><strong>Ne,</strong></span> <span class='ocrx_word' id='word_1_518' title='bbox 3043 3744 3242 3816; x_wconf 90' lang='lat' dir='ltr'><strong>inquit,</strong></span> <span class='ocrx_word' id='word_1_519' title='bbox 3286 3745 3480 3800; x_wconf 87' lang='lat' dir='ltr'><strong>timeas</strong></span> <span class='ocrx_word' id='word_1_520' title='bbox 3510 3757 3653 3814; x_wconf 82' lang='lat' dir='ltr'><strong>super</strong></span> <span class='ocrx_word' id='word_1_521' title='bbox 3682 3742 3750 3794; x_wconf 79' lang='lat' dir='ltr'><strong>his</strong></span> 
     </span>
    </p>
   </div>
   <div class='ocr_carea' id='block_1_78' title="bbox 2206 3832 3750 3909">
    <p class='ocr_par' dir='ltr' id='par_1_78' title="bbox 2206 3832 3750 3909">
     <span class='ocr_line' id='line_1_78' title="bbox 2206 3832 3750 3909; baseline -0.006 -15"><span class='ocrx_word' id='word_1_522' title='bbox 2206 3855 2329 3909; x_wconf 74' lang='lat' dir='ltr'><strong>qua:</strong></span> <span class='ocrx_word' id='word_1_523' title='bbox 2354 3838 2557 3893; x_wconf 90' lang='lat' dir='ltr'><strong>audisti</strong></span> <span class='ocrx_word' id='word_1_524' title='bbox 2587 3846 2641 3893; x_wconf 91' lang='lat' dir='ltr'><strong>et</strong></span> <span class='ocrx_word' id='word_1_525' title='bbox 2688 3832 2896 3905; x_wconf 84' lang='lat' dir='ltr'><strong>vidisti,</strong></span> <span class='ocrx_word' id='word_1_526' title='bbox 2948 3846 3077 3893; x_wconf 91' lang='lat' dir='ltr'><strong>sunt</strong></span> <span class='ocrx_word' id='word_1_527' title='bbox 3110 3838 3261 3892; x_wconf 90' lang='lat' dir='ltr'><strong>enim</strong></span> <span class='ocrx_word' id='word_1_528' title='bbox 3312 3837 3385 3891; x_wconf 88' lang='lat' dir='ltr'><strong>ita</strong></span> <span class='ocrx_word' id='word_1_529' title='bbox 3427 3852 3489 3891; x_wconf 81' lang='lat' dir='ltr'><strong>es</strong></span> <span class='ocrx_word' id='word_1_530' title='bbox 3522 3835 3750 3890; x_wconf 72' lang='lat' dir='ltr'><strong>voluntate</strong></span> 
     </span>
    </p>
   </div>
   <div class='ocr_carea' id='block_1_79' title="bbox 2207 3928 3753 4001">
    <p class='ocr_par' dir='ltr' id='par_1_79' title="bbox 2207 3928 3753 4001">
     <span class='ocr_line' id='line_1_79' title="bbox 2207 3928 3753 4001; baseline -0.003 -17"><span class='ocrx_word' id='word_1_531' title='bbox 2207 3928 2447 3997; x_wconf 90' lang='lat' dir='ltr'><strong>Domini,</strong></span> <span class='ocrx_word' id='word_1_532' title='bbox 2480 3930 2725 4001; x_wconf 91' lang='lat' dir='ltr'><strong>mihique</strong></span> <span class='ocrx_word' id='word_1_533' title='bbox 2753 3946 2821 3985; x_wconf 91' lang='lat' dir='ltr'><strong>ne</strong></span> <span class='ocrx_word' id='word_1_534' title='bbox 2855 3930 3075 3985; x_wconf 89' lang='lat' dir='ltr'><strong>dubites</strong></span> <span class='ocrx_word' id='word_1_535' title='bbox 3109 3929 3297 3985; x_wconf 88' lang='lat' dir='ltr'><strong>audita</strong></span> <span class='ocrx_word' id='word_1_536' title='bbox 3323 3939 3375 3984; x_wconf 89' lang='lat' dir='ltr'><strong>et</strong></span> <span class='ocrx_word' id='word_1_537' title='bbox 3412 3929 3526 3983; x_wconf 80' lang='lat' dir='ltr'><strong>visa</strong></span> <span class='ocrx_word' id='word_1_538' title='bbox 3558 3928 3753 3987; x_wconf 72' lang='lat' dir='ltr'><strong>edicere,</strong></span> 
     </span>
    </p>
   </div>
   <div class='ocr_carea' id='block_1_80' title="bbox 2205 4020 3751 4093">
    <p class='ocr_par' dir='ltr' id='par_1_80' title="bbox 2205 4020 3751 4093">
     <span class='ocr_line' id='line_1_80' title="bbox 2205 4020 3751 4093; baseline -0.006 -14"><span class='ocrx_word' id='word_1_539' title='bbox 2205 4026 2459 4080; x_wconf 87' lang='lat' dir='ltr'><strong>utsciam</strong></span> <span class='ocrx_word' id='word_1_540' title='bbox 2504 4032 2689 4079; x_wconf 88' lang='lat' dir='ltr'><strong>utrum</strong></span> <span class='ocrx_word' id='word_1_541' title='bbox 2728 4024 2983 4079; x_wconf 90' lang='lat' dir='ltr'><strong>obstante</strong></span> <span class='ocrx_word' id='word_1_542' title='bbox 3021 4037 3245 4093; x_wconf 87' lang='lat' dir='ltr'><strong>pavore,</strong></span> <span class='ocrx_word' id='word_1_543' title='bbox 3287 4021 3532 4093; x_wconf 87' lang='lat' dir='ltr'><strong>potueris</strong></span> <span class='ocrx_word' id='word_1_544' title='bbox 3552 4020 3751 4075; x_wconf 75' lang='lat' dir='ltr'><strong>visorum</strong></span> 
     </span>
    </p>
   </div>
   <div class='ocr_carea' id='block_1_81' title="bbox 2206 4115 3755 4187">
    <p class='ocr_par' dir='ltr' id='par_1_81' title="bbox 2206 4115 3755 4187">
     <span class='ocr_line' id='line_1_81' title="bbox 2206 4115 3755 4187; baseline -0.005 -16"><span class='ocrx_word' id='word_1_545' title='bbox 2206 4131 2379 4187; x_wconf 81' lang='lat' dir='ltr'><strong>capax</strong></span> <span class='ocrx_word' id='word_1_546' title='bbox 2412 4131 2536 4172; x_wconf 87' lang='lat' dir='ltr'><strong>esse</strong></span> <span class='ocrx_word' id='word_1_547' title='bbox 2564 4124 2617 4171; x_wconf 89' lang='lat' dir='ltr'><strong>et</strong></span> <span class='ocrx_word' id='word_1_548' title='bbox 2646 4115 2777 4186; x_wconf 89' lang='lat' dir='ltr'><strong>quid</strong></span> <span class='ocrx_word' id='word_1_549' title='bbox 2808 4130 2905 4186; x_wconf 89' lang='lat' dir='ltr'><strong>per</strong></span> <span class='ocrx_word' id='word_1_550' title='bbox 2947 4126 2999 4171; x_wconf 87' lang='lat' dir='ltr'><strong>te</strong></span> <span class='ocrx_word' id='word_1_551' title='bbox 3026 4116 3306 4172; x_wconf 88' lang='lat' dir='ltr'><strong>notaveris</strong></span> <span class='ocrx_word' id='word_1_552' title='bbox 3350 4125 3553 4186; x_wconf 83' lang='lat' dir='ltr'><strong>gestam</strong></span> <span class='ocrx_word' id='word_1_553' title='bbox 3596 4129 3692 4167; x_wconf 73' lang='lat' dir='ltr'><strong>rem</strong></span> <span class='ocrx_word' id='word_1_554' title='bbox 3716 4122 3755 4163; x_wconf 82' lang='lat' dir='ltr'><strong>et</strong></span> 
     </span>
    </p>
   </div>
   <div class='ocr_carea' id='block_1_82' title="bbox 2207 4206 3754 4280">
    <p class='ocr_par' dir='ltr' id='par_1_82' title="bbox 2207 4206 3754 4280">
     <span class='ocr_line' id='line_1_82' title="bbox 2207 4206 3754 4280; baseline -0.005 -16"><span class='ocrx_word' id='word_1_555' title='bbox 2207 4218 2446 4265; x_wconf 87' lang='lat' dir='ltr'><strong>actorem</strong></span> <span class='ocrx_word' id='word_1_556' title='bbox 2502 4208 2830 4280; x_wconf 85' lang='lat' dir='ltr'><strong>significare.</strong></span> <span class='ocrx_word' id='word_1_557' title='bbox 2892 4226 2910 4261; x_wconf 75' lang='grc' dir='ltr'><strong>ι</strong></span> <span class='ocrx_word' id='word_1_558' title='bbox 2968 4207 3209 4265; x_wconf 91' lang='lat' dir='ltr'><strong>Docente</strong></span> <span class='ocrx_word' id='word_1_559' title='bbox 3263 4208 3482 4263; x_wconf 88' lang='lat' dir='ltr'><strong>dulcius</strong></span> <span class='ocrx_word' id='word_1_560' title='bbox 3529 4206 3754 4278; x_wconf 79' lang='lat' dir='ltr'><strong>apostolo,</strong></span> 
     </span>
    </p>
   </div>
   <div class='ocr_carea' id='block_1_83' title="bbox 2205 4300 3757 4372">
    <p class='ocr_par' dir='ltr' id='par_1_83' title="bbox 2205 4300 3757 4372">
     <span class='ocr_line' id='line_1_83' title="bbox 2205 4300 3757 4372; baseline -0.003 -17"><span class='ocrx_word' id='word_1_561' title='bbox 2205 4315 2376 4370; x_wconf 87' lang='lat' dir='ltr'><strong>pavor</strong></span> <span class='ocrx_word' id='word_1_562' title='bbox 2404 4301 2679 4372; x_wconf 89' lang='lat' dir='ltr'><strong>abjicitur,</strong></span> <span class='ocrx_word' id='word_1_563' title='bbox 2714 4300 2914 4357; x_wconf 90' lang='lat' dir='ltr'><strong>fiducia</strong></span> <span class='ocrx_word' id='word_1_564' title='bbox 2940 4300 3200 4371; x_wconf 90' lang='lat' dir='ltr'><strong>loquendi</strong></span> <span class='ocrx_word' id='word_1_565' title='bbox 3223 4300 3523 4365; x_wconf 81' lang='lat' dir='ltr'><strong>inducitur,</strong></span> <span class='ocrx_word' id='word_1_566' title='bbox 3550 4300 3757 4353; x_wconf 74' lang='lat' dir='ltr'><strong>tandem—</strong></span> 
     </span>
    </p>
   </div>
   <div class='ocr_carea' id='block_1_84' title="bbox 2206 4380 3757 4465">
    <p class='ocr_par' dir='ltr' id='par_1_84' title="bbox 2206 4380 3757 4465">
     <span class='ocr_line' id='line_1_84' title="bbox 2206 4380 3757 4465; baseline -0.003 -15"><span class='ocrx_word' id='word_1_567' title='bbox 2206 4410 2313 4465; x_wconf 92' lang='lat' dir='ltr'><strong>que</strong></span> <span class='ocrx_word' id='word_1_568' title='bbox 2334 4395 2627 4465; x_wconf 90' lang='lat' dir='ltr'><strong>resumptis</strong></span> <span class='ocrx_word' id='word_1_569' title='bbox 2649 4394 2883 4461; x_wconf 90' lang='lat' dir='ltr'><strong>viribus,</strong></span> <span class='ocrx_word' id='word_1_570' title='bbox 2907 4393 2975 4449; x_wconf 91' lang='lat' dir='ltr'><strong>ad</strong></span> <span class='ocrx_word' id='word_1_571' title='bbox 3000 4408 3330 4464; x_wconf 86' lang='lat' dir='ltr'><strong>responsum</strong></span> <span class='ocrx_word' id='word_1_572' title='bbox 3359 4394 3596 4464; x_wconf 84' lang='lat' dir='ltr'><strong>piscator</strong></span> <span class='ocrx_word' id='word_1_573' title='bbox 3617 4380 3757 4445; x_wconf 54' lang='lat' dir='ltr'><strong>resei-</strong></span> 
     </span>
    </p>
   </div>
   <div class='ocr_carea' id='block_1_85' title="bbox 2206 4482 3755 4556">
    <p class='ocr_par' dir='ltr' id='par_1_85' title="bbox 2206 4482 3755 4556">
     <span class='ocr_line' id='line_1_85' title="bbox 2206 4482 3755 4556; baseline -0.008 -12"><span class='ocrx_word' id='word_1_574' title='bbox 2206 4488 2391 4544; x_wconf 81' lang='lat' dir='ltr'><strong>vitur:</strong></span> <span class='ocrx_word' id='word_1_575' title='bbox 2428 4507 2446 4541; x_wconf 71' lang='grc' dir='ltr'>ς</span> <span class='ocrx_word' id='word_1_576' title='bbox 2481 4487 2654 4555; x_wconf 90' lang='lat' dir='ltr'><strong>Licet,</strong></span> <span class='ocrx_word' id='word_1_577' title='bbox 2678 4487 2900 4544; x_wconf 88' lang='lat' dir='ltr'><strong>domine</strong></span> <span class='ocrx_word' id='word_1_578' title='bbox 2931 4486 3026 4555; x_wconf 91' lang='lat' dir='ltr'><strong>mi,</strong></span> <span class='ocrx_word' id='word_1_579' title='bbox 3057 4486 3345 4542; x_wconf 89' lang='lat' dir='ltr'><strong>scientiam</strong></span> <span class='ocrx_word' id='word_1_580' title='bbox 3371 4501 3546 4541; x_wconf 85' lang='lat' dir='ltr'><strong>meam</strong></span> <span class='ocrx_word' id='word_1_581' title='bbox 3572 4482 3755 4556; x_wconf 69' lang='lat' dir='ltr'><strong>grandis</strong></span> 
     </span>
    </p>
   </div>
   <div class='ocr_carea' id='block_1_86' title="bbox 2203 4570 3753 4649">
    <p class='ocr_par' dir='ltr' id='par_1_86' title="bbox 2203 4570 3753 4649">
     <span class='ocr_line' id='line_1_86' title="bbox 2203 4570 3753 4649; baseline -0.007 -14"><span class='ocrx_word' id='word_1_582' title='bbox 2203 4580 2504 4635; x_wconf 76' lang='lat' dir='ltr'><strong>excesserit</strong></span> <span class='ocrx_word' id='word_1_583' title='bbox 2521 4578 2682 4647; x_wconf 91' lang='lat' dir='ltr'><strong>visio,</strong></span> <span class='ocrx_word' id='word_1_584' title='bbox 2704 4587 2758 4634; x_wconf 91' lang='lat' dir='ltr'><strong>te</strong></span> <span class='ocrx_word' id='word_1_585' title='bbox 2775 4578 3004 4649; x_wconf 81' lang='lat' dir='ltr'><strong>jubente</strong></span> <span class='ocrx_word' id='word_1_586' title='bbox 3024 4576 3204 4633; x_wconf 90' lang='lat' dir='ltr'><strong>dicam</strong></span> <span class='ocrx_word' id='word_1_587' title='bbox 3226 4575 3379 4648; x_wconf 88' lang='lat' dir='ltr'><strong>quod</strong></span> <span class='ocrx_word' id='word_1_588' title='bbox 3405 4574 3595 4631; x_wconf 87' lang='lat' dir='ltr'><strong>sentio.</strong></span> <span class='ocrx_word' id='word_1_589' title='bbox 3612 4570 3753 4625; x_wconf 63' lang='lat' dir='ltr'><strong>Yon-5</strong></span> 
     </span>
    </p>
   </div>
   <div class='ocr_carea' id='block_1_87' title="bbox 2206 4666 3753 4736">
    <p class='ocr_par' dir='ltr' id='par_1_87' title="bbox 2206 4666 3753 4736">
     <span class='ocr_line' id='line_1_87' title="bbox 2206 4666 3753 4736; baseline -0.008 -10"><span class='ocrx_word' id='word_1_590' title='bbox 2206 4670 2547 4727; x_wconf 85' lang='lat' dir='ltr'><strong>cantantium</strong></span> <span class='ocrx_word' id='word_1_591' title='bbox 2627 4670 2766 4726; x_wconf 91' lang='lat' dir='ltr'><strong>mira</strong></span> <span class='ocrx_word' id='word_1_592' title='bbox 2839 4670 3110 4726; x_wconf 74' lang='lat' dir='ltr'><strong>suavitate</strong></span> <span class='ocrx_word' id='word_1_593' title='bbox 3192 4667 3425 4736; x_wconf 89' lang='lat' dir='ltr'><strong>audivi,</strong></span> <span class='ocrx_word' id='word_1_594' title='bbox 3498 4666 3753 4722; x_wconf 68' lang='lat' dir='ltr'><strong>claritatem</strong></span> 
     </span>
    </p>
   </div>
   <div class='ocr_carea' id='block_1_88' title="bbox 2204 4761 3755 4837">
    <p class='ocr_par' dir='ltr' id='par_1_88' title="bbox 2204 4761 3755 4837">
     <span class='ocr_line' id='line_1_88' title="bbox 2204 4761 3755 4837; baseline -0.004 -17"><span class='ocrx_word' id='word_1_595' title='bbox 2204 4764 2389 4837; x_wconf 87' lang='lat' dir='ltr'><strong>magni</strong></span> <span class='ocrx_word' id='word_1_596' title='bbox 2439 4763 2664 4820; x_wconf 91' lang='lat' dir='ltr'><strong>luminis</strong></span> <span class='ocrx_word' id='word_1_597' title='bbox 2724 4762 2860 4831; x_wconf 89' lang='lat' dir='ltr'><strong>vidi,</strong></span> <span class='ocrx_word' id='word_1_598' title='bbox 2928 4772 2983 4819; x_wconf 88' lang='lat' dir='ltr'><strong>et</strong></span> <span class='ocrx_word' id='word_1_599' title='bbox 3047 4762 3114 4819; x_wconf 87' lang='lat' dir='ltr'><strong>ad</strong></span> <span class='ocrx_word' id='word_1_600' title='bbox 3180 4762 3339 4831; x_wconf 62' lang='lat' dir='ltr'><strong>haec,</strong></span> <span class='ocrx_word' id='word_1_601' title='bbox 3426 4761 3565 4816; x_wconf 86' lang='lat' dir='ltr'><strong>ultra</strong></span> <span class='ocrx_word' id='word_1_602' title='bbox 3623 4768 3755 4829; x_wconf 69' lang='lat' dir='ltr'><strong>qua!</strong></span> 
     </span>
    </p>
   </div>
   <div class='ocr_carea' id='block_1_89' title="bbox 2205 4844 3803 4923">
    <p class='ocr_par' dir='ltr' id='par_1_89' title="bbox 2205 4844 3803 4923">
     <span class='ocr_line' id='line_1_89' title="bbox 2205 4844 3803 4923; baseline -0.006 -12"><span class='ocrx_word' id='word_1_603' title='bbox 2205 4855 2400 4922; x_wconf 89' lang='lat' dir='ltr'><strong>sciam,</strong></span> <span class='ocrx_word' id='word_1_604' title='bbox 2441 4854 2689 4911; x_wconf 84' lang='lat' dir='ltr'><strong>extimui.</strong></span> <span class='ocrx_word' id='word_1_605' title='bbox 2749 4848 2833 4909; x_wconf 86' lang='lat' dir='ltr'><strong>Tu</strong></span> <span class='ocrx_word' id='word_1_606' title='bbox 2868 4869 3000 4909; x_wconf 90' lang='lat' dir='ltr'><strong>vero</strong></span> <span class='ocrx_word' id='word_1_607' title='bbox 3026 4895 3043 4922; x_wconf 95' lang='lat'><strong>,</strong></span> <span class='ocrx_word' id='word_1_608' title='bbox 3096 4854 3321 4909; x_wconf 88' lang='lat' dir='ltr'><strong>domine</strong></span> <span class='ocrx_word' id='word_1_609' title='bbox 3371 4854 3484 4920; x_wconf 90' lang='lat' dir='ltr'><strong>mi,</strong></span> <span class='ocrx_word' id='word_1_610' title='bbox 3542 4848 3649 4923; x_wconf 84' lang='lat' dir='ltr'><strong>quis</strong></span> <span class='ocrx_word' id='word_1_611' title='bbox 3688 4844 3757 4901; x_wconf 78' lang='lat' dir='ltr'><strong>vel</strong></span> <span class='ocrx_word' id='word_1_612' title='bbox 3802 4864 3803 4923; x_wconf 27' lang='grc' dir='ltr'><strong>ἦ</strong></span> 
     </span>
    </p>
   </div>
   <div class='ocr_carea' id='block_1_90' title="bbox 2204 4896 3803 5019">
    <p class='ocr_par' dir='ltr' id='par_1_90' title="bbox 2204 4896 3803 5019">
     <span class='ocr_line' id='line_1_90' title="bbox 2205 4896 3757 4922; baseline -0.005 -11"><span class='ocrx_word' id='word_1_613' title='bbox 2205 4896 2400 4922; x_wconf 59' lang='grc' dir='ltr'><strong>πωπω,</strong></span> <span class='ocrx_word' id='word_1_614' title='bbox 2442 4896 2689 4911; x_wconf 75' lang='lat'><strong>-...........</strong></span> <span class='ocrx_word' id='word_1_615' title='bbox 2760 4896 2833 4909; x_wconf 87' lang='lat'><strong>-..</strong></span> <span class='ocrx_word' id='word_1_616' title='bbox 2879 4896 3043 4922; x_wconf 60' lang='lat' dir='ltr'><strong>ww,</strong></span> <span class='ocrx_word' id='word_1_617' title='bbox 3096 4896 3321 4909; x_wconf 55' lang='lat' dir='ltr'><strong>ww&quot;...</strong></span> <span class='ocrx_word' id='word_1_618' title='bbox 3371 4896 3484 4920; x_wconf 85' lang='lat'><strong>....,</strong></span> <span class='ocrx_word' id='word_1_619' title='bbox 3579 4896 3649 4905; x_wconf 85' lang='grc'><strong>-.-</strong></span> <span class='ocrx_word' id='word_1_620' title='bbox 3700 4896 3757 4901; x_wconf 66' lang='grc'><strong>--</strong></span> 
     </span>
     <span class='ocr_line' id='line_1_91' title="bbox 2204 4896 3803 5019; baseline -0.007 -15"><span class='ocrx_word' id='word_1_621' title='bbox 2204 4948 2337 5019; x_wconf 88' lang='lat' dir='ltr'><strong>quid</strong></span> <span class='ocrx_word' id='word_1_622' title='bbox 2396 4947 2474 5003; x_wconf 90' lang='lat' dir='ltr'><strong>sis</strong></span> <span class='ocrx_word' id='word_1_623' title='bbox 2537 4946 2741 5003; x_wconf 88' lang='lat' dir='ltr'><strong>certius</strong></span> <span class='ocrx_word' id='word_1_624' title='bbox 2802 4946 3010 5014; x_wconf 88' lang='lat' dir='ltr'><strong>nescio,</strong></span> <span class='ocrx_word' id='word_1_625' title='bbox 3072 4945 3169 5001; x_wconf 86' lang='lat' dir='ltr'><strong>sed</strong></span> <span class='ocrx_word' id='word_1_626' title='bbox 3227 4944 3442 5016; x_wconf 84' lang='lat' dir='ltr'><strong>aliquid</strong></span> <span class='ocrx_word' id='word_1_627' title='bbox 3656 4952 3759 4995; x_wconf 75' lang='lat' dir='ltr'><strong>esse</strong></span> <span class='ocrx_word' id='word_1_628' title='bbox 3802 4896 3803 4961; x_wconf 31' lang='grc' dir='ltr'>ι</span> 
     </span>
    </p>
   </div>
   <div class='ocr_carea' id='block_1_91' title="bbox 2203 5028 3755 5109">
    <p class='ocr_par' dir='ltr' id='par_1_91' title="bbox 2203 5028 3755 5109">
     <span class='ocr_line' id='line_1_92' title="bbox 2203 5028 3755 5109; baseline -0.003 -12"><span class='ocrx_word' id='word_1_629' title='bbox 2203 5049 2258 5097; x_wconf 89' lang='lat' dir='ltr'><strong>te</strong></span> <span class='ocrx_word' id='word_1_630' title='bbox 2277 5038 2506 5096; x_wconf 89' lang='lat' dir='ltr'><strong>credens</strong></span> <span class='ocrx_word' id='word_1_631' title='bbox 2528 5052 2639 5095; x_wconf 89' lang='lat' dir='ltr'><strong>non</strong></span> <span class='ocrx_word' id='word_1_632' title='bbox 2660 5038 2867 5095; x_wconf 89' lang='lat' dir='ltr'><strong>dubito.</strong></span> <span class='ocrx_word' id='word_1_633' title='bbox 2906 5056 2925 5091; x_wconf 77' lang='grc' dir='ltr'><strong><em>ι</em></strong></span> <span class='ocrx_word' id='word_1_634' title='bbox 2954 5036 3109 5094; x_wconf 81' lang='lat' dir='ltr'><strong>Tunc</strong></span> <span class='ocrx_word' id='word_1_635' title='bbox 3136 5036 3427 5109; x_wconf 79' lang='lat' dir='ltr'><strong>apostolus</strong></span> <span class='ocrx_word' id='word_1_636' title='bbox 3463 5037 3543 5093; x_wconf 86' lang='lat' dir='ltr'><strong>sic</strong></span> <span class='ocrx_word' id='word_1_637' title='bbox 3580 5028 3755 5102; x_wconf 56' lang='lat' dir='ltr'><strong>rem!</strong></span> 
     </span>
    </p>
   </div>
   <div class='ocr_carea' id='block_1_92' title="bbox 2204 5122 3801 5201">
    <p class='ocr_par' dir='ltr' id='par_1_92' title="bbox 2204 5122 3801 5201">
     <span class='ocr_line' id='line_1_93' title="bbox 2204 5122 3801 5201; baseline -0.003 -15"><span class='ocrx_word' id='word_1_638' title='bbox 2204 5130 2573 5188; x_wconf 87' lang='lat' dir='ltr'><strong>confitentem.</strong></span> <span class='ocrx_word' id='word_1_639' title='bbox 2626 5147 2646 5183; x_wconf 76' lang='grc' dir='ltr'>ι</span> <span class='ocrx_word' id='word_1_640' title='bbox 2679 5126 2876 5197; x_wconf 80' lang='lat' dir='ltr'><strong>Quem,</strong></span> <span class='ocrx_word' id='word_1_641' title='bbox 2906 5129 3104 5201; x_wconf 83' lang='lat' dir='ltr'><strong>inquit,</strong></span> <span class='ocrx_word' id='word_1_642' title='bbox 3137 5129 3346 5185; x_wconf 87' lang='lat' dir='ltr'><strong>bonum</strong></span> <span class='ocrx_word' id='word_1_643' title='bbox 3376 5129 3516 5185; x_wconf 70' lang='lat' dir='ltr'><strong>bane</strong></span> <span class='ocrx_word' id='word_1_644' title='bbox 3560 5122 3759 5199; x_wconf 53' lang='lat' dir='ltr'><strong>percipi:</strong></span> <span class='ocrx_word' id='word_1_645' title='bbox 3800 5148 3801 5201; x_wconf 42' lang='grc' dir='ltr'><em>ξ</em></span> 
     </span>
    </p>
   </div>
   <div class='ocr_carea' id='block_1_93' title="bbox 2205 5192 3801 5327">
    <p class='ocr_par' dir='ltr' id='par_1_93' title="bbox 2205 5192 3801 5327">
     <span class='ocr_line' id='line_1_94' title="bbox 2205 5192 3801 5327; baseline -0.001 -49"><span class='ocrx_word' id='word_1_646' title='bbox 2205 5223 2449 5327; x_wconf 60' lang='lat' dir='ltr'><strong>apertius</strong></span> <span class='ocrx_word' id='word_1_647' title='bbox 2474 5192 2889 5327; x_wconf 51' lang='lat' dir='ltr'><strong>intellige,&#39;quae</strong></span> <span class='ocrx_word' id='word_1_648' title='bbox 2906 5192 3071 5278; x_wconf 74' lang='lat' dir='ltr'><strong>etiam</strong></span> <span class='ocrx_word' id='word_1_649' title='bbox 3092 5192 3343 5295; x_wconf 82' lang='lat' dir='ltr'><strong>expones</strong></span> <span class='ocrx_word' id='word_1_650' title='bbox 3362 5222 3509 5278; x_wconf 81' lang='lat' dir='ltr'><strong>aliis.</strong></span> 
     </span>
    </p>
   </div>
   <div class='ocr_carea' id='block_1_94' title="bbox 2204 5311 3757 5387">
    <p class='ocr_par' dir='ltr' id='par_1_94' title="bbox 2204 5311 3757 5387">
     <span class='ocr_line' id='line_1_95' title="bbox 2204 5311 3757 5387; baseline -0.005 -13"><span class='ocrx_word' id='word_1_651' title='bbox 2204 5316 2411 5374; x_wconf 86' lang='lat' dir='ltr'><strong>Christi</strong></span> <span class='ocrx_word' id='word_1_652' title='bbox 2441 5316 2723 5387; x_wconf 87' lang='lat' dir='ltr'><strong>apostolus</strong></span> <span class='ocrx_word' id='word_1_653' title='bbox 2743 5314 2960 5383; x_wconf 89' lang='lat' dir='ltr'><strong>Petrus,</strong></span> <span class='ocrx_word' id='word_1_654' title='bbox 2984 5315 3069 5371; x_wconf 86' lang='lat' dir='ltr'><strong>cui</strong></span> <span class='ocrx_word' id='word_1_655' title='bbox 3088 5315 3231 5370; x_wconf 86' lang='lat' dir='ltr'><strong>hanc</strong></span> <span class='ocrx_word' id='word_1_656' title='bbox 3246 5315 3538 5371; x_wconf 81' lang='lat' dir='ltr'><strong>ecclesiam</strong></span> <span class='ocrx_word' id='word_1_657' title='bbox 3558 5311 3757 5368; x_wconf 63' lang='grc' dir='ltr'><strong>Ῑιιιι-ἱαι</strong></span> 
     </span>
    </p>
   </div>
   <div class='ocr_carea' id='block_1_95' title="bbox 2206 5398 3799 5478">
    <p class='ocr_par' dir='ltr' id='par_1_95' title="bbox 2206 5398 3799 5478">
     <span class='ocr_line' id='line_1_96' title="bbox 2206 5398 3799 5478; baseline -0.001 -16"><span class='ocrx_word' id='word_1_658' title='bbox 2206 5398 2286 5463; x_wconf 88' lang='lat' dir='ltr'><strong>vit</strong></span> <span class='ocrx_word' id='word_1_659' title='bbox 2338 5407 2474 5463; x_wconf 89' lang='lat' dir='ltr'><strong>mihi</strong></span> <span class='ocrx_word' id='word_1_660' title='bbox 2526 5407 2617 5463; x_wconf 89' lang='lat' dir='ltr'><strong>ille</strong></span> <span class='ocrx_word' id='word_1_661' title='bbox 2659 5422 2818 5464; x_wconf 89' lang='lat' dir='ltr'><strong>meus</strong></span> <span class='ocrx_word' id='word_1_662' title='bbox 2875 5407 3089 5463; x_wconf 89' lang='lat' dir='ltr'><strong>amicus</strong></span> <span class='ocrx_word' id='word_1_663' title='bbox 3146 5404 3434 5474; x_wconf 86' lang='lat' dir='ltr'><strong>Sebcrtus,</strong></span> <span class='ocrx_word' id='word_1_664' title='bbox 3492 5418 3589 5478; x_wconf 82' lang='lat' dir='ltr'><strong>pro</strong></span> <span class='ocrx_word' id='word_1_665' title='bbox 3622 5401 3755 5470; x_wconf 63' lang='lat' dir='ltr'><strong>alii!</strong></span> <span class='ocrx_word' id='word_1_666' title='bbox 3798 5430 3799 5435; x_wconf 57' lang='grc' dir='ltr'>π</span> 
     </span>
    </p>
   </div>
   <div class='ocr_carea' id='block_1_96' title="bbox 2207 5493 3799 5571">
    <p class='ocr_par' dir='ltr' id='par_1_96' title="bbox 2207 5493 3799 5571">
     <span class='ocr_line' id='line_1_97' title="bbox 2207 5493 3799 5571; baseline -0.001 -15"><span class='ocrx_word' id='word_1_667' title='bbox 2207 5516 2395 5558; x_wconf 89' lang='lat' dir='ltr'><strong>amore</strong></span> <span class='ocrx_word' id='word_1_668' title='bbox 2431 5509 2486 5557; x_wconf 90' lang='lat' dir='ltr'><strong>et</strong></span> <span class='ocrx_word' id='word_1_669' title='bbox 2522 5500 2831 5568; x_wconf 88' lang='lat' dir='ltr'><strong>devotione,</strong></span> <span class='ocrx_word' id='word_1_670' title='bbox 2872 5499 3089 5571; x_wconf 89' lang='lat' dir='ltr'><strong>locique</strong></span> <span class='ocrx_word' id='word_1_671' title='bbox 3115 5499 3236 5569; x_wconf 79' lang='lat' dir='ltr'><strong>ejus</strong></span> <span class='ocrx_word' id='word_1_672' title='bbox 3295 5508 3501 5555; x_wconf 69' lang='lat' dir='ltr'><strong>eterna</strong></span> <span class='ocrx_word' id='word_1_673' title='bbox 3546 5493 3753 5552; x_wconf 56' lang='lat' dir='ltr'><strong>sanctiﬁ-</strong></span> 
     </span>
    </p>
   </div>
   <div class='ocr_carea' id='block_1_97' title="bbox 2208 5558 3799 5695">
    <p class='ocr_par' dir='ltr' id='par_1_97' title="bbox 2208 5558 3799 5695">
     <span class='ocr_line' id='line_1_98' title="bbox 2208 5558 3799 5695; baseline -0.004 -48"><span class='ocrx_word' id='word_1_674' title='bbox 2208 5594 2442 5659; x_wconf 89' lang='lat' dir='ltr'><strong>catione,</strong></span> <span class='ocrx_word' id='word_1_675' title='bbox 2470 5607 2569 5664; x_wconf 89' lang='lat' dir='ltr'><strong>per</strong></span> <span class='ocrx_word' id='word_1_676' title='bbox 2604 5592 2876 5664; x_wconf 89' lang='lat' dir='ltr'><strong>meipsum</strong></span> <span class='ocrx_word' id='word_1_677' title='bbox 2906 5558 3195 5647; x_wconf 74' lang='lat' dir='ltr'><strong>voluieam</strong></span> <span class='ocrx_word' id='word_1_678' title='bbox 3226 5589 3340 5647; x_wconf 83' lang='lat' dir='ltr'><strong>Deo</strong></span> <span class='ocrx_word' id='word_1_679' title='bbox 3365 5598 3421 5647; x_wconf 83' lang='lat' dir='ltr'><strong>et</strong></span> <span class='ocrx_word' id='word_1_680' title='bbox 3441 5590 3571 5646; x_wconf 85' lang='lat' dir='ltr'><strong>mihi</strong></span> <span class='ocrx_word' id='word_1_681' title='bbox 3592 5598 3755 5643; x_wconf 69' lang='grc' dir='ltr'><strong>ωιξε-</strong></span> <span class='ocrx_word' id='word_1_682' title='bbox 3797 5558 3799 5695; x_wconf 57' lang='grc'><strong><em>4</em></strong></span> 
     </span>
    </p>
   </div>
   <div class='ocr_carea' id='block_1_98' title="bbox 521 5672 3753 5781">
    <p class='ocr_par' dir='ltr' id='par_1_98' title="bbox 521 5672 3753 5781">
     <span class='ocr_line' id='line_1_99' title="bbox 521 5672 3753 5781; baseline 0.004 -57"><span class='ocrx_word' id='word_1_683' title='bbox 521 5678 643 5781; x_wconf 59' lang='lat' dir='ltr'><strong>etus</strong></span> <span class='ocrx_word' id='word_1_684' title='bbox 669 5672 793 5775; x_wconf 67' lang='lat' dir='ltr'><strong>creti</strong></span> <span class='ocrx_word' id='word_1_685' title='bbox 818 5672 1053 5777; x_wconf 74' lang='lat' dir='ltr'><strong>claviger</strong></span> <span class='ocrx_word' id='word_1_686' title='bbox 1074 5686 1385 5732; x_wconf 90' lang='lat' dir='ltr'><strong>commonet</strong></span> <span class='ocrx_word' id='word_1_687' title='bbox 1401 5678 1510 5732; x_wconf 92' lang='lat' dir='ltr'><strong>illic</strong></span> <span class='ocrx_word' id='word_1_688' title='bbox 1524 5688 1841 5749; x_wconf 87' lang='lat' dir='ltr'><strong>exspectare</strong></span> <span class='ocrx_word' id='word_1_689' title='bbox 1867 5680 2100 5747; x_wconf 92' lang='lat' dir='ltr'><strong>socium,</strong></span> <span class='ocrx_word' id='word_1_690' title='bbox 2135 5722 2181 5781; x_wconf 66' lang='grc' dir='ltr'><strong>Β</strong></span> <span class='ocrx_word' id='word_1_691' title='bbox 2207 5699 2381 5739; x_wconf 88' lang='lat' dir='ltr'><strong>crare.</strong></span> <span class='ocrx_word' id='word_1_692' title='bbox 2403 5683 2545 5752; x_wconf 62' lang='lat' dir='ltr'><strong>Quae</strong></span> <span class='ocrx_word' id='word_1_693' title='bbox 2563 5683 2704 5740; x_wconf 87' lang='lat' dir='ltr'><strong>facta</strong></span> <span class='ocrx_word' id='word_1_694' title='bbox 2734 5692 2861 5740; x_wconf 91' lang='lat' dir='ltr'><strong>sunt</strong></span> <span class='ocrx_word' id='word_1_695' title='bbox 2879 5684 2992 5755; x_wconf 89' lang='lat' dir='ltr'><strong>jam</strong></span> <span class='ocrx_word' id='word_1_696' title='bbox 3029 5693 3083 5739; x_wconf 92' lang='lat' dir='ltr'><strong>tu</strong></span> <span class='ocrx_word' id='word_1_697' title='bbox 3111 5684 3228 5754; x_wconf 89' lang='lat' dir='ltr'><strong>ipse</strong></span> <span class='ocrx_word' id='word_1_698' title='bbox 3255 5683 3443 5740; x_wconf 83' lang='lat' dir='ltr'><strong>vidisti</strong></span> <span class='ocrx_word' id='word_1_699' title='bbox 3491 5690 3544 5739; x_wconf 83' lang='lat' dir='ltr'><strong>et</strong></span> <span class='ocrx_word' id='word_1_700' title='bbox 3566 5678 3753 5737; x_wconf 62' lang='lat' dir='ltr'><strong>audisti.</strong></span> 
     </span>
    </p>
   </div>
   <div class='ocr_carea' id='block_1_99' title="bbox 520 5760 2098 5859">
    <p class='ocr_par' dir='ltr' id='par_1_99' title="bbox 520 5760 2098 5859">
     <span class='ocr_line' id='line_1_100' title="bbox 520 5760 2098 5859; baseline 0.008 -43"><span class='ocrx_word' id='word_1_701' title='bbox 520 5760 967 5859; x_wconf 48' lang='lat' dir='ltr'><strong>laborisquejui</strong></span> <span class='ocrx_word' id='word_1_702' title='bbox 1024 5768 1389 5825; x_wconf 81' lang='lat' dir='ltr'><strong>certissimum</strong></span> <span class='ocrx_word' id='word_1_703' title='bbox 1450 5770 1733 5840; x_wconf 85' lang='lat' dir='ltr'><strong>pollicetur</strong></span> <span class='ocrx_word' id='word_1_704' title='bbox 1791 5772 2098 5842; x_wconf 70' lang='lat' dir='ltr'><strong>praemium.</strong></span> 
     </span>
    </p>
   </div>
   <div class='ocr_carea' id='block_1_100' title="bbox 1604 5876 1987 5916">
    <p class='ocr_par' dir='ltr' id='par_1_100' title="bbox 1604 5876 1987 5916">
     <span class='ocr_line' id='line_1_101' title="bbox 1604 5876 1987 5916; baseline -0.003 -19"><span class='ocrx_word' id='word_1_705' title='bbox 1604 5890 1703 5898; x_wconf 34' lang='lat'><strong>_..‘</strong></span> <span class='ocrx_word' id='word_1_706' title='bbox 1732 5876 1870 5916; x_wconf 40' lang='grc' dir='ltr'><strong>...ἧς</strong></span> <span class='ocrx_word' id='word_1_707' title='bbox 1913 5886 1987 5905; x_wconf 42' lang='grc' dir='ltr'><strong>γμ</strong></span> 
     </span>
    </p>
   </div>
   <div class='ocr_carea' id='block_1_101' title="bbox 1142 5874 1483 5920">
    <p class='ocr_par' dir='ltr' id='par_1_101' title="bbox 1142 5874 1483 5920">
     <span class='ocr_line' id='line_1_102' title="bbox 1142 5874 1483 5920; baseline -0.003 -3"><span class='ocrx_word' id='word_1_708' title='bbox 1142 5902 1145 5904; x_wconf 97' lang='grc'><strong>-</strong></span> <span class='ocrx_word' id='word_1_709' title='bbox 1165 5905 1169 5909; x_wconf 66' lang='grc'><strong>.</strong></span> <span class='ocrx_word' id='word_1_710' title='bbox 1190 5874 1322 5920; x_wconf 50' lang='grc' dir='ltr'><strong><em>κᾷν-,-</em></strong></span> <span class='ocrx_word' id='word_1_711' title='bbox 1454 5908 1483 5916; x_wconf 50' lang='grc' dir='ltr'><em>μ</em></span> 
     </span>
    </p>
   </div>
   <div class='ocr_carea' id='block_1_102' title="bbox 2212 5766 3753 5846">
    <p class='ocr_par' dir='ltr' id='par_1_102' title="bbox 2212 5766 3753 5846">
     <span class='ocr_line' id='line_1_103' title="bbox 2212 5766 3753 5846; baseline -0.002 -17"><span class='ocrx_word' id='word_1_712' title='bbox 2212 5776 2264 5829; x_wconf 91' lang='lat' dir='ltr'><strong>in</strong></span> <span class='ocrx_word' id='word_1_713' title='bbox 2296 5776 2382 5830; x_wconf 91' lang='lat' dir='ltr'><strong>his</strong></span> <span class='ocrx_word' id='word_1_714' title='bbox 2420 5792 2541 5846; x_wconf 69' lang='lat' dir='ltr'><strong>quae</strong></span> <span class='ocrx_word' id='word_1_715' title='bbox 2576 5785 2783 5833; x_wconf 86' lang='lat' dir='ltr'><strong>restant</strong></span> <span class='ocrx_word' id='word_1_716' title='bbox 2806 5777 3181 5833; x_wconf 87' lang='lat' dir='ltr'><strong>obsecundato</strong></span> <span class='ocrx_word' id='word_1_717' title='bbox 3204 5778 3366 5845; x_wconf 79' lang='lat' dir='ltr'><strong>mihi,</strong></span> <span class='ocrx_word' id='word_1_718' title='bbox 3416 5776 3552 5832; x_wconf 78' lang='lat' dir='ltr'><strong>facto</strong></span> <span class='ocrx_word' id='word_1_719' title='bbox 3573 5773 3649 5828; x_wconf 77' lang='lat' dir='ltr'><strong>die</strong></span> <span class='ocrx_word' id='word_1_720' title='bbox 3684 5766 3753 5822; x_wconf 44' lang='grc' dir='ltr'><strong><em>ἦ</em></strong></span> 
     </span>
    </p>
   </div>
   <div class='ocr_carea' id='block_1_103' title="bbox 3766 6020 3797 6207">
    <p class='ocr_par' dir='ltr' id='par_1_103' title="bbox 3766 6020 3797 6207">
     <span class='ocr_line' id='line_1_104' title="bbox 3766 6020 3797 6207; baseline 0 0"><span class='ocrx_word' id='word_1_721' title='bbox 3766 6029 3797 6207; x_wconf 77' lang='lat' dir='ltr'><strong>l</strong></span> 
     </span>
    </p>
   </div>
  </div>
