3834 6332
59 379 171 441 1651

641 371 930 432 ΔΜΛτυὸ
966 369 1551 432 BURDEGALENSIS
1585 368 2200 428 ARCIIIEPISCOPUS.
2237 403 2305 414 --
2327 371 2630 429 NOTITIA.

3169 376 3316 434 1638-

56 490 283 547 llellitum
315 485 652 557 episcopum,
699 500 816 541 rem
849 494 910 541 ut
933 493 1019 541 est
1039 493 1192 557 gesta
1227 483 1396 541 edoce
1428 483 1605 540 illum.
1637 490 1683 548 Α
1704 484 1860 556 jussa
1905 484 2094 542 dicens
2143 499 2349 542 munus
2405 485 2614 557 pariter
2656 486 2884 557 exponit
2907 487 3056 560 quod
3079 489 3310 548 miserat

55 583 153 655 Ipse
170 579 451 651 adveniens
475 577 631 648 signa
653 575 1086 634 consecrationis
1119 575 1418 632 chrismate
1453 575 1608 633 illitis

54 671 319 747 parietibus
347 668 546 740 poterit
567 666 776 735 videre,
808 668 866 723 in
889 667 979 724 his
1001 665 1119 738 jam
1156 683 1260 724 suo
1301 681 1411 724 non
1460 665 1607 723 indi-

53 778 216 837 gemus
233 761 432 820 labore.
461 756 660 814 Verum
685 767 904 825 cetera,
939 757 997 814 id
1017 766 1124 826 est,
1147 757 1349 815 missas
1392 765 1451 814 et
1496 757 1608 814 mi-

52 849 304 910 nisterium
331 848 578 920 Pcrtlciat
601 848 934 921 episcopale,
961 848 1032 903 ad
1047 847 1427 904 testimonium
1471 863 1607 922 ergo

47 943 246 1000 visionis
283 950 388 997 tum
430 947 486 996 et
521 938 874 996 allocutionis
923 945 1128 995 nostra:
1164 938 1302 994 retia
1349 938 1608 1010 projieies

48 1041 90 1093 in
113 1035 335 1102 flumine,
359 1033 625 1105 cedetqne
651 1032 754 1090 tibi
777 1041 968 1089 nostro
989 1031 1297 1087 interventu
1319 1046 1603 1104 prospere.

49 1129 112 1184 De
151 1127 311 1198 captis
337 1125 584 1197 piscibus
614 1139 790 1181 unum
840 1123 918 1179 illi
953 1123 1319 1195 praesentabis
1368 1137 1492 1180 mea
1535 1137 1606 1178 ex

50 1227 194 1291 parte,
222 1227 280 1274 ut
306 1216 516 1275 scilicet
541 1225 598 1274 et
627 1217 698 1274 de
730 1216 919 1273 relatis
944 1216 1046 1272 tibi
1073 1215 1266 1272 credat
1318 1223 1375 1272 et
1419 1229 1546 1287 quae
1570 1229 1606 1272 a

49 1307 120 1368 me
154 1311 224 1367 illi
263 1311 464 1367 dixeris
509 1324 820 1382 exsequens
851 1309 1119 1382 perﬁciat,
1173 1309 1396 1366 tametsi
1441 1307 1606 1366 credo

48 1405 152 1476 quia
165 1405 269 1476 jam
294 1404 369 1460 illi
392 1411 582 1460 nostra
607 1403 1059 1475 actionisaliquid
1090 1403 1308 1460 coalitus
1329 1403 1404 1459 sit
1421 1411 1606 1460 osten-

49 1514 168 1566 sum,
192 1505 247 1554 ut
294 1505 448 1553 tuum
489 1497 696 1554 certius
740 1499 1099 1554 confirmetur
1143 1497 1467 1568 alloquium.
1521 1495 1601 1554 Te

46 1588 182 1643 etiam
201 1601 518 1644 commoneo
544 1603 616 1644 ne
654 1588 711 1642 in
736 1587 1021 1644 Dominica
1048 1597 1209 1644 nocte
1233 1588 1318 1644 vel
1351 1587 1441 1644 die
1478 1602 1603 1642 am-

45 1675 163 1750 plius
187 1679 311 1736 velis
337 1680 541 1752 piscari
569 1680 834 1752 cedetque
857 1681 915 1736 in
947 1695 1273 1752 prosperum
1311 1678 1432 1748 tibi,
1469 1687 1607 1736 tuae--

46 1787 131 1840 que
153 1771 486 1843 prosperitati
513 1770 1162 1844 futuraa,prolicietisque
1201 1770 1504 1843 plurimum
1546 1771 1602 1826 in

1709 579 1808 635 illi.
1836 578 2093 650 Assurgit
2135 578 2428 650 episcopus
2463 578 2818 636 devotissime
2843 583 3164 653 gratiasque
3191 580 3307 639 Deo

1708 678 1762 725 et
1789 669 2038 742 apostolo
2063 685 2233 742 agens
2252 670 2540 726 laetabatur
2557 685 2618 726 se
2633 671 2928 728 memorari
2944 684 3001 728 et
3019 673 3303 730 munerari

1709 777 1743 818 a
1766 771 1918 818 tanto
1945 762 2212 820 caelorum
2235 763 2500 834 principe.
2531 761 2847 836 Ingrediens
2879 773 3064 820 autem
3113 759 3305 823 eccle-

1708 853 1849 911 siam
1888 853 1982 909 ubi
2016 854 2198 910 oravit
2227 853 2564 927 diligentius,
2611 854 2946 912 circumiens
2980 864 3038 914 et
3081 843 3308 918 intuens

1707 945 1944 1017 parietes
1979 961 2140 1004 sacro
2169 946 2418 1020 signatos
2455 947 2665 1004 invenit
2693 947 2996 1006 chrismate
3045 956 3101 1005 et
3147 949 3309 1022 signa

1707 1034 2010 1092 deﬁxarum
2037 1036 2392 1092 candelamm
2417 1037 2737 1109 apparentia
2756 1037 2814 1094 in
2836 1038 3066 1110 pariete.
3095 1036 3310 1098 Excitis

1706 1141 1840 1200 ergo
1867 1128 2145 1197 omnibus,
2176 1129 2424 1201 nudique
2455 1146 2486 1186 a
2524 1130 2720 1202 plateis
2739 1138 2798 1187 et
2825 1130 2986 1200 vicis,
3016 1146 3051 1188 a
3083 1131 3310 1190 civitate

1707 1220 2020 1276 occurritur
2046 1229 2102 1276 et
2115 1221 2354 1294 oppidis,
2379 1221 2700 1294 devotisque
2721 1222 2925 1280 adsunt
2943 1223 3148 1280 animis
3168 1225 3308 1283 mis-

1705 1326 1896 1370 sarum
1921 1312 2278 1370 celebrationi
2324 1313 2440 1370 Deo
2475 1313 2634 1370 electi
2678 1315 2954 1386 praesulis,
3001 1315 3306 1388 habitoque

1707 1420 1961 1466 sermone
1982 1405 2051 1462 de
2086 1421 2145 1462 re
2174 1415 2327 1478 gesta
2353 1415 2410 1462 et
2441 1406 2509 1462 de
2552 1407 2782 1478 reliquis
2805 1408 3119 1468 animarum
3167 1401 3304 1480 pro-

1706 1499 1942 1557 fectibus
1970 1499 2309 1556 suscitantur
2336 1501 2694 1572 quamplures
2714 1501 2781 1556 ad
2807 1493 3148 1557 lmtabundbs
3198 1501 3306 1572 pia:

1705 1593 2149 1666 compunctionis
2171 1593 2432 1665 gemitus,
2470 1594 2782 1666 gratiasque
2813 1593 2926 1650 Des
2960 1603 3018 1650 et
3050 1595 3306 1665 apostolo

1705 1696 1810 1739 suo
1839 1691 2084 1754 agentes,
2113 1696 2239 1736 cum
2290 1680 2488 1738 festivo
2515 1682 2717 1754 gaudio
2737 1683 2980 1754 propriis
3010 1683 3304 1739 remittun-

1705 1783 1798 1830 tur
1847 1773 2081 1846 quisque
2109 1772 2510 1830 mansionibus.
2557 1774 2896 1831 Consecrata
2937 1771 3194 1842 ecclesia,
3242 1779 3306 1830 ut

45 1865 300 1935 piscatoria
327 1872 464 1920 arte.
501 1883 522 1918 ι
558 1863 691 1920 Erat
709 1863 856 1920 enim
879 1880 990 1921 nox
1014 1863 1299 1921 Dominica
1343 1881 1468 1922 cum
1511 1867 1602 1922 Inc
1634 1855 1678 1912 Β
1703 1879 1848 1920 nova
1877 1863 1972 1921 Dei
2005 1879 2232 1935 sponsa,
2274 1877 2479 1920 novum
2503 1879 2704 1922 nomen
2727 1864 2984 1931 obtinuit,
3034 1874 3306 1935 vetusque

45 1957 250 2026 piscator
261 1955 472 2014 visione
495 1965 552 2013 et
573 1957 906 2015 allocutione
921 1973 1058 2015 usus
1067 1967 1152 2014 est
1166 1957 1466 2029 apostolica
1493 1958 1593 2030 (i).

47 2046 124 2104 llis
153 2047 321 2118 dictis,
348 2051 638 2122 apostolus
665 2050 787 2122 ejus
820 2050 1033 2108 visibus
1070 2051 1437 2119 subtrahitur,
1483 2065 1599 2107 cm-

46 2141 178 2214 loque
195 2151 432 2214 receptus
463 2143 726 2215 piscatori
751 2143 942 2201 relicto
972 2144 1027 2200 in
1061 2152 1288 2214 captura
1331 2143 1599 2214 copiosis-

46 2228 176 2301 sime,
203 2244 258 2290 ut
279 2236 629 2306 promiserat,
665 2234 984 2292 auxiliatur.
1024 2235 1297 2310 Expansis
1331 2235 1478 2292 enim
1510 2251 1598 2294 rc-

45 2321 162 2383 tibus
182 2327 231 2382 in
251 2327 472 2385 flumine
497 2336 704 2384 tantam
728 2329 1138 2402 piscium,quos
1156 2328 1430 2385 salmoncs
1461 2344 1598 2384 nun-

44 2427 229 2488 cupant,
258 2421 473 2491 copiam
499 2421 668 2477 traxit
697 2422 751 2476 in
790 2422 993 2490 littore,
1033 2430 1095 2477 ut
1121 2421 1213 2478 vix
1255 2421 1391 2478 retia
1421 2421 1596 2492 captis

43 2521 232 2578 possent
251 2511 517 2569 sullicere.
546 2512 822 2570 Credulus
847 2513 1090 2585 piscator
1115 2513 1433 2585 apostolica:
1490 2514 1593 2568 lar-

43 2599 164 2670 gnati
209 2600 344 2658 facto
371 2603 464 2660 die
509 2599 665 2659 adest
705 2605 954 2676 pueritia:
1000 2606 1251 2677 praesulis
1301 2605 1594 2677 designati,

45 2689 257 2778 novoque
287 2695 452 2752 modo
504 2694 668 2752 dictis
718 2695 872 2754 illum
905 2697 1128 2764 salutat,
1157 2695 1304 2752 beati
1345 2693 1491 2750 Petri
1539 2703 1596 2751 ct

95 2825 164 2896 (Ι)
187 2823 383 2886 Nomen
411 2829 708 2902 piscatoris
722 2831 1026 2888 secundum
1046 2831 1315 2905 quosdam
1339 2830 1591 2886 Edricua.

1705 1971 1907 2013 nomen
1933 1955 2242 2030 'I‘hornegc,
2271 1954 2326 2012 id
2339 1966 2423 2014 cst
2445 1958 2616 2029 spina:
2643 1957 2844 2025 insula,
2868 1955 3056 2013 amisit
3075 1964 3149 2024 et,
3173 1971 3204 2010 a
3230 1956 3305 2011 cio

1702 2049 1889 2106 vitatis
1929 2048 2073 2118 situ,
2103 2049 2446 2106 Occidentale
2475 2047 3093 2104 Monasterinm'nomen
3133 2046 3306 2118 cepit.

1703 2142 1839 2198 Acta
1866 2151 1996 2198 suut
2026 2141 2144 2198 inec
2165 2141 2646 2214 regis'Cantuaria:
2690 2138 2988 2196 Etlrelbcrti
3021 2146 3302 2211 tempore,

1703 2249 1816 2306 quo
1843 2234 2012 2292 totius
2033 2235 2222 2292 carnis
2241 2235 2388 2290 viam
2410 2234 2682 2304 ingresso,
2707 2232 3005 2302 multisque
3021 2229 3302 2301 negligen-

1704 2329 1796 2386 tiis
1822 2327 2008 2384 habita
2034 2337 2120 2384 est
2144 2327 2333 2384 eadem
2361 2327 2614 2392 ecclesia,
2640 2333 2830 2396 utpote
2855 2337 2966 2378 non
3009 2321 3148 2376 adeo
3178 2333 3302 2376 ma-

1701 2431 1829 2492 gna,
1859 2435 2034 2492 usque
2064 2419 2133 2476 ad
2162 2435 2391 2492 regnum
2413 2417 2556 2490 regis
2585 2415 2738 2484 Oﬂ'az,
2767 2410 3298 2487 regis'Orientalium

1704 2514 2008 2570 Saxonum.
2034 2511 2136 2569 llic
2167 2514 2350 2583 itaque
2373 2509 2692 2582 diligentius
2714 2511 2902 2566 colens
2931 2504 3163 2592 apostoli
3185 2516 3300 2561 me-

1704 2606 1959 2676 moriam,
1992 2621 2158 2679 opere
2186 2604 2467 2678 ampliavit
2485 2603 2800 2661 ecclesiam.

48 2994 3249 3069 ω

1309 3266 1314 3270 ·
1395 3249 1550 3294 'A-NNO
1587 3249 1775 3293 DOIIIRI
1813 3249 1906 3292 Im!

445 3869 980 3906 Μ

1111 3425 2140 3660 ᾼΜΑΤΠΞ

388 3627 1568 3878 suauissimis
1665 3627 2888 3839 ARCHIEPISCOPUS

1424 3953 1764 3974 -ῇ

583 4273 587 4281 ,
594 4258 622 4282 ..ι

583 4376 611 4393 ι.

594 4433 602 4439 ⁵
609 4433 621 4446 ἢ

586 4451 620 4469 κο

1234 4149 1330 4266 N
1373 4149 1462 4266 o
1507 4150 1596 4267 T
1642 4149 1824 4264 IT
1871 4145 2052 4264 IA
2361 4085 2366 4186 9

1028 4368 1194 4450 (Call.
1233 4372 1434 4430 Christ.
1486 4386 1612 4427 nov.
1652 4379 1787 4444 tom.
1833 4365 1912 4436 ιι,
1939 4381 2066 4442 pag.
2110 4362 2243 4440 sos)
2577 4336 2728 4458 ut

1471 4538 1770 4552 *-

76 4733 317 4809 Amatus,
351 4742 649 4811 antequam
695 4731 881 4792 sedem
915 4731 1060 4789 hanc
1095 4727 1569 4801 metrdpolitanam
1599 4729 1646 4795 α
1678 4724 1738 4783 3.
1768 4723 1988 4781 Martini
2017 4715 2364 4781 Turonensis
2387 4719 2705 4788 canonicos,
2746 4720 2895 4792 quod
2925 4727 3278 4780 recusassent

19 4831 392 4900 conscenderet,
423 4841 678 4902 magnam
701 4824 905 4882 famam
932 4821 1342 4892 comparaverat
1367 4821 1420 4875 in
1451 4819 1573 4875 exi-

19 4933 110 4990 sua
133 4921 254 4979 licet
285 4924 416 4982 sede
451 4919 752 4984 Ellorensi;
796 4931 924 4972 nam
949 4913 1248 4987 Gregorius
1291 4919 1428 4985 papa
1480 4908 1573 4967 VII

19 5025 122 5070 eum
155 5016 375 5090 dignum
408 5011 752 5090 iudicaverat
787 5011 879 5069 cui
924 5007 1073 5067 vices
1120 5021 1252 5066 suas
1297 5007 1354 5064 in
1397 5006 1571 5065 Gallia

19 5112 58 5158 et
81 5103 325 5180 Hispania
345 5108 727 5174 committeret,
757 5098 1031 5177 quemque
1057 5101 1410 5159 consiliorum
1437 5113 1578 5157 sane-

19 5201 350 5260 maximorum
380 5202 698 5275 participem
731 5209 785 5258 et
812 5197 1118 5270 adjutol'em
1161 5196 1263 5252 sibi
1297 5196 1568 5253 adscisce-

19 5301 96 5346 ret.
126 5289 293 5366 thue
317 5283 559 5366 pontifex
589 5290 749 5366 cujus
773 5293 1024 5348 minister
1049 5296 1190 5358 erat,
1225 5299 1423 5361 magna
1450 5297 1576 5344 mo-'

19 5380 236 5453 .iebatnr,
267 5395 321 5442 et
357 5387 423 5442 ad
448 5402 511 5442 ea
539 5383 890 5456 exsequenda
933 5391 1160 5454 magnos
1195 5387 1570 5451 assumpserat

20 5473 218 5545 mimos,
261 5473 335 5534 ita
363 5479 572 5552 legatus
600 5478 722 5550 ejus
755 5476 985 5532 Amatus
1023 5473 1473 5544 magnanimitate
1514 5481 1570 5528 et

20 5569 209 5628 mdacia
257 5573 576 5643 praestabat;
618 5571 945 5628 fulminibus
985 5566 1246 5624 Ecclesia:
1271 5609 1286 5633 ,
1323 5577 1563 5631 quorum

1676 4833 1804 4877 eum
1828 4817 2058 4877 solemni
2091 4831 2292 4890 pompa
2315 4815 2592 4886 excipere,
2637 4812 2762 4871 freti
2786 4814 3068 4871 nonnullis
3100 4815 3276 4886 pri-vin

1672 4913 1831 4987 legiis
1873 4911 2078 4984 quibus
2119 4918 2313 4983 preter
2345 4905 2732 4978 Apostolicum,
2771 4913 2823 4959 et
2852 4920 3044 4976 regem,
3077 4914 3130 4960 et
3162 4904 3274 4961 Tu-

1674 5017 1948 5064 ronensem
1978 5005 2428 5078 archiepiscopum
2454 4999 2615 5056 semel
2643 4999 2702 5069 in
2729 4999 2840 5053 vita
2865 5013 2986 5066 sua,
3012 4999 3274 5055 neminem

1673 5102 1746 5157 ad
1788 5095 2136 5173 processionis
2179 5095 2563 5166 susceptionem
2603 5089 2976 5148 admittebant.
3011 5088 3148 5146 Rem
3178 5105 3272 5163 ge:

1672 5201 1814 5249 suun
1845 5199 2032 5247 narrat
2064 5188 2321 5245 Urbanus
2345 5185 2414 5255 ll,
2442 5184 2588 5256 apud
2611 5183 2934 5252 Baronium,
2959 5198 3052 5241 an;
3083 5183 3224 5241 1096
3249 5203 3266 5240 :

1683 5302 1702 5339 ι
1729 5283 1796 5341 Et
1821 5284 1949 5355 quia
1984 5283 2129 5338 illius
2163 5288 2352 5336 noster
2378 5279 2608 5334 Amatne
2634 5275 3057 5350 Burdegalensis
3085 5276 3269 5334 archi-

1672 5375 1980 5446 episcopus,
2011 5385 2157 5427 unus
2179 5378 2298 5426 erat
2323 5369 2392 5425 de
2417 5367 2612 5440 legatis
2641 5365 3208 5434 Romana-Ecclesia,
3231 5382 3267 5422 a

1673 5465 1935 5539 Gregorio
1966 5462 2080 5533 VII,
2124 5462 2528 5535 praedecessore
2553 5461 2766 5532 neStro,
2798 5459 2854 5514 in
2894 5457 3124 5515 Galliam
3170 5461 3266 5514 (ιθ-ι

1671 5559 1926 5626 atinatus,
1952 5573 2062 5613 non
2095 5557 2166 5614 ab
2195 5557 2299 5613 hac
2339 5553 2572 5612 ecclesia
2600 5551 2974 5625 proccssionis
3000 5549 3263 5606 solemni-

20 5657 185 5715 Irbiter
211 5640 346 5730 erat,
382 5663 638 5748 ususnad
661 5660 1019 5717 reverentiam
1051 5667 1216 5728 quam
1258 5654 1362 5711 sibi
1404 5653 1561 5709 debi-
1663 5661 1774 5708 tate
1801 5659 2117 5722 susceptus;
2162 5649 2308 5748 unde
2335 5647 2510 5748 etiam
2529 5645 2763 5748 graviter
2797 5650 2990 5748 contra
3037 5640 3260 5696 eosdem

21 5762 99 5802 am
125 5753 482 5820 existimabat,
522 5729 872 5826 exigendam.
909 5750 965 5807 Id
994 5749 1235 5805 maxime
1284 5745 1462 5816 patuit
1502 5744 1576 5799 in'
1663 5744 1891 5800 clericos
1926 5749 2256 5806 commotus,
2291 5739 2344 5793 in
2375 5733 2746 5792 Exulduncnsi
2789 5729 3019 5787 concilio
3041 5745 3142 5826 eos
3161 5744 3261 5784 exn

19 5840 209 5897 :oncilio
231 5824 698 5919 Exoldunensi,iin
717 5859 833 5918 quo
859 5860 890 5898 a
915 5841 1300 5899 communione
1327 5836 1562 5894 abscidit
1663 5835 2163 5892 communicatione
2190 5828 2500 5904 perfoderat
2536 5845 2549 5882 :
2577 5842 2704 5883 eam
2735 5831 2790 5880 in
2819 5824 3169 5882 concordiam
3201 5829 3258 5878 et
