3820 6312
545 328 574 388 1
587 327 695 386 639

1617 316 1830 374 ΑΜΑἸΊ
1866 315 2443 375 BURDEGALENSJS
2481 315 2799 375 ARCHIEI‘.

3604 330 3692 390 mo

543 452 732 509 pacem
776 447 968 490 eorum
1017 430 1460 488 reformavimus.
1503 427 1687 500 Neque
1731 445 1829 486 eos
1871 429 1941 486 ad
1971 430 2137 485 ullam
2167 436 2214 494 Α
2246 427 2304 483 S.
2341 427 2626 500 Stephani.
2669 427 3017 500 Tur-unisque
3059 429 3282 500 Majoris
3330 430 3607 509 Monasterii,
3639 449 3700 506 ut;

543 527 1000 593 satisfactionem,
1031 527 1163 597 quia
1191 525 1514 582 auctoritate
1547 524 1783 593 pollente
1829 539 1888 579 se
1917 523 2153 592 munie:

543 629 688 688 rant,
719 619 1108 690 compulimus,
1147 633 1324 688 neque
1356 616 1600 686 qualibet
1629 631 1728 684 pro
1768 616 1858 670 tali
1905 631 2134 670 excessu

543 714 892 770 absolutione
937 711 1250 784 purgandos
1293 709 1630 766 censuimus.
1679 727 1696 758 ι
1757 705 1855 760 llic
1904 707 2136 777 legimus

544 806 802 862 Auratum
835 805 1005 859 fuisse
1039 822 1058 855 ι
1085 802 1416 860 destinatum
1444 821 1462 853 ι
1515 801 1568 854 in
1598 800 1829 854 Galliam
1860 816 1892 852 a
1929 800 2135 869 Grego-

543 901 629 955 rio
666 897 778 965 V'll,
801 908 854 953 et
873 896 1094 967 quidem
1119 896 1322 950 missus
1343 903 1427 949 est
1453 893 1525 948 ab
1549 893 1688 947 urbe
1712 891 1883 946 Roma
1911 910 1926 957 ;
1963 891 2138 961 conji-

543 993 729 1063 citque
758 991 838 1046 vir
881 987 1238 1046 doctissimus
1285 985 1597 1056 Stephanus
1631 983 1889 1039 Baluzius
1915 983 1970 1037 in
1997 998 2137 1053 prae-

549 1084 757 1140 {aliene
796 1081 864 1137 ad
907 1079 1209 1135 secundum
1236 1087 1441 1132 tomum
1471 1075 1968 1142 Miseellaneorum,
2007 1089 2134 1130 eum

543 1189 666 1231 esse
707 1174 961 1228 Amatam
1006 1171 1158 1225 illum
1203 1168 1535 1223 monachqu
1573 1165 1931 1222 Casineusem
1978 1165 2138 1235 cujus

544 1267 792 1322 meminit
819 1263 1015 1319 Petrus
1044 1263 1310 1317 diaconus
1334 1260 1389 1314 in
1415 1259 1510 1313 lib.
1558 1258 1632 1313 De
1672 1258 1803 1313 viris
1831 1259 2137 1316 illustribus

541 1356 956 1421 Casinensibus,
975 1369 1096 1424 cap.
1125 1352 1218 1418 20,
1255 1365 1529 1422 quemque
1553 1351 1687 1406 dicit
1715 1350 1822 1405 sub
1850 1350 2010 1421 Greg.
2043 1348 2135 1403 V'll

543 1445 716 1503 fuisse
740 1448 1080 1516 episcopum,
1109 1443 1457 1501 dissimulato
1481 1453 1660 1498 tamen
1692 1443 1814 1512 ejus
1845 1442 1991 1498 sedis
2015 1442 2136 1512 epi-

544 1537 780 1608 scopalis
814 1535 1052 1591 nomine.
1096 1535 1332 1589 Aliunde
1375 1533 1519 1588 idem
1566 1533 1650 1586 vir
1692 1532 1887 1586 doctus
1935 1533 2134 1602 probat

541 1643 667 1684 eum
711 1627 884 1684 fuisse
929 1627 1282 1683 monachum.
1313 1625 1546 1682 Amatus
1589 1625 1806 1681 crealus
1835 1634 1920 1680 est
1946 1625 2130 1682 archi-

541 1717 833 1787 episcopus
859 1717 912 1770 in
940 1711 1176 1771 concilio
1222 1714 1597 1785 Burdigalensi
1633 1714 1721 1770 cui
1752 1723 2005 1784 praeerat,
2035 1731 2126 1770 an.

2239 537 2328 586 an.
2356 522 2496 591 1096
2512 521 2758 577 interfuit
2780 524 3014 579 concilio
3036 523 3224 580 habito
3246 524 3312 578 ab
3330 523 3538 585 Urbarno
3551 549 3642 605 papa
3656 539 3693 607 Η,

2237 611 2677 682 subscripsitque
2706 613 2925 668 decreto
2954 629 3054 683 pro
3091 612 3150 667 S.
3183 612 3429 669 Martico.

2310 702 2570 773 Ejusdem
2604 702 2717 759 fere
2745 715 2831 759 est
2851 705 3111 775 temporis
3142 707 3428 761 concilium
3466 707 3696 778 Santonense

2238 796 2387 864 quod
2421 796 2715 850 celebravit
2744 796 2992 852 Amatus.
3027 796 3336 853 Concilium
3380 799 3469 856 hoc
3504 802 3546 857 in
3573 809 3702 869 tabulis

2240 886 2298 942 S.
2329 885 2560 942 Joannis
2601 887 3053 959 Angeriacensis,
3095 897 3151 944 et
3182 888 3240 954 S,
3284 889 3460 946 Hilarii
3493 898 3701 970 consignari

2238 980 2434 1044 docent
2485 978 2913 1037 Sammarthani.
2961 980 3067 1036 Sed
3100 990 3317 1052 tempus
3342 983 3545 1053 ejusdem
3573 989 3707 1052 indicat

2237 1069 2422 1124 tabula
2471 1069 2885 1141 Silvae-majoris
2915 1071 2971 1126 in
3015 1088 3125 1142 qua
3171 1073 3404 1144 legitur:
3435 1075 3636 1134 «Terram
3664 1087 3705 1142 de

2238 1159 2455 1227 Doeria,
2491 1170 2622 1230 etc.,
2667 1178 2833 1233 quam
2887 1165 3133 1220 ecclesia:
3184 1163 3556 1238 Silva-majoris
3589 1170 3711 1234 lleliat

2235 1252 2491 1322 princeps
2531 1253 2597 1308 de
2641 1253 2874 1308 Didonia
2921 1271 3047 1310 cum
3089 1271 3262 1312 uxore
3309 1274 3406 1312 sua
3442 1260 3586 1316 Aricia
3609 1267 3705 1322 etfr-

2234 1344 2466 1400 liis......
2528 1362 2630 1416 pro
2691 1348 2867 1402 salute
2921 1348 3233 1403 animarum
3293 1366 3497 1406 suarum
3540 1354 3706 1424 donarit,

2235 1452 2425 1511 postea
2455 1443 2766 1514 pignoravit
2793 1443 2960 1498 abbas
2987 1443 3370 1512 Malliacensis,
3397 1446 3530 1502 nobis
3545 1453 3709 1507 nescien-

2236 1531 2412 1598 tibus;
2451 1533 2549 1587 sed
2597 1543 2890 1604 postquam
2940 1535 3285 1603 rescivimus,
3334 1535 3463 1593 facta
3495 1541 3706 1609 prodam-

2236 1620 2385 1676 tione
2427 1621 2495 1675 ab
2529 1621 2728 1677 abbate
2779 1630 2972 1678 nostro
3015 1621 3281 1677 Acbelmo
3319 1623 3373 1677 in
3401 1628 3590 1682 concilio
3624 1631 3711 1686 San-

2234 1713 2480 1779 touensi,
2527 1714 3162 1783 recuperavimus........
3198 1714 3404 1784 judicio
3437 1719 3711 1790 episcoporum

543 1810 705 1876 1088,
734 1809 822 1864 die
853 1810 886 1864 ll
916 1805 1260 1874 Novembris,
1289 1808 1368 1863 uti
1392 1807 1588 1878 legitur
1613 1808 1667 1868 in
1693 1806 1968 1864 Chronico
1999 1809 2131 1863 Mal-
2165 1807 2207 1862 Β
2232 1812 2287 1855 et
2317 1803 2746 1857 alibatum.......
2775 1805 3102 1858 confirmato
3134 1804 3190 1858 in
3235 1821 3398 1860 manu
3441 1806 3495 1860 D.
3522 1811 3652 1865 Amati
3679 1813 3714 1866 S.

543 1901 802 1958 leacensi.
831 1901 1138 1957 Concilium
1169 1901 1274 1957 hoc
1307 1895 1697 1971 Burdigalense
1725 1902 1955 1968 dictum,
1987 1903 2135 1972 quod

543 2001 692 2048 esset
737 1993 1031 2063 provinciae
1077 1990 1505 2062 Burdigalensis,
1549 1992 1766 2047 videtur
1798 1994 2134 2050 celebratum

543 2083 687 2154 apud
726 2082 1030 2146 Santonis;
1068 2084 1122 2140 id
1149 2085 1297 2140 enim
1322 2083 1461 2141 forte
1490 2086 1798 2156 signiﬁcant
1833 2087 1993 2142 verba
2018 2088 2135 2143 haec

541 2175 794 2230 Μειηυί
833 2175 1267 2247 Engolismensis
1299 2177 1563 2248 epiSCOpi,
1593 2178 1649 2233 in
1693 2179 1892 2234 litteris
1929 2180 2133 2250 quibus

540 2269 790 2339 quaedam
838 2269 1070 2340 largitur
1119 2271 1458 2328 monasterio
1508 2270 1698 2328 Sancti
1733 2270 2015 2338 Maxentii,
2063 2288 2132 2328 ex

539 2360 785 2430 ejusdem
827 2361 934 2417 loci
983 2362 1212 2418 tabula:
1251 2381 1271 2416 ί
1317 2362 1432 2434 Ego
1479 2363 1782 2420 Ademarus
1818 2363 1914 2419 Dei
1955 2365 2133 2435 gratia

544 2448 874 2522 Engolismte
900 2453 1048 2510 sedis
1075 2453 1386 2524 episcopus,
1439 2452 1516 2508 fui
1546 2453 1823 2510 Santonus
1851 2455 1920 2509 ad
1967 2470 2132 2526 syno-

541 2542 694 2606 dunr,
735 2543 790 2597 in
815 2559 924 2614 quo
960 2543 1113 2616 [qua]
1155 2545 1225 2600 ab
1251 2546 1509 2601 omnibus
1542 2545 1702 2601 nobis
1730 2545 1962 2601 Amatus
1993 2546 2132 2603 Bur-

539 2635 734 2705 digala:
763 2636 999 2691 civitatis
1028 2638 1474 2708 archiepiscopus
1517 2639 1723 2692 electus
1752 2648 1867 2700 est.
1907 2639 1995 2692 ubi
2033 2656 2132 2693 no-

539 2725 625 2781 bis
676 2725 810 2781 satis
855 2728 1245 2783 convenienter
1292 2729 1462 2783 abbas
1520 2729 1694 2784 Adam
1749 2728 1806 2783 S.
1844 2728 2130 2799 Adjutoris

538 2815 796 2873 Maxentii
829 2819 1053 2874 servivit
1075 2829 1130 2874 et
1156 2813 1462 2876 honoravit.
1494 2841 1513 2873 ι

607 2909 861 2977 Amatne,
908 2910 1088 2968 factus
1135 2913 1613 2984 archiepiscopus,
1649 2914 1846 2985 majori
1891 2914 2130 2969 auctori-

539 3007 673 3068 tate,
701 3001 1011 3072 minorique
1037 3003 1238 3058 invidia
1269 3004 1506 3074 perrexit
1535 3005 1804 3076 legatione
1831 3007 1974 3062 sedis
1997 3022 2130 3077 apo-

538 3093 744 3150 stolicae
793 3095 964 3166 fungi.
1003 3095 1048 3163 Q
1089 3112 1135 3153 te
1168 3112 1298 3152 vero
1339 3098 1568 3168 gesserit
1605 3108 1667 3153 ut
1718 3098 1931 3169 legatus
1975 3109 2127 3155 extra

539 3187 698 3242 suam
734 3173 1078 3256 provinciam
1133 3189 1331 3244 litteris
1366 3189 1630 3246 mandare
1673 3192 1851 3246 nostri
1890 3207 2000 3250 non
2025 3201 2127 3250 .est

536 3281 805 3352 instituti;
859 3284 956 3343 sed
1003 3302 1122 3361 quae
1169 3287 1297 3346 fecit
1326 3298 1385 3348 ut
1415 3289 1860 3364 archiepiscopus
1889 3291 2127 3350 breviter

533 3385 662 3433 sunt
698 3377 998 3436 referenda.

603 3467 763 3526 Anno
786 3469 925 3526 1090
961 3471 1306 3529 confirmavit
1341 3476 1676 3531 monasterio
1709 3473 2120 3548 Silvzemajoris,

532 3574 728 3617 omnes
760 3563 1023 3620 ecclesias
1068 3581 1208 3637 quas
1242 3565 1584 3637 Coscelinus,
1619 3569 1742 3638 ejus
1783 3580 2120 3638 antecessor,

533 3651 663 3708 huic
689 3653 913 3710 dederat
935 3658 1207 3724 emnobio,
1250 3660 1538 3715 sanctitate
1579 3668 1695 3715 tum
1732 3662 2121 3730 celeberrimo;

533 3746 692 3816 cujus
715 3749 1152 3805 confirmationis
1203 3751 1358 3807 testis
1390 3762 1444 3807 et
1487 3753 1761 3825 particeps
1791 3753 1896 3809 fuit
1929 3753 2124 3812 Petrus

531 3837 775 3894 decanus
797 3849 851 3896 et
879 3841 1301 3898 archidiaconus
1339 3841 1396 3898 S.
1439 3843 1688 3902 Andreae.
1742 3845 1931 3902 Eidem
1964 3862 2123 3903 sacro

531 3929 654 3985 loco
696 3931 844 3986 dedit
871 3933 1213 3989 ecclesiolam
1247 3933 1304 3990 S.
1341 3935 1479 4008 Lupi
1514 3935 2024 4008 lntcr-duo-maria,
2066 3925 2124 3996 et

532 4021 844 4077 sanctuaria
874 4039 997 4093 quae
1042 4024 1110 4079 ad
1149 4025 1298 4081 illam
1342 4027 1711 4096 pertinebant.

601 4117 926 4173 Ann01095
952 4117 1254 4190 Burdigala:
1285 4119 1578 4176 concilium
1607 4120 1818 4188 habuit,
1851 4136 1919 4176 ex
1941 4111 2121 4176 Chro-

531 4205 656 4261 nico
679 4205 1045 4265 Malleaecnsi.
1083 4209 1314 4265 Nomina
1357 4211 1651 4282 praesulum
1677 4212 1770 4282 qui
1801 4212 2118 4278 adfuerunt,

531 4297 692 4353 nobis
740 4299 1048 4369 suppeditat
1101 4303 1437 4358 chartarium
1483 4302 1541 4357 S.
1581 4302 1728 4359 Petri
1773 4303 1841 4360 de
1890 4303 2120 4374 Regula,

531 4389 732 4458 quidve
755 4400 970 4462 gestum
1008 4393 1079 4448 sit
1117 4394 1171 4449 in
1213 4395 1319 4450 hoc
1363 4403 1530 4462 coetu,
1569 4396 1759 4462 docet;
1793 4411 1989 4466 nempe
2019 4397 2120 4451 0t-

2238 1893 2397 1949 l‘iom.
2447 1895 2702 1951 Ecclesia:
2748 1895 2950 1967 legati,
3004 1895 3412 1968 Burdigalensis
3455 1916 3624 1972 quoque
3656 1904 3713 1959 Dei

2234 1989 2406 2056 gratia
2437 1989 3044 2060 archiepiscopi.........
3077 1989 3276 2045 Actum
3303 2001 3386 2047 est
3414 1993 3505 2048 hoc
3529 2012 3597 2047 an.
3617 1995 3716 2052 Dom.

2235 2076 2635 2137 incarnationis
2682 2082 2841 2139 1091.
2874 2101 2893 2134 ι
2943 2079 3146 2139 Eodem
3193 2099 3343 2139 anno
3385 2083 3595 2141 Urbanus
3628 2105 3716 2160 papa

2234 2185 2430 2242 magna
2470 2187 2664 2251 pompa
2715 2172 2986 2230 dedicavit
3037 2176 3328 2231 ecclesiam
3378 2177 3720 2251 Burdigaleusem

2230 2261 2320 2316 die
2356 2263 2379 2317 1
2416 2249 2561 2331 Maii,
2586 2267 2839 2336 quamvis
2862 2266 3028 2337 hujus
3057 2267 3420 2324 dedicationis
3439 2271 3718 2325 anniversaria

2233 2355 2553 2412 solemnitas
2584 2374 2693 2412 non
2725 2359 2917 2415 eodem
2947 2359 3053 2426 die,
3099 2360 3193 2415 sed
3225 2360 3291 2414 2|
3342 2361 3484 2431 April
3507 2378 3528 2416 s
3557 2363 3722 2417 celebre-

2231 2451 2341 2510 tur,
2374 2444 2514 2501 forte
2536 2447 2607 2502 ob
2634 2463 2965 2505 concursum
2996 2449 3119 2505 festi
3152 2450 3256 2505 SS.
3289 2453 3618 2522 apostolorum
3638 2453 3723 2506 Phi-

2234 2537 2364 2608 lippi
2393 2547 2447 2593 et
2473 2537 2682 2594 Jacobi.
2711 2539 2906 2597 Missas
2931 2541 3164 2598 facimus
3195 2543 3572 2600 dedicationem
3593 2544 3637 2600 S.
3662 2544 3726 2599 Sa-

2233 2631 2438 2684 turnini
2486 2631 2698 2688 Tolosa:
2743 2644 2797 2689 et
2833 2637 3312 2692 consecrationem
3363 2639 3565 2708 majoris
3601 2640 3725 2693 altaris

2231 2723 2589 2790 Caroli‘cnsis,
2621 2727 2825 2796 quibus
2855 2743 3098 2797 praesens
3149 2729 3356 2799 legitur
3398 2730 3477 2786 his
3518 2730 3608 2786 fere
3636 2741 3728 2785 tem-

2232 2816 2490 2886 poribus;
2528 2817 2606 2872 uti
2638 2828 2692 2874 et
2725 2820 3048 2876 'revelationi
3081 2823 3375 2893 sanguinis
3403 2823 3650 2880 Dominiin
3670 2841 3730 2878 eo-

2229 2909 2354 2964 dem
2388 2910 2445 2964 S.
2478 2910 2781 2969 Salvatoris
2805 2913 3140 2973 Carotl‘cnsis
3187 2919 3548 2985 monasterio;
3578 2929 3619 2974 et
3652 2917 3734 2973 iure

2230 3001 2436 3057 dationi
2464 3004 2696 3060 abbatias
2724 3006 2782 3060 S.
2810 3005 2994 3062 Maria:
3022 3007 3090 3062 de
3119 3008 3263 3065 Rota
3288 3011 3448 3081 cujus
3473 3011 3628 3065 charta
3646 3011 3734 3066 sub-

2232 3093 2496 3164 scriptum
2524 3095 2645 3165 ejus
2672 3113 2872 3153 nomen
2899 3097 3137 3169 praefert.

2301 3185 2462 3241 Auno
2505 3186 2644 3242 1097
2683 3204 2914 3260 pergens
2957 3191 3010 3245 in
3062 3189 3417 3262 Hispaniam,
3464 3191 3738 3261 Oscamajus

2230 3279 2494 3347 templum
2520 3320 2535 3345 ,
2585 3289 2712 3349 post
2753 3280 3089 3338 deditionem
3121 3284 3284 3340 urbis
3321 3301 3356 3340 a
3396 3285 3585 3340 Mauris
3602 3285 3740 3339 larum

2225 3369 2393 3430 Petro
2426 3369 2682 3428 Navarraz
2715 3381 2771 3429 et
2797 3375 3142 3446 Arragonum
3173 3379 3318 3449 regi,
3353 3379 3742 3442 consecravit,aut

2225 3465 2472 3535 profanis
2513 3462 3025 3524 hlabumetanorum
3057 3468 3260 3524 ritibus
3315 3471 3571 3540 pollutam
3603 3471 3742 3524 lustra-

2226 3556 2322 3622 vit,
2352 3567 2406 3612 et
2434 3557 2802 3614 reconciliavit
2844 3577 2891 3614 vr
2945 3557 3059 3616 Kal.
3107 3557 3392 3624 Januarii,
3441 3561 3742 3616 assistentilas

2225 3648 2386 3706 Petro
2427 3649 2674 3720 Oseensi,
2712 3653 2950 3709 Fulcone
2997 3654 3426 3726 Barcinonensi,
3472 3654 3610 3712 Petro
3637 3652 3743 3706 Pam-

2225 3743 2528 3814 pelonensi,
2565 3755 2619 3801 et
2645 3743 2844 3802 Sancio
2873 3747 3238 3806 Lascurrensi
3271 3752 3565 3822 episcopis,
3606 3759 3650 3803 ut
3675 3754 3746 3800 me

2226 3843 2402 3888 morat
2422 3846 2545 3905 post
2571 3836 2880 3894 Chronieon
2923 3838 3291 3896 Malleacense
3313 3839 3550 3897 Joannes
3577 3839 3744 3894 Marias:

2225 3922 2301 3980 De
2343 3927 2506 3982 rebus
2539 3926 2813 3998 Hispaniae
2842 3931 2934 3986 lib.
2975 3948 3029 3999 ι,
3070 3948 3121 3987 c.
3151 3933 3207 3987 2.
3245 3932 3379 3988 Non
3417 3935 3668 3989 tacendum
3698 3943 3750 3983 nt

2221 4033 2348 4073 eum
2386 4019 2708 4092 sull‘ragium
2741 4023 2930 4080 tulisse
2965 4026 3019 4079 in
3042 4027 3286 4083 concilio
3319 4026 3653 4084 Nemausensi
3685 4026 3747 4078 ln-

2223 4109 2336 4166 bitn
2365 4128 2417 4166 rv
2447 4111 2573 4168 ldus
2615 4112 2763 4182 Julii,
2795 4116 2849 4170 in
2878 4133 2988 4186 quo
3019 4116 3318 4190 Philippus
3351 4120 3374 4174 l
3404 4138 3499 4177 rex
3542 4122 3750 4175 abstemii!

2223 4209 2278 4256 et
2314 4197 2821 4260 excon‘ununicatus
2855 4207 2926 4260 ob
2962 4205 3292 4266 Bertradarn
3323 4213 3396 4267 de
3444 4209 3750 4272 Monte—Furti.

2223 4293 2481 4352 Fulconis
2508 4296 2746 4353 Andium
2791 4299 3006 4354 cornitis
3033 4301 3362 4373 conjugern,
3398 4319 3598 4375 raptam
3620 4314 3662 4358 et
3686 4304 3751 4354 da:-

2221 4396 2387 4452 ctam,
2421 4389 2634 4444 vivente
2669 4389 2865 4446 Bertha
2905 4391 3144 4463 legitima
3193 4410 3407 4462 uxore,
3442 4407 3559 4467 post
3582 4396 3750 4450 debitam

532 4481 741 4551 get-ium
770 4482 837 4538 de
879 4483 1198 4540 Landerone
1231 4485 1452 4557 Regule
1479 4487 1742 4558 priorem,
1775 4486 2117 4544 Bcrnardum
2147 4505 2197 4566 Β
2222 4479 2673 4549 satisfactionem,
2705 4484 2772 4538 ad
2803 4483 3058 4540 Ecclesia:
3087 4488 3379 4554 gremium
3409 4501 3664 4544 revocatus
3689 4499 3751 4548 Esi.

531 4572 842 4644 Aquensem
888 4576 1208 4646 episcopum
1254 4579 1612 4648 proclamasse
1655 4588 1710 4634 et
1761 4580 2120 4650 compellasse

532 4677 631 4736 pro
667 4659 1015 4724 restitutione
1047 4669 1198 4725 uillae
1237 4668 1296 4728 S.
1343 4669 1594 4741 Caprasii
1636 4671 1705 4727 de
1746 4670 2014 4728 Pontouis
2061 4671 2119 4728 in

531 4772 671 4829 pago
712 4758 997 4816 Ausciensi
1029 4775 1196 4832 super
1221 4761 1547 4828 Adurcium,
1581 4778 1747 4832 quam
1787 4764 1891 4819 sibi
1935 4764 2116 4820 vindi-

531 4858 684 4906 csrat
715 4852 1041 4920 episcopus;
1095 4853 1191 4909 sed
1234 4868 1356 4908 eam
1403 4854 1793 4909 restituendam
1827 4870 1950 4912 esse
1977 4873 2116 4912 con-

531 4941 640 4997 cilii
681 4942 871 5002 Patres
915 4945 1254 5016 judicarunt.
1308 4943 1446 5000 lluic
1488 4947 1694 5016 judicio
1742 4949 2120 5020 subscripsere

530 5043 656 5105 post
691 5036 1288 5094 Amatum‘Wiilelmus
1328 5037 1640 5096 Bernardus
1666 5041 1983 5100 Auscieusis
2025 5059 2117 5098 ar»

531 5126 936 5197 chiepiscopus,
963 5128 1153 5184 Simon
1191 5129 1521 5201 Agiunensis
1546 5134 1858 5205 episcopus,
1887 5134 2118 5191 Rainal-

529 5215 1130 5290 dusPetragoriccnsis,
1161 5222 1468 5280 Ademarus
1497 5224 1945 5295 Engolismensis,
1965 5226 2119 5284 Hodo

529 5305 789 5378 Bigorraa,
804 5308 1135 5367 Bertrandus
1145 5311 1786 5384 Co‘nvennarum,Petrus
1797 5318 2118 5386 Adurcnsis,

532 5398 845 5469 Stephanus
873 5400 1219 5473 Vasatensis,
1245 5417 1300 5462 et
1329 5406 1640 5464 Bernardus
1664 5409 1782 5479 ipse
1812 5409 2107 5480 Aquensis.

603 5489 761 5548 Anno
811 5492 951 5551 1095
983 5496 1123 5576 sedit
1166 5498 1222 5553 in
1272 5499 1508 5556 concilio
1549 5500 1977 5559 Claromontano
2010 5505 2114 5560 sub

531 5579 754 5641 llrbano
779 5585 844 5656 ll,
873 5588 929 5644 in
953 5605 1063 5660 quo
1088 5605 1186 5662 pro
1211 5593 1586 5663 recuperanda
1607 5603 1750 5651 terra
1779 5606 1968 5659 sancta
1998 5597 2112 5653 bel-

519 5671 642 5760 lum
671 5692 892 5735 sacrum
939 5681 1216 5738 decretum
1246 5693 1349 5739 est.
1389 5683 1591 5740 Eodem
1617 5679 1767 5754 anno
1793 5686 1970 5744 adfuit
2008 5688 2110 5745 Le-

518 5766 1194 5836 .movicis'consecrationi
1239 5777 1596 5835 ecclesiarum
1643 5778 1699 5836 S.
1751 5780 2015 5838 Martialis
2055 5792 2111 5839 et

2220 4588 2288 4628 ex
2315 4573 2438 4628 eod.
2469 4572 2676 4628 Chron.
2707 4573 2853 4630 Mali.

2289 4664 2450 4721 Anno
2496 4665 2634 4722 1098
2691 4668 2983 4724 concilium
3042 4670 3361 4728 celebravit
3424 4675 3686 4743 Burdigala
3721 4685 3752 4721 II

2219 4755 2405 4813 Nonas
2433 4757 2705 4826 Octobris,
2736 4760 2846 4816 ind.
2881 4777 2953 4828 vr,
2985 4763 3072 4816 cui
3109 4763 3512 4837 subscripsere
3555 4751 3791 4840 Romadan

2220 4847 2471 4906 Dolensis
2516 4851 2997 4923 archiepiscopus,
3044 4854 3250 4911 Petrus
3305 4859 3655 4931 AginneusiS,
3686 4841 3791 4931 etcf

2218 4940 2421 4996 Charta
2454 4943 2596 4998 edita
2631 4945 2772 4999 inter
2801 4945 3164 5002 instrumenta
3211 4951 3334 5005 col.
3366 4927 3512 5012 :276.
3552 4965 3673 5004 num.
3699 4927 3789 5058 ibi

2219 5033 2450 5058 ..I....2..-...
2534 5035 2631 5058 λιι-
2714 5037 2771 5058 ,1-
2853 5037 2938 5058 2n-
3006 5056 3029 5058 η
3050 5055 3066 5058 -
3085 5056 3098 5058 _
3194 5041 3211 5058 ι
3339 5053 3354 5058 _
3457 5043 3513 5058 ση-
3668 5040 3682 5058 .I
3716 5036 3756 5058 lto

2219 5033 2455 5102 plurima
2531 5035 2637 5090 alia
2708 5037 2776 5092 de
2853 5037 2946 5093 illo
3003 5055 3105 5095 nos
3175 5041 3379 5098 docet.
3456 5043 3626 5098 Finem
3660 5029 3787 5102 dum

2215 5129 2607 5184 controversia:
2628 5129 2770 5185 inter
2793 5129 3059 5187 decanum
3076 5144 3128 5188 et
3151 5138 3480 5192 canonicos
3503 5134 3556 5190 S.
3579 5132 3750 5190 Arnim

2219 5233 2285 5274 ac
2311 5218 2604 5277 Fulconem
2640 5223 2889 5278 abbatem
2921 5227 3355 5298 monachosque
3392 5230 3452 5283 S.
3497 5229 3752 5292 Ciuis,”

2219 5315 2450 5372 ecclesia
2493 5315 2550 5373 S.
2601 5318 2879 5376 Michaelis
2917 5330 3071 5377 extra
3119 5323 3332 5380 urbem
3386 5342 3551 5398 super
3592 5322 3752 5398 Carae;

2217 5424 2380 5476 nam;
2415 5427 2580 5481 quam
2616 5414 2901 5469 ruonachis
2947 5414 3332 5485 adjudicavit,
3374 5431 3502 5491 post
3533 5419 3684 5473 datum

2217 5501 2411 5556 abbate
2437 5514 2841 5560 sacramentum
2869 5507 2936 5561 de
2957 5512 3350 5578 possessione.
3389 5512 3629 5568 Chartam
3650 5523 3692 5560 ει

3752 5098 3787 5338 i

3696 5338 3784 5616 L3

3617 5616 3780 6209 ἢ

2216 5609 2277 5650 re
2326 5594 2694 5666 conscriptam
2741 5599 2975 5667 damus,
3026 5600 3093 5655 ad
3140 5604 3326 5674 cujus
3364 5609 3567 5661 calcem
3602 5607 3716 5659 notat:-

2215 5702 2396 5744 annus
2423 5687 2554 5744 Chr.
2589 5689 2748 5776 1099,
2786 5689 2990 5753 Urbani
3021 5710 3177 5765 papa:
3221 5695 3307 5764 ll,
3345 5717 3449 5755 χιι.

2287 5778 2513 5836 Mortem
2565 5784 2860 5854 oppetiisse
2905 5785 3161 5842 Auratum
3217 5806 3387 5847 anno
3446 5792 3568 5848 1101
