3834 6332
35 389 144 445 [Gil

1445 388 1834 450 EPISTOLZE.

3160 414 3300 473 1642

35 505 434 574 Sninmartbani,
458 487 749 578 Lopesius,
781 505 878 578 qui
903 487 1093 563 laudat
1118 505 1434 563 Cbronicon
1461 505 1600 563 Mal-
1628 514 1681 574 Α
1707 508 1868 564 Anno
1920 509 2061 566 ll05
2100 511 2403 571 Arnaldus'
2438 529 2728 575 successor
2777 522 2957 576 Amati
3004 526 3203 584 dicitur
3245 533 3307 594 im

39 614 284 668 eacense,
314 608 369 656 et
409 599 520 656 alii.
562 599 710 672 Lego
737 609 924 656 tamen
960 617 1052 656 an.
1084 600 1226 656 1112
1253 617 1379 657 eum
1428 599 1596 657 Uzer-

36 693 152 749 nensi
184 694 524 750 monasterio
551 694 768 751 dedisse
796 694 1083 750 ecclesiam
1109 692 1296 751 Sancti
1324 693 1597 751 Vincentii

36 789 75 843 le
101 785 374 844 Barriaco.
397 787 466 843 At
487 803 586 859 pro
614 787 754 842 1112
782 788 1070 861 legendum
1093 796 1226 859 puto
1252 785 1411 841 1102.
1439 786 1599 842 Certe

35 897 146 937 inno
171 881 280 938 hoc
299 881 530 938 ecclesia
561 880 984 955 Burdegalensis
1009 883 1171 938 vidua
1195 891 1334 951 erat,
1359 883 1600 938 obeunte

35 977 195 1031 lmato
218 967 651 1048 archiepiscopo,
677 992 744 1032 ex
765 977 957 1032 charta
982 992 1150 1048 quam
1187 977 1355 1032 edidit
1383 975 1598 1033 Beslius

37 1087 66 1124 n
100 1069 329 1126 historia
360 1069 623 1126 comitum
673 1069 837 1139 Pict.,
881 1087 1006 1143 pag.
1057 1069 1184 1126 410.
1218 1068 1502 1138 Inebarta
1535 1069 1593 1126 S.

35 1165 268 1236 Stephani
293 1166 359 1226 de
394 1163 643 1222 Vallibus
671 1165 896 1221 donatio
942 1166 1194 1238 quaedam
1229 1166 1428 1238 legitur
1453 1166 1598 1222 facta

35 1258 128 1315 iuic
173 1260 544 1328 monasterio,
587 1275 686 1330 per
729 1276 926 1315 manus
981 1259 1166 1315 Amati
1196 1261 1597 1332 archiepiscopi

36 1352 161 1408 lurd.
199 1368 292 1408 an.
325 1353 486 1422 1104,
523 1369 634 1425 qua
664 1354 731 1410 de
773 1370 834 1411 re
868 1354 1164 1410 videndum
1208 1355 1264 1409 in
1295 1355 1598 1428 Reginaldo

35 1447 159 1517 uujus
185 1445 295 1502 loci
320 1447 533 1503 abbate.
557 1446 814 1502 Attamen
841 1447 1052 1504 Beslius
1073 1447 1293 1502 exhibet
1315 1448 1369 1502 in
1399 1449 1599 1519 proba-

34 1539 142 1595 ione
178 1538 322 1595 Hist.
352 1541 538 1596 comit.
574 1539 806 1610 Pictav.,
844 1557 895 1598 c.
931 1540 1023 1609 28,
1055 1541 1300 1596 tabulam
1331 1541 1598 1614 Angeria-

34 1631 177 1688 {ensis
211 1627 550 1701 monasterii,
601 1632 658 1688 in
687 1648 796 1703 qua
825 1633 1024 1705 legitur
1053 1650 1067 1687 :
1100 1652 1118 1684 ‹
1151 1633 1254 1687 Αη.
1290 1625 1448 1700 1102,
1493 1631 1597 1688 Pa-

35 1725 167 1782 chali
192 1723 325 1794 PP.,
348 1724 601 1797 Philippo
631 1742 758 1799 rege
778 1725 1140 1794 Francorum,
1159 1726 1436 1783 Willelmo
1457 1727 1597 1783 duce

33 1818 326 1887 tquitaniaa,
374 1804 671 1874 Ramnulfo
713 1817 881 1889 episc.
909 1817 1261 1886 Santonensi,
1291 1817 1594 1890 Burdegala

42 1910 221 1966 iduata
273 1919 490 1982 pastore
546 1912 745 1970 Amato
802 1913 1218 1985 archiepiscopo
1261 1913 1515 1969 obcunte.
1567 1933 1587 1966 ι

1702 601 1976 660 Chronico
1998 604 2363 664 Malleacensi.
2397 607 2586 681 Itaque
2614 627 2902 670 censemus
2926 615 3183 676 Amatum
3209 633 3308 687 aut;

1703 702 1946 756 animam
1991 701 2205 758 eﬁlasse
2239 719 2385 759 anno
2423 705 2582 773 1101,
2620 707 2709 762 die
2752 709 2822 763 22
2863 708 3022 778 Maii,
3071 723 3166 771 aut
3207 735 3290 776 an.

1703 791 1864 860 1102,
1897 793 2043 864 quod
2070 794 2284 848 videtur
2311 795 2610 864 signiﬁcari
2629 798 3088 872 inAngeriacensi
3110 808 3290 872 charta

1703 883 1771 941 iis
1795 885 2015 942 verbis:
2050 905 2070 938 ‹
2091 886 2250 943 Anno
2289 887 2567 945 1102......
2612 889 2917 965 Burdegala
2947 896 3167 955 viduata
3196 918 3294 973 pa-

1703 989 1851 1035 store
1881 979 2080 1037 Amato
2107 982 2350 1053 archiep.
2398 985 2654 1040 obeunte.
2692 1006 2710 1039 ›

1775 1073 1890 1129 Sub
1915 1075 2023 1130 hoc
2046 1076 2459 1147 archiepiscopo
2500 1075 2809 1136 Willelmus
2848 1073 2986 1148 Vlll,
3016 1083 3186 1141 totius
3226 1086 3302 1141 Α-

1701 1166 1964 1236 quitania:
1991 1167 2122 1234 dux,
2156 1168 2327 1224 multa
2359 1169 2536 1238 dedit,
2565 1187 2661 1227 seu
2694 1173 2875 1243 potius
2911 1175 3029 1245 jam
3061 1176 3142 1250 ab.
3177 1180 3300 1236 aliis

1701 1258 1829 1314 data
1858 1261 2200 1316 conﬁrmavit
2229 1263 2475 1320 ecclesia:
2520 1263 2900 1338 Burdigalensi
2945 1268 3076 1322 olim
3117 1286 3149 1324 a
3192 1270 3299 1328 Ca-

1701 1355 1822 1410 rolo
1851 1371 2072 1427 magno,
2105 1354 2385 1413 Ludovico
2424 1356 2526 1413 Pio
2567 1360 2688 1430 ejus
2724 1361 2858 1430 ﬁlio,
2909 1371 3037 1432 etc.,
3088 1365 3293 1438 ditatae,

1700 1456 1835 1503 tunc
1861 1463 1992 1502 vero
2039 1449 2302 1518 temporis
2341 1451 2726 1507 miserabiliter
2772 1453 3028 1526 dilapsae;
3085 1459 3295 1516 scilicet

1702 1541 1918 1595 tertiam
1949 1549 2161 1611 partem
2189 1555 2421 1597 camera:
2445 1544 2560 1600 sive
2586 1554 2838 1614 monetae,
2871 1563 2967 1602 seu
2992 1550 3156 1605 etiam
3182 1569 3297 1607 om-

1702 1635 1855 1689 nium
1886 1635 2228 1689 teloneorum
2255 1678 2269 1703 ,
2303 1645 2356 1691 et
2382 1638 2968 1711 curtem-legiam......
3016 1651 3070 1698 et
3108 1645 3294 1702 navim

1702 1727 1931 1782 liberam
1972 1727 2040 1781 ab
2083 1728 2341 1785 omnibus
2383 1731 2635 1786 teloneis.
2673 1730 2881 1787 Cmtera
2921 1733 3025 1804 legi
3065 1746 3300 1806 possunt

1705 1819 1758 1873 in
1789 1819 2087 1888 diplomate
2118 1820 2263 1890 quod
2295 1821 2470 1876 edidit
2492 1821 2763 1894 Lopesius
2788 1824 2946 1879 tertia
2971 1837 3126 1896 parte
3148 1826 3290 1886 Hist.

1706 1927 1754 1967 c.
1787 1912 1839 1980 8,
1867 1928 1990 1984 pag.
2023 1913 2148 1968 565.
3121 1905 3130 1912 ’

38 2100 3281 2140 mw

1332 2331 1974 2443 ΔΜΔΤῙ

652 2557 1638 2678 BURDEGALENSIS
1715 2539 2644 2683 ARCHIEPISCOPI

1242 2817 1991 2944 EPISTOLXE

1479 3048 1810 3073 ~—

129 3347 199 3388 ΔΙ)
239 3345 526 3387 κλυσιρῦιι
571 3343 928 3386 τυιιοιηεκειῑι
965 3342 1443 3384 ARCBIEPISCOPUI.

32 3425 62 3478 't
114 3424 344 3481 concilio
381 3423 771 3496 Burdegalensi
825 3422 1065 3491 intersit,
1116 3430 1168 3477 et
1219 3420 1284 3478 de
1331 3418 1585 3476 Gervast'o

530 3515 589 3572 S.
619 3515 806 3571 Savim'
839 3514 1046 3570 abbate.

31 3610 56 3668 τ.
92 3611 253 3669 Sunt.
283 3619 401 3668 not.
443 3611 512 3666 ad
541 3609 700 3681 epist.
745 3607 816 3681 20
843 3608 979 3681 libri
999 3624 1018 3663 ι
1053 3606 1223 3681 110111*ζ
1264 3604 1583 3681 Yindocin.,

271 3692 327 3740 et
355 3675 590 3738 Manum:
623 3679 820 3735 Annal.
851 3688 891 3735 t.
933 3677 1000 3747 ν,
1030 3694 1086 3751 p.
1120 3675 1283 3752 515.)

57 3801 306 3868 Annus,
327 3794 627 3856 Ellorensis
647 3797 962 3869 episcopus,
989 3803 1301 3866 sanctasque
1325 3792 1588 3850 Romanae

31 3893 248 3950 cclesia:
276 3891 376 3948 Dei
405 3892 580 3965 gratia
600 3891 831 3963 legatus,
849 3887 1126 3958 RABULFO,
1154 3889 1454 3978 venerabili
1470 3887 1584 3945 Tu-

32 4002 252 4042 morum
281 3985 721 4058 archiepisc0po,
751 3984 984 4040 salutem
1016 3991 1072 4040 et
1099 3998 1264 4040 omne
1291 3983 1498 4038 bonum
1528 3983 1585 4039 in

31 4079 222 4136 omino
239 4077 373 4136 Jesu
402 4077 646 4135 Christo.

53 4169 281 4228 Noverit
309 4180 494 4228 vestra
538 4171 801 4240 charitas,
851 4171 1021 4227 frater
1059 4170 1434 4240 dilectissime,
1482 4185 1586 4227 nos

35 4266 316 4322 ictoritate
345 4265 441 4322 Dei
471 4266 884 4338 omnipotentis,
911 4266 1270 4337 omniumque
1296 4265 1587 4337 legationis

32 4368 189 4416 astra:
219 4359 628 4431 episcoporum,
663 4360 945 4427 abbatum,
971 4359 1280 4430 principum
1310 4373 1587 4414 consensu

31 4455 282 4510 meilium
328 4455 646 4528 Burdegalae
700 4455 759 4511 in
809 4464 1001 4512 octava
1075 4455 1251 4512 sancti
1305 4453 1586 4510 Michaelis

31 4551 375 4607 elebrandum
399 4550 774 4607 constituisse.
799 4548 1143 4622 Quapropter
1177 4549 1417 4606 fraterna
1451 4549 1586 4605 dile-

32 4647 166 4701 ione
178 4661 277 4701 vos
293 4645 537 4718 rogando
559 4645 940 4712 admonemus,
962 4653 1016 4698 et
1031 4643 1329 4714 apostolica
1345 4641 1584 4698 auctori-

32 4749 90 4794 te
116 4739 364 4809 jubendo
392 4739 762 4810 praecipimus,
803 4747 1098 4808 quatenus,
1129 4736 1584 4792 reerastinatione

31 4833 308 4902 istposita,
336 4848 460 4887 cum
491 4830 750 4887 omnibus
781 4830 1142 4902 sullraganeis
1171 4831 1390 4897 vestris,
1417 4831 1588 4886 eccle-

32 4942 193 4996 aeque
223 4935 414 4983 vestrae
449 4926 752 4998 privilegiis
784 4926 852 4982 ad
882 4925 1177 4981 concilium
1204 4925 1582 4997 supradictum

32 5018 240 5085 :niat'ts,
295 5028 355 5074 ut
401 5020 634 5076 consilio
677 5028 864 5074 vestro
909 5018 1218 5089 solatioque
1275 5034 1444 5074 causa
1485 5017 1580 5072 Dei

31 5113 362 5180 infirmetur,
404 5122 459 5168 et
504 5111 765 5168 Ecclesia:
804 5121 998 5168 vestra:
1031 5111 1281 5182 iustitiae,
1330 5128 1430 5182 pro
1471 5128 1582 5181 qua

31 5213 255 5264 ictenus
290 5221 504 5279 magna:
549 5207 891 5278 diversaeque
935 5207 1314 5263 contentiones
1351 5207 1582 5264 exstite-

39 5305 138 5363 nt,
163 5296 276 5354 Deo
299 5308 576 5356 annuente
602 5299 943 5356 restituetur.
984 5296 1097 5354 Nos
1125 5308 1328 5366 autem,
1361 5298 1407 5354 si
1435 5297 1582 5356 Deus

32 5391 316 5461 'rmiserit,
345 5394 402 5449 in
433 5395 745 5452 reversione
787 5403 975 5449 nostra
997 5393 1066 5449 de
1093 5392 1371 5448 Britannia
1394 5393 1580 5450 vobis-

32 5499 111 5538 Lm
160 5485 472 5556 loquemur,
509 5495 572 5542 ut
614 5486 881 5558 quidquid
921 5503 1086 5558 super
1131 5487 1218 5542 his
1259 5486 1582 5556 caeterisque

32 5578 220 5649 egotiis
241 5581 442 5638 vestris
470 5582 918 5640 constituendum
943 5583 1036 5650 sit,
1067 5581 1182 5638 Deo
1203 5581 1581 5652 omnipotente

31 5669 260 5726 .buente
281 5672 576 5729 salubriter
590 5673 929 5730 ordinemus.
955 5673 1230 5731 Caeterum
1254 5671 1581 5728 fraternitati

31 5778 88 5817 ac
147 5773 338 5822 notum
375 5765 496 5822 ﬁeri
549 5767 826 5836 volumus,
874 5764 976 5824 nos
1025 5768 1081 5823 in
1115 5768 1348 5824 ecclesia
1394 5766 1580 5824 Sancti

32 5855 195 5924 Nini,
214 5875 338 5930 qua:
353 5861 460 5917 sita
483 5862 646 5917 estin
666 5877 806 5934 pago
827 5861 1160 5930 Pictavensi,
1186 5880 1361 5934 nuper
1384 5862 1575 5931 fuisse,

43 5942 309 6018 ejusdem
349 5953 597 6011 ecclesia:
627 5956 880 6014 abbatem
913 5956 970 6013 in
1000 5957 1240 6028 capitulo
1273 5957 1578 6014 monacho-

346 6047 622 6112 Punon.
661 6049 835 6113 CLV.

1616 3236 1663 3294 B
1688 3247 1812 3287 rum
1832 3229 2210 3288 Simoniacum
2233 3233 2644 3305 comprobasse.
2665 3235 2769 3294 Cui
2783 3243 3087 3313 apostolica
3105 3259 3295 3323 aucto-

1689 3324 1854 3379 ritate
1884 3325 2276 3395 praecepimus,
2315 3333 2377 3380 ut
2410 3324 2696 3384 Pictavum
2745 3330 2868 3401 iret,
2919 3346 3193 3408 quatenus
3231 3344 3292 3401 in

1689 3417 1982 3488 praesentia
2007 3426 2198 3473 nostra
2229 3417 2378 3473 illius
2407 3418 2638 3476 haeresis
2673 3419 2984 3482 Pictavensi
3031 3429 3294 3504 episcopo

1689 3508 1983 3565 manifesta
2014 3508 2189 3574 ﬁeret,
2225 3508 2320 3580 qui
2363 3519 2554 3568 reatus
2597 3512 2686 3568 sui
2723 3522 2932 3573 terrore
2971 3533 3292 3594 percussus,

1688 3604 1975 3661 Pictavum
2003 3603 2084 3659 ire
2110 3603 2316 3672 renuit,
2341 3612 2396 3660 et
2423 3607 2732 3665 reverentia
2773 3609 2861 3664 sui
2891 3611 3101 3670 ordinis
3119 3623 3295 3688 atque

1690 3698 1852 3754 officii
1899 3697 2227 3769 postposita,
2267 3698 2500 3769 arreptis
2541 3701 2873 3771 quibusdam
2906 3705 3154 3764 ecclesia:
3178 3725 3294 3767 suae

1688 3793 1937 3864 reliquiis
1962 3801 2017 3848 et
2057 3793 2398 3849 ornamentis
2432 3809 2585 3850 more
2613 3794 2754 3854 furis
2790 3797 3023 3872 aufugit.
3052 3799 3293 3859 Proinde

1689 3889 1788 3943 tibi
1808 3886 2176 3958 praecipiendo
2206 3888 2536 3945 mandamus
2570 3898 2634 3947 ut
2673 3890 2724 3945 si
2752 3891 3072 3964 hujusmodi
3102 3895 3287 3952 homi-

1689 3998 1814 4038 nem
1858 3980 1914 4035 in
1937 3981 2163 4038 dimcesi
2200 3991 2295 4037 tua
2324 3981 2572 4040 invenire
2599 3985 2830 4055 poteris,
2865 3987 2988 4058 capi
3009 3986 3204 4058 facias,
3234 3999 3292 4048 et

1687 4074 1997 4131 Pictavensi
2045 4075 2304 4146 episcopo
2367 4092 2494 4132 cum
2542 4078 2820 4148 praedictis
2871 4081 3120 4139 ecclesiae
3171 4099 3290 4142 sua:

1689 4169 1879 4240 spoliis
1902 4169 2119 4225 reddas.
2148 4168 2206 4224 Si
2235 4185 2366 4226 vero
2389 4171 2544 4226 illum
2574 4187 2699 4228 cum
2731 4174 2923 4244 spoliis
2950 4191 3059 4233 non
3082 4178 3290 4249 poteris

1687 4263 1934 4332 reddere,
1969 4263 2184 4332 saltem,
2207 4263 2254 4320 si
2281 4265 2506 4336 poteris,
2539 4267 2716 4338 spolia
2741 4268 2925 4325 redde.

2456 4379 2521 4438 ll.

1891 4491 1960 4530 AD
1998 4488 2304 4531 GOPFRIDUM
2339 4491 2586 4532 ΔΒΒΔΤΕΙ
2622 4493 3068 4536 γιυοοοικεαεειί.

1612 4608 1654 4667 C
1689 4565 1974 4640 Signiﬁcat
2031 4571 2353 4667 restitutam,
2403 4572 2729 4626 monasterio
2795 4571 2945 4627 illius
3010 4571 3289 4630 ecclesiam

2286 4641 2678 4698 Oleronensem.

2059 4733 2312 4806 (MABILL.
2347 4735 2545 4790 Annal.
2575 4733 2639 4803 V,
2668 4751 2723 4804 p.
2754 4734 2906 4802 657.)

1755 4835 2005 4893 amatus,
2033 4825 2129 4882 Dei
2157 4828 2330 4899 gratia
2361 4827 2779 4900 Burdegalensis
2818 4829 3284 4905 archiepiscopus,

1684 4920 1830 4976 sedis
1857 4921 2172 4990 apostolicae
2195 4921 2429 4992 legatus,
2457 4920 2658 4976 dilecto
2687 4921 2800 4977 filio
2842 4921 3119 4982 Gorrntno
3144 4925 3283 4982 Vin-

1684 5013 1972 5070 docinensi
2017 5014 2224 5081 abbati,
2251 5022 2308 5068 et
2351 5013 2456 5084 sibi
2494 5015 2808 5072 commissae
2833 5019 3289 5090 congregationi,

1684 5107 1939 5163 salutem.

1757 5201 1912 5260 Sicut
1944 5202 2310 5260 charissimus
2346 5201 2491 5259 ﬁlius
2521 5209 2711 5258 noster
2755 5201 3081 5261 Guillelmus
3109 5206 3286 5278 Aqui-

1685 5306 1940 5353 tanorum
2011 5297 2124 5353 dux
2197 5311 2300 5352 nos
2362 5296 2730 5364 contristavit,
2788 5314 2915 5353 cum
2989 5301 3283 5357 ecclesiam

1686 5391 1743 5446 S.
1785 5391 2026 5462 Georgii,
2087 5405 2209 5461 qum
2249 5399 2335 5445 est
2383 5391 2437 5444 in
2467 5389 2731 5457 Olerona,
2763 5407 2889 5449 cum
2935 5387 3283 5463 pertinentiis

1683 5485 1801 5542 suis
1846 5484 2002 5541 vobis
2049 5484 2297 5553 abstulit,
2351 5491 2407 5539 et
2451 5483 2648 5539 Ebloni
2701 5484 2766 5540 de
2814 5494 2998 5542 castro
3048 5485 3283 5544 Allionis
3351 5545 3356 5548 .

1681 5578 1868 5646 dedit;
1949 5577 2030 5634 sic
2099 5592 2204 5633 nos
2280 5577 2606 5644 latiﬁcavit,
2673 5592 2799 5632 cum
2877 5577 2949 5634 ab
3013 5575 3280 5650 iniustitia

1683 5688 1783 5728 sua
1822 5671 2172 5742 resipiscens,
2219 5671 2400 5726 ablata
2461 5670 2619 5726 vobis
2666 5670 2928 5740 restituit,
2972 5679 3027 5726 et
3071 5671 3280 5726 donum

1682 5769 1829 5840 quod
1857 5766 2184 5823 venerabilis
2220 5780 2408 5822 comes
2438 5765 2862 5837 Andegavorum
2905 5764 3184 5821 Goﬁ'ridus
3211 5765 3280 5820 de

1681 5862 1870 5918 eadem
1895 5861 2127 5918 ecclesia
2148 5869 2204 5918 et
2227 5859 2360 5917 aliis‘
2374 5860 2540 5916 rebus
2565 5860 2622 5915 in
2642 5858 2950 5916 Pictavensi
2974 5866 3027 5914 et
3048 5856 3276 5932 sanctoo

1685 5956 1842 6014 nensi
1879 5971 2018 6029 pago
2057 5963 2243 6013 vestro
2291 5953 2625 6011 monasterio
2655 5953 2879 6018 fecerat,
2909 5950 3273 6008 conﬁrmavit.

2837 6048 2912 6110 52
