3814 6346
627 335 656 391 ί
667 334 772 391 645

1654 333 1941 392 AMATUS
1974 333 2550 394 BURDEGALENSIS
2586 334 2909 415 ARCHIEP.
3597 355 3675 414 tu;

619 451 853 522 Insuper
888 453 1053 508 etiam
1107 465 1209 508 nos
1255 451 1535 509 humiliter
1581 453 1812 524 rogavit,
1861 460 1924 508 ut
1971 453 2218 509 eamdem
2247 461 2296 520 Α
2325 463 2380 512 et
2436 469 2626 512 nostra
2668 457 2773 512 sub
2817 455 3157 512 anathemate
3201 459 3490 531 prohibentes,
3516 470 3679 529 utnuin

613 562 779 602 suam
797 546 1195 602 restitutionem
1219 555 1274 602 Cl
1296 547 1706 603 concessionem
1730 557 1933 603 sanctae
1958 545 2220 603 Romanae

613 637 885 695 Ecclesia:
932 639 1256 695 auctoritate
1305 650 1358 694 et
1405 647 1593 696 nostra
1640 640 2116 707 conﬁrmaremus,
2161 649 2220 695 ut

613 729 697 785 ita
738 731 913 786 libere
947 739 1002 786 et
1056 732 1238 802 quiete
1275 733 1458 786 omnia
1501 748 1622 803 quae
1663 733 1993 789 venerabilis
2032 749 2218 789 comes

617 821 902 878 Goﬂ‘ridus
926 830 981 878 et
1001 838 1142 878 uxor
1168 823 1288 892 ejus
1342 825 1524 895 Agnes
1561 825 1844 880 comitissa
1879 824 2217 881 Pictavensis

629 915 790 970 vobis
821 917 1103 983 dederant,
1141 930 1241 971 vos
1273 925 1324 971 et
1365 933 1714 974 successores
1745 919 1910 974 vestri
1935 919 2059 988 jure
2088 934 2216 989 per-

619 1015 790 1077 petuo
838 1010 1212 1080 possideretis,
1254 1010 1398 1066 sicut
1458 1011 1579 1082 ipso
1627 1028 1694 1067 eo
1741 1012 1827 1068 die
1863 1012 2221 1082 possidebant

608 1115 732 1170 quo
758 1118 824 1157 ea
845 1112 1027 1159 vestro
1051 1105 1402 1160 contulerunt
1424 1107 1779 1162 monasterio.
1814 1105 2221 1164 Conﬁrmamus

2327 549 2584 620 deinceps
2639 565 2704 605 ea
2737 550 2895 606 vobis
2931 548 3160 616 auferre,
3192 551 3266 606 vel
3297 567 3529 610 concessam
3543 559 3680 617 tobis'n

2325 643 2406 697 cis
2432 642 2740 698 libertatem
2768 643 2974 698 violare
2995 654 3285 714 praesumat.
3305 645 3395 702 Hoc
3409 649 3523 704 etiam
3537 657 3682 708 Ventilet

2327 736 2708 804 testilicamur,
2757 739 2906 808 quod
2963 736 3098 792 Eblo
3138 738 3201 792 de‘
3238 737 3400 794 Castro
3432 741 3585 798 Allionis
3609 747 3682 802 huc

2326 829 2729 886 restitutionem
2752 830 2910 886 vobis
2949 828 3145 885 factam
3166 831 3228 886 de
3255 833 3437 888 ecclesia
3457 832 3498 887 S.
3515 834 3643 906 Georgii
3659 850 3686 893 et

2325 921 2446 992 ejus
2488 922 2832 993 pertinentiis
2863 922 3153 988 concessit,
3183 922 3438 992 imprecans
3458 927 3686 982 omnibusin

2321 1013 2418 1070 Dei
2456 1014 2896 1070 maledictionem
2945 1014 3043 1086 qui
3089 1029 3152 1070 ea
3182 1011 3564 1072 Vindocinensibus
3589 1035 3690 1073 mon-

2325 1109 2445 1165 chis
2476 1108 2774 1181 auferrent,
2823 1109 2914 1166 vel
2953 1123 3272 1182 quocunque
3297 1109 3628 1182 _modoveosindc
3645 1113 3687 1166 ia-

555 1219 562 1240 ;
609 1192 789 1264 igitur
825 1195 1073 1251 eamdem
1115 1197 1542 1264 restitutionem,
1589 1207 1644 1253 et
1681 1198 1830 1252 illam
1863 1213 2051 1269 quam,
2079 1197 2225 1254 sicut
2323 1201 2650 1275 quietarent.

604 1281 857 1343 dicimus
880 1287 1059 1357 vobis,
1102 1289 1413 1346 libertatem
1453 1292 1748 1360 concessit,
1778 1285 2106 1350 auctoritate
2128 1289 2224 1347 Dei

601 1383 608 1410 t

605 1431 3682 1476 Μ

1547 1673 2102 1768 SYNODUS
2173 1669 3019 1765 GERUNDENSIS

741 1866 1065 1932 Celebrata
1099 1869 1486 1934 temnort'bus
1523 1869 1822 1949 Gregorii
1853 1887 2060 1950 papw,
2098 1870 2372 1934 instante
2398 1869 2695 1948 episcopo
2729 1869 2952 1928 Amata
2987 1867 3122 1948 eius
3159 1866 3342 1947 legato
3389 1883 3512 1926 anno
3536 1864 3640 1926 1078.

615 2027 801 2105 (Eruit
831 2048 904 2094 ex
935 2052 1042 2096 ms.
1075 2035 1420 2096 Gerundensi
1446 2035 1855 2094 illustrissimus
1879 2035 2136 2094 dominus
2158 2033 2432 2105 Iosephus
2479 2035 2547 2090 de
2577 2033 2854 2105 Taverner
2888 2034 3230 2105 d’Ardenne,
3263 2034 3510 2092 canonicus

1403 2108 1613 2167 nensis.
1649 2137 1721 2149 —-
1742 2106 1925 2165 Edidit
1951 2106 2013 2162 D.
2055 2104 2342 2174 Marene,
2365 2105 2623 2163 Anecdot.
2656 2116 2697 2164 t.
2722 2104 2813 2176 Ν,
2835 2122 2892 2178 p.
2931 2104 3122 2178 1187.)

704 2301 773 2368 ,ι’ἰ.

696 2591 853 2649 Anno
895 2590 1194 2648 Dominicaa
1230 2591 1630 2649 lncarnationis
1672 2589 2076 2662 septuagesimo
2115 2604 2212 2646 oc-
2247 2571 2292 2650 B
2316 2589 2483 2644 modo
2515 2588 2836 2660 possideant
2856 2589 3266 2647 ecclesiasticos
3288 2588 3506 2654 honores,
3522 2597 3710 2658 quospiam

607 2693 746 2744 navo
794 2693 920 2756 post
966 2684 1321 2740 millesimum
1375 2683 1636 2740 convenit
1682 2683 1738 2737 in
1801 2681 2214 2737 Gerundensem

607 2778 909 2834 ecclesiam
939 2788 1128 2834 sancta
1151 2778 1395 2850 synodus
1416 2777 1798 2847 episcoporum
1828 2775 1912 2830 vel
1929 2774 2210 2840 abbatum,

618 2870 713 2924 ubi
743 2870 865 2925 vice
884 2869 1094 2924 domini
1126 2869 1375 2940 Gregorii
1401 2884 1554 2940 papae
1590 2867 1808 2940 praefuit
1831 2867 2062 2922 Amatus
2097 2867 2213 2937 epi-

617 2978 840 3034 scopus,
862 2973 1066 3019 sanctae
1082 2963 1343 3019 Romanae
1362 2961 1618 3018 Ecclesiae
1639 2963 1870 3033 legatus,
1895 2977 1924 3016 a
1955 2976 2064 3032 quo
2085 2975 2212 3015 cum

617 3064 944 3110 czeterorum
974 3055 1287 3113 cohibentia
1321 3063 1452 3110 sunt
1489 3054 1725 3124 plurima
1761 3053 1973 3108 sancita
2013 3067 2214 3108 secun-

616 3147 750 3200 dum
775 3161 1052 3202 canonum
1074 3146 1315 3214 decreta,
1343 3145 1412 3200 de
1453 3144 1654 3215 quibus
1684 3143 2002 3199 referuntur
2035 3157 2213 3214 pauca

579 3249 590 3256 ·
615 3253 689 3293 ne
715 3238 889 3295 nostri
926 3239 1174 3296 dividant
1196 3236 1262 3311 [f.
1292 3235 1571 3308 decidant]
1600 3236 1887 3292 memoria.

577 3429 584 3438 '
687 3425 951 3483 Primitus
1007 3426 1152 3482 enim
1211 3424 1499 3482 constituit
1545 3423 1614 3480 de
1655 3423 1742 3478 his
1795 3422 1891 3493 qui
1941 3421 2212 3478 assistunt

603 3522 773 3576 altari
815 3521 868 3576 in
910 3519 1277 3576 ministrando
1311 3517 1533 3588 corpori
1566 3525 1622 3572 et
1662 3516 1930 3588 sanguine
1963 3513 2208 3582 Domini,

601 3615 865 3671 videlicet
900 3613 1315 3681 sacerdotibus,
1349 3611 1552 3679 levitis,
1598 3611 1714 3667 sive
1753 3608 2127 3676 subdiaconis,
2155 3615 2213 3663 et
2287 3633 2290 3636 θ

611 3708 707 3778 qui
748 3707 805 3761 in
853 3707 1000 3764 clero
1041 3706 1288 3778 deputati
1337 3703 1712 3761 excellentiori
1768 3701 2108 3758 devoverant
2149 3716 2212 3757 se

608 3801 754 3867 vitae,
784 3802 930 3857 utin
967 3801 1119 3856 nullo
1164 3799 1528 3858 contubernio
1568 3799 2050 3855 communicentur
2085 3812 2210 3852 mu-

606 3897 856 3954 lieribus.
899 3897 958 3952 Si
983 3897 1110 3969 quis
1131 3911 1262 3952 vero
1286 3896 1354 3952 de
1385 3904 1582 3951 caetero
1603 3894 1785 3965 palam
1815 3892 2091 3964 nupserit,
2121 3892 2208 3948 vel

604 3991 977 4047 concubinam
997 3957 1236 4060 duxerit,
1263 3989 1465 4063 gradus
1499 3975 1586 4046 sui
1604 3957 1665 4042 et
1703 3957 1932 4042 honoris
1959 3957 2206 4056 periculo
2233 3957 2280 4022 θ

602 4084 912 4155 subjaceat,
953 4091 1010 4140 et
1033 4098 1066 4140 a
1093 4082 1266 4140 choro
1320 4090 1500 4152 exeat,
1543 4079 1910 4152 quoadusque
1941 4077 2208 4136 canonice

609 4175 933 4235 satisfaciat.

1377 4265 1444 4322 ll.

682 4361 818 4417 Item
875 4359 1124 4417 decernit
1166 4369 1234 4417 It
1293 4358 1478 4414 nullus
1529 4357 1915 4428 episcoporum
1966 4356 2206 4427 aliquem

608 4453 872 4511 clericum
899 4454 958 4509 in
985 4451 1229 4509 Ecclesia
1259 4467 1360 4508 sua
1387 4451 1583 4508 audeat
1610 4466 1708 4522 per
1726 4450 2014 4521 pecuniam
2037 4450 2208 4506 subli-

607 4561 764 4603 mare
807 4546 923 4603 sive
964 4559 1311 4618 promovere,
1376 4544 1462 4600 vel
1516 4543 1923 4601 ecclesiasticos
1966 4544 2206 4599 honores

525 4673 530 4676 -
607 4639 865 4696 vendere.
891 4636 987 4694 Ille
1014 4653 1145 4696 vero
1168 4638 1265 4710 qui
1299 4638 1514 4706 emerit,
1544 4652 1659 4692 non
1684 4637 1865 4693 solum
1897 4637 1968 4693 sit
1990 4637 2206 4692 alienus

534 4771 536 4773 ›
603 4749 638 4788 a
681 4731 949 4804 dignitate
997 4748 1166 4804 quam
1221 4731 1474 4803 pecuniis
1532 4729 1849 4802 acquisivit,
1896 4730 1992 4785 sed
2038 4729 2207 4785 etiam

541 4891 550 4900 ι
598 4826 832 4898 proprio
890 4825 1086 4899 gradu,
1138 4833 1194 4882 et
1247 4825 1804 4882 excommunicationi
1864 4825 2206 4896 succumbat,

599 4915 782 4973 donec
801 4917 951 4990 quod
972 4917 1181 4973 malum
1201 4917 1442 4974 obtinuit
1463 4917 1722 4973 dimittat.

543 5150 558 5178 ὲ
682 5101 816 5158 Item
869 5102 1238 5174 promulgavit
1292 5103 1442 5174 quod
1493 5101 1678 5158 nullus
1727 5101 2204 5174 presbyterorum,

605 5195 990 5265 diaconorum,
1021 5196 1491 5252 subdiaconorum
1534 5195 1682 5253 ﬁlius
1707 5195 1763 5250 in
1799 5195 1991 5252 eadem
2017 5193 2207 5252 Eccle-

584 5287 586 5290 ’
607 5289 694 5348 sia
732 5290 1014 5363 possideat
1033 5299 1297 5363 paternos
1321 5289 1584 5348 honores.

1357 5382 1449 5442 1V.

677 5476 811 5536 Item
834 5479 983 5550 quod
1011 5478 1338 5536 clericorum
1369 5477 1468 5534 ﬁlii
1500 5477 1571 5534 ad
1605 5477 1830 5534 altiores
1850 5476 2054 5549 gradus
2085 5492 2198 5536 non

601 5580 1072 5645 promoveantur;
1095 5571 1154 5626 in
1174 5570 1414 5643 acceptis
1439 5579 1622 5628 autem
1645 5570 1905 5643 gradibus
1922 5579 2205 5644 maneant,

606 5665 719 5742 nisi
742 5664 857 5719 vita
878 5663 989 5720 illis
1017 5663 1315 5719 obstiterit.

871 5747 904 5777 ⁸
1379 5753 1442 5812 γ.

587 5849 603 5942 ’γ
683 5845 819 5930 item
839 5846 937 5908 ﬁlii
958 5848 1303 5927 clericorurn,
1333 5857 1447 5942 tam
1467 5848 1596 5910 laici
1620 5866 1787 5928 quam
1816 5852 2021 5942 clerici,
2049 5854 2202 5924 nuilo

2317 2697 2511 2737 eorum
2544 2697 2646 2754 pro
2693 2681 2960 2739 beneﬁcio
2991 2681 3256 2740 Ecclesiae
3296 2682 3565 2748 habuerunt,
3589 2679 3640 2734 vel
3659 2679 3714 2732 mi

2317 2784 2578 2845 nuerunt,
2600 2776 2697 2848 qui
2723 2777 3143 2848 praetermiserit
3162 2777 3600 2834 exconimunicelur.

3086 2869 3180 2925 Vl.

2385 2959 2637 3016 Decrevit
2675 2960 2839 3016 etiam
2882 2970 2944 3016 ut
2991 2962 3183 3017 clerici
3241 2977 3384 3016 arma
3421 2957 3646 3016 deferentis,
3671 2953 3720 3003 [δέ-ἑ

2314 3039 2624 3111 dimiserint
2662 3070 2817 3110 arma
2869 3053 2982 3109 sint
3015 3053 3183 3110 alieni
3226 3070 3257 3108 a
3287 3067 3486 3124 corpore
3513 3060 3552 3104 et
3579 3045 3719 3114 salrgmr

2314 3146 2558 3216 Domini,
2589 3156 2644 3204 et
2667 3147 2738 3202 ab
2770 3147 3028 3219 ingressu
3067 3148 3242 3204 totius
3279 3147 3494 3204 ecclesia:
3522 3153 3560 3198 et
3583 3139 3723 3194 Christu-

2313 3253 2515 3293 nomm
2567 3238 2872 3309 εθΡΠῙῑυη,
2914 3249 2970 3294 et
3018 3240 3176 3294 omni
3228 3237 3563 3295 communione
3592 3228 3722 3285 teriri:-

2314 3334 2472 3402 stica,
2523 3349 2808 3405 nunquam
2859 3334 3104 3406 amplius
3155 3335 3215 3389 in
3287 3332 3472 3389 Christi
3514 3323 3722 3383 lla-lean

2312 3423 2556 3495 majores
2595 3424 2837 3480 honores
2871 3424 2985 3481 sive
3013 3425 3225 3497 gradus
3267 3425 3314 3481 si
3341 3421 3530 3478 rebelles
3553 3417 3722 3473 animi

2313 3519 2672 3576 sublimandi.

3050 3611 3170 3668 VII.

2383 3704 2515 3762 Item
2567 3705 2854 3762 constituit
2901 3723 2971 3762 ne
3006 3706 3253 3762 clericus
3297 3704 3500 3761 barbam
3530 3699 3590 3753 vei
3624 3706 3724 3749 eam."

2311 3798 2540 3865 nutriat,
2592 3798 2677 3853 vel
2730 3813 2994 3854 coronam
3045 3799 3252 3870 capitis
3300 3793 3572 3855 abscondat,
3605 3801 3667 3840 n-JI
3689 3797 3722 3832 π·

2311 3891 2490 3946 dendo
2505 3891 2588 3947 vel
2612 3907 2808 3962 parum
2825 3891 3102 3960 faciendo,
3125 3899 3389 3963 tanquam
3410 3888 3652 3944 erubescam
3665 3877 3730 3946 i54

2309 3985 2367 4040 in
2419 3985 2765 4042 lizereditaria
2835 3985 3043 4042 Christi
3109 3998 3263 4042 sorte
3333 3985 3399 4040 sit
3433 3981 3605 4040 electus
3645 3981 3726 4022 ’δέ

2308 4078 2542 4135 ulterius
2571 4078 2762 4136 induat
2792 4078 3053 4136 militaria
3081 4079 3407 4136 indumenta
3434 4070 3614 4132 diversis
3631 4075 3728 4120 γεω

2309 4171 2625 4262 coloribus.

3027 4259 3174 4320 VIII.

2381 4352 2440 4409 In
2463 4354 2944 4427 consanguinitate
2970 4357 3289 4427 conjuncti,
3316 4355 3418 4410 nisi
3464 4351 3591 4420 digna
3620 4339 3726 4395 ςιῖέτ

2309 4447 2496 4503 ctione
2524 4455 2854 4517 separantur
2899 4448 3144 4519 separati
3193 4449 3270 4506 ab
3310 4444 3521 4505 ecclesia
3552 4447 3592 4495 et
3622 4440 3730 4499 CW"

2308 4539 2519 4596 Christi
2547 4548 2826 4596 maneant.

3059 4630 3156 4687 IX.

2380 4723 2770 4780 Concubinarii
2803 4737 2936 4780 vero
2978 4731 3035 4780 et
3088 4723 3366 4789 usurarii,
3414 4709 3728 4780 nisi

2308 4819 2879 4878 excommunicentur.

3077 4911 3149 4967 X.

2382 5007 2696 5063 Sanxerunt
2717 5006 2882 5062 etiam
2913 5012 2976 5061 ut
3008 5004 3268 5060 omnium
3297 5013 3548 5059 terrarum
3566 4987 3728 5048 (ὶιδιτΜΣ

2307 5116 2474 5172 quam
2502 5099 2840 5156 exsecranda
2869 5097 3175 5152 inﬁdelium
3220 5095 3522 5152 Iudaeorum
3549 5081 3728 5140 sitim“

2305 5193 2539 5261 colebat,
2571 5193 2646 5248 ita
2692 5191 2772 5248 illi
2797 5191 3149 5248 exhiberetur
3191 5188 3442 5246 ecclesia
3461 5184 3512 5240 in
3530 5177 3644 5248 cui“
3663 5177 3730 5238 Ψ

2309 5287 2435 5344 chia
2497 5285 2702 5342 eaedem
2755 5293 2913 5340 terra:
2953 5284 3072 5340 sitae
3105 5291 3324 5350 essent,
3363 5265 3743 5353 quemadndw;

2309 5395 2343 5436 a
2371 5377 2702 5437 Christianis
2727 5377 3058 5434 colerentur.
3075 5464 3146 5522 XI

2380 5563 2516 5622 Item
2551 5569 2866 5620 statuerunt
2887 5569 2950 5617 ut
2980 5560 3029 5617 si
3057 5574 3180 5632 qua:
3209 5557 3458 5615 ecclesia
3479 5565 3559 5626 per
3582 5541 3732 5617 μεῡιι

2307 5664 2495 5714 essent
2505 5662 2864 5722 consecratae,
2886 5653 3027 5709 vela
3049 5651 3398 5716 Simoniaco,
3421 5665 3448 5702 a
3469 5641 3732 5736 legitimo?

2309 5753 2432 5812 nice
2481 5760 2874 5810 consecrentur
2919 5748 3204 5822 episcopo.
3249 5747 3312 5801 Si
3358 5745 3447 5817 qui
3494 5741 3616 5796 etiam
3649 5735 3718 5824 if"

2307 5845 2597 5936 Pecuniam
2623 5842 2918 5924 Praebde
2939 5841 3027 5902 νει
3049 5857 3079 5902 8
3115 5837 3440 5902 Simoniaco
3480 5841 3578 5894 sunt
3603 5843 3652 5878 es
3681 5833 3696 5846 ο
3742 5847 3743 5850 η
