3814 6346
10 421 162 479 1645

1197 419 1512 480 srmonus
1542 375 2175 482 BUﬂDEGALENSlS.

3163 417 3186 476 1
3199 411 3308 472 646

8 536 212 592 eodem
237 534 404 591 modo
428 549 459 590 a
486 534 760 592 catholico
814 535 1138 592 ordinentur
1177 536 1455 608 episcopo.
1480 532 1603 592 Non
1627 518 1695 598 Α
1727 523 1872 603 tura,
1904 543 1957 593 et
1978 533 2328 608 baptisteriis,
2361 531 2700 592 exactionem
2727 533 2846 591 ﬁeri
2873 531 3100 592 omnino
3120 527 3327 608 prohio‘

7 628 168 684 enim
198 629 257 684 in
281 629 370 684 his
398 628 459 684 ﬁt
481 629 780 698 reiteratio,
810 629 905 686 sed
933 629 1053 702 ipsa
1081 632 1438 699 consecratio,
1465 645 1608 704 quo-

7 722 165 778 niam
197 721 340 778 nihil
362 730 735 794 pnrcesserat,
757 723 907 795 quod
933 732 1115 780 ratum
1142 723 1332 782 haberi
1354 733 1537 798 queat.

769 857 882 916 XII.

67 990 282 1050 Clerici
309 1001 494 1051 autem
545 995 774 1053 alterius
818 996 1059 1070 regionis
1107 1013 1220 1058 non
1266 997 1604 1072 recipiantur

7 1083 125 1142 sine
149 1086 395 1160 propriis
414 1074 692 1160 pontiﬁcis
716 1089 934 1154 litteris.

729 1225 865 1286 XIII.

63 1359 304 1422 Scimus
333 1364 558 1436 quidem
595 1366 752 1424 laicis
800 1369 1064 1427 ecclesias
1109 1386 1221 1428 non
1267 1383 1600 1444 competere,

8 1455 91 1511 ed
151 1455 252 1512 ubi
295 1457 400 1514 illa:
447 1475 515 1514 ex
557 1467 674 1516 toto
727 1460 935 1517 auferri
981 1478 1094 1519 nou
1129 1475 1382 1536 possunt,
1412 1467 1607 1524 saltem

7 1548 315 1608 dilationes
340 1553 636 1610 missarum
668 1567 763 1611 aut
789 1555 984 1612 altaria
1014 1573 1113 1615 seu
1143 1559 1416 1630 primitias
1447 1561 1608 1618 laicis

1719 619 1938 690 bemus.

1782 723 2013 783 Amatus
2039 726 2330 798 episcopus
2358 731 2564 782 sanctae
2585 721 2850 780 Romanae
2867 721 3127 782 Ecclesiae
3151 724 3321 810 l’ega-I

1710 827 1802 877 tus
1831 821 1919 877 his
1945 819 2302 894 synodalibus
2327 818 2499 892 gestis
2555 817 2695 890 qvice
2739 815 2949 874 domini
2995 817 3104 874 mei
3153 828 3311 892 papa

1709 911 2034 984 subscripsi.
2178 975 2184 986 λ

1785 1002 2149 1075 Berengarius
2171 999 2545 1080 Gerundensis
2573 1000 2864 1072 episcopus
2890 999 3215 1070 subscripsi.

1785 1095 2152 1167 Berengarius
2177 1093 2518 1174 Au‘souensis
2545 1093 2839 1164 episcopus
2869 1091 3195 1163 subscripsi.

1785 1187 2130 1245 Raimuudus
2152 1187 2437 1245 Eleueusis
2468 1187 2760 1258 episcopus
2784 1184 3108 1256 subscripsi.
3164 1191 3169 1196 '

1783 1278 2141 1353 Raymuudus
2170 1277 2429 1335 Roteusis
2453 1279 2745 1350 episcopus
2767 1276 3090 1348 subscripsi.

1782 1371 2117 1429 Humbertus
2147 1371 2611 1428 Barchiuoueusis
2642 1369 2932 1440 episcopus
2975 1367 3280 1440 subscripsi

1783 1465 2108 1523 Guillelmus
2127 1464 2526 1522 Couveuieusis
2555 1462 2846 1536 episcOpus
2877 1460 3203 1534 subscripsi.

1780 1557 1950 1616 Fulco
2032 1559 2456 1617 archidiaconus
2535 1572 2702 1631 agens
2753 1556 2901 1614 vices
2963 1551 3326 1630 Urgelleusi,‘

7 1642 233 1699 imnino
262 1644 638 1716 prohibemus.
655 1644 733 1702 De
760 1648 1093 1708 cmmeteriis
1116 1657 1322 1720 autem,
1348 1660 1404 1708 et
1425 1651 1608 1724 sepul-
1710 1653 1956 1726 episcopi
1992 1653 2314 1727 subscripsi.

7 1811 3317 1852 ——-—————————-—————————-——ﬂ-

841 1972 1400 2068 SYNODUS
1471 1974 2456 2068 BURDEGALENSIS

589 2171 812 2236 Amata
846 2169 1212 2252 apostolicae
1236 2167 1401 2234 sedis
1437 2166 1641 2250 legato
1680 2165 1954 2250 preside
1986 2184 2154 2232 anno
2192 2167 2352 2234 1080
2377 2166 2662 2235 habitum

65 2501 268 2559 Omnia
317 2510 441 2558 orta
481 2499 762 2568 occidunt,
803 2507 860 2556 et
910 2507 1072 2556 aucta
1124 2507 1440 2566 senescunt,
1490 2511 1592 2553 nec
1618 2497 1670 2562 B
1701 2496 1844 2568 ipso,
1868 2495 2063 2552 eodem
2111 2504 2372 2568 precante
2419 2496 2712 2570 Willelmo,
2733 2508 2797 2559 ut
2843 2501 2894 2560 si
2938 2501 3294 2575 quandoque,

7 2596 235 2652 multum
269 2593 514 2651 hominis
545 2601 759 2666 tempus
789 2592 1154 2664 protenditur,
1196 2592 1426 2664 ejusque
1469 2606 1588 2647 me-

7 2688 170 2744 moria
198 2687 524 2744 brevissima
545 2686 844 2758 probatur;
877 2685 974 2742 sed
1010 2701 1079 2740 ue
1121 2685 1324 2742 oblivio
1362 2699 1593 2756 prorsus

7 2782 274 2854 praterita
305 2781 617 2848 absorbeat,
635 2794 862 2836 necesse
883 2788 988 2847 est,
1011 2787 1072 2835 ut
1096 2794 1282 2835 rerum
1312 2786 1591 2851 gestarum

7 2875 249 2929 notitiam
282 2874 463 2929 littera
489 2873 740 2940 retineat,
764 2880 1038 2942 quatenus
1066 2870 1198 2942 quid
1229 2870 1302 2926 sit
1330 2869 1591 2927 mutabile

7 2963 212 3022 iuturos
239 2981 350 3023 non
379 2967 563 3022 lateat.
592 2965 764 3039 Igitur
791 2968 898 3022 hoc
934 2981 1177 3037 praesens
1217 2981 1330 3022 non
1375 2965 1592 3038 ignorat

7 3059 262 3128 Ecclesia,
287 3060 384 3116 sed
411 3075 514 3118 nec
542 3061 838 3133 posteritas
869 3059 998 3116 hinc
1055 3059 1260 3116 haereat
1306 3058 1588 3130 ambigua,

7 3155 138 3226 ιιιοά
161 3162 356 3210 nostra
384 3164 600 3226 gestum
624 3165 708 3212 est
746 3153 1057 3226 praesentia.
1092 3151 1209 3224 Ego
1249 3152 1433 3224 itaque
1477 3151 1587 3209 Ge—

8 3249 180 3305 aldus
201 3246 318 3304 Deo
356 3249 624 3322 largiente
653 3249 846 3316 abbas,
878 3246 1133 3320 quamvis
1181 3246 1462 3319 indiguus,
1491 3245 1587 3302 diu

8 3353 309 3414 iptaveram
337 3343 475 3414 eripi
503 3343 571 3400 de
594 3343 890 3400 mundanis
918 3341 1196 3411 ﬂuctibus,
1227 3341 1430 3413 quibus
1455 3357 1588 3399 cou-

13 3437 264 3494 undebar
289 3436 495 3506 acrius,
523 3452 690 3510 quam
718 3435 930 3508 fragilis
951 3433 1095 3492 ferre
1120 3443 1309 3506 posset
1343 3433 1580 3491 animus.

8 3529 262 3586 laterum
284 3530 518 3602 subjecti
537 3530 674 3587 mihi
691 3530 878 3588 minus
899 3528 1248 3596 obediebaut,
1272 3543 1374 3585 nec
1393 3544 1585 3584 eorum

7 3623 167 3679 'errea
203 3623 403 3680 molliri
423 3633 646 3696 pectora
673 3625 984 3695 quiverant,
1007 3637 1150 3694 quos
1168 3623 1388 3693 quidem
1412 3637 1587 3678 saecu-

7 3715 126 3770 aria
183 3714 308 3786 plus
357 3715 531 3772 nimio
588 3715 807 3787 negotia
877 3713 1287 3770 induraveraut.
1341 3713 1586 3784 Denique

7 3816 334 3866 noustrante
352 3809 539 3866 divina
565 3809 856 3886 clementia
883 3805 1104 3880 portum
1131 3807 1346 3875 salutis,
1379 3807 1585 3879 placuit

7 3903 175 3957 mimo
206 3911 364 3959 antra
388 3910 574 3975 petere
598 3902 936 3971 solitudinis,
958 3901 1054 3958 ubi
1068 3901 1220 3957 nulla
1242 3909 1391 3958 esset
1410 3916 1584 3956 saecu-

7 3995 119 4050 aris
142 3995 410 4052 habitatio
431 3995 690 4052 hominis.
716 3993 903 4066 Itaque
923 3993 1305 4051 commendata
1327 3993 1583 4064 episcopo

8 4105 122 4144 :ura
149 4089 432 4146 commissi
459 4089 661 4162 gregis,
691 4104 948 4162 egressus
977 4103 1104 4146 sum
1140 4083 1209 4143 de
1244 4086 1582 4143 monasterio

11 4180 378 4238 omitantibus
407 4181 619 4252 paucis,
647 4181 912 4252 ignorans
940 4180 1170 4237 omnino
1227 4194 1340 4250 quo
1382 4195 1580 4236 cursus

7 4285 129 4328 oret
155 4274 388 4332 itineris.
421 4274 528 4332 Sed
558 4275 802 4345 tandem,
835 4274 1070 4331 Domino
1097 4273 1351 4341 ducente,
1381 4273 1584 4344 quippe

7 4371 84 4440 {ui
116 4385 397 4441 nunquam
431 4371 586 4428 abest
614 4371 968 4442 sperantibus
1004 4369 1062 4426 in
1098 4384 1178 4438 se,
1231 4368 1584 4441 pervenimus

8 4463 44 4518 ,d
86 4463 346 4520 domuum
388 4464 652 4522 Willelm.
686 4464 1062 4522 Pictavensem
1087 4463 1366 4530 comitem,
1397 4463 1580 4518 virum

8 4557 231 4628 ipprime
260 4559 525 4628 nobilem,
552 4559 724 4616 totius
753 4574 973 4631 quoque
1001 4557 1312 4628 Aquitaniae
1360 4555 1577 4625 ducem,

7 4653 79 4721 [ui
110 4653 295 4709 locum
324 4653 576 4709 attribuit
629 4651 790 4709 nobis
840 4665 1168 4722 congruum,
1207 4647 1358 4704 Silva
1407 4646 1582 4718 Major

7 4755 384 4818 iuucupatum,
415 4747 562 4820 quod
587 4746 850 4804 allodiurn
885 4744 961 4800 ita
988 4743 1148 4800 nobis
1169 4743 1238 4798 ab
1275 4741 1370 4798 illo
1415 4741 1581 4798 abso-

9 4850 158 4896 utum
185 4842 456 4910 redditur,
491 4849 553 4898 ut
571 4841 726 4897 nullo
758 4839 833 4896 ibi
868 4837 1170 4910 quidquam
1203 4835 1347 4907 juris
1398 4833 1583 4905 requi-

8 4943 155 5004 -atur,
189 4936 338 4992 sicut
364 4935 531 4992 etiam
561 4935 668 4992 alia
699 4933 951 5005 chartula
981 4939 1234 4988 testatur.
1273 4929 1412 4988 Cum
1447 4943 1580 5001 ergo
1637 4921 1640 4924 ’

12 5027 61 5080 bi
84 5029 272 5086 vellem
290 5029 531 5100 incipere
551 5023 1202 5097 monasterium,perrexi
1227 5023 1296 5080 ad
1317 5023 1581 5080 domuum

7 5119 335 5178 }oscelinum
356 5122 820 5195 Burdegalenscm
839 5119 1337 5191 archiepiscopum,
1353 5118 1408 5172 in
1421 5115 1581 5186 cujus

7 5213 299 5290 episcopatu
330 5216 654 5288 praedictum
706 5226 826 5272 erat
868 5213 1151 5281 allodium,
1186 5212 1308 5284 ejus
1356 5209 1580 5282 quidem

8 5318 278 5378 'ogaturus
322 5309 670 5367 beneﬁcium.
733 5308 838 5376 Qui
903 5307 1296 5364 interveniente
1350 5302 1577 5376 praefato

8 5399 121 5457 luce
145 5404 267 5476 jam
298 5403 602 5476 incoeptum
631 5403 1030 5460 monasterium
1059 5401 1134 5456 ita
1163 5399 1317 5456 omni
1352 5397 1579 5455 donavit

11 5497 254 5568 ibertate,
285 5509 348 5557 ut
371 5516 475 5557 nec
494 5501 631 5573 ipse,
669 5517 774 5559 nec
803 5495 945 5557 alius
977 5507 1102 5563 post
1147 5513 1295 5565 eum,
1321 5512 1432 5553 non
1483 5511 1576 5552 ar-

7 5590 385 5668 :hiepiscopus,
436 5613 548 5654 non
605 5596 1050 5663 archidiaconus,
1105 5609 1218 5650 nou
1265 5591 1576 5658 archipres-

8 5695 156 5758 iyter,
187 5704 298 5745 non
326 5689 622 5762 cujuslibet
651 5689 862 5747 ordinis
883 5703 1120 5760 persona
1153 5685 1374 5753 aliquod
1409 5689 1466 5740 in
1509 5699 1576 5738 eo

10 5789 90 5841 us,
116 5781 205 5836 vei
227 5781 659 5838 dominationem
688 5781 865 5853 possit
899 5779 1120 5836 habere.
1175 5775 1576 5844 Quatenusibi
1663 5831 1667 5835 ι

7 5869 242 5938 legentes
268 5877 529 5933 monachi
556 5876 766 5948 absque
819 5874 931 5936 ulla
977 5871 1354 5945 inquietudine
1407 5869 1578 5933 libere
1617 5935 1626 5940 ,

7 5975 212 6036 lassent
236 5971 348 6060 uso
373 5971 602 6041 servire.
649 5969 760 6046 Sed
778 5979 835 6036 et
877 5971 986 6070 hoc
1031 5968 1335 6067 imbuitur»
1377 5975 1463 6060 θῦε
1503 5965 1578 6058 91’

1695 2589 2016 2661 disponente
2049 2588 2293 2660 Christo,
2333 2590 2460 2648 villa
2486 2595 2742 2664 creverit,
2797 2595 2972 2652 nihilo
3005 2595 3187 2668 majus
3235 2597 3297 2653 in

1694 2699 1760 2740 ea
1788 2683 2257 2756 archiepiscopus,
2288 2683 2376 2742 vel
2409 2686 2641 2758 quilibet
2669 2688 2924 2746 minister
2948 2689 3070 2761 ejus
3128 2688 3294 2762 quid-

1693 2792 1861 2848 quam
1891 2777 2090 2834 habeat
2104 2777 2268 2849 juris,
2303 2793 2405 2835 uec
2427 2779 2483 2834 in
2510 2780 2750 2850 clericis,
2774 2797 2876 2840 nec
2901 2781 2958 2837 in
2984 2782 3161 2852 laicis,
3195 2782 3294 2840 sed

1678 2867 1878 2926 omnia
1915 2869 2228 2928 referantur
2253 2873 2321 2928 ad
2347 2873 2560 2931 abbatis
2580 2874 3019 2946 dispositionem,
3049 2875 3131 2933 vel
3158 2891 3296 2932 con-

1692 2964 2046 3035 gregationis.
2079 2963 2196 3021 Hoc
2243 2967 2410 3022 etiam
2456 2967 2562 3024 sibi
2613 2968 2886 3041 nobisque
2928 2970 3188 3042 providit,
3230 2983 3295 3027 ut

1691 3055 2053 3115 nihilominus
2077 3058 2442 3116 ecclesiarum
2465 3063 2960 3132 consecrationem,
2993 3079 3294 3135 sacrosque

1691 3150 1914 3208 ordines
1943 3151 2029 3208 vel
2075 3152 2318 3209 chrisma
2375 3153 2445 3209 ab
2492 3153 2908 3227 archiepiscopo
2948 3154 3292 3226 accipiamus

1690 3257 1818 3298 cum
1843 3259 2070 3301 necesse
2093 3243 2278 3302 fuerit.
2311 3243 2418 3302 Sed
2449 3245 2570 3303 haec
2604 3247 2925 3304 constitutio
2975 3246 3178 3304 iterum
3216 3247 3291 3304 ab

1688 3334 1879 3390 eodem
1903 3335 2119 3391 ﬁrmata
2140 3344 2229 3394 est
2263 3335 2320 3392 in
2347 3337 2602 3408 proximo
2630 3338 2887 3408 concilio,
2921 3339 3292 3410 praesentibus

1689 3425 1954 3485 Romanis
2001 3428 2198 3500 legatis
2243 3428 2474 3502 Hugone
2529 3437 2696 3502 atque
2733 3430 2952 3500 Amato,
2999 3431 3286 3502 multoque

1688 3521 1920 3577 aliorum
1935 3522 2318 3595 episcoporum
2341 3521 2592 3595 collegio.
2616 3521 2733 3580 Hoc
2753 3539 2975 3595 quoque
2995 3523 3285 3582 deﬁnitum

1687 3624 1797 3683 est,
1823 3624 1884 3671 ut
1911 3615 1956 3672 si
1987 3617 2112 3687 quis
2142 3615 2246 3673 hoc
2283 3617 2565 3674 decretum
2613 3617 2822 3674 violare
2879 3617 3190 3687 tentaverit,
3226 3633 3290 3676 se

1689 3710 1830 3765 sciat
1849 3712 2410 3780 excommunicatum,
2441 3712 2620 3768 donec
2654 3709 3004 3780 satisfecerit,
3049 3720 3165 3768 tam
3213 3711 3286 3769 ab

1689 3805 2122 3876 archiepiscopo,
2178 3821 2345 3877 quam
2401 3805 2473 3862 ab
2515 3805 2775 3862 omnibus
2817 3807 2913 3878 qui
2954 3803 3178 3861 fuerunt
3223 3806 3282 3862 in

1685 3898 1938 3955 concilio.
1965 3896 2076 3955 Nec
2099 3913 2210 3954 non
2240 3906 2294 3954 et
2330 3899 2437 3954 hoc
2486 3899 2810 3955 consulente
2833 3898 3060 3954 domino
3084 3898 3287 3954 Amato

1685 3993 2098 4062 constituimus,
2117 4003 2178 4049 ut
2198 3993 2306 4050 hoc
2324 3993 2638 4050 coenobium
2655 3994 3000 4050 solummodo
3021 3992 3289 4051 Romana
3359 3993 3366 4000 ’

1666 4076 1827 4144 ’ΐοιθι
1854 4087 2112 4145 Ecclesiae
2135 4089 2465 4160 subjectum,
2497 4097 2663 4162 atque
2692 4091 2775 4146 sui
2817 4089 3045 4146 tutelam
3075 4088 3283 4145 domno

1683 4177 2002 4253 Apostolico
2032 4182 2278 4255 singulos
2306 4199 2480 4240 annos
2503 4183 2738 4240 solveret
2781 4183 3027 4256 quinque
3051 4181 3279 4239 solido-

1683 4291 1829 4332 rum.
1857 4275 1929 4330 At
1957 4291 2059 4348 ego
2075 4275 2192 4348 jam
2213 4275 2552 4332 descendens
2583 4275 2641 4331 in
2669 4273 2943 4332 defectum
2973 4273 3151 4331 aetatis
3179 4272 3278 4330 de-

1684 4369 2034 4443 crepitaajam
2063 4385 2254 4458 culum
2283 4369 2684 4426 monachorum
2742 4367 3033 4440 cupiebam
3089 4365 3280 4423 dimit-

1683 4473 1828 4533 tere,
1877 4472 2043 4536 atque
2096 4457 2280 4520 minus
2344 4463 2494 4519 utilis
2539 4462 2754 4519 meliori
2801 4461 3016 4518 cedere.
3069 4457 3277 4516 Verum

1684 4557 1924 4613 domnus
1953 4555 2208 4624 Amatus,
2236 4573 2268 4612 a
2293 4556 2502 4612 nostris
2557 4563 2785 4629 rogatus
2830 4552 3118 4618 fratribus,
3158 4550 3288 4607 licet

1683 4650 1815 4706 totis
1844 4649 2158 4706 resisterem
2187 4648 2422 4717 nisibus,
2453 4657 2640 4704 tamen
2663 4646 2799 4704 mihi
2824 4661 2892 4701 ex
2917 4652 3073 4716 parte
3092 4643 3285 4699 domui

1683 4742 1985 4814 Apostolici
2043 4749 2278 4798 testatus
2324 4741 2712 4806 obedientiam,
2758 4752 2956 4794 eorum
3001 4749 3286 4792 commen-

1683 4835 1833 4892 davit
1857 4835 2281 4907 providentiam.

1752 4930 1888 4985 Acta
1912 4937 1998 4985 est
2015 4944 2147 4985 vero
2177 4926 2490 5000 supradicta
2517 4922 2864 4980 conﬁrmatio
2885 4919 3280 4993 Burdegalensi

1683 5023 1984 5080 civitatein
2017 5021 2275 5089 concilio,
2311 5035 2459 5076 anno
2510 5017 2580 5073 ab
2631 5015 3016 5074 Incaruatione
3059 5011 3282 5070 Domini

1685 5117 1846 5187 1080,
1879 5117 2068 5174 indict.
2097 5133 2181 5185 ιιι,
2213 5121 2404 5186 epacta
2458 5128 2614 5181 xxvr,
2655 5127 2697 5168 ιι
2766 5108 2956 5167 Nonas
2999 5105 3279 5178 Octobris,

1684 5220 1879 5270 octavo
1908 5227 2000 5266 an.
2031 5209 2279 5281 Gregorii
2301 5223 2458 5280 papa:
2483 5204 2600 5276 VII,
2621 5204 2876 5277 Philippo
2931 5205 2989 5260 in
3045 5201 3279 5260 Francia

1683 5313 2112 5454 regsliasi’iilelmi
2167 5393 2562 5467 Aquitaueusis
2611 5391 2788 5450 ducis.
2827 5390 3106 5447 Comum
3151 5400 3276 5456 nec,

1683 5494 1851 5549 Deus.

1768 5510 1800 5549 ι]
1836 5534 1851 5549 .

1731 5510 1870 5662 εΕὲο
1896 5588 2128 5644 Amatus
2152 5585 2468 5658 apostolicae
2498 5584 2644 5641 sedis
2679 5583 2890 5654 legatus
2911 5577 3198 5635 conﬁrmo.

1755 5677 1870 5756 Ego
1890 5682 2048 5756 liugo
2072 5681 2218 5740 sedis
2239 5681 2552 5752 apostolicae
2585 5679 2796 5751 legatus
2843 5674 3130 5732 conﬁrmo.

1755 5776 1867 5850 Ego
1897 5775 2190 5831 Gocelinus
2219 5771 2636 5842 Burdcgalensis
2661 5768 3108 5839 archiepiscolius

1684 5880 1837 5942 sente
1859 5871 2092 5932 concilio
2118 5867 2360 5934 concedo
2388 5879 2441 5924 et
2463 5865 2748 5923 conﬁrmo.

1669 6020 1672 6022 ν
1760 5966 1819 6058 β.
1859 5963 2135 6064 Bodulphi
2167 5960 2508 6068 l'uroncnsls
2528 5953 2949 6064 archiepiscopi,
