3820 6312
1 427 119 485 1619
861 423 1082 482 POPPO
1116 413 1466 484 METENSIS
1501 420 1904 482 EPISCOPUS.
1945 453 2016 464 —-
2051 421 2352 481 NOTITIA.
3113 426 3256 483 1650

0 552 206 614 maneat,
236 547 385 601 ha’nc
411 544 720 602 chartulam
757 543 934 618 sigillo
972 553 1176 604 nostra:
1219 546 1562 604 auctoritatis
1587 551 1638 613 Α
1664 546 1999 604 carnationis
2031 543 2271 613 Domini,
2314 543 2506 600 indict.
2542 556 2626 609 Vl,
2673 555 2898 598 concur.
2926 548 3028 610 iv,
3059 551 3254 614 epacta

0 637 216 710 insigniri
245 637 632 710 praecepimus.
1659 655 1759 708 xv,
1815 637 2042 695 domino
2088 635 2314 696 Urbano
2356 633 2602 694 secundo
2644 631 2908 692 Romane
2949 636 3067 692 sedi
3110 649 3252 708 papa
3303 718 3306 722 ί

708 730 796 788 ΙΙΙ.
1657 729 1950 788 residente.
3299 725 3306 788 ἶ

18 826 258 894 ραίεάαηι
302 835 428 880 acta
476 826 549 882 ad
597 825 852 918 Auratum
899 824 1347 900 Burdegalcnsem
1403 843 1520 899 spe-

1728 846 1865 902 Data
1896 861 1994 918 per
2025 861 2253 902 manum
2282 843 2428 901 Petri
2473 841 2666 900 decani
2715 841 2821 915 ipsi
2865 839 3051 898 abbati
3091 839 3160 898 A.
3192 839 3253 898 in

638 899 865 954 olentia.

38 992 256 1048 Annus
283 991 462 1062 gratia
488 991 583 1046 Dei
603 990 1090 1064 Burdegalensium
1106 991 1552 1064 archiepiscopus

0 1096 23 1140 et
49 1085 100 1140 S.
131 1084 196 1138 Β.
227 1083 291 1140 Ε.
323 1085 558 1156 legatus,
590 1085 658 1140 ad
689 1086 1006 1156 petitionem
1029 1086 1322 1142 venerandi
1345 1085 1550 1141 Aseulfi

0 1177 272 1248 lngeriacaa
316 1177 429 1232 imo
472 1177 731 1250 angelicae
760 1178 1203 1250 congregationis
1232 1177 1289 1233 S.
1321 1177 1552 1234 Joannis

0 1271 209 1340 laptistae
239 1271 490 1339 abbatis,
535 1271 684 1328 dedit
722 1271 1064 1342 privilegium
1103 1273 1172 1328 de
1215 1272 1548 1343 quibusdam

0 1361 200 1417 celesiis
229 1378 371 1433 quas
398 1370 713 1419 antecessor
743 1361 970 1430 Asculfi,
1001 1362 1119 1418 Odo
1151 1364 1310 1420 bonae
1339 1379 1570 1420 inemo-.

0 1455 50 1509 ize
71 1455 262 1522 abbas,
285 1471 317 1512 a
343 1455 632 1513 Goscclino
658 1457 1073 1528 archiepiscopo
1100 1457 1154 1512 in
1183 1459 1547 1528 archiprmsu-

0 1557 62 1601 itu
106 1547 502 1621 Burdegalensi
542 1550 944 1622 acquisiverat:
986 1561 1261 1622 quatenus
1302 1552 1419 1622 ipsa
1450 1568 1547 1608 su-

0 1641 191 1697 radicta
226 1644 474 1714 angelica
520 1645 876 1718 congregatio
918 1645 1082 1702 simul
1111 1661 1238 1702 cum
1284 1647 1420 1717 ipsis
1453 1664 1546 1704 ec-

0 1734 185 1789 [esiolis
213 1743 329 1790 tam
369 1737 424 1790 in
452 1747 752 1809 augmento
789 1754 973 1795 rerum
1019 1741 1400 1810 temporalium
1444 1758 1544 1812 per
1645 1734 2131 1781 “"“mwumum
2167 1734 2256 1764 "=5
2282 1734 2388 1763 ⁸³³⁵
2415 1734 2663 1764 υ¹¹¹¹¹¹¹ι³⁹
3269 1791 3274 1796 -

0 1842 189 1896 πιροη
223 1830 573 1885 succedenua
603 1841 845 1899 crescat,
877 1849 1042 1904 quam
1091 1834 1148 1888 in
1195 1834 1383 1889 divino
1425 1851 1541 1891 εει-
1715 1823 1914 1880 Actum
1961 1831 2018 1879 et
2064 1837 2393 1880 concessum
2444 1822 2500 1878 in
2553 1819 2949 1894 Burdegalensi
3008 1819 3245 1876 concilio

5 1919 70 1972 tio
99 1917 156 1971 in
188 1919 309 1974 dies
339 1919 535 1978 melius
564 1923 830 1993 proﬁciat.
871 1923 1014 1980 Sum
1051 1934 1234 1982 autem
1284 1926 1404 1982 ista;
1443 1943 1539 1984 ec-
1573 1925 1618 1980 B
1643 1933 1791 1973 anno
1815 1918 1885 1973 ab
1909 1915 2290 1974 incarnatione
2310 1915 2527 1973 Domini
2555 1915 2715 1982 1098,
2739 1913 2930 1986 indict.
2955 1929 3032 1979 γι,
3056 1922 3249 1990 epacta

0 2010 115 2064 esize
144 2030 157 2065 :
190 2009 250 2066 S.
299 2011 469 2068 Maria
498 2014 567 2069 de
609 2013 828 2083 Vairas,
865 2014 921 2071 S.
956 2015 1150 2076 Petrus
1191 2019 1259 2074 de
1296 2017 1444 2086 Vals,
1475 2018 1534 2075 S.
1649 2030 1798 2076 xxvr,
1831 2012 2219 2069 assistentibus
2243 2020 2300 2068 et
2329 2010 2754 2082 praesidentibus
2788 2007 2856 2066 Β.
2886 2005 3249 2063 Auciensium

0 2102 211 2172 ilpitius
230 2103 300 2158 de
321 2103 646 2175 Avemiaco,
677 2107 733 2162 8.
761 2107 1029 2166 Martinus
1048 2110 1116 2167 de
1137 2110 1286 2178 lson,
1315 2110 1372 2167 8.
1399 2109 1539 2168 Mar—
1645 2104 2091 2174 aI‘Chiepiscopo,
2131 2112 2187 2158 et
2217 2103 2282 2159 Β.
2321 2101 2643 2169 Dolensium
2683 2099 3079 2172 archiprzesule
3116 2113 3246 2156 cum

0 2211 82 2250 Ius
121 2195 194 2250 de
235 2194 482 2266 Boiseth,
537 2198 594 2255 S.
637 2199 806 2256 Maria
846 2203 914 2257 de
943 2201 1255 2270 Grisiliaco,
1305 2203 1361 2259 S.
1401 2203 1533 2259 Vin.
1644 2197 2005 2268 sull‘raganeis
2033 2213 2226 2252 eorum
2263 2195 2538 2267 episcopis
2569 2205 2626 2252 et
2661 2195 2984 2259 abbatibus,
3027 2206 3242 2248 necnon

0 2288 145 2342 ntius
169 2287 239 2343 de
271 2287 474 2357 Molon,
508 2290 566 2347 8.
597 2291 926 2350 Laurentius
953 2295 1019 2352 de
1046 2295 1323 2365 Medulco;
1371 2308 1424 2354 et
1450 2300 1534 2354 ha:

1686 2297 1698 2343 t
1728 2288 1786 2343 S.
1814 2288 2247 2360 Agennensium,
2283 2297 2340 2343 et
2357 2287 2435 2343 Β.
2463 2287 3002 2359 Petragoricensium
3027 2285 3247 2356 episco-

0 2382 180 2439 clesiae
205 2394 342 2440 sunt
370 2387 512 2442 inter
546 2389 656 2446 duo
699 2392 894 2447 maria.
949 2392 1147 2451 Petrus
1185 2397 1428 2453 decanus
1479 2409 1534 2454 et

1686 2381 1728 2438 is
1755 2397 1881 2437 cum
1923 2381 2286 2454 suﬂ‘raganeis
2315 2397 2510 2438 eorum
2548 2382 2861 2438 abbatibus.
2909 2381 3072 2436 Anno
3111 2393 3245 2434 vero

0 2479 378 2550 chidiaconus,
429 2483 566 2540 Eblo
612 2488 1074 2559 archidiaconus,
1123 2494 1402 2554 Arnaldus
1445 2495 1533 2551 Si-

1686 2491 1699 2529 l
1731 2477 1974 2546 pontiﬁc.
2008 2477 2216 2533 domini
2251 2493 2404 2550 papa:
2439 2475 2649 2532 Urbani
2679 2475 2746 2543 ll,
2778 2475 2906 2531 data
2960 2489 3024 2528 ιη
3055 2470 3243 2529 Nonas

0 2574 104 2628 mis
143 2584 348 2632 cantor
377 2587 432 2634 ct
465 2582 649 2638 caeteri
682 2584 932 2640 canonici
962 2585 1016 2641 in
1047 2587 1288 2659 capitulo
1321 2587 1379 2645 S.
1419 2590 1533 2645 An-

1686 2571 1917 2628 ctobris.
1947 2571 2032 2628 Ea:
2071 2572 2304 2629 chartul.
2336 2574 2623 2648 Angeriac.
2657 2571 2756 2644 fol.
2784 2572 2874 2628 95.

0 2680 60 2760 ξε
89 2667 437 2725 confirmant
466 2672 570 2728 hoc
598 2674 960 2746 privilegium.
1713 2685 1986 2757 Depositio
2037 2687 2219 2744 damni
2262 2690 2445 2745 Amoti
2487 2687 2873 2760 archiepiscopi
2919 2691 3138 2738 notatur
3181 2681 3244 2737 in

0 2758 196 2816 Actum
240 2771 300 2818 ct
340 2779 668 2823 concessum
709 2767 1032 2842 Burdegale,
1074 2787 1221 2831 anno
1269 2773 1408 2831 1098
1444 2773 1533 2830 ln-
1642 2779 1906 2853 necrol'oy.
1950 2779 2186 2838 Monast.
2222 2783 2344 2838 novi
2370 2758 2698 2838 Pictaviens.
2730 2795 2768 2834 χ
2793 2776 3030 2834 Kalend.
3061 2773 3238 2832 Junii.

1656 939 1895 1012 capitulo
1925 936 1983 994 8.
2016 937 2248 996 Andreas
2275 954 2311 993 v
2344 935 2473 993 ldus
2516 933 2719 992 Martii.
2753 932 2840 990 Ex
2866 933 3102 990 chartul.
3135 930 3253 987 An-

1654 1036 1849 1108 geriac.
1883 1032 1978 1104 fol.
2010 1033 2099 1089 97.

1686 1151 1872 1220 _ldem
1922 1148 2150 1206 Amatus
2196 1148 2444 1205 definivit
2488 1147 2543 1203 in
2582 1147 2817 1205 concilio
2863 1143 3254 1216 Burdcgalensi

1653 1243 2063 1302 altercationem
2105 1259 2228 1314 quae
2272 1250 2391 1298 erat
2431 1242 2574 1298 inter
2618 1240 2941 1297 Ansculfum
2995 1239 3252 1295 abbatem

1655 1337 1712 1392 S.
1745 1336 1977 1393 Joannis
2001 1336 2068 1392 de
2097 1335 2422 1408 Angeriaco,
2454 1344 2510 1392 et
2543 1334 2869 1392 Garnerium
2900 1334 3155 1390 abbatem
3184 1329 3246 1388 S.

1649 1428 1930 1497 Maxentii,
1959 1437 2014 1484 et
2043 1429 2344 1484 monachos
2366 1427 2656 1499 utriusque
2681 1425 3004 1484 monasterii
3026 1431 3252 1497 propter

1647 1523 1940 1579 ecclesiam
1972 1519 2030 1577 S.
2065 1518 2212 1576 Petri
2241 1520 2309 1576 de
2337 1519 2646 1577 Mareistais
2676 1520 2859 1577 vetulo
2885 1520 3050 1576 sitam
3081 1533 3252 1592 prope

1647 1627 1892 1677 castrum
1937 1617 2084 1689 quod
2133 1615 2453 1673 nominatur
2481 1607 2836 1686 'Mastacius;
2891 1614 2949 1670 in
2997 1611 3244 1671 favorem

1645 1707 2131 1781 Angeriaoensium
2167 1723 2256 1764 res
2282 1705 2388 1763 fuit
2415 1705 2663 1764 diﬂinita.

0 2963 3207 3027 Ἦ

1319 3229 1455 3271 ANNO
1476 3229 1664 3272 DOIINI
1692 3230 1828 3273 IClll

145 3414 792 3579 POPPO
873 3422 1834 3587 METENSIS
1922 3431 2966 3599 EPISCOPUS

1269 3939 1872 4057 NOTITIA

833 4119 849 4143 ⁸
961 4161 1133 4235 (cau.
1170 4162 1372 4220 Christ.
1423 4180 1554 4222 nov.
1599 4175 1641 4222 ι.
1681 4165 1834 4237 xm,
1871 4166 1982 4227 col.
2024 4167 2157 4246 τω)

1347 4349 1765 4368 ἡ

7 4563 263 4623 chardo
281 4562 562 4620 successit
582 4561 789 4636 POppo,
809 4567 1232 4626 archidiaconus
1254 4569 1515 4628 Ecclesiae
1541 4576 1588 4640 ο
1619 4571 1898 4630 Chronico
1924 4571 2047 4647 Ugo
2074 4574 2246 4632 abbas
2281 4574 2605 4647 Flaviniaci,
2646 4587 2840 4636 auctor
2865 4581 3117 4654 aequalis,
3141 4581 3214 4641 ad

19 4660 276 4728 rensis,
337 4657 558 4715 Henrici
598 4660 814 4718 comitis
865 4663 1092 4734 palatini
1148 4664 1336 4734 frater,
1399 4675 1510 4722 tam
1620 4682 1827 4722 annum
1879 4667 2020 4723 1095
2064 4667 2360 4741 :Scriptor
2409 4669 2656 4728 historia:
2705 4687 2843 4729 mss.
2875 4671 2933 4728 8.
2958 4672 3212 4745 ﬂuberti,

9 4757 404 4815 maticorum
459 4753 686 4812 factioni
763 4758 1094 4827 contrarius,
1155 4773 1321 4832 quam
1374 4777 1508 4833 par-
1613 4758 1782 4830 paulo
1819 4758 2004 4815 minus
2033 4760 2319 4832 antiquus,
2363 4760 2506 4818 idem
2533 4761 2703 4818 refert
2745 4764 2814 4820 de
2861 4763 3206 4823 Bnrchardo.

66 4846 536 4906 Catholicorum
593 4847 861 4906 addictus.
929 4850 1106 4918 Quam
1163 4854 1234 4908 ob
1281 4870 1506 4910 causam
1613 4847 1772 4906 Unde
1819 4851 2070 4906 nonnulli
2109 4861 2445 4909 censuerunt
2483 4852 2860 4910 Burchardum
2907 4864 2962 4912 et
2992 4855 3210 4928 Poppo-

9 4944 327 5002 etitorem
375 4953 635 5013 expertus
679 4952 764 4999 est
799 4944 1192 5002 Adelberonem
1224 4964 1320 5003 seu
1352 4948 1512 5004 Adel—
1612 4959 1737 5000 nem
1769 4946 2019 5002 eamdem
2064 4963 2188 5004 esse
2217 4963 2531 5018 personam.
2585 4948 2819 5004 Aliunde
2868 4945 3199 5008 Bertholdus

12 5057 94 5108 n,
134 5051 332 5110 quem
354 5034 483 5091 licet
503 5035 848 5108 imperatoris
875 5041 1199 5098 auctoritate
1222 5041 1504 5098 sull‘ultum
1611 5039 1963 5095 continuator
1989 5038 2253 5096 Chronici
2301 5039 2599 5097 Hermanni
2641 5040 2926 5097 Contracti
2968 5044 3084 5098 vult
3135 5051 3202 5099 ut

13 5149 150 5192 ere
205 5132 374 5188 cives
405 5128 698 5188 Metenses.
750 5131 938 5205 Itaque
971 5134 1158 5208 Poppo
1191 5137 1245 5192 in
1287 5137 1502 5209 episco—
1609 5149 1773 5205 quem
1797 5133 2092 5206 elegissent
2121 5133 2390 5190 Metenses
2428 5136 2768 5206 episcopum,
2800 5137 3222 5202 consecraveri‘,

24 5226 457 5304 possessione
496 5231 816 5301 permansit.
852 5229 1057 5285 Verum
1091 5247 1231 5302 opus
1256 5239 1377 5286 erat
1414 5247 1505 5286 ar—
1610 5226 1970 5285 Gebehardus
2007 5228 2452 5286 Constantiensis
2489 5230 2705 5302 legatus
2729 5231 3095 5302 "apostolicus,
3131 5230 3223 5308 27.

11 5329 248 5396 δέξορο
293 5323 394 5394 qui
440 5339 565 5380 eum
607 5333 988 5393 consecraret;
1024 5341 1151 5380 nam
1192 5323 1503 5398 Egiibertus
1609 5320 1792 5377 Μᾶτῑῆ
1820 5322 2001 5379 medio
2028 5321 2494 5394 Quadragesimaa.
2537 5321 2609 5378 Ut
2659 5332 2721 5380 ut
2763 5333 2870 5389 est,
2897 5324 3203 5382 verisimile

14 5420 178 5477 ciae
217 5419 694 5488 metropolitanus
742 5419 984 5476 scbisma
1031 5419 1358 5475 sectabatur.
1390 5419 1502 5476 Cu-
1605 5415 1823 5471 videtur
1862 5415 2158 5471 historicos
2203 5414 2474 5471 Metenses
2499 5431 2566 5471 ex
2604 5414 3048 5490 inaugurationis
3067 5431 3204 5474 cun-
3231 5460 3244 5484 ε

14 5521 157 5570 anc
209 5511 276 5565 in
316 5525 376 5565 se
413 5511 619 5582 recepit
653 5509 968 5568 Jarentonis
1011 5512 1225 5568 abbatis
1249 5513 1307 5568 S.
1336 5511 1499 5568 Beni-
1607 5509 1850 5566 ctatione
1879 5509 2218 5566 conclusisse
2249 5509 2626 5581 episcopatum
2665 5501 3198 5583 Metensem‘pasto-

23 5601 390 5662 vionensis
431 5604 688 5675 precibus
729 5603 908 5662 victus
955 5604 1112 5676 Hugo
1139 5605 1502 5678 arcniepisco-
1605 5605 1760 5660 ribus
1809 5604 2064 5659 orbatum
2102 5602 2274 5660 fuisse
2303 5619 2403 5676 per
2438 5605 2622 5675 plures
2669 5611 2868 5673 annos,
2899 5604 3029 5660 licet
3058 5603 3201 5659 Bur—

13 5687 444 5778 rgdunensis,
475 5697 630 5754 Sedis
665 5699 982 5770 apostolicae
1024 5700 1255 5771 legatus.
1299 5697 1399 5754 Ille
1422 5699 1501 5756 si-
1604 5699 1843 5754 chardus
1869 5698 2180 5754 immediate
2202 5683 2914 5756 Herimanno'suoce'sserit.
2933 5697 3039 5754 Sed
3064 5696 3196 5752 dum

16 5815 40 5853 ι
63 5794 291 5850 inter
329 5790 594 5860 pericula,
627 5791 877 5862 pluribus
913 5793 1211 5849 comitatus
1233 5792 1496 5863 praelatis,
1603 5791 1822 5847 deesset
1869 5795 2232 5860 consecratio,
2277 5794 2437 5850 sedes
2467 5809 2641 5850 vacua
2689 5792 3037 5857 censebatur,
3071 5788 3199 5845 licet

56 5881 366 5945 accessit
397 5898 476 5958 ac
501 5955 504 5957 Α
530 5882 848 5955 Popponem
884 5885 1041 5942 unxit
1088 5886 1144 5940 in
1175 5885 1495 5957 episcopum
1601 5886 1791 5957 plures
1813 5902 2062 5958 personae
2089 5888 2156 5944 de
2179 5903 2247 5944 eo
2289 5888 2610 5959 episcopatu
2642 5885 3042 5944 contenderent
3067 5902 3080 5940 :
3109 5881 3198 5938 vi-

15 5975 557 6053 Quadragesimae
605 5976 972 6035 bebdomada.
1016 5976 1146 6035 Haec
1190 5987 1380 6034 narrat
1434 5979 1494 6036 in
1601 5981 1798 6038 delicet
1847 5981 2223 6051 Burchardus,
2274 5981 2478 6055 Poppo,
2542 5980 2731 6038 Bruno
2798 5977 3093 6047 Adelbero,
3145 5983 3202 6036 et
