3820 6312
549 333 710 391 1651'

1653 325 1993 387 POPPONIS
2028 324 2376 416 METENSIS
2413 328 2727 388 EPISCOPI
3277 270 3289 313 ξ
3641 323 3735 396 1653

550 449 690 505 forte
743 445 1078 504 Nicodemus
1130 454 1468 504 memoratus
1519 443 1579 502 in
1639 446 1828 502 charta
1892 445 2149 503 Bosonis-
2175 452 2228 512 Α
2252 449 2365 517 bat,
2401 457 2464 505 ut
2496 449 2717 522 legitur,
2748 445 3190 505 sanctimonialis
3210 445 3427 504 Caecilia
3448 447 3645 517 nomine,
3661 470 3737 523 qua

549 545 715 611 villae,
756 545 840 598 vel
887 545 1051 600 etiam
1090 544 1228 599 alter
1267 543 1587 613 designatus
1639 555 1738 611 per
1778 541 2016 596 litteram
2076 539 2142 606 Ο,

556 636 624 692 ad
675 651 840 707 quem
893 636 1103 691 litteras
1158 650 1298 706 papa
1359 633 1576 689 direxit.
1652 633 1907 688 Attamen
1958 632 2145 704 Poppo

553 743 706 785 anno
733 729 874 786 1094
911 729 1201 786 ecclesiam
1228 727 1292 781 de
1322 726 1626 794 Thiecaurt,
1662 742 1828 797 quam
1867 726 2146 783 Gerardus

547 823 614 878 de
655 821 941 878 Thiecourt
990 830 1045 878 et
1093 819 1237 875 ﬁlius
1290 818 1411 889 ejus
1457 818 1721 875 Arnulfus
1783 819 2142 894 tradiderant,

550 916 903 973 conﬁrmavit
933 913 1270 971 monasterio
1291 911 1664 970 Cluniacensi.
1721 912 2146 971 Testimoniales

548 1010 767 1068 litteras
834 1008 1066 1065 indulsit
1125 1022 1272 1062 anno
1320 1005 1460 1062 1094
1511 1005 1748 1063 Richero
1809 1006 2146 1064 Virdunensi

547 1106 832 1177 episcopo,
845 1113 907 1159 ut
924 1102 1378 1159 consecrationen
1402 1101 1471 1156 ab
1487 1100 1902 1172 archiepiscopo
1923 1100 2146 1172 Lugdu-

545 1197 706 1254 nensi
730 1197 1026 1268 acciperet,
1056 1211 1296 1268 eumque
1318 1195 1612 1252 adeuntem
1642 1196 1696 1251 in
1727 1194 2140 1266 possessionem

545 1289 844 1346 comitatus
869 1297 974 1346 est.
1000 1287 1208 1345 Eodem
1233 1303 1380 1345 anno
1409 1289 1655 1346 visitavit
1676 1288 2002 1361 Spinalense
2031 1304 2146 1345 caa-

548 1381 802 1447 nobium,
834 1389 896 1436 ut
927 1381 1239 1438 institutam
1287 1381 1403 1452 jam
1447 1382 1660 1453 pridem
1705 1383 1774 1438 ab
1799 1382 2146 1438 Adalberone

547 1471 962 1530 observantiam
1015 1472 1350 1530 restitueret.
1408 1471 1688 1544 Popponis
1737 1473 1985 1544 episcopi
2043 1489 2144 1527 an-

545 1581 654 1622 nus
698 1565 733 1622 5
757 1565 1113 1638 componitur
1140 1582 1266 1622 cum
1299 1580 1446 1621 anno
1480 1564 1887 1621 lncarnationis
1924 1563 2063 1620 1094
2087 1563 2143 1619 in

545 1659 738 1715 charta
777 1658 1055 1715 Brunonis
1101 1657 1450 1716 Trevirensis
1495 1658 1917 1731 archiepiscopi,
1975 1657 2147 1713 eccle-

545 1752 688 1808 siam
722 1750 781 1807 S.
809 1750 959 1808 Petri
1006 1751 1062 1807 in
1105 1751 1303 1809 Arenis
1348 1752 1688 1808 monasterio
1741 1751 1799 1806 S.
1844 1750 2142 1807 Clementis

547 1845 951 1901 conﬁrmantis.
989 1843 1148 1902 Unde
1182 1845 1439 1918 colligere
1465 1853 1552 1901 est
1586 1845 1965 1916 episcopatum
1997 1843 2142 1914 Pop-

545 1939 715 2010 ponis
741 1938 1039 2009 incmpisse
1073 1953 1224 1994 anno
1261 1937 1424 1995 1090.
1475 1937 1613 1994 Cum
1665 1936 1989 2009 Spinalense
2025 1953 2144 1992 mo-

549 2033 859 2089 nasterium
883 2031 978 2090 ille
997 2029 1264 2102 visitavit,
1299 2041 1430 2089 tunc
1458 2033 1724 2104 temporis
1746 2031 1948 2088 ibidem
1980 2030 2145 2102 dege-

2251 544 2394 616 apud
2416 560 2542 600 eum
2573 544 2642 598 de
2670 542 2976 614 disciplinae
3002 542 3276 615 regularis
3299 543 3617 613 prolapsione
3632 561 3737 616 expc.

2250 639 2496 706 stulavit,
2542 646 2773 709 tumque
2817 636 3072 708 praedixit
3112 637 3396 708 quondam
3454 635 3657 692 futurum
3691 651 3737 706 nt,

2249 734 2400 806 quod
2443 748 2592 787 nunc
2641 731 2907 798 cernitur,
2957 745 3182 786 sorores
3213 729 3427 800 ejurata
3463 727 3519 783 S.
3551 727 3739 787 Benedicti

2249 826 2456 897 Regula
2481 824 2549 880 ad
2578 839 2762 879 mores
2783 838 3016 893 prorsus
3033 821 3329 878 saeculares
3352 835 3412 875 se
3435 830 3738 877 converterent.

2247 917 2496 974 Concilio
2535 915 2966 971 Claromontano
3008 910 3261 967 interfuit
3282 909 3471 980 Poppo
3498 925 3623 964 anno
3645 909 3739 976 1095,

2248 1026 2360 1083 quo
2433 1008 2700 1066 mediator
2753 1007 2964 1064 exstitit
3021 1005 3166 1060 inter
3224 1001 3525 1058 Varnerum
3579 1002 3744 1058 abbatem

2249 1101 2462 1157 Gorziaa
2507 1107 2562 1156 et
2603 1097 2929 1154 Vezelonem
2970 1096 3303 1152 advocatum
3357 1107 3520 1162 super
3567 1101 3746 1161 potestate

2248 1195 2493 1251 Amellae.
2534 1191 2865 1249 Nominatur
2907 1191 3074 1247 etiam
3130 1203 3279 1244 anno
3331 1185 3472 1241 1097
3503 1201 3611 1240 cum
3634 1184 3750 1242 Hilde-

2249 1289 2406 1346 berto
2462 1286 2776 1344 Trevirensi
2834 1284 3256 1355 archiepiscopo
3293 1297 3361 1337 ac
3392 1279 3612 1334 Widone
3628 1277 3750 1333 S.Ar-

2248 1383 2384 1440 nulﬁ
2424 1382 2640 1438 abbate.
2698 1379 3004 1435 Antonium
3049 1376 3206 1448 Layii
3269 1374 3510 1446 priorem
3548 1371 3596 1426 in
3638 1372 3752 1427 locum

2248 1475 2507 1532 Bercberi
2543 1471 2905 1530 Senoniensis
2951 1469 3173 1525 abbatis
3222 1465 3434 1522 mortui
3472 1463 3753 1520 suﬁiciendum

2249 1570 2463 1628 curavit
2492 1583 2638 1624 anno
2665 1566 2826 1622 1098.
2855 1564 2928 1621 Ut
2957 1580 3091 1620 vero
3137 1577 3362 1633 semper
3393 1561 3592 1616 exstitit
3626 1575 3758 1615 exosus

2249 1662 2590 1735 imperatori,
2620 1660 2809 1716 omnia
2857 1657 3122 1714 Metensis
3151 1655 3424 1712 Ecclesiae
3469 1655 3599 1709 bona
3629 1653 3702 1708 sita
3724 1657 3754 1708 in

2249 1757 2529 1815 Basbania
2557 1756 2662 1813 sub
2694 1770 2854 1811 suam
2876 1768 3106 1808 manum
3137 1750 3406 1822 princeps
3441 1748 3655 1812 tradidit,
3676 1759 3714 1802 et
3726 1749 3759 1804 in

2254 1848 2478 1905 feodum
2492 1845 2771 1903 concessit
2793 1843 2985 1900 comiti
3007 1841 3248 1898 Arnulfo
3276 1842 3344 1896 de
3363 1840 3489 1896 Las.
3505 1837 3632 1896 Obiit
3642 1849 3759 1894 autem

2251 1941 2342 1997 hic
2367 1939 2568 2013 praesul
2594 1954 2741 1995 anno
2771 1934 2911 1991 1105

546 2206 3769 2260 W

1305 2897 1330 2954 Ι

548 2993 828 3069 integrant
864 2996 1140 3069 semitam
1183 2989 1265 3065 (1)
1304 2937 1366 3069 ἒ.
1411 2987 1893 3069 {ulianiabbatige
1923 2987 1983 3046 S.
2020 2986 2149 3044 Virt-

663 3061 818 3137 ,ὶκιὶί
837 3065 1098 3134 concedit,
1131 3061 1400 3120 et'o'mm’a
1424 3063 1562 3118 bona
1588 3061 1703 3132 ejus
1730 3061 2036 3133 conﬁrmat.

980 3159 1165 3232 (Anno
1187 3157 1352 3224 1094,
1376 3155 1599 3212 Octobr.
1637 3155 1715 3226 1.)

548 3251 906 3328 [Histoirede
928 3249 1168 3328 Μαίη-ε.
1191 3247 1281 3315 Ill,
1307 3246 1567 3328 Preuves,
1600 3263 1670 3328 p._
1689 3245 1781 3314 98,
1812 3243 2149 3328 ex‘archivis

795 3323 982 3381 abbat.
1016 3317 1082 3378 S.
1107 3319 1384 3386 Vincent.,
1417 3317 1614 3375 fascic.
1649 3319 1701 3386 1,
1730 3335 1787 3373 n.
1819 3317 1898 3391 1.]

620 3455 680 3493 in
707 3437 934 3495 nomine
958 3444 1163 3493 sanctae
1194 3442 1250 3491 et
1278 3433 1574 3490 individua:
1601 3432 1907 3500 Trinitatis,
1940 3441 1995 3489 et
2019 3433 2149 3490 bea-

546 3531 781 3590 tissima:
801 3529 1044 3601 Virginis
1065 3529 1270 3596 Mariae,
1300 3527 1584 3599 sanctique
1606 3526 1890 3584 Michaelis
1910 3527 2146 3583 archan-

549 3630 678 3703 geli,
707 3637 762 3686 et
791 3627 967 3686 sancti
995 3625 1143 3682 Petri
1173 3626 1546 3698 apostolorum
1581 3623 1870 3695 principis,
1915 3631 1970 3678 et
2017 3623 2151 3678 bea—

552 3723 753 3780 tissimi
775 3721 933 3778 Pauli
955 3720 1213 3792 apostoli,
1237 3728 1293 3776 et
1318 3719 1494 3777 sancti
1527 3717 1794 3790 Stephani
1828 3725 2146 3789 protomar-

547 3813 710 3887 tyris,
741 3813 1029 3884 sanctique
1054 3810 1330 3868 Vincentii
1364 3809 1591 3883 gloriosi
1620 3809 1900 3881 martyris,
1931 3816 1986 3864 et
2013 3823 2143 3864 san-

549 3916 654 3964 ctae
680 3906 864 3964 Lucis:
903 3905 1318 3978 pretiosissimae
1343 3905 1571 3977 virginis
1616 3913 1673 3960 et
1710 3905 1989 3977 martyris,
2028 3919 2148 3959 om-

550 4002 820 4070 niumque
846 4000 1154 4058 caelestium
1177 4000 1458 4066 ordinum,
1483 3997 1660 4055 Porro
1683 4005 1889 4054 sanctae
1936 3995 2146 4052 Medio-

547 4097 910 4154 matricorum
937 4093 1218 4161 Ecclesia,
1242 4094 1416 4167 gratia
1439 4093 1534 4151 Dei
1578 4091 1843 4165 pontifex,
1876 4089 2148 4150 universis

549 4187 896 4258 spiritalibus
925 4196 1130 4244 sanctae
1153 4188 1349 4244 matris
1374 4186 1632 4244 Ecclesiae
1654 4187 1801 4242 ﬁliis.

1353 2450 2052 2572 POPPONIS
2150 2445 3033 2569 DIPLOMATA.

2178 2897 2224 2955 B
2249 2888 2596 2965 propositum
2648 2886 2996 2963 signiﬁcato,
3035 2885 3440 2946 collocavimus
3467 2882 3788 2942 transferentes

2249 2985 2714 3059 pretiosissimum
2736 2999 2940 3056 corpus
2970 2981 3219 3055 praefatae
3249 2982 3480 3055 virginis
3503 2981 3637 3036 intra
3662 2979 3790 3035 aniti-

2250 3081 2464 3137 ciosum
2513 3078 2944 3150 receptaculum,
2992 3077 3368 3148 praesentibus
3403 3076 3663 3132 nonnullis
3697 3075 3788 3128 reli-

2250 3175 2420 3248 giosis
2449 3174 2722 3247 personis,
2753 3189 2877 3245 quae
2911 3172 2979 3229 de
3020 3172 3261 3228 diversis
3301 3171 3504 3227 ﬁnibus
3541 3171 3605 3226 ad
3633 3179 3797 3224 tantum

2251 3267 2512 3341 gaudium
2539 3267 2684 3323 ultro
2711 3272 3103 3322 convenerant.
3133 3262 3247 3320 Nos
3273 3280 3406 3319 vero
3431 3264 3591 3319 altius
3609 3273 3800 3317 contem-

2248 3357 2462 3434 plantes
2481 3360 2756 3417 laudabile
2783 3359 2991 3415 factum
3021 3359 3360 3414 venerabilis
3390 3357 3627 3421 abbatis,
3650 3369 3802 3422 pregna-

2252 3457 2468 3513 suimus
2494 3456 2704 3527 aliquid
2736 3455 2954 3527 insigne
3009 3453 3076 3508 de
3127 3453 3342 3508 nostris
3387 3451 3549 3505 bonis
3592 3450 3658 3503 ad
3705 3449 3811 3500 hac

2249 3550 2668 3607 translationem
2723 3547 3166 3619 ampliﬁcandum
3190 3588 3205 3612 ,
3267 3545 3518 3600 adhibito
3598 3541 3811 3609 suffragia

2251 3653 2568 3700 nostrorum
2608 3640 2874 3708 ﬁdelium,
2917 3639 3245 3694 clericorum
3289 3645 3347 3692 et
3384 3636 3678 3691 laicorum.
3705 3631 3811 3696 Qua-

2249 3745 2473 3809 propter
2497 3750 2599 3807 ego
2620 3733 2832 3806 Poppo,
2871 3740 3076 3788 sanctae
3112 3729 3379 3786 Metensis
3424 3727 3690 3784 Ecclesia!
3727 3739 3812 3794 pus

2251 3829 2359 3896 sul,
2393 3837 2587 3884 notum
2613 3827 2847 3898 designo
2889 3824 3147 3882 omnibus
3177 3823 3440 3879 fidelibus
3471 3831 3592 3878 tam
3630 3834 3812 3892 piat-ses

2249 3921 2398 3978 tibus
2428 3936 2595 3992 quam
2617 3920 2874 3992 posteris,
2899 3919 3030 3991 quia
3057 3918 3216 3974 trado
3238 3917 3711 3973 indissolubiliter

2251 4015 2479 4072 tissima:
2506 4013 2710 4082 Luciae,
2743 4025 2971 4085 propter.
2989 4013 3222 4068 salutem
3252 4027 3444 4066 meam
3476 4019 3536 4066 et
3571 4009 3804 4081 preclusa

2250 4123 2439 4164 sorum
2463 4121 2712 4163 meorum
2735 4118 3254 4174 successorumque,
3272 4102 3563 4173 integram
3588 4107 3812 4156 centena

2251 4201 2307 4255 in
2339 4201 2514 4271 burgo
2539 4198 2726 4255 Sancti
2750 4197 2978 4264 Juliani,
3002 4207 3056 4252 et
3081 4198 3134 4252 in
3159 4197 3432 4251 omnibus
3455 4196 3592 4265 ejus
3617 4189 3812 4264 app-erili

620 4283 986 4341 Commendat
1033 4283 1343 4340 veneranda
1399 4282 1985 4342 Patrum.auctoritas
2048 4297 2149 4338 nos

2253 4293 2377 4361 ciis,
2400 4260 2476 4348 ut
2488 4293 2636 4347 illam
2667 4290 3065 4346 districtionem
3094 4289 3343 4344 obtineat
3372 4260 3566 4341 abbas
3589 4260 3812 4357 pnxmrai

548 4376 941 4446 condecorare,
992 4377 1455 4434 excellentissimo
1496 4378 1701 4444 studio,
1739 4391 1972 4448 corpora
2015 4392 2148 4432 san-

549 4477 788 4536 ctorum,
811 4483 950 4540 quos
972 4469 1364 4527 intercessores
1392 4470 1512 4540 pios
1541 4469 1683 4540 apud
1716 4469 2147 4538 omnipotentem

547 4563 723 4620 Deum
771 4562 888 4620 fore
913 4564 1225 4632 credimus;
1258 4573 1321 4619 ut
1364 4571 1572 4635 quanto
1602 4562 1899 4618 deditiores
1939 4561 2148 4618 erimus

546 4657 607 4713 in
634 4655 880 4730 pretioso
905 4667 1104 4715 ornatu
1146 4665 1487 4721 sanctorum,
1519 4663 1671 4711 tanto
1713 4655 1944 4711 celerius
1989 4653 2144 4732 frua-

549 4770 679 4812 mur
706 4755 764 4811 in
809 4756 1016 4813 nostris
1057 4753 1480 4811 necessitatibus
1524 4753 1772 4823 ipsorum
1813 4751 2142 4823 patrocinio.

546 4849 631 4905 Ad
659 4865 827 4921 quam
857 4847 1225 4905 venerabilem
1254 4844 1602 4902 devotionem
1647 4845 1920 4902 subtiliter
1944 4845 2145 4918 invigi-

545 4941 670 5000 lans
695 4942 1090 5001 dilectissimus
1127 4946 1313 4996 noster
1343 4939 1489 4996 ﬁlius
1523 4939 1728 5008 Lanzo,
1768 4942 2147 4998 reverentissi-

547 5051 675 5091 mus
706 5034 878 5091 abbas
901 5030 1140 5091 ctenobii
1170 5029 1359 5088 Sancti
1386 5031 1680 5101 Vineentii,
1709 5034 2144 5090 sacratissimum

547 5115 754 5197 corpus
775 5137 980 5183 sanctae
1006 5125 1210 5192 Luciaa,
1239 5125 1389 5198 quod
1427 5126 1630 5184 ibidem
1663 5129 1979 5199 requiescit,
2013 5130 2145 5200 quia

548 5218 697 5275 intra
720 5219 994 5290 quoddam
1043 5219 1416 5277 habitaculum
1468 5221 1655 5279 minus
1693 5223 1856 5296 digne
1903 5223 2143 5280 locatum

547 5325 650 5382 per
675 5325 852 5368 annos
873 5311 1141 5384 plurimos
1164 5313 1364 5384 fuerat,
1401 5315 1797 5371 honorabiliter
1845 5315 2145 5373 transferre

549 5404 826 5477 concepit.
851 5404 1133 5464 lnsudavit
1160 5408 1348 5481 itaque
1375 5409 1566 5466 multis
1592 5409 1857 5480 impensis
1879 5409 1945 5465 ad
1973 5407 2145 5465 fabri-

549 5499 782 5556 candam
811 5501 1114 5574 capsulam,
1138 5517 1298 5570 auro,
1321 5511 1570 5575 argento,
1595 5503 1826 5574 gemmis
1863 5503 2141 5573 decoram,

547 5599 613 5649 ut
645 5594 1059 5653 sanctissimum
1090 5594 1242 5666 quod
1265 5603 1594 5668 conceperat
1617 5595 1951 5652 desiderium
1987 5611 2140 5652 com-

547 5684 742 5757 pleret.
773 5686 1004 5746 Peracto
1027 5688 1197 5760 igitur
1219 5705 1404 5760 opere,
1435 5699 1487 5747 et
1526 5689 1616 5747 die
1649 5690 1718 5747 ad
1757 5690 2140 5748 beatissimum

619 5871 699 5943 (1)
732 5871 1056 5944 Seigneurie,
1068 5870 1414 5944 juridictton.

2251 4394 2438 4452 natus,
2465 4399 2769 4454 omnesque
2795 4383 2882 4439 sui
2911 4396 3262 4439 successores
3285 4381 3468 4435 libere
3503 4371 3812 4451 propriisuﬁ

2250 4476 2626 4533 nisterialibus
2651 4475 2914 4532 adhibitis
2936 4482 2992 4530 et
3021 4473 3173 4528 omni
3209 4471 3322 4526 alia
3353 4480 3668 4542 potestate
3691 4479 3812 4554 scisti

2249 4578 2442 4627 strata.
2485 4569 2932 4641 Quotiescunque
2979 4582 3108 4623 vero
3150 4581 3250 4636 per
3307 4565 3594 4620 bannum

2248 4665 2461 4747 vinum,
2499 4665 2555 4720 in
2581 4664 2740 4732 urbe,
2772 4664 2888 4720 sive
2932 4671 3083 4718 extra
3117 4661 3337 4726 urbem,
3380 4661 3691 4715 tradimus

2247 4759 2381 4815 tiam
2405 4759 2610 4826 abbati,
2641 4757 2867 4829 suisque
2891 4754 3149 4810 omnibus
3171 4754 3642 4810 successoribus
3663 4753 3746 4806 ἱξιὲ

2247 4852 2439 4909 vinum
2466 4850 2656 4907 venale
2677 4866 2774 4921 per
2795 4850 3039 4905 bannum
3068 4847 3124 4902 in
3147 4856 3304 4902 curte
3338 4844 3566 4902 Sancti
3600 4845 3736 4899 Viue

2249 4947 2509 5004 omnibus
2539 4944 2857 5015 inculpatis,
2891 4951 3000 4998 tam
3025 4941 3404 4998 vendentibus
3428 4957 3636 5011 quam
3663 4953 3764 4992 cura

2249 5039 2374 5096 bus.
2427 5037 2818 5095 Collaudamus
2874 5042 3136 5106 praeterea
3186 5039 3245 5087 et
3305 5031 3552 5087 obnixe
3625 5028 3760 5087 sam

2248 5148 2592 5206 quaecunque
2615 5129 2919 5203 pontiﬁces,
2945 5127 3389 5199 praedecessores
3445 5127 3657 5182 nostri
3673 5167 3688 5190 ,

2248 5230 2450 5286 derunt
2478 5225 2712 5282 abbatite
2745 5222 2934 5279 Sancti
2973 5219 3268 5284 Vincentii,
3295 5227 3419 5274 tam
3473 5220 3561 5276 de
3585 5217 3720 5292 peni

2249 5323 2356 5379 bus
2375 5322 2444 5378 ad
2467 5320 2747 5393 propriam
2767 5332 3016 5374 mensam
3038 5330 3202 5385 quam
3226 5313 3297 5369 de
3327 5316 3644 5371 omnibus
3665 5307 3784 5380 arsi

2250 5417 2322 5474 tis
2349 5416 2408 5471 in
2436 5414 2600 5480 villis,
2625 5413 2682 5468 in
2703 5412 2900 5478 vineis,
2933 5411 2989 5465 in
3022 5408 3203 5470 terris,
3228 5407 3287 5461 in
3323 5422 3506 5466 nova
3549 5410 3790 5482 porticum

2248 5508 2590 5575 hominibus,
2613 5507 2670 5562 in
2697 5505 2945 5562 ecclesiis
2978 5511 3034 5559 et
3079 5502 3137 5557 in
3189 5503 3494 5560 omnibus
3539 5501 3764 5576 possead

2253 5603 2379 5670 bus,
2404 5611 2675 5673 quatenus
2703 5597 2873 5654 abbas
2895 5604 2948 5651 et
2974 5594 3082 5650 Deo
3113 5592 3250 5648 inibi
3293 5594 3676 5664 militantes,

2251 5697 2437 5768 aliqua
2456 5691 2880 5766 injuria,omnia
2909 5689 2964 5744 in
2997 5695 3334 5760 perpetuum
3368 5700 3528 5746 rata

3760 4904 3812 5145 ἒ

3697 5328 3812 5433 Ἡ

3564 5433 3790 5482 ροτυικπ.

3564 5501 3764 5574 posses"

3801 5893 3806 5966 ἑ
