3820 6312
75 288 174 351 1655

1398 259 1814 320 Dl'PLOMATA.

3129 265 3234 329 {65
3246 276 3274 331 ι

72 408 230 467 Mm
245 384 475 469 quidquid
488 382 767 458 dignitatis
792 389 850 440 et
865 379 1210 439 auctoritatis
1225 376 1563 436 serenissimi
1591 382 1643 441 Α
1666 377 1852 434 nullus
1874 376 2041 432 habet
2089 373 2333 431 bannum
2386 372 2770 447 (iuridiction),
2801 392 2987 450 neque
3020 391 3268 451 ροιθειη.

73 511 199 574 ρεφεε,
222 484 435 545 videlicet
452 476 710 544 Joannes,
732 475 1084 574 Benedictus,
1109 472 1250 574 lico,
1281 469 1558 574 Urbanus,

1666 479 1774 529 tem
1791 470 1897 528 nisi
1916 469 2090 527 abbas
2102 468 2439 536 Gorziensis,
2454 470 2894 542 praepositusque
2913 489 3073 544 suus,
3091 485 3141 532 et
3156 478 3263 533 mi-

159 574 394 656 privilegia
441 586 539 626 sua
590 575 985 625 concesserunt
1035 566 1328 622 abbatibus
1376 561 1564 664 Sancti
1664 563 1975 664 nisteriales
2006 562 2116 664 sui,
2142 561 2559 664 .cum.omrtibus
2585 563 2944 664 appendiciis.
2980 563 3041 622 In
3080 568 3268 664 tribus

69 656 294 739 'Viuoentii,
313 663 558 740 quidquid
587 662 752 719 etiam
787 659 1190 718 observandum
1219 658 1286 715 de
1309 656 1471 715 bonis
1496 656 1567 713 ad

66 771 277 833 abbatiam
308 757 707 832 respicientibus
742 755 1165 822 substituerunt,
1214 750 1567 808 concedimus

67 877 105 925 et
128 855 454 921 inviolabiliter
463 849 900 907 conservandum
919 847 1288 920 pracipimus,
1309 844 1567 902 collibra-

68 959 165 1016 rain
186 949 406 1010 omnibus
432 945 692 1016 dignitate
730 952 786 999 et
829 941 1158 999 auctoritate
1200 948 1392 997 nostra
1444 955 1569 995 om-

63 1054 267 1120 niumque
288 1039 526 1098 Metensis
571 1037 829 1094 Ecclesia
857 1037 1154 1108 prasulum
1178 1078 1195 1103 ,
1225 1035 1272 1092 si
1316 1032 1571 1091 catholici

62 1139 233 1198 fuerint.
259 1132 356 1189 Nos
386 1130 544 1203 igitur
577 1129 997 1184 corroborantes
1024 1127 1281 1183 universa
1319 1125 1572 1197 superius

60 1235 288 1297 notata,ut
323 1226 374 1280 in
403 1237 561 1279 omne
589 1231 807 1294 tempus
843 1230 958 1277 rata
1008 1235 1063 1278 et
1107 1220 1428 1277 inconvulsa
1459 1218 1587 1285 exi-_

60 1333 185 1390 stant,
204 1320 466 1392 violatores
485 1331 699 1384 eorum,
732 1316 1058 1385 auctoritate
1100 1314 1196 1371 Dei
1224 1315 1540 1385 omnipoten
1553 1341 1576 1355 -

57 1421 108 1476 tis
129 1415 277 1471 Patris
301 1421 351 1469 et
376 1409 496 1466 Filii
526 1418 583 1464 et
622 1409 678 1464 in
710 1408 913 1465 virtute
944 1408 1182 1480 Spiritus
1228 1408 1423 1474 sancti,
1470 1407 1578 1479 gla-

58 1512 125 1566 dio
141 1506 340 1565 districti
367 1502 748 1568 anathematis,
784 1517 816 1557 a
847 1501 1131 1557 liminibus
1160 1510 1363 1558 sancta
1392 1499 1593 1567 Ecclea

54 1604 125 1660 sia
143 1607 539 1672 sequestramus,
566 1604 630 1651 ut
658 1596 865 1671 nullam
890 1604 1101 1667 partem
1136 1595 1193 1650 in
1224 1604 1428 1651 sortem
1469 1594 1580 1651 cle-

55 1705 224 1751 ctorum
272 1691 524 1757 habeant,
575 1688 686 1745 nisi
737 1704 835 1760 per
887 1688 1330 1745 emendationem
1380 1688 1579 1761 resipi-

51 1766 185 1841 scant.
280 1788 289 1795 “
1046 1804 1051 1809 '

103 1876 265 1933 Actum
304 1873 456 1931 Metis
509 1872 567 1933 in
606 1873 839 1953 ecclesia
876 1871 1064 1929 Sancti
1096 1870 1388 1940 Vincentii,
1438 1888 1585 1928 anno

47 1970 291 2027 Dominica
312 1967 713 2025 lncarnationis
735 1968 895 2036 1094,
925 1967 1225 2024 indictione
1253 1983 1335 2035 ιιι,
1362 1966 1450 2022 die
1477 1965 1588 2021 Do-

46 2064 223 2131 minica,
272 2061 387 2117 Kal.
437 2060 718 2130 Octobris,
778 2061 1131 2133 episcopatus
1170 2069 1355 2116 autem
1397 2058 1586 2115 domni

42 2157 267 2229 Pnpponis
312 2171 458 2212 anno
513 2172 567 2211 v.
618 2154 990 2212 Prasentibus
1037 2164 1094 2212 et
1146 2152 1588 2212 collaudantibus

43 2253 203 2308 domno
253 2250 602 2307 Adalberone
664 2250 984 2321 primicerio
1042 2258 1098 2306 et
1162 2249 1585 2316 archidiacono,

37 2347 200 2401 domno
238 2345 479 2401 Gerardo
516 2344 926 2401 archidiacono.
965 2343 1252 2415 Arnulpho
1294 2345 1586 2400 thesaura-

38 2439 116 2505 rio,
143 2438 404 2507 Emicone,
433 2438 680 2507 Accone,
712 2436 1004 2506 Folcuino,
1054 2437 1387 2504 Leubrinco,
1420 2436 1587 2494 Thie-

33 2532 161 2599 frido,
214 2529 491 2603 Sigifrido,
545 2531 846 2588 canonicis.
880 2531 1114 2589 Walone
1159 2532 1355 2587 abbate
1402 2529 1590 2588 Sancti

35 2626 275 2697 Arnulplii,
300 2626 535 2682 Alberto
563 2626 759 2682 abbate
794 2625 981 2683 Sancti
1029 2624 1269 2681 Martini.
1314 2625 1392 2682 De
1432 2625 1590 2683 laicis

31 2733 207 2789 quoque
232 2727 502 2790 prasente
554 2726 611 2774 et
660 2728 991 2790 cooperante
1018 2717 1337 2775 Burchardo
1380 2718 1587 2790 judice,

33 2808 238 2867 Becclino
266 2820 321 2867 et
341 2811 580 2867 Alberto
610 2809 893 2880 fratribus,
918 2811 1164 2868 Ebroino
1182 2827 1310 2868 cum
1346 2812 1471 2867 aliis
1494 2812 1583 2867 in-

31 2906 252 2975 numeris,
275 2922 525 2978 quorum
558 2906 782 2964 nomina
808 2906 1012 2978 scripta
1035 2914 1165 2963 sunt
1187 2906 1243 2962 in
1270 2906 1413 2963 libro
1442 2906 1586 2963 vita.

753 3021 819 3077 ll.

229 3114 369 3171 Iura
411 3117 807 3172 advocatorum
839 3114 1064 3171 Amella:
1102 3115 1337 3172 ordinat.

597 3209 780 3284 (Anno
820 3209 1007 3283 1095.)

35 3300 118 3358 Ubi
143 3320 322 3377 supra,
351 3321 410 3376 p.
456 3302 594 3373 100,
614 3320 691 3377 εχ
717 3304 953 3377 chartul.
990 3304 1227 3377 abbatia
1245 3302 1588 3375 Goniensis,

450 3377 546 3433 tit.
600 3376 723 3444 158,
752 3392 807 3447 p.
848 3375 1132 3450 188-190.]

64 3466 112 3522 In
137 3469 363 3526 nomine
394 3476 621 3526 sancta
640 3476 693 3523 et
712 3466 1392 3539 individuaTrinitatis,et
1422 3470 1596 3526 beata

27 3558 83 3613 ιρι
113 3558 408 3617 Genitricis
449 3559 670 3627 Maria,
699 3568 754 3615 et
808 3560 984 3616 sancti
1029 3558 1314 3618 Michaelis
1360 3561 1598 3617 archan-

28 3652 104 3719 eli,
137 3663 187 3709 et
208 3654 394 3717 sancti
428 3653 594 3710 Petri
620 3662 675 3709 et
706 3652 884 3723 Pauli,
921 3661 977 3710 et
1010 3655 1186 3711 sancti
1210 3654 1498 3728 Gorgonii,
1541 3664 1598 3712 et

30 3748 217 3804 mnium
246 3750 587 3806 caelestium
614 3749 893 3818 ordinum,
916 3748 1114 3818 Porro,
1147 3759 1353 3808 sancta
1392 3749 1598 3807 Medio-

26 3844 331 3899 tatricorum
355 3843 643 3900 Ecclesia
664 3843 839 3916 gratia
867 3841 963 3899 Dei
993 3842 1258 3915 pontifex.

49 3934 447 3993 Contradimus
483 3944 687 3992 notum
722 3935 979 3992 omnibus
1014 3935 1286 4004 fidelibus,
1315 3945 1425 3991 tam
1454 3952 1597 4007 pra-

25 4033 218 4091 entibus
259 4051 447 4107 quam
522 4034 786 4106 posteris,
832 4034 980 4106 quod
1045 4033 1376 4091 venerabilis
1429 4035 1599 4092 abbas

27 4126 287 4185 orziensis
324 4127 620 4195 eosnobii,
680 4127 904 4184 nomine
945 4126 1269 4195 Warnerus,
1312 4143 1441 4184 cum
1497 4143 1599 4183 suo

24 4222 257 4292 raposito
290 4222 489 4279 fratre
520 4220 803 4288 Adelone,
842 4229 1089 4277 nostram
1118 4220 1467 4291 praesentiam
1496 4222 1601 4276 liu-

26 4312 166 4370 iliter
197 4317 435 4384 adiens,
475 4323 829 4386 conquestus
854 4314 959 4369 fuit
990 4315 1058 4371 de
1082 4313 1377 4371 Wezelone
1427 4314 1600 4372 advo-

23 4414 84 4462 ito
107 4424 230 4478 suo,
258 4410 366 4482 qui
392 4424 589 4481 super
610 4416 937 4479 potestatem
965 4406 1210 4475 Amella,
1237 4406 1332 4462 ubi
1374 4417 1458 4463 est
1505 4408 1601 4464 ad-

1667 653 1958 711 annalibus
1973 652 2188 725 placitis
2208 661 2263 707 et
2277 651 2333 706 in
2361 650 2483 708 aliis
2500 652 2736 724 placitis,
2750 669 2847 724 per
2861 670 3069 713 annum
3086 658 3272 716 conﬁ-
3330 658 3335 663 ’

1668 764 1862 815 unum,
1880 751 2209 821 prapositus
2238 756 2297 805 et
2324 748 2541 807 villicus
2568 749 2759 822 (maire
2778 751 2845 807 de
2864 752 3079 827 village)
3103 772 3269 829 agent

1669 852 1727 901 et
1769 844 1979 914 ﬁnient,
2001 846 2213 917 absque
2264 844 2533 901 advocato
2575 861 2920 918 quacunque
2967 850 3033 905 ad
3069 851 3268 921 placita

1673 938 1965 1009 pertinent.
1992 937 2187 995 Omnis
2220 939 2545 996 investitura
2579 940 2674 996 fiet
2707 941 2813 998 sub
2840 942 3025 1001 banno
3052 946 3272 1004 abbatis

1673 1039 1730 1088 et
1756 1033 2034 1104 prapositi
2059 1041 2114 1090 et
2137 1033 2327 1101 villici,
2356 1035 2506 1091 nulla
2545 1035 2826 1093 mentione
2872 1037 3125 1097 advocati
3172 1042 3274 1097 ha-

1675 1126 1809 1184 bita.
1850 1126 2034 1183 Abbas
2057 1136 2111 1183 et
2137 1128 2464 1199 prapositus
2506 1139 2673 1201 ponet
2712 1130 2958 1188 villicum
2987 1142 3045 1190 et
3077 1150 3281 1195 omnes

1677 1219 2086 1289 ministeriales,
2134 1220 2343 1292 absque
2392 1223 2675 1280 advocato.
2742 1223 2971 1283 Villicus
3018 1228 3279 1289 bannalis

1678 1327 2064 1383 quemcunque
2089 1313 2351 1369 rebellem
2385 1315 2617 1387 accipiet
2644 1331 2745 1388 per
2777 1333 2836 1375 se
2864 1328 2922 1375 et
2970 1337 3070 1393 per
3116 1340 3273 1392 suos,

1679 1412 1735 1459 et
1762 1403 1818 1458 in
1842 1404 2064 1475 cippum
2091 1405 2320 1479 (prison)
2352 1408 2553 1477 tradet,
2602 1425 2729 1465 eum
2785 1416 3050 1486 cogendo,
3102 1417 3285 1475 donec

1676 1497 1947 1570 justitiam
1978 1509 2334 1574 exsequatur,
2358 1504 2478 1560 sine
2522 1504 2812 1575 advocato,
2839 1508 2947 1565 nisi
2995 1509 3138 1568 forte
3177 1528 3280 1569 ne»-

1683 1610 1837 1653 cesse
1865 1593 2051 1652 fuerit.
2078 1594 2140 1651 In
2170 1606 2402 1654 centena
2432 1599 2773 1673 (seigneurie)
2801 1603 2973 1660 totius
2989 1609 3280 1677 potestatis

1692 1688 1937 1757 Amella,
1961 1698 2073 1745 tam
2099 1688 2170 1747 de
2198 1688 2322 1748 fure
2351 1706 2519 1763 quam
2543 1693 2610 1749 de
2657 1694 2891 1763 latrone,
2941 1708 2996 1754 et
3044 1701 3114 1756 de
3152 1701 3281 1757 aliis

1688 1783 1968 1851 omnibus,
1994 1783 2216 1840 deﬁniet
2243 1784 2482 1853 villicus,
2513 1786 2633 1842 sine
2655 1788 2942 1858 advocato,
2966 1794 3155 1848 omnia
3197 1812 3289 1852 se-

1689 1878 1930 1933 cundum
1953 1876 2220 1947 judicium
2243 1878 2619 1937 scabinlorum
2648 1880 2824 1953 ipsius
2844 1884 3019 1942 curtis
3038 1885 3287 1944 Amella.

1690 1970 1849 2038 Quod
1876 1972 1925 2027 si
1947 1970 2035 2026 fur
2064 1972 2151 2028 vel
2180 1972 2323 2029 latro
2344 1981 2645 2032 extraneus
2683 1974 2870 2045 fuerit,
2907 1988 2962 2034 et
3018 1994 3080 2035 se
3133 1981 3291 2036 rede-

1690 2063 1872 2131 merit,
1904 2064 2206 2121 advocatus
2247 2065 2466 2122 tertiam
2497 2077 2709 2138 partem
2733 2069 3030 2140 suscipiet;
3081 2073 3128 2128 si
3156 2089 3291 2129 vero

1691 2154 1987 2229 aufugerit,
2017 2157 2148 2213 dum
2175 2157 2230 2213 in
2259 2159 2754 2225 custodiatenetur
2783 2161 2921 2216 nihil
2949 2164 3177 2222 interest
3200 2167 3295 2223 ad-

1690 2249 1871 2306 vocati
1904 2266 1934 2304 a
1968 2250 2152 2307 villico
2175 2251 2484 2324 requirere,
2511 2252 2560 2308 si
2582 2268 2642 2309 se
2666 2254 2867 2325 poterit
2888 2271 3129 2329 purgare
3158 2274 3293 2314 eum

1694 2357 1796 2397 suo
1848 2356 2080 2399 assensu
2137 2358 2251 2400 non
2299 2343 2603 2416 aufugisse.
2644 2345 2832 2403 Abbas
2859 2363 3020 2404 suum
3066 2349 3300 2406 habebit

1692 2432 1938 2489 bannum
1981 2434 2254 2491 vendendi
2302 2436 2494 2491 vinum
2548 2436 2732 2510 (droit
2780 2438 2846 2493 de
2895 2438 3142 2514 (mn-vin)
3192 2456 3299 2512 per

1694 2541 1915 2583 menses
1972 2527 2135 2596 duos,
2180 2528 2461 2599 requirere
2515 2543 2877 2602 quoscunque
2905 2531 3164 2597 voluerit,
3188 2548 3298 2589 ex-

1694 2629 1853 2692 cepto
1878 2618 2024 2676 Julio
2054 2630 2108 2677 et
2142 2619 2509 2693 Augusto.'De
2528 2621 2688 2678 leuda
2713 2623 2958 2695 (amanda
2976 2641 3111 2696 pour
3132 2641 3300 2680 causa

1695 2714 2034 2786 d‘homicide)
2058 2715 2304 2772 hominis
2328 2714 2603 2771 interfecti
2635 2716 2789 2773 solus
2813 2718 3032 2774 villicus
3061 2718 3300 2789 placita-

1694 2809 1797 2878 bit,
1830 2810 2108 2881 accipiens
2146 2810 2215 2866 ad
2258 2825 2398 2880 opus
2427 2810 2644 2867 abbatis
2699 2811 2940 2879 leudam,
2991 2810 3299 2867 advocatus

1694 2903 1835 2959 nihil
1864 2903 2085 2959 habebit
2110 2903 2256 2971 inde,
2282 2903 2389 2960 nisi
2414 2904 2681 2961 invitatus
2727 2903 2915 2961 fuerit.
2974 2903 3052 2960 De
3105 2913 3297 2959 muta-

1693 2996 1845 3055 tione
1866 3006 2100 3054 moneta
2127 3005 2182 3053 et
2206 2997 2275 3053 de
2297 2997 2479 3053 duello
2505 2998 2621 3054 sive
2645 2998 2958 3069 incipiatur,
2983 2998 3098 3059 sive
3127 2997 3301 3056 tinia-

1620 3109 1667 3175 ρ
1697 3100 1811 3160 tur,
1834 3089 1971 3147 nihil
2000 3091 2236 3163 pertinet
2255 3092 2322 3147 ad
2346 3099 2669 3163 potestatem
2695 3078 3301 3155 advocati.Advocatus

1693 3188 1864 3256 enim,
1889 3196 1953 3243 ut
1976 3186 2160 3243 omnia
2183 3187 2291 3243 alia
2316 3187 2372 3242 in
2400 3187 2575 3243 libera
2599 3195 2871 3258 potestate
2904 3187 3124 3247 abbatis
3156 3207 3296 3248 con-

1694 3282 1912 3351 sistant,
1945 3296 2172 3338 mansos
2186 3281 2378 3337 decem
2408 3280 2577 3338 habet
2606 3280 2663 3336 in
2691 3279 2879 3352 feodo,
2912 3293 3113 3355 prater
3155 3286 3299 3341 bans.

1694 3391 1830 3431 num
1854 3390 2020 3447 quem
2056 3375 2255 3431 retinet
2275 3374 2468 3442 abbas,
2505 3389 2648 3446 quos
2676 3390 2903 3433 mansos
2931 3377 3096 3433 habet
3139 3393 3295 3434 seor-

1698 3484 1848 3535 sum,
1883 3476 1944 3524 ut
1974 3476 2144 3524 totam
2169 3475 2497 3539 potestatem
2532 3467 2811 3537 defendat,
2837 3471 2956 3527 sine
2981 3471 3093 3527 alio
3116 3487 3309 3543 respe-

1678 3571 1810 3629 ctu,
1842 3560 1950 3617 nisi
1984 3561 2079 3633 qui
2111 3560 2412 3632 inscriptus
2449 3570 2553 3617 est.
2584 3559 2760 3618 Habet
2800 3564 2965 3619 etiam
3006 3563 3150 3620 idem
3200 3564 3310 3621 ad-

1696 3664 1925 3713 vocatus
1976 3657 2032 3711 in
2091 3655 2198 3711 illis
2248 3656 2456 3713 mansis
2513 3662 2830 3728 manentes,
2880 3658 3140 3716 debentes
3192 3659 3307 3715 sibi:

1699 3765 1923 3807 censum
1952 3749 2019 3805 de
2035 3749 2327 3820 capitibus,
2343 3757 2399 3805 et
2426 3749 2593 3806 habet
2614 3750 2691 3806 ibi
2713 3751 3001 3823 proprium
3025 3751 3304 3819 villicum,

1699 3845 1992 3911 decanum,
2022 3845 2362 3911 scabionem,
2391 3859 2695 3915 omnesque
2728 3845 2979 3902 redditus
3018 3846 3240 3903 illorum
3261 3861 3304 3900 ι

1700 3954 2044 4005 mansorum,
2074 3937 2282 4009 absque
2314 3938 2521 3994 banno.
2562 3936 2831 3994 Praterea
2879 3939 3185 3995 advocatus
3228 3940 3306 3995 de

1701 4031 1936 4102 singulis
1965 4033 2318 4088 manentibus
2349 4031 2491 4087 infra
2521 4032 2766 4088 bannum
2808 4033 3000 4101 istum,
3033 4042 3090 4089 et
3153 4048 3305 4103 quo~

1700 4141 1825 4182 rum
1848 4133 1932 4182 est
1956 4126 2275 4194 advocatus,
2302 4135 2357 4182 et
2384 4126 2479 4197 qui
2502 4141 2729 4182 censum
2754 4127 2996 4196 solvunt,
3022 4127 3223 4198 accipit
3243 4125 3307 4182 in

1704 4219 2053 4275 solemnitate
2096 4218 2271 4276 sancti
2299 4218 2519 4274 Martini
2558 4222 2772 4277 soniam
2823 4237 2989 4277 unam
3045 4219 3310 4294 (droitde

1705 4315 1832 4385 gite,
1855 4329 1921 4367 ou
1945 4313 2121 4385 plutot
2146 4315 2442 4384 prestation
2462 4315 2555 4386 qui
2580 4332 2636 4370 se
2656 4318 2841 4387 payait
2881 4332 3015 4387 pour
3051 4331 3113 4370 ne
3152 4315 3307 4387 point

1706 4408 1872 4481 loger)
1919 4410 1986 4464 ad
2033 4425 2353 4467 mensuram
2382 4410 2644 4481 quartalli
2671 4411 2739 4467 de
2779 4419 2935 4469 curte
2963 4411 3208 4467 Amella.
3244 4409 3308 4495 Si

23 4512 207 4568 matus,
241 4499 727 4557 extraordinarie
750 4515 845 4570 per
871 4514 931 4555 se
959 4508 1015 4555 et
1049 4515 1147 4570 per
1176 4514 1328 4567 suos,
1362 4500 1603 4556 nonnul-
1634 4487 1683 4551 Ι)
1706 4519 1918 4560 veroea
1956 4503 2045 4559 die
2066 4503 2223 4560 sonia
2250 4520 2359 4560 non
2389 4502 2553 4560 fuerit
2580 4506 2883 4577 persoluta,
2921 4513 3105 4561 tamen
3126 4487 3303 4561 advo-l

24 4606 148 4651 sres
178 4595 568 4662 vindicabat,
592 4594 862 4649 excedens
898 4592 1215 4664 aequitatem
1256 4608 1424 4664 quam
1455 4593 1601 4650 obti-

23 4698 200 4745 terunt
225 4691 332 4746 alii
371 4690 489 4763 qui
528 4696 918 4744 memorantur
950 4687 1083 4743 inibi
1129 4685 1300 4745 fuisse
1328 4688 1598 4745 advocati.

22 4796 65 4839 rs
123 4785 331 4858 itaque
408 4782 841 4841 satisfacientes
909 4782 1182 4839 desiderio
1245 4782 1604 4855 querimonia

22 4893 84 4945 a,
105 4880 390 4934 venimus
414 4876 977 4944 Amellam,collecta
1008 4878 1356 4937 multitudine
1385 4888 1604 4934 nostro-

21 4987 69 5027 m
99 4974 403 5041 fidelium,
440 4971 556 5027 ubi
587 4969 873 5026 convictus
897 4970 1243 5041 supradictus
1285 4968 1603 5038 advocatus,

22 5063 106 5119 bis
133 5076 191 5122 et
211 5066 430 5122 abbati
469 5070 706 5131 nostro,
730 5063 803 5118 ob
831 5063 1053 5118 illicitas
1079 5063 1397 5119 invasiones
1437 5063 1605 5134 justi-

21 5159 147 5228 avit,
201 5160 571 5218 secundum
631 5156 920 5213 consilium
972 5156 1352 5228 praesentium,
1402 5166 1455 5212 et
1507 5174 1607 5229 po-

22 5268 148 5309 emo
181 5252 538 5324 dereliquit
569 5266 693 5320 qua
730 5249 935 5320 injuste
981 5262 1360 5321 usurpaverat,
1396 5250 1605 5307 collau-

22 5361 77 5402 ns
117 5348 328 5405 abbati
355 5356 423 5403 et
460 5344 605 5402 suis
642 5343 905 5415 quidquid
929 5343 1210 5415 dignitatis
1234 5352 1286 5399 et
1333 5343 1606 5412 utilitatis,

50 5444 430 5515 antiquitate
498 5438 572 5494 in
641 5437 955 5509 supradicta
1003 5436 1211 5491 Amella
1269 5436 1449 5506 palam
1505 5436 1607 5491 fuit

22 5545 298 5593 trratum.
364 5533 455 5590 Ut
515 5540 712 5587 autem
763 5531 915 5586 nulla
951 5529 1281 5601 ambiguitas
1305 5544 1470 5599 super
1506 5530 1608 5583 hoc

26 5632 166 5688 lulet
210 5631 384 5704 apud
448 5633 800 5699 praesentes,
831 5624 947 5679 sive
991 5629 1261 5695 posteros,
1294 5628 1609 5691 sequestra—

23 5741 116 5782 tus
150 5742 296 5799 qua
333 5724 475 5779 sint
506 5720 651 5791 jura
682 5716 919 5781 abbatis,
976 5731 1098 5787 qua
1146 5713 1417 5779 advocati,
1468 5713 1612 5769 sicut

26 5821 210 5891 icant,
280 5821 413 5878 hoc
470 5811 720 5881 ordine,
758 5809 1085 5882 sequentia:
1127 5807 1288 5882 Apud
1341 5806 1608 5866 Amellam

1710 4603 1868 4652 catus
1905 4595 2114 4650 nullam
2145 4594 2311 4651 faciet
2336 4596 2683 4665 violentiam,
2717 4598 2812 4654 sed
2850 4596 3066 4653 villicus
3088 4597 3315 4659 abbatis

1710 4696 2044 4759 exsequetur
2073 4687 2178 4743 sibi
2196 4688 2494 4760 justitiam,
2543 4688 2728 4743 annali
2757 4688 2958 4759 placito
2998 4688 3221 4747 abbatis.
3238 4692 3313 4748 ff.—

1710 4782 1849 4838 nito.
1876 4778 2137 4852 Sequenti
2164 4779 2250 4836 die
2275 4780 2572 4836 advocatus
2597 4778 2822 4835 habebit
2847 4778 3106 4851 placitum
3137 4795 3310 4841 stium;

1711 4891 1877 4948 super
1902 4891 2033 4932 suos
2065 4875 2319 4931 homines
2356 4873 2422 4929 de
2449 4872 2567 4929 suis
2590 4871 2779 4929 decem
2801 4871 3309 4945 mansistenentes,

1714 4977 1769 5023 et
1794 4983 1959 5039 super
1983 4967 2108 5023 illos
2128 4981 2354 5023 censum
2391 4965 2459 5021 de
2495 4964 2672 5036 capite
2712 4958 2825 5021 sibi
2860 4964 3117 5022 debento.
3145 4964 3309 5032 Quod

1715 5066 1762 5121 si
1785 5077 1954 5119 causa
1978 5061 2160 5132 aliqua
2185 5060 2240 5116 in
2266 5074 2370 5116 suo
2394 5060 2595 5130 placito
2616 5075 2794 5131 usque
2821 5059 2891 5115 ad
2908 5058 3153 5118 duellum
3178 5078 3310 5134 per-

1715 5155 1944 5224 venerit,
1977 5154 2032 5209 in
2059 5161 2214 5209 curte
2245 5152 2459 5209 abbatis
2476 5152 2703 5209 Amella
2728 5152 2974 5223 finietur,
3014 5166 3070 5215 et
3093 5158 3315 5216 abbatis

1715 5249 1931 5305 villicus
1964 5246 2129 5304 faciet
2151 5246 2553 5305 districtionem
2581 5248 2872 5319 (prmition,
2900 5251 3051 5321 peine
3079 5253 3314 5324 impotes

1711 5360 1815 5415 par
1839 5342 1887 5398 le
1907 5341 2058 5413 juge)
2084 5340 2342 5411 dabitque
2364 5342 2548 5398 abbati
2570 5358 2727 5399 suam
2747 5344 3041 5415 justitiam,
3061 5353 3117 5402 et
3143 5321 3312 5402 adv.o-

1715 5447 1837 5495 cato
1872 5451 2051 5491 suam.
2082 5433 2140 5490 Si
2172 5442 2318 5490 meta
2339 5434 2521 5507 aliqua
2544 5434 2713 5493 fuerit
2730 5439 3093 5496 exterminata
3120 5439 3179 5494 in
3198 5438 3314 5494 illis

1716 5530 1905 5586 decem
1932 5529 2143 5584 mansis
2166 5527 2233 5584 de
2260 5527 2419 5586 feodo
2446 5530 2719 5600 advocati,
2740 5532 2958 5589 villicus
2978 5532 3195 5588 abbatis
3220 5530 3310 5587 fa-

1715 5620 1823 5677 ciet
1845 5629 2015 5677 totam
2042 5620 2470 5691 districtionem,
2498 5623 2637 5680 dans
2670 5624 2939 5682 advocato
2965 5638 3122 5680 suam
3143 5623 3312 5695 justi-

1714 5714 1870 5782 tiam,
1896 5714 2078 5771 abbati
2101 5714 2345 5770 bannum
2367 5723 2424 5771 et
2464 5724 2668 5773 metam
2697 5717 2966 5774 restituet.
2994 5715 3312 5773 Advocatus

1718 5804 1942 5890 domum
1972 5806 2252 5881 propriam
2299 5806 2443 5879 apud
2484 5805 2753 5865 Amellam
2811 5807 3018 5865 nullam
3064 5804 3306 5885 habebit,
