3814 6346
407 376 432 434 ι
443 373 549 434 659

1419 361 1724 425 ANSBLMI
1774 354 2329 422 MEDIOLANENSIS
2365 343 2688 417 ARCHIEF.

3561 357 3674 416 {660

401 495 509 550 illis
553 496 904 550 adversantes
947 506 1056 547 non
1106 489 1414 548 dubitemus
1458 506 1557 562 pro
1597 503 1755 545 muro
1803 489 1994 544 domus
2023 486 2071 545 Α
2098 484 2229 540 stris
2271 483 2488 540 clericis
2516 491 2572 538 et
2598 478 2886 537 abbatibus
2935 479 2990 533 in
3038 477 3407 534 secretarium
3451 482 3680 534 conveni.

398 588 566 645 lsrael
615 588 682 643 ad
733 587 1082 660 pugnandum
1133 585 1185 641 in
1226 584 1434 655 praelio.
1474 582 1627 638 Nunc
1677 596 1808 652 ergo
1857 579 1986 650 quia

399 683 664 753 quosdam
711 681 1086 752 superstitiosa
1135 677 1397 750 religione
1445 677 1693 732 videmus
1737 676 1790 730 in
1833 673 1994 729 domo

402 772 498 830 Dei
552 775 902 838 contendere,
934 773 1242 842 ignorantes
1273 767 1366 823 Dei
1409 766 1695 838 justitiam,
1740 775 1794 821 et
1840 779 1994 820 suam

403 876 710 938 maerentes
754 865 1109 928 constituere,
1157 870 1370 931 Oportet
1409 876 1507 917 nos
1549 860 1805 930 pastorali
1863 875 1994 915 cura

401 958 871 1028 superintendere,
921 966 976 1010 et
1023 956 1301 1010 discordes
1355 970 1418 1010 ac
1464 954 1859 1017 contentiosos,
1901 951 1994 1020 qui

403 1063 531 1108 sunt
557 1053 609 1106 in
641 1051 878 1107 Ecclesia
918 1065 1013 1120 per
1036 1064 1186 1104 arma
1213 1049 1438 1120 justitize
1468 1049 1569 1104 sub
1613 1047 1997 1104 ecclesiasticis

401 1148 624 1204 statutis
665 1147 729 1200 ad
771 1161 981 1217 pacem,
1020 1153 1074 1200 et
1102 1145 1514 1199 unauimitatem
1560 1144 1840 1198 reducere.
1879 1143 1994 1196 Au-

401 1241 636 1296 divimus
661 1240 876 1294 noviter
898 1238 1162 1292 scissuras
1189 1252 1310 1292 esse
1339 1238 1509 1292 factas
1536 1235 1745 1291 Eccles.
1777 1236 1869 1289 Dei
1893 1235 1994 1289 sub

403 1337 587 1384 nostro
623 1329 904 1400 regimine,
943 1327 1136 1382 vicinis
1164 1326 1222 1382 S.
1265 1326 1501 1382 Protasii
1548 1327 1646 1380 sub
1672 1327 1888 1381 nomine
1913 1339 1999 1379 re-

401 1418 612 1492 ligionis
639 1422 1044 1477 decertantibus
1068 1437 1166 1491 pro
1188 1421 1422 1492 quadam
1454 1419 1699 1475 Ecclesia
1738 1434 1860 1473 cum
1901 1418 1997 1472 ab-

398 1512 524 1568 bate
554 1513 612 1568 8.
651 1511 1011 1582 Simpliciani.
1037 1510 1147 1566 Cur
1178 1520 1359 1565 autem
1391 1512 1491 1564 hoc
1519 1509 1838 1565 scandalum
1866 1523 1997 1563 exo-

399 1605 592 1669 riatur,
626 1614 814 1659 noster
840 1620 904 1659 ex
941 1604 1130 1658 ordine
1167 1604 1341 1674 stylus
1371 1614 1750 1674 prosequatur,
1782 1612 1840 1658 ut
1863 1618 1995 1657 cun-

401 1698 504 1754 ctis
545 1698 745 1754 clarius
787 1698 1112 1761 innotescat,
1152 1699 1284 1769 quid
1331 1714 1397 1752 ex
1425 1700 1748 1753 auctoritate
1777 1697 1876 1754 SS.
1904 1714 1997 1754 ca-

403 1804 606 1844 nonum
645 1805 676 1843 a
720 1788 875 1843 nobis
907 1789 1032 1843 inde
1057 1789 1268 1844 censeri
1297 1788 1588 1843 conveniat
1619 1788 1670 1843 in
1699 1789 1890 1859 primis
1918 1788 2000 1842 vi-

403 1878 650 1933 cinorum
693 1878 1036 1931 causantium
1085 1878 1373 1947 postulatio
1420 1878 1570 1932 clare
1631 1879 1747 1932 fiat.
1801 1880 2001 1934 Dicunt
2033 1853 2078 1908 Β

399 1969 546 2024 enim
579 1969 740 2024 vicini
774 1969 1069 2025 Ecclesiam
1103 1970 1159 2025 8.
1188 1969 1421 2027 Protasii
1450 1972 1581 2027 olim
1617 1971 1786 2026 fuisse
1814 1987 2003 2025 mona-

405 2061 633 2119 sterium
681 2063 894 2117 abbatis
924 2071 980 2116 et
1015 2063 1430 2128 monachorum,
1460 2064 1743 2118 basilicam
1777 2078 1907 2116 vero
1939 2061 2000 2115 S.

404 2148 742 2219 Simpliciani
785 2149 866 2206 ex’
900 2151 1058 2221 longo
1102 2161 1343 2222 tempore
1373 2154 1542 2208 fuisse
1588 2153 1996 2208 canonicurum.

406 2240 517 2296 Sed
562 2241 782 2307 abbate,
823 2249 878 2297 et
923 2245 1204 2299 monachis
1245 2245 1311 2299 ad
1360 2246 1666 2300 habendam
1701 2245 2000 2300 solitariam

408 2333 603 2398 vitam,
635 2335 841 2389 evitare
890 2335 1199 2389 volentibus
1242 2337 1558 2406 populorum
1601 2337 1997 2405 frequentiam:

401 2428 676 2482 canonicis
701 2442 849 2496 vero,
882 2429 1028 2483 velut
1073 2430 1388 2484 constitutis
1416 2431 1467 2484 in
1516 2446 1671 2502 agro,
1700 2446 1803 2484 non
1839 2445 2001 2485 recu~

402 2519 646 2574 santibus
671 2534 793 2574 esse
819 2518 873 2573 in
909 2519 1124 2590 populo,
1154 2521 1273 2576 talis
1297 2522 1437 2575 inter
1468 2530 1726 2592 utrosque
1750 2521 2004 2589 factazest

402 2615 779 2680 commutatio,
837 2621 897 2667 ut
945 2614 1134 2681 abbas,
1185 2622 1240 2670 et
1283 2614 1558 2680 monachi,
1594 2630 1716 2670 cmn
1751 2615 2004 2670 onmibus

401 2704 566 2762 rebus
609 2707 677 2761 ad
726 2707 1121 2762 monasterium
1160 2707 1560 2778 pertinentibus
1598 2706 1664 2760 ad
1713 2707 2002 2762 ecclesiam

399 2808 784 2870 processerunt
839 2799 897 2854 S.
960 2799 1319 2870 Simpliciani,
1376 2800 1502 2854 item
1556 2799 1828 2865 canonici,
1877 2813 2000 2853 cum

403 2894 656 2949 omnibus
677 2895 791 2948 suis
816 2895 979 2949 rebus
1007 2895 1073 2948 ad
1097 2893 1384 2949 ecclesiam
1413 2894 1744 2948 devenerunt
1772 2891 1829 2948 8.
1863 2893 2000 2949 Pro-

403 2986 528 3040 tasii
568 2995 624 3039 ut
654 2985 729 3040 illi
759 2995 944 3041 essent
988 2987 1040 3040 in
1093 2986 1374 3052 solitario;
1417 2985 1506 3040 isti
1545 2986 1598 3039 in
1646 2987 1862 3057 populo.
1908 2985 2002 3041 llis

405 3079 711 3134 rationibus
758 3079 923 3138 vicini
980 3079 1332 3144 conﬁdentes,
1369 3078 1654 3147 nullosque
1704 3079 2000 3134 monachos

405 3170 637 3225 ulterius
667 3171 738 3225 ibi
767 3178 914 3225 stare
943 3171 1180 3226 volentes
1209 3169 1488 3240 elegerunt
1521 3168 1856 3226 Gualdonem
1889 3169 2000 3224 fra-

412 3272 556 3318 trum
612 3263 962 3334 prtepositum
997 3263 1055 3318 S.
1104 3263 1338 3319 Protasii
1380 3263 1724 3330 olIicialium,
1779 3265 1997 3329 abbate,

405 3357 532 3426 quia
561 3357 614 3410 in
643 3357 793 3411 illum
822 3356 1052 3428 turpiter
1081 3367 1576 3423 murmuraverant,
1602 3357 1720 3429 ejus
1746 3357 1997 3412 electioni

403 3449 577 3504 invito
611 3450 1016 3515 consentiente,
1042 3465 1106 3504 ac
1141 3449 1394 3506 omnibus
1433 3450 1840 3520 proclamante:
1872 3470 1890 3503 ι
1920 3449 2000 3505 Ne

404 3541 549 3598 forte
582 3544 844 3599 tumultus
874 3544 1026 3598 fieret
1057 3544 1108 3597 in
1139 3542 1337 3614 populo
1363 3558 1378 3597 :
1401 3543 1530 3601 huic
1575 3544 1825 3600 electioni
1868 3560 2000 3614 quo-

407 3636 694 3692 danunodo
732 3635 1036 3700 consentio,
1066 3634 1213 3688 salva
1263 3643 1442 3690 tamen
1479 3636 1650 3690 nostri
1683 3635 2002 3691 monasterii

406 3730 688 3802 dignitate,
721 3739 1013 3800 nostroque
1057 3727 1356 3798 privilegio.
1392 3748 1411 3780 ι
1448 3729 1644 3784 Audita
1695 3729 1998 3784 vicinorum

407 3823 619 3880 ratione
649 3837 986 3892 consequens
1015 3831 1096 3878 est
1124 3861 1139 3876 .
1186 3860 1201 3875 .
1249 3861 1261 3876 .
1307 3863 1320 3876 .
1354 3823 1579 3878 Abbatis
1606 3823 1996 3878 contradictio-

406 3929 531 3971 nem
573 3916 628 3970 in
675 3916 912 3971 medium
945 3916 1232 3971 deducere.
1266 3915 1401 3970 Dicit
1441 3917 1584 3970 enim
1617 3915 1785 3970 abbas
1813 3932 2002 3970 mona-

407 4008 636 4063 sterium
663 4009 1052 4064 monachorum
1079 4009 1278 4062 dudum
1304 4007 1468 4063 fuisse
1491 4010 2000 4080 constitutumapud

409 4101 468 4156 8.
510 4102 837 4157 Protasium.
879 4102 1012 4157 Cum
1054 4111 1233 4156 autem
1265 4101 1320 4155 in
1359 4101 1612 4156 omnibus
1639 4103 1996 4157 monasterio-

407 4209 528 4249 rum
551 4195 888 4250 abundanter
910 4204 1292 4259 succresceret,
1316 4204 1370 4248 ut
1397 4196 1551 4266 copia
1583 4196 1998 4261 monachorum,

407 4301 532 4340 cum
566 4285 808 4355 pluribus
838 4286 958 4341 aliis
988 4287 1389 4341 adlnerentibus
1437 4287 1504 4340 ad
1534 4289 1879 4351 societatem,
1913 4286 1998 4341 vel

406 4376 725 4431 fautulatum
763 4393 972 4444 eorum,
1001 4378 1392 4432 intolerabilem
1447 4379 1611 4433 ferret
1639 4379 2001 4433 incommodi-

406 4481 574 4527 tatem
613 4480 833 4542 propter
859 4470 1162 4542 angustiam
1190 4471 1314 4535 loci,
1349 4481 1402 4525 et
1432 4471 1648 4525 civilem
1682 4470 1999 4526 tumulatio-

405 4577 558 4630 nem;
573 4573 931 4619 transmutata
955 4571 1037 4618 est
1058 4564 1285 4618 Abbatia
1311 4563 1456 4618 foras
1479 4562 1544 4617 ad
1573 4563 1629 4617 S.
1657 4562 1994 4631 Simpliciani
2025 4587 2078 4650 Β
2107 4613 2120 4629 ,
2165 4614 2180 4629 ,

406 4657 709 4725 basilicam,
739 4659 934 4712 abbate
982 4656 1108 4711 olim
1155 4656 1206 4710 in
1245 4657 1626 4727 preprietatetn
1677 4656 1998 4725 acquisitam

403 4769 472 4808 ex
519 4755 736 4808 decreto
783 4752 1204 4823 archipraesulis,
1252 4754 1341 4822 qui
1390 4762 1509 4806 erat
1548 4763 1674 4806 tunc
1717 4753 1995 4821 temporis,

403 4846 726 4917 quibusdam
775 4856 955 4901 tamen
1006 4846 1202 4901 ibidem
1263 4847 1669 4901 remanentibus
1719 4846 1998 4901 monachis

403 4954 528 4993 cum
557 4939 672 4994 suis
718 4937 1193 4993 monasterialibus
1229 4939 1604 4993 instrumentis
1637 4936 1688 4990 in
1723 4947 1996 4992 monaste-

403 5032 488 5084 rio
533 5030 590 5084 S.
631 5029 882 5085 Protasii.
921 5029 1294 5100 Omnibusque
1352 5039 1501 5100 patet
1549 5031 1614 5085 ab
1647 5031 1766 5101 ipso
1815 5031 1900 5085 die
1944 5031 1998 5085 in

402 5126 662 5195 praedicta
704 5125 935 5182 ecclesia
967 5124 1140 5179 sancti
1187 5124 1418 5179 Protasii
1454 5125 1749 5179 monachos
1777 5139 1998 5194 semper

404 5221 692 5284 mansisse,
732 5235 852 5274 cum
896 5219 1192 5288 capellanis
1215 5219 1268 5273 in
1293 5219 1664 5273 ecclesiastico
1693 5217 1870 5272 ofIicio
1901 5219 1996 5272 atl-

404 5313 840 5367 ministrantibus
876 5312 1070 5383 populo
1108 5313 1160 5366 in
1197 5311 1762 5378 omnibussubtnissis
1790 5311 1996 5378 abbati,

406 5404 621 5473 sibique
652 5405 934 5460 submissae
959 5404 1384 5476 congregationi.
1419 5403 1513 5458 His
1555 5414 1736 5458 autem
1765 5414 1996 5460 conten-

406 5498 646 5552 tionibus
673 5497 840 5552 abbas
883 5507 936 5552 et
964 5497 1125 5552 vicini
1162 5506 1268 5551 tam
1315 5497 1553 5568 graviter
1591 5496 1995 5563 dissentientes,

406 5599 467 5644 ut
511 5591 600 5644 Dei
633 5589 874 5644 Ecclesia
907 5588 1232 5644 vacillanter
1265 5590 1679 5659 inquietaretur,
1710 5589 1999 5659 omnisque

405 5681 596 5736 civitas
620 5682 1054 5752 perturbantur,
1078 5680 1302 5735 emolliti
1333 5680 1544 5734 tandem
1567 5680 1769 5734 nostris
1789 5679 2000 5737 crebris

405 5774 864 5831 admonitionibus
877 5790 1094 5830 omnem
1111 5789 1328 5829 causam
1345 5784 1530 5830 nostro
1557 5773 1838 5844 nostrique
1867 5772 2001 5829 cleri

400 5866 610 5946 judicio
659 5870 935 5926 terminari
981 5875 1304 5925 statuerunt.
1339 5869 1679 5943 Quapropter
1711 5879 1842 5925 cum
1884 5879 1997 5926 no-

2098 599 2243 648 mus,
2274 590 2335 636 ut
2357 597 2548 637 eorum
2580 579 2808 634 consilio
2835 575 2993 646 hujus
3018 576 3178 647 litigii
3226 575 3498 632 canonice
3526 579 3680 630 venti-

2099 673 2207 727 lata
2239 671 2621 728 enuclearetur
2647 671 2808 725 ratio.
2843 669 2942 726 Ubi
2969 668 3195 725 lucerna
3227 667 3516 738 sapientia
3539 683 3680 738 super

2097 763 2482 820 candelabrum
2510 760 2708 832 posita,
2736 769 2792 815 ut
2815 759 3022 815 luceret
3046 761 3132 815 his
3153 760 3248 829 qui
3283 760 3344 812 in
3373 758 3534 813 domo
3555 769 3682 822 Iunt,

2097 871 2219 911 cum
2250 871 2318 911 ex
2347 855 2448 910 hac
2468 868 2635 909 causa
2665 855 2929 908 rationem
2957 867 3162 923 ponere
3182 865 3315 906 cum
3345 849 3556 904 nostris
3579 865 3688 903 oon-

2099 949 2291 1014 servis,
2323 963 2431 1002 non
2464 957 2548 1003 est
2581 949 2832 1002 inventus
2858 944 3072 1014 aliquis,
3101 943 3195 1013 qui
3227 942 3590 996 commissum
3617 951 3686 993 ta-

2101 1039 2302 1094 lentum
2327 1038 2688 1094 subfodiendo
2712 1035 3091 1099 absconderet,
3125 1032 3223 1088 sed
3254 1032 3472 1102 apertis
3499 1031 3691 1085 thesa-

2100 1131 2176 1186 ris
2204 1131 2525 1200 multiplicet
2559 1129 2934 1201 superlucrata
2962 1127 3117 1183 nobis
3149 1125 3692 1197 postulantibus»

2100 1222 2342 1277 tulerunt
2400 1220 2622 1276 talenta.
2687 1219 2892 1286 Quibus
2943 1218 3278 1281 ostentatis,
3337 1215 3568 1285 expulsa
3623 1223 3695 1268 est

2101 1314 2436 1386 ignorantia,
2465 1313 2881 1381 introductaque
2926 1311 3159 1365 veritate
3209 1324 3315 1379 per
3363 1308 3594 1378 legalem
3624 1308 3694 1360 di-

2102 1405 2490 1459 lucidationem
2521 1403 2799 1474 sapientiae
2831 1400 3151 1455 alterutrum
3183 1397 3494 1470 amplexati
3520 1412 3690 1452 sumus

2101 1498 2342 1552 brachiis
2359 1497 2689 1552 concordiae.
2723 1495 2849 1550 Post
2877 1494 3031 1565 cujus
3054 1477 3342 1564 amplexus
3371 1493 3694 1546 concorditer

2102 1609 2227 1648 cum
2249 1593 2438 1647 electis
2461 1591 2672 1646 clericis
2697 1591 2894 1645 ibidem
2912 1589 3206 1645 statuimus
3215 1586 3505 1655 justitiam
3529 1601 3692 1655 supra-

2104 1685 2266 1740 dictis
2312 1681 2754 1740 contentionibus
2800 1682 3065 1735 hactenus
3114 1677 3514 1734 conculcatam
3573 1692 3692 1729 nunc

2103 1777 2171 1832 ab
2206 1778 2322 1846 ipso
2379 1777 2617 1831 thalamo
2659 1775 2908 1829 eductam
2939 1788 3035 1843 per
3064 1772 3200 1842 legls
3230 1770 3498 1842 peritiam
3525 1770 3576 1822 in
3597 1785 3693 1822 cra-

2105 1871 2306 1924 stinum
2345 1870 2458 1925 oris
2486 1869 2656 1924 nostri
2694 1867 2871 1937 gladio
2898 1865 3143 1934 legaliter
3171 1865 3458 1936 spondere
3499 1863 3688 1933 pupulo.

2104 1961 2262 2017 Mane
2295 1971 2475 2017 autem
2519 1971 2804 2029 utramque
2835 1959 3338 2014 contradictionem
3383 1996 3399 2009 .
3446 1996 3462 2009 .
3507 1994 3525 2010 .
3562 1995 3576 2008 .
3617 1971 3693 2024 po-

2104 2057 2230 2127 pulo
2274 2065 2521 2111 nostrum
2566 2053 2961 2125 postulantibus
3009 2053 3206 2110 audire.
3245 2050 3550 2120 judicium,
3591 2067 3694 2104 can

2106 2150 2314 2205 eisdem
2344 2148 2576 2214 clericis,
2596 2156 2651 2201 et
2673 2145 2959 2201 abbatibus
2982 2143 3046 2199 8.
3072 2142 3263 2198 Maria:
3292 2143 3695 2199 conscendimus

2107 2245 2398 2316 pulpitum.
2434 2241 2586 2298 Tunc
2619 2243 2763 2296 facto
2795 2241 2943 2310 prius
2969 2239 3190 2295 silentio
3220 2241 3328 2294 hoc
3357 2238 3542 2293 locum
3571 2239 3694 2306 capi-

2107 2338 2296 2393 talium
2347 2346 2426 2392 est
2481 2335 2608 2392 Grc.
2663 2373 2678 2389 .
2724 2372 2739 2388 .
2784 2371 2800 2387 .
2845 2374 2860 2388 .
2905 2371 2919 2386 .
2964 2371 2978 2386 .
3023 2371 3038 2388 .
3085 2371 3098 2386 .
3155 2331 3416 2402 pluribus
3470 2330 3696 2400 capitulis

2107 2431 2397 2503 diligenter
2426 2446 2455 2482 a
2491 2427 2668 2494 nobis,
2699 2442 2764 2482 ac
2791 2435 2978 2481 nostro
3012 2425 3182 2488 clero,
3210 2433 3270 2478 et
3313 2421 3371 2477 in
3415 2423 3694 2477 secretario

2105 2522 2465 2580 consideratis
2491 2521 2846 2591 inspectaque
2881 2517 3107 2589 antiqua
3153 2516 3506 2571 institutione
3533 2529 3696 2568 Inoa:-

2104 2617 2256 2673 sterii
2284 2626 2340 2670 et
2366 2615 2425 2670 8.
2451 2613 2811 2684 Simpliciani,
2839 2623 2893 2668 et
2926 2611 3177 2667 ecclesiae
3200 2609 3263 2665 S.
3295 2608 3536 2665 Protasii
3577 2648 3591 2661 .
3628 2646 3645 2661 .
3677 2645 3692 2659 .

2104 2721 2166 2766 ut
2193 2712 2446 2782 deinceps
2495 2711 2559 2764 ad
2601 2708 2886 2765 ecclesiam
2932 2707 2990 2762 8.
3045 2705 3287 2760 Protasii
3337 2705 3694 2776 permansisse

2105 2803 2427 2859 claustrales
2474 2802 2725 2856 monachi
2758 2815 2852 2869 per
2907 2798 3361 2856 constitutionem
3411 2794 3690 2851 abbatisS.

2106 2897 2469 2968 Simpliciani,
2524 2895 2806 2949 laudantes
2859 2907 3076 2963 quoque
3131 2892 3427 2945 firmamus
3467 2891 3694 2946 eamdem

2106 2989 2429 3052 Ecclesiam,
2451 2987 2676 3057 ejusque
2697 2985 2940 3041 ecclesia:
2969 2984 3372 3039 monasterium
3396 2999 3520 3037 cum
3541 2983 3696 3036 omni-

2103 3083 2205 3138 bus
2235 3083 2396 3136 rebus
2424 3081 2490 3134 ad
2524 3089 2753 3149 utraque
2782 3079 3032 3134 etenobia
3078 3117 3094 3132 .
3140 3117 3155 3131 .
3201 3118 3216 3131 .
3264 3116 3281 3132 .
3325 3115 3344 3131 .
3392 3076 3696 3147 pertinenti-

2103 3173 2224 3236 bus,
2273 3172 2466 3227 amodo
2514 3186 2736 3226 manere
2782 3172 2882 3226 sub
2935 3179 3229 3242 potestate,
3275 3179 3332 3224 et
3371 3170 3698 3225 ordinatione

2104 3265 2346 3334 ejusdem
2378 3265 2610 3320 abbatis.
2643 3263 2848 3320 Deinde
2876 3263 3074 3319 lectmn
3121 3273 3206 3318 est
3233 3262 3540 3332 capitulum
3572 3260 3702 3314 Aua-

2106 3359 2230 3415 cleti
2284 3373 2455 3428 papte.
2509 3357 2626 3424 Quo
2681 3359 2972 3427 explanato
3024 3357 3271 3411 diximus
3313 3357 3384 3409 ad
3435 3355 3696 3424 populum.

2105 3453 2375 3508 Praeterea
2412 3449 2812 3514 constituimus,
2861 3458 2918 3504 ut
2950 3450 3176 3504 omnino
3219 3464 3322 3518 pro
3370 3447 3572 3502 infecto
3615 3448 3698 3498 ha-

2112 3549 2332 3615 beatur,
2362 3547 2505 3618 quod
2527 3547 2861 3602 Gualdonem
2893 3554 3142 3600 nostrum
3183 3544 3536 3614 capellanum
3564 3542 3702 3597 vobis

2107 3641 2437 3714 cligentibus
2482 3641 2751 3704 dedimus,
2787 3650 2844 3694 ut
2872 3640 3349 3710 presbyterorum,
3379 3647 3438 3690 et
3481 3635 3701 3690 clerico-

2104 3749 2229 3789 rum
2274 3734 2520 3789 ecclesiae
2549 3733 2605 3788 8.
2634 3731 2867 3787 Protasii
2905 3741 3047 3786 esset
3067 3729 3418 3802 praepositus.
3447 3728 3587 3783 Cum
3622 3727 3702 3780 ab-

2103 3826 2202 3882 bas
2241 3826 2298 3882 S.
2333 3826 2668 3898 Simpliciani
2711 3835 2840 3880 tunc
2884 3824 3051 3888 dicat,
3085 3823 3544 3892 acjurejurando
3569 3837 3700 3875 asse-

2106 3934 2226 3974 rere
2255 3919 2302 3974 si
2331 3918 2596 3986 volumus,
2641 3917 2948 3988 promittat,
2983 3931 3043 3972 se
3079 3931 3186 3970 non
3236 3914 3576 3977 voluntarie,
3613 3913 3696 3966 sed

2102 4026 2199 4081 per
2253 4020 2455 4066 metum
2519 4012 2634 4081 ejus
2691 4009 3011 4066 electionem
3075 4006 3451 4071 consensisse;
3523 4007 3698 4061 dicens

2104 4119 2319 4174 quoque
2347 4120 2524 4171 suam,
2552 4111 2608 4158 et
2637 4103 2839 4158 nullius
2861 4102 3113 4167 alterius,
3134 4103 3203 4156 ab
3225 4102 3454 4171 antiquo
3471 4111 3698 4169 tempore

2103 4212 2318 4267 semper
2351 4196 2518 4253 fuisse
2557 4196 2882 4252 electionem
2914 4195 3322 4265 capellanorum
3367 4194 3618 4248 ecclesia
3641 4191 3692 4244 S.

2104 4289 2355 4347 Protasii.
2379 4291 2721 4363 Quapropter
2761 4291 2901 4347 sicut
2921 4290 3046 4357 jura
3095 4299 3426 4359 nostrasque
3473 4289 3696 4359 dignita-

2105 4393 2187 4440 tes
2217 4401 2434 4455 semper
2479 4385 2548 4440 ab
2599 4385 3066 4456 impugnatoribus
3118 4384 3383 4438 debemus
3415 4381 3694 4436 defendere

2103 4477 2374 4550 legaliter,
2417 4478 2495 4532 sic
2554 4477 2730 4532 aliena
2790 4493 2895 4533 non
2950 4477 3208 4533 debemus
3259 4492 3385 4531 cum
3435 4473 3690 4528 fratribus

2224 4615 2238 4628 .
2283 4613 2298 4628 .
2329 4572 2570 4639 auferet;
2617 4573 2909 4628 statuimus
2937 4573 3125 4637 etiam,
3156 4579 3217 4625 ut
3245 4571 3314 4624 ab
3356 4570 3458 4625 hac
3493 4571 3622 4624 hora
3643 4579 3692 4621 et

2102 4667 2358 4738 deinceps
2380 4667 2548 4722 abbas
2581 4665 2638 4721 S.
2672 4666 3008 4738 Simpliciani
3034 4665 3201 4737 eligat
3230 4663 3566 4734 Capellanos
3591 4661 3690 4716 o5-

2100 4758 2268 4814 ciales
2296 4759 2353 4812 S.
2382 4758 2635 4824 Protasii,
2665 4758 2757 4828 qui
2785 4774 2897 4813 suae
2922 4757 3176 4828 potestati
3201 4772 3422 4826 suaeque
3443 4755 3688 4810 obedien-

2104 4851 2190 4905 tiae
2217 4833 2547 4916 subjaceant,
2583 4864 2684 4904 nec
2713 4849 2882 4903 alium
2916 4849 3263 4918 praepositum
3293 4848 3554 4910 habeant,
3585 4847 3682 4898 nisi

2103 4942 2278 5012 ipsun't
2329 4941 2602 5006 abbatem,
2645 4941 2737 5011 qui
2785 4955 2880 4994 eos
2919 4949 3091 5011 regat,
3135 4949 3192 4994 et
3232 4941 3525 5002 custodiat,
3565 4949 3614 4991 et
3645 4937 3680 4988 si

2101 5033 2244 5088 inter
2269 5049 2324 5088 se
2349 5034 2513 5104 ipsos,
2549 5034 2631 5088 vel
2661 5035 2712 5088 in
2757 5033 2891 5089 alios
2921 5034 3287 5104 peccaverint,
3314 5049 3411 5088 eos
3457 5034 3518 5087 in
3552 5033 3682 5101 virga

2105 5125 2445 5180 rectitudinis
2491 5125 2745 5196 corrigat,
2774 5139 2977 5194 eosque
3016 5124 3086 5179 ad
3115 5126 3365 5180 eamdem
3394 5122 3682 5178 Ecdsiaa

2102 5218 2292 5273 vivere
2316 5217 2504 5283 faciat,
2531 5217 2615 5273 vel
2643 5217 2964 5290 regulariter
2993 5218 3046 5274 in
3077 5217 3322 5274 claustro
3345 5233 3473 5273 cum
3501 5231 3680 5286 supra-

2102 5311 2263 5365 dictis
2318 5311 2600 5366 monachis
2653 5312 2698 5366 si
2748 5311 2969 5382 ipsimet
3011 5312 3280 5382 capellani
3335 5312 3478 5366 hanc
3535 5312 3680 5364 vitam

2101 5405 2275 5477 magis
2299 5405 2579 5477 elegerint,
2612 5405 2696 5460 vel
2741 5406 3005 5462 canonice
3031 5406 3088 5461 in
3117 5407 3372 5462 domibus
3394 5405 3543 5461 aliis.
3573 5403 3680 5457 Ba:

2100 5496 2299 5554 fratres
2335 5500 2595 5554 canonice
2626 5499 2957 5554 sancivimus
3002 5517 3016 5552 :
3056 5499 3162 5554 hoc
3207 5514 3312 5552 una
3341 5513 3468 5553 cum
3512 5505 3674 5552 eam

2101 5591 2248 5648 clero
2282 5591 2646 5648 laudavimus:
2669 5593 2920 5663 idemque
2951 5609 2980 5648 a
3019 5593 3180 5649 nobis
3198 5594 3452 5649 erunibus
3467 5591 3676 5645 ﬁrmiter

2101 5681 2309 5738 laudari
2339 5683 2620 5750 volumus;
2646 5693 2704 5740 ut
2743 5685 2940 5752 vicini,
2969 5694 3025 5742 et
3059 5686 3252 5752 abbas,
3295 5694 3356 5738 ut
3395 5698 3542 5738 nune
3577 5689 3673 5735 suo

2100 5776 2324 5842 tuimus,
2357 5776 2741 5835 inviolabiliter
2785 5786 3028 5843 teneant,
3062 5787 3118 5834 et
3148 5777 3286 5834 dixit
3312 5775 3489 5833 omnis
3517 5787 3670 5845 pqr

2099 5865 2191 5931 lue
2210 5884 2228 5941 ξ
2250 5867 2370 5941 ﬁat,
2391 5869 2508 5930 fiat.
