3814 6346
131 411 279 472 1861

1562 375 1986 461 ρειινιιεςιλ.

3290 401 3428 468 1669

205 530 321 602 Ego
365 527 652 585 Anselmus
693 526 813 601 Dei.
843 527 1018 602 gratia
1065 528 1512 610 archiepiscopus
1553 543 1583 583 a
1630 527 1729 581 me
1759 517 1808 582 Α
1837 531 1996 579 mane
2033 535 2089 582 et
2118 539 2359 598 vespere.
2407 525 2588 584 Finito
2629 534 2808 585 autem
2854 527 3051 597 ofﬁcio,
3089 527 3338 603 religiose
3368 546 3422 592 et

125 619 280 675 facto
309 618 632 691 subscripsi.

205 714 324 769 Hoc
353 721 552 776 actum,
589 720 646 768 et
670 711 935 768 dictatum
965 723 1047 770 est
1072 721 1140 771 ab
1171 715 1484 785 Ariprando
1510 708 1730 768 cancel-

119 805 274 860 lario
319 821 460 862 anno
493 803 787 862 Dominica:
823 806 1219 864 incarnationis
1254 806 1416 874 1099,
1459 821 1511 862 tv
1545 803 1728 861 Nonas

123 902 442 965 Februarii,
475 901 663 956 indicl.
699 917 796 956 vn.

199 994 318 1066 Ego
342 995 654 1050 Armannus
673 993 974 1053 Brixiensis
995 997 1286 1068 episcopus
1312 995 1557 1062 interfui,
1575 1005 1632 1051 et
1651 1009 1726 1052 ss.

198 1087 318 1156 Ego
350 1085 669 1143 Guillelmus
698 1086 754 1142 S.
784 1086 1060 1145 Ambrosii
1093 1088 1262 1145 abbas
1289 1089 1535 1155 interfui,
1565 1097 1623 1145 et
1649 1104 1728 1145 ss.

199 1176 320 1250 Ego
334 1177 520 1234 Bonus
539 1177 734 1234 Senior
748 1178 1031 1250 Regiensis
1042 1181 1331 1252 episcopus
1347 1181 1566 1237 interfui
1585 1191 1640 1238 et
1651 1197 1728 1238 ss.

200 1270 322 1342 Ego
359 1271 638 1341 Arialdus,
686 1269 743 1326 S.
775 1271 1018 1344 Dionysii
1055 1272 1314 1346 indignus
1344 1273 1515 1330 abbas
1543 1271 1725 1330 interi.

113 1371 184 1418 ct
212 1363 404 1422 subsc.
501 1361 507 1366 ’

201 1457 319 1530 Ego
347 1457 618 1515 Bellottus
640 1457 782 1514 ﬁlius
811 1473 868 1529 q.
911 1457 1183 1514 Ambrosii
1231 1455 1563 1514 Gambarclli
1609 1469 1726 1515 not.

121 1548 277 1602 sacri
303 1547 885 1620 palatii,authenticum
907 1549 1068 1620 hujus
1087 1547 1321 1619 exempli
1347 1548 1478 1618 vidi,
1510 1555 1565 1605 et
1585 1547 1728 1620 legi:

123 1643 184 1716 in
233 1659 344 1712 quo
371 1642 775 1709 continebatur,
805 1643 948 1698 sicut
983 1643 1037 1698 in
1075 1643 1180 1698 isto
1220 1641 1420 1713 legitur
1461 1641 1728 1712 exemplo,

121 1743 331 1805 praeter
349 1725 566 1790 litteras
593 1733 780 1805 plusve
811 1734 1010 1790 minus.

199 1829 316 1900 Ego
346 1827 532 1901 Niger,
559 1828 704 1884 ﬁlius
737 1844 794 1900 q.
820 1826 1028 1884 Girami
1059 1828 1127 1884 de
1157 1828 1210 1884 la
1231 1827 1427 1900 Fragia
1458 1828 1525 1885 de
1551 1829 1732 1901 Burgo

119 1922 310 1978 Portaa
329 1922 586 1979 Cumanae
606 1923 926 1980 not.domini
949 1921 1169 1978 ﬂenrici
1206 1922 1402 1994 imper.
1427 1924 1533 1980 hoc
1549 1939 1734 1979 exem-

118 2017 281 2087 plum
299 2017 370 2074 ab
392 2017 704 2073 authentico
732 2016 982 2088 exemplo
1011 2016 1118 2072 vidi
1153 2025 1207 2070 et
1231 2016 1356 2088 legi,
1387 2027 1444 2074 et
1469 2018 1548 2073 sic
1578 2018 1632 2072 in
1664 2033 1732 2074 eo

120 2110 534 2178 continebatur,
565 2119 628 2166 ut
657 2110 710 2166 in
747 2111 852 2166 isto
879 2109 1078 2178 legitur
1101 2109 1375 2180 exemplo,
1399 2118 1553 2166 extra
1587 2110 1733 2166 litto-

124 2219 226 2258 ras
258 2203 376 2274 plus
414 2203 680 2259 minusve.

207 2297 324 2368 Ego
347 2297 629 2365 Martinus,
653 2295 795 2352 ﬁlius
816 2295 1074 2368 Nigronis
1099 2295 1168 2353 de
1188 2296 1238 2352 la
1262 2295 1435 2366 Vagia
1465 2295 1533 2352 de
1553 2295 1733 2367 Burgo

119 2386 314 2444 Portae
335 2388 594 2444 Cumanae
634 2395 751 2445 not.
780 2397 837 2445 et
867 2388 1068 2444 missus
1094 2387 1310 2444 Domini
1336 2387 1568 2444 Othonis
1590 2387 1729 2458 lmp.

119 2480 240 2536 hoc
268 2479 570 2552 exemplum
613 2481 682 2538 ab
709 2479 1024 2536 authentico
1049 2479 1283 2550 sigillato
1308 2478 1609 2551 exemplari
1635 2494 1651 2534 :
1675 2479 1733 2535 in

123 2588 250 2642 quo
276 2573 679 2640 continebatur,
703 2572 846 2629 sicut
875 2573 930 2628 in
959 2573 1062 2630 isto
1089 2573 1288 2646 legitur
1315 2573 1566 2645 exemplo
1593 2587 1734 2643 prte-

120 2673 221 2717 ter
249 2662 459 2719 litteras
497 2662 620 2735 plus
647 2663 918 2722 minusve.

123 2869 428 2944 Ecclesiant
454 2871 524 2944 de
552 2869 1014 2944 Βοηξοηειᾳααπι
1053 2872 1125 2930 ad
1163 2871 1564 2930 similitudinem
1595 2870 1733 2928 Hie-

313 2943 642 3011 roslymitani
675 2941 916 3014 Scpulc'ri
953 2943 1246 3018 redegerat,
1269 2955 1559 3002 consecrat.

730 3037 912 3107 (Anno
953 3036 1133 3111 l099.)

447 3126 734 3202 [UGHELLI,
761 3128 924 3185 Italia
947 3147 1123 3196 sacra,
1158 3130 1250 3197 ιν,
1289 3129 1441 3204 124.]

205 3239 266 3279 .n
282 3221 499 3280 nomine
510 3232 710 3279 sanctae
721 3223 1171 3294 sempiternteque
1186 3224 1475 3281 individua:
1489 3223 1737 3284 Trinita-

125 3315 230 3384 tis,
256 3324 312 3370 et
341 3315 515 3372 sancti
541 3315 774 3388 sepulcri
802 3315 1012 3371 Domini
1049 3315 1220 3372 nostri
1246 3314 1372 3371 Iesu
1400 3317 1606 3373 Christi
1631 3318 1734 3389 (2).

206 3408 323 3479 Ego
354 3409 666 3476 Auantius,
715 3423 914 3480 magna
963 3408 1058 3464 Dei
1109 3408 1410 3479 opitulante
1449 3408 1738 3467 clementia

128 3511 344 3559 sanctae
384 3501 578 3557 matris
615 3500 873 3556 Ecclesiae
905 3500 1344 3572 archiepisc0pus
1369 3499 1737 3557 Mediolanen-

131 3595 238 3654 sis.
274 3595 347 3653 Ut
373 3595 544 3651 bonus
571 3601 756 3666 pastor
783 3593 1021 3648 animam
1045 3607 1223 3648 meam
1255 3590 1506 3648 deberem
1535 3607 1739 3663 ponere

130 3705 241 3764 pro
285 3689 424 3745 meis
467 3687 692 3756 ovibus,
737 3687 833 3742 sed
883 3684 1011 3756 quia
1045 3684 1151 3741 hoc
1201 3683 1402 3751 facere,
1451 3685 1738 3741 mundanis

133 3781 439 3854 impeditus
465 3779 634 3846 curis,
665 3793 773 3834 non
798 3777 952 3834 valeo
972 3790 1074 3833 nec
1101 3776 1376 3832 immerito
1408 3776 1564 3832 doleo
1592 3775 1737 3846 quod

127 3876 272 3932 boni
294 3875 525 3946 pastoris
547 3871 782 3930 ofﬁcium
808 3886 914 3928 non
937 3884 1190 3936 exerceo,
1219 3884 1286 3925 ne
1309 3869 1522 3940 penitus
1555 3878 1736 3924 tamen

125 3967 330 4023 videre
379 3965 595 4022 deditus
644 3963 987 4035 ignorantiae,
1032 3961 1333 4032 inspirante
1383 3976 1593 4016 summa
1640 3960 1736 4017 Dei

127 4059 465 4128 clementia,
497 4073 617 4129 quae
658 4057 935 4112 civitatem
985 4069 1146 4124 supra
1195 4063 1431 4110 montem
1482 4054 1735 4124 positam,

127 4154 434 4212 ecclesiam
478 4152 689 4209 scilicet
718 4149 902 4206 Sancti
939 4146 1212 4220 Sepulcri,
1254 4147 1307 4202 in
1361 4147 1538 4202 medio
1577 4145 1737 4217 hujus

128 4247 387 4306 civitatis
412 4246 595 4311 sitam,
627 4259 732 4299 non
760 4252 844 4299 est
890 4256 1050 4313 passa
1088 4241 1291 4295 diutius
1328 4239 1606 4305 abscondi,
1639 4237 1737 4293 sed

127 4358 266 4400 eam
307 4339 460 4412 quasi
490 4338 731 4395 exaltare
769 4336 901 4392 fecit
925 4343 980 4390 et
1013 4334 1248 4406 jubilare
1287 4333 1354 4388 ad
1400 4332 1611 4403 signqu
1657 4330 1736 4385 vi-

126 4434 336 4496 ctoriae
371 4429 846 4503 Hierosolymitani
897 4427 1155 4498 sepulcri,
1190 4426 1258 4481 ad
1303 4423 1458 4494 cujus
1506 4425 1737 4494 gloriam

130 4543 252 4584 nos
297 4525 651 4596 procedentes
689 4537 812 4578 cum
857 4519 1057 4576 nostris
1099 4517 1383 4584 fratribus,
1423 4515 1594 4571 altare
1631 4515 1737 4571 Do—

1837 618 2136 678 honoriﬁce
2177 622 2477 695 suscipiant
2525 623 2759 694 majores
2801 634 2912 682 tres
2958 627 3160 685 solidos
3189 646 3252 686 ex
3287 631 3419 689 obc-

1832 711 2049 770 dientia:
2088 731 2336 782 munere,
2367 716 2651 773 duodecim
2699 719 2953 775 denarios
2995 722 3265 793 accipiant
3295 742 3419 783 cum

1830 806 2167 878 veglionibus
2191 808 2463 872 custodes,
2497 809 2631 864 duos
2659 808 2786 865 item
2812 811 3064 868 denarios
3103 813 3302 872 habeat
3327 821 3418 890 qui

1830 915 2048 957 crucem
2073 899 2394 970 bajulaverit
2415 918 2659 970 auream,
2676 903 2812 960 duos
2834 905 2960 962 item
2983 907 3254 978 accipiant
3269 916 3428 981 pueri

1832 992 1924 1064 qui
1949 991 2127 1047 missae
2153 990 2386 1048 oﬁicium
2418 991 2666 1049 fecerint.
2697 993 2850 1050 Tunc
2881 1004 3008 1050 ante
3041 998 3420 1068 magistratum

1832 1093 2097 1155 praeterea
2125 1086 2424 1153 sancimus,
2455 1096 2516 1142 ut
2557 1096 2684 1144 octo
2713 1088 2904 1145 diebus
2952 1097 3079 1144 ante
3107 1091 3424 1150 solemnita-

1836 1184 1941 1232 tem
1971 1187 2386 1248 praenarratam,
2422 1188 2477 1234 et
2511 1190 2636 1238 octo
2659 1191 2845 1253 postea
2881 1185 2954 1241 ita
2991 1191 3063 1246 sit
3084 1200 3193 1261 pax
3224 1201 3281 1247 et
3310 1200 3421 1248 tre.

1833 1285 1936 1342 gua
1967 1287 2066 1342 per
2105 1281 2351 1328 nostrum
2382 1275 2699 1330 comitatum
2730 1275 2910 1344 ﬁrma,
2937 1283 3083 1350 quod
3113 1299 3305 1339 omnes
3329 1284 3422 1354 qui

1836 1367 1904 1424 ad
1942 1369 2090 1426 hanc
2132 1367 2531 1425 solemnitatem
2567 1370 2847 1428 .voluerint
2883 1377 3165 1444 accedere,
3212 1380 3424 1450 possint

1837 1462 2019 1518 securi
2044 1469 2100 1517 et
2121 1462 2237 1518 sine
2260 1462 2504 1519 molestia
2528 1463 2802 1523 conﬂuere
2822 1469 3080 1540 undique.
3105 1471 3425 1544 Quicunque

1833 1567 1966 1609 vero
1997 1553 2063 1607 ad
2093 1551 2226 1608 illud
2255 1553 2587 1623 sepulcrum.
2617 1556 2673 1611 in
2703 1573 2812 1628 quo
2839 1557 3039 1616 Christi
3083 1577 3280 1634 corpus
3305 1567 3425 1622 dor-

1837 1643 2013 1710 mivit,
2063 1643 2245 1712 aliquo
2295 1644 2680 1714 impedimento
2723 1649 2972 1707 detentus
3009 1656 3264 1712 accedere
3313 1673 3421 1716 non

1833 1737 2067 1806 poterit;
2097 1747 2154 1792 et
2179 1736 2248 1792 ad
2277 1736 2380 1792 hoc
2409 1737 2736 1808 sepulcrum,
2773 1742 2841 1797 ad
2871 1742 2986 1812 ejus
3015 1761 3199 1803 veram
3232 1751 3426 1806 simili-

1837 1835 2080 1892 tudinem
2113 1835 2340 1900 factum,
2370 1837 2582 1892 venerit
2609 1853 2740 1892 sana
2774 1849 2955 1895 mente
2983 1849 3036 1895 et
3074 1841 3213 1897 bona
3251 1843 3425 1898 inten-

1836 1926 2004 1993 tione,
2033 1927 2408 1984 remissionem
2453 1943 2675 1984 suorum
2701 1929 2873 1986 tertiae
2897 1931 3067 2001 partis
3106 1933 3424 1990 delictorum

1835 2019 2056 2083 habeat,
2089 2028 2146 2076 et
2191 2021 2258 2075 ad
2297 2021 2510 2078 laudem
2543 2021 3012 2094 Hierosolymitani
3045 2024 3274 2094 sepulcri
3322 2027 3426 2082 hoc

1841 2125 1900 2166 se
1929 2111 2179 2168 retulisse
2210 2121 2525 2183 cognoscat.
2563 2111 2630 2168 Et
2661 2114 2705 2169 si
2735 2114 2858 2184 quis
2885 2114 3045 2170 alicui
3077 2115 3314 2170 venienti
3357 2117 3425 2171 ad

1836 2205 1977 2260 hanc
2003 2204 2172 2260 nostri
2203 2204 2622 2260 destinationem
2669 2205 2971 2261 molestiam
3003 2207 3292 2277 ingesserit
3331 2205 3428 2260 ali-

1837 2311 2024 2366 quam,
2053 2296 2416 2352 anathematis
2445 2295 2629 2368 gladio
2675 2311 2965 2366 percussus
2993 2297 3288 2363 incumbat,
3330 2299 3427 2352 do-

1837 2404 1941 2445 nec
1968 2388 2035 2443 ad
2065 2389 2312 2445 eamdem
2347 2390 2634 2446 ecclesiam
2676 2388 2782 2445 hoc
2817 2389 3111 2446 emendare
3155 2400 3424 2445 recurrat.

1838 2478 2124 2535 Stabilitur
2167 2493 2382 2550 quoque
2425 2489 2480 2536 et
2509 2478 2785 2535 communi
2836 2479 3176 2535 institutione
3209 2495 3238 2533 a
3271 2480 3427 2537 nobis

1835 2569 2106 2638 laudatur,
2127 2581 2396 2640 quatenus
2417 2571 2490 2626 ibi
2512 2571 2584 2628 sit
2606 2581 2905 2628 mercatum
2929 2571 3162 2627 annuale
3183 2573 3426 2628 omnium

1837 2677 2021 2718 rerum
2068 2661 2240 2718 ﬁuens
2287 2672 2347 2717 et
2389 2662 2616 2720 venale:
2646 2678 2713 2720 ex
2749 2679 2858 2734 quo
2908 2663 3088 2720 nullus
3131 2671 3427 2736 praesumat

1837 2762 2153 2810 curaturam
2190 2769 2462 2826 quaerere.
2509 2763 2566 2812 et
2609 2756 2665 2812 in
2710 2771 2820 2828 quo
2849 2756 3028 2813 nullus
3054 2757 3253 2813 audeat
3281 2756 3425 2813 ultra

1836 2862 2003 2902 unum
2047 2847 2281 2903 stadium
2323 2846 2588 2914 obtinere,
2645 2862 2744 2904 nec
2801 2849 2944 2920 quod
2998 2864 3285 2905 commune
3340 2860 3429 2907 est

1837 2938 2090 2994 omnibus
2141 2938 2270 2994 dent
2319 2939 2481 2996 alicui
2513 2939 2600 2996 vel
2633 2949 2693 2996 ut
2719 2941 2999 3012 proprium
3031 2944 3287 3010 vendere,
3325 2957 3428 2998 nec

1837 3031 1922 3087 sui
1947 3029 2085 3101 juris
2124 3030 2232 3087 ullo
2259 3034 2418 3088 modo
2448 3035 2659 3100 dicere;
2708 3034 2802 3090 sed
2831 3033 2974 3090 sicut
2997 3036 3303 3091 communis
3333 3045 3420 3091 est

1839 3125 2155 3182 solemnitas
2205 3127 2270 3181 ad
2323 3127 2568 3182 omnium
2619 3126 2925 3182 animarum
2981 3128 3290 3194 utilitatem,
3349 3129 3436 3186 ita-

1763 3244 1812 3310 ο
1842 3235 2128 3278 commune
2154 3222 2225 3276 sit
2253 3230 2554 3278 mercatum
2583 3221 2651 3278 ad
2672 3223 2914 3278 omnium
2956 3223 3316 3293 corporalium
3343 3238 3429 3278 re-

1840 3331 1960 3370 rum
2007 3314 2395 3370 venditionem.
2449 3313 2671 3384 Insuper
2711 3313 2875 3370 etiam
2921 3313 3234 3384 parochiam
3264 3330 3436 3384 quam

1839 3407 2102 3463 llderatus
2125 3405 2657 3477 etDeibertus,hujus
2678 3407 2922 3464 ecclesiae
2944 3408 3180 3479 religiosi
3203 3411 3431 3482 presby-

1841 3501 1964 3564 teri,
1996 3515 2054 3556 se
2083 3501 2240 3570 longe
2269 3507 2394 3554 ante
2421 3500 2732 3569 possedisse
2759 3500 3028 3566 dicebant,
3059 3516 3250 3560 eorum
3299 3518 3436 3573 prec.

1839 3594 1991 3650 cibus
2009 3601 2332 3658 commotus,
2355 3590 2581 3648 fratrum
2605 3603 2916 3649 nostrorum
2939 3593 3156 3662 Majoris
3171 3593 3430 3652 Ecclesiae

1839 3687 2197 3742 cartlinalium
2224 3686 2568 3757 aliorumque
2592 3685 2752 3755 hujus
2779 3686 3015 3742 civitatis
3044 3687 3272 3757 sapienti
3297 3703 3438 3758 cono.

1838 3778 1959 3834 silio
2009 3778 2431 3844 communicato,
2479 3777 2846 3845 concedimus,
2895 3777 3088 3833 damus
3128 3788 3181 3834 et
3230 3779 3428 3834 conﬁr-

1839 3886 2070 3936 mamus,
2119 3879 2178 3925 ut
2215 3871 2592 3942 praenominatl
2626 3870 2926 3942 presbyteri
2965 3870 3210 3926 ecclesiae
3242 3869 3428 3927 Sancti

1841 3964 2175 4036 Scpulcri,et
2197 3979 2385 4020 eorum
2410 3978 2778 4030 successores,
2805 3964 2870 4019 de
2895 3973 3092 4020 caetero
3113 3962 3428 4034 praedictam

1838 4055 2151 4124 parochiam
2188 4053 2508 4110 habeantet
2541 4052 2872 4123 possideant,
2903 4052 3113 4108 scilicet
3150 4067 3306 4111 casas
3337 4051 3431 4106 Ni-

1839 4147 2025 4219 gronis
2063 4145 2313 4212 Marthze,
2351 4155 2406 4200 et
2440 4145 2765 4201 Lanl'ranchi
2794 4145 2972 4214 Littze,
3013 4153 3068 4200 et
3090 4145 3216 4201 inde
3241 4160 3431 4200 omnes

1839 4239 2026 4295 domos
2055 4253 2228 4309 usque
2255 4237 2320 4292 ad
2349 4239 2566 4292 domum
2605 4236 2843 4292 Anselmi
2892 4237 3089 4309 Mugeti
3119 4255 3131 4291 :
3159 4251 3222 4291 ex
3258 4237 3431 4291 altera

1839 4338 1995 4401 parte
2041 4330 2140 4385 vite
2188 4345 2344 4385 casas
2383 4329 2656 4385 Ambrosii
2699 4331 2766 4384 de
2805 4329 2855 4384 la
2891 4330 3148 4396 Carzere,
3199 4339 3255 4384 et
3306 4329 3470 4384 inde'

1839 4437 2030 4478 omnes
2069 4437 2224 4478 casas
2255 4437 2426 4492 usque
2461 4421 2526 4476 ad
2567 4422 2784 4477 domum
2818 4421 3061 4478 Romedii
3095 4422 3429 4490 cancellarii,

1841 4524 1897 4570 et
1928 4517 2098 4585 ipsam
2137 4518 2387 4582 domum;
2428 4529 2494 4569 ex
2527 4514 2696 4568 altera
2730 4529 2858 4569 vero
2893 4523 3046 4585 parte
3089 4515 3280 4568 domos
3323 4513 3432 4568 Ro-

132 4621 305 4678 mino
331 4634 452 4674 cum
483 4615 714 4674 ecclesia
754 4611 912 4670 simul
964 4611 1194 4668 interius
1246 4609 1635 4674 dedicavimus,
1689 4616 1744 4664 et
1774 4607 1820 4664 D
1847 4609 1997 4664 zonis
2024 4618 2077 4664 et
2123 4607 2355 4664 Alberici
2403 4617 2458 4662 et
2500 4607 2723 4662 Arualdi
2753 4606 2955 4672 Faroli,
2988 4615 3044 4661 et
3089 4606 3214 4662 inde
3243 4620 3437 4662 omnes

132 4727 318 4783 super
363 4711 491 4767 illud
539 4709 652 4766 Deo
705 4717 891 4764 nostro
934 4706 1166 4762 hostiam
1214 4703 1386 4758 laudis
1416 4702 1734 4758 obtulimus.

133 4806 406 4863 Adunato
437 4803 602 4876 igitur
635 4801 959 4857 clericorum
989 4796 1418 4870 populorumque
1445 4802 1738 4861 conventu,

135 4898 426 4956 communi
453 4897 682 4953 consilio
704 4895 948 4950 omnium
976 4907 1038 4946 ac
1065 4888 1335 4961 frequenti
1368 4889 1580 4943 hortatu
1613 4903 1742 4943 san-

137 4994 323 5049 citqu
353 4999 435 5044 est
464 5006 491 5043 a
523 4989 679 5044 nobis
716 4995 772 5041 et
812 4983 1158 5041 laudabiliter
1183 4981 1478 5047 ﬁrmatum,
1521 4990 1578 5034 ut
1609 4994 1743 5034 uno-

135 5097 372 5155 quoque
398 5097 538 5137 anno
575 5096 697 5136 cum
733 5078 901 5150 gloria
947 5085 1004 5132 et
1047 5075 1253 5131 honore
1282 5071 1591 5127 celebretur
1621 5070 1740 5125 haec

141 5177 470 5236 solemnitas
507 5176 563 5231 in
592 5173 766 5230 sancti
809 5170 1042 5243 sepulcri
1089 5165 1632 5229 commemoratione,
1667 5164 1740 5218 ita

147 5284 217 5328 ut
251 5270 468 5328 Sanctae
503 5269 689 5324 Maria:
727 5266 1038 5322 cardinales
1064 5263 1135 5318 ibi
1171 5261 1460 5316 adveniant
1489 5272 1742 5314 reveren-

149 5378 245 5423 ter
292 5379 414 5420 cum
444 5362 810 5435 processione.
844 5357 945 5425 Qui
998 5371 1121 5412 cum
1172 5353 1372 5409 fuerint
1403 5352 1471 5408 ad
1500 5351 1742 5407 ecclesiae

153 5461 464 5524 introitum,
493 5457 563 5512 Te
583 5456 747 5511 Deun‘t
772 5452 1052 5508 laudamus
1081 5449 1332 5504 intonent
1349 5447 1563 5502 excelsa
1585 5460 1738 5510 voce,

155 5562 412 5613 tenentes
445 5566 639 5622 manus
661 5547 892 5604 invicem
925 5545 993 5600 ad
1025 5544 1238 5614 signum
1272 5541 1514 5598 victoria:
1544 5539 1742 5595 habitae

155 5646 578 5716 Hierosolyma;
613 5645 753 5697 inter
778 5655 916 5712 quos
941 5643 1102 5693 etiam
1126 5634 1353 5690 accedat
1383 5634 1748 5688 subdiaconus

158 5753 293 5796 cum
337 5735 607 5806 lampade,
645 5733 954 5790 accendens
992 5726 1281 5784 luminaria
1310 5740 1459 5782 more
1489 5735 1752 5784 consueto

1848 4700 2036 4776 domos
2089 4715 2258 4770 usque
2305 4699 2372 4754 ad
2429 4715 2586 4754 casas
2649 4697 2916 4752 Benzonis
2977 4695 3331 4762 Amblatoris,
3380 4702 3438 4751 et

1843 4784 2091 4840 'Vatfredi
2145 4784 2333 4841 fratris
2368 4783 2504 4853 ejus,
2549 4799 2704 4838 casas
2746 4777 3074 4838 Lanfranclu
3116 4792 3170 4838 et
3206 4780 3436 4838 Mal-chi-

1849 4880 1914 4935 sii
1933 4878 2327 4943 Amblatorum,
2352 4888 2406 4932 et
2425 4877 2552 4932 inde
2573 4889 2764 4930 omnes
2787 4890 2943 4930 casas
2965 4891 3138 4946 usque
3158 4875 3224 4931 ad
3243 4876 3436 4931 domos

1841 4971 2106 5030 'Otlltonis
2153 4971 2219 5027 de
2271 4970 2635 5036 Samblatore,
2682 4977 2738 5024 et
2785 4967 3035 5024 Gratiani
3081 4969 3331 5035 Cantoni,
3380 4977 3437 5025 et

1851 5067 1996 5137 ipsas
2043 5067 2231 5122 domos
2275 5063 2514 5134 Dionysii
2564 5061 2801 5117 Dodonis
2847 5069 2902 5116 et
2926 5060 3069 5115 Petri
3119 5059 3335 5125 Butelli,
3382 5069 3436 5117 et

1849 5137 1998 5216 Fetri
2045 5158 2400 5222 Gualasecca,
2432 5163 2487 5209 et
2514 5152 2756 5208 Lanterii
2785 5151 3024 5216 Patellaa,
3054 5165 3121 5206 ex
3155 5150 3324 5206 altero
3359 5149 3439 5205 la-

1851 5266 1965 5312 tere
2013 5251 2259 5308 ecclesia:
2306 5262 2463 5303 casas
2510 5243 2808 5301 Homobcni
2853 5243 2920 5298 de
2968 5241 3257 5313 Calagana,
3292 5240 3438 5297 Petri

1847 5347 2087 5414 Patritii,
2129 5357 2184 5402 et
2225 5345 2456 5400 fratrum
2489 5339 2604 5410 ejus
2633 5338 2888 5404 Rolandi,
2918 5347 2973 5392 et
2998 5337 3224 5403 Alberli,
3255 5336 3440 5391 Lauzo

1850 5440 2092 5510 Cioglite,
2139 5437 2284 5492 Petri
2317 5435 2490 5500 'Vexa,
2538 5430 2746 5486 Alberti
2784 5429 3048 5494 Buntaro,
3076 5428 3222 5484 Petri
3251 5427 3442 5482 Sama-

1857 5549 2006 5605 ruga,
2064 5530 2287 5588 Guiredi
2336 5526 2606 5592 Bionoldi,
2649 5521 2894 5580 Landulﬁ
2947 5522 3167 5586 Clerici,
3216 5519 3440 5576 Joannis

1857 5628 2021 5700 Spata
2049 5627 2101 5680 in
2129 5625 2304 5680 Zotta.

1841 5719 1844 5722 ’
1935 5725 2124 5776 Actum
2157 5705 2384 5776 esthoc
2411 5715 2653 5772 omnium
2680 5707 3163 5770 Mediolaneusium
3194 5705 3437 5778 testimo-

236 5897 322 5976 βλ
346 5899 439 5960 Βύ-
462 5894 628 5969 hujus
702 5890 981 5954 ocumenti
1017 5887 1124 5948 ﬁde
1165 5886 1372 5947 dubitat
1415 5886 1742 5944 Muratorius
1765 5901 1822 5943 tu
1847 5882 2054 5942 Anecd.
2088 5888 2221 5941 tom.
2253 5879 2293 5947 Ι,
2333 5893 2457 5952 pag.
2485 5875 2616 5934 ‘2“.
