3820 6312
423 397 568 456 i£665
958 388 960 391 ’
1005 386 1009 390 ’
1200 383 1510 449 ANSELMI
1554 376 2105 442 M’EDI‘OLANENSIS
2141 373 2466 437 ARCHIEP.
2507 377 2922 437 PRIVILEGIA.
3536 386 3628 446 lost

431 517 544 578 nio.
574 522 627 569 et
648 511 1081 577 conﬁrmatione,
1105 525 1246 565 anno
1271 508 1339 564 ab
1374 504 1750 561 incarnatione
1805 498 2019 560 Domini
2047 500 2100 563 Α
2125 513 2348 564 seruus,
2387 496 2502 554 sola
2543 496 2637 552 Dei
2669 494 3046 552 misericordia
3085 492 3478 554 Mediolanensis
3499 498 3629 562 Eccle-

431 606 606 664 nostri
630 603 758 660 Jesu
789 603 995 660 Christi
1027 601 1313 658 millesimo
1356 589 1680 663 centesimo,
1713 593 2013 650 indictione
2131 593 2226 651 size
2254 592 2713 663 archiepiscopus.

432 696 650 764 octava,
683 697 808 753 ldus
828 695 978 752 Julii.
1621 686 1624 690 “
1814 762 1816 764 ν
2198 687 2464 744 Convenit
2500 696 2691 744 nostro
2733 685 3049 744 Christiano
3087 686 3435 747 moderamini
3461 692 3530 762 pia
3548 696 3635 754 reti.

504 786 632 862 Ego
648 789 940 847 Anselmus
964 795 1212 855 uuartus,
1248 783 1346 841 Dei
1373 781 1547 853 gratia
1575 775 2018 845 archiepiscopus
2123 780 2283 852 gidne
2311 796 2376 836 ac
2399 779 2659 840 benevola
2682 781 3064 852 compassione
3086 780 3252 836 alacri
3284 793 3455 840 mente
3474 801 3638 856 poseen.

432 880 646 940 ﬁrmavi
675 889 730 938 et
753 862 830 936 ss.
2129 874 2262 929 tium
2288 872 2486 929 animis
2511 889 2796 930 assensum
2824 874 3125 946 impertire.
3156 875 3360 933 idcirco
3381 878 3443 933 ad
3465 890 3640 939 nostram

508 975 619 1047 Ego
645 971 982 1044 Grosolanus
1011 969 1264 1040 indiguus
1289 965 1460 1039 episc.
1488 961 1708 1020 laudavi
1732 969 1788 1019 et
1815 975 1890 1017 ss.
2131 965 2507 1022 auctoritatem
2535 966 2778 1038 pertinet
2805 975 3031 1023 cunctos
3061 977 3263 1024 nostrae
3300 967 3529 1026 Ecclesia:
3549 972 3643 1030 ﬁlios

505 1067 619 1140 Ego
643 1068 892 1124 Andreas
921 1065 1104 1137 presb.
1137 1061 1478 1134 primicerius
1505 1057 1718 1114 laudavi
1750 1065 1805 1112 et
1831 1070 1908 1111 ss.
2129 1067 2358 1130 paterno
2379 1057 2572 1140 affectu
2603 1058 2828 1131 diligere
2857 1067 2914 1116 et
2951 1069 3153 1131 optatae
3182 1061 3398 1132 pietatis
3423 1078 3550 1135 opem
3573 1082 3645 1123 non

507 1137 622 1232 Ego
655 1146 973 1236 Land’ulfus,
1007 1157 1098 1229 Dei
1126 1155 1298 1228 gratia
1337 1152 1655 1209 Nazarianze
1681 1147 1929 1207 ecclesiae
1957 1147 2024 1202 li-
2126 1151 2413 1222 denegare.
2455 1137 2538 1207 Ex.
2563 1151 2667 1208 hoc
2696 1152 2840 1209 enim
2891 1151 3029 1209 lucri
3074 1153 3414 1230 potissimum
3451 1159 3648 1227 premium

437 1264 527 1313 cet
553 1248 806 1325 indignus
833 1253 1154 1330 praepositus
1184 1250 1396 1305 laudavi
1417 1258 1471 1305 et
1495 1263 1569 1306 ss.
2127 1245 2268 1316 apud
2293 1245 2461 1302 Deum
2494 1247 2736 1303 omnium
2784 1249 3121 1304 conditorem
3157 1263 3529 1319 promeremur.
3549 1251 3650 1319 Qua-

506 1345 618 1418 Ego
646 1345 943 1407 Landulfus
971 1337 1234 1410 notarius,
1263 1343 1355 1415 qui
1383 1351 1438 1399 et
1475 1342 1651 1415 dictus
1676 1337 2014 1412 praepositus,

2143 1355 2350 1416 tropter
2379 1345 2632 1401 omnibus
2670 1347 2874 1402 nostris
2916 1345 3167 1401 ﬁdelibus
3213 1355 3327 1401 tam
3367 1349 3651 1416 praesentibus

435 1441 650 1498 laudavi
675 1448 729 1495 et
763 1436 944 1494 subsc.
1209 1443 1212 1446 ’
1283 1450 1286 1452 ⁷
1589 1430 1592 1432 ⁷
2127 1449 2290 1505 quam
2333 1443 2388 1491 et
2409 1434 2606 1491 futuris
2654 1445 2840 1491 notum
2885 1434 3002 1491 fieri
3042 1434 3299 1491 volumus
3337 1436 3471 1506 quod
3512 1453 3589 1494 nos
3617 1440 3655 1496 in

511 1531 620 1602 Ego
649 1531 937 1586 Anselmus
966 1525 1301 1602 archipresb.
1331 1526 1548 1583 laudavi
1576 1533 1631 1581 et
1658 1541 1734 1580 ss.
2129 1536 2317 1583 nostra
2349 1526 2736 1584 Mediolanensi
2777 1528 3004 1585 ecclesia
3042 1543 3165 1586 cum
3201 1530 3406 1586 nostris
3433 1531 3655 1588 cardinali-

508 1623 621 1695 Ego
643 1622 1110 1694 Henricus‘abbas
1149 1619 1485 1686 Padulensis,
1515 1616 1730 1672 laudavi
1759 1623 1815 1672 et
1839 1630 1916 1671 ss.
1989 1607 1991 1609 ’
2129 1620 2231 1675 bus
2278 1621 2345 1676 de
2406 1629 2715 1677 nostrarum
2766 1621 3071 1676 animarum
3131 1620 3307 1676 salute
3369 1621 3658 1693 disputantes,

506 1715 618 1785 Ego
646 1715 970 1790 Aliprandus
992 1711 1348 1768 cancellarius
1371 1711 1587 1766 laudavi
1615 1717 1670 1765 et
1699 1723 1776 1764 ss.
2007 1700 2009 1703 ’
2131 1722 2444 1768 nostrorum
2505 1713 2778 1786 ﬁdelium,
2823 1713 3029 1769 scilicet
3075 1711 3285 1769 Arialdi
3334 1721 3391 1770 et
3434 1712 3660 1771 Lanfranci

510 1807 623 1879 Ego
651 1807 943 1886 Dionysius
967 1807 1250 1878 presbyter
1289 1805 1504 1860 laudavi
1543 1812 1596 1859 et
1624 1819 1701 1858 ss.
2059 1871 2110 1886 _
2135 1807 2365 1863 fratrum
2391 1821 2453 1862 ac
2474 1805 2662 1862 Alonis
2689 1821 2875 1862 eorum
2903 1805 3295 1877 consanguinei
3321 1807 3386 1863 de
3409 1806 3661 1880 Meregnano

426 1941 429 1944 ι
507 1901 620 1971 Ego
647 1883 932 1974 presbyter
956 1898 1268 1954 Bonifacius
1311 1897 1524 1952 laudavi
1555 1906 1610 1952 et
1639 1912 1714 1953 ss.
1829 1971 1833 1974 ι
2059 1871 2112 1935 Β
2137 1901 2447 1972 implorata,
2483 1899 2697 1956 Sanctae
2728 1899 2913 1957 Mariae
2953 1871 3244 1956 ecclesiam
3282 1900 3349 1956 de
3375 1871 3660 1970 Calverizaao,

509 1991 625 2063 Ego
649 1991 931 2070 presbyter
957 1990 1210 2044 Albertus
1237 1987 1456 2044 laudavi
1485 1997 1539 2044 et
1561 2004 1636 2044 ss.
2135 1996 2300 2066 quam
2335 2009 2402 2048 ex
2448 2001 2636 2048 nostra
2677 1993 2905 2049 ecclesia
2960 1994 3217 2050 tenebant
3258 1992 3418 2065 longo
3465 2003 3660 2065 tempore,

511 2073 932 2156 Egopresbyter
952 2082 1249 2139 Landulfus
1276 2081 1492 2136 laudavi
1520 2090 1576 2136 et
1595 2096 1669 2137 ss.
2135 2103 2260 2143 cum
2291 2097 2434 2143 terra
2475 2099 2540 2140 ac
2587 2099 2800 2151 eorum,
2825 2084 3034 2141 scilicet
3071 2084 3286 2140 Arialdi
3332 2093 3387 2141 et
3419 2083 3659 2153 Laniranci,

511 2179 622 2250 Ego
645 2176 926 2250 presbyter
953 2175 1217 2232 Henricus
1246 2175 1456 2230 laudavi
1484 2183 1537 2230 et
1562 2189 1642 2229 ss.
2135 2180 2339 2253 proprii
2364 2180 2549 2252 praadii
2570 2179 2794 2236 decimis
2817 2193 2954 2249 quas
2977 2179 3043 2234 ad
3067 2193 3311 2248 praesens
3329 2189 3662 2247 concesserunt,

511 2272 624 2338 Ego
656 2272 951 2328 archidiac.
985 2270 1254 2326 Tedaldus
1283 2268 1494 2325 laudavi
1519 2277 1576 2324 et
1599 2283 1674 2323 ss.
2135 2267 2190 2327 et
2215 2273 2470 2328 omnibus
2500 2270 2658 2329 bonis
2688 2288 2807 2342 qua:
2849 2287 2994 2328 nunc
3033 2271 3201 2328 habet
3236 2279 3292 2328 et
3328 2271 3384 2326 in
3418 2280 3665 2344 perpetuum

511 2367 625 2435 Ego
648 2358 798 2422 Bezo
821 2365 1081 2421 diaconus
1106 2363 1323 2417 laudavi
1351 2369 1405 2418 et
1441 2377 1516 2416 ss.
2136 2365 2364 2436 adipisci
2413 2368 2670 2438 potuerit,
2698 2353 2903 2421 sancta:
2935 2365 3283 2422 Cluniacensi
3326 2364 3548 2423 ecclesiae
3577 2383 3667 2423 cou-

510 2461 624 2534 Ego
650 2461 996 2532 Darprandus
1023 2457 1165 2513 diae.
1196 2455 1408 2510 laudavi
1435 2463 1491 2510 et
1519 2469 1592 2510 ss.
2140 2459 2423 2514 cessimus.
2457 2459 2681 2529 insuper
2699 2459 2948 2516 volumus
2976 2469 3030 2515 et
3055 2457 3344 2514 laudamus
3365 2461 3497 2531 quod
3520 2459 3557 2516 si
3580 2460 3666 2530 quis

515 2553 626 2626 Ego
657 2551 922 2607 Henricus
959 2551 1079 2605 vice
1110 2548 1249 2603 diac.
1277 2546 1489 2602 laudaVi
1520 2554 1573 2602 et
1599 2560 1672 2602 ss.
1749 2543 1760 2570 '
2137 2566 2328 2607 eorum
2365 2551 2641 2607 hazredum
2671 2551 2753 2606 vel
2785 2552 2920 2607 alias
2949 2552 3176 2622 quilibet
3209 2553 3374 2609 homo
3395 2551 3457 2608 de
3487 2552 3668 2610 ecclesiis

512 2646 623 2718 Ego
648 2647 818 2701 Adam
850 2632 1220 2702 Mortariensis
1248 2643 1449 2700 electus
1476 2641 1690 2696 laudavi
1721 2649 1777 2697 et
1797 2655 1873 2698 ss.
2038 2659 2040 2661 ’
2137 2661 2304 2716 supra
2333 2661 2522 2702 eorum
2549 2645 2810 2718 praedium
2835 2645 3115 2703 aedificatis
3152 2645 3239 2702 vel
3263 2645 3581 2712 :ediﬁcandis,
3603 2655 3666 2701 aut

513 2738 626 2812 Ego
650 2739 972 2796 Guillelmus
1004 2734 1318 2793 monasterii
1349 2735 1706 2793 S.Ambrosii
1749 2735 1918 2792 abbas
1943 2735 2029 2791 in-
2137 2752 2326 2793 eorum
2373 2737 2620 2803 decimis,
2667 2752 2732 2794 eo
2776 2737 3076 2808 inspirante
3116 2738 3210 2810 qui
3252 2738 3343 2794 ubi
3390 2737 3496 2793 vult
3529 2736 3667 2809 spirat,

439 2833 638 2905 dignus
659 2831 805 2887 laud.
831 2841 887 2887 et
919 2829 1099 2888 subsc.
2137 2839 2454 2901 prtetaxatm
2493 2831 2738 2887 ecclesia:
2768 2831 3022 2888 conferre
3061 2831 3316 2900 voluerit,
3349 2831 3663 2888 conferamur

512 2924 626 2994 Ego
661 2922 900 2980 Joannes
925 2925 1092 2981 abbas
1121 2922 1180 2981 S.
1220 2921 1553 2994 Simpliciani
1585 2921 1800 2978 laudavi
1839 2929 1894 2977 et
1942 2937 2027 2978 ss.
2141 2921 2238 2978 Dei
2267 2921 2650 2978 benedictione
2676 2933 2730 2977 et
2757 2923 2860 2978 hac
2891 2931 3076 2978 nostra
3106 2922 3670 3004 concessione,eosciit-

511 3018 634 3090 Ego
656 3017 917 3074 Martinus
956 3017 1276 3074 monasterii
1303 3015 1365 3074 S.
1402 3016 1546 3073 Celsi
1569 3016 1829 3086 indignus
1859 3013 2030 3072 abbas
2138 3023 2225 3071 cet
2252 3015 2445 3072 ordine
2473 3024 2535 3070 ut
2561 3025 2744 3072 nostra
2785 3014 3012 3086 praelata
3044 3015 3276 3072 ecclesia
3309 3018 3376 3073 de
3405 3015 3677 3072 Calveamo

441 3112 658 3171 laudavi
691 3122 747 3170 et
776 3113 956 3169 subsc.
2141 3108 2341 3162 amodo
2381 3097 2586 3178 absque
2631 3105 2875 3178 penditio
2901 3115 2957 3163 et
2998 3107 3316 3164 conditione
3361 3107 3518 3166 libera
3553 3107 3679 3163 libere

515 3206 630 3278 Ego
671 3205 946 3262 Arnaldus
990 3205 1243 3278 indignus
1291 3197 1460 3262 abbas
1490 3201 1810 3260 monasterii
1836 3199 2032 3293 Saneti
2060 3238 2104 3298 ε
2137 3201 2486 3259 Cluniacensi
2526 3201 2778 3258 coenobio
2827 3201 3116 3266 deserviat,
3171 3211 3228 3258 et
3276 3201 3473 3260 nullius
3507 3199 3682 3256 alterius

443 3298 684 3371 Dionysii
713 3298 926 3354 laudavi
949 3307 1006 3354 et
1028 3313 1104 3354 ss.
1836 3291 1838 3293 ’
2067 3289 2104 3298 ⁷
2142 3292 2388 3350 ecclesia:
2423 3292 2615 3348 ditioni
2657 3293 2710 3348 in
2761 3293 2943 3365 aliquo
2981 3309 3079 3365 per
3104 3291 3316 3348 infinita
3345 3293 3530 3349 secula
3550 3289 3685 3360 subia-

515 3391 627 3460 Ego
655 3389 847 3451 Petrus
876 3383 1192 3448 monasterii
1222 3389 1281 3448 S.
1311 3389 1547 3448 Victoris
1571 3389 1824 3460 indignus
1863 3387 2032 3444 abbas
2143 3395 2285 3444 ceat.
2316 3383 2471 3453 Quod
2501 3385 2546 3441 si
2579 3387 2702 3458 quis
2749 3395 3060 3443 nostrorum
3109 3401 3487 3443 successorum
3524 3384 3597 3440 vel
3619 3383 3687 3439 ali-

442 3484 661 3542 laudavi
692 3495 837 3543 etss.
2144 3493 2250 3550 qua
2290 3493 2484 3549 magna
2510 3493 2788 3549 parvaque
2820 3493 3054 3551 persona
3093 3478 3224 3536 huic
3262 3485 3463 3535 nostra:
3492 3475 3690 3533 saluber-
3784 3473 3785 3480 “

512 3578 625 3653 Ego
649 3564 795 3637 Atho
823 3569 1140 3639 monasterii
1160 3577 1220 3636 S.
1251 3577 1524 3636 Vincentii
1545 3575 1713 3634 abbas
1736 3575 1949 3631 laudavi
1978 3582 2036 3630 et
2140 3571 2293 3627 rimae
2314 3572 2652 3628 concessioni
2677 3572 2987 3629 contrarius
3021 3572 3320 3638 exstiterit,
3355 3572 3427 3627 sit
3453 3571 3691 3625 anathema

442 3676 629 3733 subsc.
962 3733 964 3735 ,
2142 3664 2500 3731 maranatha,
2558 3679 2664 3721 non
2711 3665 2909 3722 habeat
2948 3673 3160 3736 partem
3202 3679 3330 3721 cum
3373 3661 3464 3718 illo
3503 3661 3587 3734 qui
3603 3660 3693 3730 {pro

515 3769 629 3841 Ego
657 3753 917 3826 lldericus
954 3769 1137 3842 presb.
1171 3768 1316 3825 laud.
1343 3777 1398 3825 et
1431 3766 1621 3825 subsc.
2142 3758 2299 3813 nobis
2331 3756 2624 3814 cruciﬁxus
2677 3766 2764 3814 est
2809 3748 2862 3814 in
2897 3757 3190 3830 Golgotha,
3231 3759 3407 3816 donec
3424 3753 3694 3825 resipiscens

515 3863 630 3936 Ego
664 3863 954 3920 Daibertus
979 3865 1161 3935 presb.
1190 3862 1406 3920 laudavi
1433 3869 1488 3918 et
1521 3876 1597 3917 ss.
2144 3849 2212 3906 ad
2237 3850 2664 3906 satisfactionem
2695 3861 2750 3907 et
2774 3867 3072 3925 congruam
3099 3851 3482 3923 paenitentiam
3505 3847 3694 3911 venerit,

518 3956 633 4028 Ego
684 3939 1009 4032 Gulielmus,
1053 3957 1339 4029 episcopus
1403 3951 1708 4010 Ticinensis
1756 3950 2034 4020 Ecclesia,
2142 3949 2197 3997 et
2224 3949 2426 3998 sancta:
2467 3941 2846 4000 Cluniacensis
2879 3943 3124 4028 ecclesiae
3163 3941 3350 3999 abbati
3379 3951 3434 4000 et
3462 3937 3694 3997 monachis
3784 4015 3785 4024 χ

446 4050 665 4106 laudavi
695 4061 752 4108 et
779 4030 960 4107 subsc.
1006 4058 1012 4100 ἰ
1361 4037 1365 4041 ’
2145 4036 2235 4107 qui
2261 4051 2360 4107 pro
2389 4045 2633 4109 tempore
2662 4037 2891 4104 fuerint,
2917 4035 3270 4094 satisfecerit.
3298 4036 3453 4103 Quod
3477 4043 3534 4090 ut
3552 4030 3694 4087 verius

517 4143 632 4216 Ego
662 4122 1162 4220 Laumem‘puor
1191 4142 1417 4199 pomius
1448 4142 1662 4198 laudavi
1688 4150 1746 4200 ει
1781 4128 1855 4198 δε,
2144 4127 2463 4200 firmiusque
2517 4131 2795 4196 credatur,
2825 4139 2880 4188 et
2921 4143 2952 4186 a
3003 4130 3207 4188 nostris
3251 4129 3485 4201 posteris
3522 4127 3693 4182 ﬁrmum

519 4238 636 4308 Ego
663 4229 837 4292 Adam
867 4236 1034 4294 abbas
1069 4245 1307 4294 monast.
1337 4236 1394 4292 S.
1421 4235 1663 4292 Coloceri
1702 4235 1850 4292 laud.
1882 4243 1936 4290 et
1959 4249 2027 4290 ss.

2276 4223 2604 4280 Iconvulsum
2642 4223 2696 4279 in
2744 4232 3064 4296 perpetuum
3092 4223 3384 4288 habeatur,
3425 4223 3559 4278 hanc
3593 4231 3697 4290 pra-

520 4327 640 4414 Ego
659 4322 936 4402 Rusticus,
968 4331 1300 4404 pracpositus
1324 4330 1705 4390 Blandatensis
1739 4327 2028 4408 laudavipel

2276 4331 2355 4373 em
2382 4320 2636 4390 paginam
2665 4319 2732 4374 ad
2767 4317 3140 4376 testimonium
3179 4316 3402 4388 propria
3449 4330 3599 4370 manu
3631 4311 3698 4365 ﬁr-

450 4402 638 4484 subse.
973 4402 982 4404 ἡ
1809 4405 1836 4456 λ
1965 4403 1968 4406 ’
2143 4407 2434 4474 mavimus,
2479 4419 2535 4464 et
2573 4420 2764 4466 nostro
2803 4409 3139 4480 ﬂeriprando
3179 4402 3506 4464 cancellario
3551 4413 3698 4459 nostro

521 4509 948 4594 EgoMaearius,
971 4521 1186 4578 Domini
1211 4520 1508 4577 Salvatoris
1532 4517 1847 4576 monasterii
1872 4514 2040 4572 abbas
2146 4502 2350 4572 sigillo.
2377 4511 2438 4558 ιιι
2463 4503 2632 4559 moris
2660 4511 2766 4570 (δεῖν
2792 4501 3037 4592 ίηεῖὲηῖτῖ
3065 4501 3356 4590 ἰυεείιηυεο

449 4589 1018 4690 ιῖεθι’ῑῃ‹ιίεήιιε,ρυηι
1053 4599 1217 4690 grege
1245 4615 1440 4688 pusillo
1470 4613 1721 4668 laud.ss.
2070 4621 2116 4678 ι)
2217 4595 2396 4690 ῨΫΕΒΟ
2447 4597 2758 4690 ᾼηεθιηιυε,
2803 4597 2897 4653 Dei
2943 4590 3116 4670 gratia
3171 4595 3616 4668 archiepiscopus,
3649 4589 3696 4644 ad

523 4688 638 4764 Hoc
675 4688 1274 4782 vercellarttm'elerus.
1305 4707 1470 4764 decus
1505 4703 1895 4770 Ecclesiarum,
1922 4702 2043 4759 lau-
2148 4689 2583 4746 εοηίίτηὶθηάυιη
2623 4690 2946 4761 ευδεοτῖβεῖ·

451 4802 547 4859 dat
573 4819 697 4874 cum
725 4803 924 4876 pepulo
952 4802 1206 4859 laudibus
1235 4799 1475 4872 egregio.
1801 4783 1804 4785 λ
2151 4797 2154 4800 ’
2221 4783 2576 4842 Gotheiridus
2605 4784 3052 4873 archipresbyter
3088 4783 3410 4858 subscripsi.

523 4894 771 4965 Novariae
795 4887 994 4966 clerus,
1016 4911 1177 4966 super
1202 4907 1394 4950 omnes
1414 4890 1578 4946 urbes
1603 4903 1872 4957 amamus,
1893 4903 2042 4946 asse.
2218 4879 2325 4935 Αιο
2355 4879 2771 4935 πειιῖάῖδοοηυδ
2801 4877 3120 4950 δυδεοτῖῐδδῖο

455 4987 532 5045 rit
559 4989 678 5060 haec
704 4965 925 5060 scripta,
959 4965 1162 5053 Christi
1189 4981 1488 5040 munimine
1518 4979 1686 5036 dicta.
1717 4966 1720 4971 ’
2216 4970 2479 5028 Arnulfus
2505 4970 2766 5027 diaconus
2794 4969 3114 5042 subscripsi.

525 5083 873 5142 Sermodicus
900 5064 1286 5138 Padermensis
1315 5076 1633 5142 monachus,
1657 5087 1821 5146 super
1846 5087 2040 5130 omnes
2216 5063 2523 5121 Bonifatius
2547 5065 2831 5136 presbyter
2861 5063 3182 5136 subscripsi.
3241 5149 3246 5153 ν

450 5175 632 5234 laudo.
2220 5158 2489 5246 Tedaldus
2516 5160 2780 5215 diaconus
2800 5159 3123 5246 subscripsi;I

521 5271 609 5330 ιο.
625 5268 947 5332 hocfestum
966 5267 1193 5335 Christi,
1210 5282 1332 5339 qua:
1354 5265 1538 5322 laudat
1557 5265 1815 5336 quisque;
1840 5261 2040 5318 fidelis.
2218 5252 2474 5308 Albertus
2498 5252 2784 5322 presbyter
2811 5247 3124 5322 subscripsi.

524 5361 639 5434 Ego
665 5360 919 5428 Araldus,
944 5360 1096 5431 prior
1116 5357 1431 5415 monasterii
1459 5355 1516 5413 S.
1549 5354 1750 5422 Maioli,
1781 5351 1918 5407 infra
1947 5367 2042 5407 ur-
2219 5346 2369 5402 Rozo
2393 5345 2652 5402 diaconus
2686 5342 3005 5434 subscripsi.

453 5429 832 5525 bem'Papiam
867 5429 976 5524 siti,
1011 5454 1229 5517 laudavi
1255 5462 1311 5510 et
1338 5467 1416 5508 ss.
2219 5437 2568 5524 Landulphus
2604 5436 2884 5508 presbyter
2911 5429 3233 5526 subscripsi:

1211 5561 1294 5616 ιιι,
2219 5529 2504 5587 Odelricus
2538 5529 2826 5600 presbyter
2855 5524 3181 5598 subseripsi.

455 5651 798 5727 Privuegium
837 5673 932 5728 pm
975 5658 1192 5713 ecclesia
1247 5655 1306 5712 S.
1359 5653 1551 5711 Man-te
1579 5620 1670 5708 'de
1716 5651 2044 5708 Caman
2219 5620 2869 5728 Eandulphusﬁiacbnus
2908 5620 3224 5728 subscripsi.

1001 5747 1120 5784 cum
1147 5728 1496 5800 pertinentiis.
2219 5719 2546 5776 Gualbertus
2577 5715 2838 5774 diaconus
2863 5715 3188 5788 subscripsi.’

745 5825 964 5900 [Βλιυι.
998 5798 1202 5883 Miscel.
1226 5828 1312 5884 ed.
1339 5825 1532 5893 Mansi,
1561 5824 1645 5892 Ill,
1675 5822 1755 5896 6.}
2219 5817 2558 5889 Ariprandus
2586 5812 2942 5874 cancellarius
2962 5821 3166 5870 sanctae
3195 5805 3610 5871 Mediolanensis
3635 5798 3713 5873 Et“

529 5912 589 5970 In
621 5919 839 5977 nomine
885 5919 1007 5981 Filii
1032 5923 1153 5992 Dei,
1178 5921 1274 5995 qui
1318 5927 1404 5978 est
1447 5933 1658 5978 summa
1685 5915 1909 5986 veritas,
1932 5913 2047 5972 Au-
2151 5913 2331 5972 clesia:
