  <div class='ocr_page' id='page_1' title='image "/cluster/home/n/w/nwhite01/storage/ocr_20150623/155/hvd.32044015473838/838.png"; bbox 0 0 3820 6312; ppageno 0'>
   <div class='ocr_carea' id='block_1_1' title="bbox 154 469 3362 553">
    <p class='ocr_par' dir='ltr' id='par_1_1' title="bbox 154 469 3362 553">
     <span class='ocr_line' id='line_1_1' title="bbox 154 469 3362 553; baseline 0.005 -22"><span class='ocrx_word' id='word_1_1' title='bbox 154 469 3362 553; x_wconf 50' lang='lat' dir='ltr'><strong><em>2M</em></strong></span> 
     </span>
    </p>
   </div>
   <div class='ocr_carea' id='block_1_2' title="bbox 1188 599 2696 893">
    <p class='ocr_par' dir='ltr' id='par_1_2' title="bbox 1188 691 2648 893">
     <span class='ocr_line' id='line_1_2' title="bbox 1188 691 2648 893; baseline 0.008 -11"><span class='ocrx_word' id='word_1_2' title='bbox 1188 721 2648 893; x_wconf 5' lang='lat' dir='ltr'><strong><em>ADDENDAI&#39;</em></strong></span> 
     </span>
    </p>
   </div>
   <div class='ocr_carea' id='block_1_3' title="bbox 1857 599 3365 893">
    <p class='ocr_par' dir='ltr' id='par_1_3' title="bbox 1857 691 3187 893">
     <span class='ocr_line' id='line_1_3' title="bbox 1857 691 3187 893; baseline -0.002 -5"><span class='ocrx_word' id='word_1_3' title='bbox 1857 730 2770 893; x_wconf 32' lang='grc' dir='ltr'><strong><em>πῡΑιπ</em></strong></span> <span class='ocrx_word' id='word_1_4' title='bbox 3183 880 3187 885; x_wconf 76' lang='lat'><strong><em>.</em></strong></span> 
     </span>
    </p>
   </div>
   <div class='ocr_carea' id='block_1_4' title="bbox 875 993 2594 1108">
    <p class='ocr_par' dir='ltr' id='par_1_4' title="bbox 875 993 2594 1108">
     <span class='ocr_line' id='line_1_4' title="bbox 875 993 2594 1108; baseline 0.009 -26"><span class='ocrx_word' id='word_1_5' title='bbox 875 993 1025 1084; x_wconf 86' lang='lat' dir='ltr'><strong><em>Post</em></strong></span> <span class='ocrx_word' id='word_1_6' title='bbox 1053 1021 1353 1088; x_wconf 83' lang='lat' dir='ltr'><strong><em>notitiam</em></strong></span> <span class='ocrx_word' id='word_1_7' title='bbox 1379 1020 1780 1099; x_wconf 69' lang='lat' dir='ltr'><strong><em>historicum,</em></strong></span> <span class='ocrx_word' id='word_1_8' title='bbox 1807 1011 2028 1104; x_wconf 81' lang='lat' dir='ltr'><strong><em>supra,</em></strong></span> <span class='ocrx_word' id='word_1_9' title='bbox 2061 1025 2188 1091; x_wconf 91' lang='lat' dir='ltr'><strong><em>col.</em></strong></span> <span class='ocrx_word' id='word_1_10' title='bbox 2234 1027 2594 1108; x_wconf 79' lang='lat'><strong><em>1299,1300.</em></strong></span> 
     </span>
    </p>
   </div>
   <div class='ocr_carea' id='block_1_5' title="bbox 130 1315 3359 1409">
    <p class='ocr_par' dir='ltr' id='par_1_5' title="bbox 130 1315 3359 1409">
     <span class='ocr_line' id='line_1_5' title="bbox 130 1315 3359 1409; baseline 0.006 -34"><span class='ocrx_word' id='word_1_11' title='bbox 130 1322 213 1404; x_wconf 75' lang='lat' dir='ltr'><strong><em>Qui</em></strong></span> <span class='ocrx_word' id='word_1_12' title='bbox 231 1315 827 1409; x_wconf 53' lang='lat' dir='ltr'><strong><em>sequitur_goptil&#39;iu_rurn</em></strong></span> <span class='ocrx_word' id='word_1_13' title='bbox 848 1317 1134 1409; x_wconf 53' lang='lat' dir='ltr'><strong><em>JIiadulphi</em></strong></span> <span class='ocrx_word' id='word_1_14' title='bbox 1159 1328 1329 1409; x_wconf 57' lang='lat' dir='ltr'><strong><em>tentus</em></strong></span> <span class='ocrx_word' id='word_1_15' title='bbox 1361 1323 1585 1392; x_wconf 84' lang='lat' dir='ltr'><strong><em>primus,</em></strong></span> <span class='ocrx_word' id='word_1_16' title='bbox 1615 1337 1738 1403; x_wconf 66' lang='lat' dir='ltr'><strong><em>cunt</em></strong></span> <span class='ocrx_word' id='word_1_17' title='bbox 1765 1321 2066 1409; x_wconf 57' lang='lat' dir='ltr'><strong><em>hucusque,</em></strong></span> <span class='ocrx_word' id='word_1_18' title='bbox 2103 1323 2220 1380; x_wconf 82' lang='lat' dir='ltr'><strong><em>licet</em></strong></span> <span class='ocrx_word' id='word_1_19' title='bbox 2246 1326 2590 1409; x_wconf 76' lang='lat' dir='ltr'><strong><em>undequuqus</em></strong></span> <span class='ocrx_word' id='word_1_20' title='bbox 2607 1333 2975 1409; x_wconf 74' lang='lat' dir='ltr'><strong><em>conquisitus,</em></strong></span> <span class='ocrx_word' id='word_1_21' title='bbox 2998 1351 3096 1409; x_wconf 71' lang='lat' dir='ltr'><strong><em>nos</em></strong></span> <span class='ocrx_word' id='word_1_22' title='bbox 3117 1335 3359 1409; x_wconf 79' lang='lat' dir='ltr'><strong><em>fugisset,</em></strong></span> 
     </span>
    </p>
   </div>
   <div class='ocr_carea' id='block_1_6' title="bbox 184 1388 3361 1469">
    <p class='ocr_par' dir='ltr' id='par_1_6' title="bbox 184 1388 3361 1469">
     <span class='ocr_line' id='line_1_6' title="bbox 184 1388 3361 1469; baseline 0.007 -23"><span class='ocrx_word' id='word_1_23' title='bbox 184 1388 302 1469; x_wconf 38' lang='lat' dir='ltr'><strong><em>iam;</em></strong></span> <span class='ocrx_word' id='word_1_24' title='bbox 324 1389 589 1469; x_wconf 39' lang='lat' dir='ltr'><strong><em>volumini.</em></strong></span> <span class='ocrx_word' id='word_1_25' title='bbox 609 1388 906 1469; x_wconf 60' lang='lat' dir='ltr'><strong><em>claudendo</em></strong></span> <span class='ocrx_word' id='word_1_26' title='bbox 961 1388 1404 1469; x_wconf 42' lang='lat' dir='ltr'><strong><em>accingebantur,</em></strong></span> <span class='ocrx_word' id='word_1_27' title='bbox 1435 1410 1554 1446; x_wconf 85' lang='lat' dir='ltr'><strong><em>cum</em></strong></span> <span class='ocrx_word' id='word_1_28' title='bbox 1585 1409 1672 1469; x_wconf 32' lang='lat' dir='ltr'><strong><em>ex.</em></strong></span> <span class='ocrx_word' id='word_1_29' title='bbox 1721 1388 1988 1469; x_wconf 68' lang='lat' dir='ltr'><strong><em>insperato</em></strong></span> <span class='ocrx_word' id='word_1_30' title='bbox 2009 1388 2082 1469; x_wconf 67' lang='lat' dir='ltr'><strong><em>in</em></strong></span> <span class='ocrx_word' id='word_1_31' title='bbox 2122 1411 2312 1469; x_wconf 64' lang='lat' dir='ltr'><strong><em>manus</em></strong></span> <span class='ocrx_word' id='word_1_32' title='bbox 2359 1388 2571 1456; x_wconf 52' lang='lat' dir='ltr'><strong><em>nostras</em></strong></span> <span class='ocrx_word' id='word_1_33' title='bbox 2608 1388 2760 1458; x_wconf 61' lang='lat' dir='ltr'><strong><em>venit</em></strong></span> <span class='ocrx_word' id='word_1_34' title='bbox 2791 1388 3089 1469; x_wconf 41' lang='lat' dir='ltr'><strong><em>idest-E6}</em></strong></span> 
     </span>
    </p>
   </div>
   <div class='ocr_carea' id='block_1_7' title="bbox 181 1458 2994 1548">
    <p class='ocr_par' dir='ltr' id='par_1_7' title="bbox 181 1458 2994 1548">
     <span class='ocr_line' id='line_1_7' title="bbox 181 1458 2994 1548; baseline 0.007 -32"><span class='ocrx_word' id='word_1_35' title='bbox 181 1458 444 1516; x_wconf 76' lang='lat' dir='ltr'><strong><em>lucubratio</em></strong></span> <span class='ocrx_word' id='word_1_36' title='bbox 464 1500 480 1527; x_wconf 87' lang='lat'><strong><em>,</em></strong></span> <span class='ocrx_word' id='word_1_37' title='bbox 507 1458 760 1516; x_wconf 75' lang='lat' dir='ltr'><strong><em>uolumini</em></strong></span> <span class='ocrx_word' id='word_1_38' title='bbox 791 1471 966 1516; x_wconf 86' lang='lat' dir='ltr'><strong><em>nostra</em></strong></span> <span class='ocrx_word' id='word_1_39' title='bbox 993 1458 1197 1518; x_wconf 75' lang='lat' dir='ltr'><strong><em>duobus</em></strong></span> <span class='ocrx_word' id='word_1_40' title='bbox 1223 1463 1288 1517; x_wconf 83' lang='lat' dir='ltr'><strong><em>ab</em></strong></span> <span class='ocrx_word' id='word_1_41' title='bbox 1313 1464 1434 1521; x_wconf 82' lang='lat' dir='ltr'><strong><em>inde</em></strong></span> <span class='ocrx_word' id='word_1_42' title='bbox 1469 1464 1624 1544; x_wconf 77' lang='lat' dir='ltr'><strong><em>annis</em></strong></span> <span class='ocrx_word' id='word_1_43' title='bbox 1653 1463 1709 1518; x_wconf 73' lang='lat' dir='ltr'><strong><em>in</em></strong></span> <span class='ocrx_word' id='word_1_44' title='bbox 1735 1458 1940 1520; x_wconf 79' lang='lat' dir='ltr'><strong><em>ultimis</em></strong></span> <span class='ocrx_word' id='word_1_45' title='bbox 1965 1463 2197 1538; x_wconf 81' lang='lat' dir='ltr'><strong><em>plagulis</em></strong></span> <span class='ocrx_word' id='word_1_46' title='bbox 2227 1466 2446 1526; x_wconf 66' lang='lat' dir='ltr'><strong><em>hamati</em></strong></span> <span class='ocrx_word' id='word_1_47' title='bbox 2469 1471 2632 1541; x_wconf 80' lang='lat' dir='ltr'><strong><em>ﬁnem</em></strong></span> <span class='ocrx_word' id='word_1_48' title='bbox 2658 1458 2994 1548; x_wconf 52' lang='lat' dir='ltr'><strong><em>impositura.</em></strong></span> 
     </span>
    </p>
   </div>
   <div class='ocr_carea' id='block_1_8' title="bbox 634 1703 2815 1915">
    <p class='ocr_par' dir='ltr' id='par_1_8' title="bbox 634 1703 2815 1915">
     <span class='ocr_line' id='line_1_8' title="bbox 634 1703 2815 1915; baseline 0.006 -13"><span class='ocrx_word' id='word_1_49' title='bbox 634 1703 637 1707; x_wconf 46' lang='grc'><em>’</em></span> <span class='ocrx_word' id='word_1_50' title='bbox 717 1703 1684 1908; x_wconf 63' lang='lat' dir='ltr'><strong><em>annuum</em></strong></span> <span class='ocrx_word' id='word_1_51' title='bbox 1749 1759 2708 1915; x_wconf 68' lang='lat' dir='ltr'><strong><em>Annam-ns</em></strong></span> <span class='ocrx_word' id='word_1_52' title='bbox 2811 1857 2815 1860; x_wconf 94' lang='lat'><strong><em>-</em></strong></span> 
     </span>
    </p>
   </div>
   <div class='ocr_carea' id='block_1_9' title="bbox 114 2193 3365 2326">
    <p class='ocr_par' dir='ltr' id='par_1_9' title="bbox 114 2193 3365 2326">
     <span class='ocr_line' id='line_1_9' title="bbox 114 2193 3365 2326; baseline 0.007 -78"><span class='ocrx_word' id='word_1_53' title='bbox 114 2193 323 2250; x_wconf 86' lang='lat' dir='ltr'><strong><em>Doctoris</em></strong></span> <span class='ocrx_word' id='word_1_54' title='bbox 367 2193 596 2268; x_wconf 76' lang='lat' dir='ltr'><strong><em>theologi</em></strong></span> <span class='ocrx_word' id='word_1_55' title='bbox 627 2197 964 2270; x_wconf 82' lang='lat' dir='ltr'><strong><em>perantiqui,</em></strong></span> <span class='ocrx_word' id='word_1_56' title='bbox 1016 2197 1364 2257; x_wconf 69' lang='lat' dir='ltr'><strong><em>illustrissimi</em></strong></span> <span class='ocrx_word' id='word_1_57' title='bbox 1409 2199 1884 2326; x_wconf 50' lang='lat' dir='ltr'><strong><em>Aquitiqpeitziducis</em></strong></span> <span class='ocrx_word' id='word_1_58' title='bbox 1933 2200 2205 2272; x_wconf 81' lang='lat' dir='ltr'><strong><em>Gulielmi,</em></strong></span> <span class='ocrx_word' id='word_1_59' title='bbox 2234 2205 2396 2277; x_wconf 66' lang='lat' dir='ltr'><strong><em>hujus</em></strong></span> <span class='ocrx_word' id='word_1_60' title='bbox 2435 2203 2665 2290; x_wconf 71' lang='lat' dir='ltr'><strong><em>nominis</em></strong></span> <span class='ocrx_word' id='word_1_61' title='bbox 2709 2209 2923 2284; x_wconf 77' lang='lat' dir='ltr'><strong><em>quarti,</em></strong></span> <span class='ocrx_word' id='word_1_62' title='bbox 2971 2211 3365 2272; x_wconf 65' lang='lat' dir='ltr'><strong><em>censimum</em></strong></span> 
     </span>
     <span class='ocr_line' id='line_1_10' title="bbox 1734 2289 1881 2326; baseline 0 0"><span class='ocrx_word' id='word_1_63' title='bbox 1734 2289 1881 2326; x_wconf 66' lang='lat' dir='ltr'><strong><em>881ml</em></strong></span> 
     </span>
    </p>
   </div>
   <div class='ocr_carea' id='block_1_10' title="bbox 1734 2289 1881 2329">
    <p class='ocr_par' dir='ltr' id='par_1_10' title="bbox 1734 2289 1881 2329">
     <span class='ocr_line' id='line_1_11' title="bbox 1734 2289 1881 2329; baseline 0.007 -1"><span class='ocrx_word' id='word_1_64' title='bbox 1734 2289 1881 2329; x_wconf 70' lang='grc' dir='ltr'><strong><em>δειηιε</em></strong></span> 
     </span>
    </p>
   </div>
   <div class='ocr_carea' id='block_1_11' title="bbox 605 2501 2784 2711">
    <p class='ocr_par' dir='ltr' id='par_1_11' title="bbox 605 2501 2784 2711">
     <span class='ocr_line' id='line_1_12' title="bbox 605 2501 2784 2711; baseline 0.006 -13"><span class='ocrx_word' id='word_1_65' title='bbox 605 2537 1164 2702; x_wconf 75' lang='lat' dir='ltr'><strong><em>mstons</em></strong></span> <span class='ocrx_word' id='word_1_66' title='bbox 1242 2575 1376 2704; x_wconf 70' lang='grc' dir='ltr'>ΕΤ</span> <span class='ocrx_word' id='word_1_67' title='bbox 1457 2501 2020 2706; x_wconf 67' lang='lat' dir='ltr'><strong><em>EVlIlGEllA</em></strong></span> <span class='ocrx_word' id='word_1_68' title='bbox 2099 2569 2784 2711; x_wconf 73' lang='lat' dir='ltr'><strong><em>DOMINIGALIA</em></strong></span> 
     </span>
    </p>
   </div>
   <div class='ocr_carea' id='block_1_12' title="bbox 684 2826 2129 3026">
    <p class='ocr_par' dir='ltr' id='par_1_12' title="bbox 684 2826 2129 3026">
     <span class='ocr_line' id='line_1_13' title="bbox 684 2826 2129 3026; baseline 0.012 -80"><span class='ocrx_word' id='word_1_69' title='bbox 684 2826 687 2828; x_wconf 59' lang='lat'><strong><em>‘</em></strong></span> <span class='ocrx_word' id='word_1_70' title='bbox 1283 3023 1286 3026; x_wconf 6' lang='lat'><strong><em>.</em></strong></span> <span class='ocrx_word' id='word_1_71' title='bbox 1401 2833 2129 2963; x_wconf 70' lang='lat' dir='ltr'><strong><em>HOMILI/E</em></strong></span> 
     </span>
    </p>
   </div>
   <div class='ocr_carea' id='block_1_13' title="bbox 91 3090 3358 3183">
    <p class='ocr_par' dir='ltr' id='par_1_13' title="bbox 91 3090 3358 3183">
     <span class='ocr_line' id='line_1_14' title="bbox 91 3090 3358 3183; baseline 0.005 -33"><span class='ocrx_word' id='word_1_72' title='bbox 91 3090 468 3152; x_wconf 83' lang='lat' dir='ltr'><strong><em>Ecclesiasticis</em></strong></span> <span class='ocrx_word' id='word_1_73' title='bbox 493 3093 753 3151; x_wconf 89' lang='lat' dir='ltr'><strong><em>omnibus</em></strong></span> <span class='ocrx_word' id='word_1_74' title='bbox 779 3091 1300 3183; x_wconf 40' lang='lat' dir='ltr'><strong><em>animarum‘curam</em></strong></span> <span class='ocrx_word' id='word_1_75' title='bbox 1339 3095 1655 3183; x_wconf 59' lang='lat' dir='ltr'><strong><em>gerentibus</em></strong></span> <span class='ocrx_word' id='word_1_76' title='bbox 1681 3097 1978 3181; x_wconf 79' lang='lat' dir='ltr'><strong><em>plurimum</em></strong></span> <span class='ocrx_word' id='word_1_77' title='bbox 2010 3099 2337 3183; x_wconf 76' lang='lat' dir='ltr'><strong><em>necessariae</em></strong></span> <span class='ocrx_word' id='word_1_78' title='bbox 2375 3108 2589 3183; x_wconf 61' lang='lat' dir='ltr'><strong><em>etante</em></strong></span> <span class='ocrx_word' id='word_1_79' title='bbox 2617 3115 2792 3160; x_wconf 88' lang='lat' dir='ltr'><strong><em>annos</em></strong></span> <span class='ocrx_word' id='word_1_80' title='bbox 2835 3117 3004 3176; x_wconf 83' lang='lat' dir='ltr'><strong>prope</strong></span> <span class='ocrx_word' id='word_1_81' title='bbox 3033 3105 3358 3183; x_wconf 75' lang='lat' dir='ltr'><strong><em>quingentos</em></strong></span> 
     </span>
    </p>
   </div>
   <div class='ocr_carea' id='block_1_14' title="bbox 893 3166 2518 3240">
    <p class='ocr_par' dir='ltr' id='par_1_14' title="bbox 893 3166 2518 3240">
     <span class='ocr_line' id='line_1_15' title="bbox 893 3166 2518 3240; baseline 0.007 -22"><span class='ocrx_word' id='word_1_82' title='bbox 893 3166 961 3222; x_wconf 85' lang='lat' dir='ltr'><strong><em>ab</em></strong></span> <span class='ocrx_word' id='word_1_83' title='bbox 984 3176 1210 3223; x_wconf 88' lang='lat' dir='ltr'><strong><em>auctore</em></strong></span> <span class='ocrx_word' id='word_1_84' title='bbox 1239 3166 1580 3238; x_wconf 83' lang='lat' dir='ltr'><strong><em>conscriptae,</em></strong></span> <span class='ocrx_word' id='word_1_85' title='bbox 1607 3166 1751 3225; x_wconf 82' lang='lat' dir='ltr'><strong><em>nunc</em></strong></span> <span class='ocrx_word' id='word_1_86' title='bbox 1773 3169 2011 3240; x_wconf 91' lang='lat' dir='ltr'><strong><em>primum</em></strong></span> <span class='ocrx_word' id='word_1_87' title='bbox 2046 3171 2102 3227; x_wconf 93' lang='lat' dir='ltr'><strong><em>in</em></strong></span> <span class='ocrx_word' id='word_1_88' title='bbox 2140 3171 2320 3228; x_wconf 87' lang='lat' dir='ltr'><strong><em>lucem</em></strong></span> <span class='ocrx_word' id='word_1_89' title='bbox 2355 3171 2518 3229; x_wconf 66' lang='lat' dir='ltr'><strong><em>edita:</em></strong></span> 
     </span>
    </p>
   </div>
   <div class='ocr_carea' id='block_1_15' title="bbox 420 3320 3047 3410">
    <p class='ocr_par' dir='ltr' id='par_1_15' title="bbox 420 3320 3047 3410">
     <span class='ocr_line' id='line_1_16' title="bbox 420 3320 3047 3410; baseline 0.005 -32"><span class='ocrx_word' id='word_1_90' title='bbox 420 3320 700 3396; x_wconf 85' lang='lat' dir='ltr'><strong><em>(Parisiis,</em></strong></span> <span class='ocrx_word' id='word_1_91' title='bbox 733 3321 877 3395; x_wconf 89' lang='lat' dir='ltr'><strong><em>apud</em></strong></span> <span class='ocrx_word' id='word_1_92' title='bbox 899 3321 1185 3380; x_wconf 87' lang='lat' dir='ltr'><strong><em>Claudium</em></strong></span> <span class='ocrx_word' id='word_1_93' title='bbox 1218 3321 1440 3396; x_wconf 85' lang='lat' dir='ltr'><strong><em>Fremy,</em></strong></span> <span class='ocrx_word' id='word_1_94' title='bbox 1461 3325 1552 3381; x_wconf 93' lang='lat' dir='ltr'><strong><em>via</em></strong></span> <span class='ocrx_word' id='word_1_95' title='bbox 1577 3323 1855 3396; x_wconf 67' lang='lat' dir='ltr'><strong><em>Jacobaea,</em></strong></span> <span class='ocrx_word' id='word_1_96' title='bbox 1879 3327 1950 3384; x_wconf 92' lang='lat' dir='ltr'><strong><em>ad</em></strong></span> <span class='ocrx_word' id='word_1_97' title='bbox 1979 3328 2194 3402; x_wconf 74' lang='lat' dir='ltr'><strong><em>insigne</em></strong></span> <span class='ocrx_word' id='word_1_98' title='bbox 2219 3328 2554 3390; x_wconf 73' lang='lat' dir='ltr'><strong><em>D..Martini.</em></strong></span> <span class='ocrx_word' id='word_1_99' title='bbox 2581 3359 2655 3376; x_wconf 89' lang='lat'><strong>--</strong></span> <span class='ocrx_word' id='word_1_100' title='bbox 2681 3332 2841 3402; x_wconf 76' lang='grc'><strong><em>1564,</em></strong></span> <span class='ocrx_word' id='word_1_101' title='bbox 2870 3333 3047 3410; x_wconf 74' lang='grc' dir='ltr'><strong><em>ἱιι-ΙΞ)</em></strong></span> 
     </span>
    </p>
   </div>
   <div class='ocr_carea' id='block_1_16' title="bbox 1527 3485 1841 3504">
    <p class='ocr_par' dir='ltr' id='par_1_16' title="bbox 1527 3485 1841 3504">
     <span class='ocr_line' id='line_1_17' title="bbox 1527 3485 1841 3504; baseline -0.01 -1"><span class='ocrx_word' id='word_1_102' title='bbox 1527 3485 1841 3504; x_wconf 47' lang='grc' dir='ltr'><strong><em>ψ</em></strong></span> 
     </span>
    </p>
   </div>
   <div class='ocr_carea' id='block_1_17' title="bbox 769 3669 2675 3817">
    <p class='ocr_par' dir='ltr' id='par_1_17' title="bbox 769 3669 2675 3817">
     <span class='ocr_line' id='line_1_18' title="bbox 769 3669 2675 3817; baseline 0.006 -11"><span class='ocrx_word' id='word_1_103' title='bbox 769 3683 1460 3808; x_wconf 88' lang='lat' dir='ltr'><strong><em>EPISTOLA</em></strong></span> <span class='ocrx_word' id='word_1_104' title='bbox 1551 3669 2675 3817; x_wconf 83' lang='lat' dir='ltr'><strong><em>NUNGUPATORIA</em></strong></span> 
     </span>
    </p>
   </div>
   <div class='ocr_carea' id='block_1_18' title="bbox 133 3959 3356 4038">
    <p class='ocr_par' dir='ltr' id='par_1_18' title="bbox 133 3959 3356 4038">
     <span class='ocr_line' id='line_1_19' title="bbox 133 3959 3356 4038; baseline 0.004 -21"><span class='ocrx_word' id='word_1_105' title='bbox 133 3959 458 4019; x_wconf 84' lang='lat' dir='ltr'><strong><em>Reverendo</em></strong></span> <span class='ocrx_word' id='word_1_106' title='bbox 495 3961 651 4018; x_wconf 81' lang='lat' dir='ltr'><strong>Patri</strong></span> <span class='ocrx_word' id='word_1_107' title='bbox 695 3960 890 4018; x_wconf 82' lang='lat' dir='ltr'><strong><em>Joanni</em></strong></span> <span class='ocrx_word' id='word_1_108' title='bbox 927 3961 1186 4029; x_wconf 75' lang='grc' dir='ltr'><strong><em>ϐορυιςιο,</em></strong></span> <span class='ocrx_word' id='word_1_109' title='bbox 1251 3961 1437 4018; x_wconf 78' lang='lat' dir='ltr'><strong>abbati</strong></span> <span class='ocrx_word' id='word_1_110' title='bbox 1468 3959 1799 4019; x_wconf 82' lang='lat' dir='ltr'><strong><em>Morimundi</em></strong></span> <span class='ocrx_word' id='word_1_111' title='bbox 1850 3961 2166 4022; x_wconf 87' lang='lat' dir='ltr'><strong><em>acldoctori</em></strong></span> <span class='ocrx_word' id='word_1_112' title='bbox 2217 3963 2474 4038; x_wconf 74' lang='lat' dir='ltr'><strong><em>theologo</em></strong></span> <span class='ocrx_word' id='word_1_113' title='bbox 2528 3963 2811 4038; x_wconf 89' lang='lat' dir='ltr'><strong><em>Pariensi,</em></strong></span> <span class='ocrx_word' id='word_1_114' title='bbox 2869 3967 3126 4027; x_wconf 86' lang='lat' dir='ltr'><strong><em>Claudius</em></strong></span> <span class='ocrx_word' id='word_1_115' title='bbox 3167 3969 3356 4030; x_wconf 73' lang='lat' dir='ltr'><strong><em>Fnsttv</em></strong></span> 
     </span>
    </p>
   </div>
   <div class='ocr_carea' id='block_1_19' title="bbox 67 4055 1352 4128">
    <p class='ocr_par' dir='ltr' id='par_1_19' title="bbox 67 4055 1352 4128">
     <span class='ocr_line' id='line_1_20' title="bbox 67 4055 1352 4128; baseline 0.002 -18"><span class='ocrx_word' id='word_1_116' title='bbox 67 4055 284 4113; x_wconf 85' lang='lat' dir='ltr'><strong><em>salutem</em></strong></span> <span class='ocrx_word' id='word_1_117' title='bbox 323 4066 380 4114; x_wconf 87' lang='lat' dir='ltr'><strong><em>et</em></strong></span> <span class='ocrx_word' id='word_1_118' title='bbox 415 4071 621 4128; x_wconf 87' lang='lat' dir='ltr'><strong><em>pacem</em></strong></span> <span class='ocrx_word' id='word_1_119' title='bbox 660 4071 758 4127; x_wconf 89' lang='lat' dir='ltr'><strong><em>per</em></strong></span> <span class='ocrx_word' id='word_1_120' title='bbox 782 4057 1062 4113; x_wconf 82' lang='lat' dir='ltr'><strong><em>Christum</em></strong></span> <span class='ocrx_word' id='word_1_121' title='bbox 1089 4065 1352 4128; x_wconf 87' lang='lat' dir='ltr'><strong><em>exoptat.</em></strong></span> 
     </span>
    </p>
   </div>
   <div class='ocr_carea' id='block_1_20' title="bbox 128 4149 3358 4229">
    <p class='ocr_par' dir='ltr' id='par_1_20' title="bbox 128 4149 3358 4229">
     <span class='ocr_line' id='line_1_21' title="bbox 128 4149 3358 4229; baseline 0.002 -21"><span class='ocrx_word' id='word_1_122' title='bbox 128 4151 488 4224; x_wconf 84' lang='lat' dir='ltr'><strong><em>Compertum</em></strong></span> <span class='ocrx_word' id='word_1_123' title='bbox 519 4151 713 4219; x_wconf 87' lang='lat' dir='ltr'><strong><em>babes,</em></strong></span> <span class='ocrx_word' id='word_1_124' title='bbox 735 4150 908 4206; x_wconf 82' lang='lat' dir='ltr'><strong><em>abbas</em></strong></span> <span class='ocrx_word' id='word_1_125' title='bbox 933 4151 1358 4222; x_wconf 87' lang='lat' dir='ltr'><strong><em>prudentissime</em></strong></span> <span class='ocrx_word' id='word_1_126' title='bbox 1387 4191 1403 4218; x_wconf 91' lang='lat'><strong><em>,</em></strong></span> <span class='ocrx_word' id='word_1_127' title='bbox 1441 4158 1680 4221; x_wconf 89' lang='lat' dir='ltr'><strong><em>quantus</em></strong></span> <span class='ocrx_word' id='word_1_128' title='bbox 1707 4149 1794 4208; x_wconf 88' lang='lat' dir='ltr'><strong><em>his</em></strong></span> <span class='ocrx_word' id='word_1_129' title='bbox 1823 4153 2028 4209; x_wconf 84' lang='lat' dir='ltr'><strong><em>nostris</em></strong></span> <span class='ocrx_word' id='word_1_130' title='bbox 2064 4152 2377 4224; x_wconf 83' lang='lat' dir='ltr'><strong><em>depravatis</em></strong></span> <span class='ocrx_word' id='word_1_131' title='bbox 2408 4154 2742 4226; x_wconf 84' lang='lat' dir='ltr'><strong><em>temporibus</em></strong></span> <span class='ocrx_word' id='word_1_132' title='bbox 2778 4155 3246 4229; x_wconf 88' lang='lat' dir='ltr'><strong><em>scripturientium</em></strong></span> <span class='ocrx_word' id='word_1_133' title='bbox 3283 4161 3358 4216; x_wconf 86' lang='lat' dir='ltr'><strong><em>sit</em></strong></span> 
     </span>
    </p>
   </div>
   <div class='ocr_carea' id='block_1_21' title="bbox 61 4233 3356 4320">
    <p class='ocr_par' dir='ltr' id='par_1_21' title="bbox 61 4233 3356 4320">
     <span class='ocr_line' id='line_1_22' title="bbox 61 4233 3356 4320; baseline 0.003 -19"><span class='ocrx_word' id='word_1_134' title='bbox 61 4241 314 4316; x_wconf 84' lang='lat' dir='ltr'><strong><em>pruritus,</em></strong></span> <span class='ocrx_word' id='word_1_135' title='bbox 353 4255 682 4320; x_wconf 87' lang='lat' dir='ltr'><strong><em>quantaque</em></strong></span> <span class='ocrx_word' id='word_1_136' title='bbox 719 4245 992 4302; x_wconf 80' lang='lat' dir='ltr'><strong><em>scribendi</em></strong></span> <span class='ocrx_word' id='word_1_137' title='bbox 1040 4244 1282 4300; x_wconf 84' lang='lat' dir='ltr'><strong><em>luxuries</em></strong></span> <span class='ocrx_word' id='word_1_138' title='bbox 1305 4253 1361 4300; x_wconf 87' lang='lat' dir='ltr'><strong><em>et</em></strong></span> <span class='ocrx_word' id='word_1_139' title='bbox 1404 4244 1697 4310; x_wconf 84' lang='lat' dir='ltr'><strong><em>aﬂ&#39;ectatio,</em></strong></span> <span class='ocrx_word' id='word_1_140' title='bbox 1727 4253 1787 4302; x_wconf 89' lang='lat' dir='ltr'><strong><em>ut</em></strong></span> <span class='ocrx_word' id='word_1_141' title='bbox 1833 4246 2006 4316; x_wconf 80' lang='lat' dir='ltr'><strong><em>magis</em></strong></span> <span class='ocrx_word' id='word_1_142' title='bbox 2044 4246 2110 4302; x_wconf 89' lang='lat' dir='ltr'><strong><em>de</em></strong></span> <span class='ocrx_word' id='word_1_143' title='bbox 2139 4245 2400 4318; x_wconf 77' lang='lat' dir='ltr'><strong><em>religione</em></strong></span> <span class='ocrx_word' id='word_1_144' title='bbox 2439 4233 2632 4306; x_wconf 85' lang='lat' dir='ltr'><strong><em>nostra</em></strong></span> <span class='ocrx_word' id='word_1_145' title='bbox 2664 4248 2978 4306; x_wconf 89' lang='lat' dir='ltr'><strong><em>Christiana</em></strong></span> <span class='ocrx_word' id='word_1_146' title='bbox 3017 4268 3112 4309; x_wconf 90' lang='lat' dir='ltr'><strong><em>eos</em></strong></span> <span class='ocrx_word' id='word_1_147' title='bbox 3154 4254 3356 4310; x_wconf 87' lang='lat' dir='ltr'><strong><em>mereri</em></strong></span> 
     </span>
    </p>
   </div>
   <div class='ocr_carea' id='block_1_22' title="bbox 64 4336 3350 4415">
    <p class='ocr_par' dir='ltr' id='par_1_22' title="bbox 64 4336 3350 4415">
     <span class='ocr_line' id='line_1_23' title="bbox 64 4336 3350 4415; baseline 0.003 -23"><span class='ocrx_word' id='word_1_148' title='bbox 64 4339 388 4407; x_wconf 82' lang='lat' dir='ltr'><strong><em>existimem,</em></strong></span> <span class='ocrx_word' id='word_1_149' title='bbox 419 4341 519 4412; x_wconf 89' lang='lat' dir='ltr'><strong><em>qui</em></strong></span> <span class='ocrx_word' id='word_1_150' title='bbox 549 4340 897 4410; x_wconf 78' lang='lat' dir='ltr'><strong><em>antiquorum</em></strong></span> <span class='ocrx_word' id='word_1_151' title='bbox 931 4345 1142 4410; x_wconf 82' lang='lat' dir='ltr'><strong><em>patrum</em></strong></span> <span class='ocrx_word' id='word_1_152' title='bbox 1173 4337 1339 4393; x_wconf 88' lang='lat' dir='ltr'><strong><em>libros</em></strong></span> <span class='ocrx_word' id='word_1_153' title='bbox 1368 4337 1552 4393; x_wconf 88' lang='lat' dir='ltr'><strong><em>divino</em></strong></span> <span class='ocrx_word' id='word_1_154' title='bbox 1581 4336 1793 4408; x_wconf 84' lang='lat' dir='ltr'><strong><em>Spiritu</em></strong></span> <span class='ocrx_word' id='word_1_155' title='bbox 1843 4336 2076 4405; x_wconf 83' lang='lat' dir='ltr'><strong><em>alllatos,</em></strong></span> <span class='ocrx_word' id='word_1_156' title='bbox 2114 4339 2262 4394; x_wconf 89' lang='lat' dir='ltr'><strong><em>carie</em></strong></span> <span class='ocrx_word' id='word_1_157' title='bbox 2297 4348 2354 4395; x_wconf 87' lang='lat' dir='ltr'><strong><em>et</em></strong></span> <span class='ocrx_word' id='word_1_158' title='bbox 2381 4350 2653 4398; x_wconf 83' lang='lat' dir='ltr'><strong><em>vetustate</em></strong></span> <span class='ocrx_word' id='word_1_159' title='bbox 2679 4352 3051 4415; x_wconf 88' lang='lat' dir='ltr'><strong><em>consumptos,</em></strong></span> <span class='ocrx_word' id='word_1_160' title='bbox 3082 4345 3350 4401; x_wconf 73' lang='lat' dir='ltr'><strong><em>transcrio</em></strong></span> 
     </span>
    </p>
   </div>
   <div class='ocr_carea' id='block_1_23' title="bbox 58 4428 3352 4506">
    <p class='ocr_par' dir='ltr' id='par_1_23' title="bbox 58 4428 3352 4506">
     <span class='ocr_line' id='line_1_24' title="bbox 58 4428 3352 4506; baseline 0.001 -19"><span class='ocrx_word' id='word_1_161' title='bbox 58 4431 206 4501; x_wconf 89' lang='lat' dir='ltr'><strong><em>bunt,</em></strong></span> <span class='ocrx_word' id='word_1_162' title='bbox 250 4441 593 4505; x_wconf 82' lang='lat' dir='ltr'><strong><em>repurgant,</em></strong></span> <span class='ocrx_word' id='word_1_163' title='bbox 618 4441 939 4503; x_wconf 78' lang='lat' dir='ltr'><strong><em>emungunt,</em></strong></span> <span class='ocrx_word' id='word_1_164' title='bbox 971 4445 1070 4488; x_wconf 89' lang='lat' dir='ltr'><strong><em>suo</em></strong></span> <span class='ocrx_word' id='word_1_165' title='bbox 1117 4430 1342 4487; x_wconf 87' lang='lat' dir='ltr'><strong><em>candori</em></strong></span> <span class='ocrx_word' id='word_1_166' title='bbox 1390 4431 1717 4500; x_wconf 88' lang='lat' dir='ltr'><strong><em>restituunt,</em></strong></span> <span class='ocrx_word' id='word_1_167' title='bbox 1755 4437 1918 4499; x_wconf 89' lang='lat' dir='ltr'><strong><em>atque</em></strong></span> <span class='ocrx_word' id='word_1_168' title='bbox 1949 4428 2003 4488; x_wconf 89' lang='lat' dir='ltr'><strong><em>in</em></strong></span> <span class='ocrx_word' id='word_1_169' title='bbox 2033 4429 2440 4490; x_wconf 85' lang='lat' dir='ltr'><strong><em>lucemcurant</em></strong></span> <span class='ocrx_word' id='word_1_170' title='bbox 2479 4433 2849 4502; x_wconf 89' lang='lat' dir='ltr'><strong><em>emittendos,</em></strong></span> <span class='ocrx_word' id='word_1_171' title='bbox 2881 4449 3044 4505; x_wconf 89' lang='lat' dir='ltr'><strong><em>quam</em></strong></span> <span class='ocrx_word' id='word_1_172' title='bbox 3075 4435 3210 4491; x_wconf 88' lang='lat' dir='ltr'><strong><em>istos</em></strong></span> <span class='ocrx_word' id='word_1_173' title='bbox 3256 4437 3352 4506; x_wconf 86' lang='lat' dir='ltr'><strong><em>qui</em></strong></span> 
     </span>
    </p>
   </div>
   <div class='ocr_carea' id='block_1_24' title="bbox 59 4522 3340 4599">
    <p class='ocr_par' dir='ltr' id='par_1_24' title="bbox 59 4522 3340 4599">
     <span class='ocr_line' id='line_1_25' title="bbox 59 4522 3340 4599; baseline 0 -17"><span class='ocrx_word' id='word_1_174' title='bbox 59 4526 329 4596; x_wconf 74' lang='lat' dir='ltr'><strong><em>philautia:</em></strong></span> <span class='ocrx_word' id='word_1_175' title='bbox 363 4527 578 4599; x_wconf 88' lang='lat' dir='ltr'><strong><em>spiritu</em></strong></span> <span class='ocrx_word' id='word_1_176' title='bbox 620 4528 782 4599; x_wconf 85' lang='lat' dir='ltr'><strong><em>rapti,</em></strong></span> <span class='ocrx_word' id='word_1_177' title='bbox 825 4543 931 4583; x_wconf 91' lang='lat' dir='ltr'><strong><em>non</em></strong></span> <span class='ocrx_word' id='word_1_178' title='bbox 974 4525 1092 4582; x_wconf 83' lang='lat' dir='ltr'><strong><em>sine</em></strong></span> <span class='ocrx_word' id='word_1_179' title='bbox 1135 4540 1331 4596; x_wconf 82' lang='lat' dir='ltr'><strong><em>magna</em></strong></span> <span class='ocrx_word' id='word_1_180' title='bbox 1370 4535 1681 4582; x_wconf 89' lang='lat' dir='ltr'><strong><em>nostrorum</em></strong></span> <span class='ocrx_word' id='word_1_181' title='bbox 1727 4525 2006 4582; x_wconf 87' lang='lat' dir='ltr'><strong><em>hominum</em></strong></span> <span class='ocrx_word' id='word_1_182' title='bbox 2049 4522 2304 4593; x_wconf 88' lang='lat' dir='ltr'><strong><em>jactura,</em></strong></span> <span class='ocrx_word' id='word_1_183' title='bbox 2351 4540 2482 4582; x_wconf 87' lang='lat' dir='ltr'><strong><em>suas</em></strong></span> <span class='ocrx_word' id='word_1_184' title='bbox 2523 4525 2724 4596; x_wconf 79' lang='lat' dir='ltr'><strong><em>futiles,</em></strong></span> <span class='ocrx_word' id='word_1_185' title='bbox 2755 4543 2926 4582; x_wconf 90' lang='lat' dir='ltr'><strong><em>vanas</em></strong></span> <span class='ocrx_word' id='word_1_186' title='bbox 2972 4544 3036 4582; x_wconf 88' lang='lat' dir='ltr'><strong><em>ac</em></strong></span> <span class='ocrx_word' id='word_1_187' title='bbox 3065 4528 3340 4585; x_wconf 86' lang='lat' dir='ltr'><strong><em>interdum</em></strong></span> 
     </span>
    </p>
   </div>
   <div class='ocr_carea' id='block_1_25' title="bbox 54 4619 3342 4693">
    <p class='ocr_par' dir='ltr' id='par_1_25' title="bbox 54 4619 3342 4693">
     <span class='ocr_line' id='line_1_26' title="bbox 54 4619 3342 4693; baseline 0.001 -20"><span class='ocrx_word' id='word_1_188' title='bbox 54 4621 236 4678; x_wconf 80' lang='lat' dir='ltr'><strong><em>noxias</em></strong></span> <span class='ocrx_word' id='word_1_189' title='bbox 287 4625 513 4680; x_wconf 73' lang='lat' dir='ltr'><strong><em>manias</em></strong></span> <span class='ocrx_word' id='word_1_190' title='bbox 548 4629 603 4678; x_wconf 88' lang='lat' dir='ltr'><strong><em>et</em></strong></span> <span class='ocrx_word' id='word_1_191' title='bbox 639 4621 966 4693; x_wconf 69' lang='lat' dir='ltr'><strong><em>quaestiones</em></strong></span> <span class='ocrx_word' id='word_1_192' title='bbox 1004 4622 1146 4693; x_wconf 68' lang='lat' dir='ltr'><strong><em>(quae</em></strong></span> <span class='ocrx_word' id='word_1_193' title='bbox 1181 4620 1303 4676; x_wconf 88' lang='lat' dir='ltr'><strong><em>lites</em></strong></span> <span class='ocrx_word' id='word_1_194' title='bbox 1336 4619 1621 4692; x_wconf 76' lang='lat' dir='ltr'><strong><em>generant)</em></strong></span> <span class='ocrx_word' id='word_1_195' title='bbox 1664 4619 1961 4675; x_wconf 83' lang='lat' dir='ltr'><strong><em>obtrudunt</em></strong></span> <span class='ocrx_word' id='word_1_196' title='bbox 1991 4635 2004 4671; x_wconf 91' lang='lat'>:</span> <span class='ocrx_word' id='word_1_197' title='bbox 2037 4633 2162 4692; x_wconf 86' lang='lat' dir='ltr'><strong><em>cum</em></strong></span> <span class='ocrx_word' id='word_1_198' title='bbox 2188 4619 2419 4684; x_wconf 87' lang='lat' dir='ltr'><strong><em>interim</em></strong></span> <span class='ocrx_word' id='word_1_199' title='bbox 2462 4619 2598 4675; x_wconf 88' lang='lat' dir='ltr'><strong><em>nihil</em></strong></span> <span class='ocrx_word' id='word_1_200' title='bbox 2647 4620 2752 4676; x_wconf 89' lang='lat' dir='ltr'><strong><em>nisi</em></strong></span> <span class='ocrx_word' id='word_1_201' title='bbox 2799 4636 2833 4676; x_wconf 92' lang='lat' dir='ltr'><strong><em>a</em></strong></span> <span class='ocrx_word' id='word_1_202' title='bbox 2859 4619 3138 4676; x_wconf 85' lang='lat' dir='ltr'><strong><em>veteribus</em></strong></span> <span class='ocrx_word' id='word_1_203' title='bbox 3185 4621 3342 4689; x_wconf 86' lang='lat' dir='ltr'><strong><em>prius</em></strong></span> 
     </span>
    </p>
   </div>
   <div class='ocr_carea' id='block_1_26' title="bbox 54 4712 3444 4790">
    <p class='ocr_par' dir='ltr' id='par_1_26' title="bbox 54 4712 3444 4790">
     <span class='ocr_line' id='line_1_27' title="bbox 54 4712 3444 4790; baseline -0.001 -18"><span class='ocrx_word' id='word_1_204' title='bbox 54 4717 278 4786; x_wconf 87' lang='lat' dir='ltr'><strong><em>dictum,</em></strong></span> <span class='ocrx_word' id='word_1_205' title='bbox 329 4721 640 4775; x_wconf 81' lang='lat' dir='ltr'><strong><em>verborum</em></strong></span> <span class='ocrx_word' id='word_1_206' title='bbox 690 4726 899 4774; x_wconf 88' lang='lat' dir='ltr'><strong><em>tantum</em></strong></span> <span class='ocrx_word' id='word_1_207' title='bbox 950 4713 1246 4786; x_wconf 89' lang='lat' dir='ltr'><strong><em>ampullosa</em></strong></span> <span class='ocrx_word' id='word_1_208' title='bbox 1300 4713 1551 4770; x_wconf 86' lang='lat' dir='ltr'><strong><em>libertate</em></strong></span> <span class='ocrx_word' id='word_1_209' title='bbox 1603 4714 1809 4785; x_wconf 85' lang='lat' dir='ltr'><strong><em>absque</em></strong></span> <span class='ocrx_word' id='word_1_210' title='bbox 1864 4712 2258 4768; x_wconf 84' lang='lat' dir='ltr'><strong><em>sententiarum</em></strong></span> <span class='ocrx_word' id='word_1_211' title='bbox 2317 4712 2426 4769; x_wconf 93' lang='lat' dir='ltr'><strong><em>ullo</em></strong></span> <span class='ocrx_word' id='word_1_212' title='bbox 2483 4713 2758 4783; x_wconf 86' lang='lat' dir='ltr'><strong><em>pondere,</em></strong></span> <span class='ocrx_word' id='word_1_213' title='bbox 2808 4712 2964 4790; x_wconf 87' lang='lat' dir='ltr'><strong><em>nobis</em></strong></span> <span class='ocrx_word' id='word_1_214' title='bbox 3021 4723 3347 4785; x_wconf 87' lang='lat' dir='ltr'><strong><em>proponant.</em></strong></span> <span class='ocrx_word' id='word_1_215' title='bbox 3439 4786 3444 4789; x_wconf 96' lang='lat'><em>_</em></span> 
     </span>
    </p>
   </div>
   <div class='ocr_carea' id='block_1_27' title="bbox 51 4805 3344 4890">
    <p class='ocr_par' dir='ltr' id='par_1_27' title="bbox 51 4805 3344 4890">
     <span class='ocr_line' id='line_1_28' title="bbox 51 4805 3344 4890; baseline -0.001 -28"><span class='ocrx_word' id='word_1_216' title='bbox 51 4807 314 4876; x_wconf 87' lang='lat' dir='ltr'><strong><em>Quocirca</em></strong></span> <span class='ocrx_word' id='word_1_217' title='bbox 342 4825 486 4867; x_wconf 88' lang='lat' dir='ltr'><strong><em>cum</em></strong></span> <span class='ocrx_word' id='word_1_218' title='bbox 513 4809 777 4881; x_wconf 89' lang='lat' dir='ltr'><strong><em>plurimos</em></strong></span> <span class='ocrx_word' id='word_1_219' title='bbox 800 4817 1044 4864; x_wconf 84' lang='lat' dir='ltr'><strong><em>veterum</em></strong></span> <span class='ocrx_word' id='word_1_220' title='bbox 1071 4807 1239 4864; x_wconf 86' lang='lat' dir='ltr'><strong><em>libros</em></strong></span> <span class='ocrx_word' id='word_1_221' title='bbox 1270 4821 1300 4861; x_wconf 91' lang='lat' dir='ltr'><strong><em>a</em></strong></span> <span class='ocrx_word' id='word_1_222' title='bbox 1335 4806 1519 4862; x_wconf 85' lang='lat' dir='ltr'><strong><em>blattis</em></strong></span> <span class='ocrx_word' id='word_1_223' title='bbox 1547 4814 1602 4862; x_wconf 92' lang='lat' dir='ltr'><strong><em>et</em></strong></span> <span class='ocrx_word' id='word_1_224' title='bbox 1652 4806 1810 4864; x_wconf 88' lang='lat' dir='ltr'><strong><em>tineis</em></strong></span> <span class='ocrx_word' id='word_1_225' title='bbox 1858 4806 2228 4876; x_wconf 70' lang='lat' dir='ltr'><strong><em>repurgandos</em></strong></span> <span class='ocrx_word' id='word_1_226' title='bbox 2272 4805 2675 4878; x_wconf 78' lang='lat' dir='ltr'><strong><em>suscepissem,</em></strong></span> <span class='ocrx_word' id='word_1_227' title='bbox 2711 4807 2948 4890; x_wconf 77' lang='lat' dir='ltr'><strong><em>maxime</em></strong></span> <span class='ocrx_word' id='word_1_228' title='bbox 2975 4818 3155 4862; x_wconf 88' lang='lat' dir='ltr'><strong><em>autem</em></strong></span> <span class='ocrx_word' id='word_1_229' title='bbox 3190 4805 3344 4863; x_wconf 85' lang='lat' dir='ltr'><strong><em>intel-</em></strong></span> 
     </span>
    </p>
   </div>
   <div class='ocr_carea' id='block_1_28' title="bbox 49 4901 3344 4984">
    <p class='ocr_par' dir='ltr' id='par_1_28' title="bbox 49 4901 3344 4984">
     <span class='ocr_line' id='line_1_29' title="bbox 49 4901 3344 4984; baseline 0.001 -27"><span class='ocrx_word' id='word_1_230' title='bbox 49 4902 303 4963; x_wconf 76' lang='lat' dir='ltr'><strong><em>lexissent</em></strong></span> <span class='ocrx_word' id='word_1_231' title='bbox 343 4907 460 4963; x_wconf 88' lang='lat' dir='ltr'><strong><em>has</em></strong></span> <span class='ocrx_word' id='word_1_232' title='bbox 504 4903 800 4962; x_wconf 89' lang='lat' dir='ltr'><strong><em>doctissimi</em></strong></span> <span class='ocrx_word' id='word_1_233' title='bbox 847 4903 1112 4975; x_wconf 80' lang='lat' dir='ltr'><strong><em>Radulphi</em></strong></span> <span class='ocrx_word' id='word_1_234' title='bbox 1146 4902 1406 4960; x_wconf 84' lang='lat' dir='ltr'><strong><em>Ardentis</em></strong></span> <span class='ocrx_word' id='word_1_235' title='bbox 1443 4901 1698 4961; x_wconf 90' lang='lat' dir='ltr'><strong><em>bomilias</em></strong></span> <span class='ocrx_word' id='word_1_236' title='bbox 1729 4909 1857 4959; x_wconf 85' lang='lat' dir='ltr'><strong><em>ante</em></strong></span> <span class='ocrx_word' id='word_1_237' title='bbox 1892 4901 1999 4958; x_wconf 82' lang='lat'><strong><em>500</em></strong></span> <span class='ocrx_word' id='word_1_238' title='bbox 2044 4917 2217 4959; x_wconf 81' lang='lat' dir='ltr'><strong><em>annos</em></strong></span> <span class='ocrx_word' id='word_1_239' title='bbox 2241 4901 2386 4972; x_wconf 89' lang='lat' dir='ltr'><strong><em>apud</em></strong></span> <span class='ocrx_word' id='word_1_240' title='bbox 2434 4917 2564 4959; x_wconf 90' lang='lat' dir='ltr'><strong><em>suos</em></strong></span> <span class='ocrx_word' id='word_1_241' title='bbox 2597 4903 2846 4984; x_wconf 80' lang='lat' dir='ltr'><strong><em>habitas,</em></strong></span> <span class='ocrx_word' id='word_1_242' title='bbox 2888 4921 3001 4963; x_wconf 92' lang='lat' dir='ltr'><strong><em>non</em></strong></span> <span class='ocrx_word' id='word_1_243' title='bbox 3044 4919 3344 4977; x_wconf 79' lang='lat' dir='ltr'><strong><em>paucorum</em></strong></span> 
     </span>
    </p>
   </div>
   <div class='ocr_carea' id='block_1_29' title="bbox 42 4996 3346 5080">
    <p class='ocr_par' dir='ltr' id='par_1_29' title="bbox 42 4996 3346 5080">
     <span class='ocr_line' id='line_1_30' title="bbox 42 4996 3346 5080; baseline 0 -24"><span class='ocrx_word' id='word_1_244' title='bbox 42 5015 350 5074; x_wconf 86' lang='lat' dir='ltr'><strong><em>eorumque</em></strong></span> <span class='ocrx_word' id='word_1_245' title='bbox 379 5004 679 5060; x_wconf 84' lang='lat' dir='ltr'><strong><em>doctorum</em></strong></span> <span class='ocrx_word' id='word_1_246' title='bbox 714 5015 774 5056; x_wconf 91' lang='lat' dir='ltr'><strong><em>ac</em></strong></span> <span class='ocrx_word' id='word_1_247' title='bbox 803 5001 1014 5080; x_wconf 84' lang='lat' dir='ltr'><strong><em>piorum</em></strong></span> <span class='ocrx_word' id='word_1_248' title='bbox 1044 5001 1322 5058; x_wconf 84' lang='lat' dir='ltr'><strong><em>hominum</em></strong></span> <span class='ocrx_word' id='word_1_249' title='bbox 1352 4998 1574 5056; x_wconf 88' lang='lat' dir='ltr'><strong><em>calculis</em></strong></span> <span class='ocrx_word' id='word_1_250' title='bbox 1599 4997 1962 5068; x_wconf 87' lang='lat' dir='ltr'><strong><em>comprobari,</em></strong></span> <span class='ocrx_word' id='word_1_251' title='bbox 1992 5013 2208 5054; x_wconf 90' lang='lat' dir='ltr'><strong><em>omnem</em></strong></span> <span class='ocrx_word' id='word_1_252' title='bbox 2233 4996 2474 5053; x_wconf 85' lang='lat' dir='ltr'><strong><em>laborem</em></strong></span> <span class='ocrx_word' id='word_1_253' title='bbox 2508 5013 2574 5055; x_wconf 88' lang='lat' dir='ltr'><strong><em>ac</em></strong></span> <span class='ocrx_word' id='word_1_254' title='bbox 2611 4999 2852 5056; x_wconf 85' lang='lat' dir='ltr'><strong><em>studium</em></strong></span> <span class='ocrx_word' id='word_1_255' title='bbox 2879 5000 2934 5056; x_wconf 92' lang='lat' dir='ltr'><strong><em>in</em></strong></span> <span class='ocrx_word' id='word_1_256' title='bbox 2966 5000 3051 5056; x_wconf 88' lang='lat' dir='ltr'><strong><em>his</em></strong></span> <span class='ocrx_word' id='word_1_257' title='bbox 3082 4999 3346 5056; x_wconf 81' lang='lat' dir='ltr'><strong><em>transcri-</em></strong></span> 
     </span>
    </p>
   </div>
   <div class='ocr_carea' id='block_1_30' title="bbox 43 5092 3347 5168">
    <p class='ocr_par' dir='ltr' id='par_1_30' title="bbox 43 5092 3347 5168">
     <span class='ocr_line' id='line_1_31' title="bbox 43 5092 3347 5168; baseline 0.001 -21"><span class='ocrx_word' id='word_1_258' title='bbox 43 5092 232 5152; x_wconf 86' lang='lat' dir='ltr'><strong><em>bendis</em></strong></span> <span class='ocrx_word' id='word_1_259' title='bbox 261 5095 554 5168; x_wconf 84' lang='lat' dir='ltr'><strong><em>preloque</em></strong></span> <span class='ocrx_word' id='word_1_260' title='bbox 577 5094 982 5151; x_wconf 88' lang='lat' dir='ltr'><strong><em>committendis</em></strong></span> <span class='ocrx_word' id='word_1_261' title='bbox 1011 5093 1253 5150; x_wconf 89' lang='lat' dir='ltr'><strong><em>adhibui.</em></strong></span> <span class='ocrx_word' id='word_1_262' title='bbox 1283 5092 1357 5148; x_wconf 87' lang='lat' dir='ltr'><strong><em>lis</em></strong></span> <span class='ocrx_word' id='word_1_263' title='bbox 1383 5093 1582 5148; x_wconf 89' lang='lat' dir='ltr'><strong><em>etenim</em></strong></span> <span class='ocrx_word' id='word_1_264' title='bbox 1606 5105 1716 5164; x_wconf 89' lang='lat' dir='ltr'><strong><em>quo</em></strong></span> <span class='ocrx_word' id='word_1_265' title='bbox 1735 5098 1897 5163; x_wconf 92' lang='lat' dir='ltr'><strong><em>pacto</em></strong></span> <span class='ocrx_word' id='word_1_266' title='bbox 1931 5092 2155 5161; x_wconf 77' lang='lat' dir='ltr'><strong><em>iustitiae</em></strong></span> <span class='ocrx_word' id='word_1_267' title='bbox 2189 5104 2316 5150; x_wconf 87' lang='lat' dir='ltr'><strong><em>sese</em></strong></span> <span class='ocrx_word' id='word_1_268' title='bbox 2341 5093 2680 5150; x_wconf 80' lang='lat' dir='ltr'><strong><em>assuefacere</em></strong></span> <span class='ocrx_word' id='word_1_269' title='bbox 2706 5093 2829 5166; x_wconf 84' lang='lat' dir='ltr'><strong><em>quis</em></strong></span> <span class='ocrx_word' id='word_1_270' title='bbox 2861 5094 3057 5150; x_wconf 87' lang='lat' dir='ltr'><strong><em>debeat</em></strong></span> <span class='ocrx_word' id='word_1_271' title='bbox 3097 5094 3347 5153; x_wconf 81' lang='lat' dir='ltr'><strong><em>contine-</em></strong></span> 
     </span>
    </p>
   </div>
   <div class='ocr_carea' id='block_1_31' title="bbox 39 5184 3345 5260">
    <p class='ocr_par' dir='ltr' id='par_1_31' title="bbox 39 5184 3345 5260">
     <span class='ocr_line' id='line_1_32' title="bbox 39 5184 3345 5260; baseline 0.002 -20"><span class='ocrx_word' id='word_1_272' title='bbox 39 5196 138 5243; x_wconf 87' lang='lat' dir='ltr'><strong><em>tur.</em></strong></span> <span class='ocrx_word' id='word_1_273' title='bbox 192 5187 379 5246; x_wconf 89' lang='lat' dir='ltr'><strong><em>Docet</em></strong></span> <span class='ocrx_word' id='word_1_274' title='bbox 434 5187 641 5260; x_wconf 89' lang='lat' dir='ltr'><strong><em>quippe</em></strong></span> <span class='ocrx_word' id='word_1_275' title='bbox 684 5197 871 5244; x_wconf 86' lang='lat' dir='ltr'><strong><em>noster</em></strong></span> <span class='ocrx_word' id='word_1_276' title='bbox 901 5187 1110 5243; x_wconf 84' lang='lat' dir='ltr'><strong><em>Ardens</em></strong></span> <span class='ocrx_word' id='word_1_277' title='bbox 1176 5184 1471 5256; x_wconf 89' lang='lat' dir='ltr'><strong><em>unicuique</em></strong></span> <span class='ocrx_word' id='word_1_278' title='bbox 1525 5200 1684 5240; x_wconf 88' lang='lat' dir='ltr'><strong><em>suum</em></strong></span> <span class='ocrx_word' id='word_1_279' title='bbox 1738 5199 1858 5244; x_wconf 89' lang='lat' dir='ltr'><strong><em>esse</em></strong></span> <span class='ocrx_word' id='word_1_280' title='bbox 1919 5185 2248 5242; x_wconf 90' lang='lat' dir='ltr'><strong><em>reddendum</em></strong></span> <span class='ocrx_word' id='word_1_281' title='bbox 2300 5203 2316 5240; x_wconf 90' lang='lat'><strong>:</strong></span> <span class='ocrx_word' id='word_1_282' title='bbox 2365 5196 2548 5258; x_wconf 86' lang='lat' dir='ltr'><strong><em>utp0te</em></strong></span> <span class='ocrx_word' id='word_1_283' title='bbox 2607 5184 2718 5244; x_wconf 88' lang='lat' dir='ltr'><strong><em>Deo</em></strong></span> <span class='ocrx_word' id='word_1_284' title='bbox 2783 5186 3139 5258; x_wconf 80' lang='lat' dir='ltr'><strong><em>religionem,</em></strong></span> <span class='ocrx_word' id='word_1_285' title='bbox 3189 5189 3345 5246; x_wconf 76' lang='lat' dir='ltr'><strong><em>nobis</em></strong></span> 
     </span>
    </p>
   </div>
   <div class='ocr_carea' id='block_1_32' title="bbox 37 5279 3346 5355">
    <p class='ocr_par' dir='ltr' id='par_1_32' title="bbox 37 5279 3346 5355">
     <span class='ocr_line' id='line_1_33' title="bbox 37 5279 3346 5355; baseline 0.002 -22"><span class='ocrx_word' id='word_1_286' title='bbox 37 5281 396 5347; x_wconf 89' lang='lat' dir='ltr'><strong><em>munditiam,</em></strong></span> <span class='ocrx_word' id='word_1_287' title='bbox 443 5282 770 5354; x_wconf 88' lang='lat' dir='ltr'><strong><em>parentibus</em></strong></span> <span class='ocrx_word' id='word_1_288' title='bbox 809 5283 1102 5348; x_wconf 87' lang='lat' dir='ltr'><strong><em>honorem;</em></strong></span> <span class='ocrx_word' id='word_1_289' title='bbox 1141 5280 1453 5338; x_wconf 88' lang='lat' dir='ltr'><strong><em>domesticis</em></strong></span> <span class='ocrx_word' id='word_1_290' title='bbox 1488 5280 1910 5350; x_wconf 86' lang='lat' dir='ltr'><strong><em>providentiam,</em></strong></span> <span class='ocrx_word' id='word_1_291' title='bbox 1963 5279 2261 5349; x_wconf 86' lang='lat' dir='ltr'><strong><em>majoribus</em></strong></span> <span class='ocrx_word' id='word_1_292' title='bbox 2295 5280 2685 5348; x_wconf 82' lang='lat' dir='ltr'><strong><em>obedientiam,</em></strong></span> <span class='ocrx_word' id='word_1_293' title='bbox 2734 5281 3040 5338; x_wconf 89' lang='lat' dir='ltr'><strong><em>minoribus</em></strong></span> <span class='ocrx_word' id='word_1_294' title='bbox 3075 5283 3346 5355; x_wconf 74' lang='lat' dir='ltr'><strong><em>guberna-</em></strong></span> 
     </span>
    </p>
   </div>
   <div class='ocr_carea' id='block_1_33' title="bbox 36 5371 3342 5449">
    <p class='ocr_par' dir='ltr' id='par_1_33' title="bbox 36 5371 3342 5449">
     <span class='ocr_line' id='line_1_34' title="bbox 36 5371 3342 5449; baseline 0.001 -21"><span class='ocrx_word' id='word_1_295' title='bbox 36 5373 259 5444; x_wconf 88' lang='lat' dir='ltr'><strong><em>tionem,</em></strong></span> <span class='ocrx_word' id='word_1_296' title='bbox 294 5375 619 5448; x_wconf 79' lang='lat' dir='ltr'><strong><em>aequalibus</em></strong></span> <span class='ocrx_word' id='word_1_297' title='bbox 649 5377 986 5442; x_wconf 89' lang='lat' dir='ltr'><strong><em>societatem,</em></strong></span> <span class='ocrx_word' id='word_1_298' title='bbox 1027 5375 1183 5431; x_wconf 88' lang='lat' dir='ltr'><strong><em>bonis</em></strong></span> <span class='ocrx_word' id='word_1_299' title='bbox 1205 5373 1572 5442; x_wconf 85' lang='lat' dir='ltr'><strong><em>dilectionem,</em></strong></span> <span class='ocrx_word' id='word_1_300' title='bbox 1613 5371 1776 5429; x_wconf 89' lang='lat' dir='ltr'><strong><em>malis</em></strong></span> <span class='ocrx_word' id='word_1_301' title='bbox 1811 5374 2226 5441; x_wconf 88' lang='lat' dir='ltr'><strong><em>correctionem,</em></strong></span> <span class='ocrx_word' id='word_1_302' title='bbox 2269 5375 2545 5447; x_wconf 88' lang='lat' dir='ltr'><strong><em>oppressis</em></strong></span> <span class='ocrx_word' id='word_1_303' title='bbox 2588 5374 3046 5444; x_wconf 87' lang='lat' dir='ltr'><strong><em>misericordiam,</em></strong></span> <span class='ocrx_word' id='word_1_304' title='bbox 3084 5375 3342 5449; x_wconf 85' lang='lat' dir='ltr'><strong><em>omnibus</em></strong></span> 
     </span>
    </p>
   </div>
   <div class='ocr_carea' id='block_1_34' title="bbox 35 5467 3342 5542">
    <p class='ocr_par' dir='ltr' id='par_1_34' title="bbox 35 5467 3342 5542">
     <span class='ocr_line' id='line_1_35' title="bbox 35 5467 3342 5542; baseline 0.002 -20"><span class='ocrx_word' id='word_1_305' title='bbox 35 5479 213 5526; x_wconf 81' lang='lat' dir='ltr'><strong><em>autem</em></strong></span> <span class='ocrx_word' id='word_1_306' title='bbox 254 5469 615 5542; x_wconf 60' lang='lat' dir='ltr'><strong><em>aequitatem.</em></strong></span> <span class='ocrx_word' id='word_1_307' title='bbox 648 5469 742 5527; x_wconf 86' lang='lat' dir='ltr'><strong><em>His</em></strong></span> <span class='ocrx_word' id='word_1_308' title='bbox 775 5470 1004 5541; x_wconf 91' lang='lat' dir='ltr'><strong><em>denique</em></strong></span> <span class='ocrx_word' id='word_1_309' title='bbox 1048 5467 1287 5525; x_wconf 90' lang='lat' dir='ltr'><strong><em>bomiliis</em></strong></span> <span class='ocrx_word' id='word_1_310' title='bbox 1316 5467 1638 5524; x_wconf 90' lang='lat' dir='ltr'><strong><em>instruimur</em></strong></span> <span class='ocrx_word' id='word_1_311' title='bbox 1671 5482 1776 5536; x_wconf 91' lang='lat' dir='ltr'><strong><em>quo</em></strong></span> <span class='ocrx_word' id='word_1_312' title='bbox 1807 5475 1965 5537; x_wconf 85' lang='lat' dir='ltr'><strong><em>pacto</em></strong></span> <span class='ocrx_word' id='word_1_313' title='bbox 2004 5467 2222 5525; x_wconf 83' lang='lat' dir='ltr'><strong><em>dilectio</em></strong></span> <span class='ocrx_word' id='word_1_314' title='bbox 2263 5469 2498 5541; x_wconf 76' lang='lat' dir='ltr'><strong><em>proximi</em></strong></span> <span class='ocrx_word' id='word_1_315' title='bbox 2536 5469 2608 5525; x_wconf 87' lang='lat' dir='ltr'><strong><em>sit</em></strong></span> <span class='ocrx_word' id='word_1_316' title='bbox 2649 5473 3049 5528; x_wconf 86' lang='lat' dir='ltr'><strong><em>conservanda.</em></strong></span> <span class='ocrx_word' id='word_1_317' title='bbox 3091 5470 3235 5541; x_wconf 68' lang='lat' dir='ltr'><strong><em>Quas,</em></strong></span> <span class='ocrx_word' id='word_1_318' title='bbox 3257 5473 3342 5542; x_wconf 87' lang='lat' dir='ltr'><strong><em>(ut</em></strong></span> 
     </span>
    </p>
   </div>
   <div class='ocr_carea' id='block_1_35' title="bbox 35 5559 3340 5636">
    <p class='ocr_par' dir='ltr' id='par_1_35' title="bbox 35 5559 3340 5636">
     <span class='ocr_line' id='line_1_36' title="bbox 35 5559 3340 5636; baseline -0 -16"><span class='ocrx_word' id='word_1_319' title='bbox 35 5564 203 5622; x_wconf 85' lang='lat' dir='ltr'><strong><em>nostri</em></strong></span> <span class='ocrx_word' id='word_1_320' title='bbox 231 5565 525 5622; x_wconf 83' lang='lat' dir='ltr'><strong><em>Ardentis</em></strong></span> <span class='ocrx_word' id='word_1_321' title='bbox 555 5566 738 5622; x_wconf 85' lang='lat' dir='ltr'><strong><em>verbis</em></strong></span> <span class='ocrx_word' id='word_1_322' title='bbox 768 5564 910 5636; x_wconf 87' lang='lat' dir='ltr'><strong><em>utar)</em></strong></span> <span class='ocrx_word' id='word_1_323' title='bbox 944 5565 1110 5621; x_wconf 88' lang='lat' dir='ltr'><strong><em>Deum</em></strong></span> <span class='ocrx_word' id='word_1_324' title='bbox 1135 5562 1294 5620; x_wconf 89' lang='lat' dir='ltr'><strong><em>nobis</em></strong></span> <span class='ocrx_word' id='word_1_325' title='bbox 1320 5561 1496 5618; x_wconf 88' lang='lat' dir='ltr'><strong><em>reddit</em></strong></span> <span class='ocrx_word' id='word_1_326' title='bbox 1539 5559 1856 5632; x_wconf 91' lang='lat' dir='ltr'><strong><em>propitium,</em></strong></span> <span class='ocrx_word' id='word_1_327' title='bbox 1887 5563 2162 5633; x_wconf 83' lang='lat' dir='ltr'><strong><em>proximos</em></strong></span> <span class='ocrx_word' id='word_1_328' title='bbox 2189 5564 2489 5620; x_wconf 82' lang='lat' dir='ltr'><strong><em>benevolos</em></strong></span> <span class='ocrx_word' id='word_1_329' title='bbox 2520 5563 2703 5632; x_wconf 80' lang='lat' dir='ltr'><strong><em>eﬂicit,</em></strong></span> <span class='ocrx_word' id='word_1_330' title='bbox 2738 5565 2984 5623; x_wconf 87' lang='lat' dir='ltr'><strong><em>inimicos</em></strong></span> <span class='ocrx_word' id='word_1_331' title='bbox 3006 5566 3340 5634; x_wconf 89' lang='lat' dir='ltr'><strong><em>reconciliat,</em></strong></span> 
     </span>
    </p>
   </div>
   <div class='ocr_carea' id='block_1_36' title="bbox 35 5654 3334 5734">
    <p class='ocr_par' dir='ltr' id='par_1_36' title="bbox 35 5654 3334 5734">
     <span class='ocr_line' id='line_1_37' title="bbox 35 5654 3334 5734; baseline 0.001 -21"><span class='ocrx_word' id='word_1_332' title='bbox 35 5658 315 5717; x_wconf 77' lang='lat' dir='ltr'><strong><em>diabolum</em></strong></span> <span class='ocrx_word' id='word_1_333' title='bbox 355 5667 629 5731; x_wconf 84' lang='lat' dir='ltr'><strong><em>superat,</em></strong></span> <span class='ocrx_word' id='word_1_334' title='bbox 675 5659 874 5716; x_wconf 87' lang='lat' dir='ltr'><strong><em>malum</em></strong></span> <span class='ocrx_word' id='word_1_335' title='bbox 924 5659 1157 5730; x_wconf 72' lang='lat' dir='ltr'><strong><em>ignorat,</em></strong></span> <span class='ocrx_word' id='word_1_336' title='bbox 1209 5657 1435 5712; x_wconf 83' lang='lat' dir='ltr'><strong><em>adversa</em></strong></span> <span class='ocrx_word' id='word_1_337' title='bbox 1483 5654 1862 5726; x_wconf 80' lang='lat' dir='ltr'><strong><em>aequanimiter</em></strong></span> <span class='ocrx_word' id='word_1_338' title='bbox 1905 5666 2109 5728; x_wconf 88' lang='lat' dir='ltr'><strong><em>portat,</em></strong></span> <span class='ocrx_word' id='word_1_339' title='bbox 2155 5672 2416 5731; x_wconf 87' lang='lat' dir='ltr'><strong><em>prospera</em></strong></span> <span class='ocrx_word' id='word_1_340' title='bbox 2476 5661 2752 5734; x_wconf 84' lang='lat' dir='ltr'><strong><em>sapienter</em></strong></span> <span class='ocrx_word' id='word_1_341' title='bbox 2801 5668 3105 5732; x_wconf 73' lang='lat' dir='ltr'><strong><em>temperat,</em></strong></span> <span class='ocrx_word' id='word_1_342' title='bbox 3147 5661 3334 5717; x_wconf 84' lang='lat' dir='ltr'><strong><em>omnia</em></strong></span> 
     </span>
    </p>
   </div>
   <div class='ocr_carea' id='block_1_37' title="bbox 35 5753 3341 5827">
    <p class='ocr_par' dir='ltr' id='par_1_37' title="bbox 35 5753 3341 5827">
     <span class='ocr_line' id='line_1_38' title="bbox 35 5753 3341 5827; baseline -0.001 -12"><span class='ocrx_word' id='word_1_343' title='bbox 35 5757 450 5824; x_wconf 68' lang='lat' dir='ltr'><strong><em>:omununicat,</em></strong></span> <span class='ocrx_word' id='word_1_344' title='bbox 497 5765 550 5812; x_wconf 92' lang='lat' dir='ltr'><strong><em>et</em></strong></span> <span class='ocrx_word' id='word_1_345' title='bbox 601 5772 874 5827; x_wconf 87' lang='lat' dir='ltr'><strong><em>nunquam</em></strong></span> <span class='ocrx_word' id='word_1_346' title='bbox 905 5755 1122 5812; x_wconf 72' lang='lat' dir='ltr'><strong><em>excidit.</em></strong></span> <span class='ocrx_word' id='word_1_347' title='bbox 1157 5753 1311 5822; x_wconf 86' lang='lat' dir='ltr'><strong><em>Quod</em></strong></span> <span class='ocrx_word' id='word_1_348' title='bbox 1363 5765 1576 5808; x_wconf 91' lang='lat' dir='ltr'><strong><em>mecum</em></strong></span> <span class='ocrx_word' id='word_1_349' title='bbox 1627 5761 1926 5824; x_wconf 89' lang='lat' dir='ltr'><strong><em>reputans,</em></strong></span> <span class='ocrx_word' id='word_1_350' title='bbox 1967 5754 2188 5810; x_wconf 91' lang='lat' dir='ltr'><strong><em>lubenti</em></strong></span> <span class='ocrx_word' id='word_1_351' title='bbox 2220 5757 2404 5812; x_wconf 89' lang='lat' dir='ltr'><strong><em>animo</em></strong></span> <span class='ocrx_word' id='word_1_352' title='bbox 2442 5756 2576 5823; x_wconf 22' lang='lat' dir='ltr'><strong><em>illas,</em></strong></span> <span class='ocrx_word' id='word_1_353' title='bbox 2595 5758 2836 5814; x_wconf 84' lang='lat' dir='ltr'><strong><em>edendas</em></strong></span> <span class='ocrx_word' id='word_1_354' title='bbox 2881 5756 3098 5824; x_wconf 87' lang='lat' dir='ltr'><strong><em>curavi,</em></strong></span> <span class='ocrx_word' id='word_1_355' title='bbox 3135 5765 3251 5811; x_wconf 88' lang='lat' dir='ltr'><strong><em>tum</em></strong></span> <span class='ocrx_word' id='word_1_356' title='bbox 3281 5765 3341 5813; x_wconf 89' lang='lat' dir='ltr'><strong><em>ut</em></strong></span> 
     </span>
    </p>
   </div>
   <div class='ocr_carea' id='block_1_38' title="bbox 36 5843 3334 5924">
    <p class='ocr_par' dir='ltr' id='par_1_38' title="bbox 36 5843 3334 5924">
     <span class='ocr_line' id='line_1_39' title="bbox 36 5843 3334 5924; baseline 0.001 -21"><span class='ocrx_word' id='word_1_357' title='bbox 36 5847 263 5920; x_wconf 67' lang='lat' dir='ltr'><strong><em>m&#39;pulus</em></strong></span> <span class='ocrx_word' id='word_1_358' title='bbox 285 5849 651 5908; x_wconf 78' lang='lat' dir='ltr'><strong><em>Christianus</em></strong></span> <span class='ocrx_word' id='word_1_359' title='bbox 683 5858 743 5908; x_wconf 92' lang='lat' dir='ltr'><strong><em>et</em></strong></span> <span class='ocrx_word' id='word_1_360' title='bbox 769 5849 1078 5908; x_wconf 85' lang='lat' dir='ltr'><strong><em>Catholicus</em></strong></span> <span class='ocrx_word' id='word_1_361' title='bbox 1106 5849 1163 5906; x_wconf 89' lang='lat' dir='ltr'><strong><em>in</em></strong></span> <span class='ocrx_word' id='word_1_362' title='bbox 1186 5847 1278 5906; x_wconf 90' lang='lat' dir='ltr'><strong><em>illa</em></strong></span> <span class='ocrx_word' id='word_1_363' title='bbox 1309 5847 1508 5905; x_wconf 88' lang='lat' dir='ltr'><strong><em>unione</em></strong></span> <span class='ocrx_word' id='word_1_364' title='bbox 1525 5883 1542 5914; x_wconf 89' lang='lat'><strong><em>,</em></strong></span> <span class='ocrx_word' id='word_1_365' title='bbox 1571 5843 1840 5908; x_wconf 85' lang='lat' dir='ltr'><strong><em>charitate</em></strong></span> <span class='ocrx_word' id='word_1_366' title='bbox 1867 5856 1924 5906; x_wconf 90' lang='lat' dir='ltr'><strong><em>et</em></strong></span> <span class='ocrx_word' id='word_1_367' title='bbox 1946 5848 2236 5908; x_wconf 89' lang='lat' dir='ltr'><strong><em>dilectione</em></strong></span> <span class='ocrx_word' id='word_1_368' title='bbox 2257 5890 2274 5920; x_wconf 85' lang='lat'><strong><em>,</em></strong></span> <span class='ocrx_word' id='word_1_369' title='bbox 2309 5865 2473 5924; x_wconf 82' lang='lat' dir='ltr'><strong><em>quam</em></strong></span> <span class='ocrx_word' id='word_1_370' title='bbox 2496 5866 2525 5906; x_wconf 89' lang='lat' dir='ltr'><strong><em>a</em></strong></span> <span class='ocrx_word' id='word_1_371' title='bbox 2552 5851 2868 5923; x_wconf 87' lang='lat' dir='ltr'><strong><em>parentibus</em></strong></span> <span class='ocrx_word' id='word_1_372' title='bbox 2898 5849 3146 5922; x_wconf 84' lang='lat' dir='ltr'><strong><em>antiquis</em></strong></span> <span class='ocrx_word' id='word_1_373' title='bbox 3173 5864 3334 5906; x_wconf 78' lang='lat' dir='ltr'><strong><em>acce-</em></strong></span> 
     </span>
    </p>
   </div>
  </div>
