3814 6346
109 383 140 440 tl
153 383 270 444 869

813 389 1119 447 HOMILIIE
1169 389 1236 447 1N
1268 387 1484 446 EPIST.
1522 382 1608 442 nr
1635 349 1910 434 EVANG.
1957 375 2255 443 DUMINIC.
2286 417 2355 430 —
2379 386 2560 444 rans
2597 389 2640 445 ι.

3289 380 3430 448 1670

15 543 22 562 _.
107 498 358 555 nitentia
393 505 879 571 quantamcumque
899 517 1052 568 sera,
1086 519 1190 558 non
1211 513 1289 558 est
1321 501 1726 561 infructuosaﬂ
1760 485 1808 552 Α
1837 491 1926 564 qui
1963 504 2350 560 consuetudine
2385 505 2740 574 cupiditatum
2779 509 3057 579 impediti,
3105 521 3205 566 nec
3246 510 3302 566 in
3343 526 3427 568 se-

102 600 215 646 et:
257 611 279 644 ι
316 607 639 663 quacunque
675 594 808 650 hora
837 605 1091 665 peccator
1120 597 1472 667 ingemuerit,
1503 596 1607 650 vita
1643 591 1728 645 vi-

98 691 228 739 vet.
254 684 498 753 (Ezech.,
520 687 700 759 xvut.)
723 707 742 740 ι
769 687 874 743 Sed
891 689 1146 759 quoniam
1168 689 1258 743 vix
1281 689 1361 744 vel
1389 705 1512 744 raro
1539 690 1591 743 in
1619 688 1727 743 fine

96 776 284 831 datur
295 780 569 848 peccatori
589 796 718 836 vera
738 782 997 838 contritio
1021 803 1033 838 :
1057 783 1195 838 alius
1215 783 1358 838 'enim
1382 784 1726 854 exigentibus

95 867 360 936 peccatis
389 881 564 926 morte
591 873 943 942 praevenitur,
983 873 1122 930 alius
1152 889 1220 929 ex
1263 876 1531 943 gravitate
1561 875 1717 930 infir-

94 959 327 1016 mitatis
357 961 559 1018 amittit
582 964 923 1029 memoriam,
948 965 1086 1021 alius
1114 965 1408 1036 loquelam,
1437 965 1576 1021 alius
1600 965 1722 1037 plus

95 1049 267 1107 dolet
297 1055 617 1124 temporalia
642 1056 805 1113 nimis
848 1065 1030 1113 amata
1057 1057 1367 1129 relinquere
1393 1073 1557 1128 quam
1587 1073 1718 1130 pec-

93 1151 236 1198 cata
269 1145 625 1211 commisisse,
669 1149 795 1204 hinc
849 1150 1117 1221 contingit
1172 1151 1317 1222 quod
1353 1151 1463 1207 rari
1515 1153 1568 1208 in
1611 1152 1720 1210 fine

93 1251 244 1294 vere
267 1241 591 1309 pmniteant.
621 1241 728 1300 Sed
761 1252 817 1299 et
843 1243 891 1300 si
917 1245 1040 1316 quis
1063 1260 1193 1301 vere
1215 1247 1502 1317 poeniteat,
1539 1259 1720 1318 trans-

96 1335 354 1390 eundum
391 1345 572 1392 tamen
599 1345 682 1391 est
722 1337 771 1392 ei
824 1352 922 1408 per
948 1324 1323 1410 purgatoriu'm
1374 1339 1577 1409 ignem,
1623 1341 1718 1412 qui

95 1428 334 1484 excedit
358 1443 576 1486 omnem
615 1445 736 1501 quae
765 1431 856 1488 hic
897 1431 1089 1488 sentiri
1126 1434 1301 1503 possit
1336 1435 1714 1505 asperitatem.

102 1518 264 1576 Hora
307 1535 437 1577 vero
483 1521 820 1578 infructuosa
860 1531 945 1579 est
989 1524 1258 1594 poenitere
1303 1533 1424 1596 post
1459 1533 1710 1582 mortem.

99 1607 466 1670 Paenitebunt
485 1615 704 1686 quidem
733 1616 972 1671 damnati
1000 1617 1054 1671 in
1079 1617 1313 1684 inferno,
1339 1625 1396 1674 et
1410 1618 1568 1674 valde
1594 1634 1713 1696 pte-

97 1705 386 1774 nitebunt,
413 1708 508 1764 sed
535 1708 624 1764 illa
675 1709 996 1779 paenitentia
1033 1725 1140 1766 non
1173 1712 1280 1767 erit
1311 1713 1392 1768 eis
1439 1713 1505 1768 ad
1537 1727 1716 1768 reme-

99 1795 263 1852 dium
292 1798 654 1872 indulgentiae,
679 1803 774 1857 sed
797 1801 864 1856 ad
887 1812 1234 1874 augmentum
1280 1819 1477 1876 paenae.
1521 1806 1706 1862 Poeni-

1833 600 2049 648 nectute
2074 596 2440 666 corriguntur.
2468 596 2844 667 Pra‘paremur
2871 600 3052 668 igitur,
3088 600 3306 668 fratres,
3357 604 3420 662 ad

1831 693 2086 750 mortem,
2121 697 2411 756 antequam
2437 688 2617 742 veniat
2642 697 2696 744 et
2733 689 3015 746 vincamus
3051 694 3418 763 cupiditatem,

1829 785 2119 848 antequam
2173 781 2223 832 in
2275 781 2724 836 consuetudinem
2777 785 3050 839 durescat.
3101 785 3418 860 Vigilemus,

1827 872 2084 937 quoniam
2121 873 2390 929 nescimus
2419 877 2558 930 diem
2606 893 2770 947 neque
2799 878 2982 934 horam
3013 881 3230 952 (Matth.
3265 886 3416 956 xxv),

1825 964 2082 1034 quoniam
2111 964 2222 1018 dies
2264 965 2479 1020 Domini
2524 967 2658 1021 sicut
2706 969 2798 1038 [ur
2841 972 2896 1024 in
2940 982 3088 1027 nocte
3125 974 3201 1028 ita
3256 979 3417 1031 ueniet

1827 1054 1882 1126 (1
1914 1055 2093 1112 Thess.
2126 1058 2203 1130 v).
2237 1058 2412 1114 Aliam
2445 1073 2662 1116 causam
2688 1078 2858 1132 quare
2886 1080 3109 1136 surgere
3136 1068 3416 1136 debemus,

1823 1147 2007 1203 subdit
2034 1148 2344 1218 Apostolus,
2373 1149 2561 1207 dicens
2581 1171 2594 1206 :
2617 1151 2743 1208 Nox
2781 1159 3069 1225 prtecessit,
3102 1159 3214 1214 dies
3241 1169 3420 1215 autem

1823 1241 2280 1311 appmpinquauit.
2309 1239 2482 1298 Vocat
2533 1253 2734 1313 autem,
2771 1245 2970 1304 fratres
2994 1289 3010 1315 ,
3039 1249 3127 1306 hic
3173 1261 3419 1320 noctem,

1822 1335 2076 1390 tenebras
2111 1334 2453 1405 ignorantiae,
2489 1337 2571 1392 vel
2605 1341 2839 1409 peccati,
2871 1357 2990 1412 qua:
3013 1357 3415 1413 praecesserunt

1821 1427 2112 1483 adventum
2164 1428 2409 1498 Christi;
2461 1431 2600 1487 diem
2647 1449 2795 1502 vero,
2847 1445 3057 1507 tempus
3101 1439 3321 1508 gratiae,
3363 1441 3416 1496 in

1809 1515 1929 1587 'quo
1966 1519 2164 1589 nuptiae
2192 1519 2394 1575 Christi
2427 1530 2483 1577 et
2513 1521 2770 1579 Ecclesia:
2806 1524 3074 1596 incipiunt
3118 1528 3410 1585 celebrari.

1821 1609 1896 1665 Ut
1917 1624 2070 1680 ergo,
2099 1611 2324 1680 fratres,
2371 1615 2598 1684 tempori
2628 1616 2818 1686 gratiae
2848 1627 2905 1673 et
2935 1621 3244 1690 nuptiarum
3283 1638 3416 1677 con-

1820 1703 2017 1758 cordes
2048 1713 2100 1759 et
2125 1703 2444 1760 concolores
2492 1706 2684 1774 simus,
2716 1723 2746 1762 a
2788 1709 3026 1767 tenebris
3061 1721 3418 1780 peccatorum

1822 1811 2127 1868 surgamus.
2175 1797 2325 1854 Unde
2352 1807 2406 1853 et
2436 1799 2618 1856 subdit
2643 1819 2657 1855 :

97 1896 288 1945 tentes
317 1906 549 1962 namque
567 1891 824 1965 plangent
851 1902 905 1948 et
935 1894 1148 1950 dicent:
1180 1914 1200 1948 ι
1226 1894 1452 1966 Operari
1483 1897 1603 1953 dum

1910 1890 2219 1960 tbjiciamus
2269 1909 2389 1964 ergo
2449 1911 2607 1964 opera
2664 1897 3018 1952 tenebrarum.
3067 1898 3165 1954 Est
3213 1907 3416 1964 autem,

98 1981 245 2046 cuit,
272 1982 525 2041 voluntas
553 1985 686 2041 mihi
732 1983 921 2042 deluit.
954 1985 1107 2044 Nune
1139 1989 1389 2046 voluntas
1422 1991 1703 2060 tribuitur,

95 2069 452 2130 sedfacultas
469 2075 745 2132 adimitur.
771 2097 790 2130 ι
815 2077 1024 2150 Itaque,
1040 2079 1260 2148 fratres,
1277 2081 1406 2135 dum
1423 2081 1566 2150 licet,
1589 2096 1706 2153 pa:-

98 2165 402 2234 niteamus,
441 2174 496 2223 et
539 2169 684 2224 bona
717 2184 1029 2240 operemur,
1080 2171 1208 2226 dum
1254 2172 1372 2228 dies
1420 2182 1525 2240 est,
1577 2173 1703 2244 quia

97 2259 247 2314 venit
277 2277 382 2316 nea:
411 2261 466 2316 in
491 2276 599 2332 qua
625 2278 775 2318 nemo
793 2273 958 2333 potest
984 2267 1192 2335 operari
1227 2265 1410 2336 (Joan.
1431 2266 1530 2338 Ix).
1554 2267 1706 2324 Tunc

99 2349 256 2404 enim
290 2360 502 2423 tempus
531 2352 636 2409 erit
658 2369 767 2410 non
791 2355 1030 2419 serendi,
1069 2355 1166 2411 sed
1193 2359 1452 2414 metendi.

180 2442 441 2515 Sequitur
468 2461 594 2516 pars
628 2449 887 2518 secunda,
930 2451 983 2505 in
1012 2467 1118 2522 qua
1152 2453 1392 2508 ostendit
1415 2454 1706 2524 Apostolus

99 2552 331 2594 causam
361 2554 533 2610 quare
559 2556 588 2595 a
617 2556 808 2598 somno
841 2543 1049 2613 peccati
1098 2546 1208 2600 cito
1256 2561 1479 2618 surgere
1507 2546 1707 2603 debea-

99 2649 255 2700 mus,
286 2635 470 2691 dicens
500 2653 515 2690 :
548 2635 708 2690 Nunc
736 2638 874 2692 enim
930 2641 1147 2709 propior
1192 2648 1269 2694 est
1319 2651 1500 2695 nostra
1528 2642 1704 2708 salus,

97 2741 268 2796 quam
299 2743 421 2780 cum
454 2728 798 2796 credidimus,
828 2730 880 2785 id
908 2740 992 2787 est
1026 2748 1187 2802 quam
1238 2747 1362 2786 cum
1422 2733 1490 2787 ad
1541 2733 1702 2790 ﬁdem

104 2819 290 2874 vocati
339 2819 560 2878 fuimus.
588 2822 668 2878 Ac
693 2823 738 2879 si
778 2823 924 2879 dicat
957 2842 970 2878 :
1005 2824 1148 2890 Cito,
1196 2824 1412 2891 fratres,
1444 2842 1474 2881 a
1512 2842 1706 2883 somno

107 2911 324 2980 peccati
354 2925 579 2986 surgere
613 2914 896 2980 debemus,
923 2916 1180 2986 quoniam
1200 2917 1315 2985 jam
1353 2918 1521 2974 instat
1569 2928 1706 2974 tem-

106 3020 214 3076 pus
239 3005 430 3063 salutis
466 3017 695 3064 nostrae.
725 3007 962 3079 Tempus
989 3019 1195 3075 autem,
1238 3009 1458 3077 fratres,
1505 3021 1708 3068 nostrae

104 3096 300 3153 salutis
336 3106 443 3164 est,
481 3099 566 3154 vel
609 3100 724 3156 dies
773 3101 962 3156 mortis
1001 3099 1452 3172 uniuscujusque,
1491 3103 1548 3160 in
1597 3119 1703 3174 qua

105 3191 289 3246 anima
320 3191 564 3247 induitur
595 3193 733 3249 stola
761 3194 1208 3266 incurruptionis,
1237 3195 1323 3251 vel
1351 3196 1467 3251 dies
1489 3196 1700 3267 judicii,

104 3282 166 3336 in
197 3297 300 3352 qua
328 3298 530 3355 corpus
554 3300 680 3340 cutn
722 3285 903 3340 anima
945 3287 1081 3342 stola
1122 3287 1381 3359 gaudebit
1417 3289 1701 3346 immorta-

105 3371 296 3428 litatis.
328 3373 456 3430 llzec
506 3391 638 3432 vero
665 3376 780 3432 dies
796 3375 912 3445 jam
939 3393 1108 3449 prope
1135 3388 1241 3446 est,
1279 3381 1541 3451 quoniam
1570 3392 1626 3438 et
1657 3383 1704 3439 si

111 3465 229 3519 dies
245 3463 435 3534 judicii
466 3467 793 3538 quibusdam
824 3469 1036 3526 videtur
1063 3473 1350 3541 remotior,
1377 3482 1555 3530 tamen
1586 3475 1707 3532 uni-

109 3557 306 3628 cuique
339 3558 455 3614 dies
501 3560 693 3616 mortis
737 3575 848 3617 suae
897 3561 1065 3617 instat
1105 3565 1483 3636 propinquior.
1523 3566 1592 3622 Et
1647 3568 1703 3623 in

108 3664 218 3720 quo
245 3658 444 3719 puncto
474 3651 596 3722 quis
620 3652 790 3708 exibit
811 3654 876 3709 de
903 3654 1123 3720 saeculo,
1167 3657 1220 3710 in
1257 3671 1322 3712 eo
1350 3667 1433 3713 est
1453 3659 1706 3729 judican-

108 3744 214 3798 dus
253 3759 282 3797 a
329 3743 580 3800 Domino.
613 3744 768 3802 Unde
821 3746 1078 3804 Salomon
1110 3767 1124 3805 :
1155 3748 1462 3821 Ubicunque
1501 3753 1704 3824 lignum

104 3837 374 3903 ceciderit,
405 3839 508 3894 sive
536 3841 605 3894 ad
627 3850 893 3906 austrum,
934 3842 1040 3897 sive
1067 3842 1135 3896 ad
1166 3843 1485 3914 aquilonem,
1513 3847 1582 3900 ibi
1603 3848 1702 3901 erit

104 3926 314 4000 (Eccle.
347 3931 448 4002 χι).
503 3930 802 4002 Surgamus
838 3935 1004 4006 igitur
1050 3935 1270 4002 fratres,
1307 3951 1594 4009 surgamus
1636 3939 1703 3994 de

102 4020 246 4075 faece
279 4030 630 4091 peccatorum
664 4035 1000 4093 nostrorum,
1035 4027 1161 4083 dum
1214 4043 1522 4098 possumus,
1563 4045 1700 4101 quo--

98 4115 254 4170 uiam
297 4114 409 4186 jam
458 4119 634 4174 aderit
694 4130 906 4191 tempus
955 4122 1008 4177 in
1063 4137 1171 4194 quo
1215 4135 1320 4177 non
1378 4121 1696 4192 poterimus.

96 4205 279 4260 Nemo
325 4208 562 4264 conlidat
612 4210 679 4264 de
722 4207 1007 4278 juventute
1054 4228 1184 4280 sua,
1240 4213 1493 4286 quoniam
1544 4214 1699 4285 juxta

91 4302 453 4372 Evangelium
481 4305 743 4373 quosdam
786 4305 930 4362 Deus
987 4317 1145 4364 vocat
1195 4309 1248 4364 in
1277 4309 1454 4380 prima
1496 4309 1700 4381 vigilia,

92 4395 163 4452 id
213 4405 296 4450 est
353 4397 405 4451 in
451 4397 714 4466 pueritia,
763 4397 898 4454 alios
963 4401 1015 4454 in
1085 4402 1320 4458 secunda
1374 4401 1595 4473 vigilia,
1646 4403 1699 4458 id

87 4499 189 4546 est
240 4490 290 4543 in
324 4489 631 4558 iuventute,
662 4491 797 4548 alios
847 4493 901 4548 in
947 4494 1104 4550 tertia
1151 4495 1357 4568 vigilia,
1404 4496 1457 4550 id
1516 4506 1599 4552 est
1643 4496 1698 4552 in

1731 3249 1778 3314 C

1810 1981 2032 2046 fratres,
2063 1981 2178 2038 haec
2215 1998 2343 2053 pars
2378 1987 2566 2052 tertia,
2602 1985 2656 2040 in
2686 2001 2793 2056 qua
2837 1989 3075 2042 ostendit
3120 1990 3412 2059 Apostolus

1809 2075 2084 2144 quomodo
2115 2091 2145 2130 a
2176 2091 2370 2134 somno
2405 2087 2757 2148 peccatorum
2797 2081 2870 2136 sit
2912 2082 3264 2153 surgendum.
3296 2083 3411 2142 Hoc

1800 2163 1991 2222 autem
2045 2167 2105 2223 fit
2153 2184 2250 2239 per
2297 2171 2712 2242 poenitentiam,
2763 2173 3085 2232 declinando
3129 2175 3339 2233 scilicet
3381 2193 3413 2232 a

1799 2249 1976 2326 'malo,
1998 2269 2052 2314 et
2077 2260 2328 2317 faciendo
2353 2262 2552 2318 bonum
2569 2305 2584 2331 ,
2613 2262 2870 2332 fugiendo
2892 2267 3031 2322 vitia
3056 2277 3110 2323 et
3133 2269 3412 2339 sequendo

1809 2354 2058 2409 virtutes.
2133 2354 2360 2426 itaque,
2421 2355 2656 2422 fratres,
2722 2361 3022 2414 secundum
3083 2372 3415 2432 prteceptum

1811 2443 2081 2512 Apostoli,
2115 2444 2431 2509 abiiciamus
2463 2447 2633 2516 ‘opera
2668 2448 3020 2516 tenebrarum,
3051 2461 3101 2505 et
3129 2453 3418 2508 induantur

1811 2553 1963 2590 arma
1987 2537 2140 2591 lucis.
2176 2538 2442 2594 Dicuntur
2480 2548 2664 2595 autem
2707 2552 2934 2610 peccata
2961 2558 3128 2613 opera
3159 2544 3416 2602 tenebra-

1810 2645 1932 2683 rum
1974 2629 2171 2700 triplici
2204 2631 2460 2687 ratione:
2509 2641 2621 2686 tum
2661 2633 2787 2702 quia
2823 2634 2914 2704 qui
2957 2634 3096 2690 male
3124 2636 3258 2708 agit,
3299 2637 3418 2693 odit

1811 2719 1990 2776 lucem
2024 2722 2374 2778 naturaliter.
2400 2723 2562 2779 Unde
2592 2731 2648 2778 et
2676 2723 2886 2793 primus
2929 2725 3110 2792 homo,
3135 2737 3261 2797 post
3285 2743 3414 2798 pec-

1811 2822 2018 2880 catum,
2045 2829 2104 2870 se
2128 2815 2229 2870 sub
2262 2815 2366 2872 ficu
2395 2816 2710 2884 abscondit;
2757 2826 2870 2871 tum
2899 2819 3156 2888 quoniam
3185 2830 3412 2890 peccata

1814 2913 2052 2960 mentem
2078 2913 2357 2960 excaecant
2389 2905 2640 2971 interius,
2663 2906 2810 2961 unde
2838 2907 3098 2962 Dominus
3122 2925 3136 2962 :
3165 2906 3270 2974 Qui
3297 2925 3410 2963 am-

1811 2998 1957 3052 bulat
1997 3001 2051 3054 in
2091 2997 2342 3064 tenebris,
2378 3000 2541 3052 nescit
2569 3015 2672 3069 quo
2720 2997 3101 3069 uadat‘(loan.
3131 3000 3266 3069 xu);
3297 3008 3413 3058 tum

1811 3091 2068 3161 quoniam
2100 3090 2166 3144 ad
2199 3091 2499 3147 exteriores
2549 3093 2825 3157 tenebras,
2875 3091 2929 3146 id
2978 3101 3063 3146 est
3095 3089 3412 3160 infernales,

1809 3181 2159 3252 pertrahunt.
2198 3181 2549 3248 Econtrario,
2586 3183 2728 3238 bona
2765 3183 3019 3240 dicuntur
3046 3200 3198 3241 arma
3229 3184 3410 3244 lucis:

1809 3275 2000 3339 Arma,
2047 3275 2176 3345 quia
2221 3290 2318 3344 per
2354 3291 2418 3330 ea
2465 3274 2742 3332 diabolum
2782 3277 3098 3346 repellimus
3139 3287 3196 3334 et
3243 3295 3413 3352 expu-

1810 3383 2073 3438 gnamus;
2128 3367 2286 3434 lucis,
2349 3379 2458 3422 tum
2505 3371 2763 3439 quoniam
2809 3370 2949 3425 bene
2992 3386 3243 3441 operans,
3300 3390 3409 3431 non

1814 3462 1979 3517 habet
2021 3477 2244 3518 necesse
2276 3477 2397 3518 sese
2440 3465 2758 3518 recondere.
2797 3463 2921 3530 Qui,
2960 3473 3008 3520 et
3052 3465 3096 3520 si
3134 3466 3206 3521 ob
3232 3467 3411 3522 humi-

1811 3554 2021 3610 litatem
2062 3555 2391 3624 quandoque
2419 3569 2478 3609 se
2514 3555 2794 3621 recondat,
2824 3557 2868 3610 si
2897 3556 2949 3610 in
2976 3571 3139 3627 opere
3169 3559 3409 3628 reperia-

1812 3656 1922 3712 tur,
1950 3661 2056 3701 non
2092 3646 2256 3702 habet
2281 3647 2423 3701 unde
2453 3647 2766 3712 erubescat,
2808 3655 2920 3700 tum
2961 3647 3216 3718 quoniam
3255 3664 3408 3703 men-

1810 3747 1916 3794 tem
1954 3739 2245 3805 illuminat,
2275 3747 2390 3794 tum
2423 3739 2684 3809 quoniam
2731 3738 2796 3792 ad
2829 3738 3006 3793 lucem
3055 3753 3154 3794 nos
3202 3739 3408 3796 ducunt

1807 3833 2222 3902 sempiternam.
2256 3832 2354 3889 His
2402 3835 2608 3903 itaque,
2652 3831 2872 3899 fratres,
2924 3833 3094 3887 armis
3139 3833 3278 3887 lucis
3325 3833 3407 3886 in-

1808 3927 2059 3992 duamur,
2100 3936 2156 3981 et
2195 3927 2330 3980 sicut
2371 3927 2426 3980 in
2471 3927 2558 3980 die
2591 3927 2804 3981 honeste
2843 3925 3192 3990 ambulemus,
3245 3936 3303 3978 ut
3346 3927 3398 3980 in

1805 4017 2006 4086 nuptiis
2037 4016 2260 4083 Christi,
2293 4031 2416 4072 cum
2445 4015 2676 4088 nuptiali
2697 4025 2850 4072 veste
2889 4031 2990 4070 nos
3023 4015 3401 4071 exhibeamus.

1807 4111 1937 4178 Quae
1960 4125 2089 4166 vero
2115 4111 2226 4164 sint
2250 4124 2415 4180 opera
2449 4109 2820 4176 tenebrarum,
2852 4119 3134 4164 enumerat
3166 4111 3400 4179 Aposto-

1804 4202 1888 4257 lus
1919 4203 2105 4257 dicens
2135 4220 2148 4256 ε
2181 4200 2304 4256 Non
2331 4203 2386 4256 in
2416 4201 2934 4257 commessationibus
2963 4211 3009 4256 et
3037 4201 3390 4265 ebrietatibus,

1806 4295 1985 4349 nonin
2013 4293 2271 4348 cubilibus
2321 4303 2371 4348 et
2405 4294 2772 4364 inpudicitiis,
2816 4307 2942 4347 non'
2974 4294 3026 4346 in
3072 4293 3396 4346 contentione

1802 4398 1850 4442 et
1907 4387 2266 4443 aemulatione.
2321 4387 2416 4444 Est
2465 4399 2645 4443 autem
2696 4387 3078 4443 commessatio
3126 4385 3396 4456 superflua

1803 4483 2063 4555 frequens
2111 4493 2166 4539 et
2213 4483 2489 4539 luxuriosa
2540 4482 2819 4553 epulatio,
2874 4497 2972 4536 ncc
3021 4482 3070 4535 in
3115 4497 3393 4548 mensura,

89 4581 248 4637 virili
287 4592 466 4650 aetate,
505 4583 641 4641 alios
697 4586 751 4641 in
799 4596 1018 4656 quarta,
1069 4586 1124 4641 id
1155 4596 1239 4642 est
1297 4587 1350 4641 in
1396 4596 1694 4643 senectute.
1723 4617 1777 4678 Β
1804 4594 1905 4634 nec
1943 4581 1996 4678 il:
2051 4590 2454 4678 temporezncc
2605 4577 2766 4632 modo
2809 4576 3388 4678 modumoobservans.

85 4678 274 4734 Nemo
295 4679 468 4734 dicat:
491 4697 516 4737 ι
541 4679 675 4735 Cum
698 4695 863 4737 senex
882 4680 1058 4746 fuero,
1073 4681 1449 4752 ptenitentiam
1467 4697 1647 4753 agam.
1669 4701 1688 4735 ι

85 4770 241 4827 Nam
263 4772 380 4842 quis
411 4771 558 4828 dedit
583 4773 676 4828 tibi
706 4780 915 4828 tantum
963 4775 1198 4844 spatium
1243 4774 1409 4829 vitae?
1446 4773 1515 4830 Et
1559 4790 1697 4845 quo-

87 4865 235 4920 tidie
263 4866 413 4934 pueri
464 4867 814 4923 moriuntur:
861 4867 995 4922 etsi
1037 4877 1093 4922 tu
1143 4867 1329 4923 vivere
1369 4881 1475 4922 non
1520 4875 1693 4938 potes,

89 4961 219 5012 haec
241 4967 320 5013 est
342 4967 595 5015 senectus
622 4968 731 5014 tua.
764 4959 900 5028 Heu,
927 4975 1087 5030 quam
1113 4960 1313 5016 multos
1337 4959 1517 5014 subita
1547 4974 1694 5015 mors

95 5050 378 5122 praevenit.
413 5051 480 5106 Et
511 5051 780 5122 reperitur
813 5051 865 5106 in
919 5052 1059 5108 lecto
1108 5052 1340 5122 gelidus,
1390 5051 1482 5122 qui
1535 5051 1695 5106 modo

97 5156 267 5198 sanus
311 5152 448 5198 erat.
498 5142 624 5200 ideo
659 5145 826 5210 enim,
862 5143 1098 5214 fratres,
1156 5143 1297 5199 Deus
1351 5159 1451 5199 nos
1502 5143 1693 5200 mortis

97 5227 300 5290 nostra:
331 5237 619 5290 terminum
663 5236 914 5308 ignorare
960 5236 1148 5301 voluit,
1185 5247 1244 5291 ut
1275 5252 1494 5306 semper
1529 5237 1688 5292 time-

98 5341 306 5391 remus,
355 5342 572 5398 semper
609 5341 841 5384 mortem
887 5341 1322 5399 expectaremus,
1364 5339 1419 5384 et
1465 5331 1531 5384 ad
1569 5345 1690 5385 eam

94 5418 497 5488 suscipiendam
566 5436 1022 5490 prmpararemur.
1078 5420 1472 5478 Convertimini
1527 5421 1692 5493 igitur

93 5511 315 5579 fratres,
346 5515 750 5581 convertimini,
779 5513 910 5570 dum
961 5515 1106 5572 licet.
1141 5515 1278 5571 Nam
1313 5515 1688 5572 differentibus

90 5608 217 5666 hac
240 5610 575 5680 contingunt,
599 5611 743 5681 quod
769 5621 864 5667 aut
888 5626 916 5665 a
948 5621 1122 5667 morte
1145 5612 1572 5682 praeveniuntur,
1594 5618 1691 5666 aut

89 5721 124 5759 a
165 5703 456 5774 cupiditate
509 5705 900 5775 impediuntur.
949 5707 995 5760 A
1049 5713 1225 5762 morte
1275 5706 1684 5776 praeveniuntur

73 5791 213 5869 ‘qui,
243 5807 530 5870 antequam
576 5805 854 5871 putarent,
911 5797 1030 5859 sine
1077 5806 1405 5854 testamento
1459 5806 1516 5854 ct
1565 5799 1684 5856 sine

89 5886 468 5958 ClllCltdallODC
496 5888 846 5964 moriuntur;
880 5905 910 5949 a
939 5891 1233 5972 cupiditate
1259 5888 1690 5980 impediuntur,

1803 4667 1929 4723 Hatc
1960 4667 2061 4723 fuit
2101 4683 2266 4723 causa
2315 4666 2610 4724 Sodomitis
2655 4677 2714 4720 ut
2757 4667 3012 4721 caderent
3041 4665 3094 4719 in
3123 4665 3392 4720 luxuriam

1801 4762 2249 4817 abominationis.
2278 4761 2402 4817 llaec
2427 4760 2556 4816 fecit
2587 4759 2861 4814 lsraelitas
2892 4773 3089 4813 manna
3123 4757 3389 4822 fastidire,

1799 4865 1853 4911 et
1892 4854 2037 4910 malo
2069 4870 2167 4910 suo
2197 4869 2391 4909 carnes
2424 4853 2720 4924 postulare.
2757 4851 2910 4907 Unde
2952 4852 3215 4921 scriptum
3260 4862 3384 4906 est:

1794 4951 1981 5004 Adhuc
2025 4965 2157 5004 escw
2198 4964 2378 5003 eorum
2409 4959 2555 5001 erant
2586 4947 2643 5000 in
2673 4962 2762 5000 ore
2805 4942 3062 5016 ipsorum,
3089 4952 3138 4997 et
3180 4946 3260 4997 ira
3290 4944 3388 4999 Dei

1794 5044 2062 5100 descendit
2085 5060 2241 5114 super
2261 5059 2348 5098 eos
2379 5041 2554 5115 (Psal.
2581 5040 2813 5112 Lxxvu).
2846 5039 3094 5094 Ebrietas
3121 5048 3203 5094 est
3237 5055 3387 5094 men-

1795 5137 1866 5193 tis
1911 5138 2188 5204 alienatio,
2219 5153 2284 5194 ex
2318 5147 2446 5208 potu
2487 5137 2850 5206 intemperato
2882 5135 3229 5204 provenicns.
3264 5134 3389 5190 llaec

1789 5231 1972 5286 virilia
2003 5229 2116 5286 Noe
2145 5230 2372 5286 nudavit
2405 5227 2560 5299 (Gen.
2590 5229 2693 5300 ιχ),
2732 5229 2848 5284 haec
2893 5226 2992 5283 Lot
3034 5227 3248 5284 filiabus
3281 5229 3383 5280 mi-

1791 5326 1932 5380 scuit
1965 5323 2118 5393 (Gen.
2159 5325 2295 5396 xIx).
2350 5323 2476 5380 Haec
2529 5323 2808 5379 hominem
2859 5338 2889 5376 a
2938 5337 2998 5377 se
3051 5320 3274 5385 alienat,
3304 5316 3384 5371 of-

1790 5416 1916 5472 ticio
1937 5417 2306 5472 membrorum
2339 5416 2536 5487 privat,
2577 5417 2631 5471 in
2675 5415 2846 5470 multa
2878 5414 3103 5469 crimina
3133 5411 3385 5484 principi-

1789 5521 1889 5568 tat.
1929 5510 2036 5568 Per
2076 5510 2274 5566 cubilia
2298 5526 2430 5566 vero
2463 5510 2551 5566 hic
2591 5509 2942 5582 intelligimus
2965 5507 3382 5564 somnolentiam

1789 5616 1844 5662 et
1890 5616 2163 5678 torporem
2185 5647 2200 5674 ,
2233 5621 2354 5677 qua:
2388 5606 2660 5662 hominem
2700 5604 2983 5662 emolliunt
3010 5611 3064 5657 et
3093 5607 3376 5666 enervant,

1787 5709 1845 5756 et
1893 5700 1949 5754 in
2004 5716 2142 5755 vana
2184 5713 2462 5771 pravaque
2493 5698 2761 5755 desideria
2795 5697 3154 5768 praecipitant,
3187 5711 3378 5750 secun-

1787 5797 1917 5858 dum
1966 5793 2096 5851 illud
2126 5792 2440 5868 Sapientis:
2474 5793 2542 5850 In
2565 5793 2840 5849 desideriis
2877 5800 2952 5848 est
2977 5791 3145 5845 omnis
3177 5789 3374 5846 otiosus

1767 5885 1974 5972 '(Prov.
2013 5890 2154 5972 xxx).
2190 5887 2327 5956 Nam.
2358 5890 2470 5973 -ubi
2515 5891 2742 5982 desidia,
2795 5890 2866 5952 ibi
2911 5903 3048 5988 vana
3083 5889 3368 5974 desideria,
