3820 6312
1575 366 1924 425 ADDENDA.
1955 394 2026 407 -
2047 340 2354 421 RABULFI
2382 346 2728 415 ARDENTIS

446 558 449 559 ν
488 505 636 562 Sane
670 504 835 557 cibus
874 508 929 556 et
958 508 1118 570 potus
1163 505 1219 553 et
1263 508 1483 551 somnus
1520 466 1768 548 sumendi
1802 495 1930 544 sunt
1957 501 2078 541 cum
2109 486 2156 544 Α
2181 480 2381 570 gelium
2411 477 2557 535 enim
2603 475 2751 570 ὗογιαη
2773 470 3114 528 annuntiat“
3555 471 3661 570 alios

488 594 885 667 temperantia,
942 593 1087 649 sicut
1126 590 1553 651 medicamenta,
1606 583 1756 650 loco,
1813 593 2074 653 tempore,

488 689 652 747 modo
679 696 736 744 et
764 701 1055 753 mensura;
1105 692 1161 739 et
1191 682 1271 738 sic
1301 686 1515 750 sumpta
1561 674 1775 746 juvant,
1808 674 1943 729 alias
1981 689 2080 727 no-

408 834 411 835 ν
478 791 634 843 .cent.
658 780 765 838 Per
796 778 1190 853 impudicitiam
1216 788 1433 848 quoque
1467 770 1818 840 intelligimus
1842 766 1933 823 hic
1960 782 2077 821 om-

400 926 403 929 .
484 891 614 934 nem
637 875 1069 943 luxuriamque:
1094 868 1153 924 fit
1172 876 1370 939 praeter
1394 864 1689 936 legitimum
1712 860 2074 932 complexum,

474 979 548 1026 .ut
576 967 1016 1035 fornicationem,
1050 960 1402 1027 adulterium,
1434 958 1753 1027 mmchiam,
1781 956 2072 1022 incestum,

370 1110 403 1131 ,
487 1061 878 1123 Sodomiticam
925 1055 1220 1113 luxuriam.
1252 1053 1423 1108 Amor
1458 1051 1623 1106 etiam
1672 1064 1803 1105 usus
1842 1046 2075 1119 propriae

398 1137 417 1205 ξ
486 1150 731 1209 mulieris
785 1150 1179 1218 intemperatus
1223 1143 1434 1201 crimen
1481 1142 1666 1199 habet.
1722 1139 1850 1196 Haec
1891 1149 2073 1195 autem

467 1227 605 1315 quae
645 1241 881 1296 diximus
926 1247 1157 1318 quatuor
1209 1237 1343 1293 vitia
1386 1235 1689 1308 corporalia
1715 1275 1730 1301 ,
1782 1234 2074 1305 tripliciter

368 1307 387 1327 ”
482 1307 682 1391 nocent
704 1351 717 1387 :
743 1307 997 1388 Animam
1026 1328 1311 1397 damnant,
1340 1307 1555 1400 corpori
1604 1326 1948 1409 inﬁrmitates
1976 1341 2073 1397 ge-

480 1436 696 1495 nerant,
729 1442 817 1483 res
861 1422 1469 1499 paternasdilapidant.
1510 1421 1802 1479 Contentio
1834 1437 1963 1477 vero
1990 1429 2074 1477 est

394 1571 398 1575 ι
481 1520 820 1593 impugnatio
871 1502 1159 1585 veritatis,
1212 1533 1309 1590 per
1357 1516 1743 1573 confidentiam
1792 1513 2071 1571 clamoris.

481 1615 707 1683 Verum,
743 1622 803 1672 ul.
848 1614 925 1669 ait
963 1612 1093 1668 alibi
1146 1611 1439 1685 Apostolus
1485 1627 1498 1665 :
1551 1602 1773 1667 Servum
1820 1608 1916 1664 Dei
1969 1625 2074 1664 non

481 1716 681 1778 oportet
713 1706 924 1776 litigare
965 1702 1038 1778 (ll
1092 1702 1230 1759 Tim.
1283 1703 1370 1776 ιι).
1400 1700 1457 1758 Si
1490 1712 1580 1758 tua
1611 1700 1685 1757 nil
1722 1699 1912 1770 refert,
1940 1700 2075 1755 cede

480 1798 855 1857 contendenti.
890 1795 950 1853 Si
979 1812 1111 1854 vero
1142 1793 1332 1861 refert,
1362 1810 1486 1851 cum
1535 1794 1745 1851 ratione
1793 1808 1918 1865 age,
1945 1807 2077 1848 con-

481 1891 785 1948 tentionem
815 1888 961 1960 fuge.
988 1886 1288 1943 Emulatio
1313 1894 1398 1943 est
1422 1886 1751 1959 perversitas
1777 1885 1975 1940 mentis
2004 1884 2071 1941 de

479 1984 625 2043 bono
643 1984 872 2043 alterius
901 1982 1156 2050 dolentis,
1182 1991 1238 2038 et
1266 1982 1333 2039 de
1360 1982 1554 2038 damno
1580 1977 2067 2053 gaudentisﬂaac,

480 2074 700 2144 fratres,
750 2082 901 2131 tanto
932 2073 1090 2130 nobis
1140 2071 1396 2143 fugienda
1427 2080 1531 2138 est,
1582 2079 1786 2142 quanto
1835 2070 1958 2143 plus
1987 2078 2073 2127 est

444 2222 449 2225 .
480 2170 730 2252 opposita
757 2167 1034 2233 charitati,
1070 2182 1191 2238 qua:
1224 2154 1380 2222 novit
1422 2165 1652 2237 gaudere
1692 2181 1810 2219 cum
1835 2164 2071 2237 gauden-

374 2237 385 2326 ί
479 2237 653 2329 tibus,
669 2263 796 2332 [lere
819 2276 937 2315 cum
960 2237 1204 2331 ﬂentibus
1228 2256 1408 2329 (Rom.
1439 2257 1560 2329 xu).
1587 2255 1687 2319 Est
1709 2265 1888 2312 autem
1922 2272 2071 2329 qna:-

479 2353 602 2409 dam
632 2346 906 2408 aemulatio
956 2351 1121 2420 bona,
1165 2349 1407 2406 :emulari
1456 2348 1663 2406 scilicet
1692 2348 1893 2405 bonum
1936 2350 2073 2406 alte-

478 2442 591 2498 rius
619 2457 719 2514 per
748 2441 1136 2497 itnitatiOnem.
1168 2439 1321 2495 Unde
1343 2439 1634 2510 Apostolus
1661 2458 1675 2495 :
1713 2438 2083 2513 aEmulaminip

456 2532 800 2605 charismata
827 2536 1047 2593 meliora
1074 2535 1128 2610 (Ι
1155 2534 1278 2593 Cor.
1308 2535 1433 2608 xu).
1450 2535 1743 2608 Postquam
1772 2514 1903 2595 vero
1925 2539 2069 2610 Apo-

472 2628 646 2694 stolus
677 2616 807 2683 vitia
850 2643 880 2682 a
914 2642 1171 2699 corpore,
1203 2626 1273 2683 ab
1301 2642 1397 2682 ore
1423 2636 1479 2683 et
1507 2642 1538 2683 a
1582 2636 1764 2685 mente
1787 2627 1951 2699 jussit
1983 2643 2070 2683 re-

474 2718 773 2784 movenda,
813 2716 969 2787 jubet
1016 2731 1118 2774 nos
1154 2716 1383 2773 virtutes
1428 2716 1705 2788 praedictis
1751 2717 1899 2774 vitiis
1937 2732 2071 2772 con-

450 2811 676 2880 trarias
720 2812 978 2877 induere,
1013 2810 1245 2867 dicens:
1300 2808 1407 2867 Sed
1453 2811 1739 2867 induimini
1785 2811 2071 2868 Dominum

464 2903 659 2975 'Jesum
680 2902 969 2971 Christum,
1004 2903 1059 2961 id
1089 2912 1176 2961 est
1200 2905 1502 2963 novitatem
1528 2904 1667 2976 ejus,
1703 2921 1828 2962 eum
1861 2906 2072 2964 scilicet

389 3050 395 3059 ,
476 2997 759 3055 imitando.
784 2996 993 3068 itaque,
1018 2996 1241 3068 fratres,
1270 2998 1400 3057 dum
1447 2998 1596 3065 licet,
1633 3014 1759 3069 cum
1797 2999 1944 3055 omni
1976 3014 2069 3056 ce-

396 3084 407 3088 ”
440 3148 445 3153 _
477 3089 692 3147 lcritate
732 3089 881 3171 vitia;
917 3089 1259 3161 abjiciamus.
1320 3101 1376 3149 et
1416 3107 1606 3149 eorum
1656 3094 1886 3151 virtutes
1933 3110 2069 3152 con-

400 3240 403 3241 .
450 3179 454 3181 Α
478 3183 675 3239 trarias
699 3183 1009 3260 induamus,
1037 3184 1449 3261 abstinentiam,
1478 3186 1833 3244 sobrietatem
1852 3230 1870 3257 ,
1901 3198 1957 3245 et
1984 3188 2069 3244 vi-

474 3274 778 3349 gilantiam,
827 3276 1231 3345 castimoniam,
1278 3292 1490 3350 pacem,
1518 3280 1843 3337 charitatem
1889 3291 2068 3341 secte-

475 3381 619 3434 mur,
643 3377 701 3424 ut
718 3368 805 3424 bis
827 3372 1007 3435 ornati
1030 3370 1253 3428 Christo
1279 3370 1517 3428 venienti
1551 3372 1621 3428 ad
1646 3374 1864 3446 nuptias
1886 3376 2067 3431 securi

464 3459 778 3529 iobviemus,
798 3471 860 3518 ut
885 3477 1007 3520 cum
1036 3477 1103 3520 eo
1134 3465 1191 3519 in
1220 3471 1482 3519 aeternum
1513 3480 1743 3537 regnare
1768 3466 2066 3535 valeamus,

474 3552 593 3626 ipso
642 3554 926 3628 largiente,
966 3557 1122 3629 cujus
1159 3558 1463 3615 Adventum
1499 3557 1662 3616 hodie
1702 3560 2065 3637 celebramus,

477 3648 702 3704 Domino
733 3657 919 3706 nostro
944 3648 1074 3706 Jesu
1109 3651 1353 3725 Christo,
1379 3652 1475 3724 qui
1513 3668 1638 3710 cum
1664 3652 1829 3710 Patre
1857 3664 1914 3711 et
1941 3654 2067 3726 Spi-

475 3742 582 3799 ritu
615 3754 803 3801 sancto
828 3743 962 3801 vivit
986 3752 1043 3802 et
1063 3754 1256 3818 regnat
1279 3746 1444 3805 Deus.
1472 3748 1665 3805 Amen.

1080 3877 1361 3938 HOMILIA
1395 3880 1461 3935 ll.

866 4009 1123 4052 DOIINICA
1162 4010 1327 4052 PRIMA
1366 4005 1666 4056 ADVENTUS.

417 4188 421 4191 Δ
545 4107 1082 4187 InitiumEvangelii
1132 4111 1262 4169 Jesu
1321 4113 1515 4170 Christi
1564 4113 1697 4170 Filii
1745 4115 1882 4184 Dei,
1926 4118 2065 4173 sicut

470 4203 724 4274 scriptum
767 4215 845 4259 est
892 4206 951 4261 ia
996 4205 1143 4261 Isaia
1179 4208 1431 4277 propheta
1483 4208 1679 4281 (Marc.
1729 4208 1793 4283 ι),
1841 4220 1897 4267 et
1932 4211 2060 4268 reli-

464 4311 602 4368 ‘qua.
660 4294 817 4353 Sicut
873 4298 1137 4365 audistis,
1191 4298 1390 4358 fratres
1440 4303 1790 4372 charissimi,
1848 4304 2063 4362 Marcus

473 4386 847 4458 evangelista,
891 4384 1242 4459 Evangelium
1290 4407 1450 4448 suum
1503 4394 1694 4464 incipit
1740 4411 1770 4449 a
1822 4410 2061 4465 prtecur-

472 4476 627 4534 sione
652 4476 899 4533 Joannis.
928 4478 996 4535 Et
1025 4470 1194 4551 quare
1217 4484 1320 4541 hoc
1342 4483 1510 4541 faciat
1539 4472 1727 4542 statim
1756 4488 1810 4547 in
1835 4489 2061 4544 exordio

451 4570 652 4643 reddit
686 4587 907 4628 causam
940 4588 1063 4630 cum
1110 4576 1249 4632 dixit
1292 4596 1306 4633 :
1355 4578 1581 4636 Initium
1620 4570 1896 4655 Evangelii
1930 4584 2058 4639 Jesu
2084 4599 2140 4664 D
2168 4582 2351 4655 (Joan.
2391 4584 2471 4659 i);
2523 4595 2580 4642 et
2631 4602 2795 4659 super
2822 4587 3000 4658 ipsum
3053 4588 3393 4660 baptizatum
3441 4586 3651 4644 Patrem
3694 4587 3734 4639 in

472 4664 695 4735 Christi,
731 4667 1021 4737 etc.gFacit
1047 4670 1238 4745 itaque
1270 4673 1410 4730 tria:
1444 4674 1626 4732 Primo
1655 4678 1786 4732 dicit
1813 4680 2063 4748 praemis-

471 4760 681 4844 sionem
734 4760 958 4841 Joannis
1012 4781 1135 4847 esse
1187 4768 1406 4825 initium
1458 4769 1775 4842 Evangelii,
1821 4774 2063 4831 secundo

417 4853 420 4856 ’
472 4855 613 4910 idem
641 4856 838 4926 probat
882 4860 1205 4932 prophetica
1257 4850 1603 4939 auctoritate,
1626 4864 1798 4938 tertio
1838 4866 2064 4929 demon-

472 4953 613 5019 strat
661 4950 933 5019 quomodo
977 4948 1470 5029 Joannesﬂhristo
1518 4954 1660 5010 viam
1712 4959 2059 5028 praeparavit.

471 5037 742 5119 lnchoaus
770 5058 901 5117 ergo
932 5044 1051 5100 ait:
1094 5043 1317 5100 Initium
1360 5044 1639 5119 Evangelii
1665 5048 1795 5106 Iesu
1839 5049 2058 5124 Christi,

472 5133 754 5203 subaudis,
787 5136 891 5192 hoc
920 5143 1007 5192 est
1036 5136 1183 5208 quod
1223 5136 1433 5196 scilicet
1475 5137 1714 5199 Joannes
1742 5154 1869 5200 ante
1897 5145 2058 5201 Chri-

473 5230 614 5281 s'tum
641 5228 955 5298 praemissus
999 5237 1100 5286 est.
1143 5229 1204 5286 lu
1251 5246 1380 5303 quo,
1418 5231 1637 5304 fratres,
1677 5238 1779 5294 tria
1809 5238 2058 5309 conside-

473 5320 646 5391 randa
682 5328 850 5377 sunt:
884 5322 1026 5389 Quid
1055 5324 1127 5380 sit
1152 5310 1611 5407 Evangelium,‘et
1641 5346 1811 5403 quare
1846 5332 2060 5391 dicatur

470 5413 601 5470 Jesu
652 5415 857 5471 Christi
910 5416 1030 5473 Filii
1083 5421 1214 5487 Dei,
1263 5429 1318 5477 et
1367 5425 1637 5501 quomodo
1689 5427 1971 5483 exordium
2026 5444 2058 5485 a

468 5504 681 5564 Joanne
719 5508 989 5589 habuerit.
1038 5510 1135 5569 Est
1178 5513 1341 5584 igitur
1380 5515 1732 5589 Evangelium
1777 5519 1914 5575 bona
1962 5536 2059 5577 an-

471 5600 744 5659 nuntiatio
772 5604 837 5659 de
864 5604 968 5661 fide
992 5615 1046 5660 et
1072 5608 1313 5665 moribus
1347 5611 1414 5667 ad
1456 5611 1708 5669 salutem.
1743 5612 2059 5685 ostenditur

471 5702 653 5753 autem
685 5696 742 5752 in
767 5698 873 5761 hac
906 5698 1223 5757 definitione
1254 5702 1399 5779 unde
1431 5704 1644 5761 dicatur
1675 5706 2053 5781 Evangelium,

469 5795 527 5841 et
552 5786 621 5843 de
648 5789 843 5859 quibus
868 5793 961 5857 sit,
991 5802 1047 5873 et
1072 5794 1141 5851 ad
1172 5810 1335 5867 quem
1381 5793 1543 5851 linem
1577 5796 1758 5854 ducat.
1788 5797 2057 5870 ,Unde‘di-

472 5894 649 5948 catur,
678 5886 981 5944 ostenditur
1017 5882 1116 5959 per
1157 5887 1396 5947 nominis
1430 5888 1835 5965 etymologiam.
1881 5891 2057 5949 Evan-

2182 569 2283 645 (εὖ)
2336 571 2483 641 quod
2529 576 2614 623 est
2660 567 2875 629 bonum,
2925 574 2983 619 et
3028 559 3250 631 angelos
3296 561 3537 632 (ἄπελθε),
3569 564 3663 633 quod

2182 665 2426 721 nuntium
2455 662 2674 717 dicitur.
2703 658 2779 712 De
2805 657 3003 727 quibus
3038 655 3117 710 sit
3138 652 3461 719 ostenditur,
3483 671 3571 709 eam
3586 656 3667 712 sub.

2173 756 2438 829 jungitur,
2472 754 2539 808 de
2566 752 2671 807 fide
2701 761 2758 806 et
2788 750 3059 806 moribus.
3089 746 3185 801 Est
3224 745 3373 801 enim
3413 745 3668 817 Evaring

2180 850 2248 907 de
2291 850 2395 905 fide
2421 848 2549 903 trini
2578 854 2630 901 et
2676 845 2837 901 unius
2882 843 3003 910 Dei,
3032 849 3091 897 et
3119 838 3482 910 deutysterio
3500 838 3672 895 lumna-

2178 942 2345 997 tionis
2393 939 2540 1001 Filii.
2586 947 2644 994 et
2689 937 2758 993 de
2803 934 3016 992 exteris
3046 931 3319 988 servientis
3360 930 3502 997 ﬁdei,
3536 932 3675 1001 quia

2179 1034 2451 1107 Symbolo.
2473 1031 2843 1089 continentur.
2900 1027 2999 1084 Est
3042 1036 3096 1082 et
3132 1025 3205 1081 de
3252 1024 3521 1088 moribus,
3552 1025 3597 1079 id
3623 1033 3679 1079 est

2178 1128 2247 1184 de
2288 1124 2535 1183 doctrina
2566 1130 2712 1179 recte
2736 1122 2974 1178 vivendi.
3000 1119 3087 1176 Ad
3112 1132 3283 1191 quem
3308 1130 3441 1173 vero
3466 1115 3595 1172 ﬁnem
3615 1132 3683 1174 nos

2178 1221 2365 1286 ducat,
2384 1216 2701 1275 declaratur
2720 1226 2846 1273 cum
2867 1214 3089 1282 dicitur,
3110 1212 3182 1268 ad
3200 1212 3458 1269 salutem.
3479 1209 3682 1267 Perfide-

2176 1313 2321 1368 enim
2351 1308 2539 1368 veram
2567 1319 2622 1367 et
2647 1310 2849 1366 bonam
2899 1309 3065 1363 vitam
3104 1305 3260 1362 dudt
3305 1320 3420 1360 nos.
3445 1305 3492 1360 in
3526 1303 3685 1363 tum

2176 1412 2460 1462 aeternam.
2497 1404 2614 1461 Non
2658 1404 2830 1471 enim,
2868 1401 3091 1467 fratres,
3120 1397 3686 1455 sufﬁcitﬁdessineno-

2174 1499 2329 1556 ribus
2365 1498 2544 1566 bonis,
2577 1513 2678 1555 nec
2706 1497 2837 1553 boni
2867 1508 3052 1551 mores
3076 1495 3198 1551 sine
3230 1493 3363 1549 ﬁde.
3388 1490 3565 1548 Fidem
3589 1492 3686 1547 nisi
3792 1536 3793 1539 η

2171 1593 2344 1653 habet
2370 1592 2640 1660 diabolus,
2667 1592 2761 1647 sed
2784 1606 2895 1647 non
2924 1592 3089 1648 habet
3117 1589 3294 1645 bonos
3312 1600 3508 1642 mores.
3524 1584 3689 1658 Etgm-
3792 1624 3793 1639 χ

2177 1684 2288 1742 tilis
2316 1684 2513 1757 aliquis
2548 1686 2633 1741 vel
2659 1684 2884 1741 Iudaeus
2916 1684 3085 1741 habet
3107 1683 3284 1738 bonos
3317 1694 3511 1745 mores,
3532 1681 3688 1735 aeduos

2178 1776 2344 1832 habet
2375 1777 2574 1843 fidem;
2606 1785 2662 1833 et
2690 1778 2767 1833 ita
2798 1784 3043 1848 uterque.
3062 1776 3421 1849 reprobatur.
3446 1771 3589 1829 Sedsi
3608 1774 3691 1844 quis

2095 1850 2149 1914 Β
2177 1870 2343 1927 habet
2374 1870 2540 1928 fidem
2566 1877 2622 1927 et
2657 1872 2837 1928 honos
2878 1883 3086 1937 mores,
3124 1869 3319 1942 procul
3347 1868 3504 1925 dubio
3526 1869 3580 1923 ad
3596 1869 3692 1925 salu-

2177 1972 2288 2021 tem
2322 1963 2518 2022 tendit.
2548 1963 2617 2021 Et
2661 1979 2804 2036 quae,
2838 1964 3054 2025 fratres
3084 1964 3215 2031 mei,
3263 1978 3392 2035 qua:
3436 1963 3695 2018 annuntians

2174 2065 2352 2130 potest
2388 2072 2511 2114 esse
2561 2057 2756 2115 melior
2786 2071 2951 2129 quam
3002 2055 3336 2112 annuntiare
3367 2053 3457 2111 illa
3494 2066 3579 2126 per
3606 2070 3694 2126 qua
3792 2072 3793 2083 ³

2173 2161 2441 2226 perpetua
2493 2151 2640 2209 salus
2686 2151 2943 2208 habetur.
2993 2149 3230 2222 Itaque,
3260 2147 3505 2220 ifratres,
3539 2160 3695 2219 semper
3792 2152 3793 2167 ‘

2176 2242 2535 2321 Evangelium
2565 2258 2622 2305 et
2668 2246 2894 2304 auribus
2940 2252 3353 2318 captemus,.et
3394 2243 3541 2300 corde
3568 2253 3697 2299 tenea-
3792 2292 3793 2301 χ

2177 2358 2321 2410 mus,
2351 2352 2409 2398 et
2433 2356 2531 2398 ore
2556 2355 2993 2413 pronuntiemus,
3026 2348 3083 2396 et
3122 2324 3387 2409 operibus
3427 2336 3697 2409 impleamus.
3792 2332 3793 2399 ἕ

2175 2432 2317 2501 Quid
2346 2433 2494 2490 enim
2541 2434 2785 2491 insanius
2828 2449 3018 2506 quam,
3073 2440 3392 2504 contempto
3427 2432 3539 2488 vitta
3567 2431 3700 2496 verbo,

2176 2523 2599 2593 auresfahulis,
2627 2523 2950 2581 scurrilibus
2975 2532 3033 2579 et
3059 2522 3492 2579 detractionibus
3516 2522 3702 2593 aperire?

2176 2617 2319 2686 Quid
2338 2618 2600 2691 [insanius
2626 2632 2825 2690 quam,
2856 2624 3170 2688 contempto
3215 2613 3539 2685 Evangelia,
3562 2616 3703 2668 Μαιο-
3792 2613 3793 2651 ἲ

2176 2711 2283 2769 lica
2329 2713 2596 2781 carmina,
2623 2710 2922 2769 commdias
2948 2718 3005 2765 et
3026 2717 3262 2766 caeteras
3293 2706 3556 2762 vanitates
3579 2705 3705 2777 legere
3792 2730 3793 2773 ς

2175 2815 2231 2862 et
2263 2807 2481 2863 docere.
2516 2806 2742 2863 Talibus
2770 2804 2973 2877 quippe
3014 2803 3234 2860 Veritas
3272 2802 3450 2859 dicit:
3476 2792 3706 2867 Quietus
3792 2846 3793 2849 η

2174 2896 2309 2968 Deo,
2332 2899 2489 2954 verba
2514 2898 2613 2955 Dei
2639 2898 2829 2966 audit;
2862 2903 3138 2969 propterea
3163 2911 3256 2951 vos
3277 2893 3603 2967 uon_auditit,
3618 2893 3707 2963 alia
3792 2884 3793 2961 ξ

2174 3013 2240 3053 ea:
2260 2996 2373 3053 Deo
2404 3014 2511 3054 non
2542 2999 2669 3055 estis
2713 2988 2899 3070 (Joan.
2930 2997 3071 3067 vui).
3111 2995 3183 3052 Et
3208 3008 3387 3077 quare
3424 2992 3708 3066 Evangeliuin
3792 3008 3793 3079 ξ

2175 3084 2379 3147 dieitur
2408 3089 2540 3147 Jesu
2566 3090 2771 3147 Christi
2794 3088 2920 3146 Filii
2954 3086 3090 3147 Dei?
3118 3088 3259 3159 Quia
3288 3074 3349 3145 et
3370 3088 3427 3144 ’si
3458 3085 3713 3159 pluressint
3792 3074 3793 3159 ᾗ

2177 3182 2460 3256 Evangelii
2493 3184 2817 3255 scriptores,
2843 3194 3024 3239 tamen
3050 3183 3227 3239 solius
3251 3180 3461 3239 Christi
3486 3189 3560 3237 est
3580 3178 3715 3235 Evan-
3792 3178 3793 3235 ἐ

2176 3277 2400 3349 gelium,
2453 3286 2715 3349 tanquam
2759 3277 3035 3343 auctoris,
3074 3275 3329 3333 materia:
3364 3286 3422 3333 et
3462 3273 3719 3346 promulga-

2177 3369 2338 3425 to‘ris.
2369 3369 2445 3425 Ex
2483 3384 2551 3426 eo
2600 3380 2838 3442 namque
2876 3379 2932 3427 et
2969 3370 3036 3427 de
3072 3385 3160 3437 eo,
3192 3379 3251 3427 et
3282 3385 3387 3443 per
3422 3385 3557 3436 eum,
3592 3367 3721 3424 hahe-

2174 3478 2296 3519 mus
2329 3462 2681 3536 Evangelium
2710 3482 2725 3520 :
2780 3463 2937 3521 Unde
2966 3463 3195 3525 Paulus
3224 3464 3601 3537 Evangeliutn,
3639 3478 3723 3519 non

2175 3557 2244 3612 ab
2277 3557 2730 3629 homine,“neque
2773 3572 2871 3630 per
2900 3559 3200 3627 hominem,
3220 3546 3333 3618 sed
3366 3575 3463 3630 per
3486 3557 3726 3615 revelatio-

2173 3664 2300 3706 nem
2341 3648 2470 3706 Jesu
2519 3650 2723 3725 Christi
2767 3667 2826 3709 se
2886 3654 3166 3727 accepisse
3223 3654 3495 3726 gloriatur
3530 3645 3725 3727 (sui).

2175 3740 2232 3799 In
2261 3757 2390 3813 quo,
2444 3742 2680 3813 fratres,
2726 3758 2891 3816 super
2937 3760 3129 3803 omnes
3178 3745 3460 3803 doctrinas
3493 3743 3727 3815 Evangelii

2174 3835 2537 3907 praerogativa
2585 3836 3015 3907 demonstratur,
3080 3855 3204 3909 quin
3254 3856 3384 3905 _non
3448 3839 3613 3897 solum
3652 3852 3726 3893 uia
3792 3835 3793 3913 1

2172 3926 2462 3984 honestate
2498 3938 2554 3984 et
2605 3930 2841 3986 utilitate
2882 3931 3226 3999 snblimatur,
3261 3933 3359 3990 sed
3393 3933 3554 3988 etiam
3582 3931 3728 4001 digni-

2173 4029 2287 4078 tate
2348 4024 2589 4080 auctoris
2616 4065 2631 4092 ,
2678 4028 2957 4093 materiae,
3008 4037 3065 4084 et
3111 4029 3575 4101 promulgatoris,
3605 4023 3729 4096 {Jesu

2169 4114 2629 4173 scilicetChristi
2675 4117 2801 4174 Filii
2850 4119 2980 4188 Dei,
3029 4122 3471 4178 commendatur.
3528 4121 3730 4177 Exciso:

2168 4217 2252 4265 est
2281 4219 2461 4265 autem
2507 4210 2747 4293 Joannes
2788 4211 3142 4283 Evangelium
3192 4215 3405 4286 primus
3446 4214 3728 4286 praedicare,

2167 4303 2457 4383 quoniam,
2494 4305 2859 4361 ministerium
2912 4304 3202 4364 Trinitatis
3261 4316 3320 4362 et
3368 4304 3732 4363 incarnationis

2166 4398 2599 4468 praecedentibus
2646 4398 2979 4468 obvelatum,
3027 4410 3219 4471 aperte
3247 4401 3587 4472 praedicavit,
3633 4401 3733 4453 dum

2165 4491 2469 4564 etzAgnnm
2519 4491 2799 4551 tollentem
2852 4495 3041 4551 mundi
3072 4506 3323 4566 peccata
3370 4492 3733 4551 demonstravit

2167 4693 2321 4743 voce,
2366 4678 2422 4735 in
2469 4678 2722 4735 columba
2773 4679 3034 4751 Spiritum
3083 4674 3356 4738 intellexit
3397 4680 3618 4754 (Matth.
3650 4682 3733 4748 in).

2165 4766 2547 4826 Paenitentiam
2579 4787 2815 4843 quoque,
2848 4783 2904 4829 et
2940 4772 3200 4830 caelorum
3240 4789 3495 4848 regnum,
3525 4774 3739 4844 antiquis

2167 4861 2470 4918 inauditum
2519 4866 2852 4936 praedicavit.
2906 4864 3316 4934 Pteaitentiam,
3370 4866 3742 4939 inquitgafit.

2165 4958 2600 5027 appropinquavit
2626 4960 2765 5013 enim
2795 4954 3015 5031 regnum
3039 4960 3292 5016 oculorum
3319 4960 3526 5036 (ibid.).

2239 5047 2500 5120 Sequitur
2528 5066 2657 5122 pars
2685 5053 2945 5121 secunda,
2981 5053 3036 5110 in
3064 5070 3174 5129 qua
3200 5057 3403 5126 probat
3428 5055 3746 5128 erangelistl
3792 5092 3793 5119 ξ

2164 5141 2478 5212 testimonio
2519 5143 2798 5217 prophetat
2840 5147 3265 5218 praecursionem
3291 5147 3525 5206 Joannis
3553 5149 3747 5205 initium
3792 5138 3793 5218 ᾗ

2162 5246 2289 5291 esse
2312 5234 2617 5307 Evangelii,
2643 5228 2799 5309 juxt'a
2831 5240 2885 5297 id
2909 5241 3055 5313 quod
3087 5242 3350 5299 Dominus
3377 5243 3437 5299 in
3466 5240 3748 5314 Evangelia

2162 5328 2241 5385 ait
2265 5344 2281 5384 :
2323 5327 2433 5387 Lex
2457 5343 2504 5387 et
2532 5336 2800 5408 propheta:
2825 5355 2988 5410 usque
3012 5339 3083 5393 ad
3106 5338 3372 5397 Joannem
3406 5327 3636 5415 (Heruli.
3662 5340 3745 5407 It).

2163 5425 2320 5495 (λυθεί
2366 5425 2609 5493 diceret:
2647 5430 2695 5487 Δ
2741 5430 2949 5496 Joanne
2992 5428 3186 5506 incipit
3226 5435 3614 5508 Evangelium.
3656 5431 3749 5487 Bos

2162 5533 2292 5591 ergo
2324 5529 2406 5575 est
2435 5523 2578 5592 quod
2611 5524 2686 5579 ait
2713 5510 2978 5598 prOpheta
3020 5527 3251 5600 loquens
3295 5529 3350 5584 in
3394 5544 3639 5600 persona
3666 5524 3747 5580 Pa-

2163 5609 2262 5665 tris
2293 5612 2360 5667 ad
2390 5611 2588 5670 Filium
2613 5630 2628 5670 :
2668 5614 2807 5674 Ecce
2833 5636 2927 5690 ego
2966 5622 3117 5676 mitto
3147 5622 3395 5695 angelum
3434 5640 3620 5679 meum
3648 5629 3746 5672 an“

2161 5703 2383 5775 faciem,
2418 5707 2468 5761 id
2495 5718 2580 5765 est
2607 5721 2733 5768 ante
2762 5714 3109 5783 praesentiam
3159 5716 3278 5773 sive
3299 5717 3559 5772 notitiam
3595 5725 3741 5769 tuam-

2166 5793 2311 5869 Sane
2340 5801 2586 5872 angelus,
2639 5804 2695 5861 id
2737 5815 2823 5862 est
2872 5807 3118 5876 nuntius,
3157 5809 3261 5864 tria
3315 5808 3486 5866 facit:
3546 5804 3741 5863 Domini

2164 5889 2454 5951 adventum
2486 5901 2776 5971 praecedit;
2806 5918 2916 5963 non
2952 5919 3141 5977 suam,
3182 5905 3276 5973 sed
3321 5904 3545 5971 Domini
3576 5912 3739 5960 anato-
