3814 6346
94 375 233 436 1673

874 375 1182 436 ΗοΜιιιιιΕ
1212 373 1278 434 IN
1317 371 1532 432 EPIST.

1853 365 1978 426 lNG.
2021 372 2324 433 DOMINIC.
2365 407 2436 421 -—-
2472 377 2653 436 PARS
2694 380 2736 436 l.

3233 381 3378 440 1674

93 498 300 554 ritatem
325 493 496 568 gerit;
527 509 634 550 non
660 493 782 560 sibi,
809 494 904 550 sed
928 496 1156 551 Domino
1184 493 1476 564 hospitium
1509 491 1664 562 parat
1695 473 1748 542 Α
1774 495 1875 554 per
1931 491 2097 550 valles
2155 493 2576 565 deSperationis.
2603 479 2608 484 ’
2640 497 2874 566 Propter
2923 495 3030 554 hoc
3093 495 3378 576 subjungit

88 598 149 646 et
194 589 446 644 honorem
483 589 697 659 quarit.
735 587 829 644 Sic
856 588 1100 646 Joannes
1142 589 1435 645 adventum
1469 581 1673 642 Christi

87 693 340 752 tanquam
382 695 688 751 praeursor
725 682 1026 753 praecessit,
1071 679 1229 751 juxta
1275 680 1419 752 quod
1451 677 1675 750 angelus

85 775 409 846 praedixerat
434 773 501 828 de
530 788 597 828 eo
625 790 640 829 :
691 771 816 842 Ipse
849 773 1107 844 praecedet
1140 783 1262 827 ante
1303 772 1454 826 illum
1482 772 1539 825 in
1567 772 1674 841 spi-

87 869 196 922 ritu
224 876 268 920 et
293 868 481 922 virtute
506 866 646 921 Elite
689 865 845 935 (Luc.
891 866 952 937 ι).
979 865 1094 922 Non
1125 881 1276 921 suam
1296 907 1311 934 ,
1344 865 1438 920 sed
1465 863 1672 920 Christi

87 965 462 1018 auctoritatem
519 961 854 1031 pradicavit.
917 957 1034 1014 Non
1093 975 1249 1025 sum,
1313 959 1523 1028 inquit,
1574 973 1676 1028 ego

84 1052 350 1118 Christus,
379 1068 487 1108 non
518 1069 636 1108 sum
671 1067 927 1122 sponsus,
956 1051 1051 1107 sed
1077 1052 1287 1107 amicus
1313 1050 1520 1121 sponsi.
1555 1049 1674 1106 Non

83 1147 215 1212 sibi,
261 1146 352 1202 sed
399 1145 628 1200 Domino
675 1146 819 1198 viam
873 1151 928 1198 et
982 1143 1275 1214 hospitium
1324 1144 1672 1214 praeparavit.

83 1236 242 1292 Unde
271 1249 319 1295 et
370 1237 648 1307 sequitur:
685 1237 791 1304 Qui
837 1238 1154 1308 praparavit
1194 1239 1330 1292 viam
1361 1247 1508 1292 tuam
1555 1247 1676 1292 ante

78 1339 150 1386 te.
183 1330 512 1398 Praparavit
548 1332 692 1386 enim
738 1331 978 1388 Joannes
1017 1332 1237 1389 Christo
1285 1333 1430 1388 viam
1479 1332 1676 1402 pradi-

78 1421 278 1486 cando,
304 1421 652 1492 baptizando,
679 1424 1128 1480 demonstrando.
1155 1423 1272 1480 Non
1295 1425 1469 1481 solum
1493 1434 1674 1480 autem

75 1510 341 1581 Joannes,
376 1513 470 1570 sed
497 1515 662 1570 etiam
699 1515 930 1586 quilibet
971 1517 1322 1586 pradicator,
1366 1527 1424 1573 et
1449 1515 1678 1587 quilibet

75 1607 283 1674 ﬁdelis,
330 1608 421 1678 qui
470 1609 696 1664 verbum
747 1609 874 1664 vitae
928 1611 1308 1682 peccatoribus
1363 1610 1672 1675 annuntiat,

73 1697 306 1770 angelus
345 1699 437 1754 Dei
482 1699 588 1755 dici
633 1706 831 1769 potest,
864 1701 992 1756 dum
1025 1702 1074 1757 ei
1121 1702 1267 1756 viam
1294 1710 1352 1758 et
1379 1702 1674 1772 hospitium

73 1791 129 1846 in
177 1790 434 1847 cordibus
472 1792 754 1847 hominum
798 1803 1092 1865 praparat.
1135 1793 1290 1851 Unde
1334 1793 1672 1850 Malachias:

1777 584 2086 654 propheta:
2126 583 2313 641 Omnis
2357 586 2507 642 vallis
2545 586 2865 655 intolebitur,
2915 598 2967 644 et
3007 593 3176 647 omnis
3223 611 3372 652 mons

1777 682 1826 728 et
1862 675 2013 730 collis
2052 675 2424 730 humiliabitur
2459 675 2595 747 (lsa.
2627 677 2742 749 χι),
2769 686 2828 732 ut
2855 679 3063 737 scilicet
3091 685 3376 754 aequalitas

1779 767 1924 822 inter
1969 769 2449 840 prasumptionem
2509 777 2565 825 et
2611 769 3047 841 desperationem
3104 784 3373 834 teneatur.

1778 858 2206 927 Rectitudinem,
2236 867 2296 915 ut
2340 861 2572 926 scilicet,
2619 877 2720 919 nec
2764 864 2832 919 ad
2879 865 3157 922 dexteram
3207 871 3379 927 decli-

1779 961 1931 1018 nent,
1961 966 2060 1008 nec
2089 953 2156 1007 ad
2183 951 2487 1020 sinistram,
2515 953 2612 1009 sed
2641 956 2990 1012 mediocriter
3023 967 3264 1015 teneant.
3293 961 3374 1017 Ita

1778 1045 1988 1100 scilicet
2011 1055 2233 1100 teneant
2256 1047 2632 1102 rectitudincm
2655 1046 2896 1118 iustitia,
2917 1052 3060 1120 quod
3083 1069 3187 1108 non
3210 1054 3382 1111 decli-

1779 1147 1911 1194 nent
1931 1154 1964 1192 a
1984 1139 2195 1194 dextris
2219 1140 2287 1194 ad
2312 1140 2536 1196 nimiam
2559 1141 2864 1208 laxitatem,
2882 1160 2984 1200 nec
3002 1161 3029 1198 a
3047 1147 3282 1203 sinistris
3305 1150 3374 1203 ad

1778 1230 2174 1286 crudelitatem.
2203 1231 2281 1286 lta
2306 1233 2911 1290 teneantl‘ortitudinem
2931 1237 3074 1307 quod
3093 1253 3197 1292 non
3224 1240 3379 1294 dedi-

1778 1331 1910 1379 nent
1927 1321 1993 1377 ad
2011 1323 2319 1389 audaciam,
2342 1338 2442 1380 nec
2466 1325 2532 1380 ad
2558 1326 2920 1382 timiditatem.
2942 1329 3018 1382 lta
3049 1337 3266 1384 teneant
3287 1345 3377 1386 sa-

1779 1415 2064 1488 pientiam,
2090 1415 2233 1486 quod
2268 1431 2377 1472 non
2409 1417 2682 1474 declinent
2701 1419 2767 1474 ad
2790 1419 3165 1486 calliditatem,
3184 1436 3283 1477 nec
3308 1422 3378 1478 ad

1778 1506 2208 1576 simplicitatem.
2239 1507 2315 1562 Ita
2351 1517 2570 1565 teneant
2601 1512 3016 1581 temperantiam
3039 1553 3054 1579 ,
3087 1514 3232 1584 quod
3269 1528 3379 1569 non

1779 1599 2054 1655 declinent
2075 1599 2142 1654 ad
2166 1600 2525 1667 nimietatem,
2557 1617 2658 1658 nec
2679 1605 2746 1658 ad
2773 1603 3162 1678 min‘oritatetn.
3189 1607 3266 1661 lta
3295 1615 3378 1663 te-

1779 1699 1948 1746 neant
1970 1690 2314 1760 largitatem,
2338 1692 2483 1762 quod
2506 1707 2614 1748 non
2634 1692 2908 1750 declinent
2929 1696 2994 1751 ad
3020 1697 3377 1768 prodigalita-

1782 1793 2030 1850 tem,nec
2047 1783 2116 1840 ad
2143 1785 2449 1839 avaritiam.
2469 1784 2548 1840 lta
2573 1787 2843 1858 castigent
2863 1802 3083 1859 corpus,
3106 1791 3248 1860 quod
3269 1806 3378 1846 non

71 1880 281 1947 Labia,
314 1881 508 1952 inquit,
555 1847 844 1950 sacerdotis
883 1847 1188 1940 custodiunt
1218 1885 1493 1941 scientiam
1519 1895 1566 1940 et
1599 1847 1755 1940 le-B
1783 1875 2064 1940 Ιυκυΐὶθι,
2111 1890 2212 1932 nec
2267 1876 2504 1938 deﬁCial.
2565 1877 2706 1946 Ωιιὶίί
2760 1878 2962 1950 plura?
3031 1879 3110 1935 lla
3157 1889 3382 1939 teneant

70 1994 194 2048 gem
244 1978 502 2048 requirent
551 1978 616 2033 de
668 1995 757 2034 ore
805 1979 958 2050 ejus;
1011 1979 1231 2052 angelus
1275 1981 1415 2035 enim
1461 1980 1675 2036 Domini

69 2069 399 2122 exercituum
420 2077 498 2124 est
528 2069 687 2142 (Mal.
723 2068 806 2142 ιι).
833 2069 1040 2141 Itaque,
1070 2070 1292 2139 fratres,
1326 2086 1425 2128 nos
1450 2071 1542 2143 qui
1573 2087 1675 2126 no-

71 2165 258 2220 vimus
287 2164 458 2236 legem
485 2163 606 2230 Dei,
641 2165 766 2221 aliis
797 2165 1128 2221 antiuntiare
1160 2181 1268 2221 non
1299 2178 1598 2232 cessemus,
1619 2173 1676 2222 et

69 2256 123 2312 ei
154 2257 300 2311 viam
350 2256 417 2312 ad
451 2257 620 2314 corda
659 2257 940 2314 hominum
981 2273 1373 2332 praeparemus,
1426 2273 1533 2316 non
1576 2274 1678 2314 no-

68 2358 278 2414 strum,
327 2352 422 2408 sed
467 2349 584 2420 ejus
619 2350 881 2409 honorem
930 2351 989 2408 in
1036 2351 1290 2410 omnibus
1341 2369 1672 2426 quaramus,

71 2452 133 2510 ut
162 2443 343 2500 omcio
362 2452 419 2500 et
442 2447 662 2503 nomine
689 2447 1002 2518 angelorum
1023 2445 1168 2518 digni
1195 2461 1316 2504 esse
1345 2461 1674 2503 mereamur.

68 2533 157 2587 Ad
190 2534 337 2604 quod
375 2549 474 2590 nos
497 2536 748 2592 hortatur
775 2535 1068 2592 Psalmista
1115 2537 1341 2593 dicens:
1373 2536 1487 2592 Iter
1515 2537 1676 2608 facite

68 2626 119 2679 ei
167 2627 263 2695 qui
301 2630 533 2683 ascendit
571 2647 730 2702 super
769 2647 1046 2686 occasum:
1071 2631 1330 2686 Dominus
1369 2648 1559 2687 nomen
1589 2631 1674 2686 illi

69 2714 254 2786 (Psal.
308 2718 502 2792 vau).
556 2719 733 2791 Super
775 2735 1030 2776 occasum
1082 2720 1349 2777 Dominus
1401 2721 1672 2788 ascendit,

64 2827 200 2865 cum
239 2821 471 2868 mortem
510 2814 846 2884 resurgendo
876 2814 1176 2884 superavit.
1227 2814 1369 2872 Huic
1401 2815 1508 2872 iter
1536 2815 1677 2873 faci-

64 2920 233 2972 mus,
283 2905 409 2960 dum
453 2904 680 2962 verbum
733 2904 850 2974 ejus
898 2906 1022 2962 aliis
1072 2908 1481 2963 annuntiamus.
1535 2907 1674 2963 Nam

57 2997 467 3070 praedicatione
503 3008 833 3070 personante
865 2999 934 3054 ad
981 3013 1192 3067 aurem,
1224 2998 1490 3055 Dominus
1523 2999 1676 3055 venit

57 3091 136 3144 ad
191 3101 454 3148 mentem.
507 3091 660 3150 Unde
701 3102 758 3151 et
803 3095 1095 3167 sequitur:
1140 3093 1251 3150 Vox
1295 3094 1575 3150 clamantis
1619 3096 1676 3182 in

51 3184 304 3238 deserto.
352 3182 524 3241 Porro
567 3200 675 3241 vox
715 3187 882 3244 habet
932 3187 1075 3242 tria:
1125 3187 1382 3258 praecedit
1421 3187 1670 3255 verbum,
1699 3221 1748 3288 ο

50 3276 353 3346 signiﬁcat
395 3277 644 3346 verbum,
673 3279 784 3336 cito
818 3279 1036 3346 transit,
1072 3281 1241 3335 verbo
1272 3281 1326 3334 in
1355 3280 1521 3337 corde
1544 3295 1672 3352 per-

51 3377 356 3424 manente.
405 3371 503 3434 lta,
540 3371 758 3437 fratres,
787 3369 1028 3428 Joannes
1079 3370 1183 3427 fuit
1212 3387 1321 3427 vox
1359 3372 1670 3430 clamantis.

45 3461 374 3516 Praecurrit
397 3461 622 3516 verbum
653 3461 770 3527 Dei,
804 3462 933 3518 illud
967 3464 1315 3534 praedicando
1349 3473 1404 3522 et
1447 3465 1674 3521 demon-

44 3553 307 3608 strando
344 3555 690 3626 signiﬁcavit.
720 3555 842 3612 Cito
887 3557 1006 3628 ejus
1032 3558 1349 3628 pradicatio
1393 3567 1448 3612 et
1488 3558 1674 3629 opinio

47 3648 318 3712 transiit,
351 3651 517 3705 verbo
561 3650 654 3705 Dei
698 3663 916 3722 semper
961 3660 1336 3722 permanente.
1389 3651 1674 3708 Clamabat

41 3749 262 3795 autem
289 3741 342 3796 in
373 3741 588 3798 deserto
613 3740 816 3809 Judeae,
847 3743 1058 3799 scilicet
1100 3743 1170 3799 ab
1203 3742 1351 3797 omni
1392 3743 1537 3797 bono
1559 3741 1672 3812 jam

43 3836 331 3898 deserta,
363 3835 417 3891 in
449 3853 556 3907 qua
585 3853 690 3894 non
726 3846 842 3894 sata
876 3837 1161 3903 virtutum,
1193 3835 1288 3892 sed
1315 3834 1484 3905 spina
1512 3835 1676 3889 vitio-

43 3943 192 3979 rum
233 3929 576 3996 crescebant,
622 3939 676 3986 et
705 3938 947 3986 monstra
994 3929 1288 3996 scelerum,
1336 3943 1445 3984 non
1492 3927 1674 3998 imago

44 4019 168 4073 Dei
222 4019 530 4075 habitabat.
563 4020 680 4077 Non
731 4021 904 4077 solum
954 4028 1135 4076 autem
1185 4019 1445 4085 Joannes,
1477 4019 1570 4075 sed
1619 4027 1676 4074 et

45 4127 201 4177 nos,
235 4111 456 4177 fratres,
481 4129 584 4169 vox
615 4113 898 4169 clamantis
923 4130 1136 4180 sumus,
1169 4115 1214 4169 si
1247 4113 1300 4168 in
1332 4113 1548 4168 deserto
1574 4111 1679 4166 htt-

38 4202 159 4272 jus
190 4203 384 4258 mundi
422 4213 738 4274 peccatores
771 4205 1147 4276 increpamus,
1180 4205 1226 4259 si
1256 4219 1351 4260 eos
1375 4203 1676 4258 commina-

50 4297 230 4350 tione
265 4297 526 4366 gehenna
559 4305 857 4362 terremus,
902 4298 952 4354 si
979 4297 1206 4352 verbum
1240 4295 1360 4362 Dei,
1393 4297 1447 4351 in
1489 4297 1671 4352 cordi--

43 4389 174 4442 bus
208 4401 427 4453 eorum,
457 4388 621 4442 verbo
653 4397 706 4442 et
732 4388 982 4457 exemplo
1005 4387 1359 4444 seminamus.
1386 4386 1525 4455 Quid
1561 4387 1675 4442 cla-

47 4479 314 4535 mabat:
349 4475 545 4534 Parate
585 4481 722 4534 viam
770 4479 1006 4546 Domini,
1041 4489 1208 4535 rectas
1258 4479 1416 4549 facile
1462 4481 1673 4534 semitas

1781 1969 2040 2032 virtutes,
2067 1969 2213 2038 quod
2243 1968 2372 2023 vitia
2402 1970 2610 2025 evitent
2635 1957 2990 2026 collateralia.
3019 1971 3252 2043 Propter
3277 1973 3382 2030 hoc

1781 2077 1914 2134 ergo
1953 2061 2234 2133 subjungit
2281 2061 2490 2120 Isaias:
2541 2061 2614 2117 Et
2647 2073 2799 2118 erunt
2857 2080 3023 2134 prava
3072 2066 3128 2120 in
3179 2066 3382 2122 directa

1780 2153 2000 2227 (Ibid.),
2045 2161 2105 2210 ut
2140 2155 2351 2211 scilicet
2404 2155 2628 2211 torturis
2677 2154 2897 2223 ablatis,
2946 2157 3060 2214 sola
3111 2159 3380 2216 rectitudo

1783 2256 2054 2303 teneatur.
2088 2246 2400 2314 Planitiem,
2431 2256 2494 2304 ut
2539 2247 2754 2303 scilicet
2783 2263 2891 2305 non
2920 2248 3124 2306 habeat
3154 2251 3380 2322 paludes

1778 2339 2119 2412 voluptatum
2145 2349 2200 2396 et
2231 2340 2540 2410 libidinum,
2571 2355 2674 2397 nec
2703 2341 2992 2413 scrupulos
3030 2344 3379 2400 saecularium

1778 2432 2230 2490 sollicitudinum.
2278 2431 2421 2499 Quid
2460 2431 2628 2498 enim,
2679 2431 2879 2488 fratres
2926 2434 3065 2502 mei,
3096 2434 3224 2505 quid
3252 2446 3380 2490 sunt

1779 2525 2086 2595 voluptates
2133 2533 2191 2582 et
2235 2525 2516 2593 libidines,
2557 2525 2663 2582 nisi
2689 2525 2938 2597 quadam
2991 2527 3211 2598 paludes
3257 2545 3380 2600 qua

1781 2618 2018 2673 animam
2061 2617 2342 2674 maculant
2379 2627 2436 2674 et
2466 2618 2788 2676 retardant?
2814 2618 2884 2675 Et
2912 2619 3042 2692 quid
3073 2630 3200 2675 sunt
3226 2610 3378 2676 solli-

1780 2708 2049 2765 citudines
2103 2705 2266 2779 hujus
2326 2710 2540 2778 mundi,
2581 2710 2685 2766 nisi
2729 2711 2973 2782 quaedam
3031 2711 3376 2780 otl'endicula,

1779 2816 1902 2871 qua
1932 2803 2170 2858 animam
2197 2803 2542 2874 praecipitant
2568 2803 2654 2860 vel
2679 2805 2997 2861 retardant?
3021 2805 3249 2877 Propter
3276 2809 3379 2865 hoc

1779 2907 1910 2965 ergo
1940 2894 2017 2948 ait
2046 2895 2310 2966 propheta
2335 2913 2350 2951 :
2382 2895 2454 2950 Et
2484 2912 2672 2965 aspera
2711 2898 2768 2953 in
2799 2899 2908 2954 vias
2938 2898 3126 2970 planas
3163 2899 3375 2974 (lbid.).

1853 2987 2116 3060 Sequitur
2142 3006 2271 3062 pars
2307 2993 2486 3060 tertia,
2532 2993 2585 3047 in
2620 3008 2727 3064 qua
2759 2994 3000 3050 ostendit
3023 2994 3378 3066 Evangelista

1780 3085 2058 3154 quomodo
2098 3087 2397 3141 secundum
2444 3084 2731 3156 praefatum
2785 3086 2938 3144 Isaia
2983 3087 3378 3158 testimonium,

1779 3171 2018 3230 Joannes
2070 3174 2290 3231 Christo
2348 3179 2737 3261 praeparaverit
2786 3178 2930 3234 viam
2987 3179 3379 3236 dicenstuit

1775 3265 2012 3322 Joannes
2034 3269 2090 3324 in
2105 3269 2308 3324 deserto
2329 3270 2627 3340 prmdicans
2646 3281 2695 3327 et
2719 3271 2997 3344 baptizans
3022 3275 3279 3346 baptismo
3297 3278 3377 3350 (1)

1775 3363 2092 3433 paenitentia:
2147 3363 2202 3418 in
2280 3363 2641 3420 remissionem
2702 3376 3061 3436 peccatorum.
3136 3367 3380 3427 Joannes

1775 3457 1977 3526 quippe
2002 3470 2156 3511 more
2197 3457 2322 3512 boni
2356 3458 2752 3526 praedicatoris.
2803 3473 2910 3515 non
2957 3459 3130 3517 solum
3180 3463 3376 3530 verbo,

1777 3549 1870 3602 sed
1917 3549 2081 3603 etiam
2133 3547 2384 3618 exemplo
2440 3550 2583 3604 viam
2637 3550 2859 3607 Christo
2911 3553 3258 3624 praeparavit.
3306 3553 3378 3611 Et

1774 3640 1928 3710 prius
1957 3640 2010 3694 in
2047 3655 2128 3706 se,
2160 3653 2283 3710 post
2305 3640 2360 3695 in
2405 3641 2560 3697 aliis:
2584 3641 2644 3697 ln
2676 3658 2756 3710 se,
2791 3644 2938 3700 viam
2969 3644 3187 3702 Christo
3240 3661 3377 3718 pra-

1777 3732 2016 3800 paravit,
2048 3731 2192 3787 unde
2237 3732 2585 3788 sanctitatem
2619 3733 2737 3802 ejus
2757 3735 2980 3805 exponit
3001 3736 3371 3807 evangelista:

1777 3821 1941 3888 Fuit,
1987 3825 2194 3895 inquit,
2247 3825 2483 3881 Joannes
2529 3827 2588 3880 in
2643 3822 2880 3883 deserto.
2907 3818 2984 3884 In"
3016 3819 3370 3896 aliis,°viam

1777 3914 1997 3972 Christo
2029 3919 2382 3988 praeparavit,
2415 3920 2560 3975 unde
2615 3927 2670 3974 et
2719 3920 2904 3991 plures
2951 3921 3018 3976 ad
3073 3938 3197 3978 eum
3241 3939 3375 3983 con-

1776 4005 1999 4063 ﬂuxisse
2029 4007 2360 4073 referuntur,
2385 4026 2511 4066 cum
2547 4011 2747 4068 dicitur
2777 4029 2790 4066 :
2826 4012 2896 4068 Et
2921 4015 3375 4082 egreaiebaturad

1777 4118 1896 4156 eum
1912 4103 2080 4156 omnis
2112 4101 2318 4157 Judtea:
2353 4106 2520 4174 regio,
2552 4113 2658 4160 etc.
2699 4103 3064 4167 Pracucunit
3099 4108 3266 4179 igitur
3292 4108 3375 4164 lu-

1779 4209 1944 4250 cerna
1983 4194 2170 4251 lucens
2201 4197 2544 4265 praedicando
2563 4213 2627 4253 ea
2666 4213 2786 4269 qua
2801 4198 3049 4256 Christus
3075 4211 3194 4257 erat
3233 4218 3374 4273 pra-

1770 4277 2082 4346 'dicaturus.
2155 4290 2406 4348 Christus
2468 4293 2733 4365 siquidem
2798 4307 2917 4350 erat
2973 4297 3374 4366 praedicaturus

1778 4386 1979 4440 mundo
2018 4385 2417 4456 paenitentiam,
2449 4387 2801 4459 baptismum,
2835 4398 3124 4461 utramque
3157 4390 3240 4446 sui
3267 4406 3375 4446 na-

1779 4487 1986 4544 turam,
2017 4478 2280 4535 moralem
2327 4478 2656 4546 doctrinam,
2705 4483 3002 4539 secundum
3060 4483 3371 4548 adventum,

39 4572 212 4641 ejus.
259 4569 382 4628 Una
411 4581 497 4628 est
525 4572 616 4627 via
655 4571 1006 4644 magnaﬁper
1048 4587 1211 4642 quam
1261 4572 1414 4627 multi
1444 4571 1670 4628 vadunt.
1698 4571 2004 4644 Dgloriam
2056 4572 2330 4643 justorum
2383 4584 2438 4630 et
2484 4590 2704 4646 panem
2753 4578 3126 4647 reproborum.
3172 4575 3372 4632 Omnia

55 4662 304 4718 Semita
351 4674 477 4720 sunt
521 4665 725 4735 plures,
757 4674 1002 4734 angusta
1029 4672 1084 4719 et
1126 4665 1545 4735 compendiosa.
1574 4663 1674 4720 Via

55 4755 254 4824 igitur
293 4764 380 4811 est
421 4748 730 4813 Christiana
782 4757 996 4828 religio,
1043 4771 1140 4826 per
1179 4770 1340 4826 quam
1391 4754 1576 4825 plures
1604 4754 1675 4811 ad

55 4850 254 4905 Deum
283 4850 510 4918 vadunt,
539 4858 595 4906 et
625 4850 768 4906 Deus
793 4849 860 4905 ad
891 4849 1073 4918 plures
1099 4848 1271 4902 venit.
1303 4847 1524 4902 Semita
1549 4857 1675 4903 sunt

53 4939 456 5012 compendiosi
491 4950 548 4997 et
575 4941 713 4998 arcti
759 4943 902 4997 modi
936 4940 1172 5006 vivendi,
1216 4947 1276 4994 ut
1319 4939 1432 4994 vita
1476 4939 1674 4996 eremi-

41 5035 204 5099 tica,
260 5032 574 5090 claustralis
603 5046 658 5090 et
707 5033 940 5091 reclusa.
988 5033 1262 5115 Utraque,
1306 5033 1536 5102 fratres,
1579 5034 1674 5089 de-

37 5131 201 5185 bent
235 5128 444 5197 parari,
465 5135 525 5181 ut
548 5134 780 5197 quatuor
803 5126 1062 5194 habeant,
1089 5125 1468 5193 directionem,
1495 5141 1677 5196 aqua-

37 5221 285 5274 litatem
321 5260 337 5285 ,
378 5219 794 5284 rectitudinem,
850 5228 906 5274 ct
959 5219 1260 5288 planitiem.
1309 5218 1670 5274 Directionem

37 5315 195 5370 finis
232 5325 296 5368 ut
343 5314 410 5370 ad
454 5313 735 5370 Christum
779 5314 965 5380 ducat,
995 5313 1084 5384 qui
1127 5324 1211 5370 est
1247 5315 1372 5370 linis
1405 5315 1472 5370 ad
1513 5315 1674 5386 justi-

37 5409 202 5464 tiam
237 5409 390 5463 omni
428 5409 696 5465 credenti.
731 5407 844 5464 Nisi
874 5409 1018 5464 enim
1066 5408 1136 5464 ad
1163 5407 1439 5464 Christum
1488 5409 1668 5478 ducat,

37 5514 170 5556 non
205 5505 300 5556 est
342 5500 450 5568 via,
487 5501 582 5558 sed
621 5501 849 5558 invium.
882 5501 1110 5570 Propter
1138 5500 1243 5556 hoc
1269 5501 1348 5558 ait
1371 5502 1669 5572 propheta:

38 5591 258 5646 ﬂectas
312 5590 472 5662 facile
499 5593 716 5650 semitas
743 5593 880 5664 ejus.
909 5592 1330 5664 Equalitatem,
1357 5604 1416 5650 ut
1460 5593 1672 5652 scilicet

40 5701 170 5742 non
203 5683 464 5742 elevetur
486 5701 585 5757 per
607 5697 820 5745 montes
851 5687 1138 5760 superbia,
1175 5702 1277 5745 nec
1301 5687 1672 5761 praecipitetur

111 5843 251 5916 (Γ)
297 5843 458 5915 Vulg.
498 5844 674 5900 solum
703 5845 867 5902 habet
891 5846 1187 5918 praedicans
1217 5845 1556 5908 baptismum.

357 5958 636 6023 Parnm.
671 5959 845 6024 CLV.

1779 4666 1900 4722 hac
1929 4680 2236 4736 praeursor
2277 4669 2679 4738 praenuntiavit.
2715 4669 3097 4726 Panitentiam
3134 4684 3374 4740 namque

1781 4771 1888 4812 non
1929 4756 2106 4813 solum
2129 4759 2445 4828 pradicavit
2469 4760 2656 4815 dicens
2683 4775 2698 4814 :
2729 4757 2916 4814 Facite
2939 4759 3144 4830 [ructus
3185 4760 3373 4830 dignos
3405 4766 3411 4771 '

1776 4853 2116 4924 poenitentiae,
2150 4855 2248 4912 sed
2288 4856 2454 4911 etiam
2484 4855 2536 4910 in
2572 4869 2632 4910 se
2661 4853 2910 4924 exemplo
2953 4853 3368 4919 demonstravit,

1779 4944 1835 5000 in
1866 4946 2166 5017 asperitate
2219 4945 2345 5013 loci,
2395 4947 2644 5011 vestitus,
2696 4955 2752 5002 et
2795 4945 2993 5001 victus.
3045 4944 3195 5012 Loci,
3243 4943 3370 5014 quia

1778 5036 2045 5092 habitavit
2073 5037 2128 5094 in
2163 5039 2380 5094 deserto
2407 5037 2704 5101 solitarius,
2734 5036 2826 5106 qni
2861 5036 3009 5090 locus
3036 5045 3123 5090 est
3170 5049 3370 5092 convc-

1777 5128 1936 5183 niens
1960 5129 2371 5198 paenitentibus,
2405 5138 2518 5184 tum
2551 5143 2620 5184 ne
2649 5124 3107 5183 cohabitationem
3137 5126 3368 5182 sacula-

1777 5222 1921 5276 rium
1944 5221 2012 5276 ad
2039 5221 2268 5290 pristina
2300 5231 2519 5291 peccata
2550 5218 2881 5276 relabantur.
2911 5216 3063 5274 Unde
3087 5227 3140 5274 et
3169 5217 3364 5285 David,

1777 5311 1935 5379 Ecce,
1959 5312 2422 5384 inquit,'elongavi
2447 5313 2678 5385 fugiens,
2705 5321 2760 5367 et
2788 5311 2959 5367 mansi
2987 5310 3043 5365 in
3081 5310 3368 5366 solitudine

1777 5405 1952 5478 (l’sal.
1979 5419 2115 5478 LIV),
2147 5414 2258 5462 tum
2282 5405 2408 5477 quia
2435 5404 2683 5462 fecerunt
2713 5421 2772 5461 se
2816 5403 3216 5460 cobabitationc
3269 5403 3369 5458 ho-

1777 5497 1983 5553 minuat
2013 5498 2287 5568 indignos,
2313 5497 2438 5567 quia
2485 5496 2628 5552 malo
2685 5496 2932 5568 exemplo
2982 5499 3366 5566 corruperunt,

1768 5589 1916 5660 justa
1971 5591 2115 5661 quod
2142 5591 2273 5647 Cain
2320 5597 2443 5661 post
2475 5587 2839 5646 fratricidium
2894 5586 3152 5660 profugus
3198 5583 3365 5640 fuisse

1776 5693 2036 5742 narratur
2065 5683 2222 5760 (Gen.
2254 5686 2351 5753 tv).
2383 5683 2653 5754 Vestitus,
2696 5686 2826 5757 quia
2854 5692 2965 5740 erat
3001 5681 3212 5739 vestitus
3243 5677 3364 5737 uilis

2800 5959 2880 6027 53
