3820 6312
501 296 643 357 16⁸15

1571 282 1908 352 ΑΟΒΕΝΟΑ.
1943 310 2016 327 —-
2048 280 2396 339 RADULPHI
2425 279 2772 339 ARDENTIS

3593 291 3681 354 im

500 410 709 475 cameli,
749 414 798 463 et
829 422 965 464 sana
994 402 1212 476 pellicea
1237 403 1381 457 circa
1410 398 1611 459 lumbos
1640 399 1774 469 ejus.
1804 399 1909 454 Pili
1938 399 2084 453 enim
2115 402 2167 460 Α
2194 406 2314 451 cata
2346 396 2549 467 scripta
2574 403 2701 450 sunt
2729 393 2796 449 ad
2823 391 3149 451 cavendum.
3174 393 3245 450 Et
3287 394 3331 450 si
3361 395 3485 454 forte
3514 411 3687 474 conlige.

500 498 835 559 camelorum
863 508 921 553 et
949 495 1185 552 cilicium
1234 493 1385 563 signa
1429 498 1556 545 sunt
1593 489 1947 558 poenitentiae,
1979 496 2089 542 tum

498 601 721 665 propter
746 590 1096 661 asperitatem
1125 594 1180 643 et
1201 584 1572 657 punctionem,
1625 592 1735 636 tum
1784 582 1908 651 quia
1937 581 2092 651 signa

499 693 632 742 sunt
672 683 980 740 tunicarum
1029 678 1403 751 pellicearum,
1456 674 1651 744 quibus
1708 673 1880 728 induti
1931 671 2093 741 pri'mi

503 784 817 849 parentesa
866 772 1119 845 paradiso
1156 768 1363 824 exclusi
1414 775 1543 822 sunt
1574 764 1725 835 (Gen.
1781 764 1885 835 ιιι).
1944 763 2091 818 Zona

499 869 724 943 pellicea
748 868 961 939 signum
991 873 1073 921 est
1100 859 1450 933 ptenitentiae,
1476 869 1586 913 tmn
1605 868 1824 928 pr0pter
1838 858 2093 913 duritiam

501 971 560 1017 et
590 961 962 1033 asperitatem,
1014 965 1124 1010 tum
1182 958 1405 1023 propter
1456 950 1817 1005 restrictionis
1867 949 2094 1003 lnxnrim

502 1052 974 1126 signiﬁcationem.
1006 1046 1220 1111 Victus,
1241 1044 1369 1114 quia
1394 1042 1495 1097 mel
1517 1041 1763 1115 sylvestre
1785 1050 1831 1093 et
1863 1039 2093 1093 locustas

502 1145 706 1201 edebat.
738 1144 925 1200 Victus
959 1139 1103 1194 enim
1138 1137 1280 1202 vilis,
1314 1136 1515 1191 crudus
1542 1143 1595 1189 et
1621 1135 1917 1204 imparatus
1941 1133 2095 1187 decet

500 1237 859 1309 pmnitentes,
884 1233 977 1304 qui
1016 1247 1114 1302 per
1142 1230 1431 1302 ingluviem
1467 1228 1664 1298 saepius
1706 1232 2093 1296 peccaverunt.

500 1328 560 1386 Si
587 1343 740 1399 ergo,
757 1326 981 1391 fratres,
1003 1322 1240 1379 Joannes
1257 1323 1323 1378 ab
1348 1328 1501 1376 utero
1523 1318 1918 1382 sanctiﬁcatus,
1946 1324 2094 1371 tanta

499 1421 794 1490 asperitate
824 1433 885 1483 se
910 1417 1222 1488 castigavit,
1254 1415 1383 1485 quid
1414 1429 1512 1468 nos
1547 1411 1733 1466 miseri
1781 1416 2096 1482 peccatores

498 1509 685 1567 facere
747 1507 1066 1564 debemus?
1112 1507 1448 1577 Baptismutn
1489 1516 1703 1572 quoque
1753 1515 1859 1555 non
1919 1497 2094 1556 solum

502 1602 841 1675 praedicavit,
874 1601 967 1657 sed
996 1600 1160 1656 etiam
1185 1598 1431 1669 pluribus
1454 1595 1623 1661 dedit,
1652 1610 1758 1653 non
1795 1594 1937 1665 quod
1964 1607 2094 1664 pec-

496 1708 626 1756 cata
661 1697 983 1760 dimitteret,
1013 1695 1108 1750 sed
1140 1694 1267 1764 quia
1316 1692 1384 1747 ad
1417 1689 1793 1762 paenitentiam
1846 1686 2095 1742 homines

502 1791 780 1860 monebat,
815 1799 870 1846 et
891 1789 959 1843 ab
985 1789 1312 1858 baptismum
1340 1782 1755 1840 assuefaciebat.
1791 1779 2093 1851 Utramque

506 1888 755 1935 naturain
786 1875 986 1932 Christi
1016 1872 1351 1946 prteiliCavit,
1386 1881 1441 1926 et
1466 1870 1631 1925 etiam
1667 1869 1839 1939 ipsum
1870 1868 2094 1922 demon-

502 1972 727 2028 stravit:
748 1967 901 2033 Ecce,
931 1967 1124 2038 inquit,
1151 1967 1329 2036 Agnus
1354 1962 1474 2028 Dei,
1498 1972 1546 2016 et
1567 1962 1658 2033 qui
1685 1969 1799 2030 post
1821 1975 1903 2013 me
1933 1958 2089 2027 venit,

505 2070 630 2117 ante
667 2076 750 2115 me
784 2061 957 2127 [actus
984 2047 1081 2113 est.
1105 2042 1287 2128 (Joan.
1328 2055 1389 2126 ι).
1442 2052 1718 2108 Moraliter
1753 2066 1969 2122 quoque
2017 2048 2094 2106 in-

502 2152 705 2208 struxit
726 2150 912 2205 dicens
942 2166 956 2202 :
989 2147 1092 2214 Qui
1120 2146 1272 2202 habet
1314 2146 1449 2199 duas
1483 2143 1712 2209 tunicas,
1752 2142 1837 2197 det
1862 2158 1967 2196 non
1989 2142 2091 2196 lia-

500 2244 666 2300 benti.
695 2241 766 2296 Et
793 2241 887 2313 qui
925 2240 1075 2295 habet
1117 2256 1263 2294 escas
1306 2238 1550 2293 similiter
1588 2235 1752 2306 faciat
1800 2232 1951 2306 (Luc.
1985 2230 2090 2305 in).

500 2332 811 2392 Secundum
850 2348 982 2389 vero
1015 2332 1304 2387 adventum
1353 2329 1665 2402 praedicavit
1711 2329 1899 2385 dicens
1927 2346 1939 2382 :
1967 2325 2093 2381 Jam

496 2429 696 2485 securis
725 2431 794 2482 ad
821 2428 1051 2481 radicem
1102 2425 1306 2479 arboris
1352 2425 1523 2488 posita
1557 2435 1631 2479 est
1673 2422 1886 2495 (fbid.).
1915 2422 2095 2479 Justu-

498 2525 807 2583 tumeliam
839 2522 1313 2594 gloriﬁcationem,
1365 2528 1418 2575 et
1468 2518 1821 2591 reprobormn
1868 2518 2095 2573 damna-

505 2622 707 2679 tionem
739 2618 1058 2691 prrcdicavit
1082 2618 1307 2671 dicens:
1344 2614 1410 2668 Et
1439 2614 1785 2669 ventilabrum
1825 2612 1881 2666 in
1932 2627 2096 2666 manu

500 2716 639 2783 eius,
660 2722 711 2769 et
731 2712 973 2784 purgauit
998 2725 1178 2765 arcam
1200 2724 1372 2762 suam.
1391 2706 1431 2762 C
1440 2724 1569 2762 rana
1591 2716 1743 2776 ponet
1771 2707 1824 2760 in
1849 2706 2095 2761 horreum

503 2824 695 2875 suum,
752 2804 932 2876 paleas
992 2819 1109 2858 vero
1190 2800 1457 2855 comburet
1511 2800 1620 2871 igni
1682 2797 2095 2869 inexstinguibili

506 2899 723 2975 (Ibid.).
752 2899 857 2955 Per
879 2911 1073 2967 grana,
1104 2894 1324 2960 fratres,
1351 2894 1728 2965 signiﬁcantur
1772 2893 1896 2949 boni
1921 2935 1936 2960 ,
1966 2894 2096 2965 quia

502 2995 584 3051 sui
600 2993 801 3049 unione
821 2990 1116 3053 conﬁciunt
1133 3003 1329 3058 corpus
1352 2986 1576 3051 Crbisti,
1606 2986 1658 3042 id
1676 2996 1759 3041 est
1776 2986 2091 3051 Ecclesium,

501 3097 558 3145 et
602 3088 729 3159 quia
769 3086 849 3141 eis
892 3085 1133 3155 pascitur
1183 3088 1239 3137 et
1295 3081 1594 3136 delectatur
1646 3080 1807 3141 Deus,
1863 3088 1917 3134 et
1963 3078 2092 3149 quia

510 3182 655 3255 digni
688 3189 816 3238 sunt
878 3179 1263 3235 reservatione.
1318 3174 1422 3229 Per
1474 3174 1658 3245 paleas
1717 3174 2095 3244 exprimuntur

510 3273 660 3339 mali,
690 3272 814 3343 quia
844 3271 987 3328 leves
1024 3276 1187 3324 vento
1222 3266 1480 3321 vanitatis
1519 3274 1575 3320 et
1615 3265 1915 3334 superbire,
1966 3265 2095 3334 quia

488 3364 665 3435 aridi,
699 3363 818 3419 sine
846 3377 972 3418 rore
996 3360 1206 3432 gratiae,
1236 3358 1361 3430 quia
1389 3365 1517 3413 sunt
1548 3357 1659 3427 apti
1688 3356 1786 3411 soli
1836 3356 2091 3411 ﬁarmnze.

501 3452 731 3525 Utrique
780 3463 981 3519 tamen,
1037 3452 1176 3507 sicut
1210 3449 1364 3520 palea
1393 3458 1447 3504 et
1474 3464 1643 3520 grana
1679 3449 1745 3503 de
1768 3448 1957 3503 eodem
1991 3462 2092 3501 na-

502 3554 727 3602 scuntur
766 3545 995 3608 semine,
1043 3541 1204 3598 simul
1235 3548 1509 3607 crescunt,
1563 3537 1724 3595 simul
1766 3538 2093 3609 colliguntur

498 3637 868 3707 etjactantur,
896 3647 1081 3693 tamen
1116 3636 1167 3691 in
1190 3649 1338 3701 area,
1372 3633 1425 3689 id
1451 3641 1534 3689 est
1560 3632 1613 3687 in
1635 3632 1862 3703 judicio,
1892 3626 2091 3686 summi

494 3730 700 3802 iudicis
750 3728 1057 3785 ventilabro
1121 3725 1529 3791 discernentur,
1585 3732 1642 3778 et
1699 3723 1854 3778 ibunt
1910 3721 1987 3776 illi
2036 3722 2090 3776 in

500 3825 823 3897 gehennam,
857 3822 947 3879 isti
975 3822 1219 3876 invitam
1251 3828 1533 3875 mternam.
1568 3817 1779 3886 Quibus
1816 3817 2011 3872 merito
2033 3824 2092 3871 et

501 3925 559 3973 et
580 3917 808 3987 praemio
850 3930 952 3971 nos
991 3914 1235 3970 aduuare
1280 3910 1534 3985 dignetur
1578 3909 1839 3966 Dominus
1884 3919 2088 3965 noster.

500 4008 694 4064 Amen.

1091 4095 1374 4155 HOMILIA
1409 4095 1494 4151 lli.

868 4204 1124 4246 DOMINICA
1148 4204 1384 4246 SECUNDA
1422 4201 1718 4243 ADVENTUS.

574 4282 909 4353 Qua’cunque
958 4281 1153 4351 scripta
1201 4289 1345 4345 sunt,
1391 4280 1461 4333 ad
1516 4289 1752 4332 nostram
1795 4277 2089 4331 doctrinam

488 4377 697 4453 scripta
722 4384 843 4430 sunt
873 4372 1048 4447 (Rom.
1075 4374 1191 4444 xv),
1221 4382 1327 4429 etc.
1360 4371 1418 4427 ln
1448 4372 1550 4427 hac
1579 4370 1855 4435 Lectione,
1888 4369 2088 4426 fratres

503 4469 832 4534 ebarissimi,
857 4468 926 4523 ad
959 4467 1059 4522 tria
1085 4481 1186 4522 nos
1216 4460 1474 4521 bo'rtatur
1502 4463 1819 4535 Apostolus,
1846 4470 1906 4517 ut
1939 4462 2088 4517 scili-

503 4570 591 4619 cet
620 4562 919 4619 habeamus
946 4561 1001 4615 in
1033 4559 1278 4615 adversis
1308 4573 1483 4629 spem,
1514 4557 1567 4611 in
1593 4556 1718 4612 ﬁdei
1745 4554 2085 4612 confessione

505 4655 939 4718 unanimitatem,
970 4652 1024 4708 in
1053 4652 1318 4709 cbaritate
1365 4650 1741 4723 proximorum
1785 4647 2085 4720 susceptio-

503 4763 647 4805 nem.
676 4746 857 4804 Monet
881 4746 1048 4817 igitur
1078 4761 1176 4802 nos
1215 4744 1540 4800 auctoritate
1567 4757 1736 4797 sacra:
1768 4740 2083 4812 Scripturae,

499 4849 560 4895 ut
587 4840 641 4896 in
672 4839 916 4896 adversis
959 4854 1110 4911 spem
1148 4838 1475 4903 habeamus,
1501 4834 1687 4889 dicens
1706 4875 1721 4901 ,
1749 4830 2087 4907 Quwcunque

498 4938 692 5002 scripta
719 4939 864 4997 sunt,
892 4929 962 4983 ad
993 4938 1228 4983 nostram
1255 4926 1556 4980 doctrinam
1573 4926 1769 4997 scripta
1802 4936 1947 4982 sunt.
1978 4925 2087 4983 Sed

500 5024 689 5080 dices:
719 5022 1000 5091 Quomodo
1031 5019 1356 5075 adulterium
1402 5018 1594 5085 David,
1626 5020 1881 5090 superbia
1934 5010 2084 5086 δραι,

499 5112 829 5169 effeminatio
898 5110 1246 5177 Salomonis,
1294 5120 1347 5165 et
1414 5118 1611 5165 caetera
1663 5110 1803 5167 mala
1862 5126 1981 5184 qum
2030 5110 2087 5166 in

502 5205 785 5274 Scriptura
812 5203 1061 5274 legimus,
1090 5203 1157 5257 ad
1183 5211 1425 5258 nostram
1454 5190 2087 5274 pertinentdoctrinam?

499 5296 813 5365 Pertinent,
853 5296 1051 5353 fratres
1101 5297 1241 5364 mei,
1292 5297 1337 5352 si
1387 5298 1741 5354 intentionem
1795 5299 2085 5356 scribentis

500 5390 928 5448 consideremus.
967 5390 1294 5448 Scribuntur
1329 5393 1476 5449 enim
1507 5393 1562 5448 in
1601 5408 1760 5448 sacra
1804 5392 2085 5463 Scriptura

500 5484 714 5541 diversa
742 5485 1041 5542 intentione
1085 5496 1347 5557 quatuor,
1397 5470 1578 5552 mala,
1604 5486 1745 5542 bona
1772 5527 1788 5553 ,
1821 5486 2083 5556 supplicia

500 5587 557 5639 et
582 5578 828 5650 praemia.
855 5578 992 5635 Mala
1019 5580 1221 5651 scripta
1250 5588 1376 5637 sunt
1400 5579 1467 5635 ad
1495 5580 1818 5647 cavendum,
1841 5578 1983 5634 bona
2015 5578 2082 5635 ad

503 5668 847 5736 imitandum,
880 5670 1138 5742 supplicia
1162 5658 1231 5727 ad
1282 5652 1963 5741 deterrendum,.przemia
2014 5673 2083 5728 ad

503 5760 842 5819 imitandum.
874 5764 1015 5837 Ergo
1058 5766 1386 5824 adulterium
1414 5765 1586 5823 David
1614 5774 1670 5822 et
1710 5775 1909 5822 caetera
1948 5783 2082 5838 pec-

2197 489 2270 544 rit
2299 503 2397 543 nos
2419 488 2471 542 in
2503 487 2595 542 illa
2619 488 2838 552 cadere,
2864 501 2978 541 non
3011 484 3379 557 desperemus,
3403 488 3489 544 sed
3517 496 3689 566 exemplo

2198 578 2365 633 David
2394 579 2462 632 ad
2503 574 2801 633 remedium
2842 577 3182 648 poenitentia:
3233 594 3563 636 rccnrramus.
3599 585 3693 652 Quo.

2196 671 2360 727 modo
2378 669 2561 725 valent
2576 670 2642 725 ad
2668 680 2909 725 nostram
2933 670 3238 725 doctrinam
3263 686 3380 740 qna:
3398 671 3572 743 scripta
3590 678 3696 732 sunt?

2201 765 2269 822 Ut
2313 783 2407 838 per
2443 766 2776 835 patientiam,
2812 763 3009 834 inquit,
3038 775 3086 819 et
3119 763 3513 821 consolationem
3530 767 3703 839 Scripta-

2198 876 2405 927 rarum,
2433 859 2485 915 id
2510 867 2592 913 est
2619 874 2740 929 qua:
2772 859 3029 930 leguntur
3055 859 3109 914 in
3141 856 3458 928 Scripturis,
3507 878 3619 930 spent
3637 862 3704 918 lia-

2199 955 2433 1010 beamus.
2483 952 2748 1009 Similiter
2802 952 2977 1024 potuit
3009 953 3212 1018 dicere,
3246 961 3306 1006 ut
3352 967 3446 1024 per
3493 956 3708 1011 commina-

2200 1046 2402 1101 tionem
2424 1025 2832 1116 Scripturarum
2858 1045 3155 1100 habeamus
3182 1042 3452 1101 timorem.
3474 1040 3598 1101 Sicut
3609 1048 3706 1104 enim

2204 1136 2492 1210 Scriptura
2518 1153 2674 1193 sacra
2703 1136 3015 1193 dolentibus
3039 1136 3313 1209 promittit
3340 1152 3501 1209 spem,
3534 1139 3593 1195 ita
3616 1155 3709 1197 tam

2198 1227 2562 1302 gaudentibus
2582 1228 2852 1284 timorem.
2895 1227 2955 1281 Si
2985 1243 3113 1299 ergo
3136 1226 3290 1283 doles
3313 1227 3365 1282 in
3393 1228 3618 1296 adversis,
3636 1248 3709 1287 non

2199 1319 2482 1391 desperes,
2511 1320 2606 1375 sed
2638 1319 2754 1389 lege
2800 1327 3061 1389 quantam
3094 1319 3421 1389 patientiam
3457 1316 3616 1376 habuit
3643 1322 3711 1378 iob

2200 1410 2254 1467 in
2284 1412 2548 1478 adversis,
2581 1420 2636 1467 et
2664 1420 2921 1482 quantam
2949 1406 3217 1468 Dominus
3246 1412 3485 1468 exhibuit
3509 1413 3551 1469 ei
3577 1429 3713 1472 conss.

2197 1501 2477 1571 lationem,
2505 1513 2560 1559 et
2586 1502 2815 1560 habebis
2849 1518 3027 1574 spem,
3071 1516 3133 1559 ut
3164 1519 3266 1576 per
3309 1504 3527 1560 similem
3562 1507 3715 1576 patien-

2200 1588 2355 1661 tiam,
2389 1594 2455 1651 ad
2493 1594 2724 1651 similem
2754 1594 2943 1651 venias
2995 1595 3445 1652 consolationem.
3487 1594 3539 1651 Si
3570 1599 3714 1669 gaudes

2201 1688 2255 1743 in
2284 1688 2582 1760 prosperis,
2608 1687 2717 1743 noli
2743 1702 3094 1758 praesumere,
3125 1688 3222 1743 sed
3245 1688 3364 1760 lege
3384 1698 3611 1758 quantam
3630 1704 3714 1761 pro-

2124 1762 2173 1822 Β
2201 1782 2517 1853 speritatem
2547 1779 2735 1836 habuit
2757 1776 3038 1847 Salomon,
3068 1790 3125 1835 et
3151 1780 3216 1835 ad
3241 1789 3492 1851 quantam
3514 1779 3615 1836 inde
3631 1797 3714 1851 pro.

2196 1875 2380 1944 lapsus
2400 1883 2483 1929 est
2509 1873 2861 1945 ignominiam
2887 1914 2903 1940 ,
2927 1882 2984 1928 et
3018 1872 3250 1928 habebis
3286 1868 3520 1928 timorem
3539 1914 3553 1939 ,
3574 1888 3629 1928 ne
3651 1888 3716 1943 per

2198 1966 2429 2022 similem
2470 1969 2923 2039 prosperitatem,
2961 1967 3030 2024 ad
3086 1967 3323 2022 similem
3392 1967 3558 2022 venias
3608 1966 3716 2037 igno-

2197 2060 2442 2116 miniam.
2486 2058 2593 2115 Sed
2637 2060 2762 2131 quia
2808 2058 2875 2114 ad
2937 2057 3139 2115 fratres
3196 2056 3405 2114 aﬁictos
3460 2056 3715 2127 loquebatur

2196 2151 2508 2222 Apostolus,
2540 2150 2607 2207 de
2634 2150 2746 2205 sola
2771 2150 3035 2222 patientia
3068 2159 3123 2207 et
3144 2166 3241 2222 spe
3275 2149 3408 2206 facit
3434 2150 3713 2205 mentionem.

2200 2242 2307 2299 Sed
2346 2244 2471 2314 quia
2514 2247 2626 2298 sola
2652 2257 2778 2314 spes
2809 2260 2912 2298 non
2938 2242 3139 2299 snﬁicit
3168 2244 3239 2299 ad
3276 2241 3516 2309 salutem,
3534 2243 3717 2313 sequitur
3804 2308 3805 2325 χ

2198 2335 2434 2391 secunda
2464 2350 2611 2407 pars,
2644 2337 2697 2390 in
2727 2351 2831 2405 qua
2854 2344 3003 2403 optat
3038 2336 3119 2391 cis
3162 2335 3282 2391 dari
3336 2349 3365 2388 a
3400 2333 3504 2390 Deo
3534 2332 3719 2391 consola-

2197 2437 2317 2484 tore
2371 2431 2425 2484 in
2464 2428 2588 2484 ﬁdei
2645 2427 2993 2485 confessione
3062 2428 3493 2494 unanimitatcm,
3538 2427 3716 2484 dicens:
3804 2450 3805 2489 ξ

2197 2521 2341 2577 Deus
2372 2531 2548 2577 autem
2570 2522 2749 2578 solatii
2782 2525 2866 2578 det
2893 2523 3035 2579 vobis
3058 2540 3264 2595 sapere.
3300 2522 3404 2579 Sed
3426 2524 3537 2594 quia
3557 2522 3720 2593 quidam

2203 2611 2347 2668 male
2370 2615 2611 2684 sapiunt,
2649 2610 2742 2668 alii
2775 2614 3060 2686 plusquam
3093 2624 3313 2686 oportet
3350 2616 3566 2686 sapiunt,
3587 2615 3721 2671 subdit
3804 2688 3805 2693 η

2200 2708 2488 2763 secundum
2511 2708 2695 2765 Jesum
2724 2710 3016 2767 Christum.
3048 2709 3156 2765 Sed
3197 2712 3325 2781 quia
3358 2712 3535 2766 iterum
3556 2712 3723 2781 quidam

2199 2800 2439 2857 haeretici
2466 2810 2521 2856 et
2542 2800 2882 2858 schismatiei
2913 2800 3159 2858 dicentes
3184 2816 3246 2858 se
3275 2818 3459 2875 sapere
3487 2802 3723 2858 secundum

2199 2892 2384 2950 Jesum
2428 2894 2727 2965 Christum,
2758 2897 3015 2953 scindunt
3046 2895 3210 2951 ﬁdem
3242 2896 3462 2962 Christi,
3489 2897 3612 2951 addit
3645 2895 3728 2948 idi-

2199 3003 2371 3058 psum,
2412 2987 2464 3043 id
2504 2997 2588 3044 est
2613 3004 2779 3043 unum
2826 2986 2991 3043 idem.
3020 2986 3128 3044 Sed
3161 2988 3290 3060 quia
3337 2986 3518 3045 iterum
3554 2989 3730 3058 quidam

2197 3078 2342 3133 bene
2366 3078 2607 3149 sapiunt,
2638 3080 2731 3135 sed
2758 3077 2921 3135 rudes
2955 3089 3010 3134 et
3040 3088 3294 3136 errantes
3318 3079 3517 3137 erudire
3538 3090 3732 3135 eontem-

2201 3178 2355 3238 nunt,
2388 3170 2648 3227 subditin
2674 3170 3009 3226 alterutrum.
3042 3171 3161 3228 Non
3209 3173 3358 3230 enim
3390 3172 3565 3230 suﬁicit
3589 3174 3735 3241 nobis,
3804 3164 3805 3171 “

2198 3274 2259 3320 ιιι
2288 3263 2447 3320 nobis
2472 3262 2611 3319 bene
2640 3266 2938 3335 sapiamus,
2976 3266 3077 3320 nisi
3110 3274 3164 3320 et
3201 3265 3325 3322 aliis
3366 3266 3495 3323 bona
3520 3266 3639 3322 bene
3664 3280 3736 3319 sa-
3804 3268 3805 3301 ι

2196 3356 2425 3427 piamus.
2480 3353 2583 3423 Qui
2634 3356 2779 3410 enim
2833 3356 3095 3412 talentum
3145 3358 3427 3429 sapientia:
3475 3358 3739 3423 abscondit,

2190 3448 2345 3519 juxta
2394 3447 2776 3518 Evangelicam
2826 3449 3144 3520 parabolam
3206 3453 3512 3521 reprobatur
3555 3449 3741 3523 (blatis.
3804 3456 3805 3511 ι

2196 3548 2347 3610 xxv).
2388 3539 2543 3597 Unde
2572 3550 2625 3596 et
2659 3540 2921 3611 scriptum
2967 3552 3072 3597 est.
3114 3538 3200 3595 Nc
3230 3543 3445 3597 retineas
3484 3543 3674 3597 verbum
3701 3542 3743 3592 is

2197 3641 2427 3702 tempore
2450 3632 2634 3687 salutis
2665 3628 2981 3706 (Eccli.|tv).
3012 3632 3079 3687 Et
3104 3633 3303 3688 iterum
3338 3652 3351 3687 :
3386 3632 3481 3700 Qui
3510 3632 3745 3686 abscead-‘t
3804 3628 3805 3691 γ

2195 3724 2483 3793 frumenta,
2516 3724 2861 3779 maledicetur
2900 3726 2958 3779 in
3002 3725 3212 3795 papillis
3238 3723 3420 3799 (Prov.
3446 3725 3540 3797 ιι).
3567 3725 3748 3793 itaque,

2194 3816 2412 3881 fratres,
2446 3815 2540 3886 qui
2577 3814 2717 3870 bene
2765 3814 2928 3886 sapit,
2959 3816 3083 3872 aliis
3123 3817 3263 3872 bene
3304 3817 3503 3888 sapiat;
3547 3817 3631 3886 qui
3664 3815 3748 3870 scit
3804 3822 3805 3869 ξ

2195 3908 2488 3980 corrigere,
2525 3918 2801 3964 errantem
2835 3910 3107 3982 corrigat;
3147 3910 3242 3981 qui
3275 3913 3379 3968 scit
3412 3913 3537 3968 bene
3571 3928 3753 3967 conss-
3804 3952 3805 3955 η

2192 3996 2326 4067 lere,
2359 3999 2669 4057 inconsulto
2699 4001 2967 4058 consulat.
3023 4001 3160 4058 Nam
3201 4005 3246 4060 si
3276 4005 3425 4061 vides
3452 4014 3684 4060 errantes
3711 4013 3753 4057 et
3804 3996 3805 4059 Ῐ

2197 4103 2364 4160 taces,
2390 4101 2470 4149 tot
2489 4094 2793 4151 animarum
2827 4113 2952 4153 reus
2978 4113 3057 4162 es,
3082 4107 3223 4168 quot
3265 4099 3477 4169 potuisti
3500 4099 3561 4153 ab
3582 4112 3759 4153 errore

2193 4182 2448 4239 liberare.
2479 4184 2547 4240 Et
2571 4185 2639 4241 ad
2663 4186 2791 4257 quid
2805 4197 2889 4244 est
2912 4188 3071 4245 nobis
3094 4190 3229 4245 utile
3250 4205 3440 4261 sapere
3480 4190 3758 4245 secundum
3804 4178 3805 4273 χ

2191 4273 2377 4332 Jesum
2430 4274 2729 4346 Christum,
2762 4279 2996 4351 idipsum
3029 4280 3085 4337 in
3117 4281 3469 4337 alterutrum?
3498 4280 3557 4337 Ut
3586 4280 3767 4334 semei»
3804 4306 3805 4347 ῃ

2192 4385 2324 4437 mes,
2365 4368 2562 4441 inquit,
2607 4388 2713 4426 uno
2772 4388 2860 4427 ore
2890 4372 3249 4444 lionoriﬁcetis
3279 4371 3466 4439 Deum,
3489 4384 3533 4428 et
3555 4369 3763 4425 Ραιῐεξι
3804 4368 3805 4459 ξ

2193 4461 2406 4517 Domini
2428 4463 2592 4518 nostri
2622 4462 2751 4519 Jesu
2782 4463 2998 4518 Christi.
3032 4462 3187 4521 Sicut
3211 4465 3429 4531 l'ratnes,
3454 4481 3549 4520 non
3576 4465 3765 4520 sufﬁcit
3804 4508 3805 4545 Υ

2188 4555 2344 4612 nobis
2366 4572 2472 4611 uno
2500 4572 2593 4612 ore
2613 4556 2860 4613 conﬁteri
2878 4554 3070 4624 Deum,
3104 4559 3208 4615 nisi
3239 4560 3765 4631 conﬁtemur-ipsum
3804 4574 3805 4625 ξ

2156 4648 2243 4703 et
2289 4666 2396 4707 uno
2442 4650 2626 4716 corde,
2671 4651 2746 4706 ita
2797 4667 2903 4708 non
2937 4651 3159 4708 suﬁicit.
3191 4668 3302 4707 uno
3331 4654 3488 4710 corde
3525 4654 3770 4709 conﬁteri
3804 4664 3805 4671 ‘

2188 4754 2336 4806 eum,
2391 4739 2496 4796 nisi
2540 4740 2901 4798 conﬁteamur
2942 4740 3119 4814 ipsum
3156 4755 3212 4802 et
3247 4764 3356 4803 uno
3392 4762 3499 4812 ore,
3539 4746 3771 4800 maxime
3804 4750 3805 4755 ‘

2191 4835 2410 4905 quando
2444 4835 2578 4891 ﬁdes
2601 4835 2965 4906 periclitatur.
3006 4836 3063 4892 Si
3087 4839 3240 4894 enim
3272 4839 3386 4896 sola
3426 4840 3529 4896 oris
3566 4840 3775 4895 confes-

2190 4926 2275 4982 sio
2301 4925 2590 4993 suﬁiceret,
2622 4944 2730 4985 non
2759 4929 2965 4986 diceret
2992 4931 3257 4988 Dominus
3303 4949 3401 5003 per
3423 4932 3773 5003 prophetas:
3804 4938 3805 5003 ξ

2191 5014 2434 5091 Populus
2459 5020 2541 5074 hic
2565 5020 2718 5077 labiis
2751 5039 2832 5077 me
2855 5023 3208 5090 Itonorat,cor
3233 5037 3410 5081 autent
3426 5043 3613 5081 eorum
3646 5026 3776 5097 ιοεῇε
3804 5036 3805 5097 ξ

2188 5124 2266 5167 est
2292 5132 2322 5168 a
2346 5133 2425 5171 me
2456 5114 2592 5187 (Isa.
2620 5116 2713 5184 29;
2739 5114 2890 5172 Marc
2912 5118 3053 5189 .vn).
3082 5119 3141 5175 Si
3163 5137 3355 5177 rursus
3379 5121 3485 5177 sola
3504 5122 3776 5178 confess-.3
3804 5114 3805 5189 ξ

2192 5205 2376 5260 cordis
2426 5204 2717 5274 suﬁiceret,
2746 5209 2865 5264 sine
2900 5211 3012 5265 oris
3045 5210 3391 5268 confessione
3432 5227 3541 5267 non
3584 5214 3775 5269 diceret

2188 5297 2452 5353 Dominus
2483 5315 2497 5352 :
2528 5295 2633 5365 Qui
2661 5315 2741 5356 me
2760 5301 3045 5367 erubuerit,
3076 5314 3124 5358 et
3146 5320 3291 5361 meos
3319 5322 3618 5373 semotus,
3658 5310 3773 5361 ess

2185 5386 2365 5445 Filius
2392 5391 2618 5447 hominis
2637 5394 2919 5463 erubescet,
2943 5414 3060 5450 cum
3089 5402 3285 5454 venerit
3312 5402 3368 5456 in
3393 5400 3681 5470 majestate
3700 5421 3774 5458 sne

2188 5478 2341 5555 (Luc.
2372 5485 2475 5555 Ix).
2502 5482 2636 5542 Tam
2673 5487 2838 5559 igitur
2865 5489 2979 5544 oris
3019 5505 3187 5560 quam
3224 5495 3430 5549 mentis
3468 5502 3773 5552 necessari

2186 5587 2270 5633 est
2290 5577 2581 5636 confessio.
2619 5580 2770 5637 Sicut
2799 5582 3092 5654 Apostolus
3122 5583 3254 5641 alibi
3283 5585 3414 5642 dicit
3442 5584 3676 5645 :Corde
3694 5608 3775 5645 cre-

2184 5674 2334 5729 ditur
2356 5675 2424 5730 ad
2432 5668 2723 5747 justitiam,
2742 5693 2832 5732 ore
2852 5686 3027 5736 autem
3064 5678 3331 5749 confessio
3366 5681 3541 5753 ﬁtad‘,
3567 5689 3773 5739 salutes:

2182 5766 2459 5841 (Rom-rt).
2476 5769 2615 5838 Quia
2626 5784 2756 5827 vero
2772 5769 3051 5829 confessio
3075 5773 3273 5847 cordis
3288 5783 3347 5832 et
3366 5775 3475 5832 oris
3490 5776 3635 5836 sine
3662 5754 3773 5837 tua}
