3820 6312
542 328 681 385 {679

1592 317 1943 376 ADDENDA.
1973 348 2046 362 —
2085 315 2438 375 RADULPHI
2475 314 2827 412 ARDDNTIS
3603 328 3689 388 (ego

540 451 695 521 quasi
740 466 961 517 murus;
1009 449 1245 507 secunda
1283 462 1413 504 vero
1459 453 1666 501 tantum
1717 442 2045 508 descendet,
2074 442 2133 494 ut
2158 439 2208 496 Δ
2243 453 2265 489 ι
2304 436 2552 493 Tollatur
2575 437 2775 507 impius
2801 449 2871 491 ne
2887 434 3069 491 videat
3092 433 3318 505 gloriam
3342 435 3451 491 Dei.
3474 455 3490 489 ι
3517 436 3694 505 Videbunt

537 543 628 599 vix
661 544 833 599 videri
866 545 1052 615 possit.
1089 564 1108 597 ι
1138 543 1364 606 Rursus,
1391 540 1515 610 quia
1542 538 1701 593 bonis
1738 546 1896 591 terra:
1916 551 2014 606 per
2037 549 2131 589 su-

538 634 906 706 perfluitatem
941 636 1325 696 abutebantur,
1359 631 1451 686 fiet
1481 629 1562 685 eis
1582 671 1597 696 ,
1626 630 1766 684 sicut
1803 629 1942 681 idem
1968 640 2132 681 evan-

537 728 731 800 gelista
781 732 1033 799 superius
1063 729 1226 793 dicit,
1261 737 1419 781 terrae
1448 732 1627 778 motus
1668 730 1724 779 et
1762 720 1955 776 fames.
1992 719 2129 787 Quia

537 820 683 876 aeris
706 821 1005 876 serenitate
1029 834 1127 889 per
1149 819 1365 872 inanem
1391 815 1802 871 delectationem
1835 812 2130 866 abuteban-

539 925 648 981 tnr,
682 913 816 970 fient
847 912 927 969 eis
957 921 1191 967 terrores
1223 910 1288 964 de
1313 908 1479 972 caelo,
1510 916 1566 963 et
1597 913 1962 977 tempestates.
1992 902 2128 970 Quia

537 1009 716 1065 salute
769 1019 1095 1077 corporum,
1165 1001 1360 1056 vitiose
1411 1000 1677 1066 vivendo,
1744 996 2125 1061 abutebantur,

536 1101 670 1157 ﬁent
697 1100 778 1156 eis
794 1096 1135 1170 pestilentiae,
1162 1095 1214 1149 id
1234 1103 1318 1149 est
1343 1093 1733 1163 inaequalitates
1757 1100 1812 1145 ct
1838 1104 2126 1161 corporum

535 1192 839 1263 passiones.
867 1189 1040 1245 Porro
1081 1189 1308 1244 istorum
1354 1187 1638 1256 signorum
1687 1183 1973 1255 quaedam,
2012 1182 2128 1237 fra-

535 1295 650 1342 tres
669 1326 684 1349 ,
713 1284 826 1354 jam
857 1283 1133 1339 cernimus
1163 1300 1177 1335 :
1206 1281 1342 1337 Nam
1378 1295 1647 1352 pressurae
1677 1278 1919 1349 gentium
1944 1276 2126 1347 quoti-

534 1379 624 1435 die
654 1378 821 1439 fiunt.
855 1385 1015 1432 terra:
1051 1384 1232 1431 motus
1277 1374 1332 1429 in
1385 1373 1660 1443 plerisque
1690 1370 1824 1427 locis
1853 1369 2017 1425 urbes
2047 1369 2127 1424 di.

533 1480 728 1535 ruunt,
765 1478 1115 1539 tempestates
1144 1483 1247 1522 nos
1278 1465 1522 1537 quotidie
1558 1465 1845 1529 territant,
1872 1463 2126 1533 pestilen-

534 1562 624 1617 tiae
654 1560 817 1616 urbes
838 1559 1158 1616 hominibus
1183 1564 1471 1612 evacuant.
1509 1555 1577 1611 Et
1622 1555 1863 1626 impletio
1894 1554 2121 1609 istorum

530 1662 711 1707 certos
757 1666 857 1706 nos
911 1646 1038 1705 facit
1080 1649 1148 1704 de
1178 1648 1491 1718 impletione
1546 1658 1890 1703 caeterorum.
1945 1645 2121 1709 Ecce,

528 1745 766 1808 fratres,
814 1751 893 1798 tot
923 1740 1110 1797 mundi
1153 1740 1352 1802 ruinae,
1402 1738 1514 1810 jam
1562 1739 1725 1793 finem
1760 1738 1906 1793 illius
1934 1737 2123 1792 adesse

530 1834 876 1890 denuntiant.
901 1826 1085 1900 Quare
1107 1844 1238 1903 ergo
1261 1829 1412 1885 illum
1449 1827 1764 1901 diligimus?
1793 1826 1973 1896 Quare
1997 1842 2122 1883 cum

527 1928 762 1986 cadente
798 1926 1044 1983 cadimus
1062 1966 1077 1992 ,
1108 1933 1310 1981 etcum
1337 1931 1597 1994 pereunte
1626 1921 1910 1992 perimus?
1936 1919 1995 1976 Si
2026 1921 2123 1978 do-

529 2036 655 2077 mus
683 2027 870 2075 nostra
898 2016 1113 2073 ruinam
1147 2016 1408 2075 minatur.
1441 2012 1680 2083 fugimus
1704 2053 1719 2078 ,
1747 2021 1802 2067 et
1832 2027 1951 2083 qua:
1994 2027 2122 2082 pos-

527 2127 720 2170 sumus
749 2111 817 2167 de
847 2109 1050 2166 nostris
1076 2107 1372 2164 salvamus.
1405 2105 1548 2161 Ecce
1577 2104 1810 2159 mundus
1856 2102 2031 2170 cadit,
2064 2112 2124 2158 ut

525 2202 659 2275 quid
684 2216 814 2273 ergo
841 2216 966 2256 cum
994 2197 1266 2256 desiderio
1289 2212 1396 2253 non
1426 2194 1824 2268 relinquimus?
1855 2194 1922 2252 Ut
1948 2195 2078 2266 quid
2099 2235 2116 2260 .

524 2313 649 2370 quae
680 2311 1005 2370 possumus,
1050 2295 1117 2351 de
1165 2291 1284 2366 ejus
1325 2290 1612 2361 naufragio
1656 2306 1766 2346 non
1814 2288 2122 2344 salvamus?

486 2452 494 2459 ,
523 2391 816 2448 Salvemus
839 2404 1002 2460 ergo,
1030 2386 1229 2444 fratres
1246 2426 1261 2453 ,
1291 2383 1565 2441 salvemus
1592 2382 1722 2438 dum
1748 2381 1910 2448 licet,
1942 2397 2041 2437 nos
2064 2391 2120 2437 et

522 2494 732 2541 nostra.
755 2481 867 2538 Nos
890 2481 1161 2538 desiderio
1187 2480 1253 2535 ad
1275 2476 1516 2534 caelestia
1538 2484 1901 2542 transeamus,
1930 2484 2120 2530 nostra

520 2590 622 2647 per
650 2589 842 2631 manus
869 2573 1090 2644 inopum
1119 2581 1177 2628 et
1206 2567 1532 2627 aﬂlictorum
1553 2612 1568 2637 ,
1595 2569 1665 2623 ad
1696 2567 1950 2624 coalestes
2000 2566 2119 2622 the-

522 2682 722 2725 sauros
753 2664 1169 2723 transferamus.
1204 2664 1463 2735 Sequitur
1495 2678 1511 2717 :
1542 2660 1910 2717 Arescentibus
1947 2660 2119 2715 Itami-

522 2760 677 2815 nibus
702 2776 814 2833 pra:
855 2760 1041 2814 timore
1078 2768 1126 2813 et
1167 2756 1553 2829 exspectatione
1597 2771 1716 2828 qua
1756 2754 2117 2826 supervenient

521 2853 770 2907 universo
794 2851 928 2906 orbi.
975 2849 1243 2905 Arescent
1290 2848 1514 2919 quidam
1566 2847 1728 2919 mali}.
1764 2856 1820 2903 et
1852 2846 2119 2902 timebunt

521 2943 761 3002 instante
780 2943 895 3012 jam
920 2941 1156 3012 judicio,
1195 2942 1289 2999 sed
1334 2941 1541 3009 fustra,
1572 2957 1696 2996 cum
1728 2954 1838 2995 non
1862 2947 2118 3010 poterunt

520 3036 823 3094 emendari.
877 3035 986 3093 Nos
1037 3050 1203 3106 ergo,
1245 3033 1481 3098 fratres,
1530 3032 1656 3087 dum
1721 3032 1997 3087 emendari
2059 3041 2118 3088 et

2234 540 2415 586 autem
2453 532 2765 587 venientem
2802 531 2855 585 in
2901 530 3170 595 nubibus,
3218 530 3357 585 sicut
3400 534 3589 590 ascendit
3614 554 3693 596 cum

2235 624 2470 680 nubibus
2515 623 2564 680 ei
2610 622 3074 689 ministrantibus,
3119 623 3240 690 ejus
3265 622 3476 693 gloriam
3498 628 3549 681 ab
3579 627 3696 701 impii:

2232 718 2654 775 occultantibus.
2703 716 2838 773 Cum
2880 725 3153 788 potestate
3191 731 3384 788 magna
3415 718 3579 783 veniet,
3616 733 3696 780 ante

2234 828 2393 883 quem
2427 826 2617 866 omnes
2640 817 2933 880 potestates
2954 852 2969 873 .
3001 809 3311 865 caelestium
3328 849 3344 873 ,
3391 813 3700 870 terrestrinmet

2232 904 2571 961 infernorum
2620 902 3074 959 contremiscent.
3126 901 3265 957 Cum
3310 909 3544 970 potesmte
3573 919 3699 974 magna

2229 1002 2442 1067 veniet,
2476 998 2570 1070 qui
2606 1012 2705 1053 suo
2732 998 2962 1052 adventu
2996 996 3183 1052 omnia
3212 996 3471 1051 concutiet
3493 996 3702 1063 elementa,

2231 1095 2325 1165 qui
2353 1091 2551 1149 coelum
2600 1099 2654 1145 et
2701 1100 2902 1144 terram
2952 1087 3359 1155 concremabit,
3397 1097 3448 1143 et
3468 1104 3577 1143 nova
3600 1090 3704 1145 faciet

2231 1188 2449 1250 omnia,
2495 1183 2587 1254 qui
2636 1184 2999 1239 conscientias
3024 1182 3310 1238 hominum
3358 1181 3705 1252 propalabit,qui

2230 1284 2349 1341 solo
2392 1290 2525 1337 nutu
2557 1280 2760 1335 electos
2794 1279 3155 1349 gloriﬁeahit,
3196 1286 3252 1332 et
3283 1274 3521 1345 reprobos
3542 1276 3582 1329 in
3600 1284 3705 1331 eter-

2229 1390 2360 1431 num
2382 1371 2668 1428 eruciabit.
2682 1368 2816 1425 Cum
2842 1367 3130 1437 majestate
3152 1379 3369 1437 quoque
3391 1380 3555 1433 magna
3573 1366 3708 1429 veniet,

2228 1469 2297 1523 ad
2324 1466 2478 1535 cujus
2508 1465 2737 1538 gloriam
2768 1463 2849 1520 sol
2875 1458 3287 1525 obscurabitur,
3331 1453 3594 1511 abscondita
3612 1465 3710 1510 tene-

2226 1562 2448 1616 brarum
2476 1558 2946 1621 illuminabuntur,
2974 1564 3169 1606 omnes
3188 1546 3351 1604 electi
3373 1544 3710 1607 illustrabuutvr,

2226 1661 2282 1709 et
2308 1655 2360 1708 in
2391 1654 2507 1720 ejus
2533 1664 2721 1707 amore
2748 1646 3260 1705 inﬂammabuntur.
3293 1638 3431 1704 Hoc,
3452 1637 3711 1704 fratres,lnc

2226 1745 2471 1816 quotidie
2517 1743 2854 1812 cogitemus,
2896 1739 3002 1794 hoc
3050 1746 3379 1806 pensemus,
3409 1728 3714 1785 manifestemns

2229 1839 2319 1894 hic
2345 1838 2717 1893 immunditias
2739 1830 3205 1891 conscientiarum
3227 1835 3519 1881 nostrarum
3542 1840 3617 1894 per
3630 1838 3715 1878 cott-

2227 1932 2521 1988 fessionem
2547 1931 2613 1985 ad
2644 1929 2858 1984 veniam
2878 1968 2894 1994 ,
2925 1940 2997 1980 ne
3022 1920 3101 1978 ibi
3129 1936 3160 1976 a
3191 1917 3424 1976 Domino
3463 1914 3717 1972 manifestu-

2226 2036 2318 2083 tur
2344 2028 2410 2082 ad
2439 2023 2813 2081 confusionem
2858 2028 2915 2076 et
2942 2030 3189 2089 poenam.
3217 2012 3321 2067 llic
3354 2026 3454 2066 nos
3475 2008 3715 2078 iudicemus,

2225 2134 2294 2174 ne
2317 2117 2392 2173 ibi
2417 2116 2745 2188 iudicemur.
2778 2111 2882 2168 Hic
2907 2122 3008 2165 nos
3056 2116 3382 2163 accusemus
3400 2141 3417 2169 ,
3445 2115 3508 2157 ne
3531 2098 3593 2155 ibi
3609 2112 3717 2155 aett-

2224 2225 2377 2267 semu
2385 2227 2431 2265 1⁸.

2296 2302 2559 2374 Sequitur
2600 2315 2729 2373 pars
2780 2296 2936 2355 tertia
2960 2335 2979 2363 ,
3023 2295 3079 2350 in
3122 2305 3232 2364 qua
3281 2286 3508 2345 ostendit
3542 2283 3723 2341 Dominus

2224 2397 2356 2468 quid
2387 2395 2512 2452 boni
2541 2403 2671 2450 tunc
2695 2391 2886 2448 electis
2913 2387 3238 2461 proveniet,
3260 2385 3447 2440 dicens
3472 2395 3487 2434 :
3511 2379 3594 2435 His
3609 2390 3722 2433 asta

2218 2490 2341 2561 ﬁeri
2371 2487 2743 2560 incipientibus
2762 2526 2779 2553 ,
2801 2485 2967 2540 levate
2990 2483 3169 2553 capita
3214 2488 3415 2541 vestra,
3438 2484 3484 2530 et
3504 2473 3723 2543 minitanti

2220 2582 2384 2634 corda
2414 2590 2585 2635 vestra
2616 2576 2715 2649 (9.).
2745 2576 2925 2644 Quare
2943 2574 2970 2628 τ
2996 2574 3122 2645 quia
3152 2567 3568 2642 appropinquavit
3590 2565 3726 2618 redeu-

2218 2672 2328 2741 ptio
2359 2678 2553 2726 vestra.
2584 2669 2664 2724 Ac
2690 2670 2735 2724 si
2762 2667 2910 2723 dicat
2936 2683 2953 2721 :
2983 2665 3119 2723 Cum
3142 2664 3263 2719 haec
3287 2661 3528 2717 videritis
3548 2658 3724 2729 gaudete,

2218 2764 2349 2835 quia
2375 2778 2497 2819 cum
2521 2762 2706 2817 finitur
2729 2761 2963 2817 mundus
2985 2758 3095 2829 (cui
3113 2756 3278 2812 amici
3306 2770 3413 2810 non
3446 2754 3599 2821 estis),
3615 2765 3728 2821 prope

2219 2865 2306 2912 est
2329 2856 2478 2912 salus
2506 2864 2744 2921 aeterna,
2783 2868 2949 2923 quam
2976 2848 3399 2906 desiderabatis.
3444 2845 3650 2899 Redimet
3665 2856 3727 2895 aa-

2218 2958 2329 3005 tem
2356 2958 2487 3005 tunc
2544 2963 2679 3013 nos,
2710 2947 2945 3013 fratres,
2992 2944 3333 3015 Redemptor
3376 2939 3733 2998 nosteratribnt
3790 2964 3791 3019 ς

2218 3042 2456 3099 miseriis
2478 3082 2493 3109 ,
2519 3052 2628 3097 tam
2664 3042 2715 3097 in
2748 3041 2935 3097 anima
2983 3055 3147 3110 quam
3181 3039 3237 3093 in
3282 3051 3542 3107 corpore,
3567 3033 3732 3087 abindi-
3790 3030 3791 3057 ‘

523 3130 813 3188 cmundari
841 3145 1160 3200 possumus,
1195 3127 1263 3182 ab
1310 3141 1495 3182 amore
1533 3125 1718 3180 mundi
1767 3140 2109 3191 arescamus.
2141 3154 2183 3212 ο
2217 3136 2436 3204 gentia.
2467 3136 2537 3191 ab
2560 3133 2884 3199 aﬂlictione,
2931 3148 2961 3187 a
3008 3138 3209 3187 morte.
3264 3126 3735 3197 Redimetsiqnidem

520 3224 705 3281 futura
739 3224 1057 3290 timeamus,
1100 3229 1155 3277 et
1206 3220 1458 3274 timentes
1488 3232 1801 3273 caveamus.
1831 3215 1974 3272 Nam
2004 3219 2111 3273 vir-

518 3329 685 3388 tutes,
742 3317 955 3390 inquit,
1009 3318 1258 3373 caelorum
1322 3318 1686 3373 movebuntur.
1736 3317 1942 3384 Quare?
1989 3315 2109 3372 Non

484 3473 491 3483 ι
519 3413 647 3484 quia
678 3414 744 3467 de
772 3427 831 3467 se
855 3412 1107 3477 timeant,
1131 3411 1225 3466 sed
1249 3411 1375 3480 quia
1409 3411 1477 3466 de
1506 3411 1795 3466 severitate
1815 3411 2113 3481 judicantis

490 3496 956 3576 'perltorrescent.
988 3502 1241 3567 Fratres,
1282 3504 1326 3557 si
1355 3503 1529 3573 angeli
1563 3504 1866 3570 timebunt,
1900 3505 1946 3559 si
1976 3520 2112 3560 con»

487 3590 870 3661 'tremiscent,
902 3601 962 3647 ut
1008 3591 1084 3646 ait
1117 3590 1251 3658 Job,
1282 3591 1549 3648 columna:
1577 3593 1699 3649 coeli
1746 3592 1891 3665 (Job.
1920 3596 2071 3665 xxv1)
2092 3635 2109 3662 ,

520 3684 652 3759 quid
697 3685 900 3742 facient
948 3685 1303 3756 peccatores?
1346 3683 1407 3741 Si
1454 3701 1614 3751 vero,
1663 3686 1741 3742 ait
1772 3686 1994 3754 Petrus,
2024 3688 2112 3742 via:

513 3780 688 3854 justus
729 3776 1036 3844 salvabitur,
1084 3776 1277 3848 impius
1318 3784 1367 3831 ct
1395 3786 1636 3848 peccator
1675 3778 1765 3832 ubi
1817 3778 2111 3849 parebunt!

515 3871 571 3945 (1
602 3870 749 3928 Petr.
779 3871 880 3942 tv.)

588 3962 850 4035 Sequitur
873 3979 1002 4035 pars
1031 3963 1303 4029 secunda,
1348 3964 1403 4017 in
1435 3978 1540 4033 qua
1570 3963 1809 4019 ostendit
1847 3963 2110 4021 Dominus

516 4059 791 4131 quomodo
826 4060 893 4113 ad
917 4056 1182 4127 judicium
1213 4066 1476 4113 venturus
1502 4067 1587 4114 est
1606 4098 1621 4123 ,
1652 4059 1858 4114 dicens.
1887 4058 1956 4112 Et
1985 4069 2108 4113 tunc

514 4149 761 4206 videbunt
790 4146 837 4200 F
844 4146 994 4202 ilium
1023 4148 1246 4203 hominis
1292 4147 1579 4203 venientem
1614 4148 1669 4202 in
1700 4151 1922 4205 nubibus
1951 4150 2066 4205 coeli
2088 4192 2104 4218 ,

494 4240 634 4297 'sum
660 4247 915 4310 potestate
948 4255 1140 4310 magna
1180 4249 1228 4293 et
1255 4240 1554 4311 majestate.
1584 4240 1652 4295 Et
1695 4243 1786 4312 qui
1817 4244 2108 4299 videbunt?

498 4333 748 4399 'Dtnnes,
800 4342 909 4389 tam
951 4332 1078 4388 boni
1110 4348 1274 4402 quam
1319 4333 1481 4399 ntali,
1533 4335 1674 4389 unde
1725 4345 1780 4390 et
1822 4335 2103 4392 Joannes:

518 4424 652 4485 Ecce
678 4427 815 4483 venit
848 4444 966 4481 cum
996 4426 1218 4481 nubibus
1263 4426 1377 4480 mli
1401 4464 1416 4492 ,
1452 4436 1499 4479 et
1540 4426 1730 4480 videbit
1773 4444 1892 4481 eum
1936 4428 2104 4483 onmis

2216 3226 2479 3282 Dominus
2513 3224 2754 3280 animam
2802 3234 3049 3279 nostram
3078 3224 3150 3277 ab
3199 3221 3498 3291 indigentia
3529 3217 3736 3288 sapientia:
3790 3242 3791 3281 ἦ

2214 3328 2273 3375 et
2300 3319 2521 3374 virtutis
2538 3358 2555 3383 ,
2581 3317 2717 3372 dans
2739 3317 2790 3372 ei
2818 3315 2986 3371 totius
3012 3312 3295 3385 sapientia:
3322 3321 3377 3367 et
3400 3310 3606 3365 virtutis
3622 3309 3741 3361 aliane
3790 3328 3791 3385 γ

2215 3413 2481 3469 dantiam.
2504 3411 2759 3468 Redimet
2785 3426 3002 3482 quoque
3025 3426 3149 3466 eam
3176 3412 3249 3465 ab
3286 3407 3572 3463 amictione
3593 3405 3739 3478 pagis

2215 3520 2375 3572 num,
2408 3505 2620 3560 timoris
2645 3504 2855 3561 scilicet
2893 3511 2949 3559 ct
2984 3503 3247 3565 tristitiae,
3294 3502 3536 3567 invidiae,
3563 3511 3609 3556 et
3632 3508 3743 3554 catt-
3790 3564 3791 3569 η

2213 3613 2432 3662 rarum,
2461 3599 2598 3654 dans
2635 3598 2690 3653 ei
2733 3596 3106 3653 omnimodam
3136 3596 3490 3650 securitatem
3514 3632 3531 3658 ,
3552 3590 3741 3663 jucundi-
3790 3590 3791 3663 ξ

2214 3700 2379 3747 tatem
2411 3698 2467 3745 et
2496 3705 2760 3746 amorem.
2792 3690 3047 3745 Iledimet
3073 3688 3242 3742 etiam
3270 3702 3390 3742 eam
3421 3704 3454 3741 a
3492 3695 3746 3741 mortem-
3790 3742 3791 3757 ἢ

2211 3782 2389 3838 larum
2433 3782 2825 3853 cogitationum
2854 3789 2911 3836 et
2943 3788 3331 3850 peccatorum,
3360 3777 3503 3834 dans
3540 3778 3587 3832 ei
3621 3774 3745 3830 omni-
3790 3814 3791 3833 η

2211 3875 2430 3931 modam
2482 3874 2803 3929 munditiam
2851 3881 2908 3929 et
2956 3873 3274 3944 puritatem.
3332 3870 3547 3941 Corpus
3589 3880 3751 3938 quoque

2212 3967 2445 4021 redimet
2486 3967 2554 4023 ab
2604 3964 2910 4037 indigentia
2966 3965 3256 4031 ciborum,
3323 3965 3746 4021 vestimentorum,
3790 3980 3791 4027 ι

2209 4066 2638 4127 caeterorumque
2688 4056 3101 4127 temporalium,
3144 4058 3282 4112 dans
3343 4056 3395 4112 ei
3441 4055 3754 4112 omnimodam

2210 4149 2610 4207 sufﬁcientiam.
2685 4149 2936 4206 Redimet
2984 4151 3150 4206 etiam
3217 4151 3350 4206 illud
3398 4152 3470 4206 ab
3518 4148 3752 4203 aﬂlictione

2209 4244 2551 4309 morborum,
2609 4243 2908 4299 senectutis
2956 4251 3013 4299 et
3055 4244 3382 4314 gravitatis,
3424 4243 3561 4298 dans
3605 4242 3754 4295 ciou-
3790 4296 3791 4305 χ

2210 4328 2463 4390 uifariam
2487 4335 2956 4407 incorruptionem
2975 4345 3033 4391 et
3052 4336 3375 4406 agilitatem.
3402 4336 3646 4393 Redimet
3661 4349 3754 4404 quo-

2208 4438 2313 4495 que
2336 4425 2467 4481 illud
2493 4442 2536 4492 a,
2550 4435 2742 4492 morte,
2767 4428 2905 4482 dans
2931 4427 2981 4483 ei
3006 4442 3193 4483 veram
3235 4428 3706 4483 innuortalitatem.
3727 4422 3756 4478 0
3790 4418 3791 4451 ῖ

513 4520 698 4578 oculus
727 4521 914 4594 (Apoc.
955 4520 1018 4594 ι).
1053 4517 1170 4575 Non
1193 4522 1338 4575 enim
1354 4520 1548 4583 veniet
1569 4520 1834 4586 occultus,
1859 4519 2102 4588 humilis,
2137 4520 2183 4576 D
2206 4516 2409 4575 fratres
2454 4520 2602 4585 mei,
2636 4528 2862 4590 pensate
2899 4534 3065 4592 quam
3108 4520 3464 4578 ineﬂ‘abiliter
3496 4521 3755 4594 gaudebant

510 4613 699 4681 mitis,
730 4621 792 4668 ut
818 4613 1031 4684 primo,
1081 4609 1176 4668 sed
1205 4612 1386 4682 potius
1418 4622 1639 4681 apertus
1659 4654 1673 4677 ,
1699 4612 1839 4666 altus
1863 4620 1920 4667 et
1947 4615 2106 4670 terri-

508 4707 671 4772 bilis,
722 4714 782 4762 ut
823 4707 938 4776 ipse
982 4705 1049 4761 de
1081 4720 1142 4759 se
1175 4713 1439 4771 testatur;
1489 4702 1637 4759 Sicut
1683 4704 1866 4776 fulgur
1898 4707 2007 4762 exit
2037 4708 2102 4763 ab

508 4797 709 4854 oriente
726 4836 740 4860 ,
770 4805 818 4850 et
843 4802 993 4866 paret
1015 4809 1178 4864 usque
1205 4794 1612 4862 inéoccidentem
1633 4833 1648 4858 ,
1684 4795 1759 4848 sic
1791 4796 1887 4850 erit
1908 4798 2104 4853 adven-

507 4896 594 4943 tus
638 4886 773 4941 Filii
814 4886 1043 4942 hominis
1085 4883 1306 4957 (Matth.
1362 4884 1536 4956 xxw).
1583 4884 1755 4952 Quem
1805 4888 2102 4945 videbunt?

506 4981 709 5038 Filium
735 4978 991 5036 hominis.
1008 4975 1167 5032 Solus
1190 4975 1336 5032 enim
1364 4975 1535 5032 Filius
1556 4988 1685 5034 tunc
1710 4982 1991 5052 apparebit
2007 4982 2099 5050 ju-

507 5077 788 5131 dicaturus
816 5112 834 5138 ,
878 5070 972 5141 qui
1020 5070 1197 5140 primo
1248 5069 1347 5127 fuit
1376 5069 1894 5141 injustejudicatus,
1941 5067 2125 5144 juxta'

507 5165 643 5223 illud
677 5181 693 5219 :
729 5161 993 5219 Videbunt
1016 5161 1074 5215 in
1095 5177 1247 5233 quem
1265 5174 1594 5234 pupugerunt
1622 5164 1807 5236 (Apoc.
1838 5168 1900 5238 ι),
1924 5166 2096 5223 Judazi

508 5258 721 5316 scilicet
736 5265 792 5313 et
811 5255 1064 5327 gentiles,
1084 5255 1179 5311 sed
1204 5254 1367 5311 etiam
1390 5264 1446 5311 et
1466 5255 1587 5311 falsi
1608 5255 1905 5313 Christiani
1929 5258 2096 5331 (quod

505 5351 625 5406 sine
655 5350 859 5418 gemitu
889 5347 1072 5405 dicere
1098 5345 1329 5421 nequeo)
1373 5348 1635 5405 videbunt
1657 5365 1815 5420 quem
1848 5359 2096 5406 contem-

508 5451 766 5517 pserunt,
798 5456 960 5513 quem
991 5441 1430 5513 abnegaverunt,
1465 5457 1627 5512 quem
1653 5441 2010 5511 juraverunt,
2040 5456 2097 5501 et

507 5534 889 5607 pejeraverunt
909 5575 926 5601 ,
952 5544 1007 5590 et
1038 5550 1200 5606 quem
1232 5535 1715 5592 dedecoraverunt.
1745 5534 1930 5593 Gloria
1962 5552 2093 5596 vero

503 5629 808 5689 divinitatis
830 5644 938 5685 non
963 5628 1222 5685 videbunt
1252 5629 1497 5700 reprobi,
1527 5629 1653 5699 quia
1681 5632 1942 5702 scriptum
1968 5642 2089 5701 est;

571 5795 648 5876 (2)
687 5794 848 5870 Vulg.
879 5808 987 5853 non
1013 5793 1175 5851 habet
1202 5792 1494 5849 exhilarate
1519 5799 1678 5850 corda
1702 5806 1885 5857 vestra.

2208 4611 2406 4680 electi,
2434 4613 2652 4684 quando
2683 4616 2866 4671 veniet
2891 4630 3018 4686 spes
3044 4630 3141 4671 sua
3161 4657 3175 4681 ,
3231 4617 3569 4673 desiderium
3611 4631 3754 4676 suam.
3790 4611 3791 4686 ᾖ

2205 4702 2349 4760 Deus
2370 4712 2426 4760 et
2448 4705 2710 4761 Dominus
2734 4721 2888 4771 suus,
2908 4707 3126 4775 quando
3154 4707 3453 4763 transferet
3478 4723 3579 4763 eos
3607 4722 3635 4760 a
3658 4704 3754 4756 reﬂ:
3790 4704 3791 4775 ξ

2204 4794 2572 4869 lacrymarum
2602 4800 2671 4855 ad
2709 4798 3050 4854 altitudinem
3093 4800 3457 4870 gaudiorum,
3515 4799 3586 4855 ab
3612 4794 3757 4854 enim

2198 4889 2271 4945 ad
2296 4892 2562 4960 patriam,
2595 4908 2625 4947 a
2657 4893 2878 4949 miseria
2909 4893 2979 4947 ad
3024 4893 3436 4949 beatitudinem.
3790 4884 3791 4960 ἢ

2275 4982 2539 5055 Sequitur
2567 5002 2696 5057 pars
2742 4996 2972 5058 quarta,
3010 4987 3063 5042 in
3110 5004 3219 5057 qua
3254 4989 3525 5046 Dominus
3549 4988 3757 5061 explanat

2199 5076 2344 5131 dicta
2381 5092 2480 5148 per
2513 5078 2943 5136 similitudinem.
3002 5076 3216 5146 Videte,
3259 5081 3476 5151 inquit,
3520 5082 3752 5151 ﬁculnea

2200 5177 2248 5220 et
2273 5184 2453 5223 omnes
2478 5169 2713 5225 arbores.
2742 5170 2875 5226 Cum
2898 5169 3197 5241 producunt
3217 5172 3337 5241 jam
3359 5189 3424 5228 ex
3455 5189 3519 5229 se
3546 5174 3754 5243 [nam

2197 5259 2342 5314 scitis
2365 5263 2491 5332 quia
2514 5279 2675 5334 prope
2692 5273 2769 5318 est
2790 5275 2969 5321 testas.
2986 5264 3076 5321 lla
3093 5278 3143 5321 et
3165 5282 3257 5322 vos
3278 5282 3400 5320 cum
3424 5266 3660 5321 videritis
3676 5267 3753 5315 ια

2196 5352 2344 5423 ﬁeri,
2394 5356 2577 5410 scitote
2620 5357 2747 5427 quia
2791 5375 2951 5429 prope
2976 5366 3057 5414 est
3082 5376 3303 5431 regnum
3331 5358 3448 5414 Dei.
3505 5357 3755 5427 Campam

2197 5455 2375 5503 autem
2424 5449 2577 5519 signa
2606 5451 2966 5521 praecedentia
2996 5454 3308 5516 (adventum
3360 5452 3601 5519 Christi,
3634 5451 3751 5505 arh-

2197 5555 2316 5596 rum
2346 5540 2782 5613 fructiﬁcationi;
2811 5547 3170 5604 aeternitatem
3207 5563 3373 5614 vero,
3401 5548 3609 5603 estati.
3637 5542 3753 5601 illis

2195 5624 2344 5701 patet
2392 5633 2522 5705 quia
2565 5634 2777 5694 fructus
2820 5638 3008 5695 mundi
3041 5639 3204 5696 ruina
3230 5650 3339 5696 est.
3382 5639 3467 5695 Ad
3513 5634 3749 5695 hocab
