3820 6312
98 328 207 385 1685

788 320 1097 381 ΗΟΜΙῙᾸΑΞ
1124 321 1193 383 IN
1222 322 1441 383 EPIST.
1476 322 1564 380 ET
1604 325 1609 379 Ι

1733 325 1856 383 NG.
1891 328 2193 386 DOMINIC.
2230 357 2302 372 -—
2339 328 2542 386 PARS.
2573 328 2616 385 1.

3171 332 3326 405 Ιϐὃφ

95 456 232 512 usque
259 438 320 493 ad
361 437 665 509 passionem
688 446 741 494 et
769 439 1102 512 sepulturam
1130 439 1179 495 ei
1203 442 1491 512 diligenter
1519 444 1625 497 ηιξ-ο
1656 448 1703 507 Α
1730 444 1881 515 bent,
1933 461 2033 501 nec
2076 447 2248 519 ipsam
2304 444 2761 507 resurrectionem
2809 446 3048 504 futuram
3093 455 3309 519 putant.

94 537 438 594 nislraveruut.
464 528 604 586 Hine
650 532 919 587 discamus
946 540 998 588 et
1038 549 1158 600 nos,
1201 534 1420 601 fratres,
1457 535 1628 606 magi-

90 628 192 685 stris
210 634 259 680 et
283 624 465 679 amicis
495 626 696 681 nostris
740 626 794 681 in
819 627 967 683 omni
999 627 1338 683 adversitate
1371 638 1626 684 constan-

89 723 192 779 tiam
222 717 472 772 exhibere
505 716 802 774 fidelitatis.
850 718 1003 775 Sicut
1045 719 1191 775 enim
1219 734 1380 791 rogus
1409 735 1621 795 aurum,

85 826 241 869 cursus
258 825 472 879 equum,
519 810 591 864 ita
620 812 924 869 adversitas
950 814 1143 883 probat
1181 815 1435 869 amicum.
1473 811 1625 869 Unde

84 902 309 972 Sapiens:
346 898 470 954 Non
501 902 826 974 agnoscitur,
871 903 1068 974 inquit,
1096 905 1153 959 in
1202 905 1350 959 bonis
1396 905 1622 969 amicus,

79 1005 218 1051 etnon
236 993 571 1047 absconditur
599 995 653 1049 in
702 996 860 1052 malis
897 998 1142 1053 inimicus
1180 997 1368 1067 (Ecclt'.
1407 997 1528 1071 xu).
1557 998 1624 1053 Et

80 1087 337 1144 Salomon:
386 1085 529 1143 Dens
577 1090 846 1158 putridus,
896 1092 1098 1148 anticus
1146 1091 1390 1161 deﬁciens
1442 1092 1497 1146 in
1535 1092 1622 1147 via

77 1181 239 1253 (Prov.
286 1180 437 1253 xxv).
494 1182 635 1250 Quid
673 1183 1069 1257 interrogavit?
1100 1184 1177 1240 Tu
1204 1202 1274 1250 es,
1303 1185 1499 1256 inquit,
1532 1186 1621 1259 qui

72 1283 301 1338 tentatus,
334 1288 386 1327 es
434 1290 504 1328 an
548 1274 715 1328 alium
768 1275 1403 1346 exspectamus?Qua:rit
1444 1283 1620 1333 autent

70 1364 157 1419 hoc
181 1362 420 1429 Joannes,
456 1380 565 1420 non
591 1375 814 1438 propter
849 1382 929 1437 se,
953 1368 1043 1439 qui
1075 1384 1197 1425 eum
1228 1383 1350 1425 esse
1384 1367 1622 1425 Redem-

68 1463 248 1526 ptorem
270 1452 449 1511 mundi
465 1456 826 1527 praedicando,
842 1459 1183 1531 baptizando,
1200 1458 1621 1517 demonstrando

66 1554 262 1600 testatus
312 1545 508 1611 fuerat,
564 1548 658 1603 sed
692 1558 915 1618 propter
968 1549 1288 1621 discipulos,
1333 1565 1401 1606 ne
1447 1549 1618 1605 alium

66 1653 90 1693 a
110 1653 161 1695 se
182 1638 518 1710 praedicatum
549 1640 905 1710 aestimarent,
937 1643 1029 1698 sed
1052 1643 1435 1700 certitudinem
1479 1643 1624 1699 acci-

60 1740 229 1801 perent
252 1730 389 1796 fidei,
428 1740 545 1787 tum
573 1749 642 1789 ex
693 1728 995 1801 miraculis,
1023 1744 1137 1790 tum
1161 1750 1231 1791 ex
1264 1735 1624 1807 responsione

1804 537 2063 608 Sequitur
2110 554 2239 608 pars
2284 538 2464 605 tertia,
2511 536 2566 593 in
2622 551 2728 608 qua
2758 536 3022 597 Dominus
3047 536 3313 605 Joannem

1729 629 2074 689 commendat
2103 648 2117 684 :
2153 628 2306 686 Unde
2324 636 2381 684 et
2401 626 2652 693 subditur
2680 645 2696 683 :
2722 626 2841 691 Illis
2868 638 3044 688 autem
3072 632 3316 695 abeuntir

1729 719 1843 786 bus,
1867 722 2013 790 coepit
2033 720 2191 776 Jesus
2223 720 2396 775 dicere
2431 720 2501 773 ad
2549 717 2733 775 turbas
2783 720 2849 779 de
2877 720 3107 780 Joanne.
3132 722 3316 793 Noluit

1729 812 1929 885 quippe
1987 813 2255 870 Dominus
2303 810 2572 879 Joannem
2634 827 2821 871 coram
2870 815 3150 888 discipulis
3200 819 3316 876 suis

1727 905 2114 960 commendare
2142 947 2157 973 ,
2206 920 2277 961 ne
2331 904 2449 977 ejus
2501 908 2899 975 commendatio
2945 909 3315 975 adulationem

1726 994 1972 1052 redolere
2003 998 2302 1055 videretur.
2331 1000 2392 1055 in
2417 1015 2550 1073 quo,
2579 1000 2798 1070 fratres,
2827 1004 2920 1061 dat
2941 1003 3101 1063 nobis
3126 1017 3318 1068 exem—

1724 1087 1896 1160 plum,
1922 1105 1989 1145 ne
2012 1090 2244 1148 amicum
2280 1102 2524 1150 nostrum
2552 1095 2608 1153 in
2640 1111 2737 1154 sua
2769 1096 2854 1159 vel
2902 1111 3129 1163 suorum
3160 1096 3320 1153 famir

1725 1178 1945 1237 liarium
1984 1184 2274 1254 praesentia
2323 1186 2626 1258 laudemus,
2678 1204 2748 1245 ne
2790 1192 2894 1247 hoc
2935 1192 3110 1262 gratia
3137 1190 3320 1255 videa—

1730 1287 1855 1329 mur
1902 1272 2087 1330 facerc
2146 1280 2484 1347 assentandi,
2522 1296 2591 1345 ne
2620 1281 2695 1345 illi
2753 1282 3097 1341 occasionem
3128 1283 3319 1343 demus

1726 1364 2015 1435 gloriandi.
2048 1365 2337 1436 Caeterum,
2371 1385 2438 1427 ne
2470 1373 2641 1428 turbae
2667 1372 2935 1431 Joannem
2965 1374 3165 1443 nullius
3207 1375 3318 1431 vir.-

1727 1456 1860 1510 tutis
1887 1471 2030 1522 esse,
2058 1471 2122 1512 eo
2146 1460 2290 1533 quod
2333 1460 2479 1515 nulla
2532 1462 2796 1520 miracula
2822 1462 3051 1534 faceret,
3080 1465 3318 1522 aestima.-

1728 1555 1869 1613 rent,
1906 1547 2020 1616 ipse
2049 1550 2137 1618 qui
2167 1564 2292 1605 eum
2328 1550 2585 1625 elegerat,
2611 1564 2857 1624 noverat,
2888 1571 3010 1613 eum
3038 1570 3319 1613 commem-

1727 1639 1838 1694 dat.
1864 1639 2222 1699 Commendat
2247 1659 2371 1699 eum
2403 1645 2461 1703 in
2483 1655 2754 1715 quatuor:
2808 1650 2864 1721 in
2893 1650 3230 1721 fortitudine,
3260 1652 3318 1715 in

1730 1734 2044 1800 severitate,
2080 1734 2136 1791 in
2187 1738 2551 1809 prophetandi
2602 1741 2944 1810 excellentia,
2992 1744 3048 1800 in
3079 1759 3319 1815 praecure
3352 1751 3358 1757 '

60 1823 257 1879 Christi.
291 1823 444 1880 Unde
476 1834 531 1881 et
562 1825 630 1881 ad
653 1826 758 1884 hoc
784 1829 1138 1901 quaerendum
1173 1844 1281 1884 non
1312 1828 1463 1899 prius
1492 1842 1621 1884 suos
1650 1817 1699 1885 Β
1730 1822 1900 1881 sionis
1927 1826 2123 1897 gratia.
2152 1825 2210 1882 In
2257 1827 2579 1888 fortitudine
2628 1847 2750 1889 eum
2801 1836 3167 1903 commendat,
3193 1851 3318 1899 ctum

58 1916 319 1988 discipulos
368 1916 518 1973 misit
548 1959 564 1986 ,
616 1934 783 1989 quam
821 1920 1071 1977 Christus
1126 1921 1392 1977 miracula
1436 1920 1620 1979 facere

56 2008 274 2079 inctepit.
332 2009 509 2078 Quam
587 2028 809 2069 causam
870 2013 1047 2069 innuit
1110 2013 1223 2085 ipse
1279 2013 1619 2086 Evangelista

53 2118 158 2156 cum
208 2102 276 2157 ait
314 2121 327 2159 :
375 2101 510 2159 Cum
553 2106 803 2163 audisset
833 2105 1070 2163 Joannes
1100 2108 1156 2163 in
1184 2106 1409 2164 vinculis
1460 2124 1619 2185 opera

50 2192 250 2259 Christi,
266 2194 473 2251 mittens
486 2196 620 2254 duos
648 2214 714 2253 ea:
736 2197 1009 2268 discipulis
1054 2198 1189 2265 suis,
1220 2207 1327 2255 etc.
1354 2198 1433 2255 Ac
1459 2199 1504 2256 si
1532 2199 1619 2256 di-

50 2295 185 2341 ceret
212 2286 367 2344 :ldeo
393 2288 689 2363 discipulos
721 2305 849 2348 suos
874 2290 1021 2347 misit
1047 2291 1114 2346 ad
1134 2290 1471 2363 Jcsum,quia
1490 2307 1618 2347 eum

42 2390 217 2450 aperte
247 2381 424 2437 facere
463 2383 730 2440 miracula
775 2384 1001 2450 audivit,
1034 2393 1097 2440 ut
1130 2384 1232 2440 hoc
1272 2385 1615 2452 adverbium,

41 2489 168 2537 tum,
206 2484 439 2532 nontam
479 2477 776 2549 temporale
816 2493 978 2550 quam
1006 2478 1226 2536 causale
1267 2479 1588 2552 accipiatur.

103 2564 353 2635 Sequitur
375 2582 503 2638 pars
551 2567 816 2639 secunda,
868 2585 989 2645 qua:
1014 2569 1216 2629 Christi
1246 2570 1491 2627 continet
1534 2585 1619 2626 re-

35 2657 391 2726 sponsionem.
425 2660 647 2727 Euntes,
685 2662 880 2735 inquit,
912 2664 1205 2721 renuntiate
1254 2662 1457 2719 Jonnni
1499 2680 1618 2737 qua:

30 2753 249 2807 audistis
291 2763 339 2809 et
390 2754 617 2813 vidistis.
667 2755 748 2815 Ac
776 2757 824 2813 si
872 2757 1119 2817 diceret:
1155 2756 1384 2814 Cessent
1428 2759 1614 2827 verba,

28 2839 313 2917 loquantur
341 2860 528 2917 opera.
559 2845 714 2905 Fecit
735 2847 878 2904 enim
903 2846 957 2905 in
987 2857 1278 2920 conspectu
1303 2848 1617 2904 nuntiorum

22 2931 247 2993 Joannis
296 2937 495 3001 multas
539 2939 790 3003 virtutes.
839 2938 996 3001 Unde
1040 2941 1200 3006 dixit,
1240 2957 1359 3013 qua:
1409 2941 1616 2998 vidistis

20 3027 229 3084 scilicet
259 3043 358 3098 per
385 3045 504 3097 vos,
529 3042 577 3085 et
606 3032 831 3087 audistis
856 3047 954 3103 per
976 3032 1132 3091 alios.
1167 3032 1234 3088 Et
1275 3048 1395 3107 qua:
1422 3034 1445 3088 2
1475 3032 1615 3091 Cteci

14 3118 214 3190 tidenl,
237 3121 415 3176 claudi
433 3122 729 3189 ambulant,
756 3124 947 3197 leprosi
968 3125 1315 3192 mandantur,
1340 3127 1489 3181 surdi
1514 3143 1615 3182 au-

1727 1916 1858 1971 dicit
1884 1936 1896 1972 :
1956 1918 2098 1985 Quid
2125 1921 2305 1978 existis
2352 1924 2407 1978 in
2436 1924 2700 1980 desertum
2743 1928 2917 1983 videre
2941 1928 2967 1982 ?
2993 1927 3318 1985 Arundinens

1725 2018 1873 2065 vento
1896 2011 2150 2081 agitatam
2182 2014 2207 2067 ?
2236 2028 2301 2070 ac
2345 2016 2391 2072 si
2423 2017 2627 2073 diceret
2660 2037 2673 2074 :
2719 2017 2860 2087 Non,
2916 2020 3010 2077 sed
3040 2020 3222 2090 potius
3242 2019 3319 2083 vi,

1725 2117 1847 2157 rum
1871 2102 2087 2161 fortem.
2120 2104 2264 2165 Sane
2316 2109 2526 2165 arundo
2575 2110 2823 2168 nascitur
2849 2112 2904 2169 in
2962 2110 3161 2184 palude
3191 2127 3315 2182 quae

1726 2195 1968 2252 exterius
1996 2206 2079 2253 est
2098 2197 2354 2269 formosa,
2386 2201 2613 2261 interius
2641 2217 2833 2271 vacua,
2861 2213 2917 2260 et
2961 2204 3110 2261 omni
3155 2214 3319 2265 vento

1726 2287 1987 2359 agitatur.
2022 2289 2182 2348 Tales
2229 2302 2356 2348 sunt
2406 2294 2656 2350 homines
2678 2294 2842 2367 hujus
2871 2296 3081 2362 mundi,
3135 2295 3227 2366 qui
3263 2296 3317 2357 in

1725 2380 2087 2437 crassitudine
2113 2390 2168 2438 et
2222 2382 2497 2454 voluptate
2542 2386 2856 2443 nutrierunt
2903 2385 3116 2442 animas
3166 2401 3316 2453 suas,

1724 2471 1816 2543 qui
1840 2474 2083 2531 exterius
2109 2480 2233 2531 sunt
2260 2489 2357 2545 per
2392 2475 2724 2548 bypocrisim
2775 2485 2832 2534 et
2857 2476 3088 2549 gloriam
3133 2477 3316 2548 nitidi,

1726 2563 1960 2622 interius
1992 2575 2173 2623 autem
2206 2583 2236 2623 a
2259 2569 2463 2627 virtute
2489 2570 2669 2637 vacui,
2695 2570 2975 2642 prosperis
3011 2571 3314 2637 elevantur.

1725 2663 1783 2710 et
1812 2658 2056 2713 adversis
2083 2659 2466 2730 deprimuntur
2492 2678 2506 2716 :
2538 2660 2816 2717 Laudibus
2866 2660 3188 2729 efferuntur,
3218 2663 3291 2717 mi

1724 2745 1833 2813 nis,
1861 2754 1916 2800 et
1967 2748 2227 2804 conviciis
2282 2750 2677 2819 humiliantur;
2708 2752 2763 2807 in
2818 2752 3017 2823 quibus
3065 2752 3315 2823 diabolus

1729 2836 2047 2909 requiescit.
2100 2838 2250 2895 Unde
2281 2838 2427 2896 Job:
2482 2840 2594 2899 Sub
2633 2841 2843 2907 umbra,
2894 2842 3090 2915 inquit,
3126 2843 3312 2899 dormit

1723 2925 1779 2980 in
1800 2938 1996 2983 secreto
2040 2930 2233 2985 calami
2266 2931 2409 3004 (Job.
2452 2933 2567 3005 xu),
2620 2935 2748 3006 quia
2794 2934 3046 2993 videlicet
3105 2946 3312 2997 mentes

1724 3022 2064 3096 tenebrosas,
2109 3026 2475 3089 simulatrices
2523 3038 2581 3087 et
2624 3028 2801 3087 ﬂuxas
2856 3028 3047 3101 diligit.
3078 3027 3311 3093 Joanne!

1724 3130 1861 3172 vero
1885 3117 2096 3176 arundo
2125 3135 2232 3177 non
2284 3131 2428 3189 erat,
2476 3126 2568 3195 qui
2622 3122 2678 3179 in
2721 3122 3067 3183 abstinentia:
3118 3123 3311 3181 duritia

13 3210 187 3275 diunt.
246 3214 440 3270 mortui
495 3191 814 3291 resurgunt,
850 3234 1106 3288 pauperes
1156 3219 1607 3290 evangetizsnmr,
1646 3191 1691 3257 ὓ
1724 3208 2030 3278 crescebat,
2054 3212 2296 3271 exterius
2349 3212 2600 3284 hispidus
2641 3223 2698 3269 et
2741 3212 3039 3284 neglectus,
3085 3213 3316 3273 interius.

13 3300 60 3353 id
82 3310 169 3357 est
194 3303 509 3360 visitantur.
536 3306 604 3361 Et
634 3307 810 3363 beatus
830 3318 906 3363 est
933 3309 1023 3379 qui
1067 3326 1171 3369 non
1194 3310 1354 3381 fuerit
1384 3313 1611 3371 scanda-

13 3393 206 3449 lisatus
230 3396 288 3451 in
318 3414 417 3453 me.
444 3399 540 3456 Est
559 3408 738 3457 autem
766 3401 882 3456 haec
935 3403 1215 3473 responsio
1254 3404 1605 3474 conveniens,

13 3489 261 3556 juamvis
289 3506 398 3545 non
432 3491 682 3553 videatur
705 3495 1027 3565 praecedenti
1058 3496 1401 3554 satisfaciens
1428 3499 1606 3556 inter-

13 3580 305 3651 'ogationi.
331 3581 689 3651 Quaerebatur
708 3585 851 3640 enim
876 3596 1059 3641 utrum
1093 3588 1392 3662 redemptio
1423 3591 1609 3648 mundi

13 3683 145 3727 esset
172 3673 431 3731 facienda
467 3692 565 3749 per
604 3693 751 3733 eum.
774 3677 895 3750 Ipse
926 3694 1055 3736 vero
1101 3682 1607 3759 respondetpOten-

14 3763 127 3820 iam
150 3765 474 3824 divinitatis
508 3776 563 3824 et
588 3769 906 3845 patientiam
954 3771 1326 3839 humanitatis,
1352 3790 1449 3846 per
1470 3791 1607 3849 quas

13 3855 317 3927 edemptio
339 3856 478 3912 facta
507 3869 609 3916 est.
640 3858 753 3919 Nisi
786 3860 928 3917 enim
981 3862 1142 3919 homo
1172 3875 1336 3932 esset,
1363 3868 1471 3939 pati
1509 3884 1607 3941 pro

14 3950 201 4005 1:1"th
234 3966 349 4006 non
389 3962 593 4023 posset,
628 3963 683 4010 et
726 3953 829 4010 nisi
874 3954 1015 4010 Deus
1050 3966 1213 4024 esset,
1259 3969 1486 4016 mortem
1516 3976 1607 4019 su-

13 4059 189 4099 erare
218 4060 333 4099 non
361 4055 564 4115 posset.
589 4046 687 4104 Est
712 4063 844 4120 ergo
869 4063 933 4107 ac
957 4048 1004 4108 si
1051 4049 1283 4118 diceret,
1316 4050 1606 4111 Redimerc

13 4139 269 4192 tundum
293 4136 410 4209 jam
469 4139 691 4211 incoepi.
746 4140 881 4202 Nam
932 4158 1055 4203 cum
1108 4157 1302 4214 operer
1348 4155 1407 4201 ut
1438 4148 1601 4219 Deus,

16 4232 354 4289 'andalizor
401 4241 456 4293 et
482 4234 661 4305 patior
716 4242 775 4293 ut
821 4237 1007 4297 homo.
1067 4236 1351 4297 Credimus
1398 4249 1600 4311 autem,

14 4331 225 4389 atres,
274 4323 567 4383 Dominum
629 4341 817 4398 opera.
875 4343 995 4401 (tua:
1053 4329 1141 4386 hic
1190 4340 1601 4401 enumerantur,

17 4432 76 4470 m
109 4416 507 4487 corporaliter
536 4433 698 4493 quam
745 4420 1101 4489 spiritualiter
1139 4423 1335 4499 egisse.
1385 4424 1601 4482 Redde-

13 4518 47 4563 Δι
73 4509 323 4581 quippe
348 4511 510 4569 caecis
541 4511 1015 4584 illuminationem,
1066 4524 1175 4571 tam
1225 4516 1407 4573 cordis
1437 4534 1601 4591 quam

1718 3301 1922 3359 virtute
1942 3302 2157 3373 plenus,
2210 3319 2317 3363 non
2353 3305 2526 3363 elatus
2577 3304 2880 3375 blanditiis,
2933 3321 3035 3361 nec
3075 3306 3309 3377 dejectut

1719 3392 1985 3450 adversis.
2016 3396 2301 3457 Discamus
2344 3406 2399 3453 et
2449 3413 2570 3465 nos,
2598 3397 2820 3464 fratres,
2853 3398 2995 3454 inter
3021 3398 3308 3463 varietates

1718 3485 1879 3556 hujus
1928 3488 2137 3557 mundi,
2169 3488 2339 3546 fortes
2363 3496 2421 3546 et
2446 3499 2764 3547 constantes
2798 3504 2939 3549 esse.
2963 3490 3081 3551 Non
3124 3490 3315 3563 diliga-,

1716 3594 1840 3635 mus
1872 3579 2093 3641 divitias
2123 3581 2283 3652 hujus
2305 3582 2513 3650 mundi,
2562 3592 2619 3643 et
2659 3582 2743 3641 sic
2786 3597 2895 3641 non
2936 3582 3307 3655 superbiemus

1717 3671 1786 3729 de
1812 3688 2000 3733 earum
2021 3678 2386 3747 possessione,
2401 3692 2502 3733 nec
2526 3676 2829 3735 dolebimus
2850 3678 2917 3739 de
2937 3692 3124 3737 earum
3147 3679 3287 3735 amis

1722 3764 1897 3823 sione.
1924 3766 2040 3822 Non
2069 3767 2363 3841 diligamus
2401 3768 2631 3842 gloriam
2686 3768 2849 3840 hujus
2897 3769 3109 3837 mundi,
3153 3778 3210 3825 et
3231 3770 3312 3826 sic

1716 3870 1819 3911 nec
1846 3858 1965 3913 laus
2006 3859 2245 3914 humana
2293 3876 2394 3917 nos
2432 3860 2661 3931 inﬂabit,
2702 3876 2805 3918 nec
2842 3861 3067 3918 infamia
3101 3863 3312 3919 maesti-

1712 3948 1917 4005 ficabit.
1948 3948 2064 4005 Non
2101 3960 2425 4022 praesentem
2476 3953 2663 4019 vitam,
2696 3954 2793 4009 sed
2844 3953 3083 4013 futuram
3114 3953 3311 4031 diliga-

1712 4057 1856 4107 mus,
1881 4051 1937 4097 et
1961 4042 2042 4097 sic
2069 4042 2314 4114 voluptas
2366 4044 2611 4116 corporis
2647 4060 2746 4101 nos
2796 4061 2905 4103 non
2970 4045 3304 4119 illaqueabit,

1711 4148 1816 4189 non
1846 4149 2006 4209 poena
2032 4135 2113 4190 vel
2141 4136 2293 4192 dolor
2324 4136 2568 4194 terrebit.
2603 4136 2658 4193 ln
2685 4137 2976 4199 severitate
3000 4153 3124 4196 eum
3153 4155 3307 4209 cont--

1712 4226 1935 4280 mendat
1981 4242 2105 4285 cum
2164 4227 2344 4284 dicit:
2402 4227 2685 4287 flaminem
2722 4229 2978 4301 (mollibus
3021 4234 3311 4301 vestitum?

1709 4318 1787 4373 Ac
1837 4319 1881 4373 si
1911 4319 2151 4377 diceret:
2186 4320 2307 4378 Non
2340 4321 2516 4394 (litote
2564 4334 2667 4393 est,
2724 4324 2853 4397 quia
2882 4326 3061 4381 minus
3104 4326 3233 4385 dicit
3256 4336 3311 4393 et

1707 4413 1829 4483 plus
1879 4414 2172 4486 significat)
2203 4413 2443 4472 Joannes
2492 4417 2690 4489 quippe
2737 4416 2791 4471 in
2839 4416 2985 4472 nullo
3029 4418 3315 4489 mollitiem

1708 4516 1927 4562 secutus
1958 4516 2061 4575 est,
2087 4508 2182 4563 sed
2246 4509 2413 4564 durus
2444 4510 2547 4567 fuit
2578 4511 2630 4564 in
2688 4510 2854 4579 victu,
2886 4510 2940 4565 in
3000 4509 3218 4575 vestitu.
3251 4511 3308 4581 in

17 4571 287 4673 nigri-3';
329 4600 539 4661 claudis
587 4571 1015 4675 rectitudine");
1044 4615 1155 4661 tam
1207 4571 1398 4663 ρξπάίέ
1430 4571 1596 4678 quam
1633 4571 1680 4627 θ
1707 4599 1872 4666 facto,
1902 4601 1955 4655 in
1987 4601 2178 4658 verbo.
2213 4602 2403 4658 Victus
2429 4602 2546 4674 ejus
2570 4602 2789 4657 locustae
2811 4611 2863 4657 et
2895 4602 3000 4656 mel
3028 4601 3301 4665 silvestre.

13 4694 285 4766 rporis;
322 4693 552 4765 leprosis
584 4696 1019 4769 mundationem,
1050 4705 1160 4753 tam
1212 4698 1392 4754 cordis
1428 4715 1591 4771 quam

13 4788 238 4863 rporis
273 4789 543 4857 ;mortuis
573 4791 1056 4861 resurrectionem,
1079 4798 1187 4847 tam
1216 4792 1397 4849 cordis
1430 4808 1595 4863 quam

13 4882 235 4953 rporis
275 4896 294 4948 ;
324 4882 651 4953 pauperibus
678 4882 1065 4951 visitationem,
1099 4890 1208 4939 tam
1231 4883 1409 4939 cordis
1431 4900 1596 4955 quam

13 4975 258 5048 φοι-ξε.
295 4972 368 5029 Et
394 4989 519 5031 cum
540 4983 620 5031 tot
654 4976 824 5050 signis
852 4985 1203 5035 attestaretur
1233 4976 1593 5046 divinitatem,

13 5086 107 5126 'us
153 5075 314 5124 erat
343 5067 435 5137 qui
463 5083 570 5125 non
595 5069 1061 5126 scandalizaretur
1086 5071 1140 5129 in
1174 5067 1288 5141 ejus
1337 5072 1593 5129 humani-

13 5180 72 5220 e.
140 5160 291 5218 Alii
324 5160 475 5217 enim
504 5161 553 5217 ei
608 5161 987 5233 detrahebant,
1019 5164 1111 5223 alii
1168 5164 1398 5223 insidias
1421 5173 1594 5238 pone-

14 5269 92 5315 is.
129 5257 228 5314 Et
268 5253 455 5310 ferme
480 5269 672 5313 omnes
702 5255 771 5312 de
792 5254 908 5327 ejus
930 5257 1217 5317 divinitate
1246 5259 1591 5316 dubitabant.

13 5350 189 5426 quid
223 5348 473 5416 mirum,
501 5346 719 5417 fratres,
747 5348 796 5406 si
828 5349 881 5405 in
905 5349 1128 5407 Christo
1159 5352 1337 5409 adhuc
1373 5352 1593 5410 mortali

13 5446 89 5501 lti
135 5438 721 5509 scandalizarentur,
752 5456 876 5499 cum
926 5440 981 5497 in
1007 5456 1075 5498 eo
1110 5441 1222 5512 jam
1256 5444 1309 5499 in
1331 5443 1473 5501 etelo
1507 5460 1593 5500 re-

14 5544 186 5603 inte,
272 5529 470 5600 multi,
530 5532 672 5589 unde
730 5531 1016 5591 dolendum
1068 5542 1173 5600 est,
1222 5532 1385 5590 etiam
1416 5534 1596 5604 hodie

13 5627 515 5691 adalizentur?
592 5625 728 5687 Nam
797 5637 858 5687 ut
940 5637 1146 5685 taceam
1218 5629 1285 5685 de
1356 5630 1590 5688 infideli-

13 5771 33 5797 ,
108 5724 344 5784 etiam
410 5721 636 5794 quidam
689 5723 805 5781 solo
843 5722 1063 5780 nomine
1116 5721 1416 5781 Christiani
1466 5737 1591 5780 eum

13 5813 532 5893 Lemnuny'ejus
578 5825 822 5874 sanctum
872 5830 1069 5875 nomen
1117 5815 1383 5888 pejerant,
1435 5814 1592 5871 factis

13 5935 33 5979 ι
83 5916 510 5986 impugnat“,
557 5911 721 5967 verba
757 5909 1037 5982 Evangelii
1077 5924 1176 5981 pro
1217 5908 1457 5966 vanitate
1488 5909 1587 5964 ha-

1715 4688 1951 4749 Vestitus
1986 4736 2000 4761 ,
2057 4695 2151 4767 pili
2211 4696 2429 4761 cameli,
2486 4710 2731 4766 tortaque
2791 4694 3036 4769 pellicea.
3088 4694 3298 4763 Facta,

1704 4795 2049 4859 contemptus
2096 4789 2318 4855 mundi,
2369 4788 2697 4845 desiderium
2751 4787 2895 4842 cwli.
2956 4788 3132 4855 Dicta,
3189 4803 3302 4853 non

1704 4877 1953 4947 palpatio
1979 4918 1995 4945 ,
2047 4878 2143 4934 sed
2187 4878 2321 4932 dura
2375 4879 2643 4934 correctio
2689 4879 2963 4935 vitiorum.
2999 4877 3043 4933 0
3081 4882 3300 4950 geninsi-

1704 4968 1795 5036 na,
1833 4970 2029 5040 inquit,
2058 4970 2382 5040 viperarum,
2404 4972 2521 5042 quis
2547 4969 2765 5026 docebit
2790 4986 2886 5026 vos
2912 4970 3094 5043 fugere
3113 4986 3145 5025 a
3176 4987 3298 5027 ven-

1705 5073 1827 5119 tura
1853 5063 1933 5117 ira
1961 5063 2124 5119 Nam
2151 5064 2358 5120 securis
2402 5064 2469 5118 ad
2492 5064 2729 5121 radicem
2760 5062 2971 5121 arboris
2996 5064 3173 5136 posita
3212 5073 3298 5124 est

1703 5155 1918 5227 (Matth.
1945 5156 2052 5230 nt).
3186 5218 3191 5225 .

1744 5240 2057 5319 'Sequitur,
2086 5250 2222 5305 Ecce
2241 5251 2331 5322 qui
2357 5250 2601 5306 mollibus
2635 5252 2942 5317 vestiuntur,
2971 5253 3027 5308 in
3051 5252 3319 5329 domibus~

1703 5359 1883 5415 regum
1903 5352 2044 5399 sunt.
2077 5344 2157 5400 Ac
2186 5345 2231 5400 si
2262 5344 2467 5401 diceret
2498 5343 2652 5400 :Non
2680 5346 2733 5401 in
2773 5344 3014 5415 deserto,
3052 5355 3113 5405 ut
3136 5346 3295 5404 Joan-

1702 5453 1821 5505 nes,
1851 5437 1945 5494 sed
1986 5437 2321 5495 in'domibus
2353 5454 2539 5511 regum
2590 5439 2944 5495 inveniuntur
2994 5441 3086 5511 qui
3118 5442 3293 5505 molli-

1700 5532 1802 5607 bus
1835 5534 2094 5603 gaudent,
2126 5535 2218 5604 qui
2272 5536 2480 5591 scilicet
2508 5535 2757 5592 mollibus
2787 5536 3116 5602 vestiuntur,
3147 5537 3287 5595 mol-

1698 5623 1825 5680 liter
1847 5624 2154 5695 epulantur,
2184 5625 2419 5681 molliter
2443 5636 2755 5697 operantur,
2787 5628 3029 5685 molliter
3052 5626 3284 5697 loquun-

1702 5726 1809 5773 tur.
1836 5715 2006 5773 Nemo
2044 5718 2229 5791 igitur,
2288 5718 2505 5784 fratres,
2536 5729 2690 5793 putet
2732 5723 2786 5778 in
2831 5721 2979 5776 ﬂuxu
3012 5728 3067 5775 et
3110 5720 3289 5777 studio

1698 5799 1934 5868 vestium
1988 5827 2094 5868 non
2150 5813 2339 5869 deesse
2391 5824 2697 5885 peccatum.
2751 5815 2863 5871 Nisi
2894 5814 3038 5870 enim
3095 5814 3145 5868 in
3183 5814 3289 5871 hoc

1699 5916 1983 5979 peccatum
2015 5918 2180 5978 esset,
2197 5904 2455 5969 Dominus
2483 5910 2535 5966 in
2559 5925 2658 5967 suo
2685 5924 3023 5982 praecursore
3048 5908 3283 5983 vestium
3312 5896 3318 5904 ”
