3820 6312
505 345 647 412 i687

1489 342 1828 413 Apuanos.
1870 386 1943 398 -
1968 344 2315 417 RADULPHI
2350 347 2709 432 AnoEN'rts:

3588 363 3681 430 {688

507 470 774 523 vilitatem
804 482 910 523 nou
938 463 1202 535 laudaret,
1261 483 1361 526 nec
1401 469 1467 524 dc
1492 466 1635 524 ﬂuxu
1668 469 1899 525 vestium
1950 469 2083 525 divi-
2114 476 2162 535 Α
2193 472 2249 526 in
2297 473 2575 527 desideriis
2628 471 2822 527 animte
2874 483 2987 528 suae
3015 471 3046 539 ,'
3082 479 3135 527 et
3194 469 3402 544 iniquus
3450 470 3685 537 benedicti”

508 565 620 613 tem
649 569 1004 630 purpuratum
1040 561 1482 631 reprehenderet,
1527 576 1627 617 nec
1649 561 1858 633 (Petrus
1890 562 2085 617 mulie-

402 716 409 723 .
503 665 601 706 res
627 667 656 706 a
681 663 833 709 veste
875 655 1112 724 pretiosa
1149 664 1430 711 revocaret
1452 653 1506 726 (Ι
1531 652 1681 711 Petr.
1706 655 1818 725 ιιι).
1845 654 2092 725 Quinque

504 744 783 814 praecipue
845 747 1044 813 modis,
1103 746 1319 812 fratres,
1386 747 1440 800 in
1491 748 1735 802 vestibus
1781 761 2091 818 peccamus.

510 835 698 890 Primo
747 839 802 893 in
834 839 1003 894 nimio
1028 848 1266 910 sumptu,
1287 849 1348 893 ut
1382 853 1508 896 cum
1543 848 1691 895 tanto
1719 854 2094 909 comparamus

506 936 676 984 tinam
704 939 907 986 vestem
931 931 1108 995 nobis,
1133 939 1337 1001 quanto
1366 933 1549 1000 plures
1572 946 1838 1001 pauperes
1873 938 2094 1001 possent

505 1022 719 1077 vestiri.
750 1024 1000 1079 Secundo
1024 1024 1077 1078 in
1095 1023 1289 1095 gloria,
1317 1025 1533 1093 quando
1561 1023 1771 1080 scilicet
1801 1024 1854 1079 in
1883 1024 2094 1095 specio-

507 1114 591 1169 sis
615 1115 980 1184 pretiosisque
1010 1114 1252 1170 vestibus
1284 1115 1639 1171 delectamur.
1666 1115 1852 1171 Tertio
1876 1116 1929 1170 in
1963 1130 2095 1170 con-

516 1216 725 1275 temptu
768 1208 1165 1277 proximorum,
1190 1209 1411 1279 quando
1446 1209 1655 1265 scilicet
1692 1209 2096 1265 considerantes

505 1299 737 1355 vestium
762 1309 1071 1356 nostrarum
1095 1301 1581 1371 pulchritudinem,
1631 1311 1687 1357 et
1722 1302 2093 1372 proximorum

506 1390 803 1459 vilitatem,
863 1408 963 1448 nos
996 1394 1285 1463 miramur,
1331 1403 1387 1450 et
1415 1395 1696 1465 proximos
1719 1410 2094 1465 aspernamur.

504 1481 714 1550 Quarto
738 1487 790 1539 in
820 1486 1217 1555 superfluitate,
1256 1496 1314 1542 ut
1372 1488 1588 1557 quando
1613 1488 1768 1559 plura
1803 1488 2095 1544 mutatoria

503 1578 739 1633 vestium
769 1578 1033 1634 habemus
1061 1578 1258 1644 otiosa,
1302 1595 1423 1650 quae
1467 1580 1661 1635 melius
1684 1595 1949 1650 pauperes
1972 1596 2093 1635 ves-

505 1674 696 1737 tirent,
755 1688 919 1743 quam
961 1671 1138 1726 tineas
1168 1682 1478 1741 pascerent,
1510 1688 1633 1728 cum
1683 1673 1944 1743 scriptum
1974 1672 2046 1728 sit
2076 1690 2091 1727 :

510 1765 619 1832 Qui
644 1766 797 1820 habet
818 1766 952 1818 duas
997 1766 1225 1831 tunicas,
1276 1764 1360 1819 det
1394 1782 1496 1820 non
1543 1766 1753 1821 habenti
1803 1764 1951 1836 (Luc.
1987 1765 2091 1834 ιιι),

508 1856 564 1912 id
588 1858 782 1925 estqui
810 1856 971 1911 habet
992 1867 1193 1911 vestem
1222 1854 1594 1919 subicientem,
1627 1857 1716 1911 det
1743 1853 2094 1925 superﬂuam.
2125 1841 2172 1902 Β

509 1948 713 2013 Quinto
738 1949 788 2002 in
831 1948 1014 2015 modo,
1048 1959 1107 2001 ut
1135 1964 1257 2002 cum
1285 1947 1494 2002 scilicet
1519 1946 1745 2001 facimus
1768 1954 1985 2001 nostras
2006 1961 2098 2001 vc-

509 2049 646 2105 stes,
679 2039 764 2093 vel
797 2038 1059 2107 gerimus,
1079 2055 1186 2109 quo
1216 2054 1322 2095 non
1349 2038 1689 2094 deberemus.
1719 2037 1788 2093 Et
1832 2053 1954 2092 cum
1982 2037 2098 2092 haec

509 2134 762 2194 dicimus,
787 2148 891 2187 non
924 2132 1244 2188 damnamus
1281 2145 1479 2197 veStes,
1504 2132 1596 2187 sed
1634 2132 1824 2186 vitium
1855 2133 2098 2187 vestibus

509 2222 867 2278 abutentium.
926 2223 1053 2278 Scio
1100 2224 1244 2278 enim
1305 2223 1406 2279 sub
1465 2238 1703 2296 purpura
1756 2225 1940 2294 plures
1988 2224 2098 2279 Deo

506 2314 816 2384 placuisse;
847 2324 899 2371 et
931 2323 1175 2381 econtra,
1206 2315 1388 2387 plures
1432 2316 1533 2372 snb
1568 2332 1732 2373 sacco
1761 2317 1871 2372 Deo
1901 2316 2098 2388 displi-

508 2407 707 2462 cuisse.
739 2407 1043 2464 Suntcnim
1095 2408 1186 2478 qui
1233 2408 1286 2463 in
1326 2424 1565 2480 purpura
1617 2424 1723 2465 non
1773 2408 2097 2475 efferuntur,

505 2507 563 2554 et
591 2509 719 2555 sunt
747 2501 838 2572 qui
871 2516 930 2557 se
954 2500 1182 2557 vestitos
1202 2516 1383 2568 sacco,
1413 2500 1499 2557 vel
1533 2500 1715 2557 dolent
1744 2501 1827 2557 vel
1860 2500 2101 2572 glorian-

507 2602 619 2646 tur.
648 2591 873 2663 Magnus
904 2608 1034 2649 vero
1088 2603 1171 2651 est
1219 2608 1381 2664 quem
1428 2608 1619 2651 saccus
1668 2608 1775 2651 non
1807 2593 2013 2665 dejicit,
2044 2599 2102 2649 et

506 2705 669 2761 quem
693 2706 933 2763 purpura
960 2705 1068 2747 non
1105 2690 1335 2747 extollit.
1370 2690 1516 2747 Talis
1566 2701 1686 2747 erat
1735 2690 1928 2756 David,
1979 2687 2101 2745 talis

508 2780 749 2838 Joannes
795 2782 1063 2855 Baptista,
1118 2782 1374 2853 quoniam
1426 2797 1527 2839 nec
1558 2783 1648 2837 ille
1692 2782 1792 2838 sub
1838 2796 2097 2854 purpura,

505 2891 611 2932 nec
636 2876 738 2932 iste
760 2877 861 2932 sub
884 2876 1067 2934 cilicio
1114 2887 1235 2933 erat
1277 2878 1484 2933 arundo
1514 2876 1689 2931 ventis
1720 2876 1944 2948 agitata.
1992 2874 2100 2930 Vos

507 2977 710 3031 autem,
737 2967 956 3034 fratres,
981 2971 1071 3040 qui
1098 2969 1402 3040 imperfecti
1445 2969 1598 3035 esris,
1626 2968 1998 3040 unusquisque
2044 2969 2099 3023 in

507 3062 678 3130 gradu
702 3076 800 3117 suo
829 3063 1262 3119 mediocritatem
1296 3071 1494 3129 tenete,
1527 3063 1822 3119 secundum
1851 3062 2108 3118 homines

507 3151 718 3207 ordinis
745 3161 799 3208 et
828 3155 1029 3222 gradus
1057 3156 1225 3211 vestri
1251 3170 1348 3211 vos
1377 3154 1604 3219 induite,
1631 3168 1699 3209 ne
1727 3154 1847 3209 sitis
1880 3153 2099 3208 nitidio-

507 3260 599 3299 res
627 3245 727 3311 eis,
761 3261 828 3301 ne
874 3246 1011 3302 forte
1058 3246 1184 3302 inde
1213 3263 1325 3317 pra:
1373 3247 1529 3304 vobis
1565 3260 1660 3302 eos
1714 3246 2095 3311 contenmatis,

509 3349 582 3391 ne
603 3337 935 3394 sordidiores
961 3340 1065 3403 cis,
1087 3355 1157 3395 ne
1182 3338 1325 3396 forte
1364 3354 1476 3410 pra:
1522 3340 1602 3397 eis
1632 3354 1729 3397 vos
1768 3338 2100 3394 sordidiores

509 3431 757 3488 doleatis.
792 3432 870 3488 Ne
896 3435 1023 3489 hinc
1056 3434 1142 3490 vel
1192 3435 1317 3491 inde
1346 3451 1444 3492 vos
1476 3437 1643 3507 agitet
1693 3445 1889 3492 ventus
1916 3433 2101 3506 gloria:

506 3525 597 3582 vel
626 3528 868 3597 pudoris.
921 3528 1033 3585 Sub
1083 3539 1237 3586 veste
1277 3530 1539 3586 mediocri
1588 3545 1811 3586 saccum
1862 3528 2101 3583 latenter

508 3619 722 3685 vestite,
753 3619 989 3677 maxime
1018 3622 1071 3676 in
1126 3622 1316 3679 diebus
1359 3622 1717 3693 jejuniorum,
1747 3629 1808 3676 ut
1850 3629 2001 3676 tanto
2031 3619 2103 3675 sit

508 3717 685 3787 magis
716 3729 929 3789 gratum
957 3720 1090 3787 Deo,
1113 3734 1316 3792 quanto
1345 3720 1516 3792 magis
1557 3718 1853 3775 occultum.
1880 3718 2100 3774 Vestem

509 3825 658 3886 vero
698 3812 853 3867 vobis
903 3828 1008 3867 non
1062 3814 1432 3870 necessariam
1468 3814 1614 3871 nudo
1647 3813 1905 3884 praebete.
1956 3811 2025 3866 Et
2052 3809 2101 3866 si

511 3919 621 3959 non
652 3904 815 3961 vultis
843 3907 974 3961 dare
1004 3921 1219 3969 novam,
1252 3908 1376 3963 date
1417 3906 1500 3963 vel
1523 3915 1764 3963 veterem
1809 3905 2103 3962 meliuscu-

508 3994 644 4063 lam,
679 4006 738 4050 Ill
765 3997 811 4052 si
843 3998 972 4068 quid
1025 4000 1079 4053 in
1115 4013 1252 4054 nova
1282 4007 1436 4055 veste
1480 3999 1807 4070 deliquistis,
1838 3998 1889 4053 in
1919 4005 2104 4053 vetere

508 4089 815 4145 redimatis.
862 4089 1138 4145 Mollitiem
1171 4106 1407 4162 quoque,
1460 4090 1680 4156 fratres,
1727 4090 1970 4146 ciborum
1997 4088 2105 4145 evi-

512 4191 647 4249 tate,
674 4182 931 4253 quoniam
976 4183 1247 4239 lautorum
1298 4185 1543 4240 ciborum
1585 4184 1921 4239 consuetudo
1946 4182 2103 4238 luxu-

511 4273 653 4328 riam
679 4284 934 4345 generat,
966 4292 1166 4346 corpus
1197 4275 1496 4342 mollificat,
1525 4276 1679 4332 cibos
1708 4275 1925 4331 viliores
1947 4273 2106 4330 fasti-

513 4364 630 4421 dire
654 4364 804 4435 facit,
837 4370 1163 4438 patrimonia
1210 4371 1508 4438 consumit,
1550 4370 1973 4427 sollicitudinem
2002 4370 2105 4423 im-

512 4458 706 4515 mittit.
740 4459 919 4517 Minus
951 4470 1035 4518 est
1081 4461 1352 4518 sollicitus
1380 4463 1471 4532 qui
1527 4463 1829 4518 minoribus
1864 4470 1948 4517 est
1974 4476 2105 4517 con-

2189 564 2362 636 (Psal.
2391 565 2494 635 ιι).

2263 659 2320 714 lu
2371 658 2669 731 prophetiae
2719 656 3043 715 excellentia
3094 656 3360 714 Joannem
3410 667 3688 734 commendat,

2195 765 2319 806 cum
2361 750 2578 805 subdit:
2611 747 2716 804 Sed
2767 750 2893 822 quid
2942 749 3125 804 existis
3172 746 3690 814 uidere2Pr0phetam!

2196 842 2379 898 Etiam
2407 843 2526 898 dico
2554 843 2693 898 vobis
2719 843 2831 910 :ﬁEt
2858 842 2976 914 plus
3000 860 3156 917 quam
3176 843 3495 914 prophetam.
3518 845 3691 905 Ofﬁcium

2194 936 2492 1007 prophetae,
2528 932 2724 989 fratres
2774 917 3106 1003 charissimi,
3144 942 3229 989 est
3270 943 3487 988 ventura
3509 938 3695 1003 praedia.

2197 1042 2277 1082 re.
2301 1023 2536 1081 Joannes
2566 1039 2692 1080 vero
2739 1024 3015 1082 Christum
3043 1040 3153 1081 non
3183 1024 3361 1080 solum
3392 1024 3615 1096 praedixit,
3642 1038 3697 1096 ut,

2207 1117 2359 1175 Venit
2385 1120 2578 1190 fortior
2607 1135 2688 1173 me
2710 1130 2825 1189 post
2855 1136 2937 1174 me
2965 1118 3166 1191 (Marc.
3185 1118 3250 1189 ι),
3276 1118 3372 1174 sed
3402 1118 3544 1174 etiam
3566 1128 3697 1177 osten-

2200 1213 2298 1280 dit,
2329 1211 2485 1279 Ecce,
2517 1212 2713 1281 inquil,
2745 1213 2928 1284 Agnus
2957 1211 3056 1266 Dei
3099 1210 3285 1283 (Joan.
3308 1210 3373 1282 ι).
3405 1208 3506 1265 Nos
3531 1226 3701 1282 quoque,

2204 1305 2428 1373 fratres,
2459 1304 2615 1375 quasi
2646 1305 2922 1376 propheta:
2967 1320 3184 1372 sumus,
3213 1302 3261 1359 si
3298 1302 3571 1358 secundum
3591 1305 3702 1360 Citri-

2199 1397 2266 1453 sti
2296 1396 2584 1452 adventum
2614 1397 2680 1451 ad
2700 1396 2966 1467 judicium
2992 1394 3175 1450 verbis
3216 1402 3273 1449 et
3321 1393 3477 1449 factis
3511 1396 3705 1464 praedita.

2198 1506 2341 1558 mus,
2374 1490 2421 1544 si
2457 1488 2637 1559 impiis
2672 1487 3087 1554 comminamus,
3121 1486 3168 1541 si
3184 1484 3376 1542 electis
3418 1485 3705 1556 promittimus

2198 1583 2425 1656 gloriam
2456 1582 2858 1652 sempiternam.

2270 1677 2327 1733 In
2384 1675 2768 1749 praecursionis
2810 1687 3025 1744 quoque
3075 1671 3247 1743 gratia
3297 1684 3420 1726 cum
3447 1671 3710 1727 commendat

2202 1787 2327 1827 cum
2361 1770 2492 1827 dicit
2523 1787 2536 1823 :
2570 1767 2676 1822 Hic
2705 1778 2781 1822 est
2822 1767 2887 1821 de
2925 1783 3029 1839 quo
3054 1766 3313 1836 scriptum
3359 1774 3434 1819 est
3480 1779 3564 1835 per
3600 1763 3715 1819 )lala-

2201 1863 2382 1919 chiam
2415 1861 2775 1934 prophetam:
2813 1857 2950 1912 Ecce
3000 1873 3117 1928 ego,
3156 1857 3355 1925 inquit,
3400 1853 3546 1908 Pater
3583 1855 3633 1909 ad
3650 1854 3711 1909 Fi-

2201 1954 2354 2019 littm,
2400 1953 2549 2007 mitto
2595 1949 2840 2022 angelum
2884 1964 3057 2003 meum
3099 1958 3222 2002 ante
3261 1946 3454 2017 [aciem
3501 1950 3715 2019 tuam,qu

2199 2044 2523 2119 praeparabit
2551 2044 2692 2098 viam
2740 2052 2886 2095 tuam
2944 2048 3068 2095 ante
3117 2048 3188 2093 te.
3224 2039 3389 2103 Vere,
3417 2036 3611 2103 fratres,
3631 2055 3716 2094 rete

2200 2139 2291 2193 hic
2311 2135 2552 2191 Joannes
2579 2147 2807 2204 magnus
2837 2141 2892 2186 et
2921 2128 3260 2186 admirabilis
3290 2137 3398 2193 est,
3448 2142 3589 2198 quem
3610 2128 3719 2199 longe

2201 2241 2491 2302 antequam
2522 2227 2924 2298 conciperetur,
2975 2222 3324 2294 prophetam,
3373 2222 3482 2276 imo
3524 2221 3719 2277 Dominus

2199 2341 2297 2398 per
2324 2323 2662 2396 prophetam,
2691 2318 2981 2391 Unigenito
3017 2331 3119 2374 suo
3142 2316 3402 2374 nuntium
3431 2314 3667 2388 pollicetur
3686 2327 3725 2372 et

2198 2431 2620 2490 praecursorem.
2657 2412 2768 2469 Nec
2794 2411 2968 2468 solum
2991 2409 3228 2468 Joannes
3272 2408 3498 2465 nomine
3526 2409 3665 2480 angeli
3689 2418 3725 2463 et

2204 2509 2567 2582 praecursoris
2591 2506 2785 2578 dignus
2808 2512 2915 2571 est,
2946 2504 3042 2559 sed
3072 2509 3129 2558 et
3165 2513 3278 2557 tam
3323 2515 3430 2556 nos
3474 2515 3614 2571 quam
3642 2513 3725 2565 vos,

2203 2603 2427 2669 fratres,
2468 2597 2645 2672 angeli
2686 2606 2742 2653 et
2788 2607 3160 2669 praecursores
3206 2590 3418 2649 Christi
3473 2590 3729 2646 merebimur

2202 2693 2487 2770 appellari,
2533 2691 2579 2749 si
2608 2689 2777 2748 verbo
2832 2697 2889 2744 et
2930 2683 3182 2757 exemplo
3222 2697 3353 2739 eum
3397 2683 3729 2745 annuutiemss,

2202 2791 2249 2847 si
2279 2800 2387 2845 tam
2421 2787 2489 2843 ad
2519 2792 2708 2843 nostra
2739 2798 2901 2856 quam
2934 2783 3003 2838 ad
3038 2779 3272 2837 aliorum
3297 2778 3468 2835 corda
3488 2792 3575 2849 per
3602 2790 3733 2832 corre-

2203 2882 2440 2939 ctionem
2493 2888 2551 2936 et
2598 2875 3035 2935 emendationem
3088 2872 3139 2929 ei
3198 2872 3349 2927 viam
3390 2883 3734 2943 preparemus,
3804 2896 3805 2909 ι

2205 2978 2323 3049 ipso
2358 2974 2645 3046 largiente,
2668 2972 2760 3044 qui
2792 2986 2914 3027 cum
2944 2968 3111 3026 Patre
3136 2975 3197 3023 et
3215 2963 3436 3039 Spiritu
3462 2972 3628 3021 sancto
3642 2962 3739 3029 viri;

2204 3078 2260 3127 et
2285 3075 2477 3139 regnat
2502 3067 2664 3123 Deus.
2690 3065 2885 3120 Amen.

2791 3154 3079 3213 HOMlLlA
3113 3151 3232 3211 Vll.

2583 3265 2835 3311 DOIlNlCA
2876 3264 3094 3315 QUABTA
3131 3261 3442 3304 ADVEII'I'US.

2279 3350 2517 3410 Gaudete
2564 3350 2621 3405 in
2656 3348 2883 3404 Domino
2907 3360 3131 3413 semper,
3163 3345 3360 3398 iterum
3386 3343 3505 3396 dico
3529 3356 3549 3394 :
3569 3336 3747 3393 Gaudete

2208 3446 2469 3521 (Philipp.
2496 3444 2599 3517 tv),
2640 3449 2748 3498 etc.
2808 3439 3054 3507 Quatuor
3091 3435 3226 3492 facit
3252 3434 3566 3507 Apostolus,
3600 3430 3747 3521 fratres
3804 3458 3805 3463 η

2206 3520 2539 3605 cltarissimi,
2579 3535 2631 3590 in
2696 3533 2800 3589 hac
2833 3529 3088 3585 lectione.
3144 3527 3334 3582 Primo
3390 3532 3573 3580 monet
3607 3520 3751 3576 notia

2205 3629 2440 3684 Domino
2470 3626 2727 3696 gaudere,
2760 3621 2996 3680 secundo
3023 3617 3302 3674 modestos
3326 3630 3478 3681 esse,
3510 3612 3650 3668 tertio
3669 3610 3752 3664 sine

2208 3716 2580 3775 sollicitudine
2635 3729 2816 3778 orare,
2854 3721 3051 3784 quarto
3097 3718 3260 3781 rogat
3304 3722 3411 3763 nos
3451 3703 3688 3762 custodiri
3718 3702 3755 3753 in

2205 3826 2364 3882 pace.
2406 3810 2497 3864 Ait
2526 3823 2675 3881 ergo,
2707 3804 2941 3861 Gaudete
2966 3807 3021 3858 in
3058 3802 3312 3859 Domino.
3346 3799 3410 3854 Si
3448 3812 3551 3852 una
3577 3810 3651 3857 re,
3672 3792 3755 3846 fra-

2209 3911 2343 3967 tres,
2402 3899 2580 3955 omnis
2637 3898 2798 3952 homo
2843 3894 3128 3966 gauderet,
3188 3905 3480 3961 nunquam
3524 3882 3757 3957 Apostolus

2208 4008 2334 4048 cum
2365 3988 2839 4054 determinatione,
2900 3982 3136 4039 Gaudete
3164 3984 3220 4037 in
3272 3981 3533 4046 Domino,
3564 3978 3757 4032 dixisset.

2208 4085 2311 4140 Est
2360 4084 2506 4139 enim
2536 4080 2794 4153 gaudium
2851 4076 3072 4148 triplex,
3126 4074 3460 4145 malignum,
3514 4086 3707 4133 vanum,
3726 4077 3763 4120 et

2207 4178 2436 4234 bonum.
2468 4173 2700 4242 Quidam
2733 4171 2876 4227 enim
2927 4168 3166 4240 gaudent
3188 4168 3258 4221 de
3297 4166 3476 4232 malo,
3522 4163 3584 4218 de
3614 4162 3762 4231 quibus

2214 4270 2415 4329 dicitur
2438 4286 2451 4323 :
2477 4266 2756 4322 Lcetantur
2778 4279 2897 4320 cum
2922 4261 3065 4317 male
3086 4261 3335 4333 fecerint,
3363 4268 3416 4313 et
3471 4252 3765 4312 exsultantis

2210 4364 2365 4418 rebus
2408 4360 2646 4433 pessimis
2702 4359 2883 4430 (Prov.
2917 4355 3001 4427 tt).
3046 4354 3143 4411 His
3186 4354 3328 4410 adeo
3363 4351 3554 4423 placet
3593 4348 3765 4406 malum.

2215 4453 2362 4526 quod
2392 4453 2561 4508 etiam
2616 4451 2735 4506 sine
2764 4464 2862 4505 sua
2915 4446 3151 4502 utilitate
3200 4444 3492 4517 gaudeant
3540 4442 3593 4497 in
3627 4453 3768 4495 eorum

514 4558 727 4609 tentus.
753 4551 905 4608 Sicut
939 4554 1082 4610 enim
1115 4554 1258 4609 Mars
1280 4553 1416 4611 duro
1436 4553 1607 4611 milite
1636 4554 1854 4627 gaudet,
1884 4554 1975 4625 qui
1999 4553 2111 4612 for-
2142 4563 2190 4620 1)
2217 4546 2422 4602 dolore-
2447 4544 2553 4599 Alii
2588 4558 2719 4599 vero
2748 4539 2983 4614 gaudent
3038 4538 3107 4593 de
3155 4552 3323 4604 ""0.
3357 4537 3418 4592 id
3450 4543 3537 4591 εει
3566 4532 3630 4589 δέ
3666 4544 3766 4627 τξφ

518 4647 653 4703 titer
700 4647 968 4703 sustineat
990 4647 1217 4715 calores,
1248 4647 1480 4719 algores,
1510 4657 1565 4704 et
1618 4647 1854 4716 labores,
1883 4647 1958 4703 ita
1993 4647 2105 4705 Do-

518 4737 701 4792 minus
725 4738 889 4796 duros
920 4748 1068 4795 amat
1100 4739 1319 4807 milites,
1369 4738 1706 4796 etfeminatos
1730 4738 2030 4795 contemnit
2052 4751 2109 4795 et

512 4834 728 4890 molles.
755 4833 881 4890 Inde
902 4843 991 4890 est
1022 4835 1165 4905 quod
1220 4834 1393 4890 sancti
1427 4832 1641 4899 Patres,
1685 4832 1826 4887 sicut
1886 4832 1939 4887 in
1967 4831 2107 4888 Vitis

510 4928 737 4983 Patrum
764 4916 1025 5000 legimus,
1053 4927 1272 4996 balnea,
1322 4935 1619 4997 unguenta,
1653 4923 1920 4995 huiusque
1960 4925 2106 4980 modi

513 5022 700 5078 mollia
731 5022 1065 5089 devitabant,
1097 5038 1164 5079 ne
1188 5021 1435 5091 corporis
1467 5018 1551 5074 sui
1601 5017 1855 5072 duritiem
1894 5016 2106 5072 emolli-

512 5124 658 5170 rcnt.
692 5114 871 5171 Mollia
902 5117 1093 5181 etiam,
1144 5116 1362 5179 fratres,
1417 5126 1582 5182 opera
1630 5109 1820 5181 fugite,
1869 5124 1989 5180 qua:
2018 5108 2105 5164 fa-

513 5208 666 5264 ciunt
703 5208 968 5280 quicarni
994 5209 1256 5276 serviunt,
1311 5207 1403 5277 qui
1443 5204 1714 5261 aedificant
1765 5204 1995 5276 lignum,
2026 5202 2106 5258 fe-

496 5316 670 5367 ,num,
710 5301 963 5374 stipulam
1019 5305 1141 5373 igne
1189 5297 1660 5353 concretnendam.
1690 5295 1867 5351 Mollia
1890 5307 2105 5364 quoque

518 5395 706 5460 verba,
761 5395 812 5451 id
865 5404 949 5451 est
1008 5391 1369 5454 adulationes,
1420 5400 1628 5452 cavete.
1689 5404 1811 5458 qua:
1839 5398 2103 5459 quantum

516 5488 772 5559 fugienda
801 5488 932 5553 sint,
964 5485 1201 5540 ostendit
1249 5481 1542 5553 propheta.
1611 5478 1724 5548 Vtv,
1782 5477 1982 5548 inquit,
2028 5476 2104 5530 eis

516 5584 607 5653 qui
628 5582 723 5636 sub
773 5580 946 5635 cubito
973 5577 1218 5649 pulvinar
1253 5582 1455 5646 ponunt
1482 5572 1701 5645 (Ezech.
1729 5572 1873 5641 xm).
1915 5567 2099 5624 Pulvi-

516 5693 615 5730 nar
637 5687 852 5745 quoque
879 5671 982 5728 sub
1035 5670 1216 5726 cubito
1250 5671 1419 5742 ponit,
1469 5667 1562 5740 qui
1611 5665 1896 5722 cadentem
1926 5678 1955 5717 a
1980 5675 2104 5717 rec-

520 5770 755 5823 titudine
821 5767 1055 5821 animam
1105 5765 1303 5821 blande
1331 5779 1428 5834 per
1457 5759 1818 5817 adulationem
1850 5754 2102 5825 suscipit.

520 5861 583 5914 Et
617 5858 941 5914 Psalmista:
993 5858 1280 5927 Quoniam,
1325 5856 1523 5927 inquit,
1561 5853 1814 5910 laudatur
1857 5856 2106 5922 peccator

2212 4647 2267 4695 et
2298 4638 2572 4693 mundana
2617 4632 3004 4707 prosperitate,
3046 4630 3115 4686 de
3145 4630 3348 4700 quibus
3371 4628 3635 4685 Salomon
3661 4640 3677 4677 :
3706 4622 3769 4675 lti-

2211 4746 2331 4785 sum
2354 4727 2588 4799 reputavi
2615 4740 2870 4793 errorem,
2908 4734 2957 4778 et
2981 4721 3179 4794 gaudio
3204 4721 3323 4775 dixi
3349 4733 3375 4773 :
3418 4720 3568 4785 Quid
3614 4718 3768 4788 frustm
3804 4746 3805 4763 ι

2212 4821 2464 4895 deciperis
2490 4819 2517 4875 2
2555 4818 2755 4891 (Eccle.
2782 4819 2868 4887 ιι).
2894 4815 2998 4871 Ista
3052 4814 3158 4870 duo
3191 4812 3420 4884 gaudia,
3454 4812 3649 4867 fratres
3680 4806 3770 4870 mei,

2213 4916 2359 4972 mala
2392 4922 2543 4970 sunt.
2584 4912 2649 4967 Et
2705 4913 2773 4966 de
2809 4908 3076 4965 ambobus
3109 4905 3447 4975 intelligitur
3476 4904 3608 4958 illud
3658 4899 3771 4953 Salo-

2209 5011 2391 5067 monis
2424 5026 2437 5063 :
2489 5006 2649 5061 Risus
2689 5002 2869 5059 dolore
2908 5001 3236 5066 miscebitur,
3259 5008 3307 5053 et
3354 5010 3604 5057 extrema
3634 4991 3769 5067 gaudii
3804 4984 3805 4987 “

2211 5105 2384 5161 luctus
2425 5110 2643 5173 occupat
2667 5098 2852 5173 (Prov.
2893 5097 3033 5169 χιιι).
3065 5096 3131 5151 Et
3160 5094 3293 5150 illud
3332 5092 3626 5165 Evangelii
3659 5109 3670 5143 :
3710 5089 3771 5141 l'e

2211 5199 2361 5254 vobis
2384 5197 2477 5270 qui
2526 5191 2753 5249 ridetis!
2781 5192 2905 5263 quia
2934 5189 3174 5260 lugebitis
3204 5188 3363 5258 (Luc.
3396 5187 3509 5255 VI).
3544 5186 3610 5241 Et
3632 5183 3769 5239 alibi:
3804 5190 3805 5263 ξ

2225 5292 2314 5348 Vae
2342 5291 2484 5347 vobis
2505 5287 2776 5353 divitibus,
2799 5286 2889 5357 qui
2910 5283 3111 5338 habetis
3161 5283 3247 5336 hic
3277 5283 3693 5336 consolationem
3714 5291 3771 5328 sc-

2213 5382 2408 5439 stram!
2431 5379 2635 5453 (Ibid.)
2659 5378 2765 5432 Alii
2822 5378 3057 5448 gaudent
3080 5374 3149 5430 de
3185 5373 3350 5438 bono,
3387 5373 3471 5429 illi
3502 5366 3770 5440 scilitetqai

2212 5477 2267 5530 in
2293 5473 2522 5529 Domino
2550 5471 2805 5542 gaudent.
2841 5468 2996 5525 Unde
3021 5465 3310 5537 Apostolus
3326 5465 3473 5521 alibi
3502 5486 3517 5520 :
3554 5465 3655 5531 Qui
3688 5463 3769 5531 gic-

2211 5567 2405 5630 riatur,
2434 5565 2490 5618 in
2525 5563 2752 5618 Domino
2780 5560 3034 5633 glorietur
3057 5558 3108 5630 (I
3139 5558 3265 5613 Cor.
3288 5557 3349 5628 ι).
3387 5556 3465 5612 Ει
3501 5556 3595 5612 hic
3620 5571 3636 5609 :
3666 5551 3766 5607 (iss.

2211 5661 2352 5723 dete,
2376 5655 2571 5725 inquit,
2598 5656 2653 5709 in
2675 5654 2920 5709 Domino.
2950 5651 3055 5708 Sed
3077 5664 3249 5723 quare
3268 5648 3599 5720 duplicavit.
3612 5647 3767 5700 Item

2213 5752 2331 5806 dico
2356 5763 2375 5802 :
2408 5747 2666 5804 Gaudete.
2698 5744 2832 5813 Quia
2860 5744 3113 5813 gaudium
3145 5752 3234 5799 est
3263 5742 3312 5797 in
3345 5756 3481 5811 spe,
3516 5739 3605 5797 vel
3632 5739 3679 5793 in
3698 5746 3767 5787 uss

2212 5844 2294 5900 rei
2326 5852 2523 5899 amata:
2552 5838 2789 5895 dilectio.
2822 5835 2923 5893 llic
2950 5837 3118 5907 enim,
3141 5835 3362 5901 fratres,
3390 5844 3613 5889 tantum
3641 5832 3685 5887 in
3704 5840 3765 5895 sit:
