3820 6312
24 500 27 501 ν
85 402 196 467 illi!)

752 403 1057 466 HOMILIE
1099 403 1169 468 ΙΝ
1191 400 1412 469 EPIST.
1454 395 1543 468 ET
1570 404 1827 467 EVANG.
1869 404 2171 474 DOMlNlC.
2201 446 2272 461 -
2305 409 2512 472 PARS.
2547 412 2591 471 l.

3165 421 3186 481 i
3199 416 3303 482 690

82 524 341 582 caelestium
367 520 686 594 gaudiorum
731 526 1051 596 gaudemus,
1079 528 1272 584 nonin
1301 544 1380 595 re,
1439 536 1616 583 tamen
1647 531 1695 590 Α
1726 530 1943 587 subdit:
1992 531 2251 589 Dominus
2298 549 2456 605 prope
2508 541 2605 587 est.
2657 529 2753 588 Est
2804 534 2999 608 quippe
3046 537 3305 597 Dominus

78 624 173 695 plus
189 636 338 692 quam
377 621 431 675 in
458 636 554 693 spe
583 622 899 694 gaudemus,
920 625 1174 694 quoniam
1223 634 1277 680 et
1308 624 1352 680 si
1396 640 1501 680 non
1524 624 1619 681 ha-

79 717 241 771 bemus
294 712 380 768 hic
441 730 579 778 rem,
616 715 878 772 habemus
930 726 1106 772 tamen
1163 717 1403 786 arrham,
1455 731 1617 788 quam

76 806 324 879 Apostolus
358 808 623 876 primitias
673 809 887 879 spiritus
935 818 1082 864 vocnt
1130 808 1473 880 (Rom.vm),
1509 810 1618 864 vir-

76 909 189 955 tutes
211 897 474 964 videlicet,
498 910 553 954 et
581 900 717 955 dona
748 898 983 971 Spiritus
1011 902 1207 957 sancti.
1239 901 1418 958 Mouet
1449 903 1618 973 igitur

71 990 320 1062 Apostolus
348 999 406 1045 ut
429 993 766 1061 gaudeamus
804 995 855 1049 in
888 1010 989 1050 usu
1030 996 1310 1061 virtutum,
1341 1004 1396 1051 et
1442 997 1496 1052 in
1520 1010 1616 1067 spe

70 1083 401 1158 praemiorum.
427 1086 772 1144 Gaudeamus
817 1090 871 1145 in
926 1106 1027 1146 usu
1054 1091 1330 1157 bonitatis,
1359 1091 1488 1147 etin
1518 1105 1614 1162 spe

66 1177 400 1233 beatitudinis.
426 1176 771 1237 Gaudeamus
792 1180 846 1236 in
880 1196 978 1237 usu
1004 1186 1216 1239 munda:
1245 1184 1612 1251 conscientiae,

67 1270 181 1326 etin
206 1284 295 1340 spe
318 1270 488 1326 beatae
517 1272 666 1331 vitae.
696 1271 964 1342 Primum,
985 1275 1206 1343 fratres,
1245 1278 1498 1349 gaudium
1530 1289 1614 1336 est

65 1378 306 1432 magnum,
339 1365 434 1420 sed
465 1366 759 1421 secundum
798 1377 879 1423 est
907 1371 1227 1427 maximum.
1274 1372 1413 1439 Quid
1467 1373 1609 1429 enim

63 1455 337 1522 biclzetius,
371 1457 501 1527 quid
524 1458 835 1527 iucundius,
861 1461 988 1530 quid
1028 1461 1399 1519 delectabilius
1423 1465 1610 1521 haberi

60 1555 224 1617 potest,
245 1562 399 1617 quam
450 1548 595 1604 inter
639 1550 869 1607 mundos
900 1554 1119 1620 munde,
1160 1564 1217 1610 et
1246 1555 1386 1611 inter
1420 1557 1608 1613 ebrios

58 1640 216 1692 vivere
261 1638 461 1704 sobrie,
494 1655 658 1710 quam
710 1643 889 1697 omnia
927 1644 1196 1700 mundana
1244 1645 1344 1701 sub
1387 1647 1610 1717 pedibus

57 1729 247 1796 habere,
287 1745 389 1784 non
421 1731 668 1787 adversis
693 1731 891 1806 frangi,
914 1738 1188 1807 prosperis
1217 1753 1321 1792 non
1351 1740 1606 1806 emolliri,

56 1824 200 1879 solum
234 1822 398 1879 Deum
426 1826 639 1894 timere,
664 1827 921 1882 mundam
958 1831 1349 1887 conscientiam
1380 1833 1606 1899 habere,

54 1929 215 1968 secure
274 1915 473 1983 vivere,
515 1924 749 1971 mortem
775 1933 882 1972 non
933 1919 1145 1985 timere,
1175 1922 1268 1977 sed
1300 1922 1465 1977 etiam
1492 1939 1605 1979 ca:-

51 2003 182 2058 lestia
204 2006 392 2074 gaudia
434 2016 626 2078 optare
649 2015 705 2063 et
733 2023 857 2064 cum
888 2011 1215 2068 certitudiue
1244 2015 1609 2084 exspectare?

50 2093 137 2151 Per
159 2097 257 2151 hoc
281 2098 500 2169 quippe,
534 2098 756 2169 fratres,
782 2101 962 2156 divina
1014 2103 1242 2160 dulcedo
1271 2121 1375 2160 non
1430 2106 1606 2163 solum

47 2198 389 2259 exspectatur,
443 2191 539 2246 sed
595 2200 649 2247 et
698 2194 1075 2263 praaodoratur
1122 2204 1178 2251 et
1217 2207 1602 2269 prmgustatur.

49 2280 144 2336 lloc
159 2290 578 2352 prtegustaverat
605 2283 898 2355 Propheta,
951 2286 1043 2356 qui
1086 2287 1362 2344 admirans
1391 2299 1447 2345 et
1472 2305 1608 2360 gau-

47 2375 159 2430 deus
183 2375 391 2430 dicebat
417 2394 432 2429 :
465 2375 644 2442 Quam
667 2377 835 2432 bonus
867 2377 1041 2434 Israel
1087 2378 1230 2435 Deus
1251 2382 1335 2436 Itis
1356 2385 1445 2453 qui
1466 2394 1607 2439 recto

42 2475 145 2518 stmt
172 2465 323 2519 corde
354 2464 529 2538 (Psal.
552 2468 749 2541 Lxxn).
794 2468 877 2524 Ad
900 2471 1042 2540 quod
1084 2471 1476 2541 degustandum
1509 2491 1609 2534 nos

44 2559 186 2614 etiam
238 2560 489 2615 hortatur
527 2562 754 2622 dicens:
802 2563 1024 2619 Gustate
1066 2574 1114 2620 et
1163 2566 1331 2621 videte
1357 2570 1606 2639 quoniam

48 2654 204 2707 suavis
229 2663 305 2707 est
328 2653 588 2710 Dominus
611 2654 786 2727 (Psal.
833 2657 1056 2729 χχχιιι).
1105 2657 1221 2714 Hoc
1256 2658 1474 2728 fratres,
1504 2661 1610 2718 hoc

34 2744 447 2813 estgaudiumin
479 2746 682 2817 Spiritu
706 2755 913 2804 sancto.
965 2748 1078 2805 Hoc
1129 2759 1214 2807 est
1241 2763 1428 2807 verum
1473 2768 1603 2823 gau-

34 2834 184 2901 dium,
213 2852 399 2891 vcrum
428 2838 713 2894 sabbatum
738 2840 957 2896 mentis.
1008 2840 1086 2895 De
1113 2855 1222 2911 quo
1250 2844 1415 2898 etiam
1445 2843 1608 2901 Salo-

34 2941 143 2982 mon
180 2945 194 2983 :
228 2928 433 2984 Secura
476 2947 642 3015 mens,
707 2933 904 3004 inquit,
940 2935 1070 3006 juge
1096 2936 1385 2991 convivium
1418 2934 1602 3009 (Prov.

30 3016 130 3089 xv).
158 3018 293 3085 Hoc,
316 3019 541 3090 fratres,
580 3023 835 3092 gaudium
865 3039 973 3079 non
1031 3024 1350 3081 miscebitur
1390 3027 1599 3095 dolore,

24 3109 108 3164 sed
132 3110 196 3164 ad
256 3126 530 3167 summum
567 3125 623 3168 et
675 3116 1065 3185 sempiternum
1116 3132 1215 3173 nos
1259 3117 1424 3174 ducet
1474 3135 1605 3190 gau-

25 3202 180 3271 dium,
210 3203 465 3260 videlicet
491 3205 558 3261 ad
591 3207 846 3276 gaudium
886 3207 1005 3263 sine
1044 3222 1298 3277 maerore,
1329 3211 1447 3267 sine
1471 3213 1598 3279 line,
1630 3249 1672 3307 Ο

22 3293 129 3348 sine
157 3303 328 3359 metu,
377 3297 498 3351 sine
554 3294 766 3352 defectu
810 3298 924 3363 ;ad
980 3301 1235 3370 gaudium
1289 3302 1343 3356 in
1392 3302 1602 3360 visione

20 3382 126 3448 Dei,
154 3384 207 3440 in
252 3401 423 3456 quant
473 3386 787 3443 desiderant
834 3389 1006 3461 angeli
1038 3392 1345 3463 prospicere
1366 3392 1421 3464 (Ι
1450 3393 1598 3449 Petr.

18 3477 73 3548 ι).
101 3477 366 3546 Quoniam
393 3488 573 3535 autem
620 3496 815 3552 magna
866 3483 1063 3552 gaudia
1109 3485 1283 3541 solent
1326 3486 1602 3544 hominem

18 3571 100 3626 hic
145 3570 543 3642 resolvere‘tet
597 3572 960 3644 improvidum
1012 3574 1217 3644 facere,
1274 3578 1425 3634 addit
1458 3578 1604 3650 Apoc

17 3663 191 3721 stolas.

75 3758 342 3814 Modestia
385 3767 559 3816 vestra
589 3769 723 3817 nota
751 3763 823 3817 sit
850 3764 1093 3820 omnibus
1137 3764 1458 3822 hominibus.
1506 3767 1604 3824 Est

17 3858 200 3916 autem,
245 3850 471 3916 fratres,
497 3852 614 3908 haec
641 3868 768 3922 pars
794 3855 1056 3923 secunda,
1091 3855 1144 3910 in
1178 3871 1285 3926 qua
1332 3868 1517 3914 monet
1544 3858 1600 3914 in

18 3944 257 3999 omnibus
280 3960 385 4000 uos
425 3946 699 4002 modestos
732 3962 878 4013 esse,
917 3963 980 4003 ac
1005 3949 1048 4003 si
1067 3948 1273 4005 diceret
1295 3967 1310 4004 :
1333 3950 1599 4020 Gaudete,

17 4032 215 4103 Fratres,
240 4035 343 4091 sed
386 4038 632 4093 modeste
664 4054 680 4104 ;
714 4037 931 4109 psallite
955 4038 1211 4109 Domino,
1242 4044 1338 4098 sed
1377 4042 1597 4113 sapieno

17 4143 97 4184 .er.
133 4129 320 4186 Porro
352 4129 624 4187 modestia
680 4140 764 4187 est
807 4132 981 4188 virtus
1018 4133 1161 4189 inter
1211 4135 1375 4191 nimis
1410 4146 1465 4192 et
1493 4137 1599 4193 mi-

18 4241 122 4295 nus,
150 4239 358 4286 tenens
389 4222 845 4285 mediocritatem.
899 4228 1026 4285 llaec
1056 4228 1232 4285 virtus
1274 4237 1599 4286 czeterarum

17 4321 238 4376 »ηιιιὶυιιι
273 4323 548 4377 virtutum
575 4322 985 4378 condimentum
1025 4330 1128 4377 est.
1187 4321 1423 4392 Impetus
1452 4322 1598 4379 enim

17 4422 91 4479 ist,
123 4430 236 4469 non
298 4416 468 4483 ratio,
498 4416 761 4486 quidquid
809 4419 870 4470 tit
899 4415 1018 4471 sine
1046 4415 1398 4472 moderantiac
1420 4415 1594 4472 freno.

17 4504 137 4561 iane
172 4507 461 4562 modestia
506 4507 604 4560 tria
634 4505 786 4573 facit,
833 4505 970 4564 facit
1005 4506 1150 4562 enim
1184 4506 1460 4563 hominem
1483 4522 1598 4563 sua:

1721 622 1979 678 modestis
1998 639 2186 694 prope.
2219 623 2391 694 Pr0pe
2410 621 2781 688 similitudine,
2805 640 2969 697 prope
2992 627 3301 698 dilectione,

1719 729 1885 786 prope
1925 718 2373 772 remuneratione.
2405 715 2669 784 Quoniam
2696 731 2831 787 quos
2859 733 2955 787 per
2981 710 3302 777 modestiam

1720 806 1800 861 sui
1823 805 2033 862 similes
2061 816 2288 876 spectat,
2315 805 2490 879 diligit
2516 815 2568 860 et
2591 816 2920 862 remunerat.
2956 807 3079 865 llmc
3103 815 3301 879 virtus,

1720 897 1940 965 fratres,
1981 898 2198 972 Moysen
2227 909 2281 955 et
2303 897 2496 964 David,
2528 898 2639 954 Deo
2686 907 2873 970 gratos
2908 909 2962 956 et
2996 886 3303 959 hominibus

1717 989 1912 1056 effecit,
1956 1007 2185 1063 quorum
2211 991 2346 1047 alter
2376 990 2571 1062 legitur
2605 1006 2705 1063 pro
2736 991 2972 1049 inimicis
2996 993 3111 1048 suis
3150 1008 3305 1049 oras-

1717 1098 1796 1150 se,
1821 1085 1961 1140 alter
2002 1100 2128 1141 vero
2165 1086 2404 1153 inimico,
2438 1100 2596 1141 suum
2641 1084 2961 1157 sanguinem
2998 1084 3300 1163 ‘quatrenti,

1713 1178 2046 1247 pepercisse.
2095 1178 2376 1235 Discamus
2433 1187 2489 1235 et
2537 1194 2657 1247 nos,
2709 1178 2931 1247 fratres,
2978 1176 3302 1233 modestiam

1715 1269 1770 1324 in
1797 1271 2050 1326 oumihus
2091 1280 2297 1338 tenere,
2332 1281 2511 1329 motus
2561 1272 2741 1328 cordis
2799 1270 2971 1327 nostri
3002 1270 3298 1336 refrenare,

1716 1358 2130 1430 nobismetipsis
2159 1360 2452 1427 dominari,
2516 1360 2743 1415 aliorum
2777 1360 3139 1416 dissonantias
3186 1374 3300 1415 mo-

1715 1448 1920 1514 derari,
1949 1450 2077 1512 Deo,
2115 1451 2205 1521 qui
2236 1450 2351 1506 sine
2404 1459 2551 1507 motu
2586 1452 2767 1507 omnia
2808 1450 2954 1517 facit,
2991 1449 3299 1515 assimilari,

1715 1550 1774 1596 ut
1803 1540 1871 1597 ab
1894 1557 1959 1598 eo
1988 1557 2294 1599 mereamur
2317 1542 2466 1615 diligi
2502 1552 2557 1600 et
2580 1544 2940 1609 remunerari,
2976 1542 3128 1613 juxta
3156 1540 3300 1613 quod

1715 1634 1832 1705 ipse
1879 1634 2175 1704 promisit:
2230 1632 2405 1699 Beati,
2440 1633 2634 1703 inquit,
2678 1633 2855 1699 mites,
2906 1634 3151 1705 quoniam
3198 1629 3301 1704 ipsi

1711 1724 2043 1794 possidebunt
2075 1735 2269 1781 terram
2298 1724 2510 1797 (Matth.
2540 1740 2593 1791 ν,
2625 1724 2704 1800 4).

1786 1816 2047 1888 Sequitur
2072 1834 2200 1890 pars
2224 1820 2402 1885 tertia,
2433 1818 2487 1874 in
2525 1833 2629 1889 qua
2673 1826 2859 1874 monet
2886 1831 2985 1873 nos
3004 1816 3300 1888 Apostolus

1640 1888 1685 1945 Β
1711 1908 1829 1964 sine
1855 1888 2214 1967 sollicitudine
2265 1924 2444 1977 orare,
2476 1888 2684 1967 dicens.
2716 1907 2869 1963 Nihil
2888 1908 3121 1981 {solliciti
3163 1910 3299 1976 sitis,

1708 2005 1800 2058 sed
1822 2002 1877 2057 in
1903 2003 2046 2057 omni
2068 2002 2329 2069 oratione,
2380 2011 2489 2058 etc.
2521 2002 2589 2057 Et
2616 2001 3028 2069 convenienter,
3079 2000 3299 2067 fratres,

1708 2095 1834 2149 dum
1876 2093 2129 2148 hortatur
2155 2108 2254 2148 nos
2285 2093 2353 2149 ad
2380 2094 2667 2159 orandum,
2690 2093 2951 2165 praemisit
2971 2106 2990 2145 :
3026 2090 3177 2148 Nihil
3192 2091 3303 2147 solo

1706 2186 1839 2242 liciti
1855 2187 1991 2241 sitis.
2019 2186 2164 2241 Nihil
2203 2186 2347 2242 enim
2397 2186 2518 2259 plus
2567 2185 2798 2258 impedit
2849 2194 3095 2243 orantem
3136 2200 3301 2258 quam

1713 2278 2040 2335 sollicitudo.
2096 2278 2154 2334 Si
2198 2279 2343 2333 enim
2403 2276 2623 2345 fratres,
2666 2277 2844 2333 nullus
2885 2277 2959 2332 ita
2990 2277 3131 2334 liber
3157 2286 3242 2334 est
3268 2293 3301 2334 a

1708 2374 1853 2430 curis
1876 2373 2246 2439 saecularibus,
2300 2381 2356 2429 et
2399 2371 2635 2429 orationi
2666 2372 2917 2440 devotus,
2963 2373 3053 2444 qui
3084 2374 3138 2428 in
3164 2388 3291 2428 ora-

1708 2467 1853 2523 tione
1879 2466 2205 2539 quandoque
2234 2464 2465 2522 insultus
2493 2465 3298 2537 dtemouiorum,phantasmata

1705 2561 2089 2633 cogitationum
2132 2575 2392 2616 vanarum
2443 2574 2549 2616 non
2599 2558 2823 2615 sentiat.
2898 2557 3064 2627 Quid,
3102 2558 3300 2615 fratres

1706 2651 1837 2719 mei,
1890 2651 2021 2724 quid
2067 2651 2272 2723 putatis
2326 2651 2394 2705 de
2432 2649 2561 2719 illis,
2602 2664 2835 2721 quorum
2891 2658 3001 2705 tota
3047 2665 3201 2707 mens
3243 2659 3301 2705 et

1705 2742 2036 2799 desiderium
2086 2751 2340 2800 versatur
2376 2742 2428 2798 in
2468 2742 2849 2816 temporalium
2892 2741 3302 2799 sollicitudine?

1707 2835 1773 2892 Hi
1804 2835 2062 2891 nimirum
2095 2836 2140 2893 si
2195 2835 2519 2907 quandoque
2568 2851 2729 2892 orare
2773 2836 3058 2907 cmperint,
3114 2838 3298 2893 statim

1708 2928 1912 2984 revolat
1939 2943 2093 2984 mens
2121 2929 2189 2985 ad
2218 2937 2500 2997 consueta,
2537 2929 2793 2999 quoniam
2822 2928 2912 2984 ubi
2953 2937 3036 2984 est
3072 2929 3298 2986 thesau-

1705 3038 1800 3078 rus
1825 3038 1977 3089 suus,
2008 3020 2077 3077 ibi
2110 3029 2193 3077 est
2223 3029 2278 3077 et
2329 3036 2428 3077 cor
2451 3035 2610 3078 suum
2661 3020 2881 3094 (Matth.
2913 3023 3011 3092 vi).
3038 3020 3295 3089 Proinde,

1706 3115 1930 3183 fratres,
1965 3114 2279 3187 purgandus
2327 3123 2411 3170 est
2454 3115 2605 3186 prius
2648 3113 2864 3170 animus
2912 3114 2979 3171 ab
3009 3129 3196 3172 amore
3244 3122 3299 3171 ct

1707 3208 2075 3267 sollicitudine
2109 3208 2516 3281 temporalium,
2542 3218 2598 3265 et
2638 3209 2688 3264 in
2720 3207 2830 3265 Deo
2861 3217 3005 3264 totus
3031 3207 3296 3281 figendas,

1704 3315 1765 3360 ut
1800 3303 1970 3359 libere
1994 3303 2168 3374 possit
2206 3303 2273 3360 ad
2313 3304 2576 3359 orandum
2603 3302 2772 3358 Deum
2815 3316 3033 3357 vacare.
3066 3301 3172 3357 Sed
3197 3303 3297 3358 etsi

1704 3396 2030 3468 quandoque
2081 3411 2181 3451 nos
2230 3396 2461 3451 orationi
2538 3394 2916 3451 incumbentes
2959 3392 3297 3464 pulsaverint

1704 3491 2083 3565 suggestiones
2114 3491 2423 3546 daemonum
2461 3498 2513 3543 et
2541 3485 2749 3543 nebula:
2774 3501 3033 3541 vauarum
3088 3486 3296 3556 cogita-

1705 3584 1937 3651 tionum,
1984 3585 2282 3640 cavendum
2310 3592 2393 3640 est
2418 3595 2785 3650 summopere,
2834 3577 3053 3647 fratres,
3083 3592 3151 3633 ne
3187 3578 3298 3633 im-

1702 3687 2009 3744 morentur,
2029 3692 2099 3731 ne
2124 3673 2264 3731 forte
2287 3676 2440 3745 juxta
2471 3673 2835 3739 Salomonem,
2857 3687 3052 3726 musca:
3066 3671 3298 3724 morien-

1702 3782 1778 3827 tes
1806 3771 2025 3842 perdant
2047 3770 2358 3824 suavitatem
2387 3762 2852 3838 unguenti(Eccle.
2880 3762 2961 3837 χ),
2983 3764 3077 3821 sed
3108 3763 3292 3820 statim

1702 3863 1757 3920 in
1792 3863 2151 3933 nosmetipsos
2194 3859 2535 3932 indignantes
2562 3873 2728 3914 vanas
2774 3858 3100 3928 quantocius
3128 3858 3293 3913 medi-

1706 3956 1938 4012 tationes
1964 3972 1994 4009 a
2024 3954 2183 4010 nobis
2216 3952 2563 4024 repellamus,
2588 3958 2645 4005 et
2668 3952 2734 4005 ad
2762 3950 2940 4023 ipsum
2985 3950 3290 4006 redeamus.

1704 4046 1979 4117 Scriptum
2016 4056 2101 4101 est
2141 4045 2327 4100 enim:
2372 4043 2762 4099 Descenderunt
2793 4042 3028 4098 volucres
3068 4041 3203 4111 mli,
3242 4053 3290 4097 et

1702 4139 1945 4211 abigebat
1982 4156 2070 4194 eas
2122 4137 2391 4193 Abraham
2442 4134 2599 4208 (Gen.
2650 4134 2762 4208 xv).
2809 4134 2948 4204 Quid
2998 4136 3144 4192 enim
3195 4150 3291 4208 per

1699 4231 1990 4299 sacrificia,
2047 4231 2149 4287 nisi
2198 4228 2520 4285 orationes?
2568 4228 2635 4285 Et
2683 4229 2812 4300 quid
2860 4244 2960 4301 per
3018 4228 3287 4300 volucres,

1699 4324 1804 4380 nisi
1856 4339 2010 4380 vana:
2064 4323 2423 4397 cogitationes
2477 4322 2876 4395 designantur?
2906 4321 3017 4403 Sed
3063 4324 3291 4382 devotus

1700 4426 1909 4485 orator,
1972 4433 2096 4473 cum
2161 4431 2312 4472 vana:
2366 4414 2723 4487 cogitationes
2775 4432 2939 4488 super
2986 4416 3288 4473 orationem

1700 4526 1853 4567 suam
1912 4510 2269 4579 descendunt,
2324 4508 2573 4582 exemplo
2614 4509 2867 4580 Abrahae,
2908 4524 3002 4566 eas
3044 4508 3289 4579 protinus

17 4598 187 4654 uentis
246 4599 464 4655 habere
513 4598 856 4666 dominium;
897 4599 1073 4654 reddit
1122 4613 1245 4654 eum
1287 4598 1594 4654 hominibus
1620 4610 1672 4671 [ι
1698 4602 1937 4673 expellit.

21 4704 221 4760 ratum,
267 4692 410 4749 facit
436 4691 487 4747 ei
512 4692 801 4748 Dominum
828 4692 1208 4765 propinquum.
1243 4692 1395 4762 Quod
1435 4692 1599 4749 faciat

22 4787 274 4841 ominem
310 4784 521 4840 habere
547 4785 630 4841 sui
684 4785 1008 4853 dominium,
1046 4786 1223 4841 innuit
1247 4802 1370 4842 cum
1402 4785 1594 4857 adjun-

19 4879 78 4945 it,
111 4889 318 4934 vestra
350 4877 560 4946 :Quasi
594 4878 796 4935 diceret
824 4893 839 4933 :
864 4877 1123 4935 Modestia
1173 4878 1340 4934 faciat
1370 4894 1465 4934 vos
1505 4893 1600 4934 ve-

19 4982 146 5036 LrOS,
172 4970 362 5039 juxta
422 4970 565 5041 quod
620 4969 976 5040 Philosophus
1032 4970 1154 5025 ait:
1200 4989 1220 5023 ι
1254 4970 1350 5028 Vis
1400 4971 1598 5027 habere

19 5079 245 5135 iagnuut
280 5062 584 5133 imperium
610 5062 634 5115 ?
656 5062 808 5119 Dabo
849 5062 946 5118 tibi
978 5078 1231 5134 maguum
1255 5062 1544 5134 imperium
1575 5080 1591 5117 :

19 5173 189 5227 npera
233 5157 373 5212 tibi.
408 5155 504 5211 Vis
534 5154 731 5211 multos
756 5156 988 5228 regere?
1016 5170 1141 5226 rege
1172 5156 1431 5230 teipsum.
1457 5155 1592 5211 Mul-

19 5265 57 5304 IS
84 5251 247 5305 enim
285 5262 475 5319 reges,
503 5247 550 5303 si
577 5255 633 5303 te
681 5246 820 5301 ratio
849 5247 1074 5303 rexerit.
1112 5266 1132 5300 ι
1167 5246 1304 5303 lliuc
1339 5247 1597 5304 Salomon

29 5352 98 5397 t.:
132 5342 359 5399 Melior
379 5352 456 5396 est
494 5341 695 5411 patiens
724 5341 834 5395 viro
881 5341 1032 5410 forti,
1077 5350 1126 5421 et
1154 5342 1242 5412 qui
1290 5341 1598 5397 dominatur

19 5438 155 5493 timo
188 5453 332 5503 suo,
387 5443 746 5505 expugnatore
803 5434 1012 5488 urbium
1055 5412 1239 5504 (Prov.
1280 5438 1415 5503 xvi).
1444 5433 1598 5502 Quod

19 5531 171 5586 addat
229 5526 531 5586 hominem
590 5525 899 5582 hominibus
941 5534 1151 5595 gratum
1204 5534 1261 5582 et
1310 5525 1596 5592 famosum,

19 5625 228 5681 .tendit
255 5637 399 5679 cum
422 5620 546 5674 ait:
584 5616 734 5674 Nota
773 5621 839 5673 sit
866 5619 1108 5673 omnibus
1165 5619 1489 5686 hominibus,
1534 5636 1598 5676 ac

47 5718 210 5771 dicat
248 5732 265 5769 :
309 5711 498 5767 Tanta
534 5711 606 5766 sit
654 5710 919 5767 modestia
950 5719 1149 5778 vestra,
1199 5712 1341 5781 quod
1393 5714 1472 5767 sui
1506 5713 1600 5767 atl-

27 5810 285 5866 irationc
317 5812 388 5863 et
407 5804 653 5875 exemplo
681 5804 927 5861 homines
968 5805 1035 5860 ad
1071 5820 1129 5860 se
1155 5808 1412 5862 attrahat.
1444 5805 1598 5875 Quod

26 5911 140 5965 ciat
170 5907 501 5964 Dominum
537 5905 740 5961 homini
778 5905 1162 5978 propinquum,
1206 5910 1441 5966 ostendit
1472 5924 1597 5967 cum

1776 4695 1887 4752 Sed
1912 4695 1968 4749 in
1997 4695 2138 4750 omni
2169 4696 2431 4763 oratione,
2459 4693 2661 4767 inquit,
2682 4703 2733 4748 et
2760 4691 3135 4760 obsecratione,
3168 4708 3287 4748 cum

1698 4790 2001 4863 gratiarum
2032 4790 2260 4859 actione,
2284 4790 2554 4861 petitiones
2577 4798 2758 4845 vestrae
2791 4789 3116 4843 innotescunt
3145 4784 3287 4858 apud

1702 4881 1891 4937 Deum.
1933 4882 2144 4949 Oratio,
2195 4881 2418 4948 fratres,
2453 4888 2664 4936 tantum
2694 4877 2756 4933 fit
2800 4894 2899 4950 pro
2924 4876 3083 4933 bonis
3116 4876 3288 4947 adipi-

1700 4974 1937 5042 scendis,
1958 4974 2262 5031 obsecratio
2293 4990 2394 5046 pro
2439 4973 2599 5029 malis
2624 4968 2985 5027 removendis.
3019 4968 3163 5035 llaec,
3206 4968 3289 5024 in-

1699 5067 1837 5137 quit,
1865 5066 2366 5136 innotescautapud
2400 5065 2591 5133 Deum,
2651 5063 2704 5119 id
2734 5072 2817 5119 est
2845 5060 2969 5117 talia
3028 5060 3207 5116 taliter
3231 5065 3289 5116 et

1702 5160 1795 5215 tali
1823 5159 2125 5216 intentione
2175 5167 2446 5230 petantur,
2508 5167 2567 5212 ut
2607 5158 2765 5228 digna
2823 5155 2933 5211 sint
2980 5170 3101 5226 qua:
3143 5153 3288 5210 Deus

1701 5262 1893 5309 noscat
1914 5262 1967 5309 et
1998 5254 2202 5308 audiat.
2230 5250 2488 5307 Pctamus
2518 5251 2707 5322 igitur,
2734 5250 2959 5318 fratres,
2981 5266 3012 5305 a
3034 5250 3286 5317 Domino,

1700 5361 1809 5401 non
1840 5363 1991 5416 opes,
2022 5360 2125 5400 non
2175 5345 2433 5410 honores,
2466 5359 2571 5400 non
2624 5344 2789 5399 vitam
2828 5344 2881 5398 in
2940 5344 3044 5399 hoc
3088 5342 3286 5398 szeculo

1700 5439 1915 5509 longam
1950 5455 2106 5509 :qua:
2133 5438 2224 5510 qui
2276 5446 2488 5508 petunt,
2533 5451 2639 5491 non
2672 5435 3061 5504 exaudiuntur,
3109 5442 3167 5489 ut
3209 5433 3285 5488 ait

1700 5529 1957 5598 Jacobus,
1984 5546 2048 5587 eo
2076 5532 2216 5602 quod
2246 5530 2463 5599 indigne
2507 5539 2694 5601 petant
2716 5527 2859 5601 (Jac.
2892 5526 2988 5598 ιν).
3024 5525 3151 5591 Sed,
3176 5524 3285 5579 Do-

1701 5624 1850 5679 tnino
1879 5624 2123 5689 docente,
2173 5635 2422 5695 petamus
2463 5624 2691 5694 primum
2722 5638 2936 5693 regnum
2964 5618 3081 5687 Dei,
3114 5628 3161 5672 et
3194 5618 3292 5705 juo.

1702 5720 1904 5774 stitiam
1936 5720 2049 5791 ejus
2098 5718 2313 5791 (Matth.
2340 5720 2438 5790 vt).
2472 5717 2729 5773 Pctamus
2765 5726 2818 5770 ct
2849 5713 3079 5784 qualiter
3122 5711 3282 5766 debe-

1702 5814 2025 5876 mus,cordc
2056 5812 2260 5867 scilicet
2287 5820 2339 5867 et
2387 5826 2572 5881 opere,
2606 5818 2660 5864 et
2687 5825 2809 5864 cum
2868 5806 3085 5863 fiducia.
3129 5801 3282 5857 Unde

1700 5906 1963 5962 Iacobus:
1983 5905 2040 5961 Si
2074 5907 2208 5975 quis,
2237 5906 2429 5977 inquit,
2477 5903 2671 5975 indiget
2699 5901 2979 5975 sapientia,
3005 5895 3223 5970 postulet
3246 5913 3287 5980 ts
