3814 6346
82 443 216 500 1695

775 445 1082 505 ιιοιίιιιιε
1116 445 1186 504 1N
1224 445 1445 506 EPIST.
1473 445 1558 503 ar
1602 418 1874 501 EVANG.
1909 444 2204 508 DOMlNlC.
2241 480 2293 491 —
2333 449 2513 508 rans
2541 451 2584 508 ι.

3203 451 3340 514 169ι

78 573 242 615 uxore
263 559 635 630 despiceretur,
665 577 729 619 eo
752 565 896 634 quod
919 580 1104 621 coram
1137 582 1262 623 arca
1295 567 1504 623 Domini
1534 565 1643 623 sal-
1672 556 1719 622 Α
1751 573 1889 634 erat,
1918 569 2156 626 ostendit
2183 584 2306 626 cum
2340 569 2616 626 hilaritate
2641 573 2786 644 quod
2815 579 2951 632 erat.
2982 571 3119 630 Nam
3151 573 3339 648 inqui-

76 659 257 716 tasset,
308 651 413 706 ait:
467 651 710 722 Ludunt,
759 663 808 708 et
862 657 1111 711 humilior
1161 659 1321 727 ﬁam,
1365 659 1641 730 plusquam

73 742 240 811 factus
265 760 392 812 sum,
416 754 463 798 et
495 761 586 800 ero
608 747 822 802 humilis
843 749 898 803 in
925 750 1092 805 oculis
1121 754 1248 806 meis
1277 751 1364 824 (II
1389 751 1518 823 Reg.
1544 753 1640 824 VI).

70 833 143 887 Et
174 835 359 890 Doctor
399 837 666 907 gentium,
713 840 805 909 qui
853 855 1029 912 usque
1072 841 1138 897 ad
1191 844 1407 899 tertium
1447 844 1641 901 ccelum

69 935 252 994 raptus
289 925 458 982 fuerat
491 947 503 982 :
537 926 651 999 Ego
680 947 816 998 sum,
862 931 1063 1004 inquit,
1101 934 1351 990 minimus
1381 936 1644 1006 apostolo-

70 1032 204 1082 rum,
228 1017 308 1084 qui
333 1034 430 1072 non
459 1036 573 1074 sum
609 1022 799 1094 dignus
821 1027 995 1079 vocari
1020 1024 1354 1100 apo_stolus(l
1377 1025 1499 1082 Cor.
1527 1030 1639 1098 .\v).

73 1107 231 1175 Ecce,
252 1107 455 1176 fratres,
489 1111 648 1168 Vetus
671 1121 726 1167 ct
753 1112 962 1170 Novum
988 1115 1392 1172 Testamentum
1419 1132 1642 1188 percur-

71 1200 252 1267 rendo,
286 1202 568 1260 invenietis
609 1220 802 1263 omnes
849 1218 1068 1264 sanctos
1097 1208 1152 1264 in
1190 1209 1391 1266 virtute
1422 1211 1641 1266 humili-

70 1294 190 1347 tatis
215 1309 359 1349 suum
388 1297 638 1365 posuisse
669 1296 1108 1355 fundamentum.

136 1385 264 1442 Hinc
292 1396 368 1443 est
395 1388 539 1458 quod
565 1389 806 1446 Joannes
841 1390 967 1460 iste,
999 1408 1108 1464 quo
1143 1408 1323 1461 nemo,
1365 1404 1502 1450 teste
1535 1395 1640 1452 Do-

65 1478 228 1546 mino,
244 1479 371 1534 inter
385 1492 534 1537 natos
551 1482 831 1538 mulierum
855 1484 1028 1554 major
1049 1488 1275 1540 surrexit
1301 1485 1514 1558 (Matth.
1537 1490 1638 1556 xt),

63 1571 226 1627 solam
253 1582 304 1628 et
328 1588 540 1629 onmem
574 1575 629 1630 in
656 1589 715 1630 se
749 1578 1042 1632 conlitetnr
1075 1577 1457 1634 humilitatem.
1484 1579 1640 1646 Quod

62 1665 250 1720 melius
293 1666 631 1738 intelligeris,
671 1669 715 1723 si
759 1670 888 1740 qttid
935 1670 1005 1724 sit
1049 1669 1352 1739 humilitas,
1393 1683 1447 1728 et
1497 1674 1638 1742 quod

60 1755 171 1824 ejus
198 1769 370 1829 partes
395 1761 753 1830 cognoscatis.
784 1761 887 1816 Est
923 1772 1104 1820 autem
1135 1765 1418 1822 humilitas
1441 1765 1633 1829 virtus,

59 1864 159 1918 qua
189 1851 344 1908 homo
364 1853 642 1908 verissima
665 1857 746 1909 sui
775 1855 1103 1926 cognitione,
1135 1856 1235 1911 sibi
1266 1858 1367 1928 ipsi
1403 1858 1633 1914 vilescit.

57 1943 204 1999 Multi
247 1945 458 2016 quidam
508 1946 694 2002 miseri
729 1957 799 2023 et
833 1947 1206 2019 desperantes,
1241 1951 1460 2007 sibimet
1505 1951 1637 2006 vile-
1668 1941 1712 2000 Β

52 2049 231 2105 scunt,
270 2050 324 2095 et
350 2043 450 2096 hoc
478 2058 584 2097 non
628 2055 807 2100 estex
843 2046 1073 2113 virtute,
1115 2045 1240 2116 quia
1268 2062 1373 2102 non
1413 2062 1476 2101 ex
1507 2062 1633 2101 vera

49 2129 131 2182 sui
162 2130 485 2200 cognitione,
520 2133 613 2188 sed
647 2148 711 2188 ex
738 2135 1085 2191 adversitate.
1124 2135 1230 2192 Sed
1262 2137 1440 2192 omnis
1473 2137 1635 2194 homo

45 2221 214 2275 etiam
244 2222 296 2276 in
324 2225 706 2295 prOSperitate,
737 2241 782 2282 ει
813 2228 952 2283 bene
981 2237 1276 2301 cognoscat
1312 2245 1395 2296 se,
1435 2230 1634 2285 intelli-

39 2313 117 2385 git
145 2316 292 2384 quod
326 2316 477 2383 nihil,
507 2318 612 2373 nisi
643 2319 870 2387 malum,
900 2320 1065 2378 habet
1101 2322 1154 2377 in
1183 2336 1258 2377 se.
1295 2320 1352 2378 Si
1382 2323 1512 2393 quid
1540 2340 1634 2378 au-

39 2417 145 2461 tem
184 2408 310 2464 boni
338 2408 516 2475 habet,
549 2425 580 2464 a
608 2410 720 2467 Deo
747 2413 933 2469 habet.
975 2413 1125 2470 Unde
1151 2414 1636 2485 Apostolus:Quid

39 2502 198 2556 tabes
227 2503 363 2572 quod
406 2521 509 2558 non
539 2507 831 2573 accepisti?
860 2507 928 2562 Et
969 2490 1020 2563 si
1047 2510 1315 2582 accepisti,
1359 2511 1488 2581 quid
1518 2511 1631 2582 glo-

38 2595 195 2650 'iaris
217 2597 369 2667 quasi
393 2614 496 2652 non
527 2601 831 2670 acceperis?
860 2601 912 2674 (Ι
943 2601 1064 2658 Cor.
1098 2604 1194 2674 tv.)
1219 2602 1386 2677 Ergo,
1409 2604 1630 2672 fratres,

38 2687 170 2742 iihil
205 2688 466 2744 habemus
489 2706 555 2746 ex
583 2691 740 2746 nobis
765 2677 908 2748 unde
931 2695 1333 2764 superhiamus,
1367 2697 1460 2752 sed
1490 2697 1633 2753 unde

38 2780 406 2838 armilicmur.
433 2781 573 2838 Sunt
593 2794 775 2841 autem
807 2786 1129 2844 humilitatis
1152 2798 1386 2860 quatuor
1408 2791 1628 2861 gradus:

35 2873 253 2928 ’rimus
279 2881 377 2942 est,
405 2885 462 2930 ut
486 2876 610 2946 quis
636 2878 738 2933 sibi
761 2880 904 2948 quod
936 2895 1042 2934 non
1066 2889 1166 2944 est,
1199 2896 1304 2934 non
1333 2881 1620 2948 attribuat;

35 2966 330 3034 ecundus,
363 2977 421 3022 ut
457 2971 600 3040 quod
625 2971 789 3027 habet
819 2989 925 3028 non
952 2989 982 3028 a
1013 2989 1094 3041 se,
1119 2975 1214 3030 sed
1248 2991 1276 3029 a
1304 2975 1413 3030 Deo
1443 2991 1502 3032 se
1534 2977 1633 3030 ha-

36 3077 161 3118 ere
193 3061 422 3129 credat;
451 3065 642 3120 tertius
673 3074 776 3133 est,
802 3076 862 3121 ut
892 3068 1015 3140 quis
1044 3069 1368 3126 admirando
1395 3070 1630 3130 aliorum

34 3171 193 3222 ona,
246 3171 347 3211 sua
385 3157 532 3212 nulla
563 3158 647 3214 vel
684 3160 956 3217 modicum
987 3163 1261 3231 testimet;
1293 3174 1539 3236 quartus,
1574 3175 1633 3222 ut

33 3267 231 3306 onum
269 3251 414 3322 quod
445 3253 627 3318 habet,
658 3270 764 3309 non
796 3256 1005 3312 meritis
1034 3258 1167 3327 suis,
1190 3259 1285 3314 sed
1317 3261 1505 3333 gratia:
1530 3260 1626 3316 Dei

33 3345 322 3401 ttribuat.
357 3345 563 3418 Itaque,
591 3345 809 3414 fratres,
840 3348 1033 3404 beatus
1059 3348 1317 3421 Joannes,
1342 3353 1628 3410 verissima

33 3440 93 3496 ui
139 3439 466 3512 cognitione
487 3440 706 3496 sibimet
726 3441 1013 3510 vilescens,
1044 3444 1280 3514 primum
1306 3445 1634 3502 humilitatis

34 3532 269 3587 radum
297 3545 361 3586 se
387 3531 588 3588 habere
613 3532 950 3588 demonstrat
973 3548 1095 3588 cum
1125 3533 1289 3606 (quod
1311 3535 1630 3608 putabatur)

33 3640 52 3679 ε
91 3621 398 3676 Christum
429 3637 551 3682 esse
578 3631 757 3692 negat.
798 3621 984 3680 Maluit
1011 3623 1156 3678 enim
1188 3623 1254 3678 de
1294 3638 1352 3678 se
1380 3623 1482 3679 sibi
1512 3639 1633 3680 cre-

34 3731 142 3772 are
217 3731 389 3786 quam
436 3715 550 3771 alii.
607 3714 793 3770 Maluit
843 3715 1011 3772 solide
1068 3715 1349 3772 subsidere
1420 3715 1474 3770 in
1531 3730 1628 3781 se,

33 3823 185 3862 nam
235 3807 481 3864 humana
523 3808 775 3879 opinione
807 3808 922 3878 rapi
967 3822 1130 3880 super
1161 3825 1238 3864 se.
1263 3807 1434 3877 Negat
1465 3809 1632 3864 etiam

33 3917 51 3956 ξ
96 3914 243 3958 ense
271 3898 449 3956 Eliam
497 3916 746 3972 corpore,
775 3902 1050 3972 quamvis,
1075 3899 1231 3970 juxta
1265 3903 1488 3958 verbum
1527 3901 1632 3958 Do-

34 3994 169 4059 lini,
199 3992 362 4050 Elias
384 4002 530 4050 esset
557 3993 720 4048 simili
750 3995 1141 4065 praecursione.
1179 3994 1334 4050 Sicut
1367 3997 1512 4050 enim
1544 3994 1635 4052 ille

34 4093 249 4140 iturus
305 4095 391 4144 est
419 4101 728 4158 praecursor
755 4086 984 4152 Judicis,
1014 4086 1087 4141 ita
1126 4087 1228 4140 iste
1253 4084 1375 4154 (fuit
1401 4085 1633 4142 Redem-

45 4178 188 4234 oris
238 4193 572 4254 praecursor.
619 4178 790 4252 Negat
827 4179 972 4236 enim
1008 4195 1068 4238 se
1118 4178 1438 4249 prophetam
1482 4194 1629 4248 esse,

41 4272 132 4327 ria
171 4286 295 4327 non
323 4278 613 4330 venturum
645 4273 994 4342 praedicabat,
1026 4271 1121 4328 sed
1148 4271 1258 4340 jam
1286 4271 1497 4328 venisse
1537 4287 1632 4328 os-

41 4363 308 4418 ndebat.
346 4363 442 4420 Vel
500 4371 648 4420 certe
679 4364 821 4418 sicut
863 4364 930 4419 ad
985 4364 1281 4419 bonitatem
1328 4362 1422 4417 Dei
1453 4362 1632 4419 nullus

34 4466 74 4510 .t
105 4455 332 4523 bonus,
358 4456 434 4510 ita
459 4455 524 4510 ad
548 4456 896 4526 prtesentiam
919 4456 1012 4512 Dei
1035 4455 1216 4512 nullus
1241 4464 1326 4512 est
1342 4457 1630 4530 propheta,

34 4551 86 4604 ιί
119 4549 296 4606 solus
322 4550 508 4606 omnia
535 4549 688 4608 novit
717 4559 1008 4622 antequam
1036 4550 1189 4606 fiatut.
1219 4550 1384 4624 Ergo,
1410 4551 1630 4616 fratres,

34 4659 103 4698 ra
146 4643 352 4700 fronte
387 4643 548 4701 audet
577 4643 776 4715 aliquis
810 4643 865 4698 in
909 4644 1014 4700 hoc
1057 4643 1256 4700 saeculo
1286 4644 1385 4700 sibi
1431 4644 1632 4715 aliquid

35 4737 244 4792 stitia:
279 4737 371 4793 vel
397 4737 656 4794 bonitatis
701 4751 980 4808 arrogare,
1010 4738 1145 4808 (cum
1185 4737 1300 4807 ipse
1329 4736 1498 4792 Filius
1536 4736 1633 4792 Dei

33 4839 146 4888 cat
179 4848 195 4884 :
229 4828 390 4897 Quid
411 4846 492 4886 me
520 4830 651 4887 dicis
692 4830 925 4884 bonum?
951 4829 1119 4884 Nemo
1149 4831 1334 4897 bonus,
1364 4831 1464 4884 nisi
1489 4831 1634 4884 solus

33 4925 194 4979 eus.’
231 4923 467 4996 (Matth.
499 4925 640 4998 χιχ.)
673 4923 740 4980 Et
769 4941 894 4981 cum
917 4921 1157 4982 Joannes
1184 4925 1468 4998 plusquam
1499 4939 1634 4995 pro-

33 5028 196 5087 reta,
209 5019 404 5074 dicat:
429 5015 546 5075 Non
563 5034 682 5078 sum
702 5021 960 5092 propheta
983 5037 997 5087 ;
1026 5035 1185 5074 nemo
1209 5019 1390 5091 igitur,
1411 5016 1632 5084 fratres,

33 5126 216 5169 vnum
250 5111 368 5168 sibi
391 5112 674 5179 attribuat,
705 5113 850 5184 quod
888 5129 996 5172 non
1029 5114 1220 5182 habet;
1255 5128 1416 5169 nemo
1440 5111 1635 5170 melior

39 5205 59 5259 l
96 5205 392 5262 sanctior
415 5221 578 5278 quam
601 5206 696 5276 sit,
723 5205 830 5263 dici
862 5205 1010 5263 velit.
1035 5206 1356 5280 Nam,juxta
1381 5215 1628 5285 poetam:

45 5318 302 5378 Falsus
329 5321 504 5380 honor
526 5322 698 5394 juvat,
725 5331 773 5380 et
805 5324 1032 5382 utendas
1061 5323 1282 5396 infantia
1311 5334 1486 5382 terres.

47 5416 278 5484 Quem
295 5417 324 5472 7

331 5487 575 5564 (Hons'r.
601 5491 775 5564 Epist.
803 5491 850 5558 Ι,
879 5489 1040 5564 epist.
1071 5505 1184 5560 xvi,
1218 5505 1366 5546 vers.
1393 5489 1485 5559 59,
1515 5488 1633 5557 40.)

33 5583 86 5639 si
152 5581 518 5642 mendosum
542 5594 598 5642 et
626 5584 982 5644 mendacem?
1015 5584 1070 5640 Si
1108 5599 1236 5656 ergo
1262 5600 1384 5640 cum
1412 5593 1642 5642 sanctus

34 5694 78 5732 n
127 5676 264 5744 sis,
298 5691 530 5738 sanctus
572 5679 1047 5754 praedicarisfnon
1095 5677 1219 5734 inde
1249 5678 1506 5750 gaudeas,
1539 5676 1636 5736 sed

34 5775 295 5828 abesce
341 5781 400 5830 et
428 5773 642 5847 plange,
668 5775 796 5848 quia
833 5789 938 5830 non
981 5788 1042 5829 es
1067 5772 1214 5844 quod
1244 5771 1460 5842 diceris,
1493 5780 1549 5828 et
1577 5779 1640 5830 ut

39 5862 323 5931 valeas,
357 5861 548 5920 labora
574 5880 696 5921 cum
723 5866 870 5922 omni
898 5863 1219 5920 intentione.

33 5957 422 6046 Postquam
451 5967 632 6020 autem
674 5957 910 6018 Joannes
940 5957 1168 6019 removit
1198 5971 1229 6017 a
1254 5970 1314 6019 se
1350 5957 1496 6035 quod
1524 5974 1637 6026 non
1675 6044 1686 6048 _

1745 659 1884 717 situs
1911 662 2032 733 quis
2065 671 2203 728 erat,
2249 663 2362 717 ait:
2401 662 2514 734 Ego
2549 680 2645 720 vox
2684 663 2957 721 clamantis
3004 666 3058 722 in
3105 667 3332 726 deserto.

1743 752 1860 811 Non
1891 766 2072 811 autem
2114 756 2228 810 ait:
2275 755 2388 828 Ego
2422 773 2540 812 sum
2574 758 2758 824 homo,
2791 759 2872 816 vel
2910 773 3009 831 ego
3038 776 3159 818 sum
3190 761 3336 818 ﬁlius

1744 849 2049 906 Zacharias.
2082 847 2224 904 Nihil
2258 848 2483 920 impedit
2528 850 2671 906 enim
2717 852 2864 923 quod
2895 861 3014 908 crat
3039 868 3105 909 ex
3137 864 3330 912 natura

1744 944 1810 998 ad
1849 944 1899 998 id
1928 944 2069 1016 quod
2099 953 2220 999 erat
2249 957 2317 999 ex
2347 942 2544 1014 gratia,
2567 944 2660 1002 sed
2688 945 2764 1002 ait
2791 963 2804 998 :
2841 944 2952 1018 Ego
2976 962 3073 1001 ron:
3098 946 3338 1020 clamare:

1743 1038 1830 1090 tis.
1859 1035 1973 1092 Vox
2005 1036 2228 1108 quippe,
2254 1052 2357 1092 non
2381 1047 2465 1093 est
2486 1053 2587 1093 nec
2611 1037 2790 1110 signat
2817 1038 3020 1108 aliquid
3045 1055 3110 1096 ex
3133 1056 3213 1108 se,
3237 1043 3334 1097 sed

1741 1143 1808 1184 ex
1842 1129 2114 1198 loquente.
2153 1131 2242 1184 Est
2276 1146 2404 1202 ergo
2436 1145 2500 1186 ac
2543 1131 2586 1186 si
2619 1132 2862 1190 diceret:
2895 1132 3008 1203 Ego
3063 1150 3164 1192 nec
3187 1151 3328 1202 sum,

1743 1235 1844 1276 nec
1867 1221 2062 1292 loquor
2084 1221 2286 1292 aliquid
2312 1237 2378 1277 ex
2404 1237 2508 1288 me,
2535 1224 2627 1279 sed
2645 1239 2709 1278 ex
2735 1223 2844 1280 Deo
2867 1225 2919 1280 in
2946 1239 3030 1280 me
3051 1225 3332 1297 loquente.

1742 1317 1856 1388 Ego
1885 1333 2004 1372 sum
2034 1326 2243 1372 tantum
2276 1332 2544 1390 organum
2581 1316 2850 1388 loquentis
2881 1317 2934 1371 in
2963 1331 3048 1374 me
3081 1316 3194 1373 Dei.
3219 1317 3332 1390 Ego

1741 1417 1921 1464 tamen
1949 1424 2066 1464 sum
2097 1423 2272 1478 prch
2307 1409 2482 1475 verbi,
2513 1409 2796 1482 proferens
2823 1423 2888 1464 ea
2921 1423 3040 1480 quia
3080 1409 3333 1466 dicuntur

1744 1515 1840 1568 per
1862 1515 1967 1564 me,
1999 1499 2090 1555 sed
2131 1514 2237 1554 non
2270 1515 2333 1554 ex
2365 1515 2473 1556 me.
2499 1500 2659 1565 Ecce,
2687 1499 2908 1565 fratres,
2938 1501 3174 1556 secunda
3204 1515 3330 1570 spe-

1741 1595 1852 1648 cies
1883 1593 2229 1658 humilitatis,
2271 1608 2376 1662 qua
2420 1592 2725 1652 ostenditur
2764 1593 2910 1664 quod
2959 1594 3013 1649 id
3053 1594 3196 1663 quod
3224 1603 3332 1657 cst,

1742 1701 1848 1741 non
1881 1701 1911 1742 a
1942 1702 2020 1751 se,
2049 1687 2142 1742 sed
2175 1703 2206 1741 a
2246 1687 2356 1742 Deo
2386 1694 2490 1742 est.
2522 1685 2579 1740 ln
2625 1701 2732 1758 quo
2774 1684 2912 1742 bene
2941 1695 3204 1742 consonat
3254 1686 3332 1742 illi

1741 1779 1906 1835 verbo
1943 1779 2086 1850 quod
2121 1777 2438 1850 praedicavit
2467 1778 2557 1848 qui
2586 1777 2654 1832 dc
2683 1793 2741 1834 se
2773 1786 3044 1834 testatur:
3077 1777 3218 1848 Mea,
3250 1779 3332 1832 in-

1740 1873 1880 1944 quit,
1911 1874 2150 1928 dortrina
2181 1890 2285 1928 non
2312 1881 2386 1928 est
2420 1889 2556 1938 utea,
2585 1873 2675 1930 sed
2697 1872 2809 1943 ejus
2834 1873 2924 1942 qui
2949 1872 3089 1926 misit
3117 1889 3195 1926 me
3217 1871 3328 1926 Pa-

1741 1965 1840 2020 tris
1879 1965 2062 2038 (Joaa.
2093 1965 2211 2027 vu).
2251 1965 2400 2022 Unde
2434 1967 2576 2021 idem
2610 1964 2984 2035 aitdiscipulis
3014 1963 3171 2018 suis:
3206 1961 3332 2017 Non

1736 2061 1874 2115 enim
1901 2061 2024 2115 estis
2051 2077 2136 2116 eos
2164 2061 2252 2131 qui
2277 2059 2574 2131 loquimini,
2600 2058 2692 2114 sed
2719 2056 2950 2128 Spiritus
2972 2055 3154 2112 Patris
3176 2054 3334 2110 vestri

1733 2152 1821 2219 qui
1857 2151 2088 2222 loquitur
2117 2152 2172 2205 in
2201 2151 2342 2206 vobis
2377 2148 2596 2222 (Matth.
2628 2149 2706 2220 ι).
2746 2147 2814 2204 Et
2848 2163 2944 2218 per
2969 2147 3286 2217 prophetam
3313 2159 3328 2200 :

1735 2243 2160 2308 Anauutiabunt,
2187 2243 2386 2312 inquit,
2412 2258 2476 2296 ea:
2506 2257 2586 2294 me
2612 2241 2828 2311 (Esech.
2857 2243 2964 2308 ιιι).
2990 2239 3058 2295 Et
3093 2238 3327 2296 Petrus:

1737 2333 1800 2388 Si
1832 2335 1950 2404 quis
1992 2333 2256 2406 loquatur,
2302 2333 2456 2403 quasi
2505 2347 2766 2386 sermones
2794 2331 2889 2386 Dei
2926 2331 2990 2405 (Ι
3030 2331 3178 2386 Petr.
3217 2331 3328 2400 tv).

1734 2426 2006 2494 Quantum
2032 2440 2184 2500 ergo,
2213 2425 2414 2481 fratres
2445 2424 2574 2489 mei,
2607 2425 2888 2480 insaniunt
2911 2425 3002 2496 qni
3045 2431 3238 2494 putant
3267 2438 3328 2478 se

1735 2517 1938 2588 aliquid
1965 2532 2086 2574 esse
2112 2517 2198 2572 vel
2230 2531 2388 2592 posse
2417 2532 2484 2574 ex
2514 2531 2571 2572 se
2597 2534 2614 2572 :
2646 2517 2750 2583 Qui
2773 2516 2951 2570 dicunt
2981 2531 3000 2571 :
3028 2513 3197 2570 Labia
3237 2531 3330 2569 uo-

1735 2620 1844 2664 stra
1871 2627 1902 2662 a
1928 2609 2074 2663 nobis
2104 2618 2259 2675 sunt;
2285 2610 2405 2679 quis
2434 2619 2608 2663 noster
2634 2608 2888 2662 Dominus
2919 2617 2992 2662 est
3017 2603 3194 2678 (Psal.
3225 2609 3330 2676 at).

1735 2704 1904 2762 Filius
1921 2704 2018 2762 Dei
2041 2704 2175 2762 dicit
2197 2721 2210 2758 :
2233 2703 2354 2759 Mea
2372 2703 2640 2770 doctrina,
2654 2719 2758 2758 non
2777 2707 2854 2758 est
2871 2699 3183 2772 ussa‘(.loaa.
3206 2699 3325 2769 vit).

1735 2797 1804 2854 Et
1825 2808 1907 2865 tu,
1934 2798 2170 2870 superbe
2193 2798 2353 2866 cinis,
2374 2798 2512 2854 dicis
2531 2796 2832 2852 doctrinam
2855 2809 2975 2850 esse
3008 2793 3194 2848 tuam?
3223 2791 3334 2848 lta-

1733 2906 1857 2962 que.
1891 2889 2112 2954 fratres.
2155 2893 2202 2948 si
2230 2891 2359 2962 quid
2391 2890 2518 2946 boni
2544 2889 2776 2946 dicimus
2817 2887 2904 2942 vel
2938 2886 3190 2955 facimus,
3221 2901 3327 2944 non

1733 2984 1913 3052 nobis,
1947 2985 2044 3042 sed
2093 2985 2300 3042 nomini
2333 2983 2547 3042 Domini
2577 2983 2768 3040 demus
2799 2980 3052 3052 gloriam,
3079 2979 3172 3050 qui
3206 2979 3283 3036 ait
3311 2996 3328 3034 :

1734 3075 1862 3134 Sine
1903 3093 1984 3133 me
2016 3077 2148 3134 nihil
2173 3077 2384 3150 potestis
2431 3076 2606 3148 facere
2635 3074 2818 3148 (Joan.
2853 3074 2968 3145 xv).
3003 3072 3121 3130 Non
3153 3070 3332 3131 solum

1734 3179 1919 3230 autem
1963 3168 2224 3237 Joannes,
2256 3172 2353 3228 sed
2385 3177 2440 3226 et
2485 3166 2736 3242 quilibet,
2778 3166 2896 3224 sive
2920 3164 3176 3230 clericus.
3213 3164 3332 3222 sivo

1734 3261 1928 3328 laicus,
1957 3261 2050 3332 qui
2085 3260 2310 3317 verbum
2339 3261 2462 3315 vitae
2500 3258 2789 3316 annuntiat
2819 3257 2878 3314 in
2920 3257 3139 3312 deserto
3165 3255 3330 3327 hujus

1736 3353 1948 3421 mundi,
1979 3369 2080 3410 vox
2123 3353 2408 3410 clamantis
2443 3352 2498 3408 in
2532 3351 2748 3410 deserto
2779 3356 2956 3420 potest
2984 3348 3116 3404 dici.
3147 3348 3332 3418 Itaque

1734 3454 1809 3510 et,
1838 3460 1938 3502 nos
1963 3443 2182 3513 fratres,
2203 3454 2466 3515 quantum
2485 3456 2798 3516 possumus,
2816 3440 2984 3498 verbo
3007 3446 3062 3494 et
3082 3437 3332 3510 exemplo

1735 3537 2034 3594 clamemus
2065 3552 2190 3594 cum
2215 3533 2425 3594 Joanne
2451 3553 2466 3589 :
2497 3533 2727 3605 Dirigit:
2754 3534 2893 3592 viam
2928 3529 3164 3588 Domini.
3187 3529 3330 3602 Quid

1735 3645 1880 3698 ergo,
1908 3629 2178 3699 inquiunt,
2209 3627 2470 3698 baptizas,
2494 3626 2540 3680 si
2562 3635 2620 3680 tu
2656 3641 2762 3680 non
2791 3640 2848 3680 es
2879 3623 3141 3692 Christus,
3166 3637 3330 3693 neque

1736 3719 1908 3784 Etias,
1963 3736 2126 3791 neque
2169 3717 2457 3788 propheta?
2505 3716 2660 3788 Quod
2702 3732 2768 3773 ex
2823 3715 2938 3771 sola
2988 3713 3192 3771 invidia
3233 3728 3334 3770 eos

1736 3811 1938 3868 dixisse
1957 3809 2294 3882 evangelista
2328 3809 2530 3876 innuit,
2557 3809 2742 3866 dicens
2770 3824 2786 3864 :
2813 3807 2882 3864 Et
2913 3807 3002 3880 qui
3031 3807 3180 3862 missi
3210 3805 3332 3877 [ue-

1737 3915 1855 3961 rant
1910 3915 2060 3962 erant
2109 3921 2174 3962 ea:
2221 3903 2534 3972 Phariswis,
2586 3904 2680 3976 qui
2722 3901 3026 3960 doctrinam
3079 3901 3336 3958 nesciunt

1736 4013 2001 4070 quterere,
2042 3998 2138 4056 sed
2164 3997 2430 4054 invidere.
2460 3995 2566 4054 Sed
2593 4005 2815 4054 sanctus
2842 3997 3093 4068 quisque,
3119 4002 3176 4050 et
3202 4008 3328 4050 cum

1735 4105 1994 4162 perversa
2023 4091 2322 4148 intentione
2346 4089 2666 4164 requiritur,
2693 4097 2750 4146 ct
2777 4104 2808 4144 a
2827 4087 3069 4145 bonitate
3090 4101 3190 4144 sua
3214 4099 3326 4142 non

1737 4193 1987 4242 movetur
2017 4199 2116 4242 nec
2151 4193 2416 4240 mutatur.
2457 4181 2612 4242 Unde
2637 4179 2872 4238 Joannes
2896 4180 2962 4238 ad
2993 4180 3156 4236 verba
3178 4178 3332 4251 invi-

1737 4278 1839 4336 diae
1877 4278 2044 4334 verba
2086 4279 2379 4348 respondet
2422 4275 2572 4332 vitae.
2617 4273 2754 4346 Ego,
2797 4273 2998 4344 inquit,
3032 4272 3242 4343 baptiso
3272 4269 3332 4324 in

1736 4388 1900 4442 aqua,
1929 4369 1980 4426 id
2009 4377 2094 4425 est
2117 4369 2229 4428 sola
2258 4384 2532 4442 _corpora,
2559 4383 2668 4426 non
2695 4368 2908 4424 animas
2930 4367 3074 4424 lavo.
3104 4363 3215 4422 Sed
3249 4362 3332 4420 di-

1739 4463 1818 4522 cis
1841 4481 1856 4520 :
1882 4463 2062 4530 Quare
2083 4477 2215 4532 ergo
2243 4463 2597 4532 baptizabat?
2622 4461 2844 4534 Triplici
2871 4461 2938 4516 de
2967 4474 3166 4516 causa:
3203 4457 3330 4514 Pri-

1738 4571 1848 4624 ma,
1865 4564 1926 4610 ut
1947 4556 2092 4612 sicut
2114 4554 2385 4611 nascendo
2407 4562 2462 4608 et
2484 4552 2855 4626 praedicando,
2879 4552 2949 4606 ita
2972 4557 3026 4604 et
3047 4547 3332 4606 Christum

1737 4657 2101 4720 prrecurreret
2141 4646 2500 4718 baptizando;
2553 4645 2812 4710 secunda,
2857 4652 2916 4696 ut
2961 4640 3220 4713 pOpulum
3259 4636 3332 4694 ad

1739 4745 2066 4818 baptismum
2089 4742 2496 4808 assuefaceret;
2532 4739 2716 4806 tertia,
2748 4751 2806 4794 ut
2832 4734 3090 4806 p0pulum
3116 4732 3184 4788 ad
3208 4747 3330 4806 pat-

1736 4836 2026 4894 nitentiam
2075 4836 2350 4892 invitaret.
2397 4831 2539 4904 Ego,
2584 4829 2782 4904 inquit,
2813 4827 3022 4898 baptiso
3060 4825 3116 4879 in
3140 4840 3278 4896 aqua
3309 4839 3332 4884 :

1740 4930 1944 4988 medius
1971 4940 2148 4986 autem
2165 4939 2386 4986 vestrum
2409 4935 2514 4981 stat
2528 4940 2680 4998 quem
2707 4940 2792 4979 vos
2817 4920 3050 4984 nescitis,
3063 4919 3182 4990 qui,
3197 4917 3330 4974 sub-

1743 5019 1924 5088 audis,
1952 5019 2192 5092 baptizat
2214 5019 2266 5072 in
2294 5017 2497 5088 Spiritu
2523 5024 2731 5072 sancto.
2755 5012 2894 5070 Ecce
2936 5011 3096 5068 tertia
3118 5009 3330 5082 species

1737 5113 2084 5178 humilitatis,
2101 5127 2206 5184 qua
2229 5110 2468 5167 Joannes
2485 5109 2844 5166 ministerium
2867 5120 3032 5164 suum
3053 5103 3337 5172 humiliat,

1738 5215 1793 5264 et
1813 5207 2019 5265 Christi
2039 5205 2420 5282 auctoritatem
2442 5201 2804 5260 commendat.
2822 5198 2914 5256 Sic
2935 5199 3107 5264 enim,
3129 5197 3338 5256 fratrea

1739 5301 1872 5368 mei,
1904 5301 1985 5358 sic
2027 5315 2244 5372 semper
2291 5306 2692 5356 consueverunt
2739 5294 2936 5362 sancti,
2994 5309 3106 5352 non
3157 5292 3338 5352 solum

1738 5394 1970 5461 Christi,
1992 5394 2087 5450 sed
2109 5401 2166 5448 et
2189 5391 2422 5448 aliorum
2448 5398 2764 5446 sanctorum
2784 5387 3020 5444 virtutes
3045 5384 3332 5454 admirari,

1738 5495 1794 5544 et
1824 5500 1978 5544 suam
2005 5482 2470 5556 imperfectionem
2511 5481 2882 5550 considerare,
2925 5488 2988 5538 ut
3024 5481 3108 5536 sic
3147 5479 3338 5536 dicant

1737 5582 1876 5639 alios
1911 5579 2016 5638 sibi
2050 5578 2312 5651 praeferre
2351 5586 2407 5636 et
2433 5593 2492 5636 se
2537 5577 2844 5636 humiliare.
2891 5575 3030 5632 Hinc
3072 5582 3158 5632 est
3187 5571 3337 5645 quod

1738 5677 1996 5748 princeps
2020 5673 2411 5746 apostolorum,
2436 5672 2651 5740 Petrus,
2679 5687 2788 5728 non
2812 5671 2961 5728 illam
2994 5677 3202 5726 tantam
3226 5667 3336 5726 vir.

1742 5780 1911 5830 tatem
1940 5785 2050 5844 qua
2074 5769 2190 5828 sola
2211 5770 2408 5828 umbra
2435 5768 2661 5826 sanabat
2689 5767 2960 5834 infirmos,
2988 5779 3098 5821 non
3126 5760 3332 5836 princi-

1741 5877 1926 5938 patum
1954 5879 2114 5920 suum
2145 5863 2477 5928 considerat,
2500 5863 2593 5918 sed
2624 5861 2947 5936 sapientiam
2979 5855 3134 5914 Pauli
3158 5853 3335 5911 admi-

1737 5970 1930 6029 tatur:
1960 5952 2137 6035 Sicut,
2176 5949 2376 6044 inquit,
2408 5959 2744 6040 charissimus
2767 5957 2938 6029 frater
2969 5964 3143 6014 uoster
3175 5950 3336 6014 Pau-
