3814 6346
552 302 695 366 1895

1551 300 1903 365 ADDBNDA.
1939 326 2014 345 —-
2046 294 2407 360 RADULPHI
2444 292 2806 358 ARDEN'I'IS

3539 312 3617 372 ια

550 426 660 490 lus,
704 422 995 480 ueundum
1020 420 1348 497 Isapientiotn
1389 440 1425 481 a
1470 423 1579 481 Deo
1625 426 1728 482 sibi
1763 426 1965 490 datam,
1996 424 2144 480 docet
2172 424 2221 483 Α
2247 437 2348 479 nus
2381 430 2574 480 noster
2608 422 2778 479 Jesus
2805 417 3075 487 Christus,
3100 418 3185 491 qui
3214 418 3324 478 vivit
3342 430 3615 499 etme",

553 516 642 589 (II
663 515 936 590 Petmu).
966 517 1033 576 Ut
1060 519 1204 590 quod
1228 517 1366 575 hoc?
1384 518 1459 576 Ut
1483 518 1557 575 ita
1578 519 1727 575 Pauli
1759 519 1860 575 sibi
1892 516 2145 590 praeferat

552 610 956 678 excellentiam,
983 622 1039 668 et
1062 627 1123 668 se
1155 610 1425 678 humiliet,
1453 627 1610 668 suam
1636 611 1923 668 attendens
1944 611 2144 681 imper-

554 702 866 761 fectionem.
909 704 1148 762 Econtra
1178 720 1308 762 vero
1338 706 1556 776 superbi
1586 722 1684 763 sua
1717 705 1855 762 bona
1895 706 1948 761 in
1981 704 2146 761 corde

555 812 655 854 suo
676 812 894 869 semper
921 799 1269 856 considerant
1300 809 1354 854 et
1376 798 1659 865 extollunt,
1683 798 1914 854 aliorum
1946 799 2147 868 imper-

556 889 844 949 fectionem
891 908 1109 964 semper
1148 891 1452 963 increpant,
1481 901 1539 946 ut
1576 893 1648 947 ita
1689 907 1748 947 se
1787 905 2005 961 semper
2026 888 2147 945 aliis

557 985 874 1056 praeferant,
919 994 975 1041 et
1018 986 1155 1041 alios
1180 1001 1293 1057 pra:
1339 1001 1399 1041 se
1445 986 1801 1056 vilipendant.
1845 982 1922 1038 De
1951 982 2149 1052 quibus

558 1078 851 1148 propheta:
868 1074 959 1132 Va:
978 1077 1140 1145 vobis,
1156 1077 1248 1146 qui
1260 1079 1518 1148 sapientes
1538 1078 1659 1132 estis
1679 1078 1736 1131 in
1755 1075 1920 1131 oculis
1943 1074 2149 1142 vestris,

558 1175 609 1220 et
630 1182 807 1221 coram
833 1166 1215 1238 nobismetipsis
1252 1171 1534 1239 prudentes
1569 1168 1704 1239 (Isa.
1729 1169 1804 1243 v).
1836 1167 1902 1224 Et
1929 1166 2147 1223 Paulus.

561 1256 762 1324 Nolite,
790 1258 983 1329 inquit,
1009 1277 1119 1314 esse
1138 1262 1418 1330 prudentes
1438 1263 1581 1332 apud
1610 1262 1942 1332 vosmetipsos
1968 1258 2147 1332 (Rom.

559 1348 686 1419 xu).
714 1347 852 1405 Hinc
878 1351 1212 1421 superbienti
1245 1352 1393 1407 Sauli
1421 1351 1687 1409 Dominus
1711 1353 1878 1407 dicit:
1904 1350 2036 1406 Cum
2062 1366 2149 1404 es-

558 1456 640 1496 ses
675 1440 929 1512 parvulus
970 1444 1025 1496 in
1063 1442 1230 1497 oculis
1260 1444 1390 1509 tuis,
1433 1455 1585 1514 caput
1616 1446 1671 1498 in
1706 1443 1942 1498 tribubus
1979 1437 2152 1496 Israel

561 1530 736 1601 [actus
758 1549 811 1586 es
837 1531 896 1603 (I
927 1530 1052 1602 Reg.
1084 1532 1194 1605 xv).
1225 1532 1391 1601 Quasi
1423 1533 1658 1589 diceret:
1683 1531 1817 1589 Cum
1847 1542 1895 1587 te
1925 1547 2152 1603 parvum

561 1623 927 1694 conspiceres,
961 1638 1063 1694 ego
1092 1634 1143 1679 te
1168 1638 1281 1694 prae
1310 1625 1525 1680 cmteris
1553 1639 1808 1696 magnum
1839 1622 1965 1678 feci.
1998 1620 2156 1676 Nunc

2240 513 2437 570 Amen.

2848 604 3129 662 HOMILIA
3145 604 3227 661 IX.

2754 718 2816 760 11(
2880 717 3075 758 Μτιιι
3127 716 3306 758 νοιιιι.

2398 795 2578 853 Lectio
2604 795 2777 852 Isaiae
2799 797 3065 869 propheta:
3084 795 3148 849 ad
3171 796 3350 851 missam
3369 797 3418 852 tle
3441 811 3548 857 nacte.

2317 891 2559 962 Populus
2605 893 2699 964 qui
2747 889 3055 946 ambulabat
3101 890 3153 944 iu
3191 890 3389 957 tenebris,
3421 893 3507 947 sidit
3534 896 3621 951 tau
3688 908 3689 953 Υ

2248 1000 2500 1054 magnam
2531 983 2671 1054 (lsa.
2699 980 2809 1055 rx),
2834 996 2947 1038 etc.
2970 980 3152 1047 Hodie,
3180 980 3625 1056 dilectissimum»
3688 976 3689 1056 ξ

2249 1077 2356 1133 lem
2408 1076 2711 1135 Salvatoris
2766 1076 2944 1132 nostri
2990 1074 3299 1131 celebramus
3340 1077 3625 1134 nativiuuh

2250 1184 2356 1240 qua
2404 1177 2553 1224 tanto
2593 1167 2803 1239 majore
2848 1166 3050 1223 mentis
3082 1165 3391 1222 exsultatione
3420 1167 3625 1226 minim

2252 1260 2541 1328 debemus,
2569 1270 2777 1330 quanto
2808 1257 3073 1329 majorum
3110 1257 3254 1313 hodie
3280 1258 3625 1328 δοξαρίου-ιιι

2253 1355 2392 1410 riam
2429 1354 2775 1423 gaudiorum.
2815 1352 2992 1408 Hodie
3032 1350 3216 1421 quippe
3241 1349 3627 1421 bumaaigeaetisa-

2252 1444 2474 1501 lamitas
2504 1446 2729 1501 reducta
2763 1452 2855 1499 est
2900 1443 2968 1498 de
3010 1442 3250 1498 servitute
3280 1442 3336 1497 ad
3366 1440 3627 1507 ὕδει-ωειιώ

2255 1539 2477 1596 miseria
2506 1539 2574 1595 ad
2606 1538 2958 1604 felicitatem,
2991 1535 3058 1590 de
3084 1542 3243 1590 morte
3265 1533 3322 1587 ad
3344 1532 3480 1599 vitam,
3498 1533 3628 1589 battle

2254 1632 2370 1688 bris
2404 1630 2473 1686 ad
2499 1630 2701 1688 lucem.
2732 1629 2913 1686 Hodie
2936 1625 3191 1698 siquidem
3223 1623 3629 1694 omnipotente-it-

560 1729 714 1782 vero,
739 1715 880 1786 iquia
912 1724 966 1770 tu
1007 1726 1059 1771 te
1092 1732 1346 1788 magnum
1384 1717 1678 1789 conspicis,
1708 1731 1737 1770 a
1780 1730 1867 1770 me
1897 1713 2153 1786 parvulus
2187 1778 2229 1792 ﬁ
2258 1724 2435 1780 τῖοοιις
2476 1723 2643 1789 Deus,
2684 1736 2853 1792 quam
2897 1719 2968 1774 ab
3001 1726 3194 1773 aterno
3226 1715 3628 1786 praedicarent.»

562 1805 875 1863 mstimaris.
896 1805 1006 1863 Nos
1027 1778 1231 1877 itaque,
1256 1808 1481 1878 fratres,
1503 1778 1549 1865 si
1574 1778 1678 1880 qua
1700 1809 1839 1863 bona
1867 1778 2153 1871 habemus,
2187 1778 2232 1840 Β
2260 1778 2520 1873 iambis
2544 1778 2897 1886 ρι-διηξεει-σιι,
2922 1811 2979 1868 in
3008 1811 3123 1884 tege
3141 1778 3630 1882 ﬁgat-aversus:

565 1912 631 1955 ea
664 1899 1063 1968 quodammodo
1094 1900 1147 1955 in
1190 1902 1371 1958 animo
1397 1914 1585 1956 nostro
1615 1907 1959 1955 attenuantes
1988 1894 2153 1968 parva

566 2006 689 2048 esse
709 1992 1070 2059 aestimemus;
1102 2003 1285 2050 nostra
1312 2010 1443 2051 vero
1474 1993 1615 2050 mala
1657 1993 1712 2048 in
1743 1990 1916 2048 oculis
1946 1988 2150 2045 nostris

567 2082 1009 2155 multiplic’emus,
1054 2095 1112 2141 ut
1152 2085 1363 2143 scilicet
1387 2100 1604 2157 semper
1630 2085 1789 2141 nobis
1818 2081 2053 2139 humiles
2082 2080 2159 2137 si-

568 2191 713 2236 mus.
751 2177 987 2234 Econtra
1018 2192 1149 2235 vero
1181 2179 1323 2235 mala
1362 2181 1759 2252 proximorum,
1787 2177 2025 2233 maxime
2065 2174 2158 2247 qui

568 2268 725 2328 nobis
757 2270 1015 2326 conmissi
1046 2286 1152 2328 non
1192 2280 1342 2338 sunt,
1380 2272 1465 2328 vel
1504 2268 1929 2333 dissimulemus,
1960 2266 2044 2324 vel
2077 2274 2163 2322 at-

569 2369 876 2418 tenuemus.
918 2361 1120 2419 Eorum
1164 2370 1349 2420 autem
1378 2363 1521 2420 bona
1559 2377 1776 2435 semper
1805 2360 2160 2428 admirantes,

570 2453 771 2512 imitari
799 2462 1136 2528 satagamus,
1165 2464 1226 2512 ut
1262 2455 1338 2514 ita
1377 2471 1595 2530 semper
1624 2471 1721 2515 eos
1763 2455 1923 2513 nobis
1966 2468 2166 2527 propoo

571 2560 784 2605 namus.

645 2639 943 2712 Sequitur:
974 2639 1081 2709 Qui
1112 2650 1228 2715 post
1253 2657 1336 2700 me
1361 2643 1522 2712 venit,
1559 2652 1683 2700 ante
1723 2658 1809 2700 me
1853 2639 2028 2710 [actus
2064 2644 2165 2697 est.

574 2731 654 2790 Ac
685 2733 731 2789 si
759 2732 1006 2790 diceret:
1039 2732 1142 2803 Qui
1183 2745 1306 2806 post
1335 2749 1425 2792 me
1446 2735 1597 2792 venit
1628 2748 1863 2791 nascens
1888 2732 1944 2790 in
1974 2733 2171 2789 huma-

574 2826 767 2894 nitate,
814 2827 948 2883 mihi
988 2829 1314 2900 praepositus
1357 2837 1446 2885 est
1493 2828 1802 2902 majestate.
1853 2825 2022 2899 Cujus
2064 2841 2170 2881 non

574 2935 692 2974 sum
729 2918 920 2990 dignus
952 2920 1149 2975 solvere
1178 2921 1462 2991 corrigiam
1491 2920 1833 2976 calceantenti
1862 2920 1999 2992 ejus.
2032 2918 2172 2974 Ecce

576 3009 786 3080 species
816 3020 1007 3080 quarta
1038 3011 1393 3067 humilitatis.
1432 3009 1580 3067 Nihil
1612 3012 1757 3068 enim
1803 3010 2013 3067 meritis
2056 3011 2172 3066 suis

578 3101 848 3167 attribuit,
877 3104 971 3173 qui
1014 3104 1080 3159 ad
1120 3103 1436 3160 solvendum
1481 3105 1912 3162 calceamentum
1943 3119 2001 3160 se
2032 3104 2175 3160 indi-

579 3208 748 3265 gnum
784 3192 936 3249 dicit.
977 3192 1107 3262 Sed,
1142 3193 1346 3252 fratres
1371 3201 1500 3263 mel,
1532 3197 1576 3252 si
1615 3197 1682 3253 ad
1713 3194 2028 3253 solvendum
2059 3195 2170 3252 cal-

576 3295 923 3343 eeamentum
975 3286 1212 3345 Joannes
1256 3302 1366 3346 non
1404 3288 1508 3344 fuit
1556 3289 1772 3359 dignus.
1801 3287 2074 3361 quomodo
2101 3289 2171 3345 ad

579 3377 818 3436 oﬂlcium
842 3381 1199 3454 praedicandi,
1221 3380 1309 3437 vel
1333 3380 1647 3454 baptizandi
1672 3368 1948 3439 Christum
1977 3381 2174 3455 dignus

580 3472 723 3529 fuit?
752 3472 1031 3546 Nunquid,
1071 3472 1271 3531 fratres
1304 3474 1431 3541 mei,
1484 3474 1568 3532 vel
1614 3474 1866 3532 Christus
1912 3474 2176 3531 dicendus

582 3573 670 3623 est
715 3581 823 3622 non
870 3566 1092 3641 dignum
1135 3567 1397 3640 elegisse,
1438 3567 1525 3625 vel
1569 3566 1807 3624 Joannes
1852 3565 2177 3623 humilitatis

585 3673 775 3729 causa,
808 3660 1069 3715 mentitus
1110 3659 1309 3715 fuisse?
1351 3658 1461 3715 Sed
1497 3658 1661 3725 absit,
1697 3670 1761 3714 ut
1791 3657 2038 3715 Christus
2067 3671 2176 3714 non

589 3751 812 3824 dignum
845 3751 1092 3823 elegerit,
1139 3753 1231 3823 qui
1277 3751 1389 3807 falli
1432 3766 1540 3808 non
1580 3757 1779 3822 potest,
1821 3748 1910 3805 vel
1954 3747 2181 3805 Joannis

587 3844 855 3901 mentitus
883 3845 976 3911 sit,
1005 3847 1098 3916 qui
1122 3846 1374 3902 veritatis
1401 3860 1583 3917 praeco
1604 3845 1716 3901 est!
1745 3842 2026 3912 Quomodo
2051 3856 2182 3914 ergo

589 3937 786 4010 dignus
813 3948 1006 3996 etnon
1036 3939 1271 4013 dignus?
1310 3940 1516 4011 Dignus
1555 3947 1696 4006 erat,
1730 3936 1945 4000 fratres,
1979 3952 2047 3992 ex
2082 3935 2181 3991 Dei

591 4029 907 4102 dignatione
930 4039 985 4086 et
1007 4030 1296 4099 electione,
1322 4046 1428 4088 non
1458 4030 1657 4101 dignus
1687 4043 1755 4085 ex
1785 4042 1866 4094 se,
1895 4029 2089 4100 dignus
2115 4041 2185 4082 ex

591 4122 792 4194 gratia,
822 4137 931 4179 non
973 4123 1169 4195 dignus
1196 4138 1265 4180 ex
1300 4123 1355 4179 vi
1399 4123 1641 4197 propria.
1682 4121 1983 4179 Erubescat
2022 4120 2188 4190 igitur

591 4212 949 4284 praesumptio
986 4223 1042 4269 et
1070 4214 1321 4285 superbia
1359 4223 1568 4271 nostra.
1606 4213 1849 4270 Joannes
1886 4228 1996 4285 quo
2044 4212 2190 4268 inter

593 4315 757 4364 natos
786 4307 1073 4364 mulierum
1104 4323 1212 4366 non
1243 4308 1483 4365 surrexit
1510 4305 1703 4379 major,
1729 4307 1863 4364 dicit
1890 4322 1948 4364 se
1977 4322 2083 4364 non
2108 4306 2191 4363 di-

594 4415 760 4474 gnum
792 4399 1165 4458 calceamento
1198 4399 1480 4468 solvendo,
1532 4407 1591 4456 et
1622 4409 1677 4455 tu
1708 4399 1848 4456 dicis
1878 4407 1929 4455 te
1968 4397 2189 4470 dignum

2258 1919 2344 1963 tas
2382 1905 2729 1978 praedixerat,
2763 1904 3013 1959 humano
3051 1900 3223 1972 generi
3249 1897 3343 1967 jam
3374 1896 3427 1951 de
3446 1893 3629 1951 salsch

2258 2001 2495 2073 peranti,
2528 1999 2619 2055 ditt
2650 1996 3026 2071 prazstolatam
3054 2002 3108 2050 et
3143 1988 3629 2065 przdesiderataapetal-

2260 2094 2341 2149 vit
2369 2092 2812 2165 promissionem.
2834 2088 3011 2145 Hodie
3036 2084 3244 2142 advenit
3259 2079 3630 2139 Desiderath

2263 2185 2534 2260 gentibus.
2569 2184 2740 2241 Hodie
2768 2182 2981 2240 veritas
3007 2179 3075 2235 de
3106 2186 3236 2234 terra
3262 2184 3364 2231 orta
3388 2169 3629 2241 estulen-

2264 2279 2335 2336 de
2363 2278 2505 2337 cmlo
2537 2277 2844 2351 prospexit.
2876 2273 3070 2340 Hodie,
3100 2270 3300 2336 fratres,
3320 2265 3490 2338 pupulas
3508 2266 3631 2335 quiaa-

2264 2372 2491 2431 bulabat
2517 2372 2574 2428 in
2621 2369 2889 2438 tenebris,
2923 2367 3060 2424 vidit
3098 2364 3257 2420 lucem
3284 2354 3631 2431 magnanimae

2266 2465 2325 2522 in
2340 2464 2629 2538 prophetia
2654 2461 2893 2533 legimus
2915 2458 3079 2517 hodie
3098 2456 3239 2514 omlis
3254 2446 3632 2516 rorantihostlesqtt

2266 2564 2326 2613 et
2354 2555 2589 2612 nubibus
2618 2550 2938 2626 ptuentibus
2956 2548 3236 2622 justitiam,
3261 2552 3415 2617 aperta
3441 2544 3633 2595 esttam

2269 2646 2603 2721 germinavit
2638 2643 2988 2701 Salvatorem
3017 2640 3149 2713 (Isa.
3181 2637 3312 2709 xu).
3332 2626 3633 2721 Porro

2273 2716 2439 2797 tionis
2487 2738 2728 2810 quinque
2770 2743 2905 2793 sunt
2945 2740 3146 2806 partes.
3190 2728 3346 2784 Primo
3377 2723 3480 2780 enim
3512 2716 3634 2774 aitait

2270 2834 2537 2906 propheta
2568 2829 2769 2904 populo
2798 2828 2857 2884 in
2887 2825 3127 2884 tenebris
3153 2817 3404 2879 ambulanti

2275 2902 2390 2983 tam
2417 2902 2605 2993 fuisse,
2628 2923 2841 2982 scilicet
2868 2918 3170 2977 Christum.
3198 2910 3405 2970 Secundo

2276 3019 2671 3092 dignationem,
2702 3013 2868 3071 tertio
2898 3012 3019 3085 ejus
3036 2997 3638 3092 exultationemouattoput

2278 3086 2621 3169 sacramenta
2645 3106 2933 3165 nominum
2979 3103 3114 3174 ejus,
3141 3098 3315 3171 quinto
3331 3086 3638 3165 magnitedilad

2278 3204 2694 3278 perpetuitatem
2724 3198 2877 3271 regni
2908 3197 3045 3271 ejus.
3074 3194 3162 3251 Ait
3186 3203 3300 3263 ergo
3323 3175 3635 3259 prophetat?“

2277 3301 2362 3355 lus
2401 3298 2491 3371 qui
2516 3293 2824 3352 ambulabat
2861 3293 2923 3347 in
2948 3287 3209 3352 .tenebris,
3229 3282 3335 3339 vidit
3358 3279 3635 3372 mutili?

2279 3362 2447 3460 Sane,
2472 3390 2675 3446 fratres
2707 3384 3045 3452 cbarissimi,
3074 3388 3194 3436 ante
3217 3376 3448 3466 adventum
3462 3362 3637 3466 Christi)

2277 3483 2442 3556 primi
2472 3479 2719 3555 parentis
2749 3474 3260 3550 praevaricationem,
3285 3465 3478 3556 universa
3497 3463 3637 3556 gustat

2284 3544 2550 3631 ieritas-in
2578 3544 2818 3629 tenebris
2847 3567 3173 3626 ambulabat.
3201 3561 3251 3617 ln
3269 3544 3637 3645 quibusllulfﬂfh‘l‘

2284 3665 2625 3741 ignorantiae,
2648 3670 3001 3736 peccatorum
3022 3666 3074 3714 et
3094 3653 3320 3711 miseriae.
3340 3647 3385 3703 In

2286 3746 2498 3830 rantim,
2522 3761 2650 3817 dum
2686 3761 2850 3815 homo
2879 3771 2980 3829 per
3001 3769 3149 3812 esum
3176 3748 3303 3823 pomi
3325 3730 3638 3829 τεειίιίινοίιιίῖωε

2284 3857 2466 3913 sciens
2491 3854 2695 3910 bonum
2726 3862 2782 3909 et
2823 3850 3047 3918 malum,
3083 3860 3136 3904 et
3172 3839 3341 3900 cecidit
3360 3837 3402 3891 in
3423 3830 3637 3918 ignorauit“

2287 3946 2443 4004 Unde
2469 3945 2683 4017 Moyses
2708 3961 2724 3999 :
2756 3942 3163 3999 Immolaverunt
3190 3929 3427 4022 daemoniis
3441 3910 3637 4022 ast-PDE

2424 4002 2890 4111 quos‘ignorabant
2918 4032 3100 4106 (Deut.
3129 4025 3304 4097 xxxn).
3327 4020 3381 4111 El
3402 4009 3516 4111 θινίξί

2287 4098 2717 4200 νενωίιέίικίυίι,
2750 4129 2804 4182 in
2826 4098 3128 4190 solitudine,
3159 4120 3279 4176 riam
3304 4110 3472 4169 civitatis

2289 4241 2394 4281 non
2434 4194 2741 4279 invenerunt
2788 4218 2964 4294 (Psal.
2995 4216 3122 4290 cvt).
3151 4214 3203 4271 In
3242 4194 3636 4295 tenebramus”:

2291 4317 2594 4384 ambulant,
2621 4317 2751 4389 quia
2783 4284 2975 4371 omnes
3009 4284 3261 4369 de'massa

2293 4380 2792 4483 concupiscentiam
2833 4406 3225 4467 descendentes,
3256 4398 3302 4453 in
3325 4383 3499 4483 Ρθοαίξθ

594 4462 927 4560 sacerdotio,
960 4491 1183 4563 dignum
1222 4462 1538 4563 pontiﬁcio?
1577 4489 1815 4548 Joannes
1844 4462 2063 4546 lucerna
2097 4503 2165 4543 ar

2248 4462 2989 4578 desiisse...”
3028 4498 3135 4555 nati
3170 4462 3294 4551 sunt.
3318 4462 3631 4578 lJnde

594 4581 731 4640 dens
756 4592 815 4641 et
847 4585 1056 4651 lucens,
1087 4583 1219 4640 dicit
1258 4597 1470 4645 senon
1501 4583 1722 4655 dignum
1756 4581 2206 4661 caleeamentum,

597 4676 829 4735 solvere.
862 4676 931 4735 Et
954 4686 1008 4734 tu
1040 4679 1206 4735 carbo
1234 4676 1525 4749 fumigans,
1558 4676 1781 4748 dignum
1814 4684 1868 4731 te
1903 4673 2042 4730 dicis
2068 4687 2191 4730 cor-

596 4784 703 4843 pus
728 4769 935 4828 Christi
969 4780 1227 4839 tractare,
1258 4769 1578 4843 mysterium
1615 4768 2034 4836 lncarnationis,
2072 4781 2194 4839 qua:

600 4876 702 4935 per
725 4863 1158 4922 caleeamentum
1184 4864 1545 4936 signiﬁcatur,
1579 4860 1909 4930 investigare
1941 4858 2027 4916 vel
2054 4873 2195 4930 pra:-

601 4959 823 5016 dicare?
853 4957 995 5031 Quid
1024 4973 1156 5030 ergo
1183 4959 1444 5023 dicemus,
1480 4957 1699 5022 fratres,
1745 4954 1848 5010 nisi
1896 4952 1981 5010 vel
2022 4967 2196 5024 quan-

607 5060 939 5123 tumcunque
960 5051 1162 5108 bonum
1205 5049 1517 5117 fecerimus,
1558 5062 1775 5120 semper
1812 5061 1911 5103 nos
1945 5045 2196 5117 indignos

607 5144 873 5202 dicamus.
896 5142 1007 5200 Nec
1030 5144 1132 5201 hoc
1157 5145 1400 5202 dicamus
1422 5143 1537 5201 solo
1559 5154 1676 5209 ore,
1698 5139 1855 5212 quasi
1887 5139 2197 5195 mentiendo

607 5252 676 5295 ex
698 5236 1026 5305 humilitate,
1048 5238 1142 5294 scd
1167 5246 1347 5293 mente
1368 5236 1674 5302 credamus,
1697 5248 1795 5291 ore
1815 5231 2198 5289 conﬁteamnr.

609 5331 772 5390 Juxta
800 5330 944 5403 quod
968 5331 1085 5403 ipsa
1116 5330 1335 5388 Veritas
1376 5329 1634 5386 admonet
1664 5327 1852 5383 dicens
1879 5342 1894 5381 ε
1924 5324 2058 5381 Cum
2084 5342 2203 5380 om-

610 5430 702 5487 nia
748 5428 977 5500 feceritis
1022 5443 1137 5500 qua:
1167 5434 1427 5497 prwccpta
1464 5433 1585 5479 sunt
1615 5422 1781 5487 vobis,
1818 5419 1977 5475 dicite
2000 5435 2019 5474 :
2052 5417 2202 5474 Servi

614 5522 828 5580 inutiles
852 5539 1056 5589 sumus,
1079 5522 1219 5597 quod
1241 5519 1514 5575 debuimus
1542 5516 1717 5589 facere
1747 5532 1849 5570 non
1878 5513 1953 5585 (5)
1986 5513 2205 5584 fecimus

621 5613 774 5685 (Luc.
808 5619 966 5684 xvn).
994 5613 1170 5679 Quam
1198 5609 1565 5666 humilitatem
1595 5608 1683 5663 det
1716 5607 1871 5661 nobis
1902 5615 2088 5660 tenere
2119 5603 2209 5659 ille

621 5705 716 5773 qui
746 5713 969 5775 propter
992 5719 1092 5759 nos
1119 5702 1342 5758 humilis
1370 5710 1427 5757 ct
1453 5715 1661 5772 pauper
1686 5698 1865 5754 lactus
1891 5704 1991 5762 est,
2025 5695 2211 5752 Domi-

638 5896 647 5905 _
699 5812 778 5885 (5)
805 5812 963 5885 Vulg.
988 5816 1139 5870 omit.
1166 5829 1291 5869 non.

2299 4566 2574 4673 Hegnavit,
2614 4566 2813 4671 inquit,
2856 4613 3000 4654 mors
3029 4597 3082 4650 in
3126 4588 3343 4647 mundum
3365 4576 3415 4633 αὖ
3433 4566 3632 4673 Αάξξῖ

2295 4654 2608 4767 adablopsen
2637 4654 2820 4763 (Hom:
2849 4690 2928 4761 v).
2958 4687 3063 4745 Sed
3081 4686 3247 4785 .SlPe':

2297 4787 2401 4844 fuit
2426 4754 2666 4858 cognita,
2704 4799 2813 4841 non
2861 4754 3039 4838 tamen
3074 4754 3173 4835 fuit
3205 4771 3374 4831 ablata,

2779 4836 2995 4944 inquit
3014 4836 3383 4927 declinarent”.
3400 4836 3627 4944 ‘i'd'iff’,

2298 4928 2471 5042 iactiw
2916 4928 3015 5020 xxii
3043 4980 3059 5031 ;
3125 4957 3247 5057 ιιι).⁸
3284 4928 3625 5057 ‘Undeji

2303 5027 2474 5121 Nemo
2503 5027 2732 5120 mundus
2767 5079 2800 5117 a
2841 5059 3016 5123 sorde,
3044 5071 3131 5112 nec
3163 5060 3206 5106 et
3229 5042 3370 5147 inf-al".
3397 5027 3623 5147 :3;

2301 5104 2993 5226 diiiiﬁiiéian;
3000 5104 3036 5222 ν(
3049 5149 3141 5206 Job
3166 5157 3259 5205 XIV,
3275 5104 3329 5203 ’4,
3353 5104 3587 5226 “mgf:

2305 5202 3130 5342 ;'.;;;;.;.;;;s;_;;s.'unus
3151 5202 3624 5342 spagit;

2308 5354 2637 5413 tumcunque
2657 5336 2860 5407 justus,
2888 5337 3053 5392 miser
3083 5337 3190 5389 erat
3222 5327 3268 5383 in
3292 5308 3618 5425 Iturius;

2310 5437 2365 5493 in
2395 5431 2952 5500 morte,miserrimus
2978 5436 3095 5503 post
3130 5426 3335 5532 ntortelltl-
3352 5398 3615 5532 3:;

2308 5528 2611 5589 Ezechias:
2647 5524 2784 5596 Ego.
2824 5526 3019 5619 intllfitg
3057 5528 3112 5619 ξζι
3149 5503 3615 5619 δίθίδίξξίθῗὲῗηῖτὲ

2311 5583 2499 5677 vatiam
2536 5620 2605 5677 ad
2639 5583 2820 5691 portas
2862 5583 3021 5687 inferi
3049 5615 3174 5691 (Isa.
3203 5583 3614 5718 xslxvntj‘fgg;

2309 5716 2439 5781 heu,
2465 5715 2521 5771 in
2548 5670 2767 5786 quantis
2802 5670 3194 5767 tenebris‘ante
3214 5670 3489 5755 advenme

3566 5644 3690 6230 ’ὦ
