3814 6346
49 363 175 424 697
830 363 1136 424 HOMILIE
1177 364 1242 422 IN
1271 362 1490 422 EPIST.
1523 350 1621 419 ET
1666 321 1927 424 EVANG.
1964 368 2262 432 DOMlNlC.
2291 405 2364 420 --
2393 378 2574 438 rans
2612 380 2652 437 ι.
3193 384 3330 446 i698

37 494 260 576 nanum
311 489 482 576 genus
526 473 860 576 ambulabat,
905 475 1303 576 imo-errabat!
1336 476 1630 576 Ambulare
1664 463 1720 528 Α
1749 476 1936 576 lus-est
1962 487 2120 543 nobis
2148 502 2178 542 a
2207 488 2390 546 Patre.
2417 489 2534 548 Non
2564 494 2668 550 sibi
2692 494 2910 566 quidem
2934 505 3096 557 natus
3120 510 3202 559 est
3231 508 3326 576 qui

37 571 176 626 :nim
226 569 285 624 in
340 568 599 634 tenebris,
649 583 757 623 non
805 579 890 624 est
935 570 1236 638 ambulare,
1283 571 1376 627 sed
1422 585 1630 640 errare,

37 662 318 732 (ironiam,
344 661 505 724 sicut,
527 660 604 716 ait
625 659 906 730 Dominus,
926 663 1017 732 qui
1043 663 1276 719 ambulat
1305 665 1360 720 in
1383 665 1630 731 tenebris,

37 752 196 806 tescit
224 767 334 822 quo
356 751 514 806 vadat
546 749 730 820 (Joan.
765 753 886 824 xu).
917 752 1054 810 Cum
1093 763 1274 810 autem
1304 756 1385 812 sol
1406 756 1632 825 justitiae

38 844 293 900 Ihristus
339 844 524 900 oriens
568 859 636 900 ex
689 845 816 905 alto.
869 845 1110 902 visitavit
1168 848 1449 913 mundum,
1499 848 1633 903 vidit

37 949 210 989 ucem
245 949 518 1004 magnam.
548 933 760 998 Notate,
791 933 1017 1000 fratres,
1047 944 1253 1002 notate,
1286 937 1418 992 vidit
1453 936 1630 993 lucem

37 1039 316 1097 nagnam.
350 1025 467 1081 Non
502 1026 616 1097 ipse
655 1027 756 1083 sibi
803 1028 1072 1094 accendit,
1110 1043 1216 1084 non
1262 1030 1436 1101 pretio
1473 1031 1628 1097 emit,

37 1135 138 1174 ton
170 1119 390 1175 meritis
417 1119 529 1174 suis
567 1119 878 1190 acquisivit,
923 1122 1018 1178 sed
1049 1122 1218 1192 gratis
1256 1121 1358 1178 sibi
1390 1123 1629 1179 oblatam

38 1211 187 1266 ridit.
231 1211 339 1268 Sed
378 1212 651 1282 quomodo
682 1212 822 1268 hanc
853 1212 1037 1268 videre
1083 1212 1280 1283 potuit,
1328 1213 1419 1282 qui
1451 1228 1630 1271 caecus

37 1312 194 1358 tatus
222 1305 385 1358 erat?
413 1303 598 1374 (Joan.
626 1304 768 1373 vm.)
792 1303 1109 1360 Nullatenus
1138 1305 1405 1374 potuisset
1431 1305 1535 1360 nisi
1563 1305 1633 1361 il-

41 1397 336 1451 uminatus
365 1396 574 1452 fuisset.
604 1395 676 1454 Ut
701 1411 834 1470 ergo
857 1397 1030 1453 lucem
1054 1397 1155 1453 sibi
1185 1396 1420 1453 oblatam
1443 1398 1629 1454 videre

38 1496 243 1552 sesset,
290 1487 613 1544 illuminavit
659 1504 784 1544 eum
827 1489 976 1561 prius
1028 1489 1275 1545 Christus
1324 1490 1381 1545 in
1423 1499 1624 1558 mente,

37 1581 283 1652 :ollyrio,
305 1599 372 1640 ex
394 1595 551 1654 sputo
575 1592 632 1640 et
654 1593 820 1651 terra,
854 1583 906 1638 id
933 1593 1017 1640 est
1037 1598 1103 1639 ex
1131 1584 1415 1640 divinitate
1441 1593 1500 1641 et
1523 1585 1625 1640 hu-

38 1673 323 1739 uanitate,
348 1674 514 1730 facto.
547 1675 638 1732 Sic
669 1676 873 1746 itaque,
903 1675 1120 1746 fratres,
1149 1677 1286 1733 vidit
1314 1676 1486 1735 lucem
1512 1693 1628 1732 ma-

37 1781 214 1836 gnam.
259 1766 476 1834 Quam?
523 1767 698 1825 lucem
736 1783 921 1824 veram
958 1786 1077 1840 qua:
1113 1768 1379 1826 illuminat
1417 1787 1624 1826 omnem

1741 572 1944 632 nullius
1986 577 2281 650 indigebat,
2329 582 2424 638 sed
2472 584 2630 641 nobis
2677 596 2841 644 natus
2877 599 2962 646 est
3013 592 3192 662 datus,
3229 572 3324 668 qui

1738 667 1966 724 multum
2009 669 2403 741 indigebamus.
2452 675 2618 733 Nobis
2644 685 2805 734 natus
2828 688 2934 748 est,
2959 691 3020 737 ut
3053 699 3207 740 suam
3236 667 3324 744 di-

1735 754 2028 815 lectionem
2055 760 2110 815 in
2137 777 2236 817 nos
2260 765 2687 835 commendaret,
2710 769 2862 838 quia,
2893 780 2948 825 ut
2979 773 3056 829 ait
3091 777 3324 845 Aposto-

1735 848 1840 918 lus,
1872 850 1974 908 iste
2015 853 2171 923 prior
2198 855 2380 910 dilexit
2421 873 2516 912 nos
2546 857 2597 928 (Ι
2623 857 2789 915 Joan.
2828 861 2925 932 iv).
2959 861 3125 920 Nobis
3160 877 3323 926 natus

1734 949 1820 995 cst
1845 950 1902 996 et
1921 943 2098 1006 datus.
2117 951 2184 997 ιιι
2215 945 2373 1001 nobis
2401 947 2506 1001 iter
2530 949 2655 1004 vitae
2678 949 3098 1020 demonstraret,
3129 963 3188 1010 ut
3215 960 3324 1014 sci-

1733 1032 1864 1090 licet
1904 1050 2199 1106 sequamur
2238 1039 2465 1111 vestigia
2509 1041 2645 1112 ejus.
2688 1043 2854 1100 Nobis
2890 1055 3050 1102 natus
3079 1056 3135 1102 et
3163 1049 3323 1110 datus

1733 1133 1838 1189 est,
1878 1134 1938 1180 ut
1973 1141 2074 1182 nos
2100 1141 2129 1180 a
2161 1139 2336 1183 morte
2367 1130 2677 1198 redimeret,
2713 1136 2966 1204 quoniam
2997 1139 3110 1207 ipse
3140 1142 3322 1212 posuit

1731 1213 1970 1269 animam
1999 1230 2154 1271 suam
2178 1233 2275 1288 pro
2299 1220 2492 1277 ovibus
2518 1223 2652 1279 suis.
2682 1223 2789 1281 Sed
2817 1227 2943 1296 quid
2976 1231 3228 1298 provenit
3253 1247 3322 1287 ex

1734 1305 1839 1362 hac
1869 1307 2185 1376 dilectione,
2211 1325 2279 1367 ex
2313 1313 2416 1369 hac
2445 1315 2768 1384 humilitate,
2790 1334 2856 1374 ex
2890 1320 2994 1376 hac
3027 1323 3321 1392 patientia?

1731 1397 1845 1454 Hoc
1874 1401 2020 1470 quod
2056 1403 2348 1472 sequitur:
2383 1405 2454 1460 Et
2499 1407 2672 1476 factus
2701 1420 2777 1465 est
2793 1413 3134 1482 principatus
3163 1431 3322 1484 super

1728 1490 2005 1546 humerum
2029 1494 2164 1564 ejus.
2195 1493 2293 1551 Est
2327 1507 2504 1554 autem
2545 1501 2662 1557 haec
2702 1519 2830 1572 pars
2861 1505 3042 1572 tertia,
3091 1507 3147 1562 in
3183 1503 3314 1577 qua,

1729 1588 1852 1649 post
1881 1582 2309 1641 hutiiiliatiouem
2341 1586 2567 1654 Christi,
2604 1591 2862 1649 exaltatio
2884 1594 3085 1670 Christi
3123 1597 3320 1666 praedi-

1729 1679 1903 1726 catur.
1932 1670 2170 1730 Vocatur
2193 1686 2376 1733 autem
2407 1677 2516 1745 hic,
2552 1678 2770 1748 fratres,
2801 1683 3136 1754 principatus
3160 1684 3318 1742 Chri-

1729 1764 1820 1832 sti,
1852 1773 2191 1839 transumpto
2215 1771 2435 1826 nomine
2460 1775 2844 1843 consequentis
2865 1777 2932 1831 ad
2965 1779 3316 1848 antecedens,

37 1860 298 1914 taminem
343 1861 625 1916 venientem
670 1863 727 1916 in
777 1863 916 1917 Itune
958 1863 1212 1918 mundum
1259 1862 1441 1933 (Joan.
1477 1863 1539 1935 ι).
1577 1865 1624 1918 Α
1653 1855 1700 1916 Β
1728 1858 1984 1926 quoniam
2023 1875 2120 1930 per
2155 1876 2396 1930 crucem,
2429 1878 2594 1934 quam
2631 1879 2795 1935 super
2824 1866 3112 1924 humerum
3157 1886 3316 1927 suum

41 1965 146 2006 uce
185 1951 546 2018 illuminatus,
579 1953 714 2008 vidit
742 1953 917 2010 lucem
950 1953 1154 2025 ipsam,
1188 1955 1321 2010 vidit
1348 1955 1526 2025 ipsum
1553 1954 1622 2009 il-

39 2043 437 2100 uminatorem.
484 2044 597 2102 Nec
633 2046 832 2112 solum,
878 2047 1208 2113 charissimi,
1250 2047 1342 2117 qui
1391 2056 1521 2101 tunc
1566 2047 1622 2102 in
1667 2090 1679 2120 ί

1663 2135 1672 2158 ’ν
1725 2132 1898 2202 factus
1927 2133 2170 2191 obediens
2197 2135 2352 2192 Patri
2383 2156 2546 2211 usque
2579 2141 2650 2196 ad
2690 2152 2909 2200 mortem
2925 2161 2946 2210 ;
2971 2156 3192 2202 mortem
3219 2164 3320 2203 au-

37 2156 193 2196 ~arne
223 2151 404 2209 erant,
434 2141 689 2198 viderunt
722 2143 864 2200 hanc
891 2143 1091 2209 lucem,
1116 2143 1214 2200 sed
1241 2152 1298 2201 et
1324 2143 1622 2198 habitanti-

37 2248 142 2298 σιω,
177 2232 298 2288 sive
338 2233 675 2301 sedentibus,
718 2233 776 2288 in
817 2235 1027 2305 regione
1063 2236 1250 2289 umbra
1285 2233 1491 2302 mortis,
1528 2233 1623 2288 lux

37 2335 143 2379 vrla
180 2334 264 2380 est
286 2326 383 2392 eis,
418 2326 523 2383 hoc
551 2335 638 2382 est
674 2325 1001 2398 patriarcbis
1035 2335 1092 2383 et
1128 2326 1427 2398 prophetis,
1455 2335 1619 2383 caete-

39 2418 214 2488 isque
243 2418 475 2484 sanctis,
498 2417 592 2490 qui
621 2433 786 2474 carne
826 2417 989 2475 soluti
1034 2419 1486 2490 praestolabantur
1526 2421 1622 2476 ad-

42 2521 253 2565 entum
295 2510 628 2578 Mediatoris,
669 2511 825 2581 quasi
873 2510 1109 2577 exsules,
1157 2510 1465 2568 habitantes
1511 2526 1618 2566 non

37 2604 249 2672 pridem
283 2604 336 2660 in
381 2613 556 2661 morte
589 2605 686 2660 sed
730 2604 785 2659 in
819 2616 1043 2670 umnra,
1083 2605 1137 2660 id
1172 2614 1257 2660 est
1282 2605 1336 2660 iu
1367 2605 1620 2661 similitu-

38 2697 154 2752 line
185 2697 397 2762 mortis,
429 2705 679 2752 carentes
704 2695 914 2752 visione
944 2696 1061 2752 Dei.
1087 2696 1164 2752 De
1185 2696 1379 2766 quibus
1404 2696 1573 2752 David
1599 2713 1614 2752 :

37 2786 295 2841 Exortum
321 2798 418 2854 est,
463 2788 661 2860 inquit,
697 2788 754 2842 in
791 2788 1017 2843 tenebris
1057 2788 1224 2843 lucem
1253 2791 1408 2843 rectis
1439 2789 1616 2856 corde,

38 2881 328 2934 nisericors
353 2889 401 2934 et
426 2881 707 2936 miserator
734 2880 991 2936 Dominus
1018 2878 1191 2952 (Psal.
1208 2882 1342 2951 cxr).
1359 2882 1425 2936 Et
1453 2881 1614 2937 alibi:

37 2971 146 3026 Lua:
163 2981 284 3026 orta
309 2981 383 3026 est
411 2972 576 3041 justo,
602 2982 649 3027 et
682 2973 834 3028 rectis
859 2973 1015 3028 corde
1033 2972 1219 3028 ltetitia
1246 2974 1422 3046 (Psal.
1446 2976 1613 3046 XCVI).

47 3075 234 3136 taque,
271 3065 487 3132 fratres,
531 3065 624 3121 lux
664 3081 792 3123 vera
835 3065 1085 3122 Christus
1131 3067 1355 3123 veniens
1385 3068 1439 3122 in
1471 3069 1617 3124 hunc

1727 1950 1871 2017 tulit,
1901 1951 2080 2008 omnis
2107 1963 2348 2024 potestas
2378 1955 2430 2010 in
2457 1956 2595 2012 coelo
2618 1966 2673 2012 et
2707 1957 2760 2012 in
2793 1967 2938 2014 terra
2962 1960 3012 2016 ei
3041 1962 3167 2018 data
3191 1962 3316 2022 fuit.

1723 2039 1791 2096 Et
1811 2040 1914 2098 hoc
1933 2043 2175 2113 estquod
2189 2045 2266 2100 ait
2279 2045 2569 2116 Apostolus
2588 2062 2605 2102 :
2625 2047 2941 2105 Humiliavit
2955 2055 3316 2125 semetipsum,

1722 2234 1823 2280 tem
1858 2227 2050 2283 crucis.
2081 2226 2308 2312 Propter
2347 2233 2488 2302 quod
2515 2241 2567 2288 et
2600 2234 2744 2290 Deus
2783 2237 3032 2294 exaltabit
3059 2239 3235 2308 illum,
3263 2247 3316 2298 et

1722 2319 1936 2374 donauit
1966 2319 2050 2375 illi
2085 2339 2274 2380 nomen
2300 2325 2442 2397 quod
2472 2336 2548 2381 est
2578 2343 2736 2397 super
2765 2344 2916 2384 omne
2942 2345 3130 2386 nomen
3158 2328 3315 2402 (Plii-

1722 2413 1850 2484 lipp.
1876 2413 1965 2486 tt),
1995 2423 2104 2471 etc.
2131 2414 2231 2472 llic
2260 2425 2346 2472 est
2365 2424 2423 2472 et
2447 2416 2580 2474 illud
2600 2432 2830 2488 parvum
2855 2433 3087 2490 granum
3111 2421 3318 2492 sinapis

1722 2507 1869 2578 quod
1919 2507 2204 2566 minimum
2243 2511 2486 2566 omnium
2522 2511 2815 2578 seminum,
2840 2513 3046 2583 jactum
3075 2515 3318 2574 excrevit

1722 2597 1776 2653 in
1809 2615 2063 2670 magnam
2095 2600 2368 2658 arborem.
2397 2602 2500 2658 Hic
2525 2613 2612 2661 est
2653 2604 2742 2661 ille
2784 2620 2985 2676 parvus
3029 2605 3190 2678 lapis,
3217 2609 3316 2678 qui

1715 2691 1872 2764 juxta
1899 2693 2202 2763 Danielem,
2226 2695 2444 2754 excisus
2468 2697 2536 2752 de
2561 2704 2747 2753 monte
2771 2697 2891 2754 sine
2918 2698 3191 2767 manibus,
3217 2713 3315 2757 ex-

1720 2788 1895 2841 crevit
1920 2797 1976 2842 et
2003 2789 2290 2859 occupavit
2317 2797 2488 2844 totum
2509 2789 2698 2846 orbem
2725 2791 2891 2861 (Dan.
2921 2791 3007 2863 ιι).

1793 2879 2052 2950 Sequitur
2075 2896 2202 2952 pars
2222 2893 2438 2953 quarta,
2465 2883 2521 2938 in
2550 2899 2657 2955 qua
2680 2884 3060 2955 exprimuntur
3087 2900 3182 2942 sex
3211 2900 3314 2943 no-

1718 2979 1866 3035 mina
1911 2979 2135 3046 Christi,
2180 2997 2304 3048 cum
2350 2982 2640 3038 subditur:
2685 2982 2758 3038 Et
2809 2983 3077 3040 vocabitur
3121 3000 3311 3040 nomen

1719 3076 1834 3146 ejus
1856 3077 2208 3144 admirabilis,
2239 3078 2600 3146 consiliarius,
2653 3078 2815 3143 Deus,
2841 3081 3018 3150 fortis,
3045 3089 3197 3150 pater
3219 3080 3311 3152 fu-

43 3158 316 3222 nuntium,
349 3168 403 3213 Cl.
440 3158 690 3213 tenebras
718 3159 1037 3230 ignorantia:
1067 3159 1295 3230 fugavit,
1328 3159 1614 3216 veritatem
1641 3209 1685 3269 ϐ
1721 3171 1829 3224 turi
1845 3170 2048 3238 σωεαιὶ,
2070 3171 2308 3240 princeps
2327 3171 2470 3240 paci;
2491 3169 3048 3240 :Atlmjrabilisnova,
3067 3173 3310 3231 inaudim

38 3252 393 3316 medicande,
421 3260 476 3306 et
504 3254 754 3308 tenebras
781 3261 1128 3323 peccatorum
1152 3251 1332 3318 solvit,
1357 3267 1458 3307 suo
1490 3267 1616 3307 san-

39 3346 188 3414 guine
235 3344 523 3415 expiaudo,
575 3355 631 3399 ct
679 3347 935 3401 tenebras
981 3345 1215 3402 miseriae
1269 3345 1613 3411 terminavit,

39 3448 286 3492 eternam
318 3437 703 3494 beatitudinem
741 3437 1091 3494 conferendo.
1121 3437 1192 3494 Ut
1231 3446 1414 3493 autem
1457 3436 1618 3493 Chri-

39 3541 140 3586 itus
164 3530 352 3585 mundi
381 3532 628 3586 tenebras
654 3546 684 3586 a
715 3546 773 3586 se
793 3533 1192 3586 demonstraret
1214 3529 1614 3597 illuminandas,

41 3634 184 3679 tatus
209 3622 459 3679 Christus
496 3622 674 3678 media
715 3631 874 3678 nocte
901 3622 1073 3691 ipsam
1111 3630 1324 3677 noctem
1362 3619 1617 3690 Splendo-

40 3718 176 3771 'ibus
206 3724 264 3771 et
290 3714 535 3771 laudibus
558 3716 875 3788 angelorum
898 3714 1210 3781 illustravit,
1238 3725 1294 3769 et
1325 3713 1449 3769 novi
1471 3713 1616 3770 side-

40 3808 96 3863 'is
132 3807 400 3862 claritate.
429 3807 496 3862 Et
526 3807 648 3863 ideo
676 3823 839 3878 quam
869 3806 1032 3862 modo
1059 3805 1414 3878 explanamus
1453 3803 1615 3862 lectio

40 3899 228 3971 egitur
247 3901 311 3955 ad
336 3901 556 3956 missam
581 3901 636 3956 in
667 3909 844 3956 nocte.

87 3991 357 4059 Sequitur
388 4006 518 4062 pars
549 3993 806 4059 secunda,
826 3991 882 4046 in
906 4007 1014 4062 qua
1039 3991 1343 4048 ostenditur
1371 3991 1612 4062 dignatio

40 4082 252 4150 lliristi,
280 4097 398 4139 cum
429 4083 627 4141 dicitur
654 4102 670 4140 :
696 4083 963 4140 Parvulas
985 4086 1124 4140 enim
1153 4097 1308 4140 natus
1335 4093 1411 4140 est
1440 4085 1610 4151 nobis,

40 4187 54 4229 l
87 4174 252 4245 ﬁlius
280 4179 432 4233 datus
461 4186 538 4232 est
583 4179 750 4232 nobis.
797 4177 912 4234 Nisi
953 4179 1100 4235 enim
1148 4178 1364 4234 intuens
1410 4192 1613 4248 parvus

47 4275 208 4330 cret,
248 4283 348 4323 non
390 4285 490 4326 nos
529 4269 880 4326 illuminaret.
929 4270 1044 4327 Nisi
1093 4271 1237 4327 enim
1267 4271 1609 4342 splendorem

40 4377 191 4419 uuln
217 4362 633 4420 iuaecessibilcm
662 4365 807 4421 nube
838 4365 1023 4422 carnis
1052 4365 1350 4430 obvelaret,
1381 4363 1612 4419 infirmi-

40 4475 90 4515 us
162 4456 282 4511 aciei
323 4467 523 4513 nostra:
560 4472 684 4514 eum
724 4458 988 4530 speculari
1037 4474 1142 4514 non
1173 4468 1374 4528 posset.
1411 4457 1610 4515 Factus

43 4565 88 4607 st
147 4549 297 4619 igitur
336 4564 408 4605 ex
442 4551 710 4608 immenso
750 4551 1025 4624 parvulus.
1067 4550 1329 4606 Parvulas
1358 4565 1607 4622 corpore,
1635 4569 1687 4626 ο

40 4644 277 4700 arvulus
319 4644 647 4714 humilitate,
696 4644 952 4717 parvulus
993 4643 1356 4714 reputatione.
1401 4644 1604 4710 Primo,

41 4738 278 4796 iar'vulus
316 4753 567 4809 corpore,
597 4741 729 4810 quia
772 4738 932 4795 modo
972 4747 1134 4794 natus
1175 4738 1244 4795 de
1283 4739 1512 4808 virgine,
1551 4740 1605 4793 in

41 4845 255 4907 ιιιειιειο
285 4834 548 4904 praesepio
588 4833 882 4890 collocatus
923 4843 1029 4889 est.
1074 4833 1338 4888 Parvulas
1384 4831 1606 4887 humili-

42 4939 148 4991 atc,
177 4926 306 4994 quia
331 4926 636 4982 humiliavit
662 4925 1036 4995 semetipsum,
1063 4933 1119 4980 et
1149 4938 1415 4995 pauperes
1445 4920 1610 4992 elegit

42 5028 297 5088 :arcntes,
315 5029 690 5092 paupertatem
712 5019 896 5091 elegit,
919 5017 1173 5074 omnibus
1193 5025 1249 5074 et
1267 5015 1602 5088 praedicavit:

42 5115 227 5167 )iscite
254 5130 284 5166 a
311 5130 409 5182 me,
437 5113 632 5184 inquit,
666 5112 792 5184 quia
824 5113 968 5166 mitts
991 5126 1109 5164 sum
1132 5119 1180 5164 et
1211 5107 1425 5164 humilis
1450 5108 1608 5165 corde

49 5207 242 5261 Matth.
281 5208 377 5275 si).
410 5205 674 5259 Parvulus
709 5202 1070 5276 reputatione,
1101 5200 1226 5271 quia
1273 5199 1407 5255 dicit
1437 5197 1608 5254 voluit

42 5303 160 5357 ilius
193 5298 326 5354 fabri
359 5298 573 5372 (Matth.
607 5298 750 5370 xui),
774 5297 932 5368 juxta
962 5291 1106 5368 quod
1135 5295 1252 5366 ipse
1281 5294 1609 5363 dixeratper

42 5393 382 5464 .’rophetant:
421 5391 538 5464 Ego
577 5408 694 5446 sum
730 5391 940 5457 vermis,
973 5397 1023 5444 et
1061 5404 1164 5443 non
1199 5388 1378 5452 ltomo,
1420 5403 1607 5456 oppro—

41 5490 193 5542 irium
224 5486 491 5542 hominum
524 5496 572 5540 et
603 5484 824 5554 abjectio
846 5483 1010 5555 plebis
1037 5481 1210 5554 (Psal.
1242 5481 1380 5549 xxi).
1412 5481 1466 5535 In
1489 5495 1606 5536 om-

47 5581 182 5635 nibus
207 5578 511 5648 exemplum
552 5576 875 5631 humilitatis
910 5574 1067 5630 nobis
1100 5571 1514 5636 demonstravit,
1548 5579 1606 5624 ut

42 5674 330 5728 )slenderel
356 5686 459 5743 per
483 5685 644 5740 quam
670 5672 811 5725 viam
837 5670 903 5723 ad
935 5666 1132 5724 coelum
1156 5666 1450 5720 ascendere
1478 5681 1604 5735 pos-

41 5778 204 5818 .emus
235 5764 325 5834 qui
372 5777 474 5833 per
503 5761 809 5830 superbiam
859 5757 994 5828 lapsi
1025 5772 1262 5812 eramus.
1309 5755 1416 5811 Iste
1443 5756 1606 5827 igitur

41 5856 271 5915 >arvulus
294 5866 463 5915 natus
487 5855 750 5931 est‘nobis
777 5867 844 5911 ex
872 5859 1068 5920 matre,
1105 5861 1159 5908 ct
1188 5848 1360 5907 Filius
1387 5848 1482 5908 Dei
1509 5851 1605 5907 da-

1719 3261 1983 3318 miracula
2013 3262 2302 3328 faciendo;
2337 3261 2700 3328 consiiiarius,
2738 3262 3144 3331 praedicatione,
3177 3277 3308 3332 pas-

1719 3354 1892 3421 sione,
1926 3356 2226 3425 ereptione,
2267 3353 2484 3409 miseris
2514 3353 2876 3421 consulendo;
2911 3353 3071 3422 Deus,
3109 3369 3306 3426 corpus

1717 3455 1874 3499 suum
1895 3452 1950 3498 et
1972 3445 2200 3499 aliorum
2223 3459 2255 3498 a
2278 3445 2508 3500 mortuis
2531 3443 2876 3508 suscitaudo;
2903 3444 3082 3510 fortis,
3107 3443 3305 3500 fortem

1717 3535 1956 3606 ligando,
1982 3550 2111 3589 vasa
2134 3534 2251 3603 ejus
2278 3534 2604 3603 diripienda,
2631 3542 2688 3590 et
2715 3533 2914 3589 cwlum
2949 3533 3029 3588 eis
3053 3532 3304 3605 aperien‘

1718 3627 1822 3690 do;
1857 3635 2011 3696 pater
2043 3625 2211 3680 futuri
2253 3625 2456 3690 szecnli,
2509 3624 2562 3678 id
2593 3634 2676 3678 cst
2721 3623 3181 3688 Christianorum,
3210 3637 3308 3679 eos

1716 3719 1972 3785 fovendo,
2004 3717 2364 3784 defendendo,
2389 3717 2606 3772 Patrem
2648 3731 2745 3785 pro
2773 3717 2852 3770 eis
2877 3714 3303 3786 interpellando;

1714 3812 1967 3884 princeps
2013 3811 2186 3882 pacis,
2225 3808 2406 3879 justos
2455 3810 2789 3875 coronando,
2817 3817 2872 3863 et
2908 3823 3105 3879 pravos
3149 3809 3307 3864 dam-

1715 3905 1914 3961 nando.
1952 3905 2102 3961 Tune
2137 3905 2337 3977 quippe
2367 3903 2539 3960 sancti
2578 3901 2945 3958 omnimodatn
2981 3915 3169 3971 pacem
3206 3901 3312 3956 ha-

1713 3997 1920 4052 bebunt
1943 4011 2065 4051 cum
2093 3997 2344 4052 omnibus
2373 4005 2429 4051 et
2460 3995 2528 4051 ab
2565 3993 2838 4049 omnibus.
2868 3989 3002 4047 Cum
3028 3991 3304 4058 omnibus,

1713 4106 1836 4148 cum
1874 4091 2006 4155 Deo,
2042 4105 2166 4145 cum
2198 4088 2427 4160 angelis.
2463 4103 2586 4143 cuin
2629 4087 2900 4157 proximo,
2928 4101 3048 4141 cum
3080 4098 3307 4156 corpore

1713 4183 1994 4239 etanima.
2028 4182 2160 4237 Cum
2186 4182 2316 4250 Deo,
2351 4181 2494 4236 idem
2527 4179 2785 4246 volendo;
2821 4195 2944 4234 cum
2971 4177 3199 4250 angelis,
3224 4177 3307 4236 eis

1713 4277 1765 4331 in
1792 4277 2029 4347 puritate
2065 4275 2487 4341 consentiemlo;
2519 4289 2638 4329 cum
2669 4287 2899 4344 corpore
2930 4281 2984 4327 et
3015 4272 3218 4337 anima,
3248 4272 3305 4328 in

1712 4369 1912 4424 bonum
1956 4367 2369 4438 cencprdaudo;
2419 4382 2542 4421 cum
2599 4365 2879 4435 proximo,
2927 4379 3046 4419 eum
3092 4363 3305 4418 sincere

1711 4454 2001 4525 diligendo.
2026 4454 2108 4508 Ab
2135 4453 2404 4521 omnibus,
2431 4468 2461 4506 a
2493 4452 2706 4508 diabolo
2733 4459 2789 4508 et
2823 4466 2853 4506 a
2883 4449 3141 4506 membris
3162 4448 3299 4520 ejus,

1713 4543 1845 4599 nihil
1877 4543 2137 4598 timendo.

1785 4636 2046 4707 Sequitur
2075 4651 2200 4706 pars
2225 4637 2434 4707 quinta,
2465 4637 2518 4690 in
2549 4651 2654 4707 qua
2683 4633 3058 4705 multiplicatio
3081 4641 3137 4688 et
3172 4647 3300 4704 per-

1710 4731 1945 4802 petuitas
1974 4732 2122 4801 regni
2151 4729 2353 4786 Christi
2384 4731 2808 4794 demonstratur,
2840 4742 2964 4782 cum
3003 4726 3250 4781 subditur
3280 4744 3296 4780 :

1713 4821 2160 4893 Multiplicabitur
2196 4822 2311 4892 ejus
2341 4819 2636 4889 imperium.
2685 4820 2786 4888 Qui
2817 4819 2962 4874 enim
3002 4835 3145 4876 nunc
3172 4820 3301 4875 solis

1710 4914 1870 4970 bonis
1897 4914 2164 4985 imperare
2185 4914 2421 4980 videtur,
2451 4922 2508 4967 et
2538 4927 2642 4966 non
2682 4909 2857 4978 malis,
2893 4911 2946 4966 in
2969 4909 3153 4965 futuro
3184 4909 3301 4966 sine

1711 5009 2144 5064 contradictione
2174 5005 2467 5076 imperabit
2495 5006 2759 5075 utrisque,
2794 5005 2892 5060 hos
2922 5004 3297 5075 glorificantia,

1711 5101 1834 5156 illos
1879 5100 1932 5155 in
1964 5109 2228 5154 mteruum
2279 5098 2574 5167 puniendo.
2621 5097 2773 5150 Nunc
2820 5096 2873 5150 ili
2912 5095 3051 5152 caelo
3091 5105 3298 5150 tantum

1712 5209 1941 5266 regnare
1971 5192 2206 5255 videtur,
2231 5200 2285 5245 et
2323 5207 2427 5246 non
2463 5189 2516 5243 in
2549 5188 2796 5252 inferno;
2831 5189 2885 5241 in
2927 5183 3109 5242 futuro
3136 5203 3299 5258 appao

1711 5289 1850 5342 rebit
1896 5302 2018 5342 cum
2069 5283 2543 5356 rcguareuhique.
2592 5278 2660 5334 Et
2701 5281 2847 5351 regni
2885 5280 3001 5352 ejus
3052 5297 3156 5336 non
3202 5281 3298 5335 erit

1711 5383 1853 5453 ﬁnis,
1890 5396 1991 5436 nec
2036 5379 2318 5448 temporis,
2359 5393 2462 5432 nec
2501 5376 2625 5441 loci,
2665 5390 2766 5431 nec
2797 5375 3165 5446 praemiorum,
3198 5389 3298 5430 nec

1713 5490 2018 5547 poenarum.
2053 5473 2258 5543 Itaque,
2294 5473 2508 5537 fratres,
2541 5471 2585 5526 si
2630 5470 2878 5526 volumus
2904 5483 3025 5525 esse
3054 5468 3296 5524 haeredes

1712 5567 1860 5637 regni
1903 5565 2132 5625 Christi.
2167 5567 2337 5621 simus
2377 5564 2551 5635 Primo
2583 5564 2825 5619 hmredes
2855 5561 3136 5617 charitatis
3162 5576 3294 5624 sure,

1712 5659 2028 5717 humilitatis
2069 5669 2121 5713 et
2161 5659 2464 5728 patientiae;
2507 5671 2602 5727 per
2635 5657 2732 5711 has
2758 5654 2901 5710 enim
2939 5653 3165 5708 virtutes
3203 5665 3296 5704 ve-

1712 5757 1922 5812 niemus
1945 5755 2012 5810 ad
2041 5754 2167 5809 illud
2207 5752 2508 5824 prmminm.
2554 5751 2672 5806 Non
2717 5749 3002 5804 timeamus
3044 5743 3296 5815 quaelibet

1711 5847 1840 5905 vilia
1867 5856 1922 5906 et
1950 5861 2141 5922 aspera
2166 5861 2267 5920 pro
2290 5861 2378 5916 eo,
2409 5844 2500 5920 qui
2533 5851 2714 5902 tantus
2736 5851 2792 5901 et
2819 5841 2944 5902 talis
2970 5848 3049 5900 tot
3083 5835 3292 5907 abiecta
