3820 6312
569 325 710 384 1699

1581 317 1923 378 ΑΒΒΕΝΒΔ.
1957 342 2028 364 ο-
2065 313 2422 374 ιιιιιιυιριιι
2467 313 2818 376 ABDENTIS

3640 332 3728 391 ιτα)

563 456 620 505 et
641 461 832 519 aspera
863 457 1056 516 passus
1082 447 1170 500 est
1188 453 1286 514 pro
1315 438 1490 496 nobis.
1517 437 1820 510 Diligamus
1848 453 1974 495 eum
1997 439 2146 510 plus-
2177 438 2226 496 Α
2249 434 2325 490 illi
2346 433 2439 506 qui
2464 433 2754 492 immeritis
2767 436 2924 493 nobis
2944 434 3086 492 mala
3111 435 3297 494 intulit
3317 440 3729 508 misererillaxima

564 555 728 613 quam
771 551 870 594 nos
901 539 992 609 qui
1033 535 1275 593 tantillus
1305 533 1482 590 factus
1519 543 1601 589 est
1629 541 1850 604 propter
1878 547 1999 588 nos.
2024 531 2152 601 Ejus

559 640 814 690 sanctum
847 645 1066 695 nomen,
1091 628 1208 699 ejus
1237 635 1422 682 sancta
1450 626 1614 681 verba
1651 635 1706 680 et
1744 624 1994 694 exempla
2036 632 2152 680 toto

559 723 836 780 desiderio
868 723 1157 794 diligamus
1199 729 1254 775 et
1299 720 1593 774 imitemur.
1643 718 1773 787 Ejus
1817 718 2057 773 natalitia
2097 719 2151 774 in

561 818 764 888 gaudio
800 816 1159 882 celebremus,
1208 814 1259 868 in
1304 813 1503 884 gaudio
1551 827 1655 866 non
1705 811 2011 882 temporali,
2056 813 2153 868 sed

557 911 851 982 spirituali,
879 925 983 964 non
1014 912 1066 963 in
1089 908 1375 971 ebrietate,
1401 905 1498 960 sed
1532 904 1584 958 in
1615 903 1930 973 sobrietate,
1964 920 2069 958 non
2096 905 2150 959 in

561 1003 1125 1067 eommessationibus,
1139 1002 1232 1056 sed
1248 1003 1299 1055 in
1315 999 1790 1056 communitatibus
1804 999 1982 1069 (Rom.
2003 997 2146 1070 xui).

563 1094 623 1150 Si
655 1095 810 1150 novis
835 1103 890 1149 et
923 1091 1219 1162 splendidis
1249 1091 1407 1146 hodie
1441 1091 1683 1145 vestibus
1716 1089 2001 1154 vestimur,
2041 1103 2146 1144 non

561 1186 639 1241 sit
661 1186 729 1240 ad
769 1185 1110 1255 jactantiam,
1132 1185 1228 1239 sed
1261 1183 1327 1237 ad
1353 1181 1489 1252 ejus,
1520 1182 1676 1254 cujus
1703 1180 1892 1237 Natale
1915 1181 2152 1237 celebra-

562 1290 702 1342 mus,
719 1274 997 1340 bonorem,
1017 1274 1111 1340 ita,
1132 1273 1421 1338 fratres,ut
1442 1272 1637 1338 nudus,
1675 1273 1780 1328 etsi
1801 1288 1908 1330 non
1924 1287 2147 1340 novam,

557 1365 752 1420 saltem
792 1365 877 1420 vel
917 1376 1159 1421 veterem
1187 1364 1422 1434 accipiat
1448 1373 1676 1419 vestem.
1709 1362 1767 1418 Si
1799 1377 2014 1434 quoque
2041 1363 2149 1420 lar-

557 1457 700 1527 gius,
729 1457 777 1512 si
807 1457 1140 1528 splendidius
1167 1457 1329 1512 hodie
1375 1456 1580 1512 cibaria
1629 1470 2007 1527 procuramus,
2041 1472 2149 1514 non

561 1548 658 1603 fiat
684 1559 744 1604 ut
767 1549 893 1605 inde
915 1549 1119 1621 largius
1151 1563 1448 1615 sumamus,
1471 1549 1566 1605 sed
1596 1557 1657 1604 ut
1682 1550 1806 1606 inde
1834 1550 2035 1620 largius
2058 1565 2152 1622 pu-

557 1641 724 1713 pillis,
758 1643 959 1710 viduis,
1006 1643 1310 1714 hospitibus
1339 1653 1396 1700 et
1442 1644 1770 1716 pauperibus
1817 1644 2147 1710 dividamus,

555 1745 618 1790 ιιι
639 1737 935 1808 participes
967 1737 1102 1792 fiant
1131 1739 1409 1794 nobiseum
1449 1739 1795 1801 iii/omnibus
1825 1737 1981 1793 bonis
2013 1745 2148 1793 tem-

2255 541 2389 582 vero
2428 535 2515 582 est
2549 537 2605 583 et
2650 527 2726 583 illi
2749 529 2844 600 qui
2885 529 3047 584 nobis
3093 530 3231 585 bene
3263 532 3462 587 meritis
3489 534 3599 589 mala
3617 537 3731 600 intulit

2256 633 2356 689 pro
2379 618 2537 675 bonis
2569 621 2842 677 misereri.
2877 621 2992 678 Hoc
3030 622 3163 678 fecit
3216 620 3482 680 Dominus.
3507 625 3628 686 Uade
3645 635 3730 702 Apo-

2253 712 2430 769 stolus
2465 730 2478 768 :
2513 713 2638 769 Non
2664 717 2797 797 quia
2819 716 2922 788 (6),
2956 717 3168 787 inquit,
3201 733 3296 772 nos
3322 717 3621 776 dilexerunt:
3647 742 3728 798 ιιι,

2253 806 2345 858 sed
2375 807 2500 878 quia
2521 805 2631 878 ipse
2657 809 2808 877 prior
2831 807 3020 864 dilexit
3046 826 3142 863 nos
3171 808 3227 880 (1
3232 809 3416 880 ξιοαιι.
3443 810 3532 884 tv).
3551 813 3604 868 Et
3623 816 3730 875 alibi:

2254 897 2392 954 Cum
2433 901 2637 955 inimici
2666 915 2918 968 essemus,
2971 900 3307 956 reconciliati
3357 919 3524 958 stttttlts
3564 913 3731 978 sanguine

2254 992 2420 1062 ipsius
2467 992 2548 1063 (7)
2597 991 2774 1063 (Rom.
2819 995 2895 1061 ν).
2931 992 3040 1048 Nos
3083 1007 3240 1064 ergo,
3295 994 3503 1060 fratres,
3552 997 3735 1059 Christo

2253 1085 2460 1141 imitari
2487 1095 2820 1157 satagamus,
2850 1086 3129 1142 Christum
3169 1089 3470 1154 imitamur,
3497 1089 3535 1144 si
3577 1092 3736 1155 inimicas

2249 1185 2475 1232 nostros
2503 1176 2661 1232 nobis
2694 1191 2792 1247 per
2837 1177 3104 1234 beneﬁcia
3151 1178 3575 1235 reconciliamus.
3613 1184 3737 1248 ριὶιιιι

2249 1269 2522 1338 apparuit,
2551 1269 2806 1324 omnibus
2835 1267 3171 1336 hominibus,
3201 1271 3305 1326 sub
3326 1270 3673 1342 intelligendum
3689 1293 3738 1336 est

2253 1373 2375 1415 sese
2405 1360 2658 1416 oﬂ‘ereus.
2691 1359 2952 1427 Quamvis
2978 1363 3126 1417 enim
3150 1362 3248 1417 Dei
3276 1363 3453 1434 gratia
3479 1379 3570 1421 non
3605 1370 3738 1427 abom-

2254 1455 2415 1509 nibus
2447 1456 2629 1526 agnita
2661 1455 2753 1523 sit,
2791 1465 2970 1510 tamen
3020 1457 3186 1523 Deus,
3219 1465 3483 1528 quantum
3521 1457 3564 1513 in
3599 1475 3647 1516 eo
3675 1473 3738 1535 est,

2252 1561 2370 1601 eam
2399 1547 2558 1604 nobis
2585 1547 2801 1603 obtulit.
2825 1549 3306 1617 Quemadmodum
3369 1551 3468 1608 sol.
3493 1563 3690 1623 quantum
3707 1560 3740 1613 in

2249 1652 2318 1693 eo
2337 1648 2441 1704 est,
2470 1638 2728 1695 omnibus
2758 1640 2925 1707 lucet,
2962 1654 3064 1695 nec
3093 1641 3301 1711 aliquis
3338 1649 3510 1712 potest
3533 1658 3580 1697 se
3601 1645 3740 1700 subtri-

2253 1731 2381 1786 hcre
2405 1748 2471 1788 ne
2499 1732 2678 1788 luceat
2727 1733 2852 1790 sibi.
2885 1733 3098 1804 Itaque,
3126 1735 3356 1802 fratres,
3385 1747 3501 1791 cum
3535 1739 3744 1808 gratisne

555 1803 858 1900 poralibus,
883 1832 976 1900 qui
1009 1832 1302 1902 participes
1345 1831 1509 1887 futuri
1545 1841 1670 1886 sunt
1716 1833 1767 1886 in
1800 1831 2142 1898 cmlestibns;
2180 1803 2224 1861 Β
2250 1837 2309 1880 80
2339 1825 2491 1881 ηοιιίϐ
2509 1826 2768 1882 omnibus
2787 1827 3004 1892 οπετὲὶῑο
3033 1843 3140 1883 ιιοη
3195 1838 3298 1884 005
3353 1829 3402 1882 εί
3438 1829 3743 1899 ευδιηῑιιωυέε

557 1919 676 1988 ipso
701 1919 984 1990 largiente,
1020 1922 1115 1992 qui
1142 1937 1242 1992 pro
1273 1923 1430 1978 nobis
1462 1923 1621 1978 hodie
1655 1921 1720 1977 de
1747 1923 1957 1992 virgine
1995 1925 2145 1979 nasci

557 2010 747 2078 voluit,
781 2013 1008 2069 Domino
1035 2024 1226 2070 nostro
1253 2014 1380 2071 lesu
1409 2013 1649 2081 Christo,
1680 2015 1772 2084 qui
1815 2029 1938 2069 cum
1986 2013 2146 2070 Patre

549 2110 618 2159 et
637 2103 846 2174 Spiritu
876 2116 1068 2163 sancto
1099 2108 1232 2162 vivit
1254 2117 1311 2162 et
1333 2117 1522 2177 regnat
1547 2105 1709 2162 Deus.
1733 2107 1926 2163 Amen.

1160 2194 1442 2253 llOMlL-IA
1473 2196 1539 2250 X.

1069 2302 1124 2346 ΙΝ
1163 2305 1362 2348 κΑτΛιι
1402 2305 1610 2347 DOIINI.

623 2381 882 2452 Apparuit
913 2383 1086 2454 gratia
1112 2383 1210 2438 Dei
1232 2383 1524 2441 Saluatoris
1558 2387 1727 2441 nostri
1765 2399 2006 2443 amnicus
2048 2387 2143 2442 ho-

549 2473 781 2529 minibus
816 2473 952 2547 (Tit.
1004 2476 1068 2547 ιι)
1126 2487 1237 2532 etc.
1297 2477 1489 2544 Hodie,
1553 2478 1755 2535 fratres
1805 2480 2138 2547 charissimi,

551 2567 909 2638 temporalem
939 2567 1143 2625 Christi
1169 2571 1513 2628 celebramus
1556 2573 1924 2639 nativitatem,
1956 2575 2008 2628 in
2034 2589 2140 2645 qua

551 2658 920 2715 communiter
967 2670 1023 2715 et
1071 2660 1621 2732 multiplicitcruobis
1641 2673 1724 2719 est
1770 2666 2136 2736 gaudendum.

551 2749 870 2807 Communis
919 2753 1134 2822 quidem
1195 2763 1312 2822 cst,
1378 2757 1634 2826 quoniam
1693 2755 1949 2814 Christus
1998 2759 2139 2814 sicut

548 2858 895 2900 communem
928 2849 1164 2918 suscepit
1206 2856 1479 2916 naturam,
1512 2851 1586 2904 ita
1619 2865 1964 2907 communem
2011 2868 2140 2925 ope-

553 2946 703 2994 ratus
729 2948 815 2994 est
870 2940 1321 3012 redemptionem.
1373 2942 1648 3014 hlultiplex
1677 2960 1809 3001 vero
1837 2956 1940 3013 est,
1997 2963 2138 3018 quo-

551 3032 1130 3101 niamejusnativitas
1162 3036 1515 3108 multiplicem
1568 3037 1726 3095 nobis
1779 3049 2003 3113 operata
2051 3049 2138 3097 est

549 3115 862 3181 u'tilitatcni.
890 3125 1192 3198 Utrumque
1221 3130 1459 3185 ostendit
1497 3131 1550 3186 in
1589 3131 1869 3203 praelibata
1902 3133 2137 3190 lectione

547 3217 862 3287 Apostolus,
893 3223 1255 3293 mctonymica
1285 3232 1445 3279 utens
1477 3225 1768 3292 locutione,
1801 3227 1904 3283 hoc
1935 3228 2132 3284 modo:

552 3310 812 3380 Apparuit
847 3314 1022 3383 gratia
1053 3314 1168 3380 Dei,
1197 3316 1247 3370 id
1275 3324 1358 3372 est
1393 3318 1533 3373 Deus
1559 3331 1656 3389 per
1678 3321 1928 3390 gratiam,
1961 3322 2134 3374 omni-

548 3403 642 3457 bus
670 3405 966 3460 hominibus
1001 3409 1245 3462 erudiens
1276 3425 1368 3464 nos
1395 3420 1501 3465 etc.
1538 3410 1789 3467 Ostendit
1833 3422 2014 3468 autem
2049 3415 2137 3469 hic

545 3497 670 3566 quis
697 3507 750 3552 et
789 3510 1022 3569 quantus
1051 3501 1319 3577 apparuit,
1358 3504 1628 3573 quomodo
1649 3513 1704 3558 ct
1734 3505 1951 3575 quibus,
1985 3514 2038 3560 et
2063 3505 2136 3560 ob

545 3605 684 3660 quas
710 3592 973 3650 utilitates
1001 3606 1241 3652 nostras.
1266 3597 1400 3664 Quis
1429 3607 1483 3652 et
1533 3599 1810 3669 quantus?
1840 3600 2003 3665 Deus,
2040 3599 2133 3656 Dei

547 3683 708 3738 illius.
734 3683 840 3740 Sed
872 3689 1142 3756 quomodo
1169 3689 1454 3746 invisibilis
1477 3706 1743 3762 apparere
1777 3693 1975 3762 potuit,
2007 3707 2132 3747 eum

546 3777 805 3846 scriptum
835 3778 906 3833 sit
932 3793 947 3834 :
978 3777 1147 3834 Deum
1196 3798 1345 3836 nemo
1375 3782 1503 3836 vidit
1531 3797 1763 3853 unquam
1818 3783 2001 3849 (Joan.
2031 3783 2131 3856 tv).

548 3867 746 3923 Verum
795 3871 996 3941 quippe
1025 3881 1128 3938 est,
1175 3873 1393 3940 fratres,
1427 3875 1570 3946 quod
1624 3875 1723 3931 Dei
1777 3876 1997 3931 claritas
2033 3877 2135 3932 im-

547 3977 739 4016 mensa
768 3977 868 4018 nec
913 3967 1137 4031 carnali,
1172 3982 1278 4022 nec
1326 3968 1595 4039 spirituali
1628 3969 1807 4037 oculo,
1831 3977 1990 4040 prout
2027 3977 2131 4039 est,

546 4054 716 4109 videri
741 4065 935 4126 potest.
969 4057 1176 4114 Revera
1203 4060 1347 4114 enim
1377 4061 1464 4116 ille
1509 4062 1789 4132 splendor,
1824 4074 1878 4119 et
1904 4063 1994 4120 illa
2018 4065 2135 4136 glo-

549 4148 627 4200 ria
663 4149 1044 4217 supcrcxccllit
1073 4151 1383 4208 universam
1437 4154 1971 4225 contemplationem,
2024 4171 2131 4210 non

546 4239 720 4295 solum
748 4241 1048 4309 hominum,
1075 4247 1170 4301 sed
1191 4247 1352 4302 etiam
1373 4249 1842 4320 archangelorum.
1871 4250 1978 4305 Sed
2007 4265 2132 4306 cum
2161 4287 2170 4294 -

548 4335 811 4391 immensa
837 4335 930 4391 Dei
959 4337 1327 4394 misericordia
1357 4340 1607 4396 humana:
1637 4341 1892 4397 tenebras
1921 4344 2134 4398 cazcita-

547 4430 616 4485 tis
644 4429 932 4501 splendore
971 4447 1070 4488 suo
1097 4433 1258 4489 vellet
1300 4432 1598 4504 illustrare,
1653 4419 1834 4493 carnis
1862 4437 2132 4494 velamine

2247 1917 2346 1972 scd
2375 1920 2559 1988 potius
2600 1918 2655 1973 ei
2684 1928 2798 1975 toto
2839 1919 3116 1975 desiderio
3145 1933 3517 1976 occurramus.
3543 1920 3746 1993 Tempore,

2245 2017 2304 2065 et
2331 2009 2542 2065 actoris
2582 2010 2675 2065 Dei
2729 2010 2908 2074 donis,
2942 2012 3100 2066 nobis
3128 2012 3198 2066 ad
3228 2013 3370 2066 bene
3407 2012 3636 2083 agendum
3660 2031 3744 2084 pra-

2247 2102 2416 2168 stitis,
2451 2117 2558 2159 non
2589 2104 2902 2170 abutamur,
2933 2119 3039 2159 non
3065 2103 3242 2160 otiose
3271 2114 3656 2174 praetereamus,
3679 2125 3746 2162 tm

2248 2194 2585 2264 negligenter
2634 2205 2875 2262 utamur,
2916 2197 3202 2265 quoniam,
3245 2198 3406 2268 juxta
3456 2197 3739 2270 Evangeliam,

2248 2285 2593 2342 abscondens
2649 2288 2913 2343 talentum
2957 2290 3106 2360 jnste
3162 2304 3229 2345 eo
3301 2290 3551 2360 spoliatur
3588 2292 3748 2364 (llud.

2247 2377 2414 2443 xxv);
2475 2388 2532 2432 et
2597 2377 2831 2435 ficulnea
2896 2395 3176 2452 occupans
3232 2392 3435 2437 terram
3497 2386 3748 2439 succiaditur

2246 2469 2464 2540 (Matth.
2495 2471 2633 2543 xxi),
2663 2484 2717 2527 et
2739 2473 2891 2541 juxta
2919 2473 3214 2530 Jeremiam
3239 2494 3256 2531 ι
3295 2476 3596 2531 Malcdt'ctus
3618 2483 3750 2548 estqui

2246 2563 2377 2631 facit
2407 2579 2536 2631 opus
2563 2563 2663 2618 Dei
2690 2565 3009 2637 negligenter
3032 2568 3170 2636 (Jer.
3203 2571 3419 2636 xum).
3443 2568 3519 2625 0b
3545 2585 3655 2639 quas
3675 2573 3753 2625 uti-

2245 2655 2433 2710 litates
2462 2658 2713 2726 apparuit
2742 2658 3028 2716 Christus?
3070 2659 3151 2716 0b
3201 2650 3455 2732 quatuor.
3486 2663 3639 2718 Prima
3678 2665 3754 2734 qui

2245 2750 2366 2803 dum
2393 2759 2496 2810 est,
2530 2749 2754 2815 fratres,
2786 2761 2842 2807 ut
2897 2754 3146 2825 exemplo
3176 2764 3231 2808 et
3253 2756 3419 2811 verbo
3446 2757 3678 2826 quomodo
3701 2758 3752 2812 vi-

2243 2841 2475 2896 vendum
2498 2851 2551 2897 et
2576 2859 2682 2913 quo
2721 2843 3087 2902 festinandum
3120 2849 3281 2903 nobis
3307 2849 3379 2903 sit
3404 2850 3748 2904 demonstraret.

2244 2927 2396 2986 lianc
2427 2933 2579 3002 ponit
2606 2934 2904 3004 Apostolus
2958 2951 3081 2992 cum
3126 2939 3262 2993 dicit
3293 2958 3307 2994 :
3340 2937 3591 2994 Erudieus
3611 2959 3698 3003 nos,
3723 2953 3761 2994 at

2245 3023 2575 3095 abnegautes
2607 3029 2963 3098 impietatem,
2989 3031 3040 3085 id
3068 3039 3154 3087 est
3186 3033 3572 3099 infidelitatem,
3593 3047 3763 3088 etsen-

2247 3115 2387 3172 laria
2425 3119 2710 3186 desideria,
2745 3123 2798 3177 id
2821 3132 2905 3178 cst
2956 3125 3140 3181 omnia
3176 3128 3308 3181 vitia
3332 3169 3346 3193 ,
3390 3131 3606 3183 vivamus
3633 3132 3766 3183 'sotrie

2246 3207 2298 3260 in
2353 3223 2484 3276 nos,
2545 3221 2594 3264 et
2645 3212 2792 3283 juste
2845 3213 2901 3268 in
2956 3217 3300 3285 proximum,
3365 3221 3446 3289 pie
3508 3222 3556 3274 in
3609 3220 3765 3283 Deam,

2241 3313 2596 3372 exspectantes
2661 3320 2851 3362 secure
2883 3308 3087 3363 beatam
3115 3327 3262 3381 spem
3314 3322 3366 3366 et
3405 3314 3661 3369 adventum
3694 3313 3768 3367 De.

2241 3396 2392 3450 mini.
2419 3397 2566 3454 Ordo
2601 3410 2984 3471 praeposterus,
3018 3405 3314 3461 adventum
3359 3406 3454 3463 Dei
3499 3410 3761 3468 secundum,

2241 3490 2449 3545 scilicet
2483 3494 2550 3546 ad
2584 3493 2887 3565 judicium;
2916 3505 2972 3552 et
3021 3497 3446 3578 beatam_spem,
3473 3502 3522 3556 id
3567 3509 3646 3557 est
3665 3515 3769 3572 sp!!!

2239 3586 2616 3645 beatitudinis.
2655 3591 2905 3648 Secunda
2935 3605 3066 3649 vero
3090 3609 3260 3650 causa
3311 3597 3512 3652 utilitas
3537 3607 3698 3652 nostra
3718 3607 3769 3650 es.“

2240 3695 2343 3748 qua
2377 3681 2632 3740 Christus
2683 3689 2958 3756 apparuit,
3005 3695 3062 3742 ut
3103 3690 3456 3756 charitatem,
3486 3707 3642 3762 quam
3685 3705 3772 3759 erg:

2240 3787 2339 3829 nos
2387 3772 2645 3845 habebat,
2699 3782 2995 3847 nascendo,
3051 3784 3335 3852 patiendo,
3389 3785 3657 3841 moriendo
3707 3800 3771 3852 pra

2239 3868 2394 3923 nobis
2431 3871 2847 3953 demonstraret,
2878 3875 3033 3945 juxta
3058 3877 3203 3945 quod
3234 3877 3354 3948 ipse
3399 3879 3479 3934 ait
3516 3897 3531 3932 :
3569 3877 3776 3947 yajcrsr:

2238 3961 2567 4018 dilectionem
2597 3974 2651 4021 et
2695 3967 3015 4024 charitatem
3057 3987 3208 4027 nemo
3265 3973 3446 4036 habet,
3495 3981 3554 4028 ut
3597 3975 3775 4026 ηιιῐιιιςςπς

2237 4069 2386 4109 suam
2433 4065 2593 4126 ponat
2639 4061 2756 4129 quis
2783 4075 2878 4130 pro
2911 4062 3096 4117 amicis
3148 4065 3264 4118 suis
3307 4061 3486 4135 (Joan.
3524 4067 3637 4134 xv).
3667 4059 3778 4116 ’ἣδε-

2237 4161 2456 4202 causam
2495 4150 2645 4218 ponit
2673 4151 2959 4222 Apostolus
2983 4169 3104 4209 cum
3142 4153 3295 4222 dicit,
3343 4155 3778 4224 Qui_dedit~.~sesd-

2237 4239 2407 4309 ipsum
2457 4257 2551 4310 pro
2580 4244 2748 4298 nobis.
2774 4246 2956 4301 Tertia
2987 4262 3148 4303 causa
3181 4257 3268 4303 est
3295 4247 3502 4305 utilitas
3533 4260 3722 4306 nostra.
3743 4259 3780 4300 ct

2236 4330 2304 4385 de
2351 4333 2526 4402 prima
2564 4339 3015 4405 praevaricatione
3069 4340 3453 4408 satisfaceret;
3492 4342 3589 4397 illa
3649 4351 3778 4395 ante:

2235 4429 2617 4495 praevaricatio
2668 4430 2771 4485 fuit
2828 4433 3080 4503 superbia
3137 4441 3314 4499 tanta,
3365 4441 3424 4490 ut
3482 4449 3547 4491 se
3603 4435 3785 4491 elevant

542 4539 700 4579 suum
743 4524 944 4580 velavit
989 4525 1271 4598 fulgorem,
1321 4536 1381 4582 ut
1426 4529 1505 4584 sic
1540 4529 1830 4585 inﬁrmitas
1877 4530 2131 4586 humanae

2243 4527 2419 4576 mente
2466 4523 2628 4579 homo
2659 4539 2830 4594 usque
2861 4527 2928 4581 ad
2974 4526 3346 4597 aequalitatem
3385 4529 3506 4586 Dei.
3536 4529 3669 4587 Cum
3697 4541 3778 4581 rer:

549 4619 1020 4693 contemplationis
1064 4636 1282 4694 quoquo
1331 4625 1492 4680 modo
1521 4638 1644 4679 eum
1671 4625 1879 4681 valeret
1909 4625 2131 4681 intueri.

549 4714 692 4772 Sane
716 4716 794 4773 sol
827 4718 1160 4789 temporalis,
1180 4719 1246 4774 de
1269 4719 1359 4774 illo
1388 4731 1593 4775 aeterno
1624 4719 1736 4776 sole
1763 4736 1864 4777 nos
1887 4721 2127 4776 instruit.

544 4808 600 4865 Si
626 4807 743 4880 ejus
771 4810 1322 4884 fulgoreminspicere
1348 4811 2130 4882 contendimus,exca:camur,

544 4902 636 4958 sed
667 4904 923 4960 latentem
954 4903 1053 4961 sub
1083 4905 1223 4961 nube
1242 4906 1435 4961 melius
1454 4921 1742 4975 possumus
1768 4923 1891 4962 eum
1923 4909 2128 4966 videre.

543 4996 825 5062 Quomodo
850 4995 1134 5067 apparuit?
1163 4995 1362 5051 Gratis.
1388 4994 1502 5050 Non
1532 4996 1674 5050 enim
1715 4998 1834 5054 ideo
1862 4999 2018 5055 nobis
2043 5015 2132 5071 ιιρα

541 5088 724 5158 paruit
777 5089 920 5159 quod
965 5089 1082 5160 ipse
1135 5088 1422 5158 indigeret,
1457 5087 1542 5145 vel
1592 5090 1734 5158 quod
1782 5106 1882 5147 nos
1947 5093 2130 5149 meriti

544 5195 809 5245 essemus,
836 5182 930 5238 sed
955 5191 1163 5237 tantum
1194 5183 1263 5238 ob
1293 5184 1522 5254 gratiam
1548 5199 1702 5239 suam
1750 5185 1907 5242 nobis
1940 5186 2130 5243 imme-

545 5273 668 5328 ritis
703 5277 972 5346 apparuit.
999 5274 1156 5331 Unde
1205 5274 1346 5332 idem
1381 5275 1669 5347 Apostolus
1701 5278 1826 5334 alibi
1862 5294 1876 5332 :
1912 5276 2035 5334 Non
2065 5297 2130 5335 ex

546 5368 812 5438 operibus,
830 5368 1023 5439 inquit,
1042 5370 1270 5440 justitia’
1296 5387 1413 5441 qum
1441 5370 1656 5441 fecimus
1683 5389 1801 5442 nos,
1827 5373 1917 5428 sed
1944 5390 2129 5428 secun-

544 5461 670 5516 dum
697 5478 850 5517 suam
890 5462 1310 5518 miscricordiam
1343 5463 1514 5519 salvos
1540 5481 1633 5519 nos
1693 5465 1816 5535 {erit
1854 5465 1987 5537 (Tit.
2020 5467 2125 5536 tu).

541 5558 635 5615 Est
657 5558 898 5630 quidem,
921 5556 1144 5626 fratres,
1179 5573 1372 5631 magna
1401 5561 1572 5630 gratia
1627 5559 1701 5614 illi
1731 5561 1822 5632 qui
1853 5576 1951 5615 nec
1983 5560 2125 5616 bona

540 5638 642 5709 nec
671 5652 811 5708 mala
867 5651 1024 5708 nobis
1059 5651 1243 5707 intulit
1297 5653 1545 5708 misereri
1602 5654 1696 5708 sed
1754 5653 1932 5726 major
1965 5649 2130 5712 estet

573 5819 579 5833 λ
814 5768 974 5839 Vulg.
1006 5768 1135 5825 hab.
1155 5770 1327 5837 quasi.
1427 5841 1438 5853 ο
1661 5841 1671 5852 _
1703 5840 1735 5852 η
1793 5840 1806 5854 ο

773 5878 788 5894 .
810 5839 968 5909 Vulg.
999 5839 1106 5895 Deo
1137 5857 1229 5909 per
1251 5853 1558 5907 sanguinem
1600 5837 1734 5895 Ftln
1756 5855 1805 5909 ε)

773 5878 788 5894 .
810 5837 968 5912 Vulg.
999 5839 1106 5895 Deo
1137 5857 1229 5912 per
1251 5841 1558 5907 sanguinem
1600 5837 1735 5895 Filii
1756 5840 1894 5910 ejus.

2241 4615 2512 4670 contraria
2548 4619 2836 4674 contrariis
2861 4630 3140 4687 curentur,
3190 4621 3436 4693 oportuit
3462 4632 3527 4680 ut
3573 4624 3640 4679 ad
3667 4623 3784 4679 satis-

2237 4702 2528 4761 factionem
2583 4709 2724 4765 illius
2781 4712 3051 4782 superbire
3083 4713 3282 4784 aliquis
3313 4715 3478 4772 homo
3517 4715 3782 4771 humilius

2239 4805 2327 4851 tur
2356 4798 2423 4853 ab
2465 4800 2750 4858 altitudine
2796 4803 3096 4861 divinitatis
3127 4820 3304 4878 usque
3353 4809 3424 4864 ad
3468 4807 3784 4865 humilitatis.

2236 4889 2492 4948 hominis.
2528 4892 2642 4950 lloc
2681 4904 2862 4951 autem
2895 4910 3056 4955 nemo
3085 4899 3263 4969 potuit
3300 4899 3492 4956 facere
3543 4902 3644 4958 nisi

2237 4982 2379 5039 Deus
2432 4995 2486 5041 et
2529 4986 2711 5042 homo.
2750 4987 3048 5059 Propterea
3081 4991 3223 5046 Deus
3278 4992 3465 5049 factus
3521 5004 3607 5050 est
3649 4995 3780 5049 horse.

2235 5075 2388 5133 Hanc
2443 5093 2665 5135 causam
2718 5082 2898 5138 innuit
2954 5083 3284 5153 Apostolus,
3337 5101 3462 5141 cum
3505 5088 3803 5153 dicit,

2235 5173 2426 5228 tionem
2451 5171 2527 5244 (8)
2553 5174 2684 5243 Deo,
2711 5176 2778 5230 ad
2803 5176 3265 5233 reconciliandam
3291 5179 3513 5235 scilicet
3539 5171 3803 5244 homines}

2234 5265 2439 5332 Quarta
2470 5277 2657 5334 causa,
2685 5279 2738 5324 et
2764 5268 2970 5326 utilitas
3002 5280 3213 5338 nostra,
3255 5287 3432 5344 quare
3455 5274 3702 5331 Christus
3723 5287 3781 5339 ts-

2233 5362 2438 5433 paruit,
2468 5372 2552 5419 est
2613 5363 2933 5436 redemptio,
2968 5373 3022 5420 et
3067 5367 3390 5426 emundatio
3429 5381 3490 5426 et
3536 5367 3776 5428 satisfatr'a

2234 5456 2450 5527 generis
2482 5457 2721 5512 humani.
2757 5455 3076 5530 Redemptio
3106 5475 3135 5514 a
3176 5469 3453 5532 potestate
3508 5465 3696 5520 diaboTi

2235 5551 2554 5621 sanguinem
2579 5547 2803 5620 Christi,
2851 5553 3224 5610 emundatioa
3270 5557 3498 5615 delictis
3547 5559 3777 5632 ρετιηξςε.

2235 5659 2438 5712 smum,
2476 5645 2779 5705 satisfactio
2802 5663 2900 5718 per
2931 5650 3190 5707 virtutem
3220 5661 3278 5707 et
3325 5665 3504 5726 Opera
3554 5656 3776 5711 virtutes-

2306 5760 2384 5835 (8)
2420 5760 2574 5835 Vulg.
2601 5779 2710 5822 non
2735 5763 2917 5822 habet.
2945 5765 3286 5823 oblationem.
