3820 6312
81 338 179 401 1701

793 325 1099 385 HOMILIAS
1132 327 1208 387 ΙΝ
1244 328 1462 389 EPIST.
1495 331 1585 388 ET
1610 328 1869 393 EVANG.
1912 333 2217 396 DOMINIC.
2253 365 2325 385 --
2353 336 2537 398 PARS
2563 340 2605 399 1.

3084 328 3091 335 ’
3154 350 3294 410 tros

75 456 195 513 itane
239 443 395 505 innuit
423 442 713 516 Apostolus
752 459 875 500 cum
924 445 1053 502 dicit
1098 445 1327 501 hostiam
1372 447 1475 519 (9),
1531 449 1597 505 ad
1624 449 1752 509 Aet
1799 459 2025 524 propter
2071 466 2193 510 nos.
2221 452 2358 510 Nam
2415 463 2470 512 et
2503 464 2726 528 propter
2754 458 3030 519 Christum
3062 461 3212 522 lucra
3230 481 3290 522 ιισ

76 540 401 606 devincendum
430 537 642 593 scilicet
667 537 903 606 hostem,
922 548 980 595 ut
1007 541 1284 597 mandaret
1305 542 1409 598 sibi
1428 560 1595 616 popu-

70 640 154 693 lunt
193 626 561 701 acceptabilem,
600 638 912 685 sectatorem
962 629 1217 687 bonorum
1260 650 1496 705 operum.
1534 634 1592 691 In

70 729 207 802 prima
230 723 374 796 igitur
400 736 584 788 causa,
609 721 827 791 fratres,
842 724 1097 783 Christus
1125 728 1365 784 ostendit
1393 744 1453 786 se
1474 745 1595 787 esse

67 833 217 876 verum
242 814 567 887 magistrum,
587 815 757 871 verbo
785 825 841 872 et
869 819 1118 889 exemplo
1143 836 1242 877 nos
1272 821 1591 889 erudiendo;

68 914 107 968 in
130 907 352 975 secunda,
380 905 614 962 ostendit
644 921 706 963 se
732 923 854 966 esse
883 926 1072 967 verum
1125 912 1362 968 amicum
1417 927 1594 970 seme-

63 1004 220 1073 tipsum
253 1012 344 1070 pro
388 996 543 1052 nobis
590 1000 884 1065 tradendo;
917 1002 971 1057 in
1032 1001 1224 1069 tertia,
1256 1003 1501 1060 ostendit
1531 1020 1591 1061 se

61 1110 154 1151 esse
176 1104 420 1149 summum
447 1090 780 1162 pontificem,
810 1090 1084 1153 oblatione
1135 1096 1339 1168 proprii
1369 1096 1594 1167 sangui-

56 1189 122 1244 nis
148 1202 231 1244 nos
258 1184 398 1241 Patri
427 1187 855 1256 reconciliando,
880 1191 1177 1246 secundum
1227 1191 1355 1248 illud
1385 1209 1398 1248 :
1441 1190 1507 1248 Et
1536 1193 1593 1249 in

56 1296 244 1353 tempore
287 1278 574 1335 iracundiae
623 1279 796 1350 factus
856 1291 931 1337 est
986 1283 1343 1339 reconciliatio
1399 1284 1588 1357 (Eccli.

52 1372 197 1444 xm);
223 1372 272 1428 in
307 1379 521 1445 quarta,
546 1375 784 1430 ostendit
806 1391 866 1431 se
886 1391 1007 1433 esse
1035 1378 1454 1450 redemptorem,
1483 1394 1583 1450 pu-

53 1466 353 1532 rificatorem,
385 1473 439 1522 et
470 1468 930 1526 sanctificatorem
966 1480 1234 1540 nostrum,
1262 1488 1364 1529 nos
1408 1488 1440 1528 a
1492 1488 1594 1544 po-

49 1570 210 1618 testate
238 1557 429 1615 diaboli
454 1559 758 1629 liberanda,
779 1578 810 1619 a
834 1564 983 1620 vitiis
1005 1566 1364 1637 purificando,
1400 1575 1456 1623 et
1482 1569 1592 1624 vir-

48 1654 217 1709 tutibus
241 1650 645 1709 sanctificando.
680 1652 790 1710 Nos
819 1656 1026 1728 itaque,
1061 1656 1293 1725 fratres,
1326 1673 1588 1731 recogno-

42 1758 225 1802 scamus
274 1740 567 1797 Dominum
624 1754 870 1801 nostrum
919 1744 1106 1802 Jesum
1142 1747 1420 1804 Christum
1466 1764 1589 1807 esse

43 1850 197 1891 verum
226 1842 277 1889 et
300 1848 575 1889 summum
628 1836 975 1905 magistrum,
1012 1836 1129 1907 ejus
1171 1839 1478 1911 exemplum
1535 1849 1591 1896 et
1618 1809 1666 1872 Β

40 1929 298 1985 doctrinam
348 1926 628 1984 imitantes
679 1939 734 1986 et
766 1940 1078 2001 sequentes.
1112 1932 1589 2005 Recognoscamus

38 2037 134 2077 eum
166 2036 342 2077 verum
389 2029 446 2076 Cl
493 2037 767 2079 summum
819 2026 1050 2081 amicum
1081 2038 1326 2083 nostrum
1373 2043 1512 2093 (3850,
1538 2028 1590 2084 ei

37 2116 194 2180 vicem,
213 2123 374 2185 prout
397 2129 712 2184 possumus,
726 2118 1029 2185 reddentes,
1046 2128 1101 2176 et
1130 2121 1342 2177 animas
1374 2129 1590 2179 nostras

33 2223 111 2278 pro
144 2222 203 2262 eo
254 2216 548 2278 ponentes.
600 2209 1078 2281 Recognoseamus
1126 2228 1252 2269 eum
1296 2229 1484 2270 verum
1533 2223 1590 2271 et

30 2314 262 2353 summum
294 2314 416 2355 esse
441 2301 786 2370 pontificem,
824 2312 1039 2361 nosmet
1066 2306 1115 2361 ei
1158 2321 1324 2377 puros
1356 2305 1589 2363 offeren-

31 2401 111 2445 tes.
140 2391 614 2463 Recognoscamus
642 2410 774 2450 eum
810 2411 997 2452 verum
1031 2398 1431 2469 redemptorem
1450 2441 1465 2465 ,
1491 2416 1591 2471 pu-

29 2483 317 2537 rificatorem
355 2492 412 2539 et
472 2486 938 2544 sanetiflcatorem
986 2500 1237 2546 nostrum
1290 2506 1434 2559 esse,
1489 2506 1589 2548 nos

29 2583 247 2643 tanquam
274 2590 404 2632 suos
448 2586 689 2649 emptos,
720 2581 1010 2639 mundatos
1048 2591 1104 2638 et
1134 2582 1506 2640 sanctificatos
1536 2584 1588 2640 ei

29 2666 311 2733 exhibendo,
334 2677 394 2724 ut
416 2670 732 2726 venientem
767 2687 890 2727 eum
911 2673 1152 2744 judicem
1187 2680 1368 2733 securi
1400 2676 1586 2733 videre

30 2772 295 2812 nereamur
323 2760 619 2816 dominum
661 2773 911 2820 nostrum
943 2764 1128 2821 Iesum
1155 2766 1455 2834 Christum,
1491 2765 1585 2836 qui

29 2865 118 2904 :utn
140 2850 294 2907 Patre
323 2859 382 2908 et
438 2851 657 2924 Spiritu
700 2864 893 2914 sancto
915 2858 1051 2913 vivit
1104 2866 1156 2915 et
1198 2868 1390 2930 regnat
1419 2857 1585 2916 Deus.

29 2946 175 2999 tmen.

590 3039 870 3099 HOMILIA
901 3042 993 3099 XI.

501 3153 560 3193 IN
614 3153 811 3193 NA'I‘ALI
872 3152 1081 3194 DOIINI.

62 3224 195 3282 Exiit
214 3228 453 3285 edictum
504 3248 541 3285 a
566 3230 776 3286 Caesare
802 3230 1073 3301 Augusto,
1110 3240 1166 3286 ut
1206 3231 1587 3289 describeretur

32 3320 247 3375 niversus
295 3321 445 3376 orbis
493 3319 765 3393 (Luc-.11),
789 3331 843 3377 et
877 3322 1107 3393 reliqua.
1148 3321 1207 3377 In
1256 3322 1359 3379 hac
1409 3323 1583 3381 sancti

31 3411 250 3480 Lvaugelii
273 3412 549 3480 lectione,
595 3412 791 3470 fratres
817 3414 1148 3482 charissimi,
1176 3416 1403 3486 exponit
1429 3415 1588 3472 nobis

34 3519 147 3558 ucas
166 3504 470 3561 manifeste
496 3519 702 3561 causas
718 3505 1080 3561 solemnitatis
1096 3504 1390 3562 hodierna}.
1409 3506 1586 3577 Εχρο-

31 3595 61 3649 it
84 3597 221 3651 enim
272 3598 365 3653 hic
412 3613 524 3654 sex
556 3613 646 3654 res
673 3598 1140 3664 nobis,videlicet
1188 3615 1293 3671 quo
1340 3610 1587 3673 tempore

32 3699 126 3746 itus
163 3692 237 3747 sit
286 3691 589 3762 Christus,
619 3708 727 3764 quo
756 3693 899 3761 loco,
932 3709 1000 3748 ex
1032 3693 1251 3764 quibus,
1294 3710 1403 3765 quo
1435 3695 1587 3751 cultu

32 3783 224 3849 itritus,
257 3785 500 3855 quibus,
548 3792 602 3839 et
649 3800 749 3855 per
773 3801 894 3857 qua:
934 3785 1136 3840 indicia
1182 3786 1251 3841 sit
1282 3786 1580 3842 revelatus.

31 3890 133 3930 )rro
174 3892 286 3947 quo
316 3886 593 3947 tempore
642 3886 804 3933 natus
837 3877 909 3933 sit
958 3877 1231 3944 Christus,
1258 3877 1584 3945 ostenditur,

31 3981 90 4019 nu
107 3967 181 4021 ait
212 3984 228 4022 :
256 3966 416 4023 Exiit
446 3968 716 4036 edictum,
759 3977 872 4025 etc.
898 3968 1033 4026 Cum
1082 3970 1361 4040 Augustus
1403 3967 1590 4025 Carsar

31 4060 340 4117 nnarchiam
371 4076 532 4132 pene
566 4061 733 4117 totius
759 4062 947 4118 mundi
977 4063 1029 4117 in
1081 4071 1226 4117 tanta
1248 4076 1384 4132 pace
1408 4060 1589 4131 possi-

32 4166 131 4223 τρι,
164 4166 223 4211 ut
254 4158 607 4213 universum
637 4157 896 4212 mundum
930 4172 1036 4212 una
1063 4155 1431 4228 descriptione
1455 4170 1588 4212 con-

33 4246 218 4314 lderet,
246 4246 415 4304 nasci
476 4246 677 4310 voluit,
709 4245 908 4302 fratres
935 4245 1272 4315 charissimi,
1309 4244 1583 4314 Christus,

51 4343 214 4396 etiam
248 4344 319 4397 ad
358 4342 625 4396 litteram
660 4348 788 4394 tunc
805 4339 1074 4410 completa
1109 4340 1223 4396 visa
1249 4339 1321 4394 sit
1343 4337 1432 4395 illa
1456 4353 1584 4410 pro-

33 4435 132 4489 etin
165 4453 180 4490 :
226 4434 589 4506 Con/labant
614 4430 821 4503 gladios
865 4447 988 4486 suos
1013 4432 1065 4485 in
1095 4448 1351 4499 vomeres,
1374 4441 1422 4487 et
1463 4430 1585 4486 lan-

1699 541 1851 610 dum,
1878 553 1935 601 et
1962 555 2186 618 propter
2224 563 2324 604 nos
2352 547 2649 607 salvandos
2679 567 2781 609 nos
2808 554 3096 614 humiliare
3125 560 3291 617 debe-

1697 648 1840 691 mus.
1867 634 1925 692 Si
1976 653 2108 710 ergo
2152 640 2292 696 Deus
2353 650 2576 713 propter
2627 644 2901 701 hominem
2945 663 3004 704 se
3051 651 3291 708 subdidit

1696 728 1928 797 homini,
1972 733 2135 789 homo
2162 750 2268 805 qua
2319 737 2533 792 ratione
2585 739 2741 820 subdi
2792 740 2995 798 homini
3034 747 3283 821 refugit}

1696 820 1911 894 Itaque,
1939 824 2161 892 fratres,
2189 843 2312 883 cum
2340 840 2533 900 sponte
2589 846 2689 887 nos
2736 833 3123 906 humiliamus,
3155 820 3282 897 cum

1696 916 1966 993 servimus
2009 920 2258 989 proximo
2286 930 2341 977 et
2371 922 2769 993 ministramus,
2794 926 3071 987 Christum
3104 933 3288 993 imita-

1695 1023 1839 1064 mur.
1871 1009 2097 1078 Quando
2130 1029 2257 1070 vero
2290 1013 2561 1073 dominari
2612 1018 2948 1091 hominibus,
3004 1025 3199 1081 serviri
3227 1035 3284 1082 et

1696 1100 1996 1158 ministrari
2028 1105 2296 1175 cupimus,
2322 1124 2429 1164 non
2461 1111 2637 1181 ipsum
2689 1113 2744 1168 in
2771 1113 2898 1183 hoc,
2939 1116 3035 1171 sed
3066 1115 3285 1175 Satanae

1696 1194 2003 1263 superbiam
2030 1196 2331 1254 imitamur.
2360 1201 2642 1270 Quomodo
2671 1220 2826 1278 ergo,
2851 1205 3081 1277 fratres,
3106 1208 3287 1267 humi-

1696 1283 1904 1340 litatem
1933 1296 1989 1342 et
2009 1287 2428 1360 subjectionem,
2454 1291 2661 1351 Christi
2691 1305 2996 1368 sequuntur
3016 1298 3281 1370 episcopi,

1696 1376 2008 1434 sacerdotes
2050 1388 2106 1433 et
2143 1383 2392 1439 monachi
2445 1384 2537 1455 qui
2565 1388 2901 1444 contendunt
2931 1391 2997 1447 de
3033 1390 3283 1449 domina-

1695 1468 1864 1534 tione,
1902 1469 1995 1540 qui
2033 1486 2137 1525 non
2164 1471 2337 1527 solum
2367 1488 2650 1546 personas,
2674 1478 2768 1533 sed
2791 1479 3136 1537 etEcelesias
3163 1495 3279 1539 suae

1695 1560 1888 1618 ditioni
1922 1563 2165 1634 gestiunt
2194 1565 2523 1638 subjugare?
2553 1567 2661 1626 Nos
2699 1586 2852 1643 ergo,
2878 1571 3101 1644 fratres,
3128 1590 3282 1631 secn-

1696 1652 1894 1708 riorem
1923 1663 1979 1709 et
2006 1654 2301 1711 ﬁrmiorem
2328 1658 2471 1713 viam
2500 1658 2705 1717 Christi
2753 1676 3068 1733 sequamur,
3101 1665 3279 1724 humi-

1694 1742 1902 1799 litatem
1933 1755 1988 1801 et
2007 1745 2399 1818 subiectionem
2443 1749 2602 1820 juxta
2643 1755 2787 1825 quod
2831 1756 3123 1828 Apostolus
3149 1757 3228 1814 ait
3262 1775 3277 1815 :

1696 1835 1759 1893 Si
1792 1853 1975 1892 servus
2008 1855 2082 1899 es,
2112 1856 2214 1895 non
2236 1841 2300 1895 sit
2328 1841 2423 1895 tibi
2450 1858 2614 1909 cum,
2641 1844 2732 1899 sed
2748 1846 2795 1900 si
2814 1856 2959 1915 potes
2979 1848 3112 1903 liber
3139 1850 3279 1917 ﬁeri,

1694 1928 1860 1998 magis
1884 1941 2025 1982 utere
2054 1928 2107 2000 (Ι
2134 1927 2257 1985 Cor.
2288 1930 2408 2003 vn).
2436 1931 2661 2005 Mystice
2681 1944 2861 1990 autem
2890 1935 3134 2007 Augusto
3163 1939 3283 1997 ϐω-

1693 2034 1836 2086 sare,
1865 2022 2097 2092 superbo
2124 2022 2356 2092 diabolo,
2410 2040 2549 2096 pene
2598 2027 2712 2098 jam
2754 2043 2920 2100 super
2961 2030 3280 2088 universum

1693 2118 1951 2172 mundum
2005 2118 2344 2190 tyrannidem
2373 2130 2664 2178 exercente
2694 2132 2751 2178 et
2793 2121 2865 2178 ad
2896 2139 3052 2179 suum
3106 2124 3283 2182 servi-

1694 2207 1825 2262 tium
1860 2191 2467 2275 transeribentepnaius
2503 2219 2590 2266 est
2616 2210 2888 2267 Christus.
2921 2210 3053 2267 Ilwc
3081 2212 3282 2269 descri-

1690 2303 1822 2371 ptio,
1854 2301 2051 2372 inquit,
2073 2300 2245 2373 prima
2273 2302 2417 2373 facta
2441 2313 2571 2375 esea
2592 2305 2820 2373 praeside
2840 2302 3037 2375 Syriw,
3060 2303 3279 2378 Cyrino,

1693 2394 1744 2449 id
1771 2403 1853 2451 est
1879 2410 1908 2450 a
1928 2396 2105 2466 primo
2130 2404 2398 2467 apostata,
2427 2396 2649 2468 angelos
2672 2397 2774 2452 sibi
2823 2412 2985 2468 super
3018 2396 3157 2454 alios
3177 2410 3282 2466 per

1692 2488 2004 2557 superbiam
2032 2487 2461 2546 dominationem
2486 2496 2807 2561 usurpante.
2841 2487 3076 2560 Cyrinus
3094 2496 3280 2545 autem

1692 2580 1973 2635 dominans
2005 2580 2121 2637 sive
2148 2581 2397 2637 dominus
2427 2581 2839 2655 interpretatur.
2872 2581 2941 2636 Et
2975 2582 3122 2637 ibant
3168 2582 3281 2637 sin-

1690 2673 1820 2744 guli,
1859 2684 1917 2728 ut
1949 2674 2325 2744 proﬁterentur
2352 2677 2405 2730 in
2441 2692 2595 2732 suam
2614 2676 2897 2731 ciuitatem.
2916 2674 3141 2742 Civitas,
3170 2673 3282 2735 fra-

1696 2776 2151 2831 tres,avarorum
2199 2767 2429 2823 avaritia
2472 2778 2573 2824 est.
2611 2766 2817 2825 Civitas
2869 2767 3279 2824 luxuriosorum

1691 2857 1904 2913 luxuria
1933 2867 2037 2913 est.
2066 2858 2269 2914 Civitas
2284 2858 2594 2929 gulosorum
2618 2858 2882 2929 gulositas
2913 2858 3105 2915 est.Et
3127 2857 3281 2915 avari

1692 2949 1842 3005 ibant
1862 2956 1917 3004 ct
1936 2949 2337 3005 conveniebant
2362 2963 2462 3018 per
2484 2963 2812 3005 consensum
2843 2948 2898 3004 in
2923 2949 3115 3005 vitium
3139 2964 3277 3005 ava-

1692 3042 1853 3108 ritiae,
1894 3050 1954 3096 ut
1978 3041 2024 3097 si
2050 3057 2158 3097 non
2203 3056 2320 3109 ore,
2353 3051 2532 3097 tamen
2564 3056 2730 3115 opere
2757 3057 2816 3098 se
2850 3056 3042 3099 servos
3074 3040 3280 3099 diaboli

1608 3163 1660 3230 ο
1689 3137 2099 3211 profiterentur.
2161 3136 2451 3193 Luxuriosi
2500 3152 2717 3209 quoque
2766 3137 2920 3193 ibant
2969 3146 3040 3230 et
3080 3151 3282 3194 conve-

1690 3230 1914 3287 niebant
1953 3239 2177 3303 propter
2206 3244 2531 3287 consensum
2561 3232 2616 3286 in
2653 3230 2843 3287 urbem
2869 3229 3115 3296 luxurim,
3145 3238 3205 3284 ut
3224 3236 3282 3285 et

1690 3325 1736 3380 si
1758 3340 1865 3381 non
1887 3339 2005 3393 ore,
2040 3334 2223 3379 tamen
2247 3337 2412 3393 opere
2433 3338 2495 3379 se
2515 3338 2704 3381 servus
2726 3322 2928 3379 diaboli
2953 3323 3281 3394 profiterer.-

1693 3426 1780 3472 tur
1805 3434 1819 3472 :
1850 3425 1906 3472 et
1928 3416 2179 3473 similiter
2210 3415 2394 3472 caeteri
2422 3414 2625 3472 vitiosi.
2654 3414 2805 3471 Adeo
2833 3423 3035 3477 autem,
3056 3416 3275 3480 fratres,

1694 3506 1784 3562 hic
1814 3507 2015 3564 diaboli
2055 3508 2322 3572 servitus,
2359 3516 2487 3561 ante
2534 3506 2827 3562 adventum
2866 3504 3070 3561 Christi
3123 3504 3280 3559 inva-

1690 3597 1889 3665 luerat,
1915 3598 2060 3669 quod
2083 3608 2139 3654 et
2168 3607 2342 3655 mater
2366 3597 2571 3655 Christi
2595 3606 2650 3654 et
2680 3611 2914 3670 sponsus
2945 3593 3083 3665 ejus,
3114 3596 3166 3651 iu
3192 3605 3281 3652 est

1691 3692 1980 3765 Synagoga
2000 3703 2055 3749 ct
2076 3692 2465 3761 sacerdotium,
2492 3691 2633 3747 irent
2682 3691 2739 3746 in
2769 3690 3075 3755 Bethleem,
3109 3689 3162 3746 id
3191 3696 3279 3746 est

1688 3786 1745 3841 in
1771 3799 2012 3841 amorem
2047 3786 2287 3854 terreni,
2339 3799 2447 3841 non
2495 3782 2735 3839 caelestis
2783 3782 2964 3854 panis,
3015 3796 3114 3852 per
3167 3782 3273 3839 hoc

1689 3878 1903 3934 diabolo
1924 3876 2318 3950 professionem
2358 3874 2639 3931 facientes.
2677 3872 2830 3930 flane
2855 3884 3036 3930 autem
3064 3874 3118 3929 in
3165 3888 3276 3943 qua

1691 3979 1818 4027 tunc
1848 3970 2085 4026 mundus
2108 3977 2228 4026 erat
2250 3969 2550 4036 miseriam,
2577 3967 2751 4025 etiam
2796 3965 2973 4024 hiems
2999 3975 3055 4022 et
3078 3982 3181 4024 nos
3216 3965 3273 4022 in

1688 4076 1795 4132 qua
1816 4061 2065 4118 Christus
2091 4069 2251 4118 natus
2274 4069 2379 4128 est,
2394 4060 2664 4132 designat.
2681 4057 2816 4117 Cum
2848 4057 3011 4131 igitur
3041 4057 3093 4114 in
3124 4066 3278 4114 tanta

1687 4155 1951 4211 servitute
1997 4164 2140 4211 esset
2192 4163 2335 4212 totus
2383 4154 2646 4222 mundus,
2681 4162 2842 4209 natus
2872 4161 2956 4208 est
3000 4140 3283 4218 Christus,'

1691 4247 1864 4319 factus
1917 4249 2133 4319 adjutor
2178 4250 2235 4303 in
2293 4247 2773 4320 opportunitatibus
2824 4246 2880 4301 in
2934 4243 3276 4299 tribulatione

1691 4337 1864 4412 (Psal.
1900 4341 2000 4409 ιχ).
2033 4338 2141 4396 Sed
2166 4349 2223 4397 et
2259 4340 2444 4406 hodie,
2476 4338 2674 4397 fratres
2702 4338 2871 4411 (quod
2913 4336 3033 4394 sine
3065 4336 3274 4413 gemitu

1693 4434 1878 4492 dicere
1926 4432 2182 4506 nequeo),
2208 4432 2361 4488 multi
2407 4431 2532 4488 falsi.
2579 4430 2875 4489 Christiani
2926 4439 3213 4502 postquam
3241 4444 3276 4485 ιι

33 4544 68 4579 ιι
94 4545 221 4583 suas
248 4534 310 4582 in
332 4525 526 4598 [alces
552 4532 659 4580 etc.
694 4521 821 4578 Non
856 4522 1050 4577 levabit
1084 4540 1209 4599 gens
1238 4532 1429 4580 contra
1458 4539 1588 4595 gen-
1612 4534 1667 4602 ι)
1690 4528 1953 4584 servitute
2009 4523 2208 4583 diaboli
2266 4540 2365 4598 per
2405 4524 2684 4583 Christum
2744 4533 2874 4582 sunt
2924 4516 3284 4595 emancipati,‘

34 4639 49 4673 ι
87 4620 227 4690 (Isa.
268 4621 337 4692 ιι)
364 4629 489 4678 etc.
527 4616 807 4685 Quantum
850 4617 917 4672 ad
949 4617 1209 4683 litteram,
1237 4617 1294 4673 in
1321 4616 1417 4674 tali
1452 4626 1588 4673 tem-

34 4730 79 4767 re
113 4716 270 4770 nasci
304 4712 503 4769 voluit
531 4710 811 4775 Christus,
839 4719 901 4765 ut
930 4725 990 4766 se
1027 4710 1332 4781 principem
1358 4710 1507 4782 pacis
1534 4715 1590 4767 et

34 4811 306 4866 narcham
369 4807 520 4865 caeli
564 4814 615 4861 et
688 4814 849 4860 terra:
888 4813 942 4858 et
991 4819 1118 4860 suos
1168 4804 1224 4859 in
1275 4803 1415 4861 libro
1463 4803 1588 4863 vita

33 4904 377 4973 icripturum
396 4903 847 4957 demonstraret.
877 4897 1157 4954 Moraliter
1184 4913 1337 4967 vero,
1365 4897 1586 4968 fratres,

33 5018 40 5050 ι
72 4997 359 5054 servitute
397 4992 614 5051 tributi
647 4990 821 5047 voluit
850 4990 1112 5047 Dominus
1142 4990 1318 5058 nasci,
1348 4999 1405 5045 ut
1432 4989 1589 5047 nobis

33 5110 85 5149 se
115 5091 479 5149 voluntariae
514 5084 844 5141 humilitatis
895 5096 951 5139 et
998 5095 1199 5140 mutua:
1236 5084 1590 5156 subjectionis

33 5190 222 5245 aberet
245 5180 634 5254 exemplum.
668 5178 726 5234 Si
762 5178 908 5233 enim
935 5178 1070 5249 ipse,
1098 5192 1221 5234 cum
1253 5178 1323 5233 sit
1351 5176 1462 5232 [lex
1504 5191 1589 5232 re-

33 5297 59 5337 ιι
113 5289 174 5337 et
214 5276 527 5336 Dominus
588 5268 1006 5335 dominantium,
1054 5278 1277 5341 propter
1306 5284 1405 5326 nos
1440 5266 1589 5325 venit

35 5378 180 5434 hunc
210 5371 521 5432 mundum
560 5379 674 5420 non
702 5362 1111 5430 dominari,sed
1137 5362 1317 5429 subdi,
1349 5377 1456 5417 non
1488 5361 1589 5418 mi-

36 5473 179 5536 rari,
211 5468 324 5527 sed
352 5463 731 5523 ministrare,
756 5457 886 5530 quid
918 5471 1017 5511 nos
1042 5456 1230 5510 miseri
1267 5455 1434 5520 servi,
1456 5455 1590 5526 quid

35 5581 111 5622 πε
166 5562 472 5622 debemus
505 5561 743 5625 propter
788 5548 949 5607 eum?
977 5546 1205 5619 Propter
1234 5563 1356 5603 eum
1386 5547 1586 5617 dicam,

36 5668 262 5735 aropter
291 5651 459 5713 nos?
655 5642 848 5702 melius
883 5641 1064 5725 dicam
1109 5649 1166 5698 et
1202 5647 1429 5713 propter
1462 5654 1589 5698 eum

35 5846 73 5913 ι)
113 5842 288 5912 Vulg.
318 5848 451 5895 non
484 5831 696 5888 habet.
728 5824 978 5880 hostiam.

1691 4634 1887 4676 rursus
1914 4617 2191 4691 peccando
2216 4617 2271 4673 in
2301 4616 2501 4674 diaboli
2532 4617 2762 4673 redeunt
2808 4614 3148 4673 servitutem.
3173 4612 3276 4681 Qui

1691 4712 1836 4771 enim
1879 4710 2078 4768 diaboli
2125 4724 2293 4783 Opera
2325 4708 2477 4778 facit,
2507 4708 2638 4781 quid
2667 4706 2813 4763 aliud
2843 4720 3007 4777 quam
3058 4701 3275 4760 diabolo

1690 4806 1822 4863 facit
1848 4804 2242 4877 professionem
2267 4804 2291 4860 ?
2312 4801 2417 4872 Qui
2443 4802 2589 4860 enim
2623 4810 2894 4874 peccatum
2918 4797 3071 4870 facit,
3096 4813 3276 4852 servus

1689 4911 1764 4958 est
1792 4901 1994 4973 peccati
2027 4898 2209 4971 (Joan.
2234 4899 2353 4970 vin)
2387 4914 2402 4952 :
2436 4894 2505 4953 Et
2553 4895 2644 4968 qui
2677 4892 2809 4948 facit
2856 4906 3023 4961 opera
3051 4887 3274 4953 diaboli,

1690 5008 1881 5050 servus
1928 5001 2013 5048 est
2037 4990 2254 5047 diaboli.
2289 4990 2406 5059 Quo
2449 4998 2633 5046 autem
2673 4986 2792 5043 loco
2837 4985 3087 5042 Christus
3114 4992 3277 5039 natus

1690 5089 1780 5156 sit,
1813 5085 2119 5144 ostenditur
2143 5099 2267 5140 cum
2311 5082 2533 5149 dicitur,
2574 5082 2629 5135 in
2674 5079 2884 5137 ciuitate
2912 5077 3111 5147 David,
3157 5090 3276 5147 qure

1691 5191 1908 5239 vocatur
1935 5175 2199 5233 Bethleem
2223 5171 2639 5247 (lO).EpItrata,
2684 5184 3015 5244 nequaquam
3055 5167 3276 5223 minima

1689 5291 1744 5330 es
1784 5275 1841 5329 in
1873 5269 2199 5344 principibus
2237 5267 2410 5334 Juda,
2437 5282 2503 5322 ea:
2533 5274 2583 5321 te
2608 5265 2748 5322 enim
2781 5266 2914 5320 αἰεί
2943 5263 3053 5319 dux
3073 5262 3163 5335 qui
3196 5276 3278 5316 re-

1689 5372 1779 5437 gat
1802 5361 2053 5435 populum
2076 5374 2247 5415 meum
2274 5356 2445 5414 Israel
2466 5354 2657 5429 (Nicia.
2679 5371 2745 5425 v;
2770 5353 2965 5413 Matth.
2996 5356 3099 5423 ιιι).
3129 5351 3274 5407 Bone

1691 5465 1871 5513 autem
1902 5455 1955 5509 in
1982 5452 2261 5509 Bethleem
2289 5465 2409 5524 qua
2439 5450 2629 5507 domus
2674 5448 2872 5507 dicitur
2897 5446 3068 5519 panis,
3092 5443 3269 5500 nasci-

1692 5559 1780 5606 tur
1830 5548 1924 5621 qui
1969 5561 2134 5605 verus
2182 5544 2341 5619 panis
2399 5552 2507 5611 est,
2551 5558 2680 5603 suos
2734 5552 2965 5601 externa
3015 5540 3270 5599 satietate

1691 5640 2017 5700 refecturus.
2044 5636 2194 5696 Bene
2221 5636 2388 5711 etiam
2410 5650 2520 5693 non
2547 5635 2605 5695 in
2644 5643 2942 5710 parentum
2964 5633 3150 5697 domo.
3175 5630 3272 5689 sed

1766 5815 1880 5889 (t0)
1903 5814 2124 5889 Aliquid
2154 5814 2230 5873 ibi
2256 5823 2446 5873 deesse
2469 5822 2712 5871 videtur.
