  <div class='ocr_page' id='page_1' title='image "/cluster/home/n/w/nwhite01/storage/ocr_20150623/155/hvd.32044015473838/857.png"; bbox 0 0 3820 6312; ppageno 0'>
   <div class='ocr_carea' id='block_1_1' title="bbox 535 334 3705 422">
    <p class='ocr_par' dir='ltr' id='par_1_1' title="bbox 535 334 3705 422">
     <span class='ocr_line' id='line_1_1' title="bbox 535 334 3705 422; baseline -0.003 -3"><span class='ocrx_word' id='word_1_1' title='bbox 535 362 672 419; x_wconf 76' lang='lat' dir='ltr'><strong>nos</strong></span> <span class='ocrx_word' id='word_1_2' title='bbox 1222 334 1225 341; x_wconf 87' lang='grc'><em>’</em></span> <span class='ocrx_word' id='word_1_3' title='bbox 1522 353 1864 412; x_wconf 66' lang='lat' dir='ltr'><strong>aeneam.</strong></span> <span class='ocrx_word' id='word_1_4' title='bbox 1899 383 1968 394; x_wconf 87' lang='lat'><strong><em>—</em></strong></span> <span class='ocrx_word' id='word_1_5' title='bbox 2004 348 2357 408; x_wconf 80' lang='lat' dir='ltr'><strong>RADULPHI</strong></span> <span class='ocrx_word' id='word_1_6' title='bbox 2390 349 2735 409; x_wconf 81' lang='lat' dir='ltr'><strong>ARDENTIS</strong></span> <span class='ocrx_word' id='word_1_7' title='bbox 3614 362 3705 422; x_wconf 64' lang='lat' dir='ltr'><strong>mi</strong></span> 
     </span>
    </p>
   </div>
   <div class='ocr_carea' id='block_1_2' title="bbox 536 465 3709 548">
    <p class='ocr_par' dir='ltr' id='par_1_2' title="bbox 536 465 3709 548">
     <span class='ocr_line' id='line_1_2' title="bbox 536 465 3709 548; baseline -0.003 -14"><span class='ocrx_word' id='word_1_8' title='bbox 536 479 593 534; x_wconf 89' lang='lat' dir='ltr'><strong>in</strong></span> <span class='ocrx_word' id='word_1_9' title='bbox 618 480 704 533; x_wconf 86' lang='lat' dir='ltr'><strong>via</strong></span> <span class='ocrx_word' id='word_1_10' title='bbox 732 476 991 543; x_wconf 90' lang='lat' dir='ltr'><strong>nascitur,</strong></span> <span class='ocrx_word' id='word_1_11' title='bbox 1019 485 1076 531; x_wconf 81' lang='grc' dir='ltr'><strong>ιιι</strong></span> <span class='ocrx_word' id='word_1_12' title='bbox 1102 475 1156 531; x_wconf 90' lang='lat' dir='ltr'><strong>in</strong></span> <span class='ocrx_word' id='word_1_13' title='bbox 1181 475 1283 531; x_wconf 88' lang='lat' dir='ltr'><strong>hoc</strong></span> <span class='ocrx_word' id='word_1_14' title='bbox 1309 472 1622 530; x_wconf 93' lang='lat' dir='ltr'><strong>ostenderet</strong></span> <span class='ocrx_word' id='word_1_15' title='bbox 1649 471 1773 548; x_wconf 75' lang='lat' dir='ltr'><strong>quia</strong></span> <span class='ocrx_word' id='word_1_16' title='bbox 1799 485 1895 540; x_wconf 83' lang='lat' dir='ltr'><strong>per</strong></span> <span class='ocrx_word' id='word_1_17' title='bbox 1917 470 2111 523; x_wconf 85' lang='lat' dir='ltr'><strong>huma-</strong></span> <span class='ocrx_word' id='word_1_18' title='bbox 2135 465 2191 528; x_wconf 75' lang='grc' dir='ltr'><strong>Α</strong></span> <span class='ocrx_word' id='word_1_19' title='bbox 2216 467 2623 524; x_wconf 84' lang='lat' dir='ltr'><strong>intemerataut.</strong></span> <span class='ocrx_word' id='word_1_20' title='bbox 2659 469 2716 524; x_wconf 88' lang='lat' dir='ltr'><strong>In</strong></span> <span class='ocrx_word' id='word_1_21' title='bbox 2745 468 2848 524; x_wconf 91' lang='lat' dir='ltr'><strong>hoc</strong></span> <span class='ocrx_word' id='word_1_22' title='bbox 2875 481 3096 539; x_wconf 86' lang='lat' dir='ltr'><strong>quoque</strong></span> <span class='ocrx_word' id='word_1_23' title='bbox 3124 466 3270 539; x_wconf 89' lang='lat' dir='ltr'><strong>quod</strong></span> <span class='ocrx_word' id='word_1_24' title='bbox 3320 466 3472 524; x_wconf 87' lang='lat' dir='ltr'><strong>beata</strong></span> <span class='ocrx_word' id='word_1_25' title='bbox 3493 470 3622 545; x_wconf 76' lang='lat' dir='ltr'><strong>Virgo</strong></span> <span class='ocrx_word' id='word_1_26' title='bbox 3642 483 3709 535; x_wconf 70' lang='lat' dir='ltr'><strong>sui,</strong></span> 
     </span>
    </p>
   </div>
   <div class='ocr_carea' id='block_1_3' title="bbox 536 557 3710 638">
    <p class='ocr_par' dir='ltr' id='par_1_3' title="bbox 536 557 3710 638">
     <span class='ocr_line' id='line_1_3' title="bbox 536 557 3710 638; baseline -0.001 -15"><span class='ocrx_word' id='word_1_27' title='bbox 536 568 785 632; x_wconf 85' lang='lat' dir='ltr'><strong>nitatem,</strong></span> <span class='ocrx_word' id='word_1_28' title='bbox 810 583 971 638; x_wconf 87' lang='lat' dir='ltr'><strong>quam</strong></span> <span class='ocrx_word' id='word_1_29' title='bbox 1003 574 1392 635; x_wconf 85' lang='lat' dir='ltr'><strong>assumpserat,</strong></span> <span class='ocrx_word' id='word_1_30' title='bbox 1434 563 1589 633; x_wconf 86' lang='lat' dir='ltr'><strong>quasi</strong></span> <span class='ocrx_word' id='word_1_31' title='bbox 1624 563 1676 617; x_wconf 93' lang='lat' dir='ltr'><strong>in</strong></span> <span class='ocrx_word' id='word_1_32' title='bbox 1708 563 1887 618; x_wconf 88' lang='lat' dir='ltr'><strong>alieno</strong></span> <span class='ocrx_word' id='word_1_33' title='bbox 1916 575 2113 617; x_wconf 87' lang='lat' dir='ltr'><strong>nasce-</strong></span> <span class='ocrx_word' id='word_1_34' title='bbox 2223 557 2479 629; x_wconf 75' lang='lat' dir='ltr'><strong>coniugio</strong></span> <span class='ocrx_word' id='word_1_35' title='bbox 2506 560 2873 632; x_wconf 84' lang='lat' dir='ltr'><strong>virginitatem</strong></span> <span class='ocrx_word' id='word_1_36' title='bbox 2903 560 3124 626; x_wconf 76' lang='lat' dir='ltr'><strong>celavit,</strong></span> <span class='ocrx_word' id='word_1_37' title='bbox 3184 560 3280 615; x_wconf 89' lang='lat' dir='ltr'><strong>dat</strong></span> <span class='ocrx_word' id='word_1_38' title='bbox 3309 561 3540 618; x_wconf 86' lang='lat' dir='ltr'><strong>omnibus</strong></span> <span class='ocrx_word' id='word_1_39' title='bbox 3581 582 3710 623; x_wconf 80' lang='lat' dir='ltr'><strong>exeat-</strong></span> 
     </span>
    </p>
   </div>
   <div class='ocr_carea' id='block_1_4' title="bbox 536 650 3718 727">
    <p class='ocr_par' dir='ltr' id='par_1_4' title="bbox 536 650 3718 727">
     <span class='ocr_line' id='line_1_4' title="bbox 536 650 3718 727; baseline -0.001 -10"><span class='ocrx_word' id='word_1_40' title='bbox 536 661 717 717; x_wconf 90' lang='lat' dir='ltr'><strong>batur.</strong></span> <span class='ocrx_word' id='word_1_41' title='bbox 754 659 1121 727; x_wconf 78' lang='lat' dir='ltr'><strong>Alieno,dico,</strong></span> <span class='ocrx_word' id='word_1_42' title='bbox 1146 672 1251 713; x_wconf 90' lang='lat' dir='ltr'><strong>non</strong></span> <span class='ocrx_word' id='word_1_43' title='bbox 1279 663 1537 727; x_wconf 88' lang='lat' dir='ltr'><strong>quantum</strong></span> <span class='ocrx_word' id='word_1_44' title='bbox 1560 655 1626 710; x_wconf 89' lang='lat' dir='ltr'><strong>ad</strong></span> <span class='ocrx_word' id='word_1_45' title='bbox 1652 662 1994 726; x_wconf 90' lang='lat' dir='ltr'><strong>potestatem,</strong></span> <span class='ocrx_word' id='word_1_46' title='bbox 2020 652 2116 710; x_wconf 90' lang='lat' dir='ltr'><strong>sed</strong></span> <span class='ocrx_word' id='word_1_47' title='bbox 2216 650 2366 722; x_wconf 91' lang='lat' dir='ltr'><strong>plum</strong></span> <span class='ocrx_word' id='word_1_48' title='bbox 2417 653 2721 707; x_wconf 79' lang='lat' dir='ltr'><strong>castitatem</strong></span> <span class='ocrx_word' id='word_1_49' title='bbox 2774 659 3116 723; x_wconf 68' lang='lat' dir='ltr'><strong>ceterasque</strong></span> <span class='ocrx_word' id='word_1_50' title='bbox 3150 651 3379 708; x_wconf 83' lang='lat' dir='ltr'><strong>virtutes</strong></span> <span class='ocrx_word' id='word_1_51' title='bbox 3407 651 3605 710; x_wconf 78' lang='lat' dir='ltr'><strong>celandi.</strong></span> <span class='ocrx_word' id='word_1_52' title='bbox 3624 657 3718 715; x_wconf 77' lang='lat' dir='ltr'><strong>Nam</strong></span> 
     </span>
    </p>
   </div>
   <div class='ocr_carea' id='block_1_5' title="bbox 537 742 3718 828">
    <p class='ocr_par' dir='ltr' id='par_1_5' title="bbox 537 742 3718 828">
     <span class='ocr_line' id='line_1_5' title="bbox 537 742 3718 828; baseline -0.002 -19"><span class='ocrx_word' id='word_1_53' title='bbox 537 764 799 828; x_wconf 90' lang='lat' dir='ltr'><strong>quantum</strong></span> <span class='ocrx_word' id='word_1_54' title='bbox 832 755 899 810; x_wconf 88' lang='lat' dir='ltr'><strong>ad</strong></span> <span class='ocrx_word' id='word_1_55' title='bbox 924 763 1195 809; x_wconf 90' lang='lat' dir='ltr'><strong>naturam.</strong></span> <span class='ocrx_word' id='word_1_56' title='bbox 1224 752 1280 806; x_wconf 92' lang='lat' dir='ltr'><strong>ln</strong></span> <span class='ocrx_word' id='word_1_57' title='bbox 1331 766 1438 821; x_wconf 89' lang='lat' dir='ltr'><strong>quo</strong></span> <span class='ocrx_word' id='word_1_58' title='bbox 1467 762 1541 813; x_wconf 85' lang='lat' dir='ltr'><strong>et,</strong></span> <span class='ocrx_word' id='word_1_59' title='bbox 1573 748 1791 813; x_wconf 81' lang='lat' dir='ltr'><strong>fratres,</strong></span> <span class='ocrx_word' id='word_1_60' title='bbox 1829 747 1985 803; x_wconf 90' lang='lat' dir='ltr'><strong>nobis</strong></span> <span class='ocrx_word' id='word_1_61' title='bbox 2029 747 2116 801; x_wconf 83' lang='lat' dir='ltr'><strong>in-</strong></span> <span class='ocrx_word' id='word_1_62' title='bbox 2218 742 2379 800; x_wconf 81' lang='lat' dir='ltr'><strong>flores</strong></span> <span class='ocrx_word' id='word_1_63' title='bbox 2403 745 2663 799; x_wconf 90' lang='lat' dir='ltr'><strong>virtutum</strong></span> <span class='ocrx_word' id='word_1_64' title='bbox 2687 759 2873 801; x_wconf 89' lang='lat' dir='ltr'><strong>coram</strong></span> <span class='ocrx_word' id='word_1_65' title='bbox 2902 745 3015 800; x_wconf 87' lang='lat' dir='ltr'><strong>Deo</strong></span> <span class='ocrx_word' id='word_1_66' title='bbox 3040 752 3193 800; x_wconf 89' lang='lat' dir='ltr'><strong>tanto</strong></span> <span class='ocrx_word' id='word_1_67' title='bbox 3224 744 3345 815; x_wconf 85' lang='lat' dir='ltr'><strong>plus</strong></span> <span class='ocrx_word' id='word_1_68' title='bbox 3371 750 3718 804; x_wconf 79' lang='lat' dir='ltr'><strong>vernantetﬂa-</strong></span> 
     </span>
    </p>
   </div>
   <div class='ocr_carea' id='block_1_6' title="bbox 536 834 3723 918">
    <p class='ocr_par' dir='ltr' id='par_1_6' title="bbox 536 834 3723 918">
     <span class='ocr_line' id='line_1_6' title="bbox 536 834 3723 918; baseline -0.004 -15"><span class='ocrx_word' id='word_1_69' title='bbox 536 848 727 903; x_wconf 88' lang='lat' dir='ltr'><strong>nuitur</strong></span> <span class='ocrx_word' id='word_1_70' title='bbox 755 848 897 918; x_wconf 91' lang='lat' dir='ltr'><strong>quod</strong></span> <span class='ocrx_word' id='word_1_71' title='bbox 929 836 1033 902; x_wconf 79' lang='lat' dir='ltr'><strong>non</strong></span> <span class='ocrx_word' id='word_1_72' title='bbox 1064 845 1236 901; x_wconf 90' lang='lat' dir='ltr'><strong>solum</strong></span> <span class='ocrx_word' id='word_1_73' title='bbox 1268 843 1401 914; x_wconf 89' lang='lat' dir='ltr'><strong>ipse,</strong></span> <span class='ocrx_word' id='word_1_74' title='bbox 1450 843 1544 897; x_wconf 90' lang='lat' dir='ltr'><strong>sed</strong></span> <span class='ocrx_word' id='word_1_75' title='bbox 1572 850 1625 896; x_wconf 86' lang='lat' dir='ltr'><strong>et</strong></span> <span class='ocrx_word' id='word_1_76' title='bbox 1656 856 1753 896; x_wconf 90' lang='lat' dir='ltr'><strong>nos</strong></span> <span class='ocrx_word' id='word_1_77' title='bbox 1790 854 1980 897; x_wconf 91' lang='lat' dir='ltr'><strong>omnes</strong></span> <span class='ocrx_word' id='word_1_78' title='bbox 2014 839 2115 895; x_wconf 92' lang='lat' dir='ltr'><strong>ho-</strong></span> <span class='ocrx_word' id='word_1_79' title='bbox 2220 845 2403 906; x_wconf 86' lang='lat' dir='ltr'><strong>grant,</strong></span> <span class='ocrx_word' id='word_1_80' title='bbox 2439 845 2649 905; x_wconf 87' lang='lat' dir='ltr'><strong>quanto</strong></span> <span class='ocrx_word' id='word_1_81' title='bbox 2677 834 2886 890; x_wconf 80' lang='lat' dir='ltr'><strong>favoris</strong></span> <span class='ocrx_word' id='word_1_82' title='bbox 2916 835 3198 906; x_wconf 89' lang='lat' dir='ltr'><strong>popularis</strong></span> <span class='ocrx_word' id='word_1_83' title='bbox 3238 851 3336 890; x_wconf 89' lang='lat' dir='ltr'><strong>eos</strong></span> <span class='ocrx_word' id='word_1_84' title='bbox 3360 851 3463 891; x_wconf 91' lang='lat' dir='ltr'><strong>non</strong></span> <span class='ocrx_word' id='word_1_85' title='bbox 3489 841 3723 897; x_wconf 79' lang='lat' dir='ltr'><strong>exurit.</strong></span> 
     </span>
    </p>
   </div>
   <div class='ocr_carea' id='block_1_7' title="bbox 538 925 3721 1007">
    <p class='ocr_par' dir='ltr' id='par_1_7' title="bbox 538 925 3721 1007">
     <span class='ocr_line' id='line_1_7' title="bbox 538 925 3721 1007; baseline -0.004 -10"><span class='ocrx_word' id='word_1_86' title='bbox 538 941 715 997; x_wconf 86' lang='lat' dir='ltr'><strong>mines</strong></span> <span class='ocrx_word' id='word_1_87' title='bbox 735 982 749 1007; x_wconf 94' lang='lat'><strong>,</strong></span> <span class='ocrx_word' id='word_1_88' title='bbox 778 955 899 995; x_wconf 85' lang='lat' dir='ltr'><strong>eum</strong></span> <span class='ocrx_word' id='word_1_89' title='bbox 963 940 1014 995; x_wconf 90' lang='lat' dir='ltr'><strong>in</strong></span> <span class='ocrx_word' id='word_1_90' title='bbox 1045 940 1192 995; x_wconf 88' lang='lat' dir='ltr'><strong>hunc</strong></span> <span class='ocrx_word' id='word_1_91' title='bbox 1230 926 1508 991; x_wconf 82' lang='lat' dir='ltr'><strong>mundum</strong></span> <span class='ocrx_word' id='word_1_92' title='bbox 1566 934 1861 1000; x_wconf 84' lang='lat' dir='ltr'><strong>nascimur,</strong></span> <span class='ocrx_word' id='word_1_93' title='bbox 1922 948 2025 988; x_wconf 91' lang='lat' dir='ltr'><strong>non</strong></span> <span class='ocrx_word' id='word_1_94' title='bbox 2063 931 2117 986; x_wconf 92' lang='lat' dir='ltr'><strong>in</strong></span> <span class='ocrx_word' id='word_1_95' title='bbox 2222 926 2422 982; x_wconf 89' lang='lat' dir='ltr'><strong>militer</strong></span> <span class='ocrx_word' id='word_1_96' title='bbox 2444 936 2500 982; x_wconf 89' lang='lat' dir='ltr'><strong>et</strong></span> <span class='ocrx_word' id='word_1_97' title='bbox 2520 925 2742 997; x_wconf 80' lang='lat' dir='ltr'><strong>Joseph,</strong></span> <span class='ocrx_word' id='word_1_98' title='bbox 2768 926 2971 983; x_wconf 80' lang='lat' dir='ltr'><strong>fratres</strong></span> <span class='ocrx_word' id='word_1_99' title='bbox 2997 928 3332 991; x_wconf 84' lang='lat' dir='ltr'><strong>charissimi,</strong></span> <span class='ocrx_word' id='word_1_100' title='bbox 3350 929 3439 998; x_wconf 90' lang='lat' dir='ltr'><strong>qui</strong></span> <span class='ocrx_word' id='word_1_101' title='bbox 3461 944 3523 983; x_wconf 81' lang='lat' dir='ltr'><strong>ex</strong></span> <span class='ocrx_word' id='word_1_102' title='bbox 3543 934 3721 992; x_wconf 79' lang='lat' dir='ltr'><strong>omnibus</strong></span> 
     </span>
    </p>
   </div>
   <div class='ocr_carea' id='block_1_8' title="bbox 539 1018 3721 1105">
    <p class='ocr_par' dir='ltr' id='par_1_8' title="bbox 539 1018 3721 1105">
     <span class='ocr_line' id='line_1_8' title="bbox 539 1018 3721 1105; baseline -0.003 -15"><span class='ocrx_word' id='word_1_103' title='bbox 539 1044 783 1090; x_wconf 85' lang='lat' dir='ltr'><strong>nostram</strong></span> <span class='ocrx_word' id='word_1_104' title='bbox 829 1033 1080 1105; x_wconf 88' lang='lat' dir='ltr'><strong>patriam,</strong></span> <span class='ocrx_word' id='word_1_105' title='bbox 1132 1031 1226 1086; x_wconf 90' lang='lat' dir='ltr'><strong>sed</strong></span> <span class='ocrx_word' id='word_1_106' title='bbox 1253 1031 1308 1085; x_wconf 90' lang='lat' dir='ltr'><strong>in</strong></span> <span class='ocrx_word' id='word_1_107' title='bbox 1330 1030 1497 1095; x_wconf 86' lang='lat' dir='ltr'><strong>viam,</strong></span> <span class='ocrx_word' id='word_1_108' title='bbox 1541 1028 2032 1099; x_wconf 85' lang='lat' dir='ltr'><strong>peregrinationem</strong></span> <span class='ocrx_word' id='word_1_109' title='bbox 2064 1033 2120 1081; x_wconf 93' lang='lat' dir='ltr'><strong>et</strong></span> <span class='ocrx_word' id='word_1_110' title='bbox 2220 1018 2356 1073; x_wconf 79' lang='lat' dir='ltr'><strong>Viris</strong></span> <span class='ocrx_word' id='word_1_111' title='bbox 2390 1020 2574 1073; x_wconf 85' lang='lat' dir='ltr'><strong>tltundi</strong></span> <span class='ocrx_word' id='word_1_112' title='bbox 2602 1019 2809 1074; x_wconf 79' lang='lat' dir='ltr'><strong>electus</strong></span> <span class='ocrx_word' id='word_1_113' title='bbox 2840 1030 2947 1087; x_wconf 90' lang='lat' dir='ltr'><strong>est,</strong></span> <span class='ocrx_word' id='word_1_114' title='bbox 2998 1028 3058 1073; x_wconf 90' lang='lat' dir='ltr'><strong>ut</strong></span> <span class='ocrx_word' id='word_1_115' title='bbox 3104 1029 3255 1075; x_wconf 86' lang='lat' dir='ltr'><strong>esset</strong></span> <span class='ocrx_word' id='word_1_116' title='bbox 3284 1018 3516 1088; x_wconf 74' lang='lat' dir='ltr'><strong>Virginis</strong></span> <span class='ocrx_word' id='word_1_117' title='bbox 3543 1036 3721 1093; x_wconf 84' lang='lat' dir='ltr'><strong>sponsus,</strong></span> 
     </span>
    </p>
   </div>
   <div class='ocr_carea' id='block_1_9' title="bbox 536 1110 3724 1185">
    <p class='ocr_par' dir='ltr' id='par_1_9' title="bbox 536 1110 3724 1185">
     <span class='ocr_line' id='line_1_9' title="bbox 536 1110 3724 1185; baseline -0.003 -2"><span class='ocrx_word' id='word_1_118' title='bbox 536 1126 785 1183; x_wconf 76' lang='lat' dir='ltr'><strong>exsiliunt</strong></span> <span class='ocrx_word' id='word_1_119' title='bbox 826 1126 1096 1180; x_wconf 87' lang='lat' dir='ltr'><strong>venimus.</strong></span> <span class='ocrx_word' id='word_1_120' title='bbox 1142 1120 1293 1179; x_wconf 91' lang='lat' dir='ltr'><strong>Unde</strong></span> <span class='ocrx_word' id='word_1_121' title='bbox 1316 1136 1367 1177; x_wconf 90' lang='lat' dir='ltr'><strong>et</strong></span> <span class='ocrx_word' id='word_1_122' title='bbox 1395 1122 1583 1184; x_wconf 81' lang='lat' dir='ltr'><strong>David,</strong></span> <span class='ocrx_word' id='word_1_123' title='bbox 1613 1121 1738 1174; x_wconf 80' lang='lat' dir='ltr'><strong>licet</strong></span> <span class='ocrx_word' id='word_1_124' title='bbox 1766 1134 1861 1174; x_wconf 82' lang='lat' dir='ltr'><strong>rex</strong></span> <span class='ocrx_word' id='word_1_125' title='bbox 1917 1118 2067 1173; x_wconf 81' lang='lat' dir='ltr'><strong>dives</strong></span> <span class='ocrx_word' id='word_1_126' title='bbox 2102 1136 2116 1171; x_wconf 90' lang='lat'><strong>:</strong></span> <span class='ocrx_word' id='word_1_127' title='bbox 2224 1111 2526 1167; x_wconf 70' lang='lat' dir='ltr'><strong>cmlestium</strong></span> <span class='ocrx_word' id='word_1_128' title='bbox 2558 1120 2898 1167; x_wconf 87' lang='lat' dir='ltr'><strong>secretorum</strong></span> <span class='ocrx_word' id='word_1_129' title='bbox 2931 1113 3208 1175; x_wconf 88' lang='lat' dir='ltr'><strong>conscius,</strong></span> <span class='ocrx_word' id='word_1_130' title='bbox 3245 1110 3524 1167; x_wconf 80' lang='lat' dir='ltr'><strong>familiaris</strong></span> <span class='ocrx_word' id='word_1_131' title='bbox 3564 1118 3724 1185; x_wconf 79' lang='lat' dir='ltr'><strong>angelis,</strong></span> 
     </span>
    </p>
   </div>
   <div class='ocr_carea' id='block_1_10' title="bbox 539 1204 3727 1287">
    <p class='ocr_par' dir='ltr' id='par_1_10' title="bbox 539 1204 3727 1287">
     <span class='ocr_line' id='line_1_10' title="bbox 539 1204 3727 1287; baseline -0.003 -13"><span class='ocrx_word' id='word_1_132' title='bbox 539 1219 776 1284; x_wconf 82' lang='lat' dir='ltr'><strong>Advena,</strong></span> <span class='ocrx_word' id='word_1_133' title='bbox 822 1217 1015 1287; x_wconf 84' lang='lat' dir='ltr'><strong>inquit,</strong></span> <span class='ocrx_word' id='word_1_134' title='bbox 1056 1232 1150 1287; x_wconf 89' lang='lat' dir='ltr'><strong>ego</strong></span> <span class='ocrx_word' id='word_1_135' title='bbox 1198 1231 1312 1269; x_wconf 86' lang='lat' dir='ltr'><strong>sum</strong></span> <span class='ocrx_word' id='word_1_136' title='bbox 1354 1222 1406 1268; x_wconf 83' lang='lat' dir='ltr'><strong>et</strong></span> <span class='ocrx_word' id='word_1_137' title='bbox 1446 1211 1751 1284; x_wconf 80' lang='lat' dir='ltr'><strong>peregrinus</strong></span> <span class='ocrx_word' id='word_1_138' title='bbox 1776 1212 1905 1264; x_wconf 78' lang='lat' dir='ltr'><strong>siml</strong></span> <span class='ocrx_word' id='word_1_139' title='bbox 1941 1226 2120 1264; x_wconf 83' lang='lat' dir='ltr'><strong>omnes</strong></span> <span class='ocrx_word' id='word_1_140' title='bbox 2222 1207 2483 1262; x_wconf 85' lang='lat' dir='ltr'><strong>uutritius</strong></span> <span class='ocrx_word' id='word_1_141' title='bbox 2500 1206 2873 1273; x_wconf 86' lang='lat' dir='ltr'><strong>Christi,viris</strong></span> <span class='ocrx_word' id='word_1_142' title='bbox 2901 1208 3225 1278; x_wconf 86' lang='lat' dir='ltr'><strong>proponitur</strong></span> <span class='ocrx_word' id='word_1_143' title='bbox 3252 1204 3310 1262; x_wconf 86' lang='lat' dir='ltr'><strong>in</strong></span> <span class='ocrx_word' id='word_1_144' title='bbox 3332 1207 3727 1276; x_wconf 74' lang='lat' dir='ltr'><strong>exemplumjusti-</strong></span> 
     </span>
    </p>
   </div>
   <div class='ocr_carea' id='block_1_11' title="bbox 536 1299 3727 1385">
    <p class='ocr_par' dir='ltr' id='par_1_11' title="bbox 536 1299 3727 1385">
     <span class='ocr_line' id='line_1_11' title="bbox 536 1299 3727 1385; baseline -0.004 -16"><span class='ocrx_word' id='word_1_145' title='bbox 536 1322 715 1385; x_wconf 82' lang='lat' dir='ltr'><strong>patres</strong></span> <span class='ocrx_word' id='word_1_146' title='bbox 745 1313 848 1367; x_wconf 88' lang='lat' dir='ltr'><strong>mei</strong></span> <span class='ocrx_word' id='word_1_147' title='bbox 881 1310 1056 1383; x_wconf 82' lang='lat' dir='ltr'><strong>(Psal.</strong></span> <span class='ocrx_word' id='word_1_148' title='bbox 1087 1312 1342 1380; x_wconf 79' lang='lat' dir='ltr'><strong>xxxvm).</strong></span> <span class='ocrx_word' id='word_1_149' title='bbox 1374 1310 1509 1365; x_wconf 81' lang='lat' dir='ltr'><strong>[line</strong></span> <span class='ocrx_word' id='word_1_150' title='bbox 1560 1320 1665 1374; x_wconf 89' lang='lat' dir='ltr'><strong>est,</strong></span> <span class='ocrx_word' id='word_1_151' title='bbox 1715 1309 1938 1373; x_wconf 82' lang='lat' dir='ltr'><strong>fratres,</strong></span> <span class='ocrx_word' id='word_1_152' title='bbox 1972 1307 2115 1378; x_wconf 90' lang='lat' dir='ltr'><strong>quod</strong></span> <span class='ocrx_word' id='word_1_153' title='bbox 2228 1300 2316 1355; x_wconf 68' lang='lat' dir='ltr'><strong>lite</strong></span> <span class='ocrx_word' id='word_1_154' title='bbox 2342 1309 2397 1354; x_wconf 74' lang='lat' dir='ltr'><strong>et</strong></span> <span class='ocrx_word' id='word_1_155' title='bbox 2427 1299 2915 1365; x_wconf 69' lang='lat' dir='ltr'><strong>ﬁdeiJmmilitatis</strong></span> <span class='ocrx_word' id='word_1_156' title='bbox 2940 1312 2996 1354; x_wconf 87' lang='lat' dir='ltr'><strong>et</strong></span> <span class='ocrx_word' id='word_1_157' title='bbox 3017 1299 3314 1362; x_wconf 82' lang='lat' dir='ltr'><strong>castitatis,</strong></span> <span class='ocrx_word' id='word_1_158' title='bbox 3346 1299 3437 1369; x_wconf 87' lang='lat' dir='ltr'><strong>qui</strong></span> <span class='ocrx_word' id='word_1_159' title='bbox 3463 1308 3512 1353; x_wconf 92' lang='lat' dir='ltr'><strong>et</strong></span> <span class='ocrx_word' id='word_1_160' title='bbox 3535 1300 3626 1369; x_wconf 86' lang='lat' dir='ltr'><strong>ipse</strong></span> <span class='ocrx_word' id='word_1_161' title='bbox 3641 1316 3727 1373; x_wconf 75' lang='lat' dir='ltr'><strong>qm-</strong></span> 
     </span>
    </p>
   </div>
   <div class='ocr_carea' id='block_1_12' title="bbox 537 1390 3727 1475">
    <p class='ocr_par' dir='ltr' id='par_1_12' title="bbox 537 1390 3727 1475">
     <span class='ocr_line' id='line_1_12' title="bbox 537 1390 3727 1475; baseline -0.003 -18"><span class='ocrx_word' id='word_1_162' title='bbox 537 1404 753 1475; x_wconf 90' lang='lat' dir='ltr'><strong>quando</strong></span> <span class='ocrx_word' id='word_1_163' title='bbox 779 1402 956 1458; x_wconf 85' lang='lat' dir='ltr'><strong>infans</strong></span> <span class='ocrx_word' id='word_1_164' title='bbox 979 1401 1242 1467; x_wconf 90' lang='lat' dir='ltr'><strong>nascitur,</strong></span> <span class='ocrx_word' id='word_1_165' title='bbox 1278 1400 1408 1456; x_wconf 81' lang='lat' dir='ltr'><strong>ﬂere</strong></span> <span class='ocrx_word' id='word_1_166' title='bbox 1448 1411 1645 1469; x_wconf 90' lang='lat' dir='ltr'><strong>potest,</strong></span> <span class='ocrx_word' id='word_1_167' title='bbox 1673 1399 1849 1453; x_wconf 85' lang='lat' dir='ltr'><strong>ridere</strong></span> <span class='ocrx_word' id='word_1_168' title='bbox 1893 1415 2001 1453; x_wconf 91' lang='lat' dir='ltr'><strong>non</strong></span> <span class='ocrx_word' id='word_1_169' title='bbox 2026 1415 2124 1469; x_wconf 86' lang='lat' dir='ltr'><strong>po-</strong></span> <span class='ocrx_word' id='word_1_170' title='bbox 2225 1408 2330 1463; x_wconf 90' lang='lat' dir='ltr'><strong>que</strong></span> <span class='ocrx_word' id='word_1_171' title='bbox 2366 1390 2675 1461; x_wconf 79' lang='lat' dir='ltr'><strong>coniugium</strong></span> <span class='ocrx_word' id='word_1_172' title='bbox 2701 1393 2958 1447; x_wconf 80' lang='lat' dir='ltr'><strong>castitate</strong></span> <span class='ocrx_word' id='word_1_173' title='bbox 2986 1392 3231 1453; x_wconf 84' lang='lat' dir='ltr'><strong>ornavit.</strong></span> <span class='ocrx_word' id='word_1_174' title='bbox 3264 1400 3321 1446; x_wconf 84' lang='lat' dir='ltr'><strong>et</strong></span> <span class='ocrx_word' id='word_1_175' title='bbox 3347 1393 3623 1447; x_wconf 78' lang='lat' dir='ltr'><strong>castitatem</strong></span> <span class='ocrx_word' id='word_1_176' title='bbox 3660 1396 3727 1449; x_wconf 76' lang='lat' dir='ltr'><strong>sub</strong></span> 
     </span>
    </p>
   </div>
   <div class='ocr_carea' id='block_1_13' title="bbox 539 1483 3729 1564">
    <p class='ocr_par' dir='ltr' id='par_1_13' title="bbox 539 1483 3729 1564">
     <span class='ocr_line' id='line_1_13' title="bbox 539 1483 3729 1564; baseline -0.003 -15"><span class='ocrx_word' id='word_1_177' title='bbox 539 1503 664 1549; x_wconf 89' lang='lat' dir='ltr'><strong>test.</strong></span> <span class='ocrx_word' id='word_1_178' title='bbox 691 1492 873 1551; x_wconf 82' lang='lat' dir='ltr'><strong>Plorat</strong></span> <span class='ocrx_word' id='word_1_179' title='bbox 896 1503 950 1549; x_wconf 91' lang='lat' dir='ltr'><strong>et</strong></span> <span class='ocrx_word' id='word_1_180' title='bbox 981 1494 1099 1564; x_wconf 92' lang='lat' dir='ltr'><strong>ipse</strong></span> <span class='ocrx_word' id='word_1_181' title='bbox 1122 1493 1391 1550; x_wconf 88' lang='lat' dir='ltr'><strong>Christus.</strong></span> <span class='ocrx_word' id='word_1_182' title='bbox 1424 1492 1531 1548; x_wconf 88' lang='lat' dir='ltr'><strong>Sed</strong></span> <span class='ocrx_word' id='word_1_183' title='bbox 1562 1493 1702 1562; x_wconf 89' lang='lat' dir='ltr'><strong>quod</strong></span> <span class='ocrx_word' id='word_1_184' title='bbox 1729 1492 1908 1546; x_wconf 64' lang='lat' dir='ltr'><strong>(ueteri</strong></span> <span class='ocrx_word' id='word_1_185' title='bbox 1938 1490 2121 1546; x_wconf 86' lang='lat' dir='ltr'><strong>infan-</strong></span> <span class='ocrx_word' id='word_1_186' title='bbox 2227 1486 2476 1556; x_wconf 84' lang='lat' dir='ltr'><strong>conjugio</strong></span> <span class='ocrx_word' id='word_1_187' title='bbox 2503 1486 2717 1541; x_wconf 89' lang='lat' dir='ltr'><strong>celavit.</strong></span> <span class='ocrx_word' id='word_1_188' title='bbox 2750 1485 2868 1553; x_wconf 88' lang='lat' dir='ltr'><strong>Quo</strong></span> <span class='ocrx_word' id='word_1_189' title='bbox 2893 1493 3074 1540; x_wconf 91' lang='lat' dir='ltr'><strong>autem</strong></span> <span class='ocrx_word' id='word_1_190' title='bbox 3102 1484 3250 1539; x_wconf 89' lang='lat' dir='ltr'><strong>cultu</strong></span> <span class='ocrx_word' id='word_1_191' title='bbox 3274 1483 3528 1540; x_wconf 88' lang='lat' dir='ltr'><strong>educatus</strong></span> <span class='ocrx_word' id='word_1_192' title='bbox 3552 1486 3729 1543; x_wconf 80' lang='lat' dir='ltr'><strong>sitChri-</strong></span> 
     </span>
    </p>
   </div>
   <div class='ocr_carea' id='block_1_14' title="bbox 539 1574 3727 1655">
    <p class='ocr_par' dir='ltr' id='par_1_14' title="bbox 539 1574 3727 1655">
     <span class='ocr_line' id='line_1_14' title="bbox 539 1574 3727 1655; baseline -0.003 -17"><span class='ocrx_word' id='word_1_193' title='bbox 539 1591 621 1640; x_wconf 91' lang='lat' dir='ltr'><strong>tes</strong></span> <span class='ocrx_word' id='word_1_194' title='bbox 642 1584 878 1655; x_wconf 85' lang='lat' dir='ltr'><strong>plorant,</strong></span> <span class='ocrx_word' id='word_1_195' title='bbox 905 1584 1251 1640; x_wconf 82' lang='lat' dir='ltr'><strong>necessitatis</strong></span> <span class='ocrx_word' id='word_1_196' title='bbox 1285 1592 1406 1649; x_wconf 87' lang='lat' dir='ltr'><strong>est;</strong></span> <span class='ocrx_word' id='word_1_197' title='bbox 1442 1583 1585 1652; x_wconf 90' lang='lat' dir='ltr'><strong>quod</strong></span> <span class='ocrx_word' id='word_1_198' title='bbox 1631 1581 1881 1638; x_wconf 83' lang='lat' dir='ltr'><strong>Christus</strong></span> <span class='ocrx_word' id='word_1_199' title='bbox 1925 1582 2122 1653; x_wconf 85' lang='lat' dir='ltr'><strong>plorat,</strong></span> <span class='ocrx_word' id='word_1_200' title='bbox 2226 1586 2363 1642; x_wconf 91' lang='lat' dir='ltr'><strong>stus,</strong></span> <span class='ocrx_word' id='word_1_201' title='bbox 2391 1577 2654 1641; x_wconf 86' lang='lat' dir='ltr'><strong>ostendit,</strong></span> <span class='ocrx_word' id='word_1_202' title='bbox 2681 1590 2804 1631; x_wconf 90' lang='lat' dir='ltr'><strong>cum</strong></span> <span class='ocrx_word' id='word_1_203' title='bbox 2829 1575 3034 1631; x_wconf 88' lang='lat' dir='ltr'><strong>dicitur</strong></span> <span class='ocrx_word' id='word_1_204' title='bbox 3060 1590 3079 1630; x_wconf 90' lang='lat'><strong>:</strong></span> <span class='ocrx_word' id='word_1_205' title='bbox 3111 1574 3182 1630; x_wconf 80' lang='lat' dir='ltr'><strong>Et</strong></span> <span class='ocrx_word' id='word_1_206' title='bbox 3205 1575 3400 1645; x_wconf 80' lang='lat' dir='ltr'><strong>pannis</strong></span> <span class='ocrx_word' id='word_1_207' title='bbox 3425 1591 3532 1629; x_wconf 79' lang='lat' dir='ltr'><strong>eum</strong></span> <span class='ocrx_word' id='word_1_208' title='bbox 3564 1577 3727 1644; x_wconf 63' lang='lat' dir='ltr'><strong>involat,</strong></span> 
     </span>
    </p>
   </div>
   <div class='ocr_carea' id='block_1_15' title="bbox 539 1663 3801 1748">
    <p class='ocr_par' dir='ltr' id='par_1_15' title="bbox 539 1663 3801 1748">
     <span class='ocr_line' id='line_1_15' title="bbox 539 1663 3801 1748; baseline -0.002 -16"><span class='ocrx_word' id='word_1_209' title='bbox 539 1675 893 1748; x_wconf 81' lang='lat' dir='ltr'><strong>dignationis.</strong></span> <span class='ocrx_word' id='word_1_210' title='bbox 933 1675 1128 1731; x_wconf 68' lang='lat' dir='ltr'><strong>Caneri</strong></span> <span class='ocrx_word' id='word_1_211' title='bbox 1181 1674 1419 1729; x_wconf 89' lang='lat' dir='ltr'><strong>infantes</strong></span> <span class='ocrx_word' id='word_1_212' title='bbox 1448 1663 1697 1744; x_wconf 85' lang='lat' dir='ltr'><strong>plorant,</strong></span> <span class='ocrx_word' id='word_1_213' title='bbox 1729 1674 1857 1744; x_wconf 90' lang='lat' dir='ltr'><strong>quia</strong></span> <span class='ocrx_word' id='word_1_214' title='bbox 1905 1673 2125 1744; x_wconf 88' lang='lat' dir='ltr'><strong>patiun-</strong></span> <span class='ocrx_word' id='word_1_215' title='bbox 2228 1681 2277 1726; x_wconf 88' lang='lat' dir='ltr'><strong>et</strong></span> <span class='ocrx_word' id='word_1_216' title='bbox 2307 1670 2577 1725; x_wconf 80' lang='lat' dir='ltr'><strong>reclinavit</strong></span> <span class='ocrx_word' id='word_1_217' title='bbox 2605 1686 2724 1724; x_wconf 86' lang='lat' dir='ltr'><strong>eam</strong></span> <span class='ocrx_word' id='word_1_218' title='bbox 2761 1666 2816 1723; x_wconf 82' lang='lat' dir='ltr'><strong>in</strong></span> <span class='ocrx_word' id='word_1_219' title='bbox 2852 1669 3130 1739; x_wconf 61' lang='lat' dir='ltr'><strong>praesepio,</strong></span> <span class='ocrx_word' id='word_1_220' title='bbox 3154 1668 3286 1738; x_wconf 78' lang='lat' dir='ltr'><strong>quia</strong></span> <span class='ocrx_word' id='word_1_221' title='bbox 3322 1683 3424 1721; x_wconf 86' lang='lat' dir='ltr'><strong>non</strong></span> <span class='ocrx_word' id='word_1_222' title='bbox 3450 1669 3607 1723; x_wconf 70' lang='grc' dir='ltr'><em>εταίά</em></span> <span class='ocrx_word' id='word_1_223' title='bbox 3635 1668 3730 1724; x_wconf 79' lang='lat' dir='ltr'><strong>tom</strong></span> <span class='ocrx_word' id='word_1_224' title='bbox 3800 1684 3801 1739; x_wconf 54' lang='grc' dir='ltr'>ξ</span> 
     </span>
    </p>
   </div>
   <div class='ocr_carea' id='block_1_16' title="bbox 541 1761 3732 1837">
    <p class='ocr_par' dir='ltr' id='par_1_16' title="bbox 541 1761 3732 1837">
     <span class='ocr_line' id='line_1_16' title="bbox 541 1761 3732 1837; baseline -0.001 -16"><span class='ocrx_word' id='word_1_225' title='bbox 541 1776 668 1833; x_wconf 87' lang='lat' dir='ltr'><strong>tur;</strong></span> <span class='ocrx_word' id='word_1_226' title='bbox 700 1765 952 1822; x_wconf 88' lang='lat' dir='ltr'><strong>Christus</strong></span> <span class='ocrx_word' id='word_1_227' title='bbox 976 1806 991 1831; x_wconf 93' lang='lat'><strong>,</strong></span> <span class='ocrx_word' id='word_1_228' title='bbox 1025 1767 1155 1836; x_wconf 86' lang='lat' dir='ltr'><strong>quia</strong></span> <span class='ocrx_word' id='word_1_229' title='bbox 1195 1766 1546 1837; x_wconf 88' lang='lat' dir='ltr'><strong>compatitur.</strong></span> <span class='ocrx_word' id='word_1_230' title='bbox 1594 1764 1651 1819; x_wconf 90' lang='lat' dir='ltr'><strong>Si</strong></span> <span class='ocrx_word' id='word_1_231' title='bbox 1695 1779 1846 1834; x_wconf 72' lang='lat' dir='ltr'><strong>ergo,</strong></span> <span class='ocrx_word' id='word_1_232' title='bbox 1903 1763 2122 1832; x_wconf 88' lang='lat' dir='ltr'><strong>fratres,</strong></span> <span class='ocrx_word' id='word_1_233' title='bbox 2159 1822 2199 1837; x_wconf 52' lang='grc' dir='ltr'>η</span> <span class='ocrx_word' id='word_1_234' title='bbox 2228 1765 2286 1820; x_wconf 85' lang='lat' dir='ltr'><strong>in</strong></span> <span class='ocrx_word' id='word_1_235' title='bbox 2317 1765 2624 1819; x_wconf 79' lang='lat' dir='ltr'><strong>diversorio.</strong></span> <span class='ocrx_word' id='word_1_236' title='bbox 2658 1763 2907 1818; x_wconf 88' lang='lat' dir='ltr'><strong>Fuerunt</strong></span> <span class='ocrx_word' id='word_1_237' title='bbox 2963 1762 3133 1834; x_wconf 86' lang='lat' dir='ltr'><strong>igitur</strong></span> <span class='ocrx_word' id='word_1_238' title='bbox 3191 1762 3554 1817; x_wconf 86' lang='lat' dir='ltr'><strong>indumentum</strong></span> <span class='ocrx_word' id='word_1_239' title='bbox 3590 1761 3732 1819; x_wconf 86' lang='lat' dir='ltr'><strong>Christi</strong></span> 
     </span>
    </p>
   </div>
   <div class='ocr_carea' id='block_1_17' title="bbox 539 1822 3731 1930">
    <p class='ocr_par' dir='ltr' id='par_1_17' title="bbox 539 1822 3731 1930">
     <span class='ocr_line' id='line_1_17' title="bbox 539 1822 3731 1930; baseline -0.003 -14"><span class='ocrx_word' id='word_1_240' title='bbox 539 1860 788 1916; x_wconf 88' lang='lat' dir='ltr'><strong>Christus</strong></span> <span class='ocrx_word' id='word_1_241' title='bbox 813 1859 989 1930; x_wconf 89' lang='lat' dir='ltr'><strong>plorat</strong></span> <span class='ocrx_word' id='word_1_242' title='bbox 1014 1867 1236 1930; x_wconf 79' lang='lat' dir='ltr'><strong>prapter</strong></span> <span class='ocrx_word' id='word_1_243' title='bbox 1258 1874 1381 1923; x_wconf 89' lang='lat' dir='ltr'><strong>nos,</strong></span> <span class='ocrx_word' id='word_1_244' title='bbox 1415 1872 1585 1929; x_wconf 88' lang='lat' dir='ltr'><strong>quare</strong></span> <span class='ocrx_word' id='word_1_245' title='bbox 1614 1857 1714 1927; x_wconf 90' lang='lat' dir='ltr'><strong>ipsi</strong></span> <span class='ocrx_word' id='word_1_246' title='bbox 1748 1867 1969 1928; x_wconf 88' lang='lat' dir='ltr'><strong>propter</strong></span> <span class='ocrx_word' id='word_1_247' title='bbox 1992 1872 2119 1913; x_wconf 81' lang='lat' dir='ltr'><strong>nos-</strong></span> <span class='ocrx_word' id='word_1_248' title='bbox 2154 1822 2202 1882; x_wconf 76' lang='grc' dir='ltr'><strong>Β</strong></span> <span class='ocrx_word' id='word_1_249' title='bbox 2229 1860 2391 1929; x_wconf 89' lang='lat' dir='ltr'><strong>panni</strong></span> <span class='ocrx_word' id='word_1_250' title='bbox 2419 1858 2573 1922; x_wconf 87' lang='lat' dir='ltr'><strong>viles,</strong></span> <span class='ocrx_word' id='word_1_251' title='bbox 2604 1856 2777 1913; x_wconf 90' lang='lat' dir='ltr'><strong>lectus</strong></span> <span class='ocrx_word' id='word_1_252' title='bbox 2810 1863 3024 1912; x_wconf 88' lang='lat' dir='ltr'><strong>arctum</strong></span> <span class='ocrx_word' id='word_1_253' title='bbox 3055 1869 3331 1925; x_wconf 67' lang='lat' dir='ltr'><strong>praesepe,</strong></span> <span class='ocrx_word' id='word_1_254' title='bbox 3354 1852 3500 1908; x_wconf 87' lang='lat' dir='ltr'><strong>cibus</strong></span> <span class='ocrx_word' id='word_1_255' title='bbox 3525 1853 3593 1909; x_wconf 83' lang='lat' dir='ltr'><strong>lac</strong></span> <span class='ocrx_word' id='word_1_256' title='bbox 3620 1854 3731 1923; x_wconf 57' lang='grc' dir='ltr'><strong>γει-εἱ.</strong></span> 
     </span>
    </p>
   </div>
   <div class='ocr_carea' id='block_1_18' title="bbox 543 1945 3801 2023">
    <p class='ocr_par' dir='ltr' id='par_1_18' title="bbox 543 1945 3801 2023">
     <span class='ocr_line' id='line_1_18' title="bbox 543 1945 3801 2023; baseline -0.002 -16"><span class='ocrx_word' id='word_1_257' title='bbox 543 1952 803 2023; x_wconf 90' lang='lat' dir='ltr'><strong>metipsos</strong></span> <span class='ocrx_word' id='word_1_258' title='bbox 850 1965 958 2006; x_wconf 91' lang='lat' dir='ltr'><strong>non</strong></span> <span class='ocrx_word' id='word_1_259' title='bbox 1002 1950 1313 2020; x_wconf 86' lang='lat' dir='ltr'><strong>ploramus?</strong></span> <span class='ocrx_word' id='word_1_260' title='bbox 1341 1949 1409 2004; x_wconf 85' lang='lat' dir='ltr'><strong>Et</strong></span> <span class='ocrx_word' id='word_1_261' title='bbox 1446 1950 1489 2004; x_wconf 90' lang='lat' dir='ltr'><strong>si</strong></span> <span class='ocrx_word' id='word_1_262' title='bbox 1539 1948 1776 2003; x_wconf 86' lang='lat' dir='ltr'><strong>infantes</strong></span> <span class='ocrx_word' id='word_1_263' title='bbox 1799 1963 1865 2002; x_wconf 79' lang='lat' dir='ltr'><strong>ex</strong></span> <span class='ocrx_word' id='word_1_264' title='bbox 1896 1949 2129 2003; x_wconf 84' lang='lat' dir='ltr'><strong>inllrmi-</strong></span> <span class='ocrx_word' id='word_1_265' title='bbox 2230 1950 2375 2006; x_wconf 88' lang='lat' dir='ltr'><strong>nale.</strong></span> <span class='ocrx_word' id='word_1_266' title='bbox 2404 1948 2514 2006; x_wconf 86' lang='lat' dir='ltr'><strong>Lac</strong></span> <span class='ocrx_word' id='word_1_267' title='bbox 2544 1950 2690 2004; x_wconf 89' lang='lat' dir='ltr'><strong>enim</strong></span> <span class='ocrx_word' id='word_1_268' title='bbox 2749 1949 2815 2004; x_wconf 92' lang='lat' dir='ltr'><strong>de</strong></span> <span class='ocrx_word' id='word_1_269' title='bbox 2863 1963 3032 2004; x_wconf 89' lang='lat' dir='ltr'><strong>carne</strong></span> <span class='ocrx_word' id='word_1_270' title='bbox 3079 1956 3342 2015; x_wconf 88' lang='lat' dir='ltr'><strong>corrupta</strong></span> <span class='ocrx_word' id='word_1_271' title='bbox 3394 1945 3608 2001; x_wconf 82' lang='lat' dir='ltr'><strong>elicitum</strong></span> <span class='ocrx_word' id='word_1_272' title='bbox 3649 1963 3732 2002; x_wconf 85' lang='lat' dir='ltr'><strong>eum</strong></span> <span class='ocrx_word' id='word_1_273' title='bbox 3800 1960 3801 1965; x_wconf 79' lang='lat'>‘</span> 
     </span>
    </p>
   </div>
   <div class='ocr_carea' id='block_1_19' title="bbox 543 2036 3733 2113">
    <p class='ocr_par' dir='ltr' id='par_1_19' title="bbox 543 2036 3733 2113">
     <span class='ocr_line' id='line_1_19' title="bbox 543 2036 3733 2113; baseline -0.002 -15"><span class='ocrx_word' id='word_1_274' title='bbox 543 2052 656 2098; x_wconf 88' lang='lat' dir='ltr'><strong>tate</strong></span> <span class='ocrx_word' id='word_1_275' title='bbox 680 2052 889 2098; x_wconf 67' lang='lat' dir='ltr'><strong>natura:</strong></span> <span class='ocrx_word' id='word_1_276' title='bbox 915 2043 1215 2113; x_wconf 88' lang='lat' dir='ltr'><strong>ploramus,</strong></span> <span class='ocrx_word' id='word_1_277' title='bbox 1247 2057 1416 2112; x_wconf 88' lang='lat' dir='ltr'><strong>quare</strong></span> <span class='ocrx_word' id='word_1_278' title='bbox 1467 2038 1633 2094; x_wconf 89' lang='lat' dir='ltr'><strong>adulti</strong></span> <span class='ocrx_word' id='word_1_279' title='bbox 1679 2055 1801 2095; x_wconf 89' lang='lat' dir='ltr'><strong>cum</strong></span> <span class='ocrx_word' id='word_1_280' title='bbox 1847 2040 2125 2096; x_wconf 90' lang='lat' dir='ltr'><strong>miseriam</strong></span> <span class='ocrx_word' id='word_1_281' title='bbox 2230 2042 2590 2097; x_wconf 85' lang='lat' dir='ltr'><strong>manducasse</strong></span> <span class='ocrx_word' id='word_1_282' title='bbox 2612 2056 2721 2097; x_wconf 91' lang='lat' dir='ltr'><strong>non</strong></span> <span class='ocrx_word' id='word_1_283' title='bbox 2749 2040 2934 2096; x_wconf 89' lang='lat' dir='ltr'><strong>credo.</strong></span> <span class='ocrx_word' id='word_1_284' title='bbox 2965 2040 3120 2095; x_wconf 86' lang='lat' dir='ltr'><strong>Unde</strong></span> <span class='ocrx_word' id='word_1_285' title='bbox 3140 2048 3193 2094; x_wconf 90' lang='lat' dir='ltr'><strong>et</strong></span> <span class='ocrx_word' id='word_1_286' title='bbox 3218 2039 3478 2110; x_wconf 80' lang='lat' dir='ltr'><strong>legimus;</strong></span> <span class='ocrx_word' id='word_1_287' title='bbox 3501 2038 3645 2107; x_wconf 85' lang='lat' dir='ltr'><strong>ipsum</strong></span> <span class='ocrx_word' id='word_1_288' title='bbox 3661 2036 3733 2093; x_wconf 81' lang='lat' dir='ltr'><strong>lle-</strong></span> 
     </span>
    </p>
   </div>
   <div class='ocr_carea' id='block_1_20' title="bbox 543 2130 3735 2207">
    <p class='ocr_par' dir='ltr' id='par_1_20' title="bbox 543 2130 3735 2207">
     <span class='ocr_line' id='line_1_20' title="bbox 543 2130 3735 2207; baseline -0.001 -17"><span class='ocrx_word' id='word_1_289' title='bbox 543 2144 789 2191; x_wconf 84' lang='lat' dir='ltr'><strong>nostram</strong></span> <span class='ocrx_word' id='word_1_290' title='bbox 822 2133 1195 2205; x_wconf 85' lang='lat' dir='ltr'><strong>intelligimus,</strong></span> <span class='ocrx_word' id='word_1_291' title='bbox 1225 2149 1332 2190; x_wconf 91' lang='lat' dir='ltr'><strong>non</strong></span> <span class='ocrx_word' id='word_1_292' title='bbox 1371 2133 1548 2202; x_wconf 88' lang='lat' dir='ltr'><strong>magis</strong></span> <span class='ocrx_word' id='word_1_293' title='bbox 1586 2131 1884 2202; x_wconf 89' lang='lat' dir='ltr'><strong>ploramus.</strong></span> <span class='ocrx_word' id='word_1_294' title='bbox 1919 2130 2129 2189; x_wconf 88' lang='lat' dir='ltr'><strong>Pense-</strong></span> <span class='ocrx_word' id='word_1_295' title='bbox 2231 2151 2349 2207; x_wconf 87' lang='lat' dir='ltr'><strong>gem</strong></span> <span class='ocrx_word' id='word_1_296' title='bbox 2379 2135 2695 2207; x_wconf 85' lang='lat' dir='ltr'><strong>angelorum</strong></span> <span class='ocrx_word' id='word_1_297' title='bbox 2727 2133 2842 2190; x_wconf 89' lang='lat' dir='ltr'><strong>sola</strong></span> <span class='ocrx_word' id='word_1_298' title='bbox 2895 2133 3065 2205; x_wconf 78' lang='lat' dir='ltr'><strong>Virgo</strong></span> <span class='ocrx_word' id='word_1_299' title='bbox 3094 2132 3340 2188; x_wconf 85' lang='lat' dir='ltr'><strong>iactabat</strong></span> <span class='ocrx_word' id='word_1_300' title='bbox 3386 2133 3540 2187; x_wconf 87' lang='lat' dir='ltr'><strong>ubere</strong></span> <span class='ocrx_word' id='word_1_301' title='bbox 3568 2132 3623 2186; x_wconf 85' lang='lat' dir='ltr'><strong>de</strong></span> <span class='ocrx_word' id='word_1_302' title='bbox 3644 2132 3735 2188; x_wconf 69' lang='lat' dir='ltr'><strong>creto</strong></span> 
     </span>
    </p>
   </div>
   <div class='ocr_carea' id='block_1_21' title="bbox 541 2222 3738 2299">
    <p class='ocr_par' dir='ltr' id='par_1_21' title="bbox 541 2222 3738 2299">
     <span class='ocr_line' id='line_1_21' title="bbox 541 2222 3738 2299; baseline -0.001 -16"><span class='ocrx_word' id='word_1_303' title='bbox 541 2240 669 2283; x_wconf 87' lang='lat' dir='ltr'><strong>mus</strong></span> <span class='ocrx_word' id='word_1_304' title='bbox 687 2239 840 2297; x_wconf 89' lang='lat' dir='ltr'><strong>ergo,</strong></span> <span class='ocrx_word' id='word_1_305' title='bbox 882 2226 1102 2294; x_wconf 89' lang='lat' dir='ltr'><strong>fratres,</strong></span> <span class='ocrx_word' id='word_1_306' title='bbox 1129 2232 1332 2295; x_wconf 88' lang='lat' dir='ltr'><strong>quanta</strong></span> <span class='ocrx_word' id='word_1_307' title='bbox 1379 2223 1452 2281; x_wconf 87' lang='lat' dir='ltr'><strong>sit</strong></span> <span class='ocrx_word' id='word_1_308' title='bbox 1499 2223 1724 2280; x_wconf 90' lang='lat' dir='ltr'><strong>miseria</strong></span> <span class='ocrx_word' id='word_1_309' title='bbox 1754 2222 2018 2290; x_wconf 88' lang='lat' dir='ltr'><strong>humana,</strong></span> <span class='ocrx_word' id='word_1_310' title='bbox 2060 2222 2131 2279; x_wconf 90' lang='lat' dir='ltr'><strong>ob</strong></span> <span class='ocrx_word' id='word_1_311' title='bbox 2229 2228 2413 2299; x_wconf 91' lang='lat' dir='ltr'><strong>pleno.</strong></span> <span class='ocrx_word' id='word_1_312' title='bbox 2443 2227 2502 2284; x_wconf 84' lang='lat' dir='ltr'><strong>in</strong></span> <span class='ocrx_word' id='word_1_313' title='bbox 2531 2229 2635 2284; x_wconf 92' lang='lat' dir='ltr'><strong>hoc</strong></span> <span class='ocrx_word' id='word_1_314' title='bbox 2660 2226 2828 2291; x_wconf 90' lang='lat' dir='ltr'><strong>cultu,</strong></span> <span class='ocrx_word' id='word_1_315' title='bbox 2863 2227 3065 2283; x_wconf 85' lang='lat' dir='ltr'><strong>fratres</strong></span> <span class='ocrx_word' id='word_1_316' title='bbox 3108 2226 3448 2291; x_wconf 89' lang='lat' dir='ltr'><strong>charissimi,</strong></span> <span class='ocrx_word' id='word_1_317' title='bbox 3475 2235 3668 2295; x_wconf 85' lang='lat' dir='ltr'><strong>quatuor</strong></span> <span class='ocrx_word' id='word_1_318' title='bbox 3684 2228 3738 2281; x_wconf 82' lang='lat' dir='ltr'><strong>in-</strong></span> 
     </span>
    </p>
   </div>
   <div class='ocr_carea' id='block_1_22' title="bbox 540 2314 3801 2391">
    <p class='ocr_par' dir='ltr' id='par_1_22' title="bbox 540 2314 3801 2391">
     <span class='ocr_line' id='line_1_22' title="bbox 540 2314 3801 2391; baseline -0 -16"><span class='ocrx_word' id='word_1_319' title='bbox 540 2319 702 2391; x_wconf 84' lang='lat' dir='ltr'><strong>cujus</strong></span> <span class='ocrx_word' id='word_1_320' title='bbox 729 2319 1058 2375; x_wconf 88' lang='lat' dir='ltr'><strong>medicinam</strong></span> <span class='ocrx_word' id='word_1_321' title='bbox 1085 2317 1364 2375; x_wconf 79' lang='lat' dir='ltr'><strong>Christum</strong></span> <span class='ocrx_word' id='word_1_322' title='bbox 1412 2331 1638 2373; x_wconf 87' lang='lat' dir='ltr'><strong>necesse</strong></span> <span class='ocrx_word' id='word_1_323' title='bbox 1685 2314 1857 2372; x_wconf 75' lang='lat' dir='ltr'><strong>fuerit</strong></span> <span class='ocrx_word' id='word_1_324' title='bbox 1886 2315 2125 2387; x_wconf 89' lang='lat' dir='ltr'><strong>plorare,</strong></span> <span class='ocrx_word' id='word_1_325' title='bbox 2231 2320 2484 2376; x_wconf 81' lang='lat' dir='ltr'><strong>venimus</strong></span> <span class='ocrx_word' id='word_1_326' title='bbox 2516 2338 2530 2373; x_wconf 90' lang='lat'><strong>:</strong></span> <span class='ocrx_word' id='word_1_327' title='bbox 2560 2319 2744 2375; x_wconf 86' lang='lat' dir='ltr'><strong>Primo</strong></span> <span class='ocrx_word' id='word_1_328' title='bbox 2769 2318 3191 2374; x_wconf 87' lang='lat' dir='ltr'><strong>admirationem</strong></span> <span class='ocrx_word' id='word_1_329' title='bbox 3225 2318 3280 2373; x_wconf 92' lang='lat' dir='ltr'><strong>in</strong></span> <span class='ocrx_word' id='word_1_330' title='bbox 3307 2318 3410 2374; x_wconf 90' lang='lat' dir='ltr'><strong>hoc</strong></span> <span class='ocrx_word' id='word_1_331' title='bbox 3437 2319 3565 2389; x_wconf 86' lang='lat' dir='ltr'><strong>quod</strong></span> <span class='ocrx_word' id='word_1_332' title='bbox 3594 2316 3663 2371; x_wconf 79' lang='lat' dir='ltr'><strong>ille</strong></span> <span class='ocrx_word' id='word_1_333' title='bbox 3679 2320 3740 2387; x_wconf 71' lang='lat' dir='ltr'><strong>qui</strong></span> <span class='ocrx_word' id='word_1_334' title='bbox 3800 2324 3801 2355; x_wconf 57' lang='lat' dir='ltr'><strong>l</strong></span> 
     </span>
    </p>
   </div>
   <div class='ocr_carea' id='block_1_23' title="bbox 542 2393 3801 2482">
    <p class='ocr_par' dir='ltr' id='par_1_23' title="bbox 542 2393 3801 2482">
     <span class='ocr_line' id='line_1_23' title="bbox 542 2393 3801 2482; baseline -0 -15"><span class='ocrx_word' id='word_1_335' title='bbox 542 2419 657 2471; x_wconf 81' lang='lat' dir='ltr'><strong>eta</strong></span> <span class='ocrx_word' id='word_1_336' title='bbox 686 2418 839 2467; x_wconf 85' lang='lat' dir='ltr'><strong>tanto</strong></span> <span class='ocrx_word' id='word_1_337' title='bbox 869 2419 1078 2467; x_wconf 88' lang='lat' dir='ltr'><strong>tantam</strong></span> <span class='ocrx_word' id='word_1_338' title='bbox 1119 2410 1280 2468; x_wconf 89' lang='lat' dir='ltr'><strong>nobis</strong></span> <span class='ocrx_word' id='word_1_339' title='bbox 1327 2410 1627 2466; x_wconf 81' lang='lat' dir='ltr'><strong>exhibitam</strong></span> <span class='ocrx_word' id='word_1_340' title='bbox 1660 2410 1983 2465; x_wconf 89' lang='lat' dir='ltr'><strong>medicinam</strong></span> <span class='ocrx_word' id='word_1_341' title='bbox 2023 2424 2129 2464; x_wconf 92' lang='lat' dir='ltr'><strong>non</strong></span> <span class='ocrx_word' id='word_1_342' title='bbox 2233 2411 2411 2468; x_wconf 88' lang='lat' dir='ltr'><strong>lucem</strong></span> <span class='ocrx_word' id='word_1_343' title='bbox 2461 2413 2672 2468; x_wconf 87' lang='lat' dir='ltr'><strong>habitat</strong></span> <span class='ocrx_word' id='word_1_344' title='bbox 2721 2393 3155 2468; x_wconf 81' lang='lat' dir='ltr'><strong>inaccessibilem</strong></span> <span class='ocrx_word' id='word_1_345' title='bbox 3202 2419 3261 2466; x_wconf 86' lang='lat' dir='ltr'><strong>et</strong></span> <span class='ocrx_word' id='word_1_346' title='bbox 3312 2411 3405 2482; x_wconf 89' lang='lat' dir='ltr'><strong>qui</strong></span> <span class='ocrx_word' id='word_1_347' title='bbox 3445 2411 3618 2466; x_wconf 66' lang='lat' dir='ltr'><strong>cretum</strong></span> <span class='ocrx_word' id='word_1_348' title='bbox 3661 2413 3739 2466; x_wconf 76' lang='lat' dir='ltr'><strong>lace</strong></span> <span class='ocrx_word' id='word_1_349' title='bbox 3800 2416 3801 2471; x_wconf 62' lang='grc' dir='ltr'>ξ</span> 
     </span>
    </p>
   </div>
   <div class='ocr_carea' id='block_1_24' title="bbox 544 2500 3801 2575">
    <p class='ocr_par' dir='ltr' id='par_1_24' title="bbox 544 2500 3801 2575">
     <span class='ocr_line' id='line_1_24' title="bbox 544 2500 3801 2575; baseline -0.001 -15"><span class='ocrx_word' id='word_1_350' title='bbox 544 2518 890 2575; x_wconf 87' lang='lat' dir='ltr'><strong>spernamus,</strong></span> <span class='ocrx_word' id='word_1_351' title='bbox 912 2505 1009 2559; x_wconf 86' lang='lat' dir='ltr'><strong>sed</strong></span> <span class='ocrx_word' id='word_1_352' title='bbox 1052 2510 1201 2558; x_wconf 85' lang='lat' dir='ltr'><strong>tanta</strong></span> <span class='ocrx_word' id='word_1_353' title='bbox 1229 2502 1519 2559; x_wconf 88' lang='lat' dir='ltr'><strong>devotione</strong></span> <span class='ocrx_word' id='word_1_354' title='bbox 1560 2516 1903 2566; x_wconf 87' lang='lat' dir='ltr'><strong>veneremur,</strong></span> <span class='ocrx_word' id='word_1_355' title='bbox 1935 2500 2131 2573; x_wconf 87' lang='lat' dir='ltr'><strong>diliga-</strong></span> <span class='ocrx_word' id='word_1_356' title='bbox 2233 2504 2481 2571; x_wconf 86' lang='lat' dir='ltr'><strong>vestivit,</strong></span> <span class='ocrx_word' id='word_1_357' title='bbox 2510 2503 2711 2559; x_wconf 84' lang='lat' dir='ltr'><strong>vilibus</strong></span> <span class='ocrx_word' id='word_1_358' title='bbox 2760 2503 2952 2574; x_wconf 90' lang='lat' dir='ltr'><strong>pannis</strong></span> <span class='ocrx_word' id='word_1_359' title='bbox 3002 2504 3502 2569; x_wconf 86' lang='lat' dir='ltr'><strong>circumamicitur;</strong></span> <span class='ocrx_word' id='word_1_360' title='bbox 3532 2502 3651 2573; x_wconf 86' lang='lat' dir='ltr'><strong>quod</strong></span> <span class='ocrx_word' id='word_1_361' title='bbox 3682 2502 3743 2556; x_wconf 74' lang='lat' dir='ltr'><strong>ille</strong></span> <span class='ocrx_word' id='word_1_362' title='bbox 3800 2504 3801 2545; x_wconf 63' lang='lat'>1</span> 
     </span>
    </p>
   </div>
   <div class='ocr_carea' id='block_1_25' title="bbox 547 2594 3801 2673">
    <p class='ocr_par' dir='ltr' id='par_1_25' title="bbox 547 2594 3801 2673">
     <span class='ocr_line' id='line_1_25' title="bbox 547 2594 3801 2673; baseline -0.002 -20"><span class='ocrx_word' id='word_1_363' title='bbox 547 2613 670 2653; x_wconf 91' lang='lat' dir='ltr'><strong>mus</strong></span> <span class='ocrx_word' id='word_1_364' title='bbox 690 2607 745 2653; x_wconf 92' lang='lat' dir='ltr'><strong>et</strong></span> <span class='ocrx_word' id='word_1_365' title='bbox 768 2598 1071 2654; x_wconf 90' lang='lat' dir='ltr'><strong>imitemur.</strong></span> <span class='ocrx_word' id='word_1_366' title='bbox 1095 2596 1175 2653; x_wconf 79' lang='lat' dir='ltr'><strong>Ex</strong></span> <span class='ocrx_word' id='word_1_367' title='bbox 1197 2599 1394 2668; x_wconf 90' lang='lat' dir='ltr'><strong>quibus</strong></span> <span class='ocrx_word' id='word_1_368' title='bbox 1419 2611 1553 2655; x_wconf 87' lang='lat' dir='ltr'><strong>vero</strong></span> <span class='ocrx_word' id='word_1_369' title='bbox 1573 2596 1829 2655; x_wconf 85' lang='lat' dir='ltr'><strong>Christus</strong></span> <span class='ocrx_word' id='word_1_370' title='bbox 1851 2603 2011 2653; x_wconf 87' lang='lat' dir='ltr'><strong>natus</strong></span> <span class='ocrx_word' id='word_1_371' title='bbox 2036 2596 2129 2665; x_wconf 90' lang='lat' dir='ltr'><strong>sit,</strong></span> <span class='ocrx_word' id='word_1_372' title='bbox 2234 2597 2326 2665; x_wconf 77' lang='lat' dir='ltr'><strong>qui</strong></span> <span class='ocrx_word' id='word_1_373' title='bbox 2351 2604 2521 2652; x_wconf 91' lang='lat' dir='ltr'><strong>totum</strong></span> <span class='ocrx_word' id='word_1_374' title='bbox 2549 2596 2804 2650; x_wconf 90' lang='lat' dir='ltr'><strong>mundum</strong></span> <span class='ocrx_word' id='word_1_375' title='bbox 2838 2594 3100 2663; x_wconf 76' lang='lat' dir='ltr'><strong>continet,</strong></span> <span class='ocrx_word' id='word_1_376' title='bbox 3133 2595 3186 2649; x_wconf 90' lang='lat' dir='ltr'><strong>in</strong></span> <span class='ocrx_word' id='word_1_377' title='bbox 3210 2605 3367 2652; x_wconf 88' lang='lat' dir='ltr'><strong>arcto</strong></span> <span class='ocrx_word' id='word_1_378' title='bbox 3388 2594 3619 2665; x_wconf 63' lang='lat' dir='ltr'><strong>praesepio</strong></span> <span class='ocrx_word' id='word_1_379' title='bbox 3648 2608 3739 2649; x_wconf 69' lang='grc' dir='ltr'><strong>εοε-</strong></span> <span class='ocrx_word' id='word_1_380' title='bbox 3800 2594 3801 2673; x_wconf 71' lang='grc'>]</span> 
     </span>
    </p>
   </div>
   <div class='ocr_carea' id='block_1_26' title="bbox 546 2676 3801 2757">
    <p class='ocr_par' dir='ltr' id='par_1_26' title="bbox 546 2676 3801 2757">
     <span class='ocr_line' id='line_1_26' title="bbox 546 2676 3801 2757; baseline -0.002 -12"><span class='ocrx_word' id='word_1_381' title='bbox 546 2690 872 2757; x_wconf 87' lang='lat' dir='ltr'><strong>ostenditur,</strong></span> <span class='ocrx_word' id='word_1_382' title='bbox 906 2705 1029 2746; x_wconf 92' lang='lat' dir='ltr'><strong>cum</strong></span> <span class='ocrx_word' id='word_1_383' title='bbox 1062 2690 1314 2746; x_wconf 90' lang='lat' dir='ltr'><strong>subditur</strong></span> <span class='ocrx_word' id='word_1_384' title='bbox 1345 2707 1360 2745; x_wconf 90' lang='lat'><strong>:</strong></span> <span class='ocrx_word' id='word_1_385' title='bbox 2237 2686 2463 2753; x_wconf 90' lang='lat' dir='ltr'><strong>tinetur;</strong></span> <span class='ocrx_word' id='word_1_386' title='bbox 2480 2686 2625 2757; x_wconf 92' lang='lat' dir='ltr'><strong>quod</strong></span> <span class='ocrx_word' id='word_1_387' title='bbox 2652 2685 2869 2757; x_wconf 91' lang='lat' dir='ltr'><strong>ille,qui</strong></span> <span class='ocrx_word' id='word_1_388' title='bbox 2893 2685 3150 2743; x_wconf 90' lang='lat' dir='ltr'><strong>omnibus</strong></span> <span class='ocrx_word' id='word_1_389' title='bbox 3176 2685 3273 2742; x_wconf 91' lang='lat' dir='ltr'><strong>dat</strong></span> <span class='ocrx_word' id='word_1_390' title='bbox 3297 2700 3472 2743; x_wconf 88' lang='lat' dir='ltr'><strong>escam</strong></span> <span class='ocrx_word' id='word_1_391' title='bbox 3500 2686 3546 2740; x_wconf 86' lang='lat' dir='ltr'><strong>in</strong></span> <span class='ocrx_word' id='word_1_392' title='bbox 3567 2698 3743 2754; x_wconf 79' lang='lat' dir='ltr'><strong>tempore</strong></span> <span class='ocrx_word' id='word_1_393' title='bbox 3800 2676 3801 2751; x_wconf 56' lang='grc' dir='ltr'>ξ</span> 
     </span>
    </p>
   </div>
   <div class='ocr_carea' id='block_1_27' title="bbox 619 2766 3801 2854">
    <p class='ocr_par' dir='ltr' id='par_1_27' title="bbox 619 2766 3801 2854">
     <span class='ocr_line' id='line_1_27' title="bbox 619 2766 3801 2854; baseline -0.001 -20"><span class='ocrx_word' id='word_1_394' title='bbox 619 2780 700 2835; x_wconf 84' lang='lat' dir='ltr'><strong>Eo</strong></span> <span class='ocrx_word' id='word_1_395' title='bbox 724 2781 863 2852; x_wconf 74' lang='lat' dir='ltr'><strong>quod</strong></span> <span class='ocrx_word' id='word_1_396' title='bbox 896 2790 1064 2836; x_wconf 82' lang='lat' dir='ltr'><strong>essent</strong></span> <span class='ocrx_word' id='word_1_397' title='bbox 1092 2780 1205 2854; x_wconf 76' lang='lat' dir='ltr'><strong>(ti)</strong></span> <span class='ocrx_word' id='word_1_398' title='bbox 1231 2780 1297 2837; x_wconf 85' lang='lat' dir='ltr'><strong>de</strong></span> <span class='ocrx_word' id='word_1_399' title='bbox 1320 2780 1476 2835; x_wconf 85' lang='lat' dir='ltr'><strong>domo</strong></span> <span class='ocrx_word' id='word_1_400' title='bbox 1506 2788 1556 2835; x_wconf 82' lang='lat' dir='ltr'><strong>et</strong></span> <span class='ocrx_word' id='word_1_401' title='bbox 1577 2778 1788 2851; x_wconf 80' lang='lat' dir='ltr'><strong>familia</strong></span> <span class='ocrx_word' id='word_1_402' title='bbox 1810 2779 2003 2848; x_wconf 83' lang='lat' dir='ltr'><strong>David,</strong></span> <span class='ocrx_word' id='word_1_403' title='bbox 2034 2777 2132 2835; x_wconf 80' lang='lat' dir='ltr'><strong>Jo-</strong></span> <span class='ocrx_word' id='word_1_404' title='bbox 2236 2792 2564 2853; x_wconf 85' lang='lat' dir='ltr'><strong>Opportune,</strong></span> <span class='ocrx_word' id='word_1_405' title='bbox 2600 2780 2818 2837; x_wconf 90' lang='lat' dir='ltr'><strong>modico</strong></span> <span class='ocrx_word' id='word_1_406' title='bbox 2867 2766 3048 2836; x_wconf 38' lang='lat' dir='ltr'><strong>lactis&#39;</strong></span> <span class='ocrx_word' id='word_1_407' title='bbox 3079 2781 3368 2837; x_wconf 83' lang='lat' dir='ltr'><strong>educatur.</strong></span> <span class='ocrx_word' id='word_1_408' title='bbox 3399 2779 3520 2848; x_wconf 84' lang='lat' dir='ltr'><strong>Quis</strong></span> <span class='ocrx_word' id='word_1_409' title='bbox 3544 2779 3665 2835; x_wconf 85' lang='lat' dir='ltr'><strong>enim</strong></span> <span class='ocrx_word' id='word_1_410' title='bbox 3691 2778 3747 2832; x_wconf 77' lang='lat' dir='ltr'><strong>bis</strong></span> <span class='ocrx_word' id='word_1_411' title='bbox 3800 2814 3801 2854; x_wconf 31' lang='grc' dir='ltr'><strong>ἦ</strong></span> 
     </span>
    </p>
   </div>
   <div class='ocr_carea' id='block_1_28' title="bbox 548 2870 3749 2945">
    <p class='ocr_par' dir='ltr' id='par_1_28' title="bbox 548 2870 3749 2945">
     <span class='ocr_line' id='line_1_28' title="bbox 548 2870 3749 2945; baseline -0.001 -16"><span class='ocrx_word' id='word_1_412' title='bbox 548 2875 683 2945; x_wconf 87' lang='lat' dir='ltr'><strong>seph</strong></span> <span class='ocrx_word' id='word_1_413' title='bbox 721 2874 927 2931; x_wconf 85' lang='lat' dir='ltr'><strong>scilicet</strong></span> <span class='ocrx_word' id='word_1_414' title='bbox 947 2883 1002 2930; x_wconf 93' lang='lat' dir='ltr'><strong>et</strong></span> <span class='ocrx_word' id='word_1_415' title='bbox 1032 2874 1223 2929; x_wconf 83' lang='lat' dir='ltr'><strong>Maria.</strong></span> <span class='ocrx_word' id='word_1_416' title='bbox 1253 2873 1638 2944; x_wconf 72' lang='lat' dir='ltr'><strong>Unusquisque</strong></span> <span class='ocrx_word' id='word_1_417' title='bbox 1664 2875 1809 2929; x_wconf 82' lang='lat' dir='ltr'><strong>enim</strong></span> <span class='ocrx_word' id='word_1_418' title='bbox 1834 2872 2133 2928; x_wconf 89' lang='lat' dir='ltr'><strong>secundum</strong></span> <span class='ocrx_word' id='word_1_419' title='bbox 2234 2891 2343 2933; x_wconf 90' lang='lat' dir='ltr'><strong>non</strong></span> <span class='ocrx_word' id='word_1_420' title='bbox 2380 2876 2580 2945; x_wconf 90' lang='lat' dir='ltr'><strong>poterit</strong></span> <span class='ocrx_word' id='word_1_421' title='bbox 2606 2873 2901 2928; x_wconf 85' lang='lat' dir='ltr'><strong>admirari?</strong></span> <span class='ocrx_word' id='word_1_422' title='bbox 2930 2872 3321 2939; x_wconf 84' lang='lat' dir='ltr'><strong>Ministerium,</strong></span> <span class='ocrx_word' id='word_1_423' title='bbox 3346 2873 3465 2943; x_wconf 89' lang='lat' dir='ltr'><strong>quia</strong></span> <span class='ocrx_word' id='word_1_424' title='bbox 3489 2872 3595 2927; x_wconf 87' lang='lat' dir='ltr'><strong>ideo</strong></span> <span class='ocrx_word' id='word_1_425' title='bbox 3619 2870 3749 2926; x_wconf 80' lang='lat' dir='ltr'><strong>Denti-</strong></span> 
     </span>
    </p>
   </div>
   <div class='ocr_carea' id='block_1_29' title="bbox 547 2964 3801 3038">
    <p class='ocr_par' dir='ltr' id='par_1_29' title="bbox 547 2964 3801 3038">
     <span class='ocr_line' id='line_1_29' title="bbox 547 2964 3801 3038; baseline -0.001 -19"><span class='ocrx_word' id='word_1_426' title='bbox 547 2964 721 3036; x_wconf 81' lang='lat' dir='ltr'><strong>legent</strong></span> <span class='ocrx_word' id='word_1_427' title='bbox 748 2966 814 3021; x_wconf 90' lang='lat' dir='ltr'><strong>de</strong></span> <span class='ocrx_word' id='word_1_428' title='bbox 844 2966 984 3022; x_wconf 86' lang='lat' dir='ltr'><strong>tribu</strong></span> <span class='ocrx_word' id='word_1_429' title='bbox 1008 2983 1105 3023; x_wconf 90' lang='lat' dir='ltr'><strong>sua</strong></span> <span class='ocrx_word' id='word_1_430' title='bbox 1133 2966 1366 3022; x_wconf 89' lang='lat' dir='ltr'><strong>ducebat</strong></span> <span class='ocrx_word' id='word_1_431' title='bbox 1391 2965 1828 3025; x_wconf 78' lang='lat' dir='ltr'><strong>usorem.Natus</strong></span> <span class='ocrx_word' id='word_1_432' title='bbox 1856 2973 1942 3021; x_wconf 89' lang='lat' dir='ltr'><strong>est</strong></span> <span class='ocrx_word' id='word_1_433' title='bbox 1968 2964 2135 3038; x_wconf 87' lang='lat' dir='ltr'><strong>igitur</strong></span> <span class='ocrx_word' id='word_1_434' title='bbox 2237 2983 2341 3023; x_wconf 88' lang='lat' dir='ltr'><strong>nus</strong></span> <span class='ocrx_word' id='word_1_435' title='bbox 2366 2967 2540 3022; x_wconf 90' lang='lat' dir='ltr'><strong>voluit</strong></span> <span class='ocrx_word' id='word_1_436' title='bbox 2562 2966 2708 3021; x_wconf 87' lang='lat' dir='ltr'><strong>indui</strong></span> <span class='ocrx_word' id='word_1_437' title='bbox 2735 2964 2957 3036; x_wconf 89' lang='lat' dir='ltr'><strong>pannis,</strong></span> <span class='ocrx_word' id='word_1_438' title='bbox 2992 2974 3054 3020; x_wconf 91' lang='lat' dir='ltr'><strong>ut</strong></span> <span class='ocrx_word' id='word_1_439' title='bbox 3085 2979 3146 3020; x_wconf 87' lang='lat' dir='ltr'><strong>se</strong></span> <span class='ocrx_word' id='word_1_440' title='bbox 3169 2964 3437 3020; x_wconf 85' lang='lat' dir='ltr'><strong>vilitatem</strong></span> <span class='ocrx_word' id='word_1_441' title='bbox 3465 2973 3513 3019; x_wconf 89' lang='lat' dir='ltr'><strong>et</strong></span> <span class='ocrx_word' id='word_1_442' title='bbox 3534 2964 3749 3032; x_wconf 79' lang='lat' dir='ltr'><strong>eorrupti-</strong></span> <span class='ocrx_word' id='word_1_443' title='bbox 3800 2964 3801 3038; x_wconf 27' lang='grc' dir='ltr'>ξ</span> 
     </span>
    </p>
   </div>
   <div class='ocr_carea' id='block_1_30' title="bbox 548 3054 3801 3132">
    <p class='ocr_par' dir='ltr' id='par_1_30' title="bbox 548 3054 3801 3132">
     <span class='ocr_line' id='line_1_30' title="bbox 548 3054 3801 3132; baseline -0.002 -19"><span class='ocrx_word' id='word_1_444' title='bbox 548 3054 824 3123; x_wconf 87' lang='lat' dir='ltr'><strong>Christus,</strong></span> <span class='ocrx_word' id='word_1_445' title='bbox 856 3056 1075 3127; x_wconf 86' lang='lat' dir='ltr'><strong>fratres,</strong></span> <span class='ocrx_word' id='word_1_446' title='bbox 1097 3074 1165 3114; x_wconf 83' lang='lat' dir='ltr'><strong>ex</strong></span> <span class='ocrx_word' id='word_1_447' title='bbox 1187 3067 1365 3114; x_wconf 86' lang='lat' dir='ltr'><strong>matre</strong></span> <span class='ocrx_word' id='word_1_448' title='bbox 1395 3058 1583 3125; x_wconf 89' lang='lat' dir='ltr'><strong>nobili,</strong></span> <span class='ocrx_word' id='word_1_449' title='bbox 1606 3061 1700 3115; x_wconf 86' lang='lat' dir='ltr'><strong>sed</strong></span> <span class='ocrx_word' id='word_1_450' title='bbox 1726 3073 1995 3132; x_wconf 86' lang='lat' dir='ltr'><strong>paupere;</strong></span> <span class='ocrx_word' id='word_1_451' title='bbox 2018 3063 2134 3117; x_wconf 84' lang='lat' dir='ltr'><strong>vir-</strong></span> <span class='ocrx_word' id='word_1_452' title='bbox 2237 3061 2501 3118; x_wconf 87' lang='lat' dir='ltr'><strong>bilitatem</strong></span> <span class='ocrx_word' id='word_1_453' title='bbox 2535 3071 2777 3117; x_wconf 91' lang='lat' dir='ltr'><strong>nostram</strong></span> <span class='ocrx_word' id='word_1_454' title='bbox 2809 3060 3052 3115; x_wconf 88' lang='lat' dir='ltr'><strong>induisse</strong></span> <span class='ocrx_word' id='word_1_455' title='bbox 3081 3057 3512 3125; x_wconf 85' lang='lat' dir='ltr'><strong>demonstraret,</strong></span> <span class='ocrx_word' id='word_1_456' title='bbox 3537 3057 3643 3111; x_wconf 85' lang='lat' dir='ltr'><strong>ideo</strong></span> <span class='ocrx_word' id='word_1_457' title='bbox 3662 3056 3750 3125; x_wconf 79' lang='lat' dir='ltr'><strong>poni</strong></span> <span class='ocrx_word' id='word_1_458' title='bbox 3800 3054 3801 3123; x_wconf 56' lang='grc' dir='ltr'>ἕ</span> 
     </span>
    </p>
   </div>
   <div class='ocr_carea' id='block_1_31' title="bbox 550 3148 3801 3242">
    <p class='ocr_par' dir='ltr' id='par_1_31' title="bbox 550 3148 3801 3242">
     <span class='ocr_line' id='line_1_31' title="bbox 550 3148 3801 3242; baseline -0.001 -39"><span class='ocrx_word' id='word_1_459' title='bbox 550 3148 701 3223; x_wconf 83' lang='lat' dir='ltr'><strong>gine,</strong></span> <span class='ocrx_word' id='word_1_460' title='bbox 730 3151 824 3207; x_wconf 90' lang='lat' dir='ltr'><strong>sed</strong></span> <span class='ocrx_word' id='word_1_461' title='bbox 855 3151 1372 3223; x_wconf 84' lang='lat' dir='ltr'><strong>desponsata.Quod</strong></span> <span class='ocrx_word' id='word_1_462' title='bbox 1394 3166 1522 3208; x_wconf 87' lang='lat' dir='ltr'><strong>vero</strong></span> <span class='ocrx_word' id='word_1_463' title='bbox 1552 3152 1619 3207; x_wconf 89' lang='lat' dir='ltr'><strong>de</strong></span> <span class='ocrx_word' id='word_1_464' title='bbox 1644 3161 1816 3209; x_wconf 87' lang='lat' dir='ltr'><strong>matre</strong></span> <span class='ocrx_word' id='word_1_465' title='bbox 1838 3155 2006 3211; x_wconf 88' lang='lat' dir='ltr'><strong>nobili</strong></span> <span class='ocrx_word' id='word_1_466' title='bbox 2037 3169 2136 3211; x_wconf 86' lang='lat' dir='ltr'><strong>na-</strong></span> <span class='ocrx_word' id='word_1_467' title='bbox 2162 3176 2210 3242; x_wconf 67' lang='grc' dir='ltr'>ο</span> <span class='ocrx_word' id='word_1_468' title='bbox 2241 3153 2414 3210; x_wconf 86' lang='lat' dir='ltr'><strong>voluit</strong></span> <span class='ocrx_word' id='word_1_469' title='bbox 2442 3154 2495 3208; x_wconf 92' lang='lat' dir='ltr'><strong>in</strong></span> <span class='ocrx_word' id='word_1_470' title='bbox 2548 3152 2835 3224; x_wconf 63' lang='lat' dir='ltr'><strong>praesepio,</strong></span> <span class='ocrx_word' id='word_1_471' title='bbox 2881 3158 2942 3206; x_wconf 90' lang='lat' dir='ltr'><strong>ut</strong></span> <span class='ocrx_word' id='word_1_472' title='bbox 2986 3166 3047 3208; x_wconf 91' lang='lat' dir='ltr'><strong>se</strong></span> <span class='ocrx_word' id='word_1_473' title='bbox 3077 3150 3433 3207; x_wconf 88' lang='lat' dir='ltr'><strong>refectionem</strong></span> <span class='ocrx_word' id='word_1_474' title='bbox 3458 3151 3645 3220; x_wconf 86' lang='lat' dir='ltr'><strong>piorum</strong></span> <span class='ocrx_word' id='word_1_475' title='bbox 3666 3164 3752 3202; x_wconf 76' lang='lat' dir='ltr'><strong>esse</strong></span> <span class='ocrx_word' id='word_1_476' title='bbox 3800 3168 3801 3227; x_wconf 35' lang='grc' dir='ltr'><strong>ἦ</strong></span> 
     </span>
    </p>
   </div>
   <div class='ocr_carea' id='block_1_32' title="bbox 551 3242 3757 3319">
    <p class='ocr_par' dir='ltr' id='par_1_32' title="bbox 551 3242 3757 3319">
     <span class='ocr_line' id='line_1_32' title="bbox 551 3242 3757 3319; baseline -0.002 -22"><span class='ocrx_word' id='word_1_477' title='bbox 551 3253 637 3298; x_wconf 88' lang='lat' dir='ltr'><strong>tus</strong></span> <span class='ocrx_word' id='word_1_478' title='bbox 667 3251 771 3311; x_wconf 91' lang='lat' dir='ltr'><strong>est,</strong></span> <span class='ocrx_word' id='word_1_479' title='bbox 801 3253 888 3299; x_wconf 89' lang='lat' dir='ltr'><strong>est</strong></span> <span class='ocrx_word' id='word_1_480' title='bbox 915 3243 1197 3316; x_wconf 85' lang='lat' dir='ltr'><strong>mysterii;</strong></span> <span class='ocrx_word' id='word_1_481' title='bbox 1226 3243 1371 3314; x_wconf 88' lang='lat' dir='ltr'><strong>quod</strong></span> <span class='ocrx_word' id='word_1_482' title='bbox 1402 3243 1469 3299; x_wconf 89' lang='lat' dir='ltr'><strong>de</strong></span> <span class='ocrx_word' id='word_1_483' title='bbox 1506 3259 1774 3315; x_wconf 89' lang='lat' dir='ltr'><strong>paupere,</strong></span> <span class='ocrx_word' id='word_1_484' title='bbox 1805 3257 1889 3302; x_wconf 87' lang='lat' dir='ltr'><strong>est</strong></span> <span class='ocrx_word' id='word_1_485' title='bbox 1917 3247 2138 3303; x_wconf 89' lang='lat' dir='ltr'><strong>humili-</strong></span> <span class='ocrx_word' id='word_1_486' title='bbox 2242 3246 2611 3319; x_wconf 82' lang='lat' dir='ltr'><strong>signiﬁcaret;</strong></span> <span class='ocrx_word' id='word_1_487' title='bbox 2654 3245 2776 3300; x_wconf 91' lang='lat' dir='ltr'><strong>ideo</strong></span> <span class='ocrx_word' id='word_1_488' title='bbox 2828 3243 2969 3299; x_wconf 89' lang='lat' dir='ltr'><strong>lacte</strong></span> <span class='ocrx_word' id='word_1_489' title='bbox 3004 3243 3263 3313; x_wconf 86' lang='lat' dir='ltr'><strong>virginali</strong></span> <span class='ocrx_word' id='word_1_490' title='bbox 3294 3242 3461 3298; x_wconf 88' lang='lat' dir='ltr'><strong>voluit</strong></span> <span class='ocrx_word' id='word_1_491' title='bbox 3484 3242 3631 3312; x_wconf 85' lang='lat' dir='ltr'><strong>pasci,</strong></span> <span class='ocrx_word' id='word_1_492' title='bbox 3653 3249 3757 3293; x_wconf 80' lang='lat' dir='ltr'><strong>utse</strong></span> 
     </span>
    </p>
   </div>
   <div class='ocr_carea' id='block_1_33' title="bbox 550 3333 3801 3408">
    <p class='ocr_par' dir='ltr' id='par_1_33' title="bbox 550 3333 3801 3408">
     <span class='ocr_line' id='line_1_33' title="bbox 550 3333 3801 3408; baseline -0.001 -19"><span class='ocrx_word' id='word_1_493' title='bbox 550 3335 713 3399; x_wconf 84' lang='lat' dir='ltr'><strong>tatis;</strong></span> <span class='ocrx_word' id='word_1_494' title='bbox 745 3336 889 3406; x_wconf 90' lang='lat' dir='ltr'><strong>quod</strong></span> <span class='ocrx_word' id='word_1_495' title='bbox 915 3336 981 3390; x_wconf 93' lang='lat' dir='ltr'><strong>de</strong></span> <span class='ocrx_word' id='word_1_496' title='bbox 1009 3336 1240 3407; x_wconf 88' lang='lat' dir='ltr'><strong>virgine,</strong></span> <span class='ocrx_word' id='word_1_497' title='bbox 1282 3343 1366 3392; x_wconf 86' lang='lat' dir='ltr'><strong>est</strong></span> <span class='ocrx_word' id='word_1_498' title='bbox 1409 3336 1721 3403; x_wconf 84' lang='lat' dir='ltr'><strong>munditiae;</strong></span> <span class='ocrx_word' id='word_1_499' title='bbox 1750 3339 1894 3407; x_wconf 90' lang='lat' dir='ltr'><strong>quod</strong></span> <span class='ocrx_word' id='word_1_500' title='bbox 1918 3339 2011 3397; x_wconf 18' lang='lat' dir='ltr'><strong>ede</strong></span> <span class='ocrx_word' id='word_1_501' title='bbox 2037 3340 2137 3396; x_wconf 81' lang='lat' dir='ltr'><strong>de-</strong></span> <span class='ocrx_word' id='word_1_502' title='bbox 2241 3337 2295 3393; x_wconf 93' lang='lat' dir='ltr'><strong>in</strong></span> <span class='ocrx_word' id='word_1_503' title='bbox 2344 3352 2476 3408; x_wconf 89' lang='lat' dir='ltr'><strong>pura</strong></span> <span class='ocrx_word' id='word_1_504' title='bbox 2526 3336 2718 3392; x_wconf 89' lang='lat' dir='ltr'><strong>matris</strong></span> <span class='ocrx_word' id='word_1_505' title='bbox 2749 3335 3008 3392; x_wconf 71' lang='lat' dir='ltr'><strong>Ecclesiae</strong></span> <span class='ocrx_word' id='word_1_506' title='bbox 3042 3335 3298 3391; x_wconf 88' lang='lat' dir='ltr'><strong>doctrina</strong></span> <span class='ocrx_word' id='word_1_507' title='bbox 3327 3333 3569 3390; x_wconf 84' lang='lat' dir='ltr'><strong>delectari</strong></span> <span class='ocrx_word' id='word_1_508' title='bbox 3590 3335 3761 3386; x_wconf 72' lang='lat' dir='ltr'><strong>demea-</strong></span> <span class='ocrx_word' id='word_1_509' title='bbox 3800 3346 3801 3408; x_wconf 34' lang='grc' dir='ltr'><strong>ἦ</strong></span> 
     </span>
    </p>
   </div>
   <div class='ocr_carea' id='block_1_34' title="bbox 549 3426 3757 3500">
    <p class='ocr_par' dir='ltr' id='par_1_34' title="bbox 549 3426 3757 3500">
     <span class='ocr_line' id='line_1_34' title="bbox 549 3426 3757 3500; baseline -0.002 -16"><span class='ocrx_word' id='word_1_510' title='bbox 549 3437 826 3498; x_wconf 81' lang='lat' dir='ltr'><strong>sponsata,</strong></span> <span class='ocrx_word' id='word_1_511' title='bbox 856 3435 939 3483; x_wconf 90' lang='lat' dir='ltr'><strong>est</strong></span> <span class='ocrx_word' id='word_1_512' title='bbox 961 3428 1314 3484; x_wconf 89' lang='lat' dir='ltr'><strong>sacramenti.</strong></span> <span class='ocrx_word' id='word_1_513' title='bbox 1348 3426 1424 3482; x_wconf 92' lang='lat' dir='ltr'><strong>De</strong></span> <span class='ocrx_word' id='word_1_514' title='bbox 1453 3437 1629 3483; x_wconf 87' lang='lat' dir='ltr'><strong>matre</strong></span> <span class='ocrx_word' id='word_1_515' title='bbox 1652 3429 1818 3485; x_wconf 91' lang='lat' dir='ltr'><strong>nobili</strong></span> <span class='ocrx_word' id='word_1_516' title='bbox 1846 3438 2008 3487; x_wconf 89' lang='lat' dir='ltr'><strong>natus</strong></span> <span class='ocrx_word' id='word_1_517' title='bbox 2032 3439 2135 3498; x_wconf 91' lang='lat' dir='ltr'><strong>est,</strong></span> <span class='ocrx_word' id='word_1_518' title='bbox 2241 3440 2462 3487; x_wconf 88' lang='lat' dir='ltr'><strong>straret.</strong></span> <span class='ocrx_word' id='word_1_519' title='bbox 2480 3429 2828 3496; x_wconf 82' lang='lat' dir='ltr'><strong>Medicinam,</strong></span> <span class='ocrx_word' id='word_1_520' title='bbox 2858 3429 2986 3500; x_wconf 89' lang='lat' dir='ltr'><strong>quia</strong></span> <span class='ocrx_word' id='word_1_521' title='bbox 3013 3429 3136 3485; x_wconf 90' lang='lat' dir='ltr'><strong>ideo</strong></span> <span class='ocrx_word' id='word_1_522' title='bbox 3163 3428 3417 3500; x_wconf 84' lang='lat' dir='ltr'><strong>dignatus</strong></span> <span class='ocrx_word' id='word_1_523' title='bbox 3451 3437 3530 3483; x_wconf 89' lang='lat' dir='ltr'><strong>est</strong></span> <span class='ocrx_word' id='word_1_524' title='bbox 3557 3426 3757 3481; x_wconf 76' lang='lat' dir='ltr'><strong>Dominus</strong></span> 
     </span>
    </p>
   </div>
   <div class='ocr_carea' id='block_1_35' title="bbox 550 3517 3801 3593">
    <p class='ocr_par' dir='ltr' id='par_1_35' title="bbox 550 3517 3801 3593">
     <span class='ocr_line' id='line_1_35' title="bbox 550 3517 3801 3593; baseline -0.001 -20"><span class='ocrx_word' id='word_1_525' title='bbox 550 3534 671 3591; x_wconf 74' lang='lat' dir='ltr'><strong>qua:</strong></span> <span class='ocrx_word' id='word_1_526' title='bbox 694 3535 798 3575; x_wconf 91' lang='lat' dir='ltr'><strong>non</strong></span> <span class='ocrx_word' id='word_1_527' title='bbox 828 3520 1002 3576; x_wconf 90' lang='lat' dir='ltr'><strong>solum</strong></span> <span class='ocrx_word' id='word_1_528' title='bbox 1033 3534 1099 3575; x_wconf 81' lang='lat' dir='ltr'><strong>ex</strong></span> <span class='ocrx_word' id='word_1_529' title='bbox 1145 3520 1292 3591; x_wconf 88' lang='lat' dir='ltr'><strong>regia</strong></span> <span class='ocrx_word' id='word_1_530' title='bbox 1341 3521 1511 3592; x_wconf 89' lang='lat' dir='ltr'><strong>stirpe</strong></span> <span class='ocrx_word' id='word_1_531' title='bbox 1544 3521 1798 3576; x_wconf 88' lang='lat' dir='ltr'><strong>trahebat</strong></span> <span class='ocrx_word' id='word_1_532' title='bbox 1845 3522 2134 3593; x_wconf 89' lang='lat' dir='ltr'><strong>originem,</strong></span> <span class='ocrx_word' id='word_1_533' title='bbox 2240 3538 2340 3593; x_wconf 91' lang='lat' dir='ltr'><strong>pro</strong></span> <span class='ocrx_word' id='word_1_534' title='bbox 2382 3523 2540 3578; x_wconf 90' lang='lat' dir='ltr'><strong>nobis</strong></span> <span class='ocrx_word' id='word_1_535' title='bbox 2569 3523 2765 3592; x_wconf 89' lang='lat' dir='ltr'><strong>pannis</strong></span> <span class='ocrx_word' id='word_1_536' title='bbox 2798 3521 2993 3577; x_wconf 89' lang='lat' dir='ltr'><strong>vilibus</strong></span> <span class='ocrx_word' id='word_1_537' title='bbox 3032 3519 3279 3586; x_wconf 82' lang='lat' dir='ltr'><strong>involvi,</strong></span> <span class='ocrx_word' id='word_1_538' title='bbox 3312 3528 3371 3574; x_wconf 90' lang='lat' dir='ltr'><strong>ut</strong></span> <span class='ocrx_word' id='word_1_539' title='bbox 3398 3534 3492 3575; x_wconf 90' lang='lat' dir='ltr'><strong>nos</strong></span> <span class='ocrx_word' id='word_1_540' title='bbox 3533 3518 3658 3573; x_wconf 84' lang='lat' dir='ltr'><strong>stola</strong></span> <span class='ocrx_word' id='word_1_541' title='bbox 3706 3517 3761 3570; x_wconf 53' lang='lat' dir='ltr'><strong>is</strong></span> <span class='ocrx_word' id='word_1_542' title='bbox 3800 3538 3801 3593; x_wconf 40' lang='grc' dir='ltr'>γ</span> 
     </span>
    </p>
   </div>
   <div class='ocr_carea' id='block_1_36' title="bbox 550 3610 3801 3685">
    <p class='ocr_par' dir='ltr' id='par_1_36' title="bbox 550 3610 3801 3685">
     <span class='ocr_line' id='line_1_36' title="bbox 550 3610 3801 3685; baseline -0.002 -17"><span class='ocrx_word' id='word_1_543' title='bbox 550 3613 645 3669; x_wconf 86' lang='lat' dir='ltr'><strong>sed</strong></span> <span class='ocrx_word' id='word_1_544' title='bbox 674 3614 838 3667; x_wconf 88' lang='lat' dir='ltr'><strong>etiam</strong></span> <span class='ocrx_word' id='word_1_545' title='bbox 873 3627 941 3667; x_wconf 77' lang='lat' dir='ltr'><strong>ex</strong></span> <span class='ocrx_word' id='word_1_546' title='bbox 971 3613 1318 3679; x_wconf 87' lang='lat' dir='ltr'><strong>sacerdotali,</strong></span> <span class='ocrx_word' id='word_1_547' title='bbox 1346 3612 1502 3669; x_wconf 90' lang='lat' dir='ltr'><strong>Unde</strong></span> <span class='ocrx_word' id='word_1_548' title='bbox 1529 3622 1582 3669; x_wconf 91' lang='lat' dir='ltr'><strong>et</strong></span> <span class='ocrx_word' id='word_1_549' title='bbox 1606 3612 1884 3669; x_wconf 88' lang='lat' dir='ltr'><strong>Elisabeth</strong></span> <span class='ocrx_word' id='word_1_550' title='bbox 1908 3623 2137 3685; x_wconf 83' lang='lat' dir='ltr'><strong>cognata</strong></span> <span class='ocrx_word' id='word_1_551' title='bbox 2243 3615 2609 3685; x_wconf 84' lang='lat' dir='ltr'><strong>corruptionis</strong></span> <span class='ocrx_word' id='word_1_552' title='bbox 2642 3614 2898 3681; x_wconf 83' lang='lat' dir='ltr'><strong>vestiret;</strong></span> <span class='ocrx_word' id='word_1_553' title='bbox 2934 3612 3057 3670; x_wconf 89' lang='lat' dir='ltr'><strong>ideo</strong></span> <span class='ocrx_word' id='word_1_554' title='bbox 3088 3612 3263 3667; x_wconf 91' lang='lat' dir='ltr'><strong>voluit</strong></span> <span class='ocrx_word' id='word_1_555' title='bbox 3291 3626 3390 3682; x_wconf 89' lang='lat' dir='ltr'><strong>pro</strong></span> <span class='ocrx_word' id='word_1_556' title='bbox 3419 3612 3565 3666; x_wconf 87' lang='lat' dir='ltr'><strong>nobis</strong></span> <span class='ocrx_word' id='word_1_557' title='bbox 3585 3610 3633 3664; x_wconf 78' lang='lat' dir='ltr'><strong>in</strong></span> <span class='ocrx_word' id='word_1_558' title='bbox 3651 3618 3760 3663; x_wconf 72' lang='lat' dir='ltr'><strong>arcto</strong></span> <span class='ocrx_word' id='word_1_559' title='bbox 3800 3610 3801 3685; x_wconf 49' lang='grc' dir='ltr'><em>ξ</em></span> 
     </span>
    </p>
   </div>
   <div class='ocr_carea' id='block_1_37' title="bbox 552 3700 3801 3778">
    <p class='ocr_par' dir='ltr' id='par_1_37' title="bbox 552 3700 3801 3778">
     <span class='ocr_line' id='line_1_37' title="bbox 552 3700 3801 3778; baseline -0.002 -17"><span class='ocrx_word' id='word_1_560' title='bbox 552 3706 736 3762; x_wconf 72' lang='lat' dir='ltr'><strong>Maria:</strong></span> <span class='ocrx_word' id='word_1_561' title='bbox 757 3706 927 3762; x_wconf 90' lang='lat' dir='ltr'><strong>fuisse</strong></span> <span class='ocrx_word' id='word_1_562' title='bbox 952 3718 1416 3763; x_wconf 90' lang='lat' dir='ltr'><strong>commemoratur</strong></span> <span class='ocrx_word' id='word_1_563' title='bbox 1444 3705 1597 3777; x_wconf 82' lang='lat' dir='ltr'><strong>(Luc.</strong></span> <span class='ocrx_word' id='word_1_564' title='bbox 1620 3706 1869 3776; x_wconf 87' lang='lat' dir='ltr'><strong>t).Porro</strong></span> <span class='ocrx_word' id='word_1_565' title='bbox 1891 3722 1956 3762; x_wconf 80' lang='lat' dir='ltr'><strong>ex</strong></span> <span class='ocrx_word' id='word_1_566' title='bbox 1991 3708 2137 3778; x_wconf 82' lang='lat' dir='ltr'><strong>regia</strong></span> <span class='ocrx_word' id='word_1_567' title='bbox 2241 3706 2506 3776; x_wconf 57' lang='lat' dir='ltr'><strong>praesepio</strong></span> <span class='ocrx_word' id='word_1_568' title='bbox 2536 3706 2686 3775; x_wconf 90' lang='lat' dir='ltr'><strong>poni,</strong></span> <span class='ocrx_word' id='word_1_569' title='bbox 2725 3714 2784 3761; x_wconf 93' lang='lat' dir='ltr'><strong>ut</strong></span> <span class='ocrx_word' id='word_1_570' title='bbox 2825 3721 2924 3761; x_wconf 90' lang='lat' dir='ltr'><strong>nos</strong></span> <span class='ocrx_word' id='word_1_571' title='bbox 2952 3704 3006 3760; x_wconf 92' lang='lat' dir='ltr'><strong>in</strong></span> <span class='ocrx_word' id='word_1_572' title='bbox 3044 3704 3158 3759; x_wconf 88' lang='lat' dir='ltr'><strong>lato</strong></span> <span class='ocrx_word' id='word_1_573' title='bbox 3202 3703 3326 3759; x_wconf 63' lang='lat' dir='ltr'><strong>coeli</strong></span> <span class='ocrx_word' id='word_1_574' title='bbox 3367 3702 3562 3772; x_wconf 87' lang='lat' dir='ltr'><strong>palatio</strong></span> <span class='ocrx_word' id='word_1_575' title='bbox 3585 3700 3767 3755; x_wconf 69' lang='lat' dir='ltr'><strong>colloca-</strong></span> <span class='ocrx_word' id='word_1_576' title='bbox 3800 3764 3801 3773; x_wconf 14' lang='grc' dir='ltr'>ξ</span> 
     </span>
    </p>
   </div>
   <div class='ocr_carea' id='block_1_38' title="bbox 551 3794 3765 3868">
    <p class='ocr_par' dir='ltr' id='par_1_38' title="bbox 551 3794 3765 3868">
     <span class='ocr_line' id='line_1_38' title="bbox 551 3794 3765 3868; baseline -0.002 -17"><span class='ocrx_word' id='word_1_577' title='bbox 551 3808 606 3851; x_wconf 89' lang='lat' dir='ltr'><strong>et</strong></span> <span class='ocrx_word' id='word_1_578' title='bbox 635 3795 964 3853; x_wconf 80' lang='lat' dir='ltr'><strong>sacerdotali</strong></span> <span class='ocrx_word' id='word_1_579' title='bbox 993 3797 1136 3851; x_wconf 90' lang='lat' dir='ltr'><strong>trihu</strong></span> <span class='ocrx_word' id='word_1_580' title='bbox 1163 3796 1314 3853; x_wconf 88' lang='lat' dir='ltr'><strong>nasci</strong></span> <span class='ocrx_word' id='word_1_581' title='bbox 1364 3796 1538 3853; x_wconf 89' lang='lat' dir='ltr'><strong>voluit</strong></span> <span class='ocrx_word' id='word_1_582' title='bbox 1585 3794 1871 3862; x_wconf 89' lang='lat' dir='ltr'><strong>Christus,</strong></span> <span class='ocrx_word' id='word_1_583' title='bbox 1902 3796 2026 3866; x_wconf 87' lang='lat' dir='ltr'><strong>quia</strong></span> <span class='ocrx_word' id='word_1_584' title='bbox 2056 3806 2142 3852; x_wconf 91' lang='lat' dir='ltr'><strong>est</strong></span> <span class='ocrx_word' id='word_1_585' title='bbox 2243 3810 2361 3865; x_wconf 87' lang='lat' dir='ltr'><strong>ret;</strong></span> <span class='ocrx_word' id='word_1_586' title='bbox 2387 3799 2506 3855; x_wconf 86' lang='lat' dir='ltr'><strong>ideo</strong></span> <span class='ocrx_word' id='word_1_587' title='bbox 2533 3799 2706 3855; x_wconf 91' lang='lat' dir='ltr'><strong>voluit</strong></span> <span class='ocrx_word' id='word_1_588' title='bbox 2746 3798 2906 3855; x_wconf 88' lang='lat' dir='ltr'><strong>lactis</strong></span> <span class='ocrx_word' id='word_1_589' title='bbox 2956 3812 3055 3868; x_wconf 92' lang='lat' dir='ltr'><strong>pro</strong></span> <span class='ocrx_word' id='word_1_590' title='bbox 3102 3796 3263 3853; x_wconf 90' lang='lat' dir='ltr'><strong>nobis</strong></span> <span class='ocrx_word' id='word_1_591' title='bbox 3286 3811 3446 3867; x_wconf 87' lang='lat' dir='ltr'><strong>egere</strong></span> <span class='ocrx_word' id='word_1_592' title='bbox 3469 3795 3765 3853; x_wconf 79' lang='lat' dir='ltr'><strong>nutrimento,</strong></span> 
     </span>
    </p>
   </div>
   <div class='ocr_carea' id='block_1_39' title="bbox 550 3883 3772 3959">
    <p class='ocr_par' dir='ltr' id='par_1_39' title="bbox 550 3883 3772 3959">
     <span class='ocr_line' id='line_1_39' title="bbox 550 3883 3772 3959; baseline -0.002 -16"><span class='ocrx_word' id='word_1_593' title='bbox 550 3885 665 3944; x_wconf 78' lang='lat' dir='ltr'><strong>Rex</strong></span> <span class='ocrx_word' id='word_1_594' title='bbox 695 3902 907 3958; x_wconf 87' lang='lat' dir='ltr'><strong>regum,</strong></span> <span class='ocrx_word' id='word_1_595' title='bbox 936 3898 991 3944; x_wconf 92' lang='lat' dir='ltr'><strong>et</strong></span> <span class='ocrx_word' id='word_1_596' title='bbox 1022 3889 1276 3946; x_wconf 84' lang='lat' dir='ltr'><strong>sacerdos</strong></span> <span class='ocrx_word' id='word_1_597' title='bbox 1308 3889 1605 3944; x_wconf 89' lang='lat' dir='ltr'><strong>secundum</strong></span> <span class='ocrx_word' id='word_1_598' title='bbox 1645 3889 1890 3945; x_wconf 90' lang='lat' dir='ltr'><strong>ordinem</strong></span> <span class='ocrx_word' id='word_1_599' title='bbox 1918 3888 2142 3945; x_wconf 80' lang='lat' dir='ltr'><strong>Melchi-</strong></span> <span class='ocrx_word' id='word_1_600' title='bbox 2243 3897 2304 3944; x_wconf 92' lang='lat' dir='ltr'><strong>ut</strong></span> <span class='ocrx_word' id='word_1_601' title='bbox 2349 3904 2449 3945; x_wconf 90' lang='lat' dir='ltr'><strong>nos</strong></span> <span class='ocrx_word' id='word_1_602' title='bbox 2503 3889 2817 3959; x_wconf 84' lang='lat' dir='ltr'><strong>angelorum</strong></span> <span class='ocrx_word' id='word_1_603' title='bbox 2850 3903 2992 3959; x_wconf 89' lang='lat' dir='ltr'><strong>pane</strong></span> <span class='ocrx_word' id='word_1_604' title='bbox 3039 3888 3292 3944; x_wconf 88' lang='lat' dir='ltr'><strong>satiaret.</strong></span> <span class='ocrx_word' id='word_1_605' title='bbox 3326 3885 3652 3957; x_wconf 78' lang='lat' dir='ltr'><strong>Exemplum,</strong></span> <span class='ocrx_word' id='word_1_606' title='bbox 3681 3883 3772 3953; x_wconf 68' lang='lat' dir='ltr'><strong>quia</strong></span> 
     </span>
    </p>
   </div>
   <div class='ocr_carea' id='block_1_40' title="bbox 552 3979 3801 4055">
    <p class='ocr_par' dir='ltr' id='par_1_40' title="bbox 552 3979 3801 4055">
     <span class='ocr_line' id='line_1_40' title="bbox 552 3979 3801 4055; baseline -0.002 -17"><span class='ocrx_word' id='word_1_607' title='bbox 552 3981 750 4038; x_wconf 87' lang='lat' dir='ltr'><strong>sedech</strong></span> <span class='ocrx_word' id='word_1_608' title='bbox 771 3990 891 4037; x_wconf 89' lang='lat' dir='ltr'><strong>erat</strong></span> <span class='ocrx_word' id='word_1_609' title='bbox 928 3981 1163 4036; x_wconf 91' lang='lat' dir='ltr'><strong>futurus.</strong></span> <span class='ocrx_word' id='word_1_610' title='bbox 1205 3981 1283 4036; x_wconf 90' lang='lat' dir='ltr'><strong>De</strong></span> <span class='ocrx_word' id='word_1_611' title='bbox 1305 3991 1481 4037; x_wconf 89' lang='lat' dir='ltr'><strong>matre</strong></span> <span class='ocrx_word' id='word_1_612' title='bbox 1506 3996 1766 4053; x_wconf 88' lang='lat' dir='ltr'><strong>paupere,</strong></span> <span class='ocrx_word' id='word_1_613' title='bbox 1801 3984 1927 4055; x_wconf 90' lang='lat' dir='ltr'><strong>quia</strong></span> <span class='ocrx_word' id='word_1_614' title='bbox 1961 3997 2061 4038; x_wconf 91' lang='lat' dir='ltr'><strong>nec</strong></span> <span class='ocrx_word' id='word_1_615' title='bbox 2085 3993 2141 4039; x_wconf 92' lang='lat' dir='ltr'><strong>et</strong></span> <span class='ocrx_word' id='word_1_616' title='bbox 2244 3982 2365 4038; x_wconf 85' lang='lat' dir='ltr'><strong>ideo</strong></span> <span class='ocrx_word' id='word_1_617' title='bbox 2407 3980 2600 4036; x_wconf 89' lang='lat' dir='ltr'><strong>vilibus</strong></span> <span class='ocrx_word' id='word_1_618' title='bbox 2630 3980 2827 4052; x_wconf 89' lang='lat' dir='ltr'><strong>pannis</strong></span> <span class='ocrx_word' id='word_1_619' title='bbox 2850 3992 3074 4052; x_wconf 88' lang='lat' dir='ltr'><strong>propter</strong></span> <span class='ocrx_word' id='word_1_620' title='bbox 3101 3998 3201 4037; x_wconf 92' lang='lat' dir='ltr'><strong>nos</strong></span> <span class='ocrx_word' id='word_1_621' title='bbox 3236 3979 3598 4039; x_wconf 85' lang='lat' dir='ltr'><strong>circumdatus</strong></span> <span class='ocrx_word' id='word_1_622' title='bbox 3621 3982 3770 4040; x_wconf 51' lang='grc' dir='ltr'><strong>θέῃσι</strong></span> <span class='ocrx_word' id='word_1_623' title='bbox 3800 3992 3801 3997; x_wconf 73' lang='lat'>‘</span> 
     </span>
    </p>
   </div>
   <div class='ocr_carea' id='block_1_41' title="bbox 551 4069 3801 4146">
    <p class='ocr_par' dir='ltr' id='par_1_41' title="bbox 551 4069 3801 4146">
     <span class='ocr_line' id='line_1_41' title="bbox 551 4069 3801 4146; baseline -0.002 -16"><span class='ocrx_word' id='word_1_624' title='bbox 551 4074 608 4130; x_wconf 89' lang='lat' dir='ltr'><strong>in</strong></span> <span class='ocrx_word' id='word_1_625' title='bbox 631 4090 729 4131; x_wconf 91' lang='lat' dir='ltr'><strong>sua</strong></span> <span class='ocrx_word' id='word_1_626' title='bbox 766 4074 1148 4144; x_wconf 83' lang='lat' dir='ltr'><strong>purificatione</strong></span> <span class='ocrx_word' id='word_1_627' title='bbox 1171 4090 1369 4146; x_wconf 82' lang='lat' dir='ltr'><strong>agnum</strong></span> <span class='ocrx_word' id='word_1_628' title='bbox 1399 4074 1599 4132; x_wconf 79' lang='lat' dir='ltr'><strong>offerre</strong></span> <span class='ocrx_word' id='word_1_629' title='bbox 1626 4077 1824 4145; x_wconf 88' lang='lat' dir='ltr'><strong>potuit,</strong></span> <span class='ocrx_word' id='word_1_630' title='bbox 1852 4086 2012 4132; x_wconf 89' lang='lat' dir='ltr'><strong>natus</strong></span> <span class='ocrx_word' id='word_1_631' title='bbox 2032 4087 2138 4146; x_wconf 89' lang='lat' dir='ltr'><strong>est,</strong></span> <span class='ocrx_word' id='word_1_632' title='bbox 2244 4086 2346 4128; x_wconf 90' lang='lat' dir='ltr'><strong>nos</strong></span> <span class='ocrx_word' id='word_1_633' title='bbox 2372 4072 2631 4127; x_wconf 88' lang='lat' dir='ltr'><strong>vilitatem</strong></span> <span class='ocrx_word' id='word_1_634' title='bbox 2668 4087 2973 4143; x_wconf 88' lang='lat' dir='ltr'><strong>pannorum</strong></span> <span class='ocrx_word' id='word_1_635' title='bbox 3025 4083 3252 4144; x_wconf 85' lang='lat' dir='ltr'><strong>propter</strong></span> <span class='ocrx_word' id='word_1_636' title='bbox 3278 4089 3401 4129; x_wconf 90' lang='lat' dir='ltr'><strong>eum</strong></span> <span class='ocrx_word' id='word_1_637' title='bbox 3429 4087 3534 4129; x_wconf 88' lang='lat' dir='ltr'><strong>non</strong></span> <span class='ocrx_word' id='word_1_638' title='bbox 3565 4069 3776 4125; x_wconf 58' lang='lat' dir='ltr'><strong>abitat-rev</strong></span> <span class='ocrx_word' id='word_1_639' title='bbox 3800 4100 3801 4105; x_wconf 59' lang='grc' dir='ltr'><strong>η</strong></span> 
     </span>
    </p>
   </div>
   <div class='ocr_carea' id='block_1_42' title="bbox 553 4150 3777 4239">
    <p class='ocr_par' dir='ltr' id='par_1_42' title="bbox 553 4150 3777 4239">
     <span class='ocr_line' id='line_1_42' title="bbox 553 4150 3777 4239; baseline -0.001 -18"><span class='ocrx_word' id='word_1_640' title='bbox 553 4150 615 4221; x_wconf 78' lang='lat' dir='ltr'><strong>ut</strong></span> <span class='ocrx_word' id='word_1_641' title='bbox 634 4166 791 4222; x_wconf 90' lang='lat' dir='ltr'><strong>nobis</strong></span> <span class='ocrx_word' id='word_1_642' title='bbox 807 4166 1129 4223; x_wconf 69' lang='lat' dir='ltr'><strong>voluntaria:</strong></span> <span class='ocrx_word' id='word_1_643' title='bbox 1156 4167 1475 4223; x_wconf 86' lang='lat' dir='ltr'><strong>humilitatis</strong></span> <span class='ocrx_word' id='word_1_644' title='bbox 1506 4175 1562 4224; x_wconf 91' lang='lat' dir='ltr'><strong>et</strong></span> <span class='ocrx_word' id='word_1_645' title='bbox 1592 4171 1927 4239; x_wconf 88' lang='lat' dir='ltr'><strong>paupertatis</strong></span> <span class='ocrx_word' id='word_1_646' title='bbox 1954 4185 2141 4226; x_wconf 81' lang='lat' dir='ltr'><strong>exem-</strong></span> <span class='ocrx_word' id='word_1_647' title='bbox 2244 4180 2448 4234; x_wconf 89' lang='lat' dir='ltr'><strong>remus,</strong></span> <span class='ocrx_word' id='word_1_648' title='bbox 2481 4164 2575 4221; x_wconf 89' lang='lat' dir='ltr'><strong>sed</strong></span> <span class='ocrx_word' id='word_1_649' title='bbox 2616 4181 2963 4230; x_wconf 82' lang='lat' dir='ltr'><strong>amaremus;</strong></span> <span class='ocrx_word' id='word_1_650' title='bbox 3018 4167 3139 4223; x_wconf 83' lang='lat' dir='ltr'><strong>ideo</strong></span> <span class='ocrx_word' id='word_1_651' title='bbox 3201 4168 3256 4221; x_wconf 93' lang='lat' dir='ltr'><strong>in</strong></span> <span class='ocrx_word' id='word_1_652' title='bbox 3311 4173 3538 4238; x_wconf 86' lang='lat' dir='ltr'><strong>angusto</strong></span> <span class='ocrx_word' id='word_1_653' title='bbox 3567 4160 3777 4235; x_wconf 59' lang='lat' dir='ltr'><strong>pm</strong></span> 
     </span>
    </p>
   </div>
   <div class='ocr_carea' id='block_1_43' title="bbox 553 4252 3801 4335">
    <p class='ocr_par' dir='ltr' id='par_1_43' title="bbox 553 4252 3801 4335">
     <span class='ocr_line' id='line_1_43' title="bbox 553 4252 3801 4335; baseline 0.005 -26"><span class='ocrx_word' id='word_1_654' title='bbox 553 4256 702 4327; x_wconf 87' lang='lat' dir='ltr'><strong>plum</strong></span> <span class='ocrx_word' id='word_1_655' title='bbox 735 4257 982 4312; x_wconf 89' lang='lat' dir='ltr'><strong>donaret.</strong></span> <span class='ocrx_word' id='word_1_656' title='bbox 1020 4259 1096 4313; x_wconf 90' lang='lat' dir='ltr'><strong>De</strong></span> <span class='ocrx_word' id='word_1_657' title='bbox 1135 4268 1307 4314; x_wconf 90' lang='lat' dir='ltr'><strong>matre</strong></span> <span class='ocrx_word' id='word_1_658' title='bbox 1343 4275 1558 4330; x_wconf 89' lang='lat' dir='ltr'><strong>semper</strong></span> <span class='ocrx_word' id='word_1_659' title='bbox 1593 4263 1804 4334; x_wconf 84' lang='lat' dir='ltr'><strong>virgine</strong></span> <span class='ocrx_word' id='word_1_660' title='bbox 1835 4274 1997 4318; x_wconf 85' lang='lat' dir='ltr'><strong>natus</strong></span> <span class='ocrx_word' id='word_1_661' title='bbox 2032 4271 2137 4333; x_wconf 90' lang='lat' dir='ltr'><strong>est,</strong></span> <span class='ocrx_word' id='word_1_662' title='bbox 2248 4269 2478 4329; x_wconf 90' lang='lat' dir='ltr'><strong>propter</strong></span> <span class='ocrx_word' id='word_1_663' title='bbox 2503 4273 2604 4314; x_wconf 91' lang='lat' dir='ltr'><strong>nos</strong></span> <span class='ocrx_word' id='word_1_664' title='bbox 2630 4258 2839 4328; x_wconf 91' lang='lat' dir='ltr'><strong>positus</strong></span> <span class='ocrx_word' id='word_1_665' title='bbox 2893 4267 2995 4323; x_wconf 90' lang='lat' dir='ltr'><strong>est,</strong></span> <span class='ocrx_word' id='word_1_666' title='bbox 3025 4259 3233 4329; x_wconf 61' lang='lat' dir='ltr'><strong>utgnos</strong></span> <span class='ocrx_word' id='word_1_667' title='bbox 3262 4268 3484 4330; x_wconf 81' lang='lat' dir='ltr'><strong>propter</strong></span> <span class='ocrx_word' id='word_1_668' title='bbox 3513 4270 3633 4312; x_wconf 71' lang='lat' dir='ltr'><strong>eum</strong></span> <span class='ocrx_word' id='word_1_669' title='bbox 3655 4252 3801 4335; x_wconf 25' lang='lat' dir='ltr'><strong>PM“?</strong></span> 
     </span>
    </p>
   </div>
   <div class='ocr_carea' id='block_1_44' title="bbox 554 4340 2062 4422">
    <p class='ocr_par' dir='ltr' id='par_1_44' title="bbox 554 4350 2062 4422">
     <span class='ocr_line' id='line_1_44' title="bbox 554 4350 2062 4422; baseline 0.007 -20"><span class='ocrx_word' id='word_1_670' title='bbox 554 4358 615 4402; x_wconf 91' lang='lat' dir='ltr'><strong>ut</strong></span> <span class='ocrx_word' id='word_1_671' title='bbox 644 4364 702 4405; x_wconf 88' lang='lat' dir='ltr'><strong>se</strong></span> <span class='ocrx_word' id='word_1_672' title='bbox 725 4350 1044 4405; x_wconf 86' lang='lat' dir='ltr'><strong>munditiam</strong></span> <span class='ocrx_word' id='word_1_673' title='bbox 1076 4350 1322 4422; x_wconf 84' lang='lat' dir='ltr'><strong>diligere,</strong></span> <span class='ocrx_word' id='word_1_674' title='bbox 1350 4362 1405 4408; x_wconf 92' lang='lat' dir='ltr'><strong>et</strong></span> <span class='ocrx_word' id='word_1_675' title='bbox 1432 4354 1484 4406; x_wconf 90' lang='lat' dir='ltr'><strong>in</strong></span> <span class='ocrx_word' id='word_1_676' title='bbox 1515 4355 1729 4410; x_wconf 89' lang='lat' dir='ltr'><strong>mundis</strong></span> <span class='ocrx_word' id='word_1_677' title='bbox 1762 4355 2016 4412; x_wconf 88' lang='lat' dir='ltr'><strong>cordibus</strong></span> <span class='ocrx_word' id='word_1_678' title='bbox 2042 4358 2062 4412; x_wconf 89' lang='lat' dir='ltr'><strong>l</strong></span> 
     </span>
    </p>
   </div>
   <div class='ocr_carea' id='block_1_45' title="bbox 2292 4340 3800 4422">
    <p class='ocr_par' dir='ltr' id='par_1_45' title="bbox 2292 4346 3779 4421">
     <span class='ocr_line' id='line_1_45' title="bbox 2292 4346 3779 4421; baseline -0.006 -15"><span class='ocrx_word' id='word_1_679' title='bbox 2292 4361 2302 4405; x_wconf 81' lang='lat' dir='ltr'><strong>t</strong></span> <span class='ocrx_word' id='word_1_680' title='bbox 2331 4351 2423 4406; x_wconf 88' lang='lat' dir='ltr'><strong>vili</strong></span> <span class='ocrx_word' id='word_1_681' title='bbox 2456 4352 2669 4421; x_wconf 84' lang='lat' dir='ltr'><strong>tugurio</strong></span> <span class='ocrx_word' id='word_1_682' title='bbox 2691 4351 2934 4407; x_wconf 88' lang='lat' dir='ltr'><strong>contenti</strong></span> <span class='ocrx_word' id='word_1_683' title='bbox 2960 4365 3240 4417; x_wconf 77' lang='lat' dir='ltr'><strong>essemus;</strong></span> <span class='ocrx_word' id='word_1_684' title='bbox 3298 4352 3418 4406; x_wconf 90' lang='lat' dir='ltr'><strong>ideo</strong></span> <span class='ocrx_word' id='word_1_685' title='bbox 3443 4349 3667 4418; x_wconf 86' lang='lat' dir='ltr'><strong>simplici</strong></span> <span class='ocrx_word' id='word_1_686' title='bbox 3694 4346 3779 4399; x_wconf 61' lang='lat' dir='ltr'><strong>extra</strong></span> 
     </span>
    </p>
   </div>
   <div class='ocr_carea' id='block_1_46' title="bbox 556 4432 3801 4518">
    <p class='ocr_par' dir='ltr' id='par_1_46' title="bbox 556 4432 3801 4518">
     <span class='ocr_line' id='line_1_46' title="bbox 556 4432 3801 4518; baseline -0.001 -23"><span class='ocrx_word' id='word_1_687' title='bbox 556 4441 734 4496; x_wconf 79' lang='lat' dir='ltr'><strong>hilare</strong></span> <span class='ocrx_word' id='word_1_688' title='bbox 755 4442 1172 4498; x_wconf 87' lang='lat' dir='ltr'><strong>demonstraret.</strong></span> <span class='ocrx_word' id='word_1_689' title='bbox 1207 4444 1282 4500; x_wconf 89' lang='lat' dir='ltr'><strong>De</strong></span> <span class='ocrx_word' id='word_1_690' title='bbox 1329 4455 1591 4515; x_wconf 89' lang='lat' dir='ltr'><strong>sponsata</strong></span> <span class='ocrx_word' id='word_1_691' title='bbox 1617 4463 1746 4503; x_wconf 90' lang='lat' dir='ltr'><strong>vero</strong></span> <span class='ocrx_word' id='word_1_692' title='bbox 1782 4459 1957 4504; x_wconf 88' lang='lat' dir='ltr'><strong>matre</strong></span> <span class='ocrx_word' id='word_1_693' title='bbox 1990 4450 2141 4506; x_wconf 87' lang='lat' dir='ltr'><strong>nasci</strong></span> <span class='ocrx_word' id='word_1_694' title='bbox 2245 4456 2435 4518; x_wconf 89' lang='lat' dir='ltr'><strong>pastus</strong></span> <span class='ocrx_word' id='word_1_695' title='bbox 2462 4453 2569 4513; x_wconf 90' lang='lat' dir='ltr'><strong>est,</strong></span> <span class='ocrx_word' id='word_1_696' title='bbox 2595 4454 2654 4500; x_wconf 92' lang='lat' dir='ltr'><strong>ut</strong></span> <span class='ocrx_word' id='word_1_697' title='bbox 2685 4461 2782 4501; x_wconf 86' lang='lat' dir='ltr'><strong>nos</strong></span> <span class='ocrx_word' id='word_1_698' title='bbox 2826 4459 3042 4516; x_wconf 89' lang='lat' dir='ltr'><strong>quoque</strong></span> <span class='ocrx_word' id='word_1_699' title='bbox 3066 4444 3420 4517; x_wconf 82' lang='lat' dir='ltr'><strong>simplicitate</strong></span> <span class='ocrx_word' id='word_1_700' title='bbox 3437 4451 3494 4498; x_wconf 89' lang='lat' dir='ltr'><strong>et</strong></span> <span class='ocrx_word' id='word_1_701' title='bbox 3521 4441 3711 4497; x_wconf 81' lang='lat' dir='ltr'><strong>vilitate</strong></span> <span class='ocrx_word' id='word_1_702' title='bbox 3732 4432 3801 4491; x_wconf 52' lang='lat' dir='ltr'><strong>ci-1</strong></span> 
     </span>
    </p>
   </div>
   <div class='ocr_carea' id='block_1_47' title="bbox 556 4530 3801 4603">
    <p class='ocr_par' dir='ltr' id='par_1_47' title="bbox 556 4530 3801 4603">
     <span class='ocr_line' id='line_1_47' title="bbox 556 4530 3801 4603; baseline -0.002 -15"><span class='ocrx_word' id='word_1_703' title='bbox 556 4534 743 4599; x_wconf 89' lang='lat' dir='ltr'><strong>voluit,</strong></span> <span class='ocrx_word' id='word_1_704' title='bbox 777 4543 838 4588; x_wconf 92' lang='lat' dir='ltr'><strong>ut</strong></span> <span class='ocrx_word' id='word_1_705' title='bbox 882 4546 1288 4592; x_wconf 86' lang='lat' dir='ltr'><strong>sacramentum</strong></span> <span class='ocrx_word' id='word_1_706' title='bbox 1321 4538 1713 4594; x_wconf 89' lang='lat' dir='ltr'><strong>incarnationis</strong></span> <span class='ocrx_word' id='word_1_707' title='bbox 1764 4554 1877 4595; x_wconf 86' lang='lat' dir='ltr'><strong>suae</strong></span> <span class='ocrx_word' id='word_1_708' title='bbox 1927 4540 2143 4599; x_wconf 86' lang='lat' dir='ltr'><strong>diabolo</strong></span> <span class='ocrx_word' id='word_1_709' title='bbox 2172 4532 2223 4594; x_wconf 83' lang='grc' dir='ltr'><strong><em>υ</em></strong></span> <span class='ocrx_word' id='word_1_710' title='bbox 2249 4539 2442 4594; x_wconf 90' lang='lat' dir='ltr'><strong>horum</strong></span> <span class='ocrx_word' id='word_1_711' title='bbox 2471 4552 2591 4593; x_wconf 88' lang='lat' dir='ltr'><strong>esse</strong></span> <span class='ocrx_word' id='word_1_712' title='bbox 2627 4538 2960 4594; x_wconf 88' lang='lat' dir='ltr'><strong>disceremus</strong></span> <span class='ocrx_word' id='word_1_713' title='bbox 3006 4536 3269 4593; x_wconf 87' lang='lat' dir='ltr'><strong>contenti.</strong></span> <span class='ocrx_word' id='word_1_714' title='bbox 3322 4535 3391 4590; x_wconf 85' lang='lat' dir='ltr'><strong>Et</strong></span> <span class='ocrx_word' id='word_1_715' title='bbox 3438 4536 3579 4602; x_wconf 80' lang='lat' dir='ltr'><strong>hoc,</strong></span> <span class='ocrx_word' id='word_1_716' title='bbox 3634 4530 3801 4603; x_wconf 53' lang='lat' dir='ltr'><strong>{ratust</strong></span> 
     </span>
    </p>
   </div>
   <div class='ocr_carea' id='block_1_48' title="bbox 556 4608 3801 4702">
    <p class='ocr_par' dir='ltr' id='par_1_48' title="bbox 556 4608 3801 4702">
     <span class='ocr_line' id='line_1_48' title="bbox 556 4608 3801 4702; baseline -0.001 -21"><span class='ocrx_word' id='word_1_717' title='bbox 556 4626 875 4682; x_wconf 90' lang='lat' dir='ltr'><strong>occultaret.</strong></span> <span class='ocrx_word' id='word_1_718' title='bbox 901 4626 1075 4684; x_wconf 81' lang='lat' dir='ltr'><strong>Mater</strong></span> <span class='ocrx_word' id='word_1_719' title='bbox 1095 4626 1317 4697; x_wconf 87' lang='lat' dir='ltr'><strong>Christi,</strong></span> <span class='ocrx_word' id='word_1_720' title='bbox 1345 4629 1545 4685; x_wconf 84' lang='lat' dir='ltr'><strong>fratres</strong></span> <span class='ocrx_word' id='word_1_721' title='bbox 1574 4630 1906 4694; x_wconf 88' lang='lat' dir='ltr'><strong>charissimi,</strong></span> <span class='ocrx_word' id='word_1_722' title='bbox 1933 4647 2055 4702; x_wconf 76' lang='lat' dir='ltr'><strong>quae</strong></span> <span class='ocrx_word' id='word_1_723' title='bbox 2082 4634 2138 4689; x_wconf 91' lang='lat' dir='ltr'><strong>in</strong></span> <span class='ocrx_word' id='word_1_724' title='bbox 2251 4632 2382 4697; x_wconf 91' lang='lat' dir='ltr'><strong>mei,</strong></span> <span class='ocrx_word' id='word_1_725' title='bbox 2413 4642 2603 4688; x_wconf 89' lang='lat' dir='ltr'><strong>contra</strong></span> <span class='ocrx_word' id='word_1_726' title='bbox 2636 4631 2759 4687; x_wconf 90' lang='lat' dir='ltr'><strong>illos</strong></span> <span class='ocrx_word' id='word_1_727' title='bbox 2806 4641 2891 4687; x_wconf 89' lang='lat' dir='ltr'><strong>est</strong></span> <span class='ocrx_word' id='word_1_728' title='bbox 2934 4630 3029 4702; x_wconf 91' lang='lat' dir='ltr'><strong>qui</strong></span> <span class='ocrx_word' id='word_1_729' title='bbox 3069 4630 3125 4685; x_wconf 91' lang='lat' dir='ltr'><strong>in</strong></span> <span class='ocrx_word' id='word_1_730' title='bbox 3183 4629 3437 4701; x_wconf 89' lang='lat' dir='ltr'><strong>pretiosis</strong></span> <span class='ocrx_word' id='word_1_731' title='bbox 3488 4639 3552 4685; x_wconf 90' lang='lat' dir='ltr'><strong>et</strong></span> <span class='ocrx_word' id='word_1_732' title='bbox 3587 4608 3801 4684; x_wconf 27' lang='lat' dir='ltr'><strong>mollita?</strong></span> 
     </span>
    </p>
   </div>
   <div class='ocr_carea' id='block_1_49' title="bbox 557 4718 3801 4795">
    <p class='ocr_par' dir='ltr' id='par_1_49' title="bbox 557 4718 3801 4795">
     <span class='ocr_line' id='line_1_49' title="bbox 557 4718 3801 4795; baseline 0.001 -21"><span class='ocrx_word' id='word_1_733' title='bbox 557 4720 839 4775; x_wconf 79' lang='lat' dir='ltr'><strong>nobilitate</strong></span> <span class='ocrx_word' id='word_1_734' title='bbox 875 4737 981 4775; x_wconf 88' lang='lat' dir='ltr'><strong>non</strong></span> <span class='ocrx_word' id='word_1_735' title='bbox 1009 4736 1067 4776; x_wconf 74' lang='lat' dir='ltr'><strong>se</strong></span> <span class='ocrx_word' id='word_1_736' title='bbox 1093 4722 1307 4787; x_wconf 86' lang='lat' dir='ltr'><strong>extulit,</strong></span> <span class='ocrx_word' id='word_1_737' title='bbox 1332 4723 1427 4778; x_wconf 88' lang='lat' dir='ltr'><strong>sed</strong></span> <span class='ocrx_word' id='word_1_738' title='bbox 1471 4733 1845 4795; x_wconf 86' lang='lat' dir='ltr'><strong>paupertatem</strong></span> <span class='ocrx_word' id='word_1_739' title='bbox 1876 4733 1931 4779; x_wconf 92' lang='lat' dir='ltr'><strong>et</strong></span> <span class='ocrx_word' id='word_1_740' title='bbox 1960 4724 2140 4780; x_wconf 91' lang='lat' dir='ltr'><strong>humi-</strong></span> <span class='ocrx_word' id='word_1_741' title='bbox 2246 4726 2493 4782; x_wconf 83' lang='lat' dir='ltr'><strong>vestibus</strong></span> <span class='ocrx_word' id='word_1_742' title='bbox 2538 4725 2916 4791; x_wconf 84' lang='lat' dir='ltr'><strong>delectantur,</strong></span> <span class='ocrx_word' id='word_1_743' title='bbox 2955 4726 3050 4794; x_wconf 90' lang='lat' dir='ltr'><strong>qui</strong></span> <span class='ocrx_word' id='word_1_744' title='bbox 3100 4723 3152 4778; x_wconf 93' lang='lat' dir='ltr'><strong>in</strong></span> <span class='ocrx_word' id='word_1_745' title='bbox 3217 4728 3628 4780; x_wconf 87' lang='lat' dir='ltr'><strong>constructione</strong></span> <span class='ocrx_word' id='word_1_746' title='bbox 3679 4718 3801 4790; x_wconf 53' lang='lat' dir='ltr'><strong>patr</strong></span> 
     </span>
    </p>
   </div>
   <div class='ocr_carea' id='block_1_50' title="bbox 559 4812 3801 4889">
    <p class='ocr_par' dir='ltr' id='par_1_50' title="bbox 559 4812 3801 4889">
     <span class='ocr_line' id='line_1_50' title="bbox 559 4812 3801 4889; baseline 0.001 -22"><span class='ocrx_word' id='word_1_747' title='bbox 559 4812 762 4868; x_wconf 86' lang='lat' dir='ltr'><strong>litatem</strong></span> <span class='ocrx_word' id='word_1_748' title='bbox 791 4813 1002 4878; x_wconf 77' lang='lat' dir='ltr'><strong>dilexit,</strong></span> <span class='ocrx_word' id='word_1_749' title='bbox 1049 4830 1144 4870; x_wconf 89' lang='lat' dir='ltr'><strong>eos</strong></span> <span class='ocrx_word' id='word_1_750' title='bbox 1183 4816 1460 4885; x_wconf 86' lang='lat' dir='ltr'><strong>redarguit</strong></span> <span class='ocrx_word' id='word_1_751' title='bbox 1506 4816 1598 4885; x_wconf 90' lang='lat' dir='ltr'><strong>qui</strong></span> <span class='ocrx_word' id='word_1_752' title='bbox 1649 4815 1715 4869; x_wconf 92' lang='lat' dir='ltr'><strong>de</strong></span> <span class='ocrx_word' id='word_1_753' title='bbox 1745 4816 2025 4872; x_wconf 85' lang='lat' dir='ltr'><strong>nobilitate</strong></span> <span class='ocrx_word' id='word_1_754' title='bbox 2052 4831 2145 4872; x_wconf 86' lang='lat' dir='ltr'><strong>su-</strong></span> <span class='ocrx_word' id='word_1_755' title='bbox 2250 4820 2449 4877; x_wconf 90' lang='lat' dir='ltr'><strong>tiorum</strong></span> <span class='ocrx_word' id='word_1_756' title='bbox 2479 4828 2535 4875; x_wconf 92' lang='lat' dir='ltr'><strong>et</strong></span> <span class='ocrx_word' id='word_1_757' title='bbox 2575 4819 2804 4875; x_wconf 89' lang='lat' dir='ltr'><strong>turrium</strong></span> <span class='ocrx_word' id='word_1_758' title='bbox 2846 4819 3170 4888; x_wconf 82' lang='lat' dir='ltr'><strong>gloriantur,</strong></span> <span class='ocrx_word' id='word_1_759' title='bbox 3201 4819 3296 4889; x_wconf 88' lang='lat' dir='ltr'><strong>qui</strong></span> <span class='ocrx_word' id='word_1_760' title='bbox 3334 4816 3602 4872; x_wconf 81' lang='lat' dir='ltr'><strong>aviditate</strong></span> <span class='ocrx_word' id='word_1_761' title='bbox 3634 4812 3801 4885; x_wconf 40' lang='lat' dir='ltr'><strong>pretia}</strong></span> 
     </span>
    </p>
   </div>
   <div class='ocr_carea' id='block_1_51' title="bbox 560 4904 3787 4983">
    <p class='ocr_par' dir='ltr' id='par_1_51' title="bbox 560 4904 3787 4983">
     <span class='ocr_line' id='line_1_51' title="bbox 560 4904 3787 4983; baseline 0.001 -24"><span class='ocrx_word' id='word_1_762' title='bbox 560 4904 831 4975; x_wconf 86' lang='lat' dir='ltr'><strong>perbiunt,</strong></span> <span class='ocrx_word' id='word_1_763' title='bbox 849 4914 904 4961; x_wconf 93' lang='lat' dir='ltr'><strong>et</strong></span> <span class='ocrx_word' id='word_1_764' title='bbox 925 4906 1283 4960; x_wconf 90' lang='lat' dir='ltr'><strong>humilitatem</strong></span> <span class='ocrx_word' id='word_1_765' title='bbox 1297 4908 1528 4960; x_wconf 90' lang='lat' dir='ltr'><strong>oderunt</strong></span> <span class='ocrx_word' id='word_1_766' title='bbox 1552 4915 1729 4976; x_wconf 77' lang='lat' dir='ltr'><strong>atquze</strong></span> <span class='ocrx_word' id='word_1_767' title='bbox 1744 4918 2141 4979; x_wconf 89' lang='lat' dir='ltr'><strong>paupertatem.</strong></span> <span class='ocrx_word' id='word_1_768' title='bbox 2248 4929 2434 4971; x_wconf 87' lang='lat' dir='ltr'><strong>serum</strong></span> <span class='ocrx_word' id='word_1_769' title='bbox 2462 4912 2793 4970; x_wconf 89' lang='lat' dir='ltr'><strong>cibariorum</strong></span> <span class='ocrx_word' id='word_1_770' title='bbox 2820 4914 3131 4983; x_wconf 87' lang='lat' dir='ltr'><strong>capiuntur.</strong></span> <span class='ocrx_word' id='word_1_771' title='bbox 3156 4912 3371 4981; x_wconf 85' lang='lat' dir='ltr'><strong>Quibus</strong></span> <span class='ocrx_word' id='word_1_772' title='bbox 3396 4911 3648 4968; x_wconf 80' lang='lat' dir='ltr'><strong>Christus</strong></span> <span class='ocrx_word' id='word_1_773' title='bbox 3678 4920 3787 4963; x_wconf 68' lang='lat' dir='ltr'><strong>rm-</strong></span> 
     </span>
    </p>
   </div>
   <div class='ocr_carea' id='block_1_52' title="bbox 558 4997 3412 5074">
    <p class='ocr_par' dir='ltr' id='par_1_52' title="bbox 558 4997 3412 5074">
     <span class='ocr_line' id='line_1_52' title="bbox 558 4997 3412 5074; baseline 0.001 -21"><span class='ocrx_word' id='word_1_774' title='bbox 558 4997 615 5054; x_wconf 87' lang='lat' dir='ltr'><strong>ln</strong></span> <span class='ocrx_word' id='word_1_775' title='bbox 647 4998 750 5053; x_wconf 91' lang='lat' dir='ltr'><strong>hoc</strong></span> <span class='ocrx_word' id='word_1_776' title='bbox 778 5011 908 5053; x_wconf 87' lang='lat' dir='ltr'><strong>vero</strong></span> <span class='ocrx_word' id='word_1_777' title='bbox 938 4997 1082 5065; x_wconf 90' lang='lat' dir='ltr'><strong>quod</strong></span> <span class='ocrx_word' id='word_1_778' title='bbox 1113 4998 1167 5050; x_wconf 89' lang='lat' dir='ltr'><strong>in</strong></span> <span class='ocrx_word' id='word_1_779' title='bbox 1191 5005 1574 5066; x_wconf 87' lang='lat' dir='ltr'><strong>paupertate,a</strong></span> <span class='ocrx_word' id='word_1_780' title='bbox 1594 4999 1834 5054; x_wconf 70' lang='lat' dir='ltr'><strong>naturali”</strong></span> <span class='ocrx_word' id='word_1_781' title='bbox 1858 5000 2143 5056; x_wconf 87' lang='lat' dir='ltr'><strong>nobilitate</strong></span> <span class='ocrx_word' id='word_1_782' title='bbox 2248 5008 2348 5064; x_wconf 80' lang='lat' dir='ltr'><strong>lari</strong></span> <span class='ocrx_word' id='word_1_783' title='bbox 2382 5007 2569 5071; x_wconf 82' lang='lat' dir='ltr'><strong>voluit,</strong></span> <span class='ocrx_word' id='word_1_784' title='bbox 2598 5007 2926 5074; x_wconf 79' lang='lat' dir='ltr'><strong>ostenditur,</strong></span> <span class='ocrx_word' id='word_1_785' title='bbox 2958 5020 3084 5061; x_wconf 86' lang='lat' dir='ltr'><strong>cum</strong></span> <span class='ocrx_word' id='word_1_786' title='bbox 3116 5006 3412 5061; x_wconf 82' lang='lat' dir='ltr'><strong>subditur:</strong></span> 
     </span>
    </p>
   </div>
   <div class='ocr_carea' id='block_1_53' title="bbox 560 5087 3785 5170">
    <p class='ocr_par' dir='ltr' id='par_1_53' title="bbox 560 5087 3785 5170">
     <span class='ocr_line' id='line_1_53' title="bbox 560 5087 3785 5170; baseline 0 -25"><span class='ocrx_word' id='word_1_787' title='bbox 560 5091 895 5160; x_wconf 85' lang='lat' dir='ltr'><strong>degenerare</strong></span> <span class='ocrx_word' id='word_1_788' title='bbox 948 5087 1368 5158; x_wconf 90' lang='lat' dir='ltr'><strong>parvipendunt.</strong></span> <span class='ocrx_word' id='word_1_789' title='bbox 1404 5090 1610 5145; x_wconf 79' lang='lat' dir='ltr'><strong>Rursus</strong></span> <span class='ocrx_word' id='word_1_790' title='bbox 1638 5091 1691 5145; x_wconf 92' lang='lat' dir='ltr'><strong>in</strong></span> <span class='ocrx_word' id='word_1_791' title='bbox 1751 5092 1852 5146; x_wconf 90' lang='lat' dir='ltr'><strong>hoc</strong></span> <span class='ocrx_word' id='word_1_792' title='bbox 1874 5133 1888 5158; x_wconf 93' lang='lat'><strong>,</strong></span> <span class='ocrx_word' id='word_1_793' title='bbox 1920 5093 2141 5162; x_wconf 86' lang='lat' dir='ltr'><strong>fratres,</strong></span> <span class='ocrx_word' id='word_1_794' title='bbox 2318 5100 2391 5155; x_wconf 72' lang='lat' dir='ltr'><strong>Et</strong></span> <span class='ocrx_word' id='word_1_795' title='bbox 2415 5110 2653 5170; x_wconf 75' lang='lat' dir='ltr'><strong>pastores</strong></span> <span class='ocrx_word' id='word_1_796' title='bbox 2700 5108 2849 5154; x_wconf 84' lang='lat' dir='ltr'><strong>erant</strong></span> <span class='ocrx_word' id='word_1_797' title='bbox 2897 5100 2951 5152; x_wconf 84' lang='lat' dir='ltr'><strong>in</strong></span> <span class='ocrx_word' id='word_1_798' title='bbox 3004 5099 3213 5169; x_wconf 81' lang='lat' dir='ltr'><strong>regione</strong></span> <span class='ocrx_word' id='word_1_799' title='bbox 3242 5100 3421 5154; x_wconf 80' lang='lat' dir='ltr'><strong>eadem</strong></span> <span class='ocrx_word' id='word_1_800' title='bbox 3461 5098 3785 5169; x_wconf 68' lang='lat' dir='ltr'><strong>eigiluta,rt</strong></span> 
     </span>
    </p>
   </div>
   <div class='ocr_carea' id='block_1_54' title="bbox 560 5179 3786 5264">
    <p class='ocr_par' dir='ltr' id='par_1_54' title="bbox 560 5179 3786 5264">
     <span class='ocr_line' id='line_1_54' title="bbox 560 5179 3786 5264; baseline 0.002 -31"><span class='ocrx_word' id='word_1_801' title='bbox 560 5179 704 5250; x_wconf 87' lang='lat' dir='ltr'><strong>quod</strong></span> <span class='ocrx_word' id='word_1_802' title='bbox 735 5179 984 5251; x_wconf 70' lang='lat' dir='ltr'><strong>virginali</strong></span> <span class='ocrx_word' id='word_1_803' title='bbox 1042 5180 1293 5237; x_wconf 87' lang='lat' dir='ltr'><strong>castitate</strong></span> <span class='ocrx_word' id='word_1_804' title='bbox 1340 5181 1652 5253; x_wconf 86' lang='lat' dir='ltr'><strong>conjugium</strong></span> <span class='ocrx_word' id='word_1_805' title='bbox 1699 5187 1996 5253; x_wconf 77' lang='lat' dir='ltr'><strong>decoravit,</strong></span> <span class='ocrx_word' id='word_1_806' title='bbox 2049 5185 2146 5242; x_wconf 90' lang='lat' dir='ltr'><strong>dat</strong></span> <span class='ocrx_word' id='word_1_807' title='bbox 2247 5196 2596 5251; x_wconf 66' lang='lat' dir='ltr'><strong>custodientes</strong></span> <span class='ocrx_word' id='word_1_808' title='bbox 2614 5193 2817 5264; x_wconf 77' lang='lat' dir='ltr'><strong>vigilias</strong></span> <span class='ocrx_word' id='word_1_809' title='bbox 2847 5193 3014 5246; x_wconf 77' lang='lat' dir='ltr'><strong>noctis</strong></span> <span class='ocrx_word' id='word_1_810' title='bbox 3042 5207 3201 5261; x_wconf 78' lang='lat' dir='ltr'><strong>super</strong></span> <span class='ocrx_word' id='word_1_811' title='bbox 3227 5208 3430 5264; x_wconf 77' lang='lat' dir='ltr'><strong>gregem</strong></span> <span class='ocrx_word' id='word_1_812' title='bbox 3455 5182 3641 5247; x_wconf 61' lang='lat' dir='ltr'><strong>suum:</strong></span> <span class='ocrx_word' id='word_1_813' title='bbox 3656 5188 3786 5257; x_wconf 61' lang='lat' dir='ltr'><strong>Qni-</strong></span> 
     </span>
    </p>
   </div>
   <div class='ocr_carea' id='block_1_55' title="bbox 562 5271 3785 5356">
    <p class='ocr_par' dir='ltr' id='par_1_55' title="bbox 562 5271 3785 5356">
     <span class='ocr_line' id='line_1_55' title="bbox 562 5271 3785 5356; baseline 0.003 -31"><span class='ocrx_word' id='word_1_814' title='bbox 562 5274 828 5327; x_wconf 85' lang='lat' dir='ltr'><strong>ntatronis</strong></span> <span class='ocrx_word' id='word_1_815' title='bbox 854 5271 1160 5344; x_wconf 83' lang='lat' dir='ltr'><strong>exemplum</strong></span> <span class='ocrx_word' id='word_1_816' title='bbox 1189 5273 1242 5329; x_wconf 93' lang='lat' dir='ltr'><strong>in</strong></span> <span class='ocrx_word' id='word_1_817' title='bbox 1286 5274 1537 5346; x_wconf 87' lang='lat' dir='ltr'><strong>conjugio</strong></span> <span class='ocrx_word' id='word_1_818' title='bbox 1578 5278 1886 5333; x_wconf 75' lang='lat' dir='ltr'><strong>castitatem</strong></span> <span class='ocrx_word' id='word_1_819' title='bbox 1916 5292 2145 5334; x_wconf 90' lang='lat' dir='ltr'><strong>conser-</strong></span> <span class='ocrx_word' id='word_1_820' title='bbox 2252 5298 2365 5345; x_wconf 62' lang='lat' dir='ltr'><strong>tum</strong></span> <span class='ocrx_word' id='word_1_821' title='bbox 2399 5289 2467 5343; x_wconf 79' lang='lat' dir='ltr'><strong>ad</strong></span> <span class='ocrx_word' id='word_1_822' title='bbox 2500 5287 2765 5352; x_wconf 83' lang='lat' dir='ltr'><strong>litteram,</strong></span> <span class='ocrx_word' id='word_1_823' title='bbox 2813 5285 3035 5351; x_wconf 85' lang='lat' dir='ltr'><strong>fratres,</strong></span> <span class='ocrx_word' id='word_1_824' title='bbox 3067 5283 3321 5340; x_wconf 88' lang='lat' dir='ltr'><strong>Christus</strong></span> <span class='ocrx_word' id='word_1_825' title='bbox 3374 5294 3640 5356; x_wconf 80' lang='lat' dir='ltr'><strong>tanquam</strong></span> <span class='ocrx_word' id='word_1_826' title='bbox 3673 5291 3785 5334; x_wconf 77' lang='lat' dir='ltr'><strong>vent</strong></span> 
     </span>
    </p>
   </div>
   <div class='ocr_carea' id='block_1_56' title="bbox 562 5361 3782 5453">
    <p class='ocr_par' dir='ltr' id='par_1_56' title="bbox 562 5361 3782 5453">
     <span class='ocr_line' id='line_1_56' title="bbox 562 5361 3782 5453; baseline 0.004 -38"><span class='ocrx_word' id='word_1_827' title='bbox 562 5362 749 5417; x_wconf 87' lang='lat' dir='ltr'><strong>vandi.</strong></span> <span class='ocrx_word' id='word_1_828' title='bbox 779 5361 911 5430; x_wconf 65' lang='lat' dir='ltr'><strong>Quae</strong></span> <span class='ocrx_word' id='word_1_829' title='bbox 938 5364 985 5420; x_wconf 85' lang='lat' dir='ltr'><strong>si</strong></span> <span class='ocrx_word' id='word_1_830' title='bbox 1018 5366 1236 5435; x_wconf 87' lang='lat' dir='ltr'><strong>penitus</strong></span> <span class='ocrx_word' id='word_1_831' title='bbox 1268 5366 1432 5421; x_wconf 89' lang='lat' dir='ltr'><strong>etiam</strong></span> <span class='ocrx_word' id='word_1_832' title='bbox 1464 5382 1492 5421; x_wconf 91' lang='lat' dir='ltr'><strong>a</strong></span> <span class='ocrx_word' id='word_1_833' title='bbox 1530 5368 1676 5424; x_wconf 90' lang='lat' dir='ltr'><strong>licito</strong></span> <span class='ocrx_word' id='word_1_834' title='bbox 1703 5368 1987 5439; x_wconf 76' lang='lat' dir='ltr'><strong>complexu</strong></span> <span class='ocrx_word' id='word_1_835' title='bbox 2014 5385 2147 5426; x_wconf 91' lang='lat' dir='ltr'><strong>con-</strong></span> <span class='ocrx_word' id='word_1_836' title='bbox 2248 5391 2457 5453; x_wconf 62' lang='lat' dir='ltr'><strong>pastor,</strong></span> <span class='ocrx_word' id='word_1_837' title='bbox 2485 5391 2743 5449; x_wconf 79' lang='lat' dir='ltr'><strong>tanquam</strong></span> <span class='ocrx_word' id='word_1_838' title='bbox 2770 5378 3013 5446; x_wconf 89' lang='lat' dir='ltr'><strong>humilis,</strong></span> <span class='ocrx_word' id='word_1_839' title='bbox 3050 5387 3313 5447; x_wconf 87' lang='lat' dir='ltr'><strong>tanquam</strong></span> <span class='ocrx_word' id='word_1_840' title='bbox 3336 5392 3574 5449; x_wconf 84' lang='lat' dir='ltr'><strong>pauper,</strong></span> <span class='ocrx_word' id='word_1_841' title='bbox 3604 5372 3782 5449; x_wconf 74' lang='lat' dir='ltr'><strong>pastori-</strong></span> 
     </span>
    </p>
   </div>
   <div class='ocr_carea' id='block_1_57' title="bbox 565 5452 3781 5542">
    <p class='ocr_par' dir='ltr' id='par_1_57' title="bbox 565 5452 3781 5542">
     <span class='ocr_line' id='line_1_57' title="bbox 565 5452 3781 5542; baseline 0.007 -35"><span class='ocrx_word' id='word_1_842' title='bbox 565 5452 763 5519; x_wconf 90' lang='lat' dir='ltr'><strong>tinent,</strong></span> <span class='ocrx_word' id='word_1_843' title='bbox 796 5454 1037 5525; x_wconf 89' lang='lat' dir='ltr'><strong>profecto</strong></span> <span class='ocrx_word' id='word_1_844' title='bbox 1071 5458 1378 5513; x_wconf 88' lang='lat' dir='ltr'><strong>castitatem</strong></span> <span class='ocrx_word' id='word_1_845' title='bbox 1426 5459 1599 5515; x_wconf 66' lang='lat' dir='ltr'><strong>beata:</strong></span> <span class='ocrx_word' id='word_1_846' title='bbox 1628 5458 1869 5531; x_wconf 80' lang='lat' dir='ltr'><strong>Virginis</strong></span> <span class='ocrx_word' id='word_1_847' title='bbox 1920 5462 2146 5518; x_wconf 83' lang='lat' dir='ltr'><strong>imitan-</strong></span> <span class='ocrx_word' id='word_1_848' title='bbox 2251 5452 2372 5539; x_wconf 70' lang='lat' dir='ltr'><strong>bus,</strong></span> <span class='ocrx_word' id='word_1_849' title='bbox 2399 5473 2697 5530; x_wconf 77' lang='lat' dir='ltr'><strong>humilibus</strong></span> <span class='ocrx_word' id='word_1_850' title='bbox 2725 5479 2781 5527; x_wconf 84' lang='lat' dir='ltr'><strong>et</strong></span> <span class='ocrx_word' id='word_1_851' title='bbox 2808 5471 3140 5542; x_wconf 88' lang='lat' dir='ltr'><strong>pauperibus</strong></span> <span class='ocrx_word' id='word_1_852' title='bbox 3169 5469 3340 5526; x_wconf 83' lang='lat' dir='ltr'><strong>voluit</strong></span> <span class='ocrx_word' id='word_1_853' title='bbox 3366 5473 3558 5541; x_wconf 88' lang='lat' dir='ltr'><strong>primo</strong></span> <span class='ocrx_word' id='word_1_854' title='bbox 3594 5466 3781 5526; x_wconf 53' lang='lat' dir='ltr'><strong>tertiani</strong></span> 
     </span>
    </p>
   </div>
   <div class='ocr_carea' id='block_1_58' title="bbox 567 5546 3783 5640">
    <p class='ocr_par' dir='ltr' id='par_1_58' title="bbox 567 5546 3783 5640">
     <span class='ocr_line' id='line_1_58' title="bbox 567 5546 3783 5640; baseline 0.006 -40"><span class='ocrx_word' id='word_1_855' title='bbox 567 5554 674 5602; x_wconf 87' lang='lat' dir='ltr'><strong>tur.</strong></span> <span class='ocrx_word' id='word_1_856' title='bbox 706 5546 812 5605; x_wconf 88' lang='lat' dir='ltr'><strong>Sed</strong></span> <span class='ocrx_word' id='word_1_857' title='bbox 834 5557 891 5605; x_wconf 91' lang='lat' dir='ltr'><strong>et</strong></span> <span class='ocrx_word' id='word_1_858' title='bbox 916 5549 962 5605; x_wconf 88' lang='lat' dir='ltr'><strong>si</strong></span> <span class='ocrx_word' id='word_1_859' title='bbox 990 5550 1317 5622; x_wconf 89' lang='lat' dir='ltr'><strong>quandoque</strong></span> <span class='ocrx_word' id='word_1_860' title='bbox 1337 5553 1580 5609; x_wconf 89' lang='lat' dir='ltr'><strong>debitum</strong></span> <span class='ocrx_word' id='word_1_861' title='bbox 1605 5554 1725 5610; x_wconf 92' lang='lat' dir='ltr'><strong>viro</strong></span> <span class='ocrx_word' id='word_1_862' title='bbox 1750 5554 2005 5623; x_wconf 89' lang='lat' dir='ltr'><strong>reddunt,</strong></span> <span class='ocrx_word' id='word_1_863' title='bbox 2038 5573 2144 5616; x_wconf 91' lang='lat' dir='ltr'><strong>non</strong></span> <span class='ocrx_word' id='word_1_864' title='bbox 2250 5568 2479 5640; x_wconf 76' lang='lat' dir='ltr'><strong>Mysiice</strong></span> <span class='ocrx_word' id='word_1_865' title='bbox 2501 5582 2630 5622; x_wconf 85' lang='lat' dir='ltr'><strong>vero</strong></span> <span class='ocrx_word' id='word_1_866' title='bbox 2653 5565 2744 5621; x_wconf 86' lang='lat' dir='ltr'><strong>isti</strong></span> <span class='ocrx_word' id='word_1_867' title='bbox 2786 5574 3033 5635; x_wconf 79' lang='lat' dir='ltr'><strong>pastores</strong></span> <span class='ocrx_word' id='word_1_868' title='bbox 3058 5578 3282 5636; x_wconf 85' lang='lat' dir='ltr'><strong>gregum</strong></span> <span class='ocrx_word' id='word_1_869' title='bbox 3310 5564 3631 5634; x_wconf 82' lang='lat' dir='ltr'><strong>signiﬁcant</strong></span> <span class='ocrx_word' id='word_1_870' title='bbox 3671 5576 3783 5633; x_wconf 58' lang='lat' dir='ltr'><strong>qna-</strong></span> 
     </span>
    </p>
   </div>
   <div class='ocr_carea' id='block_1_59' title="bbox 565 5632 3802 5736">
    <p class='ocr_par' dir='ltr' id='par_1_59' title="bbox 565 5632 3802 5736">
     <span class='ocr_line' id='line_1_59' title="bbox 565 5632 3802 5736; baseline 0.003 -41"><span class='ocrx_word' id='word_1_871' title='bbox 565 5652 692 5697; x_wconf 82' lang='lat' dir='ltr'><strong>sunt</strong></span> <span class='ocrx_word' id='word_1_872' title='bbox 737 5643 857 5698; x_wconf 86' lang='lat' dir='ltr'><strong>sine</strong></span> <span class='ocrx_word' id='word_1_873' title='bbox 897 5645 1094 5701; x_wconf 89' lang='lat' dir='ltr'><strong>merito</strong></span> <span class='ocrx_word' id='word_1_874' title='bbox 1129 5646 1419 5716; x_wconf 87' lang='lat' dir='ltr'><strong>castitatis,</strong></span> <span class='ocrx_word' id='word_1_875' title='bbox 1452 5646 1580 5704; x_wconf 90' lang='lat' dir='ltr'><strong>dum</strong></span> <span class='ocrx_word' id='word_1_876' title='bbox 1609 5646 1771 5706; x_wconf 82' lang='lat' dir='ltr'><strong>[idem</strong></span> <span class='ocrx_word' id='word_1_877' title='bbox 1798 5649 1901 5705; x_wconf 92' lang='lat' dir='ltr'><strong>tori</strong></span> <span class='ocrx_word' id='word_1_878' title='bbox 1925 5663 2148 5711; x_wconf 86' lang='lat' dir='ltr'><strong>servant</strong></span> <span class='ocrx_word' id='word_1_879' title='bbox 2252 5632 2361 5736; x_wconf 50' lang='lat' dir='ltr'><strong>quo</strong></span> <span class='ocrx_word' id='word_1_880' title='bbox 2418 5671 2664 5733; x_wconf 67' lang='lat' dir='ltr'><strong>pastores</strong></span> <span class='ocrx_word' id='word_1_881' title='bbox 2692 5632 2931 5716; x_wconf 72' lang='lat' dir='ltr'><strong>ﬁdelium</strong></span> <span class='ocrx_word' id='word_1_882' title='bbox 2959 5632 3307 5726; x_wconf 62' lang='lat' dir='ltr'><strong>animarum;</strong></span> <span class='ocrx_word' id='word_1_883' title='bbox 3340 5632 3446 5728; x_wconf 73' lang='lat' dir='ltr'><strong>qui</strong></span> <span class='ocrx_word' id='word_1_884' title='bbox 3470 5659 3523 5715; x_wconf 75' lang='lat' dir='ltr'><strong>si</strong></span> <span class='ocrx_word' id='word_1_885' title='bbox 3558 5632 3726 5714; x_wconf 55' lang='lat' dir='ltr'><strong>ima</strong></span> <span class='ocrx_word' id='word_1_886' title='bbox 3746 5632 3802 5736; x_wconf 47' lang='lat' dir='ltr'><strong>isi</strong></span> 
     </span>
    </p>
   </div>
   <div class='ocr_carea' id='block_1_60' title="bbox 638 5796 1116 5874">
    <p class='ocr_par' dir='ltr' id='par_1_60' title="bbox 638 5796 1116 5874">
     <span class='ocr_line' id='line_1_60' title="bbox 638 5796 1116 5874; baseline 0.015 -21"><span class='ocrx_word' id='word_1_887' title='bbox 638 5796 753 5871; x_wconf 85' lang='lat' dir='ltr'><strong>(tl)</strong></span> <span class='ocrx_word' id='word_1_888' title='bbox 778 5797 940 5874; x_wconf 74' lang='lat' dir='ltr'><strong>Vulg.</strong></span> <span class='ocrx_word' id='word_1_889' title='bbox 962 5810 1116 5860; x_wconf 80' lang='lat' dir='ltr'><strong>esset.</strong></span> 
     </span>
    </p>
   </div>
  </div>
