3820 6312
91 325 200 384 i795

730 311 1033 375 ΒοΜιιιιΕ
1073 317 1139 374 ΙΝ
1167 319 1384 375 EPIST.
1424 319 1511 375 ET
1553 321 1572 374 l

1679 320 1801 376 .NG.
1835 319 2132 379 DOSIlNiC.
2165 355 2231 364 —-
2267 315 2447 381 PARS
2485 324 2525 381 ἰ.

3133 327 3268 402 i708

81 444 230 500 eadem
276 433 495 503 regione,
522 425 565 488 si
601 432 934 505 vigilaverint
963 448 1127 503 super
1152 451 1368 506 gregem
1410 451 1587 500 suum,
1621 442 1666 496 Α
1697 433 1868 504 (Psal.
1899 441 2143 505 Lxxxtv).
2174 439 2316 492 liene
2359 447 2581 508 duoque.
2629 447 2851 513 angelus
2907 461 3026 502 cum
3065 449 3185 507 lace
3214 456 3266 509 in

74 545 122 589 et
149 525 463 587 custodierint
487 524 694 595 vigilias
741 524 942 592 noctis,
975 525 1221 594 profecto
1262 525 1366 582 illis
1393 527 1584 596 princi—

77 636 158 696 pne
183 618 410 673 Dominus
431 623 645 669 suorum
670 629 866 670 arcana
892 626 1358 671 sacramentorum
1393 618 1584 681 dignae

78 717 192 770 bitur
222 706 455 764 revelare.
500 704 590 760 lsti
629 715 752 761 sunt
779 714 1025 776 pastores
1048 709 1099 761 in
1127 709 1316 764 eadem
1359 709 1581 776 regimte

75 807 114 858 iu
141 817 225 860 oua
245 810 388 853 natus
410 804 490 851 est
511 796 785 863 Dominus,
815 796 904 866 qui
931 797 985 853 in
1011 796 1276 853 munditia
1325 807 1376 852 et
1410 799 1579 851 casti-

75 905 175 956 tate,
206 893 249 944 in
277 905 372 960 qua
405 898 557 943 natus
585 896 666 942 est
719 888 967 944 Chrisrus
994 897 1049 943 et
1079 890 1400 958 permansit,
1438 901 1600 953 sese,‘

70 991 281 1052 quantum
298 986 527 1048 possunt,
549 992 744 1050 regere
770 981 1122 1035 contendunt.
1151 980 1394 1051 Vigilant
1418 996 1580 1050 super

69 1087 240 1145 gregem
260 1086 423 1136 suum,
449 1070 538 1141 qui
565 1070 617 1124 in
640 1070 906 1142 "regimine
954 1073 1262 1128 animarum
1293 1071 1394 1128 sibi
1425 1089 1579 1127 com-

69 1167 303 1217 missarum
344 1159 548 1216 solliciti
586 1171 732 1216 sunt.
789 1161 845 1216 In
870 1178 978 1232 quo
1025 1164 1193 1217 etiam
1239 1165 1578 1232 pensandum

62 1265 146 1316 est,
170 1252 346 1306 fratres
387 1251 712 1316 eharissimi,
745 1253 886 1322 quod
921 1253 1122 1308 dicitur
1170 1270 1329 1323 super
1372 1268 1577 1325 gregem

65 1360 202 1398 suum.
223 1342 327 1398 Non
344 1343 479 1398 enim
505 1342 701 1399 suﬁcit
723 1344 1031 1414 pastoribus
1052 1346 1096 1400 si
1137 1346 1242 1401 sint
1271 1347 1321 1400 in
1346 1346 1576 1402 scientia

60 1445 106 1491 et
127 1436 219 1490 vita
245 1435 372 1490 sicut
392 1433 645 1507 populus:
673 1435 813 1491 unde
842 1445 895 1491 et
923 1435 976 1490 in
999 1437 1347 1508 opprobrium
1383 1439 1582 1494 dicitur

58 1540 122 1594 eis
148 1537 238 1592 :Et
262 1538 350 1592 erit
373 1537 500 1591 sicut
525 1537 770 1607 populus,
792 1538 865 1592 sic
886 1543 1130 1594 sacerdos
1163 1539 1358 1612 (Eccli.
1404 1546 1578 1614 mv).

62 1633 112 1685 Et
133 1631 249 1685 sicut
279 1629 580 1698 praeminet
628 1638 813 1700 pastor
841 1631 1042 1702 gradu,
1077 1633 1154 1688 sic
1200 1634 1466 1702 sapientia
1523 1645 1578 1689 et

59 1725 142 1776 vita
165 1721 303 1776 debet
322 1721 575 1776 eminere.
613 1720 766 1778 Unde
789 1732 842 1778 et
868 1723 1065 1778 dicitur
1093 1743 1107 1778 ε
1140 1723 1315 1796 Super
1352 1737 1578 1782 mentem

1691 525 1891 582 Christi
1934 531 2238 595 nativitate,
2265 532 2408 598 quod
2457 533 2509 586 in
2541 541 2652 588 toto
2688 535 2864 591 Veteri
2911 539 3263 600 Testamento

1696 632 1802 672 non
1851 619 2069 690 legitur,
2098 621 2374 691 apparuit,
2405 623 2688 692 quoniam,
2714 623 2868 693 juxta
2913 627 3266 702 Prophetam,

1690 717 1818 765 tunc
1839 721 2075 766 exortum
2108 714 2267 767 estin
2292 713 2516 768 tenebris
2541 715 2719 773 lumen
2759 721 2922 775 rectis
2946 725 3101 778 corde
3122 768 3135 792 ,
3171 729 3267 780 mia

1685 812 1907 858 sertcors
1931 816 1976 859 et
1996 808 2281 862 miserata?
2306 806 2561 864 Dominus
2589 809 2762 880 (Psal.
2797 812 2934 883 cst).
2971 816 3037 870 Et
3067 819 3263 874 ‘tin‘zue=

1695 907 1844 960 runt,
1877 897 2073 967 inquit,
2104 900 2289 954 timore
2309 916 2523 971 magno.
2559 903 2695 969 Quia
2721 905 2956 961 humana
2985 909 3269 968 infirmitas

1685 989 2013 1052 concutitur,
2040 989 2130 1044 ubi
2160 990 2339 1046 divina
2372 993 2679 1052 sublimitas
2713 997 3112 1056 manifestatur.
3155 1004 3259 1058 Sed

1680 1076 1810 1145 quia
1856 1078 2000 1147 digni
2045 1090 2210 1136 erant
2254 1084 2644 1153 consolatione,
2690 1089 2830 1146 dixit
2880 1094 2958 1148 eis
2989 1095 3261 1166 angelus:

1693 1165 1879 1222 Nolite
1907 1171 2108 1226 timere.
2151 1171 2480 1231 Sicut-cnim
2523 1179 2720 1236 diaboli
2779 1192 2835 1238 et
2876 1165 3265 1243 diabolicurnm

1685 1261 1963 1317 hominum
2001 1274 2084 1321 est
2115 1267 2388 1324 hominem
2441 1271 2508 1326 ad
2563 1283 2852 1333 tremorem
2902 1288 2957 1334 et
3005 1282 3264 1348 desperas

1681 1353 1886 1408 tionem
1911 1364 2278 1423 co’mmonere,
2314 1358 2389 1414 ita
2423 1360 2691 1418 bonorum
2723 1366 3039 1440 angelorum
3080 1381 3136 1425 et
3168 1373 3266 1427 hos

1684 1443 1890 1498 tninmn
1912 1454 1996 1500 est
2018 1445 2224 1502 homini
2258 1450 2689 1509 consolationem
2733 1467 2790 1511 et
2815 1471 2964 1528 spem
2997 1463 3262 1529 pra-bene.

1682 1534 1862 1602 Quare
1889 1544 2067 1592 autem
2095 1541 2406 1607 pastoribus
2424 1558 2530 1597 non
2553 1545 2878 1614 timendum,
2901 1551 2995 1605 sed
3026 1556 3266 1623 gauden-

1677 1625 1812 1679 "dum
1880 1637 2045 1692 esset,
2101 1631 2342 1687 ostendit
2397 1633 2622 1705 angelus
2671 1652 2793 1692 cum
2848 1641 3084 1697 subdit:
3131 1644 3264 1700 Ecce

1687 1717 1870 1771 nuntio
1918 1718 2058 1772 vobis
2111 1721 2366 1789 gaudium
2396 1739 2668 1794 magnum,
2699 1729 2834 1796 quod
2857 1730 2957 1784 erit
2991 1733 3138 1787 muni
3171 1749 3266 1801 po-

58 1814 269 1870 rxcelsum
314 1814 528 1867 ascende
549 1821 613 1866 tu
639 1815 732 1884 qui
779 1815 1105 1886 evangelise:
1134 1785 1264 1872 Sidn
1290 1816 1424 1890 (Isa.
1465 1821 1572 1887 XL).

1680 1809 1838 1874 pulo,
1885 1809 2148 1867 subaudis
2200 1812 2519 1868 electorum.
2569 1815 2835 1872 Gaudium
2893 1833 3150 1890 magnum
3209 1835 3265 1880 et

59 1906 164 1961 llinc
187 1914 259 1960 est
284 1908 418 1976 quod
465 1909 721 1964 sacerdos
751 1911 1057 1981 accipiebat
1093 1928 1305 1968 armum
1353 1930 1574 1985 separa-

59 2011 143 2052 tum
170 1997 296 2065 (Leu.
320 2006 394 2067 χ),
422 2001 544 2071 quia
577 2003 721 2058 actio
779 2005 1013 2074 pastoris
1048 2020 1157 2060 non
1213 2006 1386 2061 solum
1416 2007 1576 2062 debet

57 2103 149 2142 esse
174 2087 328 2152 fortis,
382 2089 474 2143 sed
526 2099 584 2145 et
633 2091 943 2162 singularis.
987 2092 1333 2149 Custodiumt
1365 2095 1574 2166 vigilias

52 2178 191 2232 noctis
217 2193 366 2248 super
402 2191 620 2252 gregem
657 2197 834 2246 suum,
879 2183 970 2253 qui
998 2184 1254 2255 populum
1284 2185 1388 2240 sibi
1424 2201 1575 2241 com-

55 2271 232 2322 missum
262 2269 310 2322 in
343 2269 722 2337 adolescentia,
741 2273 793 2326 in
813 2273 954 2328 virili
981 2282 1165 2340 aetate,
1191 2274 1243 2330 in
1271 2285 1572 2343 senectute,

53 2358 93 2410 in
117 2358 358 2427 decrepita
386 2368 566 2425 aetate,
607 2359 903 2417 informare
948 2363 1309 2418 contendunt.
1347 2363 1414 2420 Et
1439 2379 1575 2435 quos

52 2450 92 2503 in
113 2449 438 2504 adolescentia
459 2452 1013 2521 nequiernnt,saltem
1041 2453 1122 2510 vel
1145 2455 1196 2509 in
1223 2454 1362 2509 virili
1387 2465 1569 2524 aetate,

50 2540 113 2593 vel
140 2539 183 2594 in
210 2540 469 2606 senio,vel
499 2543 551 2597 in
582 2542 853 2613 decrepita
879 2552 1041 2600 astate
1070 2547 1343 2617 corrigere
1365 2562 1568 2602 concu-

45 2632 237 2702 piscunt.
279 2633 377 2690 Sed
421 2636 716 2704 quomodo,
750 2635 970 2704 fratres,
1016 2637 1105 2693 hic
1128 2639 1326 2693 dicitur
1363 2639 1569 2709 vigilias

47 2727 176 2779 sortis
201 2727 536 2783 custodientes
568 2744 724 2798 super
743 2744 946 2800 gregem
975 2741 1152 2796 suum,
1177 2746 1301 2785 cum
1327 2729 1379 2786 in
1407 2745 1569 2786 manu

43 2817 237 2874 hominis
257 2835 355 2874 non
385 2821 456 2875 sit
480 2820 758 2876 custodire
783 2821 866 2875 vel
893 2836 971 2888 se,
999 2823 1082 2876 vel
1115 2823 1306 2888 alium,
1337 2838 1571 2891 praeser-

46 2907 116 2960 tim
147 2924 253 2964 cum
276 2910 532 2979 scriptum
557 2910 628 2966 sit
659 2928 672 2964 :
708 2908 828 2964 Nisi
871 2911 1128 2966 Dominus
1157 2915 1463 2969 custodierit
1495 2916 1574 2968 ci-

44 2999 226 3068 vitatem,
246 3002 444 3071 {rustra
461 3005 644 3066 vigilat
666 3006 754 3074 qui
782 3004 1004 3058 custodit
1036 3022 1148 3059 eam
1165 3003 1339 3073 (Psal.
1363 3011 1569 3067 cxxvri.

43 3084 190 3162 Neque
226 3095 360 3149 enim
387 3107 573 3166 putcst
606 3104 792 3166 pastor
813 3097 998 3163 jacere
1028 3096 1196 3162 solus,
1241 3099 1338 3153 sed
1366 3098 1569 3164 socius,
1599 3131 1641 3189 ο

43 3198 116 3237 nec
136 3185 192 3238 ad
209 3184 484 3241 Dominum
514 3186 592 3240 ire
617 3186 788 3253 solus,
805 3188 898 3242 sed
931 3189 1129 3243 socius.
1154 3189 1350 3244 Verum
1385 3190 1572 3260 utique

39 3284 119 3334 est,
147 3272 324 3331 fratres
354 3277 506 3343 mei,
537 3277 682 3336 quod
732 3277 784 3331 in
829 3293 990 3332 manu
1047 3280 1281 3348 pastoris
1332 3295 1436 3336 non
1489 3292 1576 3337 est

41 3380 212 3436 gregem
235 3368 527 3434 custodire,
560 3371 653 3424 sed
680 3378 855 3425 tamen
890 3369 938 3426 ei
967 3385 1031 3425 ex
1057 3373 1384 3429 necessitate
1405 3373 1567 3430 officii

38 3455 227 3513 inditum
280 3468 380 3525 est,
411 3465 599 3530 quoad
629 3469 834 3534 potest,
883 3465 949 3519 ad
979 3466 1390 3520 custodiendum
1437 3465 1575 3538 vigi-

33 3546 138 3600 lare.
165 3548 288 3605 Nam
315 3551 358 3608 si
371 3551 583 3624 aliquis
603 3565 840 3609 veStrum
871 3555 1173 3608 committat
1202 3565 1414 3612 centum
1439 3573 1569 3612 oves

38 3633 222 3708 opilioni
250 3636 368 3712 suo,
413 3653 469 3700 et
517 3644 626 3712 ille,
675 3645 949 3701 devoratis
984 3656 1037 3702 et
1076 3647 1304 3716 perditis
1357 3650 1572 3704 cunctis

32 3732 203 3798 ovibus,
230 3735 373 3791 solus
401 3738 469 3792 ad
495 3736 776 3792 dominum
805 3748 1128 3806 revertatur,
1155 3739 1285 3809 quid
1316 3741 1365 3795 ei
1391 3741 1567 3795 dictu-

32 3837 100 3876 rus
122 3834 194 3880 est
216 3827 464 3885 dominus
486 3832 658 3885 suus?
681 3828 869 3886 Nonne
900 3831 1259 3886 incarcerabit
1278 3831 1362 3886 vel
1395 3833 1570 3902 turpi-

30 3921 93 3967 ter
125 3915 311 3988 iugabit
339 3921 505 3976 eum?
528 3921 666 3989 Quid
693 3937 843 3992 ergo,
894 3920 1114 3984 fratres,
1147 3922 1274 3992 quid
1328 3923 1572 3980 dicturus

30 4017 90 4058 est
115 4007 240 4065 Deus
273 4011 349 4066 illi
386 4013 550 4086 pigro
604 4015 805 4083 pastori
831 4055 846 4078 ,
871 4014 966 4083 qui
1011 4015 1216 4068 nullam
1265 4015 1569 4069 anim-arum

29 4095 105 4148 tibi
129 4101 536 4156 commissarum
581 4103 646 4158 ad
691 4103 862 4173 ipsum
909 4104 1155 4160 reducit?
1199 4103 1389 4162 Nonne
1421 4104 1568 4160 illum

29 4196 244 4260 tanquam
295 4197 591 4250 multarum
635 4199 944 4258 animarum
997 4199 1319 4256 homicidam
1380 4202 1563 4256 acrius

29 4285 199 4338 caeteris
235 4287 560 4344 damnabit?
604 4289 818 4359 Utique.
879 4288 1018 4344 Nam
1061 4293 1248 4347 durius
1298 4292 1568 4362 judicium

29 4371 84 4424 iis
107 4377 186 4443 qui
202 4391 434 4446 ρταιειιηι
465 4381 558 4450 [iet
583 4380 737 4452 (Sap.
778 4383 873 4449 v1).
902 4381 1007 4437 Per
1030 4398 1150 4453 quae
1172 4383 1370 4439 indicia
1401 4383 1568 4439 voluit

1676 1913 1990 1967 commune,
2017 1899 2237 1965 fratres,
2272 1904 2485 1959 nuntiat
2509 1906 2736 1978 angelus
2775 1911 3106 1979 pastoribus,
3135 1916 3274 1986 quia"

1679 1989 1948 2058 quoddam
1976 1993 2229 2062 gaudium
2261 2004 2346 2050 est
2372 1997 2516 2064 quod
2580 2014 2684 2054 non
2727 2009 2816 2055 est
2849 2015 3123 2070 magnum,
3165 2007 3263 2059 sed

1673 2095 1930 2149 parvum,
1959 2081 2044 2136 vel
2073 2083 2254 2151 potius
2279 2084 2509 2152 nullum,
2539 2099 2592 2142 ut
2621 2091 2876 2159 gaudium
2906 2093 3049 2161 quod
3089 2093 3262 2148 inube-

1682 2180 1770 2224 tur
1829 2169 1896 2227 de
1947 2173 2123 2243 aliqua
2180 2188 2238 2230 re
2276 2179 2643 2245 transitoria,
2709 2181 2776 2236 de
2834 2199 2941 2253 quo
2991 2185 3190 2240 dicitur
3247 2204 3260 2240 :

1686 2258 1780 2315 Va:
1814 2263 1957 2318 vobis
1979 2266 2069 2335 qui
2099 2265 2278 2321 ridetis
2300 2269 2322 2321 ,ν
2348 2267 2510 2339 '(Luc.
2537 2273 2640 2342 Vt.)
2670 2271 2774 2327 Sed
2827 2276 3078 2346 gaudium
3120 2277 3264 2333 iszttd

1678 2364 1798 2409 erat
1825 2370 2103 2427 magnum,
2135 2359 2263 2428 quia
2308 2359 2376 2416 de
2425 2360 2602 2418 salute
2655 2372 2864 2420 nostra.
2905 2364 3114 2421 Rursus
3139 2377 3264 2423 erat

1678 2461 1990 2515 commune,
2023 2450 2149 2520 quia
2182 2452 2331 2506 omni
2362 2454 2560 2523 populo
2605 2456 2846 2512 credenti
2869 2467 2984 2512 erat
3017 2471 3260 2514 commu-

1674 2537 2000 2594 nicandum.
2031 2539 2155 2596 Ideo
2183 2542 2326 2597 enim
2354 2544 2532 2600 factus
2554 2557 2639 2600 est
2665 2545 2808 2602 Deus
2857 2548 3037 2617 homo,
3068 2560 3126 2604 ut
3158 2553 3259 2607 ho-

1677 2628 1852 2685 mines
1883 2629 2020 2685 Deos
2044 2631 2272 2700 faceret,
2304 2643 2359 2690 ct
2380 2637 2634 2708 gaudium
2659 2639 2800 2708 quod
2825 2639 3061 2695 habebat
3087 2637 3257 2709 solus,

1669 2721 2108 2776 communicaret
2139 2721 2406 2791 pluribus.
2456 2724 2596 2791 Hoc,
2649 2725 3083 2790 fratres,eontr-a
3133 2731 3254 2788 illos

1675 2811 1767 2882 qui
1804 2811 1902 2868 soli
1930 2812 2031 2868 sibi
2073 2815 2256 2870 vivere
2280 2815 2502 2885 volunt,
2533 2829 2587 2874 et
2615 2816 2816 2874 bonum
2847 2822 2988 2892 quod
3031 2823 3254 2889 habent.

1676 2905 1890 2960 caeteris
1949 2907 2354 2964 communicare
2416 2910 2628 2967 nolunt.
2681 2913 2749 2968 Et
2797 2915 2916 2971 ideo
2975 2913 3252 2974 communi

1677 3007 1992 3053 sanctorum
2025 2999 2166 3056 bono
2215 3000 2362 3071 juste
2409 3005 2712 3073 privantur.
2741 3007 2894 3074 Quod
2925 3018 3104 3064 autem
3125 3011 3259 3066 illud

1675 3089 1931 3158 gaudium
1959 3090 2049 3155 sit,
2075 3093 2297 3162 exponit
2325 3095 2551 3166 angelus
2573 3111 2694 3151 cum
2722 3097 2904 3153 subdit
2931 3113 2945 3150 :

1749 3177 1888 3244 Quia
1920 3190 2076 3234 natus
2105 3189 2182 3234 est
2233 3181 2386 3236 hodie
2413 3185 2556 3238 vobis
2585 3183 2850 3254 Salvator,
2881 3189 2971 3258 qui
2997 3201 3073 3244 est
3097 3188 3256 3244 Chria

1678 3279 1789 3324 stus
1839 3268 2096 3326 Dominus
2148 3275 2202 3326 in
2240 3275 2452 3330 ciuitate
2482 3275 2668 3332 David.
2701 3277 2896 3335 Tribus
2923 3284 3251 3353 nominibus,

1678 3361 1894 3428 fratres,
1921 3373 2076 3418 vocat
2110 3365 2330 3435 angelus
2372 3382 2626 3437 puerum,
2682 3369 3042 3441 Salvatorem,
3091 3374 3255 3431 Chria

1676 3461 1844 3519 stum,
1879 3468 1934 3509 et
1955 3454 2263 3511 Dominum.
2295 3457 2570 3515 Christum
2591 3501 2606 3526 ,
2637 3463 2762 3532 quia
2797 3475 2992 3521 unctus
3031 3477 3114 3524 est
3145 3470 3259 3536 ple-

1678 3549 1921 3603 nitudine
1954 3551 2196 3604 omnium
2225 3553 2550 3621 gratiarum,
2575 3557 2641 3610 de
2666 3569 2774 3625 quo
2817 3573 3007 3613 omnes
3043 3563 3258 3634 accepis

1677 3651 1831 3703 mus;
1859 3638 2208 3706 salvatorem,
2245 3641 2373 3711 quia
2415 3643 2589 3698 salvat
2613 3654 2667 3700 et
2711 3647 2976 3718 gloriﬁeat
3011 3652 3254 3718 electos;

1676 3727 2126 3802 Dominum,quia
2155 3733 2375 3789 damnat
2400 3738 2672 3805 mprobos.
2694 3739 2801 3795 Sed
2824 3757 3012 3811 quare,
3032 3743 3254 3809 fratres.

1675 3821 1752 3875 ait
1781 3822 1965 3890 hodie,
1997 3839 2120 3879 cum
2187 3825 2241 3879 in
2297 3835 2456 3882 nocte
2495 3837 2656 3885 natus
2708 3833 2780 3886 sit
2809 3831 3096 3888 Christus?
3117 3836 3249 3902 Quia

1673 3929 1794 3969 eam
1824 3926 2040 3971 noctem
2068 3929 2411 3974 sacramento
2442 3921 2747 3976 nativitatis
2773 3935 2885 3977 sua:
2913 3924 3250 3994 splendidam

1673 4006 1922 4062 Christus
1957 4009 2192 4064 reddidit
2221 4021 2276 4065 et
2300 4011 2619 4078 solemnem,
2640 4013 2796 4085 juxta
2823 4019 2963 4087 quod
2987 4019 3247 4089 scriptum

1666 4107 1756 4154 est
1785 4113 1800 4152 :
1828 4097 1895 4153 Et
1924 4115 2028 4154 nea:
2045 4102 2179 4155 sicut
2203 4102 2313 4158 dies
2341 4101 2745 4160 illuminabitur.
2767 4106 2833 4161 Et
2857 4124 2962 4163 nox
2981 4108 3255 4165 illumina-

1673 4193 1746 4246 tio
1774 4208 1888 4247 mea
1920 4194 1974 4248 in
2001 4193 2202 4249 deliciis
2233 4198 2360 4250 meis
2392 4195 2564 4266 (Psal.
2596 4203 2883 4269 cum“).
2914 4201 2972 4255 lu
3026 4200 3245 4257 civitate

1673 4285 1844 4341 David
1871 4286 1994 4344 ideo
2013 4289 2233 4354 dicitur,
2260 4299 2321 4343 ut
2353 4293 2670 4346 ostendatur
2691 4306 2820 4348 vere
2845 4292 3092 4350 Christus
3126 4309 3249 4351 essu

1667 4374 1764 4442 qui
1798 4375 1850 4429 in
1881 4374 2194 4432 Bethlehem
2221 4379 2519 4434 secundum
2555 4381 2847 4450 prophetas
2894 4393 3014 4437 erat
3064 4385 3249 4441 nasci~

29 4467 230 4525 Sinistus
266 4473 504 4527 revelari
555 4473 880 4537 ostenditur,
913 4489 1036 4529 cum
1081 4475 1279 4529 dicitur
1310 4493 1322 4528 :
1359 4473 1427 4530 Et
1453 4493 1568 4531 ecce
1601 4471 1649 4532 D
1677 4474 1852 4524 ωΐυδο
1884 4467 1992 4524 δθά
2022 4469 2144 4539 il"in
2172 4468 2342 4526 Ῑυιίτθί
2369 4472 2521 4543 είεηίι
2551 4473 2961 4541 Fid-"misum"
2990 4475 3252 4545 ³³8⁸1³⁵³

29 4564 195 4630 tngelus
215 4564 430 4621 Domini
451 4567 595 4622 stetit
619 4569 776 4638 juxta
807 4567 946 4634 illos,
970 4579 1017 4624 et
1048 4568 1271 4624 claritas
1298 4571 1414 4643 ejus
1454 4572 1566 4643 (ιὲ)

29 4649 326 4716 ‘ircumfttlst't
372 4655 522 4710 illos.
577 4655 743 4722 Bene,
781 4655 1005 4726 fratres,
1064 4659 1287 4729 angelus
1313 4663 1566 4717 nuntians

30 4743 321 4799 nativitatem
384 4745 597 4801 Christi
653 4748 868 4804 stetisse
937 4749 1151 4820 legitur.
1203 4750 1365 4806 Stare
1420 4753 1564 4808 enim

30 4837 333 4902 mgnantium
354 4851 468 4894 est.
518 4837 586 4894 Et
615 4838 704 4894 ille
740 4841 1079 4897 nativitatem
1129 4845 1247 4911 ejus
1275 4847 1566 4902 nuntiabat

29 4924 84 4990 [ni
124 4942 304 4984 aereas
330 4939 638 5001 potestates
685 4932 955 4988 debellare
983 4934 1250 4991 veniebat.
1307 4936 1400 4993 ille
1436 4946 1567 4994 Vero

30 5020 220 5086 uigelus,
249 5022 342 5091 qui
395 5019 520 5089 ejus
559 5026 1004 5080 resurrectionem
1051 5026 1342 5094 nuntiavit,
1405 5043 1567 5101 super

29 5111 210 5178 apidem
244 5112 558 5170 revolutmn
586 5114 742 5181 sedit,
781 5117 904 5186 quia
965 5119 1206 5186 profecto
1242 5119 1394 5177 illum
1425 5137 1567 5175 nun-

30 5201 172 5268 iabat,
201 5206 292 5274 qui
316 5205 434 5274 jam
460 5206 636 5261 victor
659 5207 882 5262 sedebat
926 5207 1070 5264 Bene
1100 5220 1154 5265 et
1179 5211 1402 5282 angelus
1428 5213 1567 5268 nati-

37 5290 164 5349 itatis
197 5299 423 5354 nuntius
469 5297 686 5353 stetisse
713 5299 866 5366 juxta
906 5309 1152 5370 pastores
1209 5312 1565 5371 memoratur,

30 5383 110 5438 ’uia
131 5387 380 5446 videlicet
401 5388 684 5447 Christum
714 5403 884 5460 prepe
906 5400 962 5445 et
998 5392 1294 5464 propitium
1319 5393 1440 5450 ﬁeri
1464 5394 1566 5452 ho-

31 5477 212 5535 ﬁnibus
249 5493 349 5552 per
370 5495 597 5538 carnem
647 5491 700 5537 et
733 5483 1160 5551 misericordiam
1193 5487 1564 5550 denuntiabat,

31 5580 131 5624 ista
187 5572 317 5630 illud
363 5589 380 5629 :
439 5569 616 5642 Prope
663 5575 898 5628 timentes
947 5589 1065 5629 eum
1115 5573 1351 5630 salutare
1402 5577 1566 5647 ipsius

59 5715 161 5785 (l2)
202 5716 365 5787 Vulg.
403 5679 525 5774 Dei.
917 5777 928 5796 η,

379 5815 660 5876 ΡΑι-ιιοι..
726 5813 891 5876 CLV.

1677 4555 1746 4614 Et
1774 4561 1872 4615 hoc
1894 4562 2036 4615 vobis
2063 4564 2269 4631 signum
2307 4576 2325 4614 :
2352 4562 2632 4619 Invenietis
2661 4566 2916 4634 infantem
2941 4569 3132 4636 pannis
3161 4570 3249 4623 in-

1672 4651 1930 4718 uolutam,
1961 4665 2011 4707 et
2041 4655 2266 4724 positum
2306 4657 2360 4710 in
2407 4659 2680 4726 prwsepia.
2713 4658 2791 4714 Ac
2817 4657 2860 4713 si
2891 4658 3095 4714 diceret
3121 4675 3135 4713 :
3167 4661 3244 4716 Ex

1673 4745 1778 4799 hoe
1832 4746 2057 4816 potestis
2086 4749 2318 4820 probare
2367 4748 2509 4818 quod
2535 4749 2680 4814 dico,
2711 4763 2834 4805 cum
2881 4749 3249 4821 cognoveritis

1670 4850 1793 4894 esse
1821 4851 1947 4893 vera
1986 4847 2042 4895 et
2099 4839 2345 4897 absentia
2393 4855 2515 4911 qua:
2555 4841 2764 4906 nuntio,
2819 4850 2871 4896 et
2905 4839 3085 4898 futura
3120 4860 3241 4916 quze

1671 4927 1926 4996 praedico,
1954 4938 2171 4995 ut,cum
2198 4945 2286 4986 me
2315 4943 2560 4986 veracem
2583 4929 2636 4986 in
2669 4931 2758 4986 his
2775 4935 3157 5004 cognoveritis,
3186 4937 3238 4992 in

1670 5019 1888 5075 caeteris
1905 5031 2121 5090 quoque
2146 5035 2232 5075 me
2262 5035 2510 5076 veracem
2537 5034 2658 5076 esse
2690 5035 2796 5074 non
2843 5023 3125 5081 dubitetis.
3159 5025 3249 5081 δῖα

1672 5123 1835 5180 gnum
1895 5123 2024 5164 vero
2075 5109 2295 5180 angelus
2351 5110 2404 5163 in
2453 5109 2757 5169 humilitate
2818 5120 2873 5166 et
2928 5125 3249 5184 paupertate

1671 5199 1874 5258 Christi
1898 5201 2102 5272 posuit,
2122 5209 2179 5255 ut
2207 5201 2606 5259 demonstraret
2628 5204 2782 5259 nobis
2812 5219 2910 5276 per
2926 5221 3048 5277 qua:
3070 5207 3218 5264 salva
3245 5249 3248 5251 λ

1671 5307 1875 5361 remur,
1904 5303 1961 5350 et
1986 5307 2108 5365 quae
2132 5292 2332 5349 imitari
2355 5291 2639 5350 debemus.
2667 5293 2959 5367 Ceterum,
2987 5315 3054 5355 ne
3096 5309 3240 5356 atte-

1669 5387 1835 5442 statiu
1862 5387 2020 5441 unius
2051 5383 2224 5458 angeli
2258 5384 2589 5442 insuﬂieiens
2627 5386 2922 5454 videretur,
2956 5403 3064 5446 non
3102 5393 3242 5446 duo-

1670 5493 1788 5532 rum
1812 5485 2022 5532 tantum
2047 5477 2390 5549 subiungitur
2414 5477 2496 5534 vel
2537 5481 2701 5536 trium
2731 5481 3123 5547 testimonium,
3149 5484 3244 5536 sed

1664 5572 1830 5627 etiam
1871 5572 2180 5640 multorum,
2209 5585 2334 5627 cum
2359 5571 2600 5628 dicitur:
2632 5570 2698 5626 Et
2734 5571 2872 5626 facta
2895 5585 2969 5628 est
2999 5590 3118 5626 cum
3143 5590 3244 5625 utt-

2970 5809 3051 5872 55
