3820 6312
480 367 619 421 ιτοι
690 435 692 438 ν

476 488 608 553 gelo,
631 502 859 541 concors
891 485 1097 542 scilicet
1121 487 1172 540 in
1197 486 1585 549 testimonium,
1607 484 1889 540 multitudo
1914 489 2052 540 mili-
2079 491 2127 548 Α

477 579 562 628 tiu-
587 577 806 631 celestis
841 578 1176 633 laudantium
1205 577 1405 643 Deum,
1436 588 1482 630 et
1513 578 1800 631 dicentium
1833 575 2056 633 :Gloriu

475 669 529 720 in
561 666 836 725 altissimis
883 670 1010 737 Deo,
1060 670 1189 725 etin
1229 681 1368 724 terra
1411 685 1516 738 pax
1555 668 1858 724 hominibus
1908 671 2058 725 bona

475 748 778 816 voluntatis.
829 761 908 816 Ac
962 763 1006 818 si
1064 762 1313 816 diceret:
1349 760 1424 814 Ex
1487 759 1772 816 nativitate
1826 760 2054 826 Christi,

477 853 619 908 Deus
645 853 714 908 ab
743 853 1021 909 altissimis
1051 853 1340 907 virtutibus
1369 852 1700 923 glorificatur
1729 862 1782 906 et
1821 851 2051 908 benedi-

477 945 638 1005 ritur.
671 961 735 1000 eo
765 946 908 1015 quod
935 943 1088 999 ruina
1113 944 1354 1015 angelica
1386 960 1451 998 ex
1485 943 1827 1011 reparatione
1877 942 2057 998 homi-

479 1039 562 1090 nis
588 1037 886 1108 suppletur,
909 1044 963 1090 et
991 1051 1093 1105 pax
1118 1043 1172 1090 et
1198 1033 1566 1089 reconciliatio
1599 1051 1718 1087 cum
1747 1033 1855 1088 Deo
1882 1034 2054 1088 homi-

478 1130 638 1183 nibus
669 1129 820 1182 bona:
850 1127 1140 1182 voluntatis
1165 1126 1456 1196 prtebelur.
1484 1125 1603 1180 Non
1644 1135 1823 1179 autem
1862 1125 1938 1180 ait
1958 1126 2054 1180 ho-

477 1220 712 1274 minibus
742 1219 892 1274 bona:
923 1219 1282 1288 operationis,
1303 1221 1429 1290 quia
1478 1219 1616 1274 bona
1657 1220 1901 1289 operatio
1933 1221 2054 1275 sine

475 1312 610 1365 bona
642 1311 915 1366 voluntate
949 1328 1052 1366 non
1079 1311 1292 1367 sufﬁcit.
1325 1312 1469 1367 Bona
1499 1330 1626 1368 vero
1655 1314 1902 1368 voluntas
1932 1314 2050 1367 sine

471 1406 613 1457 bona
642 1405 981 1472 operatione,
1013 1406 1055 1458 si
1115 1404 1346 1460 facultas
1372 1405 1542 1469 deest,
1567 1405 1816 1460 suiIicere
1855 1412 2050 1476 potest.

474 1494 678 1566 itaque,
709 1497 904 1552 fratres
934 1498 1060 1561 tnei,
1093 1498 1138 1552 si
1168 1497 1394 1552 multum
1426 1499 1699 1559 laborare.
1724 1498 1767 1551 si
1823 1496 2052 1552 multtnn

386 1665 388 1668 ν
476 1589 681 1657 largiri,
709 1588 758 1644 si
787 1591 1012 1644 multtnn
1031 1587 1279 1657 jejunare
1311 1605 1416 1644 non
1445 1589 1691 1658 potestis,
1718 1587 1908 1643 saltem
1955 1588 2052 1643 ha-

476 1680 648 1732 liratis
689 1680 883 1734 bonam
933 1679 1284 1743 voluntatem,
1317 1695 1436 1750 qua:
1483 1678 1527 1734 si
1563 1689 1811 1748 prompta
1863 1677 2052 1741 fuerit,

475 1771 842 1837 proculdubio
870 1786 966 1840 pro
992 1769 1133 1825 facto
1162 1771 1519 1841 reputabitur.
1539 1769 1654 1824 Non
1685 1769 1830 1824 enim
1861 1777 2056 1837 pensat

474 1859 619 1918 Deus
653 1870 915 1930 quantum
942 1859 1062 1929 quis
1086 1858 1298 1925 offerat,
1332 1860 1428 1914 sed
1457 1875 1522 1914 ex
1555 1869 1775 1930 quanto.
1794 1857 2053 1928 lic-lique.
2083 1843 2127 1898 Β

476 1962 601 2009 runt
641 1954 852 2032 quippe
909 1953 1103 2008 Petrus
1151 1962 1207 2008 et
1262 1951 1508 2007 Andreas
1559 1967 1748 2006 navem
1808 1960 1857 2004 et
1915 1951 2049 2006 retia

473 2046 690 2114 t_.llatth.
745 2050 842 2110 tv),
871 2055 926 2100 et
965 2045 1144 2100 omnia
1181 2044 1464 2113 reliquisse
1491 2042 1794 2111 judicantut
1830 2041 2048 2112 (Matth.

472 2141 612 2206 xu).
641 2137 848 2194 Obtulit
874 2137 1029 2191 vidua
1061 2135 1263 2190 minuta
1294 2136 1422 2201 duo,
1449 2144 1508 2190 et
1534 2135 1792 2189 divitibus
1819 2133 2050 2189 multum

470 2231 826 2286 otfereutibus
861 2227 1146 2299 praefertur
1169 2225 1322 2296 (Luc.
1347 2225 1485 2296 nt).
1513 2223 1823 2280 Oll‘eramus
1847 2235 1902 2280 et
1929 2239 2051 2289 nos,

471 2324 693 2386 fratres,
723 2320 864 2390 quod
895 2321 1182 2392 possimus,
1222 2325 1275 2372 et
1315 2317 1360 2371 si
1389 2331 1499 2370 non
1533 2315 1795 2370 habemus
1827 2313 2053 2370 faculta-

473 2425 606 2474 tem,
635 2410 824 2464 saltem
856 2407 1150 2463 offeramus
1177 2407 1375 2463 bonam
1403 2403 1760 2468 voluntatem,
1791 2404 2050 2473 quoniam

473 2503 733 2555 uativitas
761 2499 964 2556 Christi
1000 2498 1091 2554 dat
1129 2513 1318 2567 pacem
1347 2494 1660 2550 lmtninibus
1689 2495 1836 2549 bona
1865 2494 2053 2550 volun-

476 2592 624 2647 tatis.
659 2592 829 2660 Quam
865 2591 976 2659 ipse
1011 2589 1166 2644 nobis
1220 2588 1504 2659 largiatur,
1529 2586 1620 2656 qui
1673 2586 1938 2640 hodierna
1969 2584 2054 2639 die

471 2703 570 2755 pro
597 2685 750 2741 nobis
778 2686 843 2739 tle
875 2683 1094 2755 Virgine
1123 2683 1274 2738 nasci
1306 2682 1558 2752 dignatus
1585 2691 1691 2745 est,
1712 2677 1867 2733 Jesns
1899 2676 2055 2732 Chri-

471 2793 589 2831 stus
643 2777 902 2832 Dominus
942 2785 1148 2840 noster,
1202 2774 1296 2844 qui
1347 2789 1472 2828 cum
1527 2770 1691 2827 Patre
1743 2782 1797 2825 et
1847 2769 2052 2841 Spiritu

472 2881 661 2926 sancto
693 2872 822 2924 vivit
847 2879 899 2925 et
930 2881 1118 2940 regnat
1145 2868 1286 2922 Deus
1318 2882 1415 2936 per
1437 2865 1621 2921 omnia
1654 2865 1850 2921 sa-cula
1886 2879 2057 2921 Stccu-

473 2963 667 3016 larum.
685 2964 877 3016 Amen.

1043 3049 1320 3108 llOMlLl.\
1380 3047 1490 3104 Xll.

498 3203 500 3206 ,
1007 3158 1056 3196 ts
1093 3156 1285 3197 mrsu
1321 3155 1520 3196 uomat.

503 3309 506 3312 ἢ
548 3237 611 3289 lu
666 3235 924 3307 principio
977 3245 1086 3289 erat
1126 3231 1344 3288 Verbum
1391 3231 1575 3303 (Joan.
1615 3229 1674 3299 ι),
1729 3239 1786 3286 et
1832 3231 2060 3302 reliqua.

471 3327 698 3392 Merito,
744 3325 938 3381 fratres
998 3323 1346 3398 charissimi,
1401 3321 1636 3378 Joannes
1690 3322 1964 3393 apostolus
2011 3331 2066 3378 et

470 3419 824 3490 evangelista,
857 3417 1185 3488 Boanergcs,
1215 3415 1266 3470 id
1299 3424 1382 3472 est
1411 3415 1558 3485 ﬁlius
1584 3414 1826 3479 tonitrul,
1858 3429 2067 3470 nuncu-

474 3497 860 3581 patttl‘ldlut'c.
894 3508 1020 3579 tu);
1052 3517 1164 3565 tum
1202 3507 1328 3577 quia
1376 3507 1431 3562 in
1481 3517 1662 3563 monte
1699 3523 1820 3562 cum
1861 3506 2066 3564 Iacobo

475 3604 639 3656 fratre
657 3618 754 3656 suo
771 3613 823 3656 et
847 3600 1028 3666 Petro,
1055 3600 1259 3656 audivit
1279 3616 1462 3656 vocem
1483 3600 1658 3655 Patris
1685 3617 1844 3670 super
1867 3600 2063 3657 Filium

414 3695 420 3700 ’
475 3697 806 3749 intonantem
833 3711 845 3746 :
881 3693 979 3746 llic
1015 3702 1090 3747 est
1116 3691 1288 3746 Filius
1316 3709 1460 3748 meus
1489 3692 1708 3746 dilectus
1731 3693 1782 3746 iu
1803 3709 1905 3764 quo
1935 3693 2064 3747 mihi

471 3770 1002 3856 complacniﬂlatth.
1045 3786 1201 3853 xvn),
1249 3793 1364 3839 tum
1418 3785 1543 3854 quia
1586 3785 1653 3839 de
1691 3786 2064 3842 cowternitate

470 3877 709 3951 ejusdem
736 3876 894 3932 Verbi
923 3889 1044 3930 cum
1084 3873 1246 3929 Patre
1290 3875 1371 3930 sic
1414 3875 1520 3930 alte
1557 3875 1754 3930 meruit
1790 3877 2060 3932 intonare.

471 3969 640 4024 Filius
669 3968 830 4040 igitur
882 3967 1102 4022 tonitrui
1145 3976 1229 4022 est
1265 3968 1356 4038 qui
1396 3968 1484 4023 hic
1527 3968 1789 4039 loquitur,
1820 3977 1874 4023 et
1925 3967 2064 4023 toni-

473 4070 653 4128 truum
682 4069 760 4114 est
793 4059 937 4129 qttod
988 4057 1247 4129 loquitur.
1287 4058 1422 4114 Nam
1470 4059 1752 4126 altissime,
1791 4059 2062 4115 obscuris-

472 4151 874 4220 sime,c(elitus,
900 4152 1007 4206 imo
1036 4150 1416 4222 supercmlitus
1445 4150 1702 4222 loquitur.
1738 4150 2060 4207 Universum

471 4241 670 4312 quippe
713 4240 1084 4308 intellectum,
1124 4255 1230 4296 non
1277 4239 1450 4298 solum
1500 4241 1820 4306 humanum,
1861 4241 1957 4296 sed
2007 4249 2062 4296 et

471 4331 776 4402 angelicum
827 4333 1211 4402 superexccllit
1251 4333 1396 4402 quod
1437 4332 1694 4402 loquitur.
1746 4331 1899 4387 Unde
1953 4349 2058 4388 non

474 4427 744 4505 imnterito
781 4426 833 4482 in
881 4425 1051 4496 figura
1090 4437 1324 4497 quatuor
1371 4425 1707 4492 animalium,
1732 4423 1929 4496 aquila:
1966 4440 2061 4480 vo-

1473 367 1810 423 ADllENllA.
1849 399 1914 408 -—
1953 365 2300 426 ιιΑλῡυιΡξιι
2341 367 2684 426 ABDEMS

3566 383 3652 437 ιτω

2159 485 2307 540 davit
2349 485 2532 558 (Joan.
2566 491 2704 554 six),
2732 504 2986 560 quoniam
3017 491 3334 547 familiarius
3359 500 3405 546 et
3429 494 3658 561 profundius

2159 579 2372 634 ueteris
2419 593 2519 636 sua‘
2561 591 2770 637 secreta
2808 583 2857 638 ei
2909 584 3187 639 revelavit.
3227 586 3386 655 Igitur
3423 587 3537 642 sicut
3556 591 3658 647 3!th-

2158 669 2295 725 sime
2331 671 2531 726 volavit
2555 687 2732 743 penna
2762 674 3000 740 virtutis,
3039 677 3117 731 sic
3140 676 3396 732 altissime
3428 679 3539 731 vidit
3557 684 3660 736 oculo

2155 763 2654 833 contemplationis,
2675 765 2752 820 sic
2789 765 3056 822 altissime
3094 767 3328 822 intonuit
3365 768 3508 823 verbo
3527 776 3664 836 praui.

2156 852 2406 906 cationis.
2436 851 2544 907 Nec
2579 853 2843 910 duntaxat
2896 869 3126 913 caeteros
3163 856 3516 928 evangelistas,
3538 874 3664 914 venum

2155 941 2319 996 etiam
2366 945 2606 1012 seipsum
2653 949 3061 1016 supergreditur
3114 957 3170 1002 et
3220 949 3532 1017 supervolat,
3562 951 3668 1018 juxta

2099 1101 2106 1104 _
2156 1037 2299 1103 quod
2324 1034 2392 1087 ab
2423 1034 2707 1090 Ezechiele
2725 1038 2926 1092 dictum
2950 1050 3034 1093 est
3067 1057 3080 1092 ;
3107 1037 3322 1102 Facies,
3343 1039 3514 1108 inquit,
3533 1041 3670 1106 aquila

2155 1127 2377 1196 desuper
2402 1127 2634 1195 ipsorum
2673 1139 2902 1198 quatuor
2923 1129 3142 1199 (Ezech.
3169 1141 3232 1199 ι).
3259 1129 3391 1184 Cum
3422 1130 3541 1183 enim
3567 1133 3674 1198 squi-

2155 1203 2288 1280 lam,
2335 1233 2442 1272 non
2494 1218 2668 1274 solum
2715 1220 2918 1283 tribus,
2959 1224 3054 1276 sed
3102 1230 3158 1275 et
3197 1231 3430 1290 quatuor
3471 1219 3675 1278 describat

2157 1323 2460 1380 superesse,
2505 1325 2629 1366 eum
2679 1312 2868 1382 procul
2936 1313 3100 1368 dubio
3148 1327 3256 1368 non
3315 1311 3477 1367 solum
3513 1322 3679 1368 ceteros

2157 1405 2544 1475 evangelistas,
2577 1405 2672 1459 sed
2716 1414 2772 1460 et
2818 1406 3056 1475 seipsnm
3092 1406 3343 1475 designat
3386 1405 3676 1474 supervolat-ta.

2157 1495 2452 1552 Enimvero
2483 1512 2602 1551 cum
2645 1497 2869 1566 loquens
2907 1499 2974 1552 de
3013 1509 3216 1553 mterna
3250 1495 3407 1552 Verbi
3447 1498 3677 1557 nativitate,

2155 1587 2392 1643 Joannes
2445 1589 2772 1643 intellectum
2826 1589 3136 1658 supervolet
3197 1589 3527 1651 universum,
3565 1604 3678 1641 suam

2154 1682 2316 1735 etiam
2359 1681 2692 1738 intellectmn
2736 1683 3068 1753 supervolat,
3105 1684 3232 1753 quia
3289 1683 3452 1737 sancti
3497 1681 3674 1749 Spiritus

2155 1771 2331 1837 gratia
2359 1769 2680 1836 illustratus,
2713 1770 2997 1840 plusquam
3027 1773 3192 1826 homo
3236 1781 3288 1826 et
3339 1772 3476 1825 videt
3505 1782 3549 1825 et
3578 1786 3680 1824 nso-

2155 1870 2267 1917 nat.
2322 1861 2457 1917 Huic
2506 1871 2797 1917 attestatur
2840 1872 2900 1918 ct
2951 1863 3085 1918 illud
3125 1860 3354 1934 apostoli
3403 1860 3572 1917 Pauli:
3601 1855 3679 1914 Nec

2153 1951 2359 2018 oculus,
2407 1953 2600 2022 inquit,
2655 1954 2804 2017 vidit,
2839 1969 2929 2007 nec
2976 1954 3124 2006 auris
3167 1951 3387 2011 audiuit,
3430 1952 3581 2006 neci»
3615 1969 3679 2004 σοι

2153 2045 2381 2100 hominis
2406 2045 2650 2098 ascendit
2681 2061 2800 2116 qua:
2841 2053 3106 2114 pra'parat
3137 2041 3278 2098 Deus
3304 2041 3598 2112 diligentibus
3626 2058 3676 2094 se.

2162 2134 2330 2190 Nobis
2356 2145 2529 2189 autem
2555 2133 2694 2188 Deus
2716 2134 2952 2189 reuelauit
2974 2151 3066 2202 per
3089 2133 3347 2202 Spiritum
3373 2149 3506 2186 suum
3527 2130 3570 2200 (Ι
3588 2127 3678 2185 Car.

2154 2230 2237 2300 ιι).
2271 2228 2349 2283 Ac
2377 2229 2421 2283 si
2460 2235 2657 2298 aperte
2680 2227 2825 2284 dicat
2853 2226 2994 2298 quod
3045 2225 3251 2296 Spiritu
3282 2235 3460 2278 sancto
3487 2223 3677 2277 illustrat

2157 2337 2324 2392 super
2394 2321 2692 2376 lutoanum
2753 2319 3086 2376 intellectum
3150 2316 3555 2386 contemplantur
3599 2312 3680 2382 jam

2157 2413 2444 2482 plusquam
2485 2411 2852 2483 speculantur.
2880 2411 3018 2466 Hinc
3056 2420 3113 2466 et
3156 2411 3273 2481 ipse
3318 2411 3675 2469 Dominus.cum

2157 2505 2550 2574 interrogasset
2581 2502 2874 2574 discipulos
2903 2517 3054 2568 suos,
3093 2503 3282 2556 dicens
3308 2516 3323 2554 :
3353 2499 3502 2566 Quem
3539 2499 3678 2550 dicunt

2161 2612 2272 2650 esse
2317 2597 2552 2650 homines
2607 2593 2809 2649 Filium
2859 2595 3086 2650 hominis
3135 2593 3355 2666 (Matth.
3394 2591 3595 2662 xvt)?et
3625 2590 3682 2643 illi

2159 2689 2424 2742 humanas
2447 2687 2730 2757 opiniones
2760 2685 3088 2749 retulissent,
3114 2687 3191 2740 ait
3230 2701 3246 2739 :
3281 2683 3380 2738 Vos
3405 2693 3554 2736 autem
3570 2699 3680 2750 qua

2159 2796 2241 2834 me
2271 2795 2381 2834 esse
2409 2779 2585 2833 dit-itit
2607 2781 2632 2833 ?
2669 2777 2860 2852 (lbid.)
2891 2781 2968 2834 Ac
3016 2779 3060 2834 si
3091 2777 3240 2834 dicat
3267 2797 3280 2832 :
3311 2776 3397 2832 Illa
3436 2777 3587 2829 dicunt
3611 2773 3688 2826 lto-

2160 2870 2336 2925 mines
2389 2880 2598 2924 tantum
2648 2871 2884 2925 humana
2935 2872 3243 2940 sapientes,
3289 2885 3380 2925 vos
3419 2871 3690 2937 autem,qui

2160 2975 2256 3030 per
2285 2962 2512 3028 gratiam
2537 2961 2710 3015 sancti
2744 2961 2982 3030 Spiritus
3009 2961 3295 3030 plusquam
3324 2959 3542 3014 homines
3568 2959 3696 3012 viale-

2162 3053 2251 3117 tis,
2275 3067 2438 3123 quem
2473 3069 2558 3108 me
2584 3068 2705 3108 esse
2735 3053 2947 3108 dicitis?
2971 3054 3062 3108 Sic
3095 3055 3258 3122 igitur
3287 3063 3458 3106 uester
3483 3050 3699 3120 spiritua-

2167 3145 2235 3200 ίλδ
2275 3145 2480 3214 πρυίιο,
2526 3153 2829 3200 creaturam
2877 3146 3235 3213 supervolans
3278 3140 3696 3206 universa.n,pxi-

2171 3251 2317 3290 tuum
2357 3238 2565 3291 intonat
2592 3235 2866 3291 Christum
2895 3246 3020 3290 ante
3047 3244 3292 3304 tempora
3323 3235 3423 3288 Deo
3446 3230 3566 3286 Patri
3586 3246 3710 3283 cott-

2168 3332 2579 3388 substantialcm
2612 3345 2768 3396 esse;
2810 3329 3068 3392 secundo,
3094 3343 3190 3399 per
3217 3344 3338 3382 etnn
3382 3326 3541 3382 omnia
3577 3323 3707 3378 facta

2168 3439 2326 3488 csse;
2358 3423 2540 3486 tertio,
2569 3437 2666 3492 per
2700 3421 2949 3476 emndem
2979 3420 3215 3475 hominis
3243 3420 3439 3474 ruinam
3467 3427 3716 3472 restaura-

2171 3521 2278 3566 tam
2307 3525 2444 3567 esse.
2473 3509 2713 3565 Primum
2752 3511 2914 3582 igitur
2940 3510 3216 3564 Christum
3243 3519 3364 3562 ante
3391 3507 3546 3561 omnia
3572 3515 3712 3558 lem-

2168 3621 2296 3676 pora
2319 3605 2428 3660 Deo
2451 3603 2596 3658 Patri
2617 3601 3128 3658 consubstantialem
3151 3616 3272 3656 esse
3290 3601 3497 3658 intonat.
3509 3598 3712 3652 dicens:

2239 3693 2303 3747 lu
2330 3695 2589 3765 principio
2632 3701 2744 3748 erat
2785 3689 3025 3745 Verbum.
3066 3692 3120 3746 In
3159 3692 3350 3760 quibus
3378 3689 3596 3744 verbiset
3627 3701 3724 3741 τι·

2170 3787 2302 3841 ritas
2350 3786 2673 3848 insinuatur,
2708 3794 2762 3838 et
2811 3783 3065 3840 haeretica
3111 3783 3322 3838 falsitas
3352 3782 3620 3853 jugulatut,
3667 3793 3726 3832 ει
3818 3782 3820 3836 !

2167 3878 2322 3934 istius
2345 3879 2686 3950 evangelista:
2717 3877 3200 3947 superescellentia
3242 3879 3623 3932 demonstratur-
3655 3870 3732 3926 Et
3818 3870 3820 3938 Ξ

2167 3971 2326 4026 inhis
2381 3973 2597 4041 quidem
2648 3973 2822 4028 verbis
2867 3971 3070 4026 veritas
3119 3971 3411 4026 insinuatur
3445 3965 3618 4029 urbis,
3681 3967 3730 4016 δί
3818 3971 3820 4024 ξ

2168 4076 2347 4120 tamen
2415 4069 2652 4137 ipsorum
2725 4067 3119 4138 transsumptio
3175 4063 3479 4126 verborum,
3518 4057 3734 4128 εβὶῐίιῖι

2167 4158 2473 4223 tevclante,
2525 4160 2680 4213 nobis
2745 4158 3030 4229 vigilanter
3089 4157 3409 4210 advertatur.
3456 4150 3508 4204 la
3543 4151 3740 4202 rebus

2164 4251 2362 4320 Quippe
2412 4249 2818 4320 temporalibus,
2857 4264 2953 4318 per
2989 4245 3348 4317 cognitionem
3383 4257 3535 4296 rerum
3555 4241 3738 4289 teni-

2166 4358 2284 4394 ums
2313 4342 2380 4396 ad
2409 4338 2772 4410 cognitionem
2813 4341 3051 4410 ipsorum
3081 4335 3459 4392 vocabulorum.
3493 4330 3537 4383 ln
3575 4330 3746 4384 divi-

2165 4448 2247 4487 nts
2274 4447 2402 4488 vero
2430 4449 2651 4488 necesse
2679 4439 2763 4487 est
2799 4448 2916 4500 nos,
2948 4447 3046 4502 per
3070 4431 3415 4501 cognitionem
3438 4421 3744 4478 vocabulo-

471 4522 624 4586 ianti,
655 4521 874 4577 altivolo
907 4520 1150 4577 videlicet
1181 4530 1235 4577 et
1271 4520 1506 4577 alturido
1532 4535 1641 4590 prae
1673 4518 1886 4576 caneris
1915 4517 2058 4598 γοιίιτ
2091 4531 2141 4594 ι)
2170 4543 2306 4594 rum,
2337 4527 2621 4596 pervenire
2666 4526 2734 4580 ad
2768 4524 3295 4595 quantulumcunque
3331 4515 3746 4586 intelligentiam

474 4614 572 4682 tili,
615 4624 984 4684 comparatur.
1029 4613 1224 4670 Caeteri
1275 4613 1474 4683 quippe
1529 4611 1918 4683 evangelista,
1965 4613 2058 4681 qui

477 4707 823 4783 temporalem
858 4705 1058 4763 Christi
1102 4705 1438 4761 nativitatem
1486 4714 1542 4759 et
1587 4703 1904 4774 temporalia
1941 4703 2061 4775 ejus

472 4811 767 4872 gestaquat
813 4798 978 4870 gessit
1031 4799 1083 4853 in
1129 4799 1368 4862 homine,
1401 4795 1730 4852 sullicienter
1759 4805 2057 4866 exponunt,

471 4905 525 4963 et
557 4897 623 4947 de
655 4893 942 4948 divinitate
966 4892 1084 4962 ejus
1123 4903 1293 4960 pauca
1319 4889 1592 4950 dixerunt,
1624 4888 1777 4957 quasi
1805 4887 2056 4942 animalia

474 4987 778 5057 gressibilia
807 5001 929 5041 cum
959 4985 1196 5046 Domino
1225 4983 1278 5036 in
1318 4989 1462 5047 terra
1499 4981 1798 5042 ambulant.
1837 4978 1936 5057 llic
1965 4995 2060 5034 au-

397 5130 406 5150 ,
480 5097 586 5136 tem
619 5096 790 5149 pauca
815 5079 882 5134 de
903 5075 1288 5148 temporalibus
1299 5074 1414 5144 ejus
1431 5073 1596 5145 gemis
1616 5074 1941 5138 edisserens,
1962 5073 2060 5146 sed

477 5170 777 5227 divinitatis
827 5168 944 5236 eius
990 5164 1286 5238 potentiam
1330 5167 1613 5223 sublimius
1664 5163 2060 5246 contemplans,

479 5281 601 5319 cum
633 5260 864 5330 Domino
893 5261 961 5316 ad
993 5261 1191 5316 caelum
1221 5259 1384 5334 volat.
1415 5260 1482 5316 Et
1518 5260 1641 5315 talia
1676 5258 1764 5314 tali
1791 5273 2059 5329 congrue-

475 5355 624 5417 bant,
656 5353 782 5423 quia
819 5369 1054 5425 namque
1083 5353 1226 5412 altus
1268 5363 1386 5420 erat
1422 5353 1551 5424 vita,
1576 5351 1716 5408 altus
1760 5351 1936 5421 lactus
1977 5358 2061 5424 est

477 5445 851 5516 intelligentia.
883 5447 1024 5514 altus
1060 5456 1116 5503 et
1145 5446 1410 5511 doctrina.
1451 5445 1606 5502 Altus
1645 5444 1910 5515 siquidem
1939 5450 2060 5498 erat

477 5540 606 5604 vita,
644 5540 898 5610 quoniam
941 5541 1094 5610 virgo
1123 5549 1208 5597 est
1244 5540 1449 5597 electus
1476 5555 1505 5593 a
1532 5538 1780 5603 Domino,
1803 5535 2061 5607 quoniam

475 5648 586 5702 pra:
640 5634 848 5689 caneris
900 5632 1129 5689 dilectus
1173 5642 1257 5688 est
1302 5650 1332 5687 a
1373 5632 1622 5695 Domino,
1677 5629 1932 5700 quoniam
1969 5642 2060 5681 sn-

438 5764 444 5770 .
476 5739 570 5800 pra
609 5735 794 5794 pectus
821 5723 1031 5780 Domini
1058 5723 1378 5779 recumbens
1403 5723 1584 5794 (Joan.
1611 5721 1723 5792 xm)
1746 5719 1907 5775 altius
1933 5719 2062 5774 hau-

475 5818 572 5882 sit,
601 5801 855 5890 quoniam
893 5816 1164 5888 Virginem
1213 5826 1438 5871 matrem
1466 5815 1517 5870 ei
1560 5812 1751 5884 virgini
1781 5823 2056 5868 commen-

2166 4632 2368 4672 rerum.
2414 4615 2471 4672 Si
2510 4617 2654 4672 enim
2694 4617 2761 4672 de
2804 4617 3092 4688 incognitis
3134 4617 3288 4668 rebus
3326 4627 3409 4681 per
3445 4607 3748 4675 ittwgniza

2165 4710 2383 4772 notnina
2414 4709 2569 4764 nobis
2597 4725 2776 4765 sermo
2804 4709 2977 4773 licrel,
3006 4707 3152 4762 nulla
3180 4707 3328 4762 nobis
3353 4699 3570 4757 eruditio
3607 4715 3756 4764 ιιι-ῖ-

2165 4801 2394 4855 veniret.
2433 4799 2559 4856 lude
2612 4815 2830 4856 necesse
2875 4799 2975 4854 fuit
3006 4797 3285 4868 theologis,
3314 4795 3489 4866 cognita
3534 4806 3755 4844 ritum

2164 4894 2546 4968 cogniturum,
2594 4909 2660 4949 ex
2717 4893 2895 4964 aliqua
2939 4891 3304 4946 similitudinis
3350 4883 3760 4957 proportione,

2166 4983 2420 5039 vocabula
2457 4992 2720 5047 mutuare,
2752 4993 2807 5038 et
2851 4983 2930 5039 sic
2970 4999 3066 5052 per
3099 4983 3307 5054 cognita
3335 4973 3592 5032 Vocabula
3649 4974 3761 5027 ali-

2163 5077 2478 5148 quantulam
2503 5079 2787 5148 incognita:
2808 5078 2882 5132 rei
2906 5077 3260 5148 cognitionem
3286 5073 3418 5128 nobis
3437 5069 3768 5153 insinuare.

2167 5168 2304 5241 Cum
2330 5169 2492 5240 igitur
2522 5171 2633 5226 haec
2660 5171 2899 5236 nomina,
2929 5169 3122 5234 Filius,
3155 5168 3390 5228 Verbum,
3422 5161 3766 5246 ξριειιὼτ.

2164 5261 2478 5333 Speculum,
2501 5274 2557 5322 et
2583 5264 2913 5337 huiusmodi,
2952 5265 3020 5320 ad
3059 5249 3770 5334 theologiam-transferan-

2165 5365 2276 5423 tur,
2302 5372 2460 5412 nemo
2487 5351 2640 5427 putet
2666 5372 2728 5434 ea
2757 5357 3089 5413 inventionis
3112 5371 3237 5434 suae,
3257 5352 3323 5432 ibi
3347 5359 3536 5428 tenere
3567 5345 3772 5416 ᾤ’

2163 5445 2492 5516 l‘tcationem,
2541 5451 2636 5506 sed
2683 5464 2906 5505 causam
2952 5441 3394 5526 transsumptionis

2163 5542 2487 5613 investiget;
2515 5528 2614 5597 nec
2643 5542 2756 5613 ipsa
2787 5541 3238 5613 transsumptione
3257 5531 3568 5592 absolutam
3609 5529 3782 5586 εἰεί-

2161 5635 2439 5690 litudinem
2467 5634 2551 5690 vel
2581 5634 2981 5705 proportionem
3016 5647 3137 5688 esse
3169 5627 3419 5685 existimet.
3451 5617 3782 5690 quoniam

2162 5727 2497 5797 comparatio
2545 5736 2918 5781 creaturarum
2963 5725 3031 5780 ad
3076 5725 3358 5780 Creatorem
3398 5709 3614 5766 nulla
3661 5721 3785 5766 ε-

2163 5817 2270 5875 Sed
2298 5818 2595 5888 theologus,
2627 5817 2875 5889 qualibus
2901 5818 3075 5886 potuit
3104 5811 3316 5876 iudiciis,
3339 5805 3390 5861 de
3415 5817 3514 5860 τε
3561 5799 3788 5860 ἰηεέὲο
