3820 6312
172 333 286 400 mg
787 313 1100 382 uomere
1136 312 1204 380 IN
1237 314 1452 380 EPIST.
1483 313 1573 379 Et
1616 311 1874 378 tame.
1914 311 2056 378 bon
2088 320 2215 375 Nic.
2250 350 2320 362 .-
2341 311 2525 376 mas
2555 312 2599 377 ι.

3245 323 3393 390 Nili

166 452 245 518 δίη
295 446 430 509 ..οδες
471 442 659 511 eﬁ‘atus
707 455 810 496 est.
858 440 1033 512 Logos
1084 440 1270 514 (λόγος)
1320 439 1502 508 igitur,
1547 436 1696 492 Graec
1725 445 1773 500 Α
1802 433 2111 503 specialiter
2138 441 2237 496 est,
2268 416 2322 488 et
2359 445 2634 500 nunquam
2667 426 2770 501 fuit
2799 430 3011 488 velerit
3060 436 3388 518 invenimus.

161 565 286 612 eum,
315 557 402 614 pro
421 551 524 608 quo
554 549 652 590 nos
691 534 950 588 habemus
979 532 1220 618 verbum,
1256 530 1522 599 triplicem
1558 528 1701 599 gerit

164 629 590 712 signiﬁcationem.
623 624 904 696 Signiﬁcat
933 624 1077 679 enim
1119 619 1402 688 rationem,
1431 620 1700 692 signiﬁcat

162 740 207 787 et
241 723 437 782 verbum
483 716 644 773 corde
683 713 1025 785 conceptum,
1069 712 1338 782 signiﬁcat
1379 720 1435 768 et
1469 712 1696 768 Verbqu

155 816 408 889 prolatum.
449 807 616 862 Porro
671 803 848 876 iogos,
901 803 1015 859 sive
1050 796 1315 866 Verbum,
1371 815 1401 855 a
1454 799 1699 889 qualibet

150 885 348 966 istarum
374 897 736 970 acccpt‘ionum
779 895 912 951 satis
953 894 1340 949 convenienter
1402 885 1696 948 transumi-

155 1017 227 1058 tur
267 999 326 1055 ad
364 981 547 1051 Filium
599 980 695 1046 Dei
742 985 1176 1062 signiﬁcandum.
1227 981 1437 1043 Dicitur
1492 985 1695 1056 quippe

148 1084 311 1155 Filius,
337 1086 422 1143 Dei
445 1075 618 1155 logos,
652 1082 767 1138 sive
806 1069 946 1134 ratio
981 1067 1176 1142 Patris,
1205 1091 1269 1132 ea
1320 1077 1691 1148 proportione,

149 1183 390 1253 quoniam,
424 1176 561 1232 sicut
592 1165 730 1253 ratio
756 1180 840 1228 est
883 1170 984 1242 ipsi
1026 1166 1231 1225 homini
1277 1184 1480 1234 coazva,
1513 1168 1592 1225 sic
1639 1176 1695 1222 et

144 1288 231 1330 'suo
262 1271 405 1326 modo
424 1255 597 1322 Filius
643 1252 733 1318 Dei
780 1272 863 1318 est
912 1263 1021 1320 Deo
1061 1254 1212 1319 Patri
1259 1271 1582 1318 coaeternus.
1630 1259 1695 1318 Et

144 1359 262 1424 sicut
295 1364 445 1419 homo
471 1371 566 1430 per
609 1363 874 1416 rationem
919 1371 973 1415 et
1018 1359 1336 1429 sapientiam
1379 1372 1533 1412 suam
1563 1372 1692 1426 pru-

138 1453 307 1515 denter
345 1463 612 1524 operatur,
651 1453 726 1508 ita
770 1441 913 1507 Deus
951 1442 1112 1506 Pater
1152 1464 1248 1524 per
1291 1439 1487 1503 Filium
1531 1461 1688 1501 suum

139 1547 382 1618 sapienter
406 1549 660 1614 operatur
691 1541 960 1596 universa.
989 1529 1144 1595 Unde
1171 1547 1220 1594 et
1263 1539 1312 1593 ei
1343 1553 1439 1608 per
1464 1532 1690 1606 Sapien-

136 1643 232 1695 tem
255 1626 438 1691 dicitur
463 1651 477 1688 :
505 1631 698 1688 Omnia
743 1633 800 1686 in
845 1633 1103 1702 sapientia
1143 1630 1313 1700 fecisti
1343 1624 1515 1698 (Psal.
1546 1626 1688 1697 CIII).

134 1720 320 1786 Rursus
348 1736 400 1781 et
440 1741 470 1778 a
505 1727 670 1779 verbo
704 1732 881 1778 mente
929 1733 1189 1792 concepto
1235 1733 1341 1776 non
1391 1717 1688 1791 incongrue

1797 523 2066 580 Caeterum
2110 523 2322 593 quando
2351 521 2520 578 Deum
2543 521 2672 576 nulli
2702 524 2933 594 tempori
2959 514 3147 581 defore
3177 537 3234 582 et
3271 544 3391 584 om-

1801 620 1889 675 nia
1921 619 2309 676 transcendere
2341 628 2581 688 teIupora
2609 617 2920 690 signiﬁcare
2950 619 3218 691 volumus,
3251 638 3388 696 quo.»

1799 704 1946 768 niam
1979 711 2303 782 temporales
2325 724 2534 772 sumus,
2565 717 2619 764 et
2645 709 2762 766 sine
2784 709 3175 780 temporalibus
3201 710 3382 771 verbis

1800 795 1942 872 loqui
1977 814 2084 856 non
2117 809 2424 871 pessumus,
2453 809 2608 854 'extra
2667 800 3076 870 proprietatem,
3107 791 3384 871 praeterito

1797 901 1850 947 et
1879 889 2061 949 l‘utu‘ro
2088 895 2252 949 verbo
2314 892 2381 947 ad
2432 892 2755 962 loquendum
2807 892 2874 947 de
2920 887 3033 948 Deo
3088 893 3380 958 abutimur,

1795 978 1950 1040 Unde
1964 984 2198 1039 J‘Oannes
2226 1002 2240 1038 :
2269 983 2372 1050 Qui
2389 995 2518 1045 emt,
2545 996 2591 1037 et
2614 985 2704 1052 qui
2733 987 2827 1046 est,
2853 995 2900 1038 et
2927 985 3016 1056 qui
3040 996 3282 1040 venturus
3307 1000 3384 1042 est

1797 1075 1978 1145 (Apoc.
2008 1076 2108 1147 XI).
2150 1075 2416 1131 Similiter
2440 1083 2492 1129 rt
2521 1068 2761 1132 hic‘dicit
2792 1087 2807 1128 ἐ

1866 1165 1933 1220 1η
1974 1167 2231 1237 ρνὶη.-ἕρὶο
2275 1176 2388 1221 erat
2443 1166 2692 1224 Verbum.
2721 1164 3022 1238 Vigilanter
3048 1176 3230 1223 autem
3276 1183 3380 1223 non

1795 1257 1890 1323 ait,
1918 1258 2020 1328 fuit
2049 1259 2132 1314 vel
2159 1257 2352 1330 fuerat,
2378 1260 2474 1316 sed
2502 1260 2579 1316 ait
2605 1269 2738 1316 erat.
2768 1257 2901 1316 Fuit
2931 1260 3128 1332 quippe
3154 1269 3384 1332 praeur-

1794 1350 2016 1406 itiouem
2065 1350 2404 1422 perfectam;
2461 1352 2685 1423 fuerat,
2749 1355 3033 1426 plusquam
3084 1356 3382 1427 perfectam

1792 1438 2052 1505 Ostendit,
2080 1450 2136 1496 et
2155 1435 2279 1498 ideo
2303 1440 2482 1498 minus
2498 1436 2608 1499 Deo
2633 1445 2902 1516 congruit.
2924 1445 3056 1500 Iz'rat
3084 1455 3235 1531 Vero,
3251 1442 3380 1519 quia

1791 1529 2216 1602 prmteri‘tiouem
2269 1534 2832 1606 nondum'perl‘ectam
2862 1535 3129 1608 designat,
3152 1529 3216 1596 et
3241 1556 3380 1612 pra:-

1791 1624 1926 1681 senti
1963 1627 2189 1697 tempori
2221 1628 2391 1696 magis
2426 1627 2770 1699 coniunctum
2809 1639 2914 1692 est.
2973 1624 3378 1703 signiﬁcantius

1790 1716 2026 1785 positum
2083 1726 2187 1774 est.
2216 1713 2331 1773 Hoc
2357 1729 2536 1774 autem
2572 1718 2808 1775 Verbum
2864 1731 2985 1778 erat
3017 1717 3077 1776 in
3108 1718 3380 1797 principio

133 1817 458 1874 transumitut‘
485 1818 552 1870 ad
585 1815 780 1870 Filium
817 1810 910 1870 Dei
969 1805 1378 1885 designandum,
1403 1812 1684 1882 Quoniam,
1717 1785 1762 1840 Β
1787 1807 1900 1861 sive
1946 1808 2238 1879 temporis,
2268 1808 2382 1862 sive
2411 1816 2788 1864 creaturarum
2814 1818 2838 1875 ';
2891 1821 3101 1881 tempus
3126 1785 3302 1868 enim.
3322 1822 3381 1869 et

135 1915 252 1966 sicut
279 1911 488 1964 verbum
522 1913 702 1961 mente
739 1912 1054 1975 conceptum
1084 1915 1152 1958 ex
1184 1913 1364 1958 mente
1411 1903 1603 1967 oritur,
1633 1911 1687 1956 et

124 2018 236 2074 cum
285 2008 454 2055 mente
501 2005 704 2066 manet,
747 1996 827 2052 sic
873 2004 928 2051 et
971 2011 1070 2052 suo
1105 1995 1262 2049 modo
1298 1991 1470 2050 Filius
1495 1993 1590 2050 Dei
1619 2010 1684 2051 ex

129 2089 224 2149 Deo
244 2086 398 2148 Patre
418 2081 613 2154 oritur.
641 2100 840 2146 etcum
874 2098 941 2144 eo
968 2097 1147 2143 manet
1181 2102 1416 2158 semper.
1448 2079 1602 2143 Unde
1631 2089 1682 2144 ei

126 2203 212 2255 per
229 2179 558 2239 Psalmistam
583 2173 815 2238 dicitur:
832 2171 899 2235 in
921 2189 1193 2242 wternum,
1215 2171 1454 2247 Domine,
1475 2181 1684 2235 verbum

126 2289 252 2331 tuum
274 2283 537 2347 permanet
583 2275 638 2330 in
684 2273 809 2329 caelo
843 2270 1254 2344 (Psttt.cxvnI).
1301 2267 1511 2326 Rursus
1552 2281 1608 2326 et
1650 2287 1681 2326 a

123 2369 269 2426 verbo
307 2367 511 2436 prolato
562 2377 618 2424 et
663 2365 1017 2438 proportione
1071 2364 1434 2433 transumptio
1498 2363 1552 2418 ﬁt
1614 2364 1682 2420 ad

119 2451 292 2515 Filium
317 2459 430 2524 Dei,
461 2460 719 2530 quoniam
745 2449 886 2515 sicut
915 2457 1076 2512 homo
1103 2472 1170 2512 ex
1199 2471 1298 2512 ore
1321 2469 1421 2511 suo
1472 2455 1681 2526 profert

121 2553 343 2616 verbum,
366 2559 418 2605 et
439 2562 544 2621 per
574 2549 702 2605 illud
750 2565 903 2605 suam
942 2548 1064 2603 aliis
1087 2546 1401 2602 manifestat
1432 2543 1679 2601 voluntao

119 2645 232 2709 tem,
267 2654 315 2699 et
331 2658 432 2713 per
460 2643 777 2698 mandatqu
802 2642 949 2698 verbi
974 2642 1055 2695 sui
1087 2649 1364 2710 operatur,
1391 2634 1472 2697 sic
1501 2647 1555 2693 et
1578 2653 1679 2694 suo

114 2738 255 2793 melo
296 2735 436 2792 Deus
479 2731 648 2790 Pater
697 2750 763 2789 ex
787 2732 1086 2788 substantia
1124 2748 1219 2788 sua
1270 2731 1456 2802 genuit
1510 2731 1677 2786 Deum

111 2825 292 2885 Filum.
321 2824 436 2896 ipso
483 2823 628 2880 Filio
647 2823 726 2879 sic
761 2821 1122 2877 testiﬁcante;
1160 2811 1273 2891 Ego
1316 2817 1586 2887 Sapientia
1614 2835 1680 2874 ea:

106 2930 188 2969 ore
207 2910 376 2968 Patris
399 2914 578 2985 prodii
621 2913 966 2984 primogenita
1007 2922 1127 2966 ante
1150 2926 1352 2965 omnem
1382 2918 1678 2964 creaturam

112 3002 282 3073 (Ereti.
313 3005 488 3075 XXIV),
543 3014 600 3060 et
628 3019 727 3076 per
770 3004 942 3074 ipsum
985 3001 1146 3057 Pater
1190 3011 1480 3072 Operatur,
1535 3001 1676 3056 sicut

108 3098 314 3150 testatur
335 3094 622 3150 Psaltnista
654 3094 872 3148 dicens:
905 3083 1075 3148 Verbo
1104 3092 1316 3147 Domini
1335 3088 1450 3146 ειειί
1469 3083 1672 3161 ﬁrmati

103 3176 403 3255 sunt‘U’sa’I.
425 3183 628 3253 xxxI'I).
654 3180 726 3238 ‘Et
762 3199 858 3254 per
873 3185 1124 3238 eumdem
1152 3181 1346 3237 Filium
1377 3179 1538 3237 Pater
1582 3181 1676 3236 IIo-

105 3275 320 3330 Ininibus
347 3290 504 3330 suam
535 3271 850 3330 mauil‘estat
883 3275 1235 3339 voluntatem,
1283 3275 1398 3345 ip.o
1431 3271 1566 3329 Filio
1594 3274 1674 3330 sic

104 3367 312 3421 testante
338 3383 353 3421 :
392 3363 740 3436 Manifestavi
767 3383 951 3422 nomen
980 3377 1126 3420 tuum
1160 3359 1455 3420 hominibus
1487 3363 1668 3436 (Joan.

101 3457 239 3529 xm).
269 3457 401 3516 Satn
435 3474 659 3531 quoque
685 3460 907 3514 verbum
953 3460 1369 3522 substantivmn,
1402 3460 1594 3530 signiﬁ.
1616 3471 1673 3515 at

97 3551 441 3608 substantiam
479 3549 785 3621 simplicem
814 3559 868 3605 et
891 3551 1209 3606 solitariam.
1237 3547 1425 3605 Divina
1450 3566 1667 3622 quoque

93 3643 314 3697 essentia
344 3651 431 3700 est
453 3642 762 3700 substantia
815 3638 1044 3713 simplex
1074 3650 1130 3696 et
1151 3635 1413 3696 solitaria.
1446 3641 1510 3696 Et
1544 3638 1670 3696 sub-

99 3733 279 3786 stantia
301 3735 523 3804 quidem
548 3743 653 3797 est,
675 3734 930 3804 quoniam
961 3747 1047 3788 res
1077 3742 1160 3787 est
1197 3746 1292 3800 per
1317 3749 1375 3786 se
1405 3732 1665 3796 existens,

98 3832 266 3894 utpote
302 3840 425 3894 quae
478 3823 633 3880 nullo
659 3824 764 3880 alio
792 3822 1014 3896 indiget,
1042 3831 1236 3878 cuncta
1278 3836 1406 3876 vero
1457 3815 1561 3876 alia
1605 3838 1668 3878 ea

94 3914 320 3986 indigent
351 3916 420 3970 ad
459 3915 548 3971 sui
583 3909 966 3980 existentiam;
1000 3909 1223 3983 simplex
1251 3927 1378 3967 vero
1432 3922 1514 3967 cst
1550 3913 1668 3968 sine

88 4000 336 4073 partibus.
362 4013 420 4062 et
439 4008 563 4060 sine
587 4004 732 4060 omni
753 4003 1053 4060 formarum
1079 4002 1453 4066 concretione;
1483 4001 1663 4059 solita

91 4097 177 4162 ria,
198 4101 349 4153 etest
368 4097 493 4154 sine
516 4096 666 4154 omni
700 4096 995 4153 formarum
1014 4094 1334 4165 adiectione.
1349 4093 1500 4153 Licet
1521 4101 1664 4154 enim

89 4182 216 4245 Deus
244 4189 463 4246 dicatur
505 4205 647 4244 unus
667 4229 682 4253 ,
726 4201 906 4254 verus,
945 4188 1162 4259 sapiens
1187 4229 1201 4254 ,
1227 4186 1410 4256 justus
1437 4199 1490 4244 et
1519 4190 1662 4258 pius,

86 4288 250 4332 tamen
283 4279 471 4335 omnia
507 4279 626 4335 haec
673 4278 725 4333 in
755 4277 868 4333 Deo
896 4292 1002 4334 non
1039 4288 1164 4333 sunt
1186 4278 1463 4348 plura,sed
1499 4294 1664 4334 unum

82 4367 190 4423 hoc.
220 4367 360 4425 liinc
380 4379 468 4425 est
485 4368 634 4438 quod
665 4368 766 4423 hoc
787 4369 1008 4425 verbum
1053 4383 1172 4425 sum
1197 4408 1214 4436 ,
1257 4370 1428 4442 magis
1451 4372 1668 4441 pr0prie

1787 1907 2040 1953 creatura
2067 1908 2194 1954 sunt
2223 1908 2428 1955 coaa‘va.
2469 1898 2567 1954 Est
2607 1914 2738 1968 ergo
2771 1915 2839 1956 ac
2864 1901 2908 1956 si
2935 1901 3120 1964 dicat;
3147 1900 3207 1958 In
3234 1904 3380 1973 prius

1791 1988 1933 2060 cipio
1966 1991 2226 2060 temporis
2256 2007 2362 2046 non
2413 1991 2638 2060 inccepit
2668 2007 2789 2049 esse
2819 1985 3076 2059 Verbum,
3116 1994 3416 2066 quoniam.

1782 2089 1912 2136 ante
1936 2080 2261 2152 principium
2292 2084 2549 2153 temporis
2568 2093 2692 2139 erat
2724 2081 2980 2141 Verbum.
3000 2085 3160 2156 Quod
3188 2101 3376 2145 autem

1785 2171 1866 2228 sic
1898 2172 2228 2228 intellexerit
2273 2172 2629 2246 e‘vangelista,
2669 2177 2929 2246 probatur
2971 2193 3039 2234 ex
3083 2164 3379 2252 boc'quod

1783 2281 1881 2337 per
1909 2267 2050 2322 idem
2075 2265 2309 2323 Verbum
2335 2266 2477 2326 facta
2499 2268 2786 2327 conﬁrmat
2807 2271 3081 2328 universa.
3111 2265 3169 2330 Si
3215 2276 3362 2332 enim

1782 2369 1836 2415 et
1853 2372 2064 2429 tempus
2079 2370 2134 2416 et
2157 2373 2420 2417 creatura!
2449 2377 2639 2418 omnes
2661 2377 2760 2435 per
2784 2356 3012 2420 verbum
3038 2360 3197 2422 facta:
3220 2381 3370 2436 sunt,

1781 2458 1932 2521 patet
1957 2446 2148 2521 procul
2176 2450 2346 2507 dubio
2369 2447 2622 2524 quoniam
2652 2439 2842 2511 auctor
2881 2451 3159 2526 praecessit
3185 2460 3371 2514 omnia

1779 2538 1895 2612 ipsa
1923 2558 2043 2612 quae
2071 2542 2218 2597 fecit.
2253 2536 2408 2600 Unde
2458 2554 2513 2600 et
2541 2545 2596 2600 in
2649 2548 3002 2617 seQucntibIIs
3042 2548 3121 2604 sic
3154 2555 3277 2605 orat
3299 2551 3370 2606 ad

1775 2623 1998 2689 Patrem
2032 2651 2046 2689 :
2085 2631 2337 2702 Clariﬁca
2371 2654 2471 2703 me,
2496 2631 2824 2710 Pater,apud
2851 2631 3174 2710 temetipsum
3208 2643 3373 2698 cluri-

1778 2734 1884 2779 tate
1904 2741 2062 2796 quam
2080 2724 2242 2780 habui
2264 2725 2571 2797 priusquam
2593 2731 2821 2783 mundus
2836 2730 2988 2799 fieret
3005 2721 3187 2801 (Ioan.
3205 2733 3370 2804 xvtt).

1775 2813 1966 2887 Itaque
1991 2819 2134 2886 quod
2169 2819 2444 2888 praecessit
2487 2829 2650 2875 Omne
2681 2827 2917 2888 tempus,
2947 2830 3213 2879 aeternum
3263 2813 3365 2881 est.

1777 2899 1843 2961 Et
1866 2907 2008 2976 quod
2037 2899 2168 2962 iecit
2196 2918 2412 2964 Omnem
2441 2908 3019 2975 creaturam,Crcator
3049 2922 3154 2968 est.
3183 2911 3370 2972 Potest

1776 2998 1940 3053 etiam
1966 2999 2071 3055 dici
2104 3002 2358 3071 quoniam
2394 3003 2621 3058 verbum
2643 2997 2840 3060 eratin
2865 3006 3152 3077 pri..cipl0,
3184 3006 3237 3064 id
3262 3019 3369 3076 est,

1781 3091 1834 3146 in
1869 3090 2051 3148 Patre.
2085 3094 2214 3149 Erat
2237 3095 2402 3166 igitur
2437 3094 2666 3152 Verbum
2699 3097 2750 3152 in
2804 3098 2986 3165 Patre,
3024 3099 3352 3172 principium

1781 3182 1832 3238 in
1862 3185 2147 3256 principio.
2179 3185 2351 3243 Filius
2391 3187 2589 3259 quippe
2616 3204 2676 3244 se
2697 3189 2818 3246 esSe
2850 3184 3366 3264 pIiucipiutntesta-

1779 3285 1906 3345 tur,
1954 3279 2171 3348 quando
2239 3279 2602 3348 quaerentibus
2646 3274 2898 3338 Iudaeis:
2958 3283 3037 3338 Tn
3103 3287 3221 3357 quis
3272 3289 3368 3343 es!

1776 3364 1960 3437 (Joan.
2001 3367 2118 3440 vtII)
2159 3370 2810 3443 responditzPrincipium
2834 3373 2981 3445 quiet
3000 3374 3362 3446 loquoruobis.

1777 3456 1884 3512 Sed
1909 3453 2073 3512 'l’ater
2095 3467 2178 3514 est
2213 3458 2538 3530 principium
2571 3461 2688 3516 sine
2716 3461 3004 3532 principio.
3031 3455 3204 3521 Filius
3230 3481 3369 3521 vero

1775 3551 1915 3606 sicut
1938 3560 2018 3606 est
2050 3549 2194 3608 Deus
2217 3568 2284 3608 ex
2315 3554 2445 3620 Deo,
2477 3553 2551 3608 ita
2585 3563 2670 3608 est
2699 3551 3023 3625 principium
3054 3555 3123 3612 de
3153 3559 3362 3627 princi-

1775 3644 1891 3711 pio;
1916 3658 2016 3698 nec
2046 3652 2223 3698 tamen
2251 3645 2358 3700 duo
2379 3645 2665 3716 principia,
2690 3639 2784 3701 sed
2813 3660 2976 3701 unum
3009 3646 3358 3720 ptinet-ium.

1776 3732 1928 3792 Unde
1965 3738 2077 3807 ipse
2103 3726 2270 3793 Pater
2302 3737 2369 3791 ad
2411 3737 2606 3793 Filium
2637 3733 2878 3808 loquitur
2910 3756 2922 3792 :
2957 3733 3361 3814 Tecumpriuci-

1770 3828 1917 3895 pium
1945 3825 2270 3897 (ἠρήρει),
2297 3827 2555 3882 subaudis
2583 3837 2668 3883 est
2693 3823 2844 3882 Inibi.
2881 3828 3146 3884 Cancrum
3196 3829 3360 3886 Pater

1773 3920 1969 3974 dicitur
1996 3919 2318 4000 principium
2348 3919 2541 3990 triplici
2587 3919 2796 3976 ratione
2821 3962 2833 3974 .
2866 3920 2960 3975 Est
2983 3921 3129 3977 enim
3154 3924 3358 3993 princi-

1772 4013 1915 4083 pium
1948 4010 2067 4068 Fdii
2091 4029 2188 4084 per
2214 4013 2637 4086 generationem.
2661 4012 2757 4070 list
2782 4011 3104 4086 principium
3123 4014 3358 4088 Spiritus

1770 4119 1827 4157 sa
1837 4103 1940 4158 n‘cti
1957 4118 2050 4174 per
2065 4104 2209 4172 spira
2219 4094 2442 4158 tionem.
2464 4105 2554 4158 Est
2572 4115 2623 4158 et
2641 4096 2963 4176 principium
2976 4113 3356 4164 creaturarum

1771 4209 1866 4263 per
1895 4191 2252 4249 creationem.
2288 4193 2459 4250 Filius
2494 4206 2624 4248 vero
2666 4195 2865 4266 duplici
2901 4197 3112 4254 ratione
3156 4198 3358 4254 dicitur

1770 4279 2092 4356 principium
2125 4301 2139 4338 :
2175 4283 2269 4340 Est
2291 4285 2436 4340 enim
2462 4275 2811 4356 principium,
2854 4301 2977 4341 cunt
3007 4286 3188 4354 Patre,
3235 4289 3358 4360 Spi-

1772 4376 1909 4433 ritus
1972 4378 2148 4433 sancti
2203 4392 2300 4449 per
2349 4377 2724 4449 spiratiouem.
2780 4378 2874 4434 Est
2921 4387 2976 4434 et
3023 4380 3357 4450 principium

79 4453 276 4514 ueteris
318 4458 515 4514 ‘verbis
559 4459 627 4513 de
681 4457 791 4513 Deo
817 4458 1174 4540 praedicatur,
1220 4466 1278 4513 et
1332 4457 1568 4513 maxime
1607 4458 1660 4513 in

1787 4469 2147 4525 :rea’turarum
2172 4484 2268 4540 per
2294 4460 2648 4525 creationem.
2692 4467 2928 4540 Spixitus
2956 4485 3086 4526 vero
3133 4481 3356 4528 sanctus

76 4552 318 4620 przesenti
344 4559 621 4622 tempore.
653 4543 804 4605 Unde
831 4551 947 4620 ipse
972 4550 1113 4605 Deus
1142 4549 1208 4604 ad
1245 4544 1466 4621 Moysen
1503 4567 1518 4603 :
1553 4549 1662 4620 Ego

74 4649 178 4695 tum
198 4644 287 4714 qui
316 4661 462 4699 sunt.
498 4637 593 4698 Sic
621 4641 759 4697 dices
787 4640 913 4710 ﬁliis
935 4639 1106 4696 Israel
1127 4654 1146 4692 :
1180 4639 1283 4707 Qui
1305 4650 1380 4697 est
1412 4641 1553 4698 misit
1587 4658 1666 4696 me

74 4743 136 4795 ad
169 4761 255 4799 vos
303 4744 519 4816 (Exod.
549 4742 659 4816 III).
691 4742 769 4799 Ac
815 4743 860 4798 si
913 4751 1100 4814 aperte
1151 4742 1298 4799 dicat
1329 4761 1343 4798 :
1375 4742 1489 4813 Ego
1517 4742 1664 4800 solus

72 4849 190 4893 vere
235 4853 381 4894 sum.
437 4837 657 4894 Caetera
713 4835 914 4908 quippe
951 4836 1132 4893 omnia
1179 4838 1246 4892 ad
1299 4837 1664 4908 comparatio-

70 4945 182 4986 nem
228 4931 436 4987 divina:
466 4929 796 4986 aeternitatis
822 4945 926 4985 non
950 4939 1095 4994 sunt,
1129 4929 1386 5000 quoniam
1434 4943 1662 5000 genera.

69 5012 189 5076 tioui
208 5030 262 5076 et
297 5019 676 5092 corruptioni,
699 5028 988 5090 augmento
1017 5031 1074 5074 et
1101 5018 1472 5083 diminutioni,
1521 5017 1656 5074 alte.

66 5099 256 5169 rationi
300 5124 360 5170 et
401 5114 656 5168 locorum
706 5108 991 5165 mutationi
1018 5111 1259 5181 subjecta
1290 5117 1439 5172 sunt,
1471 5117 1526 5163 et
1570 5120 1656 5162 se-

62 5210 290 5280 cundum
325 5217 650 5276 temporum
693 5195 1073 5268 mutationem,
1101 5200 1367 5258 accedunt
1401 5209 1458 5256 et
1503 5213 1657 5255 recc-

60 5295 204 5356 dunt.
257 5298 431 5356 Solus
459 5312 600 5353 vero
632 5291 776 5354 Deus
807 5311 933 5351 vere
970 5303 1072 5359 est,
1106 5294 1358 5365 quoniam
1397 5299 1656 5357 aeternus,

56 5392 309 5468 quoniam
377 5383 770 5450 immutabilis,
833 5383 1087 5456 quomam
1145 5394 1361 5451 semper
1418 5394 1658 5451 praesens

53 5490 129 5536 est
157 5481 462 5548 Eternus,
506 5477 628 5536 sine
665 5477 933 5550 principio
975 5484 1030 5530 et
1074 5472 1221 5539 ﬁne;
1263 5472 1653 5538 immutabilis,

50 5572 160 5629 sine
182 5574 338 5630 omni
372 5581 636 5629 motuum
660 5569 959 5628 varietate;
992 5581 1207 5636 semper
1233 5580 1491 5634 praesens,
1536 5563 1654 5620 sine

49 5649 306 5732 truxporis
333 5661 668 5719 accessione
690 5657 770 5714 vel
800 5652 1123 5714 recessione.
1148 5657 1332 5727 Igitur,
1358 5652 1402 5712 si
1427 5657 1492 5712 ad
1517 5671 1654 5726 pra--

44 5741 272 5812 simiam
330 5753 674 5812 asternitatis
737 5751 931 5808 divina?
998 5746 1372 5821 respiciamus,
1436 5763 1650 5820 semper

1768 4577 1874 4616 uno
1919 4561 2291 4616 tantummodo
2339 4560 2541 4618 dicitur
2581 4562 2926 4634 principium.
2977 4564 3234 4632 quoniam
3265 4574 3357 4622 est

1767 4659 1930 4706 unum
1961 4650 2308 4722 principium,
2340 4665 2461 4706 cum
2513 4650 2673 4706 Pa.re
2702 4659 2758 4708 et
2785 4649 2944 4714 Filio,
2970 4661 3351 4728 creaturarum

1765 4757 1863 4813 per
1895 4743 2246 4800 creationem.
2275 4741 2383 4800 Sed
2405 4746 2676 4815 Quomodo
2707 4742 2942 4800 Verbum
2972 4753 3090 4798 erat
3113 4743 3167 4800 in
3197 4745 3350 4815 prin—

1764 4834 1926 4906 cipio,
1976 4835 2029 4891 id
2058 4835 2228 4894 estin
2279 4833 2463 4902 Patre,
2509 4845 2566 4891 ut
2599 4835 2774 4890 simile
2823 4835 2876 4890 in
2923 4825 3350 4917 simili20ualfs

1761 4928 1906 4982 enim
1937 4923 2122 4995 Pater,
2173 4926 2295 4984 talis
2333 4926 2494 4983 ﬁlius.
2548 4926 2606 4983 Si
2639 4929 2783 4983 enim
2835 4927 2900 4982 de
2941 4927 3150 4984 duobus
3193 4929 3356 4991 valde,

1762 5012 2030 5076 similibus
2056 5020 2253 5076 dicitur
2271 5034 2369 5090 per
2391 5034 2708 5099 expressam
2738 5020 3174 5091 similitudinem,
3204 5037 3345 5094 quo-

1763 5111 1907 5166 niam
1936 5110 2074 5167 alter
2099 5118 2184 5168 est
2220 5107 2275 5168 in
2325 5108 2524 5176 altero,
2572 5111 2664 5182 qui
2699 5111 2839 5167 videt
2878 5125 3070 5179 unum,
3107 5112 3257 5170 videt
3287 5124 3358 5170 et.

1763 5200 2024 5272 reliquum
2053 5212 2070 5269 ς
2101 5210 2305 5274 quanto
2337 5203 2512 5274 magis
2533 5191 2617 5256 ide
2641 5197 2750 5258 Deo
2776 5201 2937 5257 Patre
2966 5211 3021 5257 ct
3047 5189 3162 5274 ejus
3185 5204 3360 5270 Filio.

1759 5305 1990 5362 quorum
2041 5289 2282 5350 essentia
2332 5309 2441 5348 non
2483 5302 2705 5373 tantum.
2747 5293 2963 5356 similis.
3006 5295 3103 5350 sed
3135 5305 3188 5351 et
3214 5313 3342 5364 una,

1758 5383 1945 5440 eadem
1963 5393 2062 5440 est.
2091 5381 2247 5442 Unde
2270 5399 2391 5438 cum
2412 5378 2691 5454 Philippus
2709 5375 2938 5442 dixisset
2957 5385 3184 5442 Domino
3205 5402 3219 5440 :
3239 5388 3344 5442 Do-

1757 5472 1917 5541 mine,
1938 5476 2150 5531 ostende
2166 5475 2311 5529 nobis
2333 5469 2627 5540 Patrem,“
2638 5476 2828 5547 suﬁidt
2842 5479 2988 5532 nobis
3009 5464 3188 5548 (1m.
3204 5495 3342 5546 xw),

1758 5561 1960 5622 audivit
1981 5567 2048 5622 ab
2072 5581 2168 5622 eo:
2197 5563 2560 5636 Philippr,qni
2582 5566 2714 5621 ridet
2741 5584 2842 5632 me,
2874 5568 3008 5625 uidit
3026 5577 3076 5621 rt
3103 5565 3340 5623 Patrem.

1759 5653 1882 5714 Non
1929 5657 2095 5714 credis
2118 5656 2242 5730 quin
2265 5674 2357 5727 ego
2388 5660 2438 5711 in
2470 5657 2652 5718 Patre.
2670 5671 2717 5713 et
2753 5657 2910 5713 ναῖεν
2944 5661 2995 5712 in
3020 5672 3098 5714 me
3119 5672 3192 5712 es!
3217 5659 3246 5713 1

1826 5746 1894 5805 Et
1931 5750 2172 5816 Verbum,
2192 5751 2386 5822 inquit,
2404 5761 2514 5804 erat
2536 5753 2673 5822 apud
2693 5751 2877 5805 Deum.
2904 5752 3046 5804 Sane
3071 5751 3181 5804 lucc
3205 5765 3359 5826 ναις,
