3820 6312
461 338 587 441 lill

1498 376 1842 434 ADDENDA.
1877 408 1949 419 --
1986 373 2331 431 RADULPlll
2384 370 2735 428 ABDEN'ltb

3564 378 3657 436 liii

452 498 668 570 positio,
687 504 848 566 apud,
879 512 984 550 non
1020 495 1263 559 localem,
1283 494 1374 548 sed
1412 497 1751 564 pet‘snttalem
1790 496 2039 565 designat
2069 499 2114 555 Α
2145 492 2332 563 gessit,
2361 489 2665 558 perhibent.
2693 487 2933 544 Joannes
2966 498 3115 548 vero,
3144 486 3288 555 quod
3314 487 3481 541 omnis
3502 503 3661 547 cresin.

450 588 876 643 distinctionem.
928 586 1073 641 Nihil
1100 587 1242 640 enim
1282 586 1496 656 proprie
1523 587 1661 656 apud
1696 603 1753 640 se
1782 602 1923 650 esse,
1956 587 2037 640 vel

452 694 637 733 secum
666 692 786 733 esse
831 670 1052 743 dicitur,
1106 676 1211 731 nisi
1243 674 1380 730 forte
1407 691 1504 746 per
1542 678 1766 747 liguram
1793 677 2037 753 dicatur,

444 758 595 837 'rtjtod
640 769 727 826 ille
776 770 917 840 apud
958 783 1017 824 se
1047 779 1129 825 est
1150 768 1261 837 ‘qui
1290 783 1386 836 per
1418 768 1615 822 mentis
1654 768 2040 823 alienationem

449 874 607 920 extra
639 878 697 919 se
731 877 839 918 non
884 871 987 917 est.
1038 860 1222 930 Itaque
1269 859 1324 913 in
1353 859 1619 929 principio
1648 868 1767 918 erat
1802 858 2039 914 Verbum

451 957 594 1026 apud
627 943 816 1020 Deum,
842 962 1097 1022 tanquam
1124 952 1261 1007 alius
1290 951 1433 1020 apud
1456 951 1640 1005 alium.
1676 949 1742 1004 Et
1771 949 1906 1005 Deus
1926 962 2039 1005 erat

466 1042 710 1111 Verbum,
738 1045 880 1101 Deus
911 1059 975 1099 ex
1003 1053 1155 1113 parte
1182 1042 1462 1112 praedii-nti
1493 1042 1651 1097 debet
1683 1042 1930 1113 intelligi.
1978 1038 2044 1096 Et

454 1140 523 1195 de
545 1136 681 1192 Filio
712 1137 804 1193 Dei
835 1153 939 1204 non
968 1136 1091 1206 quis
1108 1174 1124 1201 ,
1148 1135 1241 1190 sed
1265 1134 1395 1206 quid
1424 1142 1567 1191 esset
1595 1133 1683 1189 hic
1705 1133 2042 1190 demonstra-

456 1222 564 1286 tur.
598 1226 714 1284 lloc
759 1238 868 1283 erat
904 1229 1043 1296 apud
1072 1227 1261 1281 Deum.
1297 1224 1565 1301 Quoniam
1596 1238 1717 1280 cum
1773 1225 1825 1279 in
1871 1220 2043 1282 tribus

454 1321 706 1376 clausulis
727 1330 983 1389 posuerat
1014 1319 1343 1388 evangelista
1371 1319 1475 1374 hoc
1527 1317 1902 1388 appellativum
1939 1332 2041 1372 no-

455 1429 599 1478 men,
632 1411 863 1477 verbum,
892 1421 951 1466 ut
999 1406 1448 1483 arquivocationis
1476 1420 1530 1469 et
1561 1409 1920 1466 invocationis
1948 1426 2043 1465 ex-

455 1504 698 1559 cluderet
742 1502 1092 1567 calumniam,
1147 1503 1213 1559 de
1252 1503 1443 1558 eadem
1493 1502 1655 1558 Verbi
1688 1517 1917 1573 persona
1947 1517 2044 1572 per

442 1577 943 1652 demonstrativum
998 1608 1323 1664 pronomen,
1373 1608 1433 1646 se
1484 1591 1823 1648 demonstrat
1862 1599 2044 1646 texere

455 1689 846 1744 narrationem.
880 1683 1077 1740 Verum
1104 1683 1244 1754 apud
1270 1682 1487 1739 Graecos
1533 1699 1639 1737 non
1670 1684 1803 1747 hoc,
1835 1682 1929 1739 sed
1957 1683 2042 1736 In'c

456 1778 697 1850 ponitur,
735 1776 994 1849 quoniam
1023 1774 1175 1847 logos
1203 1782 1288 1829 est
1318 1773 1601 1829 masculini
1648 1774 1883 1845 generis.
1912 1773 2043 1828 Pro-

2149 597 2207 636 ra
2239 581 2466 637 visibilis
2498 590 2553 634 et
2581 578 2867 635 invisibilis
2901 591 2998 647 per
3032 591 3157 632 cum
3204 576 3346 630 Facta
3373 576 3459 640 sit,
3484 583 3664 639 ostendit

2142 674 2330 730 dicens
2356 693 2370 728 :

2216 764 2409 820 Omnia
2441 782 2536 837 per
2561 766 2731 834 ipsum
2762 764 2903 834 facta
2945 772 3089 816 sunt.
3132 760 3226 816 Est
3256 770 3438 815 autem
3467 760 3563 816 btet
3582 777 3673 833 pars

2143 857 2405 923 secunda,
2431 858 2484 912 in
2516 873 2621 928 qua
2649 856 2714 910 de
2741 853 2835 908 Dei
2870 853 3069 917 Verbo,
3095 854 3198 907 tria
3224 852 3358 906 dicit
3378 852 3673 920 evangelista,

2143 950 2349 1005 scilicet
2386 963 2482 1019 per
2519 947 2645 1001 illud
2694 945 2894 1001 factum
2929 960 3052 1000 esse
3088 959 3253 1000 omne
3281 947 3494 1007 bonum,
3521 944 3675 999 etnul-

2146 1044 2253 1109 [nni
2311 1041 2533 1106 malum,
2588 1051 2641 1095 et
2700 1040 2843 1109 quod
2896 1037 3097 1092 factum
3149 1046 3237 1092 est
3286 1032 3340 1091 in
3383 1047 3608 1107 tempore,
3634 1039 3672 1091 in

2150 1132 2327 1187 Verbo
2356 1146 2570 1201 semper
2596 1129 2784 1187 fuisse.
2813 1130 2979 1184 Porro
3010 1145 3106 1192 per
3131 1130 3310 1199 ipsum
3343 1142 3495 1183 omne
3521 1130 3672 1186 bonum

2148 1226 2351 1281 factum
2383 1238 2502 1279 esse
2527 1223 2679 1287 dicit,
2713 1237 2835 1277 cum
2866 1222 3035 1277 dicit:
3067 1218 3262 1276 Omnia
3283 1235 3375 1289 per
3400 1221 3549 1289 ipsum
3572 1225 3675 1289 [arts

2143 1328 2285 1372 sunt.
2316 1314 2460 1372 Sane
2487 1331 2608 1372 cum
2632 1316 2807 1368 omnia
2830 1313 2979 1377 dicit,
3002 1312 3115 1367 nib’l
3157 1313 3379 1381 excipit,
3402 1312 3492 1367 sed
3508 1327 3674 1370 omnem

2146 1418 2456 1464 creaturam
2484 1403 2916 1479 comprehendit,
2949 1410 3061 1458 tam
3089 1402 3358 1459 visibilem
3396 1415 3542 1472 quam
3570 1405 3673 1459 inri-

2146 1499 2357 1554 sibilem
2400 1512 2414 1552 :
2461 1507 2569 1552 tam
2635 1495 2877 1565 subjecta
2928 1493 3252 1553 formarum.
3309 1510 3465 1566 quam
3515 1496 3672 1554 formas

2146 1593 2510 1662 subiectorum
2541 1609 2556 1657 ;
2590 1602 2697 1645 tam
2750 1589 2960 1659 singula
3017 1604 3304 1660 generum,
3349 1604 3498 1658 quam
3523 1608 3672 1663 genera

2147 1683 2483 1756 singulorum
2511 1698 2527 1749 ;
2553 1692 2660 1735 tam
2684 1681 3028 1750 operationes
3046 1692 3331 1750 generum,
3358 1694 3504 1750 quam
3524 1698 3674 1751 gener:

2146 1776 2543 1847 operationum.
2593 1772 2860 1843 Operatus
2901 1779 2983 1826 est
3033 1771 3179 1825 enim
3219 1772 3398 1827 omnia
3437 1777 3499 1829 ab
3518 1787 3676 1833 artemo

455 1840 640 1941 pterea
668 1840 735 1926 ad
754 1840 1108 1935 utrumlibet:
1133 1866 1245 1921 sive
1285 1866 1352 1921 ad
1377 1865 1575 1936 Logos,
1614 1840 1727 1920 sive
1774 1865 1840 1921 ad
1865 1865 2047 1921 Theos
2078 1840 2121 1901 Β
2153 1840 2204 1923 in
2232 1864 2533 1939 praesentia.
2570 1840 2720 1920 Unde
2747 1862 2889 1919 etde
2917 1879 2981 1918 eo
3022 1862 3248 1932 legimr:
3285 1880 3304 1913 ι
3342 1862 3438 1930 Qui
3459 1864 3569 1919 fecit
3588 1884 3676 1936 qua

459 1961 607 2031 (θεὸς)
633 1958 823 2016 referri
850 1966 1046 2030 potest,
1063 1957 1156 2013 sed
1177 1966 1356 2011 tamen
1377 1972 1568 2012 sensus
1601 1957 1739 2011 idem
1768 1967 1871 2011 est.
1898 1957 2014 2012 Con
2034 1984 2048 1997 ο

458 2053 760 2109 sideremus
786 2053 971 2123 igitur,
995 2052 1213 2115 fratres,
1243 2046 1498 2118 quoniam
1522 2049 1760 2119 quinque
1798 2049 1932 2114 dicit
1963 2050 2051 2106 hic

456 2141 789 2213 evangelista
830 2144 897 2199 de
941 2141 1138 2207 Verbo,
1190 2138 1445 2196 videlicet
1491 2141 1709 2212 quando
1744 2151 1862 2196 erat
1889 2183 1904 2209 ,
1957 2142 2046 2197 ubi

457 2242 595 2306 erat,
638 2236 765 2306 quid
800 2243 941 2299 erat,
988 2234 1129 2307 apud
1182 2249 1342 2305 quem
1400 2242 1557 2297 erat,
1612 2234 1740 2305 quid
1791 2232 2045 2288 faciebat.

456 2322 684 2391 Quando
706 2322 859 2378 erat?
882 2320 946 2377 In
978 2322 1236 2397 principio
1260 2332 1373 2377 erat
1415 2318 1659 2377 Verbum.
1691 2322 1791 2378 Ubi
1812 2320 2049 2376 erat?Et

466 2412 688 2469 Verbum
719 2424 830 2469 erat
860 2413 1001 2484 apud
1013 2410 1214 2469 'Deum.
1245 2414 1387 2483 Quid
1413 2414 1576 2471 erat?
1610 2414 1750 2470 Deus
1780 2425 1890 2469 erat
1929 2411 2051 2469 Ver—

457 2509 602 2562 bum.
628 2508 783 2578 Apud
802 2523 960 2581 quem
990 2506 1114 2564 erat
1139 2528 1155 2564 :
1188 2507 1329 2582 Deus
1360 2510 1503 2565 enim
1538 2518 1649 2564 erat
1679 2510 1819 2580 apud
1852 2508 2044 2563 Deum.

456 2599 595 2667 Quid
613 2598 842 2654 faciebat
870 2600 891 2652 ?
920 2596 1112 2654 Omnia
1141 2615 1232 2669 per
1253 2601 1422 2669 ipsum
1451 2600 1594 2670 facta
1616 2608 1756 2653 sunt.
1784 2597 1840 2652 ln
1872 2598 2048 2670 primo

455 2692 798 2747 demonstrat
848 2687 1007 2746 Verbi
1039 2706 1162 2746 cum
1197 2690 1357 2747 Patre
1389 2687 1848 2755 coaeternitatem;
1880 2692 1932 2745 in
1961 2705 2049 2746 sc-

454 2782 654 2857 cnndo,
717 2782 1058 2854 personalem
1111 2784 1553 2849 distinctionem;
1610 2782 1664 2838 in
1716 2782 1901 2848 tertio,
1931 2782 2048 2853 ejus

458 2874 837 2939 divinitatem;
876 2876 927 2929 in
965 2874 1180 2946 quarto,
1222 2862 1463 2946 ejusdem
1503 2892 1626 2931 cum
1659 2876 1821 2931 Patre
1851 2874 2043 2930 identi-

459 2973 650 3031 tatem,
678 2966 882 3036 pariter
908 2974 962 3021 et
988 2965 1428 3034 distinctionem;
1470 2968 1522 3022 in
1551 2967 1761 3038 quinto,
1788 2967 2044 3037 operandi

458 3058 860 3113 auctoritatem.
888 3057 953 3113 Et
986 3058 1125 3115 idem
1155 3074 1372 3132 quoque
1399 3058 1622 3117 verbum
1652 3058 1906 3131 suggillat
1931 3059 2044 3114 bte-

2155 1961 2331 2014 l'ntnra
2371 1967 2520 2023 sunt,
2563 1967 2619 2012 et
2656 1958 2707 2010 in
2736 1955 3058 2009 continenti.
3100 1975 3121 2008 ι
3155 1955 3314 2021 Quod
3347 1954 3531 2023 factum
3550 1971 3611 2012 est
3636 1963 3676 2013 is

2151 2052 2264 2121 ipso
2323 2052 2429 2105 vita
2480 2058 2614 2104 erat.
2653 2047 2922 2119 Operatus
2950 2056 3036 2103 est
3082 2048 3137 2102 in
3174 2047 3459 2117 principio,
3493 2052 3678 2103 cresnio

2156 2143 2335 2198 oinnia
2374 2158 2601 2214 corpora
2648 2143 2700 2195 in
2730 2147 2979 2196 materia.
3016 2138 3170 2196 Unde
3200 2138 3397 2211 legitur
3425 2157 3440 2193 :
3470 2140 3559 2207 Qui
3590 2141 3679 2195 risit

2149 2236 2202 2288 in
2236 2220 2512 2298 retentum,
2550 2234 2745 2287 creavit
2781 2232 2958 2286 omnia
2981 2228 3141 2286 simul
3168 2229 3363 2299 (Eccli.
3394 2236 3549 2301 mu).
3576 2232 3678 2301 Ope-

2149 2340 2303 2385 ratus
2327 2335 2410 2381 est
2441 2341 2537 2395 per
2584 2339 2677 2380 sex
2706 2324 2844 2389 dies,
2869 2323 3255 2393 distinguendo
3293 2333 3348 2377 et
3375 2327 3680 2379 lormandode

2149 2416 2433 2473 elementis
2476 2430 2644 2471 novas
2682 2429 2862 2471 rerum
2894 2415 3127 2484 species.
3159 2416 3203 2467 A
3232 2429 3459 2483 quarum
3485 2418 3680 2472 novitate

2148 2506 2345 2580 legitur
2393 2509 2445 2562 in
2478 2508 2564 2563 die
2596 2505 2821 2561 Sabbati
2853 2506 3122 2575 quievisse
3158 2504 3315 2575 (Gen.
3349 2512 3436 2573 ιι).
3466 2507 3679 2577 Operatut

2148 2609 2202 2654 et
2230 2598 2405 2655 adhuc
2434 2596 2616 2652 omnia
2644 2595 3018 2668 gubernando,
3069 2605 3124 2650 et
3147 2596 3350 2651 similia
3383 2599 3447 2653 de
3466 2599 3681 2653 similibus

2149 2691 2519 2761 propagando,
2572 2696 2628 2742 et
2689 2702 2858 2742 novas
2907 2686 3118 2742 animas
3177 2690 3523 2757 procreanda.
3565 2690 3681 2747 [inde

2150 2781 2265 2851 ipse
2291 2781 2422 2835 dicit
2449 2799 2461 2835 :
2490 2777 2651 2834 Pater
2673 2795 2819 2834 meus
2850 2795 3010 2851 usque
3050 2781 3208 2834 modo
3240 2792 3499 2850 operatur,
3541 2792 3580 2836 et
3608 2798 3680 2851 ego

2150 2871 2551 2943 aperor.(.loan.
2580 2871 2656 2943 v).
2684 2868 2954 2941 Operatur
2991 2882 3208 2940 quoque
3245 2880 3343 2942 per
3380 2873 3679 2928 ministerium

2148 2963 2439 3017 artilicum.
2482 2962 2637 3018 Unde
2664 2963 2861 3034 legitur
2892 2979 2905 3015 :
2943 2959 3062 3017 Nisi
3112 2961 3372 3018 Dominus
3401 2965 3681 3035 (militaverit

2148 3052 2384 3117 lentum,
2434 3054 2491 3109 in
2548 3070 2735 3109 vanum
2771 3052 3140 3109 laboraverant
3182 3056 3278 3126 qui
3323 3057 3562 3116 (edi/itaut
3583 3074 3676 3111 ean

460 3149 688 3205 reticam
747 3147 1057 3205 falsitatem.
1117 3149 1360 3207 Fuerunt
1412 3165 1647 3222 namque
1687 3150 1925 3207 haeretici
1952 3152 2042 3221 qui
2072 3185 2115 3244 ϐ
2151 3145 2322 3217 (Psnl.
2349 3148 2558 3219 cuvt).
2586 3147 2853 3219 Operatus
2874 3157 2957 3203 est
2994 3158 3047 3201 et
3080 3149 3130 3203 in
3167 3146 3491 3220 plenitudine
3512 3159 3678 3221 tempo-

459 3241 701 3297 dicerent
732 3258 745 3294 :
777 3259 796 3293 ι
827 3240 885 3297 Si
916 3241 1080 3300 Filius
1109 3241 1201 3298 Dei
1230 3253 1389 3299 natus
1413 3250 1517 3308 est,
1546 3256 1677 3315 ergo
1702 3257 1806 3297 non
1831 3257 2044 3312 semper

457 3318 583 3390 fuit.
618 3350 637 3386 ι
677 3330 785 3388 Hos
820 3334 871 3388 in
897 3331 1165 3406 principio
1189 3334 1462 3406 redarguit
1486 3333 1670 3390 dicens
1704 3353 1717 3387 :
1754 3331 1817 3389 In
1845 3333 2042 3404 princio

458 3423 545 3490 pio
585 3433 695 3478 erat
745 3423 993 3479 Verbum.
1027 3424 1268 3482 Fuerunt
1296 3441 1484 3482 rursus
1511 3425 1746 3481 haeretici
1779 3425 1868 3496 qui
1901 3425 2044 3481 dice-

456 3520 620 3568 rent:
656 3533 674 3566 ‹
706 3510 848 3569 Idem
888 3513 1032 3570 Deus
1062 3516 1351 3587 aliquando
1394 3528 1478 3572 est
1526 3515 1708 3583 Pater,
1753 3513 2044 3587 aliquando

456 3597 649 3672 Filius,
705 3605 997 3676 aliquando
1048 3606 1282 3676 Spiritus
1336 3616 1573 3663 sanctus.
1613 3626 1634 3662 ι
1678 3606 1790 3663 lloe
1831 3621 2045 3679 quoque

459 3694 706 3777 confutat
728 3712 851 3752 cum
873 3696 1183 3770 subiungit:
1210 3698 1278 3753 Et
1311 3698 1533 3755 Verbum
1555 3709 1667 3755 erat
1694 3700 1835 3768 apud
1853 3698 2041 3755 Deum.

459 3783 703 3842 Fuerunt
760 3802 949 3844 rursus
993 3789 1252 3855 breretici,
1298 3793 1386 3860 qui
1417 3800 1469 3848 et
1497 3792 1542 3847 si
1576 3792 1820 3848 dicerent
1846 3790 2043 3846 Filium

464 3872 557 3931 Dei
612 3886 667 3933 et
697 3892 913 3947 semper
969 3878 1133 3935 alium
1164 3866 1195 3935 ai
1222 3878 1384 3937 Patre
1430 3880 1615 3947 fuisse,
1661 3891 1837 3938 tamen
1874 3883 2041 3938 Deum

458 3982 581 4024 esse
622 3971 912 4038 negabant.
964 3970 1073 4027 Hos
1116 3987 1170 4028 et
1201 3974 1470 4046 suggillat,
1501 3990 1623 4030 cum
1653 3974 1901 4030 subditur
1933 3992 1946 4027 :
1972 3971 2041 4027 Et

462 4056 601 4112 Deus
639 4068 752 4113 erat
808 4058 1059 4115 Verbum.
1092 4062 1335 4119 Fuerunt
1363 4078 1595 4134 namque
1630 4063 1892 4130 lueretici,
1926 4064 2039 4134 qui,

459 4155 514 4200 et
535 4146 579 4201 si
601 4138 875 4203 Christum
904 4151 1207 4207 concedunt
1236 4168 1357 4209 esse
1389 4153 1577 4222 Deum,
1602 4162 1781 4210 tamen
1805 4170 1911 4209 non
1939 4170 2036 4207 na-

462 4228 717 4304 turalem,
759 4240 853 4296 sed
901 4242 1208 4313 ad0ptivum
1251 4259 1304 4301 et
1344 4246 1693 4318 temporalem
1723 4262 1846 4303 esse
1872 4248 2038 4304 Deum

458 4331 881 4387 contendebant.
915 4331 1026 4390 Hos
1051 4336 1401 4393 nihilominus
1430 4341 1668 4404 damnat,
1698 4355 1819 4394 cum
1842 4341 1991 4396 addit
2022 4357 2036 4394 :

461 4410 577 4474 Hoc
621 4433 731 4475 erat
780 4424 838 4478 in
885 4426 1139 4496 principio
1188 4430 1327 4497 apud
1371 4426 1848 4486 Deum..‘Fuernnt
1872 4432 2037 4488 etiam

2150 3254 2269 3293 rum
2303 3238 2535 3297 salutem
2566 3250 2827 3295 nostram.
2867 3239 3134 3312 Operatus
3168 3250 3277 3308 est,
3317 3252 3369 3297 et
3403 3242 3555 3297 adhuc
3577 3258 3681 3311 ope~

2148 3341 2301 3386 ratur
2322 3330 2566 3400 quotidie
2596 3347 2761 3402 opera
2797 3332 3206 3397 miraculorum,
3249 3349 3411 3403 opera
3444 3335 3682 3396 virtutum,

2143 3439 2305 3494 opera
2323 3422 2730 3491 misericordiae,
2756 3434 2808 3480 et
2829 3440 2992 3496 opera
3012 3425 3261 3497 justitiae.
3289 3424 3534 3480 Caeterum
3554 3440 3678 3496 quas.

2145 3513 2272 3567 dam
2336 3513 2562 3568 istorum
2594 3524 2851 3584 operatur
2883 3524 3089 3569 tantum
3121 3530 3217 3584 per
3242 3530 3323 3579 se,
3362 3513 3578 3585 quzedam
3601 3527 3685 3583 per

2144 3602 2509 3658 ministerium
2548 3602 2939 3659 subscrvicntis
2977 3612 3205 3667 natura,
3235 3603 3471 3673 quaedam
3496 3617 3577 3673 per
3601 3603 3688 3654 mi.

2146 3695 2427 3749 nisterium
2464 3694 2745 3750 rationalis
2775 3703 3042 3751 creatura:
3068 3711 3192 3750 cum
3218 3705 3396 3750 tamen
3432 3697 3531 3763 ipse
3553 3692 3686 3747 solus

2144 3783 2214 3838 sit
2242 3795 2435 3837 auctor
2469 3784 2869 3839 universorum.
2904 3784 3061 3853 Quod
3105 3795 3297 3856 aperte
3325 3782 3689 3849 confutatillos,

2144 3878 2236 3949 qni
2285 3877 2366 3932 vel
2409 3894 2472 3933 ex
2522 3878 2747 3943 viribus,
2797 3879 2877 3933 vel
2900 3895 2967 3935 ex
2997 3879 3236 3951 ingenio,
3264 3882 3345 3936 vel
3366 3897 3426 3936 ex
3455 3879 3689 3935 industria

2148 3984 2269 4036 sua,
2326 3969 2529 4039 aliquid
2577 3971 2705 4026 boni
2732 3972 3027 4040 opinantur
3057 3988 3116 4028 se
3145 3987 3324 4043 posse,
3351 3974 3427 4028 vel
3453 3971 3588 4036 velle,
3618 3969 3693 4024 vel

2143 4064 2384 4134 operari.
2434 4060 2590 4135 Unde
2642 4073 2697 4119 et
2752 4064 3085 4134 Apostolus:
3125 4064 3289 4134 Deus,
3323 4066 3496 4135 inquit,
3519 4064 3695 4133 estqui

2143 4164 2391 4222 Operatur
2424 4154 2480 4208 in
2520 4154 2665 4207 nobis
2696 4164 2743 4208 et
2773 4154 2900 4210 velle
2935 4166 2984 4208 et
3026 4156 3278 4225 perﬁcere
3305 4152 3507 4223 (Philip.
3533 4152 3697 4223 tt).Et

2143 4245 2269 4299 alibi
2306 4264 2318 4299 :
2352 4244 2497 4309 Non,
2530 4245 2727 4315 inquit,
2768 4263 2861 4316 ego
2892 4245 3055 4307 solus,
3087 4248 3177 4300 sed
3203 4247 3375 4317 gratia
3406 4245 3487 4298 Dei
3508 4262 3697 4297 mersas

2143 4334 2194 4407 (1
2228 4334 2349 4391 Cor.
2378 4337 2488 4405 sv).
2519 4335 2583 4389 Et
2612 4333 2826 4390 Marcus
2852 4353 2865 4389 :
2897 4334 2992 4389 Illi
3030 4347 3205 4391 autent
3227 4336 3440 4406 profecti
3460 4336 3699 4404 pradica-

2140 4438 2320 4482 t'erunt
2350 4430 2555 4498 ubique,
2590 4425 2812 4481 Domino
2849 4437 3180 4498 cooperante,
3212 4438 3263 4482 et
3283 4444 3550 4482 sermonem
3583 4444 3697 4482 ιοιο

459 4513 699 4607 hatreti‘ci
748 4517 841 4586 qui
892 4516 1126 4572 visibilia
1182 4519 1362 4573 omnia
1396 4534 1426 4575 a
1468 4519 1683 4579 diabolo
1726 4521 1889 4589 facta,
1922 4524 2036 4582 sola
2072 4548 2116 4607 ι)
2141 4516 2402 4586 ﬁrmante,
2423 4516 2748 4588 sequemibus
2769 4519 2929 4587 signis
2956 4518 3161 4607 (Marc.
3184 4519 3316 4587 ενι).
3338 4516 3517 4575 Verum
3540 4534 3703 4590 quae.

455 4606 589 4659 vero
636 4596 775 4661 facta
830 4608 1131 4665 invisibilia
1184 4626 1216 4665 a
1252 4611 1343 4667 Dei
1394 4609 1573 4668 Verbo
1624 4614 2035 4671 contenderent.

453 4690 670 4752 Eisdem
714 4699 878 4755 etiam
924 4701 1124 4767 verbis,
1166 4702 1483 4759 excellentia
1518 4705 1673 4773 hujus
1694 4702 2043 4779 evangelista:

453 4786 876 4846 demonstratur.
928 4792 1034 4847 Alii
1066 4793 1329 4862 siquidem
1369 4796 1712 4866 evangelista:
1759 4798 2035 4854 Christum

452 4873 507 4934 ib
533 4881 774 4953 tempore
792 4888 981 4939 natum
1004 4869 1603 4950 describuntrJOanncS
1629 4884 1760 4942 'vero
1784 4890 2034 4946 eumdem

451 4970 504 5025 iu
533 4971 798 5045 principio
821 4970 986 5030 fuisse
1010 4984 1261 5041 testatur,
1287 4977 1470 5032 dicens
1499 4994 1513 5032 :
1550 4977 1616 5031 In
1638 4978 1893 5049 principio
1922 4991 2032 5034 erat

461 5059 703 5117 Verbum.
744 5063 850 5118 Alii
883 5078 1005 5119 eum
1038 5076 1466 5123 commemorant
1495 5068 1641 5126 inter
1662 5070 1910 5126 homines
1939 5074 2032 5125 su-

448 5153 562 5210 trito
585 5156 905 5225 apparuisse
935 5173 948 5209 :
980 5150 1216 5212 Joannes
1263 5172 1391 5214 vero
1419 5162 1668 5216 eumdem
1694 5162 1835 5232 apud
1861 5161 2031 5218 Deum

448 5256 663 5314 semper
686 5244 853 5301 fuisse
877 5245 1135 5314 declarat,
1158 5248 1343 5305 dicens
1368 5267 1383 5305 :
1409 5249 1475 5306 Et
1511 5246 1730 5308 Verbum
1750 5260 1866 5307 erat
1891 5254 2033 5325 apud

447 5326 639 5389 Deum.
697 5332 804 5391 Alii
850 5352 985 5419 eum
1032 5354 1217 5396 verum
1268 5341 1539 5398 hominem
1576 5362 1590 5399 :
1630 5342 1866 5403 Joannes
1902 5360 2032 5399 vero

446 5438 635 5479 verum
684 5440 806 5484 esse
857 5430 1024 5485 Deum
1085 5418 1337 5500 aliirtnat,
1390 5437 1617 5491 dicens:
1653 5434 1718 5489 Et
1759 5435 1895 5489 Deus
1921 5448 2030 5490 erat

457 5510 703 5571 Verbum.
727 5519 830 5573 Alii
861 5524 1277 5580 entn'hmnincin
1303 5527 1443 5597 apud
1467 5526 1717 5582 homines
1742 5540 2031 5581 conversa-

452 5614 563 5662 tum
593 5613 999 5682 temporaliter;
1028 5614 1262 5672 Joannes
1286 5624 1413 5674 vero
1440 5621 1580 5689 apud
1598 5620 1779 5673 “Deum
1807 5635 2028 5674 mancu-

452 5707 557 5752 tem
588 5704 917 5759 :elernalites'
947 5709 1202 5774 ostendit,
1245 5710 1431 5764 dicens
1461 5727 1475 5766 :
1513 5710 1625 5764 Hoc
1652 5721 1763 5763 erat
1797 5710 1849 5764 in
1876 5713 2028 5779 prino

449 5791 585 5862 cipio
641 5796 784 5865 apud
841 5796 1026 5853 Deum.
1076 5800 1183 5855 Alii
1226 5801 1516 5872 magnalia,
1558 5817 1679 5872 qua
1723 5802 1777 5857 in
1813 5802 2033 5870 homine

2144 4610 2212 4664 do
2243 4610 2397 4663 audis
2426 4609 2595 4678 gratia
2628 4607 2725 4664 Dei
2758 4626 2983 4674 mecum,
3024 4608 3107 4663 vel
3140 4602 3362 4665 Domino
3395 4622 3700 4680 cooperante,

2141 4716 2274 4756 cave
2311 4716 2377 4757 ne
2396 4700 2667 4773 intelligas
2696 4703 2833 4756 hanc
2871 4702 3319 4772 propesitionem,
3366 4720 3467 4756 cunt
3515 4703 3602 4757 vel
3627 4720 3701 4767 ro,

2141 4791 2214 4845 ibi
2249 4802 2529 4847 numerum
2563 4792 2980 4861 cotisigniiicare
3004 4793 3137 4864 (non
3161 4793 3308 4848 enim
3337 4794 3628 4863 praprielas
3655 4804 3702 4847 et

2140 4883 2520 4954 improprietas
2546 4885 2597 4937 in
2622 4898 2906 4952 numerum
2933 4886 3207 4957 surgunt),
3247 4890 3339 4943 sed
3364 4884 3529 4957 potius
3554 4888 3703 4941 ιυίιιί-

2139 4977 2362 5027 sterium
2407 4975 2518 5029 sive
2573 4974 2995 5029 instrumentum
3052 4979 3257 5032 habent
3302 4979 3370 5033 ibi
3408 4978 3698 5049 designare.

2140 5065 2256 5120 Non
2293 5068 2437 5122 enim
2472 5074 2568 5120 nos
2599 5077 2652 5121 et
2703 5064 2964 5123 Dominus
3002 5082 3378 5139 cooperamur,
3403 5071 3494 5125 sed
3533 5070 3703 5140 potius

2140 5161 2254 5233 ipse
2280 5178 2400 5242 cum
2431 5150 2605 5226 nobis,
2635 5163 2787 5233 quasi
2823 5180 2947 5220 cum
2982 5167 3268 5231 ministris,
3302 5168 3377 5223 vel
3402 5169 3560 5236 quasi
3588 5182 3701 5223 csa

2137 5253 2461 5324 quibusdam
2506 5252 2884 5310 instrumentis
2935 5264 3216 5327 operatur.
3270 5256 3332 5313 Et
3365 5258 3473 5311 haec
3525 5258 3697 5314 munia

2135 5345 2373 5400 divinius
2404 5360 2501 5413 pro
2527 5361 2591 5399 eo
2614 5346 2757 5415 quod
2784 5343 3175 5418 scriptum'est,
3206 5346 3388 5405 omnia.
3412 5349 3559 5404 Cum
3582 5364 3701 5404 vero

2137 5434 2482 5506 subiungitur
2506 5454 2599 5508 per
2623 5440 2815 5509 ipsum,
2845 5450 2973 5494 cave
2999 5445 3067 5495 ne
3094 5457 3192 5511 per
3215 5443 3345 5498 hanc
3367 5440 3696 5513 praepositio-

2136 5542 2281 5596 nem,
2311 5544 2421 5596 per,
2452 5528 2809 5583 ntinistterinm
2860 5530 3152 5601 intelligas,
3188 5531 3283 5586 sed
3304 5531 3478 5602 [mlius
3513 5531 3697 5587 intem-

2136 5635 2233 5690 gas
2280 5621 2681 5674 auctoritatem.
2716 5619 2830 5675 Non
2858 5621 3001 5677 enim
3040 5623 3203 5678 Pater
3230 5639 3321 5695 per
3343 5620 3566 5689 Filium,
3590 5636 3695 5679 la-

2135 5726 2295 5781 quam
2320 5727 2414 5782 per
2439 5713 2763 5780 miu’strum,
2780 5722 3058 5784 operatur,
3090 5715 3323 5786 prteserti
3346 5746 3371 5767 ι.
3396 5731 3533 5769 cum
3562 5718 3693 5787 ejus-

2136 5804 2257 5861 dem
2309 5804 2651 5860 auctoritatis
2680 5813 2736 5860 et
2791 5804 3074 5877 peteststis
3121 5807 3188 5861 sit
3224 5802 3590 5885 Filius,‘c‘njns
3620 5831 3692 5877 εει
