3820 6312
174 382 261 437 τιδ

825 356 1128 414 ιιοΜιιιΑς
1168 355 1230 411 IN
1260 355 1474 412 EPIST.
1517 354 1607 409 ΕΤ
1646 354 1670 407 Ε

1787 351 1899 409 NG.
1941 351 2238 409 DOMINIC.
2267 351 2559 409 —'PARS.
2601 351 2642 408 L

3211 347 3351 405 ΠΗ

144 484 188 528 ει
211 472 369 525 Pater.
406 458 504 514 Sed
537 453 694 509 Pater
718 450 916 507 dicitur
941 449 1160 518 operari
1192 462 1286 516 per
1315 445 1535 514 Filium,
1557 464 1663 502 non
1696 456 1742 512 Α
1773 444 2206 508 mutabilitatem,
2268 446 2617 500 accedentem
2659 459 2872 516 quoque
2921 452 2976 501 et
3036 443 3347 498 mutabilem

144 563 285 619 Filius
312 569 399 625 per
421 550 662 608 Patrem;
702 539 955 611 quoniam
979 538 1356 595 auctoritatem
1380 540 1665 609 operandi,

142 663 279 725 quam
303 644 449 700 habet
476 636 661 725 Filius,
690 632 896 717 liabeta
921 629 1099 691 Patre,
1130 636 1235 682 non
1266 627 1431 683 Pater
1455 644 1485 683 a
1505 629 1694 686 Filio;

140 719 215 801 sic
237 739 384 805 igitur
411 722 772 785 demonstrato
799 722 943 793 quod
973 720 1157 775 omnia
1198 720 1338 775 bona
1365 719 1509 777 facta
1540 730 1685 776 sunt.

140 848 218 906 per
240 823 477 884 Verbum,
507 816 901 884 conSequenter
928 811 1239 867 ostenditur
1291 811 1434 879 quod
1461 809 1667 867 nullum

137 902 309 980 tantum
336 915 527 970 factum
554 916 639 964 est
669 920 768 975 per
792 905 987 975 ipsum,
1010 917 1132 959 cum
1161 902 1412 958 subditur
1433 920 1459 957 τι

201 1011 259 1067 Et
286 1009 391 1064 sine
421 1005 537 1071 ipso
556 1000 753 1071 farctum
782 1004 861 1053 est
892 994 1045 1063 nihil,
1080 996 1133 1051 id
1161 1004 1244 1052 est
1270 1004 1557 1066 peccatum
1581 995 1671 1052 ναι

134 1104 314 1160 vitium.
341 1095 444 1152 lloc
468 1101 551 1149 est
570 1090 711 1160 quod
740 1088 875 1145 dicit
895 1087 1129 1145 lacubus
1167 1088 1219 1142 in
1241 1087 1467 1157 epistola
1503 1102 1671 1146 cann-

133 1197 231 1251 nics
260 1209 272 1246 :
316 1187 474 1244 Omne
522 1184 705 1237 datum
732 1182 1008 1252 optimum,
1037 1190 1086 1235 et
1113 1196 1263 1236 omne
1282 1182 1478 1235 donum
1499 1182 1669 1251 perfe-

132 1296 249 1340 rtttnt
289 1283 547 1334 desursum
583 1282 678 1338 est,
727 1273 1039 1328 descendens
1085 1289 1119 1328 a
1169 1270 1335 1327 Patre
1383 1271 1671 1338 luminum,

129 1374 246 1445 apud
281 1385 422 1441 quem
470 1382 572 1422 non
621 1375 696 1421 est
745 1366 1115 1421 transmutatio
1163 1381 1255 1420 nec
1295 1366 1667 1422 vicissitudinis

131 1460 417 1519 obumbratio
452 1457 597 1530 (Jac.
632 1456 693 1528 t).
739 1458 821 1513 Ac
874 1456 922 1512 si
976 1467 1162 1528 aperte
1189 1457 1335 1512 dicat
1366 1474 1380 1510 :
1411 1457 1485 1510 Ita
1523 1455 1668 1513 Deus

128 1553 309 1610 confert
333 1551 466 1606 bona
486 1548 633 1620 quod
662 1562 770 1604 non
800 1548 962 1604 infert
993 1548 1156 1616 mala,
1184 1550 1253 1603 ita
1289 1558 1464 1603 mutat
1495 1548 1668 1604 homi-

127 1656 211 1701 nes
231 1659 258 1698 s
286 1641 423 1698 malo
478 1641 529 1696 in
575 1639 777 1696 bonum
806 1639 950 1706 quod
988 1655 1096 1696 nov
1126 1650 1452 1696 transmutat
1477 1655 1574 1696 eos
1599 1640 1667 1696 de

125 1737 243 1792 bono
268 1735 318 1789 in
346 1733 563 1800 malum,
592 1731 667 1787 ita
698 1731 965 1787 illuminat
981 1731 1235 1787 homines
1258 1732 1377 1786 luce
1402 1731 1663 1786 virtutum

1774 536 1938 593 fuisse
1960 534 2012 591 in
2037 535 2146 591 Deo
2168 534 2495 590 voluntatem
2523 542 2577 589 et
2603 535 3033 605 dispositionem,
3067 550 3162 605 per
3185 548 3348 604 quam

1772 627 1954 687 subito
2005 628 2209 698 aliquid
2236 627 2512 692 voluisset,
2555 628 2793 682 ostendit
2818 642 2884 684 ea
2912 643 3032 696 qum
3059 625 3199 683 facta
3220 636 3347 682 sunt

1774 721 1837 774 int
1871 729 2130 789 tempore,
2189 719 2244 773 in
2303 727 2484 775 mente
2531 718 2712 774 divina
2768 732 2864 791 per
2915 719 3258 788 praesentiam
3295 724 3345 773 et

1772 811 2178 880 dispositionem
2236 824 2453 879 semper
2499 810 2666 866 fuisse
2712 821 2767 865 et
2802 824 3099 883 esse,.cum
3128 808 3346 883 subjun-

1773 902 1851 972 git
1880 918 1895 956 :
1921 900 2074 967 Quod
2111 901 2313 970 factum
2337 910 2414 960 est
2438 901 2499 956 in
2525 902 2638 971 ipso
2662 901 2765 958 vita
2795 910 2930 971 erat,
2964 900 3067 955 hoc
3090 909 3173 955 est
3203 900 3348 965 quod

1773 991 1901 1047 alibi
1936 991 2227 1062 legituru
2257 990 2360 1059 Qui
2387 991 2516 1047 fecit
2543 1006 2663 1062 quae
2689 991 2865 1047 futura
2914 1000 3069 1053 sunt.
3118 990 3261 1058 llinc.
3294 1000 3348 1042 et

1772 1081 2100 1139 Psalmista:
2133 1078 2366 1151 Populo,
2400 1081 2596 1151 inquit,
2624 1082 2714 1152 qui
2747 1090 3013 1155 nascetur,
3043 1096 3194 1149 quem
3226 1065 3348 1147 fecit

1774 1173 2030 1228 Dominus
2057 1169 2230 1242 (Psal.
2270 1171 2406 1243 XM).
2437 1170 2706 1245 Quidquid
2730 1171 2872 1226 enim
2909 1170 3052 1231 Deus
3079 1179 3349 1239 tempora—

1772 1264 1896 1323 liter
1927 1263 2167 1318 facturus
2202 1270 2342 1326 erat,
2369 1261 2613 1331 praevidit
2639 1260 2711 1321 ab
2741 1270 2965 1329 aeterno,
2998 1258 3151 1333 quid,
3179 1274 3347 1333 qttan~

1770 1365 1909 1419 tum,
1953 1354 2134 1424 quale,
2189 1353 2276 1408 ubi
2322 1362 2378 1409 et
2421 1352 2641 1423 quando
2683 1352 2813 1426 illud
2842 1340 3082 1408 facturus
3108 1361 3249 1407 erat.
3287 1348 3343 1403 Si

1770 1446 1915 1502 enim
1945 1444 2278 1500 architectus
2303 1443 2639 1514 temporalis,
2683 1457 2867 1498 arcam
2899 1441 3164 1503 facturus,
3198 1437 3347 1509 prius

1773 1537 1931 1593 habet
1957 1549 2079 1591 eam
2112 1535 2165 1590 in
2203 1541 2383 1589 mente
2411 1549 2508 1606 per
2530 1533 2961 1604 przevidentiam,
2991 1542 3040 1588 et
3072 1518 3256 1601 postea
3278 1531 3344 1581 ad
3394 1520 3397 1523 ’

1775 1626 2058 1701 exemplar
2107 1626 2303 1682 mentis
2336 1640 2449 1680 suae
2499 1624 2725 1681 fabricat
2760 1633 2814 1679 et
2855 1623 3045 1695 ﬁgurat
3087 1622 3249 1677 illam.
3282 1620 3345 1674 Et

1772 1735 1897 1776 arca
1951 1720 2168 1789 quidem
2224 1717 2523 1774 materialis
2558 1716 2735 1786 perit;
2779 1730 2901 1783 arca
2938 1729 3066 1770 vero
3098 1701 3347 1770 mentalis

126 1825 246 1895 quod
272 1838 373 1880 non
402 1823 642 1879 vicissim
679 1821 966 1878 obumbrat
999 1836 1095 1877 eos
1124 1822 1361 1877 tenebris
1388 1822 1662 1876 vilittrum.
1696 1805 1740 1867 Β
1769 1810 2057 1877 consistit;
2087 1811 2160 1865 ita
2189 1809 2331 1881 quod
2356 1810 2423 1865 ad
2442 1805 2720 1877 exemplar
2742 1805 2861 1876 ejus
2885 1804 2988 1859 alia
3018 1814 3070 1859 et
3101 1804 3204 1858 alia
3230 1801 3344 1858 fieri

124 1916 253 1984 Quod
279 1915 418 1969 enim
452 1914 648 1984 legitur
671 1913 813 1968 Deus
834 1927 1113 1970 excauare
1139 1912 1377 1981 iniquos,
1401 1911 1484 1967 vel
1512 1909 1665 1966 indu-

123 2022 244 2074 rare,
283 2007 378 2062 hoc
402 2007 525 2061 facit
555 2007 743 2076 utique
769 2020 877 2060 non
922 2006 1175 2061 tenebras
1207 2005 1460 2060 vitiorum
1487 2004 1665 2060 infun-

122 2099 291 2164 dendo,
322 2100 417 2154 sed
441 2098 625 2153 lumen
654 2096 842 2168 gratia:
870 2111 982 2153 sua.
1003 2096 1395 2153 subtrahendo.
1444 2093 1666 2151 Verum-

122 2202 272 2246 tamen
322 2188 859 2245 animadvertendum
903 2196 989 2243 est
1034 2187 1291 2257 quoniam
1334 2186 1437 2241 hoc
1468 2200 1662 2239 nomen

119 2284 288 2339 malum
330 2283 381 2338 in
432 2295 587 2338 sacra
618 2280 897 2350 Scriptura
927 2280 1191 2350 triplicem
1232 2278 1370 2349 get-it
1398 2275 1667 2345 acceptio-

119 2389 239 2428 netn.
267 2371 597 2440 Quandoque
636 2384 870 2440 namque
893 2369 1093 2425 malum
1125 2378 1667 2441 nttttcupaturgpaena,

113 2466 374 2531 tribulatio,
410 2467 676 2528 anxietas,
707 2464 789 2519 vel
827 2456 1134 2534 ﬂagellum;
1181 2476 1300 2532 quae
1351 2460 1606 2531 quoniam
1635 2473 1665 2511 a

117 2572 304 2614 summo
337 2557 518 2626 judice
563 2555 720 2624 justo
769 2554 977 2624 judicio
1030 2554 1429 2618 immittuntur,
1478 2548 1666 2622 procul

115 2648 254 2704 dubio
298 2663 326 2703 a
362 2648 469 2703 Deo
499 2656 651 2703 sunt.
704 2646 858 2703 Unde
904 2647 1119 2719 legitur,
1147 2663 1249 2700 non
1276 2656 1350 2700 est
1380 2644 1576 2698 malum
1614 2640 1668 2695 in

111 2741 292 2796 ricitate
314 2741 450 2810 quod
484 2751 592 2794 non
641 2744 825 2809 fecerit
868 2738 1127 2795 Dominus
1154 2739 1354 2811 (Amos.
1382 2739 1488 2806 ut),
1511 2734 1668 2803 juxta

89 2830 233 2898 ,quod
278 2829 391 2900 ipse
438 2843 540 2901 per
578 2829 774 2883 Isaiam
809 2829 940 2884 dicit
981 2845 995 2882 :
1030 2826 1139 2898 Ego
1169 2842 1286 2882 sum
1319 2825 1458 2881 Deus
1491 2835 1537 2879 et
1566 2841 1668 2879 non

108 2922 240 2988 alter,
269 2923 502 2993 formans
532 2926 728 2988 tucem,
767 2932 816 2977 et
845 2937 1031 2976 creans
1064 2919 1321 2982 tenebras,
1344 2900 1542 2987 faciens
1574 2934 1672 2987 pa-

108 3031 220 3079 rem,
247 3024 293 3069 et
317 3031 501 3070 creatis
531 3014 736 3069 malum
761 3013 897 3087 (ιω.
921 3011 1135 3082 sunt).
1182 3012 1515 3080 Quandoque
1541 3025 1674 3069 vero

107 3104 283 3161 dicitur
328 3106 557 3171 malum,
592 3104 735 3161 maia
773 3120 883 3171 res,
928 3113 988 3159 ut
1016 3111 1142 3174 puta
1177 3102 1354 3158 maius
1377 3102 1557 3166 homo,
1588 3101 1671 3159 vel

106 3198 230 3253 actio
263 3198 424 3253 mala.
475 3199 615 3266 Quae
648 3198 867 3268 quidem
896 3196 951 3250 itt
977 3204 1238 3266 quantum
1269 3206 1354 3250 εει
1380 3209 1410 3248 a
1441 3193 1550 3253 Deo
1573 3209 1669 3251 au-

105 3298 252 3351 ctore,
310 3295 448 3345 bona
484 3299 594 3347 est.
625 3286 964 3358 Quandoque
1008 3288 1173 3341 etiam
1212 3286 1411 3345 dicitur
1447 3286 1672 3353 malum,

107 3379 306 3443 malitia.
337 3380 421 3435 vel
464 3379 753 3450 iniustitia,
788 3386 845 3434 et
870 3377 1149 3448 quodlibet
1188 3384 1491 3449 peccatum.
1522 3376 1674 3443 Quod

109 3471 332 3541 quoniam
355 3481 439 3527 est
465 3470 952 3542 privatiojustitiai
980 3468 1111 3525 nihil
1142 3479 1248 3533 est,
1277 3478 1331 3523 et
1360 3467 1480 3524 ideo
1504 3484 1534 3521 a
1565 3469 1681 3527 Deo

108 3576 193 3619 :ton
216 3573 312 3617 est.
342 3559 584 3629 Quando
604 3576 742 3630 ergo
770 3561 995 3632 legimus
1023 3562 1164 3630 quod
1194 3566 1497 3629 peccatum,
1526 3556 1674 3627 quod

130 3651 288 3720 itium,
320 3654 469 3725 quod
500 3650 706 3708 idolum
748 3650 880 3706 nihil
912 3658 1015 3714 est,
1040 3648 1387 3705 distinctione
1409 3661 1544 3716 opus
1564 3655 1673 3700 est.

114 3748 150 3804 Si
190 3750 331 3804 enim
376 3750 447 3806 de
499 3747 741 3804 nominis
768 3745 1035 3816 appellato
1066 3758 1247 3800 sermo
1282 3741 1500 3806 texitur,
1534 3739 1669 3797 falsa

102 3849 168 3895 est
194 3841 388 3898 locutio
411 3882 429 3910 ,
491 3840 756 3911 quoniam
786 3837 914 3891 illttd
942 3837 1083 3906 quod
1126 3845 1211 3890 est
1243 3843 1552 3900 peccatum,
1592 3831 1679 3887 vel

98 3932 301 4001 idolum,
321 3946 436 3989 non
467 3930 607 3988 nihil
630 3939 734 3986 est.
764 3928 1122 3984 Homicidium
1150 3930 1346 3997 quippe
1372 3933 1526 3985 actus
1552 3938 1679 3978 cru-

93 4026 216 4081 delis
246 4036 301 4082 et
346 4026 629 4089 immanis,
662 4032 720 4080 et
748 4022 949 4079 idolum
985 4037 1184 4093 corpus
1224 4030 1325 4076 est.
1371 4018 1427 4075 Si
1458 4034 1586 4076 vero
1611 4019 1677 4075 de

91 4117 310 4172 nominis
356 4116 633 4187 qualitate
677 4129 858 4169 sermo
905 4123 1260 4184 proponatur,
1302 4110 1484 4181 procul
1513 4112 1677 4167 dubio

89 4214 235 4266 Verus
284 4217 375 4265 est
402 4222 620 4265 sermo.
658 4206 791 4263 illud
824 4207 1024 4278 quippe
1059 4205 1200 4261 unde
1230 4203 1429 4259 idolum
1479 4218 1679 4258 nomen

90 4303 321 4373 accepit,
344 4302 486 4358 nihii
527 4310 634 4365 est,
665 4301 922 4371 quoniam
951 4298 1248 4356 conformis
1279 4296 1476 4363 deitas,
1513 4310 1679 4367 quam

83 4390 211 4463 falsa
244 4394 542 4451 hominum
578 4390 763 4462 opinio
792 4390 840 4446 ei
867 4389 1136 4453 attribuit,
1162 4387 1297 4443 nihil
1328 4402 1550 4457 prorsus
1574 4393 1685 4441 est.

1766 1904 2178 1976 possit.Quanto
2208 1901 2378 1971 magis
2402 1897 2681 1969 exemplar
2701 1896 2895 1950 divinae
2921 1895 3117 1949 mentis
3146 1893 3345 1949 immu-

1770 1994 2007 2052 tabiliter
2028 2002 2234 2059 manet,
2273 1992 2399 2048 licet
2428 2005 2514 2047 res
2538 1990 2604 2044 ad
2639 1987 2767 2044 illud
2798 1987 2955 2041 iacta:
2981 1984 3352 2057 temporaliter

1766 2088 2026 2145 accedant
2049 2095 2105 2140 et
2136 2085 2412 2141 recedant.
2502 2156 2503 2159 η

1839 2178 2099 2248 Sequitur
2120 2192 2247 2246 pars
2269 2175 2448 2238 tertia,
2484 2174 2535 2228 in
2558 2187 2662 2242 qua
2691 2170 2877 2241 incipit
2904 2165 3229 2236 evangelista
3258 2165 3351 2221 de-

1767 2278 2073 2324 monstrare
2128 2265 2414 2323 hominum
2462 2263 2671 2318 ruinant
2704 2276 2802 2332 per
2822 2258 3056 2315 Verbum
3097 2256 3190 2327 Dei
3231 2271 3353 2312 esse

1770 2369 2097 2431 reparatam.
2154 2359 2220 2414 Et
2264 2358 2364 2412 hoc
2408 2354 2813 2411 modozpt'imo
2841 2353 3179 2409 demonstrat
3206 2350 3348 2418 quod

1769 2450 1863 2506 Dei
1913 2449 2173 2513 Verbum,
2235 2446 2378 2518 quod
2410 2446 2557 2503 dedit
2583 2444 2795 2501 caeteris
2819 2442 2980 2499 rebus
3016 2435 3137 2497 esse
3161 2438 3247 2495 vel
3274 2440 3352 2493 vi-

1770 2558 1918 2608 vere,
1945 2541 2149 2597 homini
2179 2541 2344 2596 etiant
2375 2538 2736 2609 cognitionem
2769 2536 2849 2590 sui
2882 2531 3157 2590 Creatoris
3182 2520 3350 2586 dedit.

1773 2633 2046 2698 Secundo,
2077 2632 2219 2703 quod
2253 2632 2416 2686 homo
2448 2631 2578 2685 vitio
2607 2644 2704 2683 suo
2736 2628 2881 2682 illam
2910 2625 3114 2680 amisit.
3146 2622 3351 2687 Tertio,

1771 2723 2040 2793 quomodo
2095 2736 2190 2791 per
2227 2719 2461 2777 Verbum
2516 2718 2608 2773 Dei
2661 2717 2805 2772 illam
2848 2713 3208 2785 recuperavit.
3241 2711 3357 2766 Pri-

1773 2830 1920 2871 mum
1945 2814 2107 2886 igitur
2129 2812 2368 2870 ostendit
2390 2810 2532 2881 quod
2566 2808 2656 2864 Dei
2683 2807 2941 2873 Verbum,
2968 2802 3112 2876 quod
3140 2801 3356 2859 Cteteris

1774 2907 1941 2964 rebus
1997 2905 2144 2960 dedit
2175 2903 2470 2959 essentiam
2497 2900 2580 2955 vel
2626 2899 2818 2963 vitam,
2849 2897 3158 2953 hominibus
3191 2895 3357 2948 etiam

1774 2998 1921 3054 dedit
1981 2997 2064 3051 sui
2117 2994 2503 3071 cognitionem,
2534 3007 2656 3047 cum
2686 2989 2933 3046 subditur
2961 3001 2977 3042 :
3004 2984 3071 3041 Et
3101 2986 3207 3041 uita
3244 2994 3371 3039 erat:

1775 3088 1868 3143 lux.
1891 3087 2180 3142 hominum.
2211 3086 2289 3139 Ac
2313 3084 2358 3139 si
2384 3091 2569 3155 aperte
2598 3082 2777 3136 dicat:
2808 3079 3043 3135 Verbum
3073 3076 3363 3147 q‘uod'erzat

1776 3196 1873 3252 per
1930 3176 2343 3249 metonymiam,
2389 3173 2713 3247 quibusdam
2765 3173 2925 3227 rebus
2950 3168 3209 3233 essentia,
3240 3169 3359 3236 qui-

1774 3273 2000 3328 husdam
2030 3268 2194 3327 etiam
2214 3268 2323 3322 vita
2351 3274 2490 3332 erat,
2519 3263 2825 3321 hominibus
2845 3261 3101 3324 essentia,
3133 3268 3188 3314 et
3220 3260 3373 3326 vita,

1775 3372 1830 3418 et
1875 3362 1989 3417 lux.
2040 3360 2158 3414 Non
2195 3359 2341 3413 enim
2368 3356 2657 3414 insensatis
2687 3354 2866 3419 rebus,
2902 3367 3008 3407 non
3047 3351 3221 3406 brutis
3245 3352 3365 3403 ani:

1777 3452 2029 3520 ntalibns,
2080 3436 2175 3508 sed
2222 3449 2320 3505 soli
2359 3458 2623 3503 creaturae
2665 3444 2910 3500 rationali
2940 3441 3087 3496 dedit
3117 3439 3256 3494 Deus
3277 3439 3361 3493 sui

1777 3545 2161 3616 cognitionem.
2194 3542 2369 3597 Porro
2405 3538 2690 3611 tripiiciter
2732 3535 3000 3591 illuminat
3021 3531 3163 3588 Deus
3186 3532 3366 3586 hom?-

1779 3657 1926 3704 nem,
1960 3638 2185 3696 rationis
2210 3638 2560 3702 discretione,
2592 3633 2737 3699 fidei,
2784 3639 3209 3698 cmterarumqtte
3236 3640 3361 3699 gra-

1782 3735 1981 3790 tiarum
2021 3731 2399 3795 illustratione,
2442 3738 2497 3784 et
2538 3727 2620 3783 sui
2658 3725 2826 3797 ipsius
2865 3721 3214 3779 revelatione.
3245 3718 3361 3775 Pri~

1779 3839 1927 3879 mum
1983 3821 2113 3877 facit
2162 3818 2438 3876 hominem
2485 3833 2700 3881 creans,
2745 3814 3041 3872 secundum
3094 3811 3243 3866 illum
3275 3826 3368 3866 re-

1782 3929 1998 3979 creans,
2036 3913 2251 3969 tertinm
2282 3910 2430 3965 illum
2456 3910 2782 3982 glorificans.
2814 3907 3052 3962 Primum
3079 3912 3161 3959 cst
3187 3903 3373 3958 homi‘

1779 4005 1835 4060 ni
1866 4016 2084 4069 natura;
2109 4002 2427 4066 secundum,
2460 4000 2656 4072 gratia;
2691 3999 2933 4063 tertium,
2962 4010 3170 4051 merces
3195 4004 3362 4050 mter-

1780 4111 1871 4151 na.
1907 4094 2061 4150 Unde
2089 4103 2143 4148 et
2171 4092 2366 4163 legitur
2409 4091 2556 4146 illum
2587 4091 2884 4162 plasmasse
2910 4088 2980 4142 ad
3012 4087 3288 4157 imaginem
3312 4093 3373 4139 es

1781 4186 2180 4242 similitudinem
2209 4199 2359 4239 suam
2396 4180 2547 4255 (Gen.
2578 4180 2640 4254 t).
2680 4181 2763 4238 Ad
2793 4179 3081 4252 imaginem
3112 4178 3166 4233 in
3199 4176 3363 4231 ratio-

1782 4293 1868 4342 ne,
1897 4275 1964 4333 ad
1992 4277 2401 4331 similitudinem
2428 4276 2481 4328 itt
2513 4273 2778 4338 bonitate,
2804 4279 2865 4327 ut
2897 4270 3148 4326 videlicet
3172 4278 3367 4338 quem-

1780 4367 2076 4426 admodum
2135 4368 2276 4423 Deus
2325 4376 2409 4422 est
2454 4363 2734 4422 rationalis
2776 4366 2852 4429 et}
2880 4361 3078 4427 bonus,
3114 4360 3216 4423 sic,
3265 4359 3364 4413 sed

88 4456 342 4545 Similiter
383 4497 445 4544 et
480 4452 636 4541 'illud
665 4483 807 4539 unde
854 4452 1206 4538 homicidium
1237 4452 1670 4552 cog-nominatur.

1785 4473 1884 4537 suo
1914 4458 2094 4522 modo,
2137 4457 2299 4513 homo
2346 4466 2489 4512 esset
2522 4453 2855 4511 rationabilis
2895 4460 2950 4507 et
2981 4452 3171 4513 bonus,
3201 4457 3256 4502 et
3278 4463 3377 4501 ra-

85 4576 233 4633 nihil
260 4586 371 4646 εει,
408 4577 690 4649 quoniam
730 4590 839 4631 non
869 4583 1096 4638 naturae,
1129 4574 1223 4629 sed
1253 4574 1430 4643 potius
1455 4573 1683 4643 iustitia

87 4669 356 4742 debitique
410 4671 547 4727 linis
600 4670 836 4739 privatio
863 4676 964 4722 est.
1016 4666 1085 4723 Et
1122 4681 1243 4722 cum
1285 4665 1537 4723 subtilius
1566 4680 1679 4720 rem

88 4760 446 4833 inquiramus,
492 4759 675 4816 nullus
701 4768 853 4814 actus
875 4766 1365 4828 quantumcunque
1394 4768 1689 4826 pervorsus

85 4853 169 4919 sit,
196 4867 229 4908 a
254 4852 452 4908 debito
484 4849 598 4906 line
632 4848 944 4904 frustratur.
975 4845 1038 4901 Et
1066 4846 1113 4902 si
1143 4846 1287 4901 enim
1313 4859 1478 4914 prava
1507 4844 1684 4897 inten-

86 4946 160 5002 tio
204 4945 451 5018 agentis,
508 4951 772 5014 quantum
824 4942 879 4996 in
924 4954 985 4996 se
1011 4950 1120 5014 est,
1170 4946 1350 4994 actum
1395 4936 1677 5007 pervertit,

86 5046 267 5094 tamen
299 5050 566 5093 summus
587 5043 778 5089 auctor
796 5046 936 5102 opus
956 5045 1115 5086 suum
1141 5030 1207 5085 ad
1229 5029 1471 5085 debitum
1495 5025 1680 5090 tinent,

86 5125 136 5180 id
164 5128 250 5183 est
270 5128 342 5183 ad
368 5125 609 5198 iustitiae
634 5123 723 5179 vel
741 5120 1127 5179 misericordia:
1155 5135 1267 5176 suae
1296 5117 1510 5174 laudem
1538 5130 1687 5172 seut-

81 5234 178 5287 »ετ
221 5218 449 5290 dirigit.
500 5216 569 5274 Et
618 5225 799 5272 tamen
861 5213 988 5270 inde
1038 5227 1241 5284 pravus
1273 5210 1521 5266 minister
1540 5207 1687 5279 juste

86 5309 676 5383 damnatur,quoniam
703 5317 884 5364 actum
910 5315 1390 5376 qttantnmemupte
1422 5302 1474 5354 in
1500 5314 1558 5355 se
1576 5308 1687 5361 est,

83 5420 113 5460 ι
135 5405 327 5462 debito
360 5405 482 5461 line
515 5403 767 5475 privavit,
791 5399 1242 5472 quemadmodum
1271 5396 1359 5450 ille
1383 5393 1474 5463 qui
1503 5405 1685 5462 regem

85 5495 257 5552 voluit
307 5495 577 5567 prodere,
627 5494 940 5555 damnatur,
995 5503 1099 5544 non
1129 5486 1252 5556 quia
1298 5482 1559 5556 prodidit,
1593 5481 1687 5537 sed

80 5587 232 5656 quia,
295 5594 577 5659 quantum
633 5583 687 5639 in
743 5597 809 5637 eo
858 5589 965 5646 εει,
997 5578 1143 5633 fecit.
1192 5575 1479 5645 Postquam
1504 5581 1687 5627 autem

82 5679 223 5733 dixit
272 5676 623 5748 evangelista
672 5690 767 5745 per
818 5671 1055 5727 Verbum
1090 5669 1232 5724 facta
1257 5682 1378 5724 esse
1412 5664 1686 5733 universa,

79 5786 147 5825 ne
195 5769 290 5827 cui
363 5770 650 5826 videretur
701 5764 994 5821 secundum
1039 5776 1221 5820 rerum
1245 5760 1607 5817 accessionem
1635 5766 1691 5833 et

1786 4536 1929 4601 tione
1947 4544 2163 4615 quidem
2184 4544 2345 4601 Sciret
2370 4545 2681 4600 discernere
2706 4536 2889 4597 verum
2914 4555 2943 4592 a
2976 4537 3135 4601 falso,
3157 4536 3362 4591 bonum

1783 4655 1814 4694 a
1844 4639 2007 4704 malo,
2038 4648 2093 4693 et
2115 4638 2288 4707 maius
2312 4639 2511 4693 bonum
2545 4652 2572 4690 a
2608 4637 2782 4690 minus
2816 4632 2979 4687 bono.
3008 4629 3071 4685 Et
3097 4632 3168 4685 ita
3202 4630 3365 4697 super

1782 4730 1962 4784 omnia
2005 4728 2265 4797 reperiret
2294 4737 2350 4782 et
2375 4732 2785 4798 recognosceret
2805 4735 2990 4775 verum
3013 4727 3068 4773 et
3093 4730 3377 4772 summum.

1783 4821 2008 4886 bonum,
2059 4821 2303 4875 bonitate
2350 4834 2480 4874 vero
2518 4818 2820 4871 imitaretur
2846 4812 3128 4867 etcoleret
3164 4808 3360 4881 ipsum.

1788 4910 1942 4968 Unde
1969 4927 2092 4966 cnnt
2118 4910 2403 4966 Psaltnista
2430 4909 2780 4979 quasstionctn
2809 4903 3079 4976 posuisset
3105 4914 3362 4972 quorum-

1783 5003 1905 5058 dam
1929 5001 2223 5056 dicentium
2250 5018 2263 5053 :
2287 4999 2420 5065 Quis
2449 4998 2677 5054 ostendet
2700 4996 2845 5050 nobis
2872 4993 3047 5048 bona?
3071 4989 3244 5061 (Psal.
3266 4990 3364 5057 tv.)

1786 5091 1984 5149 Statim
2037 5094 2158 5163 quis
2218 5090 2357 5146 bona
2416 5090 2571 5145 nobis
2600 5088 2917 5160 ostenderit,
2949 5084 3207 5146 ostendit,
3235 5096 3364 5135 cum

1786 5189 2101 5259 sultjttngit:
2134 5185 2409 5258 Signatum
2445 5194 2522 5240 est
2553 5201 2705 5254 super
2733 5199 2824 5238 nos
2854 5182 3029 5236 lumen
3056 5179 3232 5235 vultus
3259 5178 3369 5239 tui;

1788 5278 2010 5333 Domine
2064 5280 2259 5349 (ibid.).
2314 5276 2506 5333 Vultus
2564 5277 2763 5348 ‘quippe
2811 5274 2906 5330 Dei
2936 5273 3104 5330 Filius
3132 5280 3236 5335 εει.
3266 5285 3369 5343 per

1787 5384 1950 5441 quem
2003 5369 2145 5424 Dens
2171 5355 2533 5441 cognoscitur,
2568 5369 2731 5435 ‘cnjus
2760 5367 2939 5423 lumen
2967 5362 3371 5433 dicitnr'gratia

1789 5456 2048 5519 virtutum
2092 5463 2228 5532 ejus,
2257 5479 2486 5535 quantm
2526 5464 2675 5518 radio
2695 5462 2803 5518 'nds
2831 5464 3009 5531 signat
3037 5464 3092 5512 et
3122 5457 3365 5525 insignit,

1788 5558 1965 5614 ethoc
1990 5572 2147 5617 super
2176 5573 2289 5619 nos,
2322 5555 2374 5617 id
2406 5564 2491 5609 est
2543 5555 2593 5610 itt
2637 5554 2901 5624 superiori
2934 5558 3087 5621 parte
3115 5544 3365 5605 rationis,

1787 5649 1841 5704 in
1861 5666 1962 5720 qua
1981 5648 2091 5703 sola
2122 5648 2320 5702 relucet
2363 5630 2539 5719 ittiago
2571 5646 2684 5711 Dei,
2719 5636 2973 5715 tanquam
3001 5634 3276 5708 exemplar
3307 5635 3369 5689 in

1792 5742 2010 5821 speculo
2060 5751 2117 5799 et
2163 5740 2337 5798 forma
2374 5740 2710 5827 sigilli’cetis
2741 5733 3039 5806 impressis.
3075 5729 3197 5787 ιιωο
3221 5728 3366 5784 enin"
