3820 6312
459 411 596 469 Πιῦ

458 525 800 595 originaliter
830 535 1110 574 sumntum
1129 520 1292 589 sapit,
1324 527 1492 586 amat,
1521 526 1577 573 et
1604 516 1801 587 quarit-
1823 518 2043 585 bonum,
2074 522 2121 578 Α

459 628 514 670 et
567 613 890 668 naturaliter
947 612 1015 668 ad
1073 627 1227 668 suum
1281 625 1496 678 semper
1547 607 1753 665 revolat
1776 617 1834 665 et
1869 608 2042 666 tendit

458 704 738 776 exemplar
762 713 818 758 et
847 701 1193 775 principium.
1211 700 1365 756 Sicut
1389 699 1684 755 Psal’mista
1715 708 1947 755 testatur
1971 701 2046 756 ad

459 803 638 866 ipsum
687 797 954 870 loquens:
989 794 1102 849 Tibi
1146 794 1283 850 dixit
1332 809 1423 847 cor
1450 808 1642 857 meum,
1689 792 1964 863 exquisioit
1991 801 2040 847 te

457 889 622 960 [adeo
653 891 816 954 mea,
843 887 1032 956 facient
1075 895 1238 946 tuam,
1270 881 1516 946 Domine,
1566 883 1828 952 requiram
1863 880 2039 952 (Psal.

457 981 634 1051 xxvi).
681 980 751 1036 Et
789 986 994 1050 quanto
1044 975 1217 1044 magis
1259 973 1447 1042 imago
1494 973 1678 1029 divina
1727 973 1781 1028 in
1823 972 1979 1029 nobis
2008 987 2039 1027 a

456 1072 608 1128 vitiis
661 1069 1003 1141 puriﬁcatur,
1055 1075 1110 1122 et
1156 1066 1451 1120 virtutibus
1502 1065 1616 1120 Deo
1662 1063 2036 1130 assimulatur,

457 1173 610 1220 tanto
661 1161 840 1236 magis
859 1175 987 1216 eum
1011 1158 1313 1230 cognoscit,
1351 1159 1506 1216 ardet
1534 1167 1588 1215 et
1619 1158 1832 1229 qumrit.
1863 1156 2038 1213 Caele-

455 1271 576 1315 rnm
606 1255 735 1312 dum
762 1269 794 1311 a
819 1252 1026 1309 carnali
1078 1252 1479 1309 inhabitatione
1508 1265 1661 1308 mens
1689 1259 2038 1324 aggravatur,

453 1344 644 1416 nequit
669 1356 1057 1420 usquequaque
1100 1342 1289 1400 sordes
1319 1342 1573 1398 vitiorum
1597 1357 1628 1397 a
1660 1356 1718 1397 se
1741 1341 2038 1406 declinare,

454 1454 556 1494 nec
585 1451 780 1495 omnes
806 1435 1008 1492 Christi
1033 1436 1264 1492 virtutes
1285 1435 1551 1503 aemulari,
1581 1451 1680 1490 nec
1708 1434 1876 1506 ipsas.
1902 1448 2038 1503 quas

452 1528 636 1592 habet,
670 1528 743 1586 ad
766 1540 997 1598 unguem
1024 1526 1299 1597 perfectas
1314 1527 1582 1582 obtinere.
1607 1526 1900 1595 Propterea
1931 1541 2041 1580 non

449 1630 634 1697 potest
681 1621 772 1677 hic
816 1636 1090 1678 summum
1139 1620 1339 1676 bonum
1386 1620 1676 1690 speculari,
1711 1620 1836 1687 nisi,
1869 1631 1926 1674 ut
1960 1621 2037 1675 ait

448 1713 768 1787 Apostolus,
814 1729 906 1783 per
958 1713 1230 1782 speculum
1260 1722 1308 1767 et
1339 1715 1398 1766 in
1430 1713 1730 1784 a'ni‘gmate.
1761 1711 1847 1767 Ex
1887 1723 2044 1782 parte

449 1807 588 1862 enim
616 1804 700 1858 hic
723 1803 1107 1879 cognoscimus,
1135 1813 1183 1859 et
1210 1819 1275 1857 ea:
1301 1813 1450 1873 parte
1486 1803 1880 1874 prophetarum.
1901 1801 2040 1856 Cttm'

450 1907 654 1959 autem,
689 1893 939 1964 deposita
965 1893 1320 1960 mortalitate,
1368 1894 1560 1949 renerit
1587 1894 1724 1969 quod
1743 1893 2033 1962 perfectum
2074 1889 2115 1957 Β

449 1995 548 2051 est,
599 1995 807 2040 remota
867 1985 1018 2040 omni
1073 1985 1238 2050 nube,
1282 1985 1571 2039 videbimus
1621 2002 1738 2039 eum
1796 1985 1932 2054 [acie
1962 1985 2040 2038 ad

449 2075 636 2150 {aciem
678 2084 840 2152 atque
861 2077 1018 2131 sicuti
1042 2085 1117 2132 est
1141 2075 1190 2145 (Ι
1229 2075 1356 2132 Car.
1385 2092 1518 2143 xm;
1551 2075 1580 2130 1
1612 2076 1772 2133 Joan.
1802 2079 1901 2148 ιιι).
1930 2076 2029 2146 Qui

446 2185 578 2224 vero
632 2168 871 2226 divinam
920 2168 974 2226 in
1012 2183 1070 2228 se
1100 2168 1393 2242 imaginem
1423 2170 1698 2241 negligant
1721 2169 2030 2241 puriticare,

445 2260 721 2334 palis-etes
762 2274 882 2317 eam
903 2262 1166 2333 paulatim
1196 2262 1342 2317 vitiis
1361 2262 1663 2328 obscurari,
1716 2277 1820 2317 non
1859 2261 2031 2318 solum

444 2355 684 2418 divinam
740 2354 996 2414 amittunt
1057 2353 1491 2420 similitudinem,
1543 2356 1639 2410 sed
1693 2358 1858 2410 etiam
1919 2357 2029 2426 ipsa

443 2447 502 2507 in.
551 2447 633 2503 eis
691 2446 870 2517 imago
922 2446 1246 2504 diminuitur
1293 2455 1348 2500 et
1398 2447 1788 2515 obnubilauit,
1833 2458 1892 2502 ut
1937 2447 2036 2503 Dei

443 2538 677 2608 ctelique
706 2539 773 2592 ad
810 2553 931 2614 qua:
958 2539 1124 2594 creati
1175 2547 1304 2593 sunt
1349 2539 1532 2604 obliti,
1579 2553 1732 2595 more
1762 2540 2030 2611 pecudum

442 2628 509 2684 ad
551 2639 752 2687 terram
803 2629 931 2684 tutis
972 2628 1262 2687 desideriis
1316 2629 1672 2686 incurvantur
1715 2628 1870 2697 juxta
1903 2631 2029 2685 illud

441 2719 776 2780 Psalmistte:
806 2718 978 2776 llomo
1006 2737 1125 2778 cum.
1147 2723 1200 2780 in
1225 2722 1420 2777 honore
1442 2732 1593 2785 esset,
1620 2721 2032 2787 uonintelieazit;

441 2823 783 2876 comparatus
803 2823 876 2866 est
895 2814 1151 2886 iumentis
1183 2813 1624 2881 insipientibus,et
1650 2813 1836 2869 similis
1858 2815 2030 2883 [uetus

440 2914 516 2960 est
545 2903 656 2960 illis.
677 2902 856 2976 (Paul.
886 2905 1097 2974 xum).
1126 2903 1392 2962 Caeterum
1419 2914 1476 2960 et
1511 2905 1557 2960 si
1587 2906 1766 2960 divina
1802 2906 1853 2959 in
1875 2904 2032 2960 nobis

439 2995 626 3068 imago
653 3011 752 3066 per
781 2995 972 3053 sordes
1010 2997 1262 3054 vitiorum
1310 2997 1565 3062 violetur,
1627 3005 1684 3053 et
1713 2996 2026 3064 oliuscetur,

439 3103 788 3163 nequaquam
824 3099 1002 3146 tamen
1048 3105 1436 3162 usquequaque
1479 3089 1774 3146 sutlbcatur
1832 3099 1886 3146 et
1931 3092 2027 3146 de-

437 3178 697 3244 struitur,
740 3179 836 3236 scd
891 3179 945 3234 in
1000 3189 1420 3251 quantocunque
1475 3192 1766 3252 peccatore
1813 3196 2030 3252 semper

438 3270 574 3326 vivit
620 3269 855 3330 scintilla
887 3271 1141 3338 rationis,
1190 3287 1311 3343 qua:
1356 3273 1746 3327 conscientiam
1776 3284 2021 3341 accusat,
2053 3261 2098 3323 C

436 3361 644 3418 malum
678 3363 955 3435 reprobat,
1004 3365 1314 3435 bonumque
1355 3363 1722 3420 commendat.
1767 3363 1929 3421 Unde
1971 3367 2026 3422 in

436 3459 736 3530 Evangelia
781 3457 974 3528 Lacte,
1021 3460 1114 3519 ille
1143 3460 1236 3534 qui
1284 3459 1473 3516 incidit
1509 3460 1558 3514 in
1593 3461 1851 3526 latrones.
1902 3479 2024 3518 cum

436 3553 654 3626 legatur
676 3555 1016 3626 ctspoliatus
1029 3563 1085 3610 et
1107 3554 1440 3620 vulneratus,
1474 3571 1814 3628 nequaquam
1843 3566 2023 3612 tamen

436 3651 637 3709 dicitur
657 3648 1104 3715 interfectus.sed
1135 3650 1428 3708 semivivus
1452 3652 1741 3707 derelictus
1767 3649 1917 3722 (Luc.
1941 3651 2023 3717 ι).

434 3740 505 3803 Et
528 3742 630 3798 hoc
651 3753 737 3802 est
769 3742 915 3816 quod
941 3743 1033 3801 ltic
1059 3743 1393 3811 evangelista
1416 3743 1694 3817 subiungit
1721 3760 1740 3804 :_
1763 3742 1828 3798 Et
1852 3743 1945 3797 lux.
1970 3744 2023 3798 in

435 3833 661 3897 tenebris
690 3833 846 3895 lucet.
865 3834 942 3892 Ac
962 3834 1007 3890 si
1039 3845 1228 3904 aperte
1250 3835 1420 3900 dicat,
1449 3835 1578 3892 licet
1601 3834 1853 3892 homines
1893 3833 2024 3890 vitio

432 3941 539 4002 suo
567 3926 888 3983 tenebrosos
928 3941 988 3982 se
1037 3925 1264 3993 iaciant,
1303 3935 1379 3993 et,
1414 3934 1676 4000 quantum
1713 3927 1770 3986 in
1809 3926 1892 3981 eis
1916 3923 2040 3993 est,‘

434 4016 611 4077 lucent
639 4015 878 4076 divinam
903 4030 934 4073 a
975 4032 1034 4076 se
1063 4017 1359 4092 expellant,
1418 4026 1602 4072 tamen
1635 4016 1724 4072 lux
1754 4016 1935 4076 divina
1968 4018 2025 4077 iu

432 4117 620 4169 mente
644 4124 860 4176 eorum,
878 4119 1134 4182 tanquam
1154 4110 1208 4166 in
1231 4108 1451 4180 speculo
1475 4125 1594 4181 suo,
1625 4111 1876 4177 resultat,
1902 4124 2023 4186 quae

433 4216 534 4257 eos
573 4213 795 4261 accusat
835 4212 890 4260 et
933 4204 1171 4264 damnat.
1209 4201 1318 4258 Nec
1350 4201 1523 4258 solum
1579 4202 1634 4260 in
1673 4210 1877 4266 mento,
1925 4201 2019 4256 sed

433 4294 598 4351 etiam
617 4296 668 4352 in
695 4295 1001 4361 elementis,
1020 4297 1343 4366 (ueterisque
1365 4295 1634 4353 creaturis
1656 4295 1860 4353 relucet
1886 4295 2017 4351 ima-

433 4398 502 4458 go
556 4383 854 4461 Creatoris,
909 4385 1164 4452 quoniam
1206 4384 1572 4454 perpetuitas,
1633 4383 2017 4457 pulchritudo,

433 4474 669 4540 bonitas,
698 4476 963 4544 sapient'a
1002 4485 1268 4532 creatura!
1292 4477 1730 4547 perpetuitatem,
1777 4475 2018 4544 pulchr}.

433 4566 698 4631 tudinem,
725 4567 1022 4629 bonitatem
1045 4578 1102 4624 et
1127 4568 1446 4642 sapientiam
1470 4569 1829 4643 comprobant
1855 4565 2018 4629 Crea-
2051 4604 2100 4666 υ

433 4659 590 4719 toris.

509 4747 572 4808 Et
598 4749 842 4814 tenebrw,
873 4751 1065 4820 inquit,
1121 4766 1236 4808 eam
1265 4767 1369 4806 non
1398 4750 1896 4817 comprehenderunt
1918 4775 1939 4818 ,-
1967 4751 2024 4812 id

433 4848 518 4891 est
548 4855 655 4898 non
698 4840 1102 4903 intellexerunt,
1137 4856 1239 4894 non
1284 4838 1409 4908 quia
1444 4855 1550 4892 non
1583 4849 1900 4908 potuerunt,
1923 4844 2022 4903 sed

434 4931 559 5001 quia
589 4933 901 4990 noluerunt.
939 4931 1239 4990 Noluernnt
1285 4932 1430 4985 enim
1477 4931 1779 5004 intelligere
1801 4943 1860 4992 ut
1885 4935 2022 4994 bene

432 5033 680 5095 agerent,
705 5025 792 5080 vel
816 5034 964 5080 certe
997 5023 1268 5082 tenebrosi
1294 5023 1545 5100 homines
1583 5027 2020 5100 quantiscunque

431 5118 582 5174 vitiis
603 5131 664 5174 se
689 5117 1048 5181 involverent,
1075 5116 1315 5176 divinam
1347 5099 1544 5176 mentis
1582 5136 1694 5177 sua:
1722 5099 2015 5194 imaginem

431 5207 1158 5282 penitus.comprehendere,
1192 5209 1242 5264 id
1273 5219 1358 5265 est
1385 5211 1730 5282 exstinguere
1758 5215 2016 5286 nequive-

431 5311 582 5361 runt.
617 5297 744 5357 llaec
793 5302 937 5358 enim
988 5316 1082 5358 eos
1125 5301 1180 5358 in
1227 5304 1441 5366 inferno
1481 5308 1686 5380 positos
1709 5310 2016 5378 accusabit,

430 5404 487 5446 ct
545 5390 746 5446 vermis
819 5392 972 5450 malm
1034 5397 1383 5459 conscientiae
1445 5413 1662 5474 semper
1724 5415 1820 5458 eos
1885 5419 2014 5460 cru~

429 5478 618 5542 stabit.

504 5571 796 5644 Sequitur:
837 5573 960 5632 Fui.
1013 5577 1168 5634 homo
1199 5579 1394 5636 missus
1432 5581 1465 5635 ‘a
1495 5580 1624 5637 Deo.
1673 5581 1774 5640 llic
1825 5583 2015 5654 incipit

427 5667 756 5738 evangelista
787 5678 1022 5727 tractare
1038 5670 1104 5728 de
1129 5671 1348 5730 humani
1369 5675 1583 5744 generis
1613 5675 2010 5750 redemptione,

431 5760 544 5818 sive
578 5761 933 5830 reparatione,
961 5774 1147 5819 contra
1173 5763 1293 5821 illos
1313 5766 1406 5836 qui
1431 5767 1686 5824 dicebant
1714 5753 2010 5825 humanam"

432 5853 874 5915 naturamfsiclin
921 5857 1254 5934 protoplasto
1283 5858 1652 5936 depravatum,
1685 5861 1825 5936 quod
1874 5862 2005 5922 irrc-

1435 401 1778 459 ADDENDA.
1821 435 1882 448 -.——
1918 401 2267 458 ιιιιιυιιιι-ιι
2313 401 2661 459 ARDENTIB‘

3558 409 3649 466 lilii

2146 518 2408 588 parabilis
2453 518 2745 589 deperiret.
2799 517 2926 588 Agit
2953 528 3138 574 autem
3175 521 3278 576 hoc
3329 521 3652 593 motlozprimo

2148 610 2487 668 demonstrat
2503 610 2646 681 quod
2669 611 2901 666 humana
2920 612 3223 682 redemptio
3248 615 3564 684 praenuntiata
3581 621 3652 682 sit;

2145 705 2405 769 secundo,
2437 717 2536 774 per
2563 717 2734 773 quem
2754 701 2899 759 facta
2944 702 3066 770 sit;
3113 705 3308 770 tertio,
3350 706 3484 775 quod
3512 722 3588 762 non
3607 712 3654 765 ab

2145 798 2400 853 omnibus
2426 804 2676 865 suscepta
2699 794 2792 860 sit;
2825 806 3045 866 quarto,
3076 795 3207 866 quid
3241 797 3370 851 boni
3399 812 3506 852 eam
3538 804 3655 856 susci-

2142 887 2418 959 pientibus
2441 886 2770 950 contulerit;
2829 887 3042 956 quinto,
3094 887 3376 956 quomodo,
3416 887 3534 944 iacta
3574 892 3655 952 sit;

2143 988 2318 1046 sexto,
2343 977 3023 1049 quorumattestationilms
3049 977 3350 1048 approbata
3375 979 3462 1032 sit.
3474 979 3577 1034 Cum
3590 997 3658 1036 av-

2145 1081 2252 1128 tem
2272 1072 2340 1126 ab
2364 1071 2598 1127 exordio
2620 1070 2827 1136 mundi,
2855 1069 3090 1140 primum
3108 1085 3136 1122 a
3161 1070 3504 1140 patriarchis.
3525 1073 3666 1130 deinde

2143 1172 2198 1218 et
2223 1179 2253 1218 a
2281 1162 2558 1234 prophetis
2586 1162 2925 1232 prmitgurata
2955 1160 3138 1224 fuerit,
3174 1170 3356 1215 tamen
3381 1164 3668 1232 evangelista,

2143 1254 2427 1310 brevitatis
2448 1269 2614 1309 causa
2634 1294 2648 1316 ,
2683 1267 2756 1306 ea
2774 1253 3143 1322 praetermittit
3185 1267 3309 1321 qua!
3357 1255 3667 1311 convenientia

2143 1350 2256 1404 suis
2307 1347 2359 1402 in
2388 1346 2520 1402 locis
2539 1345 2880 1401 occurrerint
2907 1346 3150 1416 positura
3170 1386 3186 1409 ,
3219 1354 3276 1401 et
3303 1359 3334 1398 a
3363 1347 3670 1417 propinquiori

2144 1439 2600 1509 praenuntiatione
2654 1437 2846 1508 incipit
2897 1437 3275 1508 praecursoria,
3328 1437 3421 1507 qui
3475 1446 3672 1509 tanquam

2142 1529 2334 1586 lucifer
2363 1531 2724 1600 propinquum
2755 1528 2952 1591 solem,
2998 1538 3052 1584 et
3082 1538 3342 1599 tanquam
3373 1545 3552 1585 aurora
3578 1546 3668 1601 pro-

2140 1625 2399 1694 pinquum
2428 1625 2568 1678 diem
2595 1624 2966 1694 praecucurrit.
2995 1622 3150 1679 llunc
3179 1621 3347 1690 igitur
3373 1621 3522 1677 talem
3552 1623 3678 1679 luisse

2141 1717 2430 1781 describit,
2478 1716 2696 1788 qualem
2743 1730 3135 1787 praecursorem
3189 1715 3557 1784 Redemptoris
3588 1732 3676 1771 esse

2141 1810 2412 1874 convenit,
2447 1819 2498 1865 et
2528 1807 2614 1864 cui
2646 1807 2845 1862 merito
2871 1808 3205 1863 credendum
3239 1807 3340 1862 sit.
3379 1806 3677 1863 Commendat

2143 1912 2324 1956 antem
2359 1916 2487 1955 eum
2512 1915 2541 1954 a
2570 1909 2784 1967 natura,
2819 1915 2850 1955 a
2903 1899 3202 1972 dignitate,
3247 1915 3278 1955 a
3326 1901 3680 1964 nomine,etab

2138 1992 2338 2049 oﬂicio.
2368 1991 2540 2048 Porro
2569 2009 2599 2048 a
2624 2003 2819 2048 natura
2845 2008 2968 2048 eum
3009 1993 3382 2061 commendat,
3431 2009 3540 2049 cum
3561 1993 3678 2058 ditia,

2136 2085 2234 2154 fuit
2265 2085 2420 2140 homo
2443 2085 2634 2138 minus
2655 2100 2686 2137 (ι
2711 2082 2838 2136 Deo.
2867 2081 2980 2137 Hoc
3013 2091 3098 2137 est
3133 2081 3500 2150 rationabilis,
3522 2093 3567 2136 et
3589 2081 3678 2134 illm

2135 2184 2341 2231 atratus
2373 2174 2606 2244 imagine
2633 2181 2689 2228 et
2743 2171 3100 2228 similitudine
3153 2173 3238 2226 sui
3283 2170 3556 2226 creatoris.
3595 2171 3678 2226 [loc

2135 2269 2280 2322 cnitn
2320 2281 2538 2328 nomen,
2569 2265 2752 2328 homo,
2796 2264 3121 2335 quandoque
3167 2264 3394 2334 ponitur
3422 2263 3469 2317 in
3493 2261 3675 2333 plenitu-

2136 2358 2260 2413 dine
2309 2373 2421 2413 εικῆ
2469 2355 2903 2428 significationis,
2947 2365 3004 2408 ut
3033 2355 3257 2424 mtantlo
3285 2354 3520 2409 dicitur:
3549 2353 3681 2407 Homo

2135 2459 2220 2504 est
2246 2448 2449 2503 animal
2478 2447 2743 2503 rationale
2790 2457 2844 2502 et
2867 2445 3119 2501 mortale.
3151 2445 3492 2514 Quandoque
3513 2457 3618 2500 vero
3637 2447 3682 2499 in

2136 2551 2295 2613 parte
2314 2541 2681 2612 plenitudinis,
2703 2551 2757 2594 et
2782 2550 2909 2594 time
2939 2549 3032 2593 ant
3061 2538 3286 2610 ponitur
3311 2552 3417 2609 pro
3441 2537 3678 2608 superiori,

2136 2639 2196 2686 ut
2227 2646 2350 2685 cum
2375 2631 2612 2686 dicitur:
2652 2629 2792 2684 Deus
2820 2630 3011 2681 creavit
3047 2626 3313 2682 hominem
3345 2626 3418 2680 ad
3448 2626 3679 2697 imagine:

2139 2732 2186 2777 et
2217 2723 2614 2776 similitudinem
2641 2737 2793 2776 suam
2825 2720 2981 2790 ((-‘en.
3013 2719 3078 2788 t),
3131 2729 3227 2773 aut
3249 2734 3352 2790 pro
3375 2717 3612 2780 inferiori,
3637 2727 3680 2772 ιιι

2134 2815 2573 2887 (ιιιιιιιιιοῇᾱίεἰιιιιν
2601 2831 2616 2868 :
2645 2812 2816 2867 Homo
2844 2823 2998 2867 natus
3025 2815 3097 2867 de
3121 2812 3366 2880 muliere,
3395 2811 3525 2866 brevi
3547 2812 3677 2865 rises:

2133 2918 2382 2976 tempore,
2419 2905 2648 2977 repletur
2674 2906 2854 2959 multis
2909 2905 3149 2960 miseriis.
3165 2903 3290 2974 (Job
3325 2902 3462 2974 nv).
3486 2903 3527 2957 Α
3545 2902 3679 2970 digni-

2135 3008 2244 3055 tate
2290 3014 2414 3054 eum
2465 2997 2834 3057 commendat,
2889 3011 3019 3050 cum
3057 2995 3190 3050 dicit
3223 3013 3237 3048 :
3289 2993 3541 3050 Missus
3579 2991 3675 3046 Deo.

2132 3092 2422 3164 Apostolus
2449 3089 2780 3160 (ἀπόστολος)
2841 3089 3050 3154 ϐτωρε,
3104 3089 3314 3145 missus
3351 3087 3534 3143 Latine
3578 3084 3690 3142 dici«
3790 3115 3791 3126 ι

2138 3194 2246 3240 tur.
2281 3184 2407 3241 Fuit
2444 3184 2609 3254 igitur
2631 3182 2930 3246 maximus,
2957 3181 3048 3250 qui
3079 3195 3186 3236 non
3227 3178 3406 3236 solum
3431 3177 3685 3248 apostolus,

2130 3279 2223 3336 sed
2245 3278 2410 3334 etiam
2433 3293 2466 3333 a
2499 3276 2607 3331 Deo
2631 3284 2765 3330 ante
2783 3275 3065 3344 apostolos.
3091 3273 3322 3339 missus,
3353 3270 3685 3344 apostolorum
3790 3327 3791 3336 χ

2128 3367 2420 3439 Apostolus
2460 3376 2545 3423 est
2595 3365 2791 3422 factus.
2823 3365 2867 3419 Δ
2913 3364 3134 3420 nomine
3179 3378 3308 3419 eum
3351 3359 3689 3424 commendat,
3790 3385 3791 3428 ξ

2098 3463 2100 3466 ’
2129 3475 2259 3515 cum
2306 3458 2488 3515 subdit
2516 3475 2538 3511 ι
2565 3457 2666 3513 Cui
2719 3473 2908 3512 nonten
2949 3467 3062 3510 erat
3100 3453 3364 3510 Joannes.
3391 3453 3542 3510 Enim
3575 3465 3681 3506 vero

2129 3550 2366 3607 Joannes
2402 3551 2575 3622 gratia
2625 3549 3036 3622 interpretatur.
3067 3547 3134 3602 Et
3167 3547 3310 3602 bene
3344 3561 3375 3601 a
3407 3546 3582 3618 gratia
3603 3559 3684 3600 no-

2130 3657 2258 3698 men
2283 3641 2542 3706 habebat,
2577 3641 2674 3712 qui
2720 3640 2897 3714 gratia
2945 3639 3180 3696 refertus
3203 3648 3348 3705 erat,
3387 3640 3689 3713 gratiamque

2125 3733 2431 3803 praedicare
2447 3733 2721 3788 veniebat.
2751 3731 2858 3787 Leu:
2901 3734 3040 3787 enim
3083 3742 3132 3787 et
3152 3734 3422 3802 prophetc
3446 3748 3593 3801 usque
3633 3728 3690 3782 ad

2125 3825 2388 3882 Joannem
2414 3823 2565 3896 (Luc.
2598 3824 2732 3895 xvi).
2751 3825 2834 3880 Ab
2860 3823 3038 3880 oﬂicio
3061 3839 3184 3880 eum
3202 3825 3568 3890 commendat,
3585 3837 3688 3879 cum

2125 3919 2400 3991 subiungit
2428 3935 2443 3973 :
2479 3917 2580 3974 llic
2606 3919 2741 3973 venit
2784 3919 2842 3973 in
2874 3919 3249 3982 testiinonium,
3282 3914 3694 3972 uttertimom‘un

2124 4013 2414 4084 perhiberet
2443 4012 2508 4066 de
2529 4010 2746 4065 lumine.
2774 4009 2892 4065 Non
2922 4011 3068 4066 enim
3098 4010 3424 4076 casualiter,
3449 4006 3691 4064 noninci-

2125 4104 2319 4158 denter
2364 4103 2433 4158 de
2471 4101 2674 4155 lumine
2720 4101 3090 4156 testimonium
3133 4100 3443 4172 perhibuit,
3467 4099 3558 4156 sed
3583 4111 3690 4168 spe-

2125 4193 2336 4249 cialiter
2366 4193 2434 4248 ad
2480 4194 2584 4248 hoc
2611 4203 2665 4248 et
2698 4192 3073 4264 principaliter
3103 4193 3308 4249 missus
3334 4201 3452 4258 est,
3495 4191 3559 4246 ad
3601 4189 3690 4244 hoc

2124 4289 2296 4353 venit,
2323 4287 2390 4342 ad
2414 4286 2517 4342 hoc
2541 4285 2804 4342 sollicitus
2825 4283 2944 4340 fuit.
2972 4283 3043 4339 Ut
3074 4301 3280 4351 omnes,
3304 4285 3498 4356 inquit,
3535 4283 3692 4339 crede-

2126 4387 2236 4432 rent
2263 4395 2359 4446 per
2396 4375 2569 4434 illum.
2593 4376 2760 4444 Quasi
2793 4375 2884 4432 ille
2911 4376 3054 4431 dicat
3082 4393 3096 4430 :
3125 4375 3400 4443 Quantum
3432 4378 3489 4431 iu
3509 4374 3694 4437 soluit,

2125 4470 2254 4526 fecit
2285 4479 2345 4527 ut
2373 4486 2565 4528 omnes
2593 4470 2900 4527 crederent.
2930 4470 2997 4526 Et
3024 4471 3067 4526 si
3109 4473 3234 4542 quis
3255 4488 3362 4528 non
3379 4472 3620 4536 credidit,
3649 4471 3696 4523 in

2125 4579 2192 4620 eo
2230 4580 2336 4619 non
2376 4565 2656 4620 remansit.
2687 4563 2836 4623 Sane
2884 4564 3000 4620 hac
3027 4572 3266 4634 quatuor
3290 4581 3412 4637 qua:
3451 4566 3538 4621 hic
3563 4579 3695 4620 eom-

2125 4661 2452 4718 mendantur
2486 4661 2541 4717 in
2578 4660 2807 4727 Joanne,
2843 4661 2898 4716 in
2942 4661 3185 4730 quolibet
3213 4660 3535 4732 requirenda
3585 4666 3698 4714 sunt

2122 4753 2494 4822 prrcdicatore,
2544 4751 2798 4808 videlicet
2821 4760 2881 4805 ut
2909 4751 2982 4806 sit
3012 4767 3118 4807 non
3170 4753 3387 4817 brutus,
3418 4753 3510 4807 sed
3538 4752 3690 4805 ratio-

2123 4841 2321 4899 nabilis
2367 4850 2422 4897 et
2453 4842 2764 4911 ingeniosus
2790 4857 2809 4908 ;-
2839 4848 2897 4896 ut
2926 4856 3032 4896 non
3058 4857 3118 4898 se
3145 4843 3378 4913 ingerat,
3407 4844 3498 4896 sed
3525 4857 3555 4896 a
3595 4839 3698 4894 Deo

2121 4934 2194 4989 sit
2223 4935 2418 4989 missus
2442 4950 2459 4999 ;
2483 4943 2541 4989 ut
2570 4935 2644 4989 sit
2667 4936 2940 5005 gratiosus
2980 4944 3034 4988 et
3063 4943 3270 5005 gratus,
3294 4945 3352 4988 ut
3385 4935 3562 4987 veniat
3599 4946 3690 4986 non

2119 5041 2270 5097 opes,
2323 5041 2432 5082 non
2479 5025 2708 5098 gloriam
2758 5041 3026 5097 quaerere,
3077 5041 3186 5082 non
3215 5026 3567 5098 voluptatem,
3597 5041 3692 5079 non

2119 5118 2405 5183 honorem,
2457 5119 2554 5174 sed
2603 5118 2972 5175 testimoni-um
3032 5119 3324 5190 perbibere
3358 5121 3425 5175 de
3478 5116 3688 5172 hmine.

2118 5209 2436 5279 Quomodo?
2463 5211 2762 5280 operando,
2797 5211 3048 5276 vivendo,
3102 5211 3365 5279 docendo,
3410 5221 3466 5266 ιιι
3489 5221 3691 5272 omnes,

2117 5310 2378 5371 quantum
2415 5302 2466 5356 in
2497 5318 2562 5358 eo
2592 5311 2695 5366 est,
2719 5303 2942 5359 credant
2982 5317 3078 5373 per
3123 5303 3297 5368 illum,
3337 5305 3618 5372 nullusque
3643 5299 3688 5350 in

2121 5395 2203 5450 eis
2255 5405 2446 5465 pareat
2499 5395 2878 5450 sonmolentia.
2931 5394 3201 5451 Caeterum
3259 5393 3511 5456 Joannes,
3566 5404 3620 5449 et
3651 5391 3693 5444 si

2118 5486 2283 5540 tantis
2309 5487 2545 5540 radiaret
2574 5488 2740 5542 radiis
2779 5485 3079 5554 titulorum,
3110 5496 3293 5544 tamen
3323 5502 3426 5541 non
3465 5494 3585 5539 erat
3612 5479 3687 5535 ille

2116 5577 2229 5644 lux,
2270 5579 2493 5634 subaudi
2522 5595 2584 5633 er
2622 5594 2680 5634 se
2707 5578 2913 5643 lucens.
2942 5579 3036 5634 sed
3065 5579 3246 5648 potius
3276 5577 3491 5633 lucerna
3514 5592 3546 5628 a
3570 5587 3685 5627 vera

2113 5665 2261 5727 Luce
2286 5671 2353 5727 ad
2377 5673 2498 5728 hoc
2529 5673 2849 5737 illuminata,
2893 5682 2948 5727 ut
2992 5673 3362 5727 testimonium
3387 5670 3683 5741 perbibet-rt

2115 5771 2182 5824 de
2232 5767 2456 5836 lumine,
2491 5769 2594 5824 hoc
2628 5777 2732 5830 est.
2776 5786 2881 5824 non
2905 5780 3021 5826 erat
3047 5769 3316 5831 Christus,
3367 5769 3454 5824 sed
3487 5766 3682 5821 Christi

2113 5863 2483 5940 prmcursrrct
2509 5878 2702 5938 przrco.
2725 5863 2824 5920 l’er
2847 5878 3002 5934 quem
3027 5873 3204 5919 autem
3230 5864 3462 5921 humana
3485 5861 3681 5919 rudem.
