3820 6312
77 387 177 446 lil'l

735 377 1039 437 HOMlLlrE
1083 376 1148 432 IN
1187 374 1405 433 EPlST.
1446 372 1532 429 ΕΤ
1568 373 1822 430 EVANG.
1863 372 2165 431 DOMl'NlC.
2216 402 2285 416 —
2331 374 2508 431 PARS
2547 375 2586 430 l‘.

3164 377 3294 432 1718
3330 391 3337 398 ’

75 505 160 575 ptio
182 499 306 552 facta
328 498 414 558 sit,
445 495 797 556 demonstrat,
813 507 932 548 cum
957 489 1138 547 subdit
1163 507 1178 547 :
1208 473 1336 544 Erat
1366 490 1460 544 lux
1479 505 1616 555 vera,
1649 495 1693 552 Α
1722 504 1846 544 eum
1876 503 1974 560 pro
2024 485 2240 544 modulo
2282 497 2469 544 nostro
2509 490 2749 543 moribus
2777 498 2832 544 et
2860 489 3152 544 virtutibus
3179 491 3297 542 imi~

73 608 164 665 qua:
179 586 424 642 illuminat
455 600 660 638 omnem
674 584 931 637 hominem
949 584 1228 636 venientem
1241 582 1293 634 in
1305 581 1443 634 hunc
1459 595 1581 632 muu
1592 594 1617 606 ‘

75 686 190 740 dum.
211 677 346 732 Sane
373 674 625 732 Christus
653 683 706 730 et
736 684 873 741 erat,
906 671 1157 729 etestlux
1184 688 1336 738 vera,
1363 671 1617 741 quoniam

75 787 157 829 non
181 766 399 833 aliunde,
431 765 525 820 sed
575 781 641 820 ex
677 780 734 821 se
776 772 860 820 est
887 763 1090 827 lucens,
1119 771 1174 817 et
1193 775 1258 816 ex
1282 777 1341 816 se
1371 771 1454 817 est
1479 761 1615 815 alios

74 859 358 917 illuminans.
413 854 550 910 Vera
577 856 666 910 lux
689 865 792 918 est,
845 863 900 909 et
939 855 1166 908 veritate
1197 853 1247 906 in
1289 851 1529 918 lucendi,
1563 860 1618 907 et

74 953 260 1007 veritate
286 963 350 1002 ex
395 960 455 1002 se
481 943 617 1002 alios
649 944 1001 1001 illuminandi.
1035 943 1090 998 ln
1139 959 1197 999 se
1230 943 1425 1014 quippe
1453 941 1614 1008 lucet,

71 1053 113 1099 et
133 1042 233 1095 luce
259 1053 480 1093 somnne
525 1034 805 1104 bonitatis,
852 1043 908 1091 et
935 1037 1176 1091 bonitate
1205 1051 1430 1090 summa:
1455 1034 1613 1092 lucis.

74 1135 196 1192 Alios
221 1146 342 1186 vero
367 1129 660 1196 illuminat,
691 1137 746 1186 et
777 1129 1005 1184 veritate
1037 1128 1193 1192 lucis,
1236 1136 1289 1182 et
1320 1127 1440 1183 luce
1468 1127 1612 1182 veri-

73 1230 192 1291 tatis,
231 1239 349 1278 vera
392 1223 514 1278 luce
553 1222 707 1288 (ldei,
749 1223 859 1293 spei
913 1233 966 1277 et
993 1221 1296 1286 charitatis,
1325 1229 1378 1275 et
1412 1221 1514 1276 fide
1561 1228 1615 1274 ct

71 1339 144 1392 spe
155 1326 201 1374 et
221 1317 480 1372 charitate
499 1332 642 1372 verat
665 1316 819 1370 lucis.
848 1315 901 1368 ln
920 1330 979 1370 se
1005 1313 1144 1369 lucet
1164 1312 1607 1375 substantialiter,

69 1410 378 1477 :etcrnalitcr,
437 1409 914 1466 indcmutabiliter.
963 1407 1116 1464 Alios
1157 1407 1424 1464 illuminat
1451 1408 1606 1477 spiri-

71 1506 272 1572 tualiter,
321 1503 719 1568 universaliter,
777 1499 1164 1574 potentialiter.
1221 1500 1612 1571 Spiritualitcr,

67 1598 286 1672 quoniam
314 1614 418 1652 non
449 1597 606 1652 bruta
633 1587 910 1663 animalia,
956 1597 1054 1654 sed
1083 1594 1251 1651 solam
1280 1593 1612 1664 spiritualem

69 1689 458 1757 rationalemque
486 1699 796 1744 creaturam
827 1687 945 1742 luce
971 1701 1082 1742 suae
1126 1683 1452 1756 cognitionis
1494 1681 1616 1738 illuc

67 1789 196 1838 strat.
211 1779 586 1848 Undcetdicit,
605 1779 871 1834 illuminat
897 1778 1180 1833 hominem.
1200 1773 1611 1838 Universaliter,

1727 590 1928 644 temur;
1963 577 2386 641 similitudinem,
2427 589 2485 633 ut
2516 579 2567 634 in
2599 577 2774 633 futura
2807 580 3198 650 glorillcatione
3225 583 3298 637 si-

1724 669 1878 726 miles
1903 670 1950 724 ei
1971 668 2300 736 clllciamur;
2342 668 2710 724 haereditatem
2742 679 2799 724 ut
2822 681 3036 727 mterme
3066 673 3298 726 beatitu-

1723 761 1864 819 dinis
1896 759 2269 818 hmreditatem
2315 761 2630 817 sortiantur.
2668 759 2712 817 0
2743 761 2879 817 mira
2923 763 3043 817 Filii
3087 763 3179 818 Dei
3217 761 3324 820 di;

1721 853 1927 923 gnatio,
1973 855 2109 909 mira
2148 854 2410 921 Charitas,
2442 854 2579 909 mira
2621 853 3004 912 communitas.
3046 855 3177 910 Mira
3213 841 3310 908 ιη-

1721 957 1924 1026 gnatio,
1953 955 2096 1027 quod
2123 963 2328 1023 tantus,
2352 954 2593 1010 tantillos
2625 953 2677 1008 in
2720 953 2918 1009 fratres
2955 954 3137 1025 elegit.
3164 954 3295 1008 Mira

1721 1045 1980 1108 charitas,
2008 1045 2153 1115 quod
2191 1060 2292 1114 pro
2327 1053 2512 1100 nostra
2553 1043 2937 1100 sublimatione
2987 1052 3192 1100 tantum
3241 1061 3300 1098 se

1723 1133 2047 1188 lmmiliavit.
2101 1133 2236 1189 Mira
2275 1134 2659 1199 communitas,
2707 1136 2849 1204 quod
2905 1150 3002 1190 nos
3053 1134 3326 1206 indignos?

1719 1241 1928 1288 servos,
1967 1227 2120 1296 regni
2173 1227 2256 1281 sui
2306 1227 2616 1282 colueredes
2660 1228 2960 1283 constituit.
3017 1227 3317 1294 Quomotm
3398 1263 3402 1267 η

1721 1318 1856 1372 [lunt
1888 1318 2134 1373 homines
2173 1318 2265 1372 filii
2296 1318 2425 1373 Dei?
2469 1318 2592 1373 Non
2619 1335 2686 1374 ea:
2726 1321 3091 1391 sanguinibus,
3135 1321 3187 1374 itl
3217 1335 3308 1374 esr

1718 1423 1822 1464 non
1846 1422 1911 1463 ex
1947 1408 2243 1464 seminibus
2274 1421 2576 1479 parentum,
2615 1428 2776 1481 neque
2803 1428 2868 1466 ea:
2891 1413 3154 1467 voluntate
3177 1429 3298 1466 car—

1719 1502 1820 1568 nis,
1858 1500 1909 1556 id
1936 1510 2021 1556 est
2058 1501 2320 1567 mulieris,
2353 1519 2514 1573 neque
2541 1519 2606 1557 ea:
2633 1505 2899 1559 voluntate
2919 1505 3034 1559 viri.
3079 1502 3189 1559 lloc
3220 1517 3302 1558 est

1720 1611 1827 1649 non
1877 1593 2202 1664 voluptuosa
2239 1594 2513 1649 voluntate
2557 1597 2898 1661 concubitus,
2931 1610 2998 1650 ex
3047 1612 3151 1666 qua
3201 1613 3301 1651 na-

1719 1695 1954 1742 scuntur
1984 1685 2078 1742 lilii
2120 1685 2285 1741 Adae:
2316 1685 2418 1741 Sed
2449 1701 2514 1740 ea:
2553 1690 2657 1740 Deo
2681 1689 2788 1741 nati
2811 1699 2962 1752 sunt,
2995 1703 3091 1757 per
3124 1688 3302 1758 bapti-

1720 1793 1894 1831 smum
1941 1793 2034 1833 eos
2065 1786 2437 1847 regeneranle.
2485 1777 2764 1843 Quomodo
2792 1789 2970 1834 autem
3004 1765 3326 1848 redemptio.

69 1872 292 1943 quoniam
311 1871 377 1927 ad
397 1872 614 1928 modum
635 1869 1614 1941 solis,quantumineoestmniversos
1648 1860 1689 1918 Β
1722 1877 1861 1930 facta
1895 1877 1966 1931 sit
1987 1877 2247 1939 ostendit,
2276 1892 2398 1932 cum
2442 1876 2666 1932 subdit:
2711 1877 2777 1931 Et
2813 1875 3035 1931 Verbum
3069 1895 3192 1932 caro
3221 1878 3305 1947 [u-

65 1967 169 2036 (uisi
186 1966 299 2033 quis
318 1980 378 2018 se
403 1966 692 2019 subtrahat
716 1965 882 2019 radiis
913 1963 1049 2034 ejus)
1075 1963 1363 2018 illuminat.
1386 1961 1538 2018 Unde
1563 1968 1616 2014 et

64 2055 291 2128 adiungit,
330 2071 554 2109 omnem.
613 2053 1003 2118 Potentialiter,
1028 2068 1188 2123 quem
1220 2064 1275 2108 et
1302 2051 1615 2122 quemlibet,

73 2157 524 2219 quantumcunqne
551 2146 786 2214 peccatis
814 2145 1186 2207 tenebrosum,
1211 2142 1618 2213 quantumineo

63 2248 266 2304 constat,
290 2249 542 2311 potenter
565 2246 757 2314 purgat
773 2247 829 2293 et
850 2237 1130 2293 clariﬁcat.
1148 2235 1303 2293 Unde
1317 2245 1372 2292 et
1394 2235 1620 2308 subjun-

59 2335 203 2404 gitti",
214 2331 507 2387 Venientem
531 2333 587 2386 in
610 2318 746 2386 hunc
772 2331 1046 2397 mundum,
1076 2331 1128 2386 id
1152 2341 1235 2386 est
1258 2334 1542 2386 cadentem
1561 2330 1614 2384 in

59 2436 245 2480 noctem
266 2424 423 2493 hujus
441 2427 624 2480 mundi
657 2427 891 2482 tenebris
915 2435 1280 2496 peccatorum,
1300 2424 1618 2496 ignorantiae

62 2515 374 2586 tttiseriazque
416 2517 620 2586 pariter
660 2516 939 2573 exrmcati.
985 2516 1140 2585 Quod
1185 2531 1312 2572 vero
1341 2515 1433 2571 lux
1461 2529 1614 2579 vera,

57 2623 148 2663 non
174 2608 240 2664 ab
268 2607 519 2663 omnibus
541 2621 791 2678 suscepta
814 2608 908 2672 sit,
938 2607 1333 2676 subsequenter
1358 2607 1614 2667 ostendit,

56 2715 162 2754 cum
205 2698 418 2754 subdit:
461 2698 530 2753 In
575 2700 769 2753 mundo
798 2709 931 2763 erat,
969 2708 1014 2753 et
1065 2699 1294 2752 mundus
1331 2714 1423 2767 per
1448 2699 1617 2768 ipsum

55 2779 332 2860 factusest,
368 2802 414 2846 et
445 2791 671 2845 mundus
701 2808 818 2844 eum
855 2807 958 2845 non
996 2791 1254 2860 cognovit.
1292 2789 1358 2843 In
1405 2788 1616 2859 propria

55 2885 189 2947 reuit,
225 2894 270 2938 et
301 2884 386 2938 sui
413 2900 531 2938 eum
571 2900 674 2937 non
724 2892 1050 2954 receperunt.
1082 2882 1140 2936 In
1179 2882 1376 2952 quibus
1412 2882 1616 2945 verbis,

55 2985 101 3029 et
135 2976 367 3031 divinam
411 2975 614 3032 Christi
648 2986 924 3040 naturam,
960 2990 1057 3046 per
1095 2990 1258 3046 quam
1289 2975 1341 3029 in
1369 2975 1628 3030 omnibus.

55 3069 300 3125 creaturis
325 3069 537 3125 infusus
565 3077 619 3125 et
648 3085 888 3139 praesens
927 3077 1031 3135 est,
1062 3077 1122 3123 et
1157 3059 1482 3134 humanam,
1522 3081 1619 3136 per

52 3177 196 3229 quam
222 3161 454 3218 accessit
479 3163 548 3218 ad
577 3177 698 3226 nos,
725 3159 1155 3232 comprehendit.
1173 3157 1238 3212 In
1267 3159 1462 3212 mundo
1484 3169 1625 3223 erat,
1649 3210 1688 3232 η

51 3263 100 3308 et
129 3253 461 3309 inmundum
490 3255 656 3310 venit.
687 3252 745 3310 bt
779 3253 982 3309 mundo
1013 3259 1132 3306 erat
1161 3265 1257 3320 per
1284 3249 1617 3305 divinitatem

50 3357 97 3401 et
136 3347 185 3402 in
217 3348 482 3404 mundum
516 3347 662 3403 venit
707 3363 802 3418 per
842 3345 1255 3401 immanitatem.
1283 3341 1520 3408 Manere,
1545 3342 1622 3396 si-

53 3439 253 3508 quidem
297 3451 384 3497 est
417 3440 739 3507 divinitatis,
787 3439 975 3494 venire
1015 3453 1144 3495 vero
1188 3435 1272 3491 vel
1315 3435 1491 3500 abire,
1523 3434 1622 3489 lut-

52 3533 340 3589 inanitatis.
381 3531 474 3586 Est
517 3547 648 3602 ergo
698 3547 764 3588 ac
800 3532 844 3586 si
893 3532 1136 3586 dicatur:
1187 3527 1338 3584 Licet
1383 3526 1624 3582 Verbum

51 3621 133 3678 Dei
160 3635 306 3681 esset
349 3639 589 3695 praesens
629 3624 682 3678 in
723 3623 925 3678 mundo
963 3637 1058 3692 per
1095 3620 1394 3677 divinitatis
1430 3635 1620 3676 essen.

46 3715 193 3783 tino,
231 3727 290 3773 et
333 3722 622 3788 appareret
651 3714 704 3770 in
754 3723 1005 3769 creatura
1048 3727 1146 3769 sua
1194 3728 1291 3784 per
1331 3711 1622 3777 facturam,

43 3807 480 3878 gubernationem
519 3816 573 3862 et
617 3807 1109 3872 conservationem,
1149 3813 1326 3860 tamen
1367 3804 1624 3868 mundus,

43 3897 92 3952 id
132 3909 214 3954 est
263 3899 524 3954 mundani
566 3915 688 3954 eum
739 3913 842 3953 non
892 3905 1283 3969 cognoverunt.
1331 3895 1625 3965 Propterea

43 4005 130 4057 per
167 4003 508 4060 assumptum
540 3990 931 4066 humanitatem
982 3989 1208 4044 visibilis
1237 3976 1412 4052 venit,
1442 3996 1501 4041 ut
1541 3984 1629 4043 vel.

40 4082 109 4136 sic
137 4091 581 4154 cognosceretur.
608 4082 807 4135 Eleum
830 4082 937 4146 sui,
968 4081 1019 4136 id
1044 4090 1126 4137 est
1145 4079 1415 4146 homines,
1435 4089 1490 4135 et
1509 4094 1624 4148 spe-

40 4171 242 4228 ti..liter
284 4172 482 4239 Judazi,
525 4173 871 4242 peculiariter
909 4172 1010 4237 sui,
1045 4187 1152 4226 non
1191 4172 1334 4238 dico,
1365 4188 1488 4226 eum
1518 4188 1629 4229 non

37 4275 434 4335 cognoverunt.
489 4266 586 4320 sed
623 4282 726 4320 non
772 4275 1091 4336 receperunt.
1141 4262 1279 4330 Quid
1323 4279 1454 4320 vero
1498 4263 1625 4318 boui

38 4358 463 4428 suscipientibus
508 4373 568 4413 se
605 4358 843 4413 Verbum
885 4357 978 4413 Dei
1024 4356 1336 4417 contulerit.
1383 4356 1626 4412 ostendit

35 4466 152 4505 cum
185 4451 380 4506 subdit
403 4469 416 4505 :
443 4449 708 4522 Quotquot
731 4459 906 4505 autent
939 4460 1237 4520 receperunt
1259 4466 1402 4514 eum,
1426 4451 1630 4506 subau-

1719 1980 1858 2020 ctum
1886 1977 1983 2022 est.
2016 1967 2420 2038 Synecdochicc
2458 1983 2678 2021 carnem
2719 1968 2895 2037 posuit
2939 1983 3037 2036 pro
3061 1967 3314 2023 homine-

1719 2058 1826 2114 Sed
1863 2060 2108 2131 nunquid
2143 2060 2283 2114 Deus
2321 2061 2662 2129 omnipotens
2701 2060 2807 2115 alio
2835 2060 2996 2116 modo
3030 2075 3129 2116 nos
3161 2060 3305 2115 redi-

1719 2167 1869 2207 mere
1897 2167 2002 2206 non
2027 2151 2235 2222 potuit?
2259 2149 2492 2221 Utique:
2522 2150 2630 2206 Sed
2656 2151 2846 2206 modus
2873 2151 2963 2206 hic
2992 2152 3163 2222 magis
3186 2161 3307 2207 erat

1719 2242 2068 2306 conveniens,
2127 2241 2301 2312 magis
2341 2257 2441 2298 nos
2481 2241 2846 2303 inﬂammatis,
2891 2243 3064 2314 magis
3098 2258 3197 2298 nos
3228 2243 3311 2297 in-

1721 2331 1990 2397 formans,
2014 2331 2188 2402 magis
2222 2331 2379 2387 nobis
2411 2333 2576 2387 Deum
2607 2329 2982 2398 manifestans,
3014 2330 3183 2401 magis
3208 2348 3320 2404 nos

1719 2424 1785 2480 ad
1817 2438 1966 2494 spem
1995 2423 2251 2496 dirigens.
2285 2423 2454 2493 Magis
2475 2433 2595 2478 erat
2627 2423 2980 2487 conveniens,
3023 2424 3165 2493 quod
3201 2423 3303 2478 sic-

1719 2530 1779 2575 ut
1818 2519 1980 2577 homo
2026 2535 2124 2592 per
2161 2520 2580 2577 inobedientiam
2627 2523 2967 2589 peccaverat,
3013 2518 3087 2572 ita
3138 2519 3302 2572 homo

1720 2630 1815 2683 per
1838 2611 2200 2670 obedientiam
2228 2611 2582 2669 satisfaceret.
2622 2611 2791 2682 Magis
2829 2626 2928 2667 nos
2965 2610 3320 2680 inﬂammatis.

1720 2707 1786 2760 ad
1811 2705 1978 2762 Deum
2020 2706 2306 2761 amandum
2347 2715 2485 2770 erat,
2516 2705 2657 2775 quod
2692 2709 2806 2772 ipse
2837 2712 3046 2757 tantum
3097 2716 3193 2756 nos
3227 2703 3308 2753 di-

1722 2796 1887 2862 lexit,
1917 2805 1973 2852 et
2002 2804 2151 2852 tanta
2191 2811 2383 2866 passus
2421 2806 2503 2850 est
2555 2809 2654 2864 pro
2683 2793 2860 2848 nobis.
2894 2791 3188 2863 Magisnos
3231 2792 3310 2843 in-

1721 2889 1962 2943 formans
1984 2888 2053 2944 ad
2094 2887 2481 2948 humilitatem,
2515 2887 2582 2954 ad
2617 2882 3311 2956 patientiam,.etsclmrita-

1723 2989 1828 3034 tem
1880 2989 2022 3046 erat,
2066 2980 2209 3048 quod
2258 2980 2372 3050 ipse
2422 2976 2795 3046 hujuscemodi
2843 2989 2907 3030 se
2949 2974 3127 3038 dedit,
3159 2971 3314 3042 pris

1720 3071 2026 3141 exemplum
2067 3079 2124 3127 et
2155 3071 2502 3142 magistrum.
2539 3069 2708 3140 Magis
2746 3069 2914 3124 Deum
2950 3067 3106 3123 nobis
3137 3068 3322 3147 manii

1727 3161 1932 3218 festans
1969 3168 2125 3227 erat,
2154 3175 2279 3217 cum
2307 3161 2408 3218 sub
2438 3161 2613 3216 forma
2642 3161 2889 3233 apparuit
2921 3159 3179 3222 humana,
3218 3160 3314 3225 qui

1723 3259 2287 3331 incomprehensibilis
2305 3268 2428 3318 erat
2451 3261 2504 3315 in
2533 3261 2734 3316 divina.
2764 3260 2933 3331 Magis
2955 3273 3052 3314 nos
3070 3258 3137 3312 ad
3159 3273 3308 3328 spem

1721 3354 1968 3426 dirigens
2011 3363 2160 3417 erat,
2205 3354 2352 3425 quod
2397 3353 2604 3410 scilicet
2645 3368 2752 3408 non
2798 3351 3170 3407 dubitaremus
3212 3367 3320 3403 nus.

1721 3462 1882 3518 posse
1922 3447 2064 3502 lilios
2099 3445 2194 3502 Dei
2243 3447 2382 3511 fieri,
2421 3461 2544 3502 cum
2591 3454 2817 3516 propter
2865 3446 2966 3500 hoc
3011 3443 3179 3499 Filius
3216 3441 3317 3510 “ei,

1725 3537 1900 3594 factus
1927 3539 1999 3594 sit
2042 3537 2186 3596 illius
2218 3537 2474 3594 hominis.
2509 3537 2576 3592 Et
2611 3537 2862 3592 habitauit
2901 3537 2959 3589 in
2996 3535 3164 3599 nobis,
3215 3550 3313 3601 per.

1724 3633 1988 3700 habitum,
2018 3648 2114 3704 per
2145 3632 2524 3699 latitationem,
2557 3647 2656 3702 per
2689 3630 3181 3686 conversationem.
3208 3626 3312 3694 Pet;

1723 3726 1996 3794 habitum,
2023 3726 2280 3798 quoniam
2327 3737 2528 3781 nostra:
2557 3722 2910 3779 humanitatis
2940 3720 3180 3775 habitum
3213 3719 3310 3771 bu.

1724 3829 1974 3875 manatus
2014 3819 2219 3875 habuit.
2260 3817 2414 3874 Unde
2454 3816 2748 3889 Apostolus
2786 3813 3028 3870 :Habitu
3069 3813 3312 3867 inventus

1723 3922 1778 3965 ut
1807 3913 1960 3965 homo
1991 3910 2336 3982 (I’hilipp.tt).
2360 3911 2462 3966 Per
2489 3910 2866 3973 latitationem,
2886 3905 3142 3975 quoniam
3171 3904 3315 3958 divi-

1725 4005 1957 4058 nitatem.
2006 4018 2160 4058 suam
2206 4005 2306 4059 sub
2348 4002 2493 4058 nube
2529 4002 2712 4058 carnis
2760 4000 2841 4054 sic
2889 3998 3108 4062 velavit,
3164 4001 3314 4066 quod

1727 4091 1979 4147 ﬁdelibus
2029 4104 2335 4162 appareret.
2377 4092 2690 4148 inﬁdelibus
2725 4090 2940 4146 lateret.
2983 4088 3136 4143 Unde
3165 4088 3312 4156 Apo-

1727 4182 1898 4238 stolus
1925 4202 1939 4238 :
1971 4182 2034 4239 Si
2061 4199 2228 4254 regem
2253 4185 2436 4256 gloria:
2470 4182 2848 4254 cognouissent,
2892 4193 3160 4250 nunquam
3191 4194 3311 4231 eum

1726 4275 2109 4343 eruciﬁxissent
2147 4275 2193 4346 (1
2228 4277 2352 4330 Cor.
2385 4278 2470 4346 ιι).
2506 4275 2611 4331 Per
2638 4271 3128 4335 conversationem,
3171 4285 3310 4344 quo-7

1728 4365 1874 4420 niam
1903 4367 2048 4422 sicut
2073 4369 2334 4438 propheta
2367 4368 2694 4439 praedixerat
2725 4383 2739 4420 :
2777 4363 2900 4419 Post
2931 4367 3042 4420 Iure
3074 4365 3129 4417 iu
3159 4363 3311 4417 terris

1727 4458 1868 4513 uisus
1888 4470 1985 4526 est,
2009 4468 2059 4514 et
2084 4475 2198 4514 cum
2240 4460 2539 4515 hominibus
2573 4469 2904 4515 conversatus
2940 4467 3014 4510 est
3046 4455 3306 4525 (Baruclt.

37 4539 82 4593 di
128 4558 228 4610 per
286 4541 448 4596 fidem
493 4557 561 4596 ex
611 4541 881 4596 charitate
926 4549 1241 4611 operantem
1291 4539 1436 4610 (Gal.
1483 4543 1625 4609 vtn),
1657 4551 1834 4621 Dm).
1864 4549 2108 4617 Quorum
2142 4566 2272 4607 vero
2306 4551 2749 4606 attestationibus
2781 4546 3080 4616 redemptio
3123 4554 3310 4598 nostra

35 4634 175 4701 quod
203 4643 398 4705 postea
443 4633 768 4689 determinat
797 4649 923 4689 cum
965 4632 1268 4705 subjungit,
1294 4633 1377 4689 Itis
1401 4635 1493 4704 qui
1516 4651 1631 4688 cre-

33 4729 158 4780 dunt
188 4727 244 4780 in
285 4727 496 4782 nomine
520 4727 655 4796 ejus,
683 4728 822 4780 dedit
851 4735 1160 4795 potestatem
1197 4726 1336 4786 ﬁlios
1368 4725 1464 4779 Dei
1487 4726 1624 4795 ﬁeri.

33 4817 138 4872 Sed
176 4817 436 4888 nunquid
460 4819 584 4872 mali
615 4818 754 4872 hanc
782 4832 887 4873 non
916 4818 1117 4873 habent
1143 4818 1500 4890 potestatem?
1528 4817 1628 4874 mi-

31 4912 198 4965 nime.
234 4909 397 4966 Licet
438 4909 583 4966 enim
625 4910 859 4964 habeant
884 4910 1113 4966 liberum
1153 4910 1438 4965 arbitrium
1465 4925 1532 4965 ex
1569 4925 1629 4967 se

31 4999 359 5066 ad‘malum,
391 5009 570 5056 tamen
597 5001 696 5058 soli
723 5001 847 5057 boni
876 5002 1080 5058 habent
1106 5002 1391 5058 arbitrium
1413 5017 1478 5059 ex
1504 5019 1634 5073 gra-

30 5094 98 5146 tia
127 5092 430 5148 liberatum
455 5092 522 5149 ad
547 5093 771 5159 bonum,
800 5103 858 5149 ut
890 5095 1098 5165 possint
1135 5108 1254 5150 esse
1292 5093 1387 5150 ﬁlii
1428 5095 1548 5161 Dei,
1573 5104 1629 5151 et

27 5184 236 5241 habere
276 5200 380 5256 per
418 5186 791 5256 adoptionem,
824 5187 968 5256 quod
995 5185 1316 5256 Unigenitus
1344 5185 1436 5242 Dei
1468 5187 1630 5242 habet

24 5291 121 5346 per
152 5287 421 5332 naturam
447 5276 964 5348 quinquepartitatn,
994 5277 1203 5333 scilicet
1232 5277 1357 5332 Filii
1381 5281 1629 5348 proprie-

25 5379 224 5422 tatem.
261 5368 477 5435 Quam?
523 5368 907 5435 Nativitatem,
937 5385 1205 5434 amorem,
1246 5369 1625 5433 imitationem,

21 5461 878 5528 similitudinem,luereditatem.
896 5460 1268 5528 Nativitatem,
1291 5469 1350 5516 ut
1378 5460 1625 5516 videlicet

19 5568 84 5605 ex
110 5551 234 5608 Deo
265 5567 373 5621 per
402 5553 664 5624 Spiritum
690 5565 936 5610 sanctum
965 5563 1020 5608 et
1049 5569 1245 5623 aquam
1289 5553 1340 5608 in
1373 5553 1512 5608 filios
1541 5571 1629 5610 re-

19 5661 368 5713 nascantur;
395 5662 659 5710 amoretu,
691 5657 747 5702 ut
773 5649 913 5702 Deus
945 5655 1168 5716 paterne
1206 5661 1304 5702 nos
1333 5646 1541 5718 diligat,
1571 5658 1626 5701 et

19 5752 123 5792 nos
167 5753 311 5805 eum
367 5738 603 5794 tilialiter
646 5741 964 5808 diligamus;
1007 5737 1386 5809 imitationem,
1417 5749 1476 5795 ut
1525 5755 1622 5796 nos

95 5830 218 5900 (15)
256 5826 417 5899 Vulg.
454 5831 671 5900 glutt'am
698 5849 846 5904 quast
883 5829 1166 5904 Unigeut’ti.

1729 4649 1980 4696 attestata
2011 4640 2103 4707 sit,
2133 4651 2530 4710 consequenter
2555 4640 2813 4702 ostendit,
2849 4637 3111 4692 inducens
3133 4636 3314 4704 primo
3339 4660 3342 4662 τ

1731 4749 1884 4790 suam
1917 4745 2346 4805 ceterorumque
2365 4731 2732 4803 apostolorum
2757 4730 3159 4793 auctoritatem,
3184 4743 3308 4782 cum

1730 4827 2044 4898 subjungit:
2069 4827 2135 4881 Et
2175 4827 2404 4882 uidimus
2435 4824 2658 4895 gloriam
2691 4821 2825 4891 ejus.
2859 4821 3105 4875 Vidimus
3137 4820 3309 4876 oculis

1727 4920 1934 4984 carnis,
1961 4919 2195 4974 vidimus
2223 4917 2396 4974 oculis
2425 4917 2644 4972 mentis.
2672 4914 2854 4971 Oculis
2885 4914 3100 4982 quidem
3126 4916 3310 4978 carnis

1731 5011 1964 5066 vidimus
2008 5009 2125 5080 ejus
2167 5009 2584 5076 humanitatem,
2616 5007 2870 5078 operibus
2909 5015 2962 5061 et
3007 5006 3308 5061 doctrinam

1729 5103 2039 5175 gloriosam.
2073 5103 2130 5158 lu
2157 5119 2262 5174 qua
2291 5101 2542 5158 videlicet
2573 5100 2755 5156 docuit
2784 5108 2838 5154 et
2865 5099 3126 5154 miracula
3156 5100 3347 5162 fecit,-

1730 5195 1785 5251 in
1816 5210 1921 5266 qua
1968 5195 2379 5266 transfiguratus
2409 5202 2514 5256 est.
2554 5193 2610 5248 in
2639 5207 2743 5263 qua
2789 5208 2818 5246 a
2866 5192 3094 5247 mortuis
3125 5208 3308 5256 resure
3349 5204 3354 5215 '

1729 5287 1890 5351 rexit,
1937 5296 1993 5340 et
2035 5283 2204 5341 celos
2252 5281 2515 5342 ascendit;
2544 5283 2610 5338 Et
2634 5283 2713 5339 sic
2737 5299 2834 5355 per
2859 5283 3147 5354 gloriosam
3189 5283 3349 5354 ejus?

1729 5376 2144 5441 humanitatem,
2177 5375 2412 5430 vidimus
2441 5374 2813 5445 spiritualibus
2855 5374 3048 5441 oculis,
3089 5372 3312 5431 interio-

1729 5485 1842 5526 rem
1874 5468 2175 5524 divinitatis
2203 5469 2320 5538 ejus
2347 5468 2684 5539 majestatem
2714 5478 2768 5522 et
2790 5467 3040 5538 gloriam.
3069 5465 3306 5521 Gloriam

1728 5577 1942 5634 quoque
1985 5560 2253 5635 Unigeniti
2284 5564 2396 5634 (15)
2443 5580 2475 5616 a
2523 5562 2707 5620 Patre.
2757 5563 2995 5621 Gloriam
3023 5578 3127 5618 non
3151 5563 3306 5631 quasi

1729 5654 1981 5721 ministri,
2003 5656 2096 5711 sed
2109 5653 2261 5725 quasi
2288 5655 2548 5721 auctoris,
2569 5658 2674 5711 non
2699 5657 2851 5726 quasi
2873 5652 3157 5724 cujuslibet
3179 5667 3306 5707 san-

1727 5745 1825 5812 cti,
1846 5746 1940 5801 sed
1963 5746 2116 5816 quasi
2134 5745 2436 5817 ipsiusDei,
2457 5761 2562 5803 non
2580 5745 3010 5818 quasiladoptivi,
3042 5743 3137 5799 sed
3152 5743 3338 5813 quasi.
