3820 6312
497 406 635 460 ΓΙ19

1498 397 1790 453 DDENDA.
1810 429 1877 445 -φ-
1920 397 2078 452 IMDI

2185 397 2262 450 'Hl
2300 396 2643 451 AlirDENTIS
3563 398 3643 452 li!)

501 515 760 572 naturalis
791 524 845 567 et
895 512 1154 585 unigeniti
1197 512 1315 566 Filii
1356 514 1469 567 Dei.
1513 511 1626 566 Non
1666 513 1811 566 enim
1842 514 1941 567 hoc
1984 513 2079 566 ad—
2110 515 2154 570 Α
2181 515 2430 567 dominus
2478 513 2741 577 omnium,
2779 517 2871 567 sed
2910 511 3012 567 sub
3045 511 3311 567 tutoribus
3351 521 3405 564 et
3446 514 3643 569 actoribus.

500 608 739 661 verbium
782 608 932 675 quasi
979 606 1246 676 significat
1294 606 1381 660 hic
1438 604 1607 660 solam
1647 605 2074 670 similitudinem,

498 698 591 751 sed
625 687 813 767 'magis
869 698 1111 752 veritatis
1162 698 1586 767 expressionem.
1641 695 1885 752 Vidimus
1913 696 2075 752 etiam

497 802 621 843 eum
656 786 865 856 plenum
898 791 1083 858 gratia:
1121 797 1167 839 et
1195 784 1442 839 veritatis.
1472 783 1694 838 Plenum
1724 784 1939 853 gratia),
1964 784 2073 853 plc-

498 896 626 934 num
655 880 918 935 veritatis.
950 878 1167 933 Plenum
1200 876 1425 930 veritate
1458 877 1663 945 gratiae.
1697 886 1749 930 et
1776 877 1949 947 gratia
1988 892 2079 930 ve-

498 973 696 1028 ritatis.
722 972 941 1027 Plenum
971 970 1177 1042 gratim.
1206 971 1460 1039 quoniam
1484 984 1606 1023 cum
1631 970 1811 1024 caeteri
1843 971 1908 1022 ad
1934 984 2081 1023 men-

499 1080 708 1131 suram,
740 1064 852 1134 ipse
878 1060 1261 1132 plenitudinem
1288 1060 1526 1115 ontnium
1564 1060 1925 1129 spiritualium
1961 1063 2077 1115 vir-

501 1166 675 1210 tutum
704 1164 758 1209 et
786 1156 1049 1209 donorum
1081 1152 1271 1205 habuit
1308 1150 1707 1206 universaliter.
1735 1150 1960 1205 Plenum
1988 1167 2079 1204 ve-

500 1248 697 1312 ritatis,
732 1248 783 1301 id
818 1255 899 1302 est
929 1246 1248 1310 divinitatis,
1282 1246 1534 1315 quoniam
1577 1245 1628 1300 in
1656 1263 1719 1300 co
1758 1246 2081 1317 complacuit

497 1352 712 1393 omnem
743 1336 1131 1407 plenitudinem
1162 1337 1457 1392 divinitatis
1498 1337 1800 1395 inhabitare
1824 1354 2079 1408 corpora-

498 1431 621 1485 liter
663 1430 887 1498 (Coloss.
921 1430 1006 1499 tt).
1048 1429 1268 1487 Plenum
1308 1431 1534 1485 veritate
1576 1431 1787 1500 gratim,
1819 1431 2084 1499 quoniam

498 1522 746 1593 gratuitae
792 1524 1202 1592 promissiones,
1254 1523 1575 1591 patriarchis
1626 1522 1754 1575 olim
1799 1525 1977 1585 factm,
2024 1533 2079 1576 et

498 1614 683 1685 ﬁgurae
710 1613 841 1684 legis
868 1623 921 1670 et
956 1614 1359 1684 pr0pltetarum,
1392 1614 1445 1667 iu
1478 1628 1543 1668 eo
1567 1622 1692 1668 sunt
1724 1615 1958 1684 impleta:
1987 1631 2079 1669 ve-

497 1707 718 1761 raciter.
753 1705 973 1760 Plenum
1004 1705 1178 1775 gratia
1209 1705 1478 1769 veritatis,
1508 1705 1768 1774 quoniam
1800 1706 2081 1771 divinitas,

496 1810 617 1864 qure
638 1804 758 1850 erat
788 1796 905 1864 ejus
930 1810 1058 1849 vera
1103 1802 1314 1859 natura,
1348 1794 1487 1850 facta
1517 1804 1603 1850 est
1637 1795 1683 1849 ei
1718 1795 1920 1851 homini
1952 1811 2073 1865 gra-

500 1888 572 1942 tia
604 1887 933 1956 specialiter.
972 1887 1123 1942 Ilanc
1162 1887 1343 1953 fidem,
1376 1886 1572 1943 fratres
1608 1887 1944 1952 charissimi,
1980 1887 2078 1941 lir-

498 1978 661 2033 tuiter
699 1986 1001 2042 teneamus,
1040 1979 1295 2047 operibus
1331 1994 1740 2043 excerceamns,
1773 1977 2078 2042 Christum,

500 2070 590 2139 qui
635 2078 841 2123 tantum
874 2085 970 2125 nos
1003 2070 1221 2135 dilexit,
1258 2082 1368 2127 toto
1413 2073 1574 2128 corde
1609 2073 1912 2142 diligentes,
1967 2072 2082 2141 ejus

496 2160 859 2214 voluntariam
907 2162 1303 2227 humilitatem,
1359 2175 1729 2236 paupertatem
1786 2166 2081 2236 sulijeetio-

498 2265 645 2314 rtem,
670 2251 1032 2306 obedientiam
1053 2293 1067 2316 ,
1114 2254 1452 2325 patientiam,
1483 2258 1827 2321 charitatem,
1863 2259 2078 2314 miseri-

497 2341 765 2407 cordiam,
791 2343 965 2411 quoad
994 2357 1299 2411 possumus,
1336 2346 1634 2411 imitantes,
1672 2356 1943 2419 quatenus
1987 2348 2079 2402 lilii

497 2430 593 2486 Dei
624 2441 676 2485 et
704 2433 1013 2488 cohaeredes
1043 2434 1243 2489 Christi
1281 2452 1402 2491 esse
1426 2453 1752 2504 mereamur,
1796 2438 1911 2507 ipso
1938 2453 2079 2508 prte-

497 2529 708 2585 stante,
730 2523 823 2590 qui
852 2539 972 2576 cum
1006 2524 1161 2581 Patre
1184 2536 1238 2580 et
1286 2526 1489 2594 Spiritu
1518 2536 1706 2585 sancto
1751 2526 1881 2581 vivit
1914 2537 1967 2586 et
1996 2543 2073 2583 reo

498 2621 625 2682 gnat
656 2610 823 2666 Deus.
856 2616 1049 2668 Amen.

1064 2705 1350 2761 IIOMILIA
1394 2708 1523 2764 XIII.

734 2812 985 2855 DOIINICA
1024 2813 1185 2857 PRIMA
1216 2815 1345 2854 POST
1386 2816 1594 2856 NJTALE
1632 2818 1839 2858 DOIINI.

568 2882 780 2953 Quanto
807 2897 1035 2955 tempore
1069 2888 1231 2943 ha’res
1262 2890 1509 2957 parvulus
1543 2902 1638 2956 est,
1668 2893 1799 2946 nihil
1833 2893 2009 2962 dilert
2048 2911 2079 2951 α

496 2993 661 3043 seruo,
698 2993 815 3035 cum
858 2980 925 3032 sit
950 2978 1196 3035 dominus
1218 2982 1474 3047 manium,
1506 2985 1596 3036 sed
1625 2983 1720 3037 sub
1748 2986 2009 3041 tutoribus
2031 2995 2082 3039 et

497 3069 763 3126 actoribus
816 3079 890 3123 est
933 3085 1093 3140 usque
1127 3071 1197 3126 ad
1240 3072 1560 3141 pra’ﬁnitum
1604 3083 1803 3143 tempus
1852 3091 1883 3128 a
1929 3087 2082 3145 patre

499 3160 646 3229 (Gal.
682 3160 776 3231 tv).
818 3160 1082 3231 Quoniam
1127 3162 1453 3233 Apostolus,
1506 3163 1702 3219 fratres
1750 3165 2075 3232 charissimi,
2107 3200 2152 3261 ε

499 3255 711 3309 debitor
732 3263 848 3310 erat
875 3255 1125 3310 omnibus
1148 3253 1482 3319 hominibus,
1510 3256 1846 3326 sapientibus
1868 3265 1923 3314 et
1944 3258 2077 3313 insi-

497 3347 769 3417 pientibus
812 3365 827 3407 τΔ
860 3347 980 3403 ideo
1033 3348 1099 3403 de
1160 3347 1359 3403 divinis
1410 3347 1663 3418 loquens,
1718 3349 1971 3405 humanis
2026 3359 2080 3405 et

496 3440 775 3494 consuetis
818 3438 988 3493 utitur
1027 3439 1233 3505 verbis,
1275 3448 1355 3504 ut,
1405 3456 1503 3511 per
1543 3441 1778 3512 cognita,
1810 3442 2083 3511 incognita

498 3530 697 3589 melius
718 3530 1019 3605 intelligere
1041 3532 1337 3588 valeamus.
1375 3532 1527 3591 Unde
1558 3534 1700 3588 idem
1738 3533 1864 3589 alibi
1892 3534 2025 3588 dicit
2058 3552 2071 3587 :

498 3618 809 3675 Humanum
862 3620 1001 3684 dico,
1028 3628 1240 3691 propter
1284 3622 1645 3690 inﬁrmitatem
1682 3624 1856 3681 carnis
1900 3634 2082 3680 vestrae

497 3712 679 3784 (Rom.
716 3714 811 3783 Vt).
849 3713 1142 3783 Comparat
1190 3714 1369 3785 igitur,
1402 3716 1453 3770 in
1493 3716 1729 3787 capitulo
1777 3718 2077 3787 praemisso,

497 3803 704 3859 haeredi
740 3804 923 3857 mutuli
969 3803 1233 3859 Ineredcnt
1266 3806 1413 3872 εαξη,
1460 3806 1576 3861 sive
1604 3807 1935 3875 adoptivum,
1967 3809 2081 3862 sive

496 3894 824 3951 naturalem.
853 3892 961 3948 Nos
989 3909 1141 3965 ergo,
1174 3895 1385 3961 fratres,
1410 3896 1587 3968 primo
1611 3896 1678 3951 de
1704 3896 1917 3953 hierede
1948 3910 2080 3953 tem-

494 3986 691 4057 porali,
717 3987 957 4043 secundo
1002 3987 1069 4042 de
1119 3988 1331 4043 hatrede
1355 3989 1477 4045 coeli
1528 3990 1780 4055 naturali,
1812 3991 1973 4046 tertio
2013 3992 2082 4046 de

497 4078 716 4135 haerede
741 4079 861 4134 θαιιί
884 4080 1134 4150 adoptivo
1160 4095 1256 4149 per
1282 4081 1529 4137 ordinem
1554 4082 1855 4136 videamus.
1891 4083 2077 4147 Scitis,

496 4169 698 4224 fratres
738 4170 863 4235 mei,
897 4170 1080 4239 igitur,
1106 4171 1246 4240 quod
1280 4170 1330 4225 in
1359 4172 1517 4227 domo
1544 4173 1858 4242 temporalis
1883 4176 2082 4243 patrisa

496 4263 731 4322 familias
761 4270 885 4317 sunt
911 4262 1085 4327 liberi,
1114 4275 1167 4318 et
1196 4272 1321 4325 sunt
1347 4265 1623 4330 servi,sed
1654 4267 1872 4321 diverso
1893 4268 2076 4323 modo.

496 4355 634 4411 Nam
669 4366 823 4426 pater
852 4356 1024 4428 diligit
1054 4356 1220 4410 liliunt
1252 4350 1509 4426 tanquam
1536 4356 1849 4425 bteredem;
1894 4369 1949 4414 et
2000 4368 2077 4418 ta-

495 4465 621 4507 men
645 4450 773 4509 dum
807 4450 1061 4518 parvulus
1091 4459 1191 4513 est,
1223 4464 1347 4505 eum
1376 4449 1572 4504 educat
1626 4450 1678 4505 in
1731 4460 2074 4525 paupertate,

2182 605 2233 659 id
2262 614 2363 665 est,
2397 603 2495 657 sub
2540 602 2841 673 pzedagogis
2887 610 2941 657 et
2991 602 3306 657 doctoribus
3347 612 3438 664 est,
3463 619 3583 671 usque
3608 611 3648 660 ait

2179 692 2501 763 praefinitum
2532 700 2739 762 tempus
2783 709 2812 746 a
2864 703 3040 762 patre.
3068 691 3204 748 Cum
3234 693 3376 747 enim
3418 692 3543 749 fuerit
3563 700 3654 751 adul-

2184 795 2289 850 tus,
2325 784 2575 839 dominus
2603 802 2630 838 a
2670 793 2825 854 patre
2856 786 3217 848 constituitur.
3260 794 3311 839 et
3363 788 3524 849 servis,
3544 790 3603 857 qui
3626 792 3656 845 ei

2180 876 2441 933 dominati
2482 875 2713 941 fuerant,
2747 878 3080 932 dominatur.
3116 877 3365 933 Caelestis
3399 894 3566 948 quoque
3596 881 3655 935 Pa.

2182 978 2285 1030 ter,
2324 967 2523 1023 fratres
2548 969 2873 1030 charissimi,
2917 970 3103 1023 habuit
3133 978 3187 1024 et
3220 969 3379 1023 habet
3413 968 3564 1023 Filium
3595 973 3663 1026 ha-

2184 1059 2389 1124 retlem,
2438 1060 2735 1113 naturalem
2771 1070 2824 1115 et
2881 1062 3402 1130 coomnipotentem,
3432 1072 3664 1117 coaeternutn

2181 1159 2233 1202 et
2279 1150 2815 1205 consubstantialem.
2849 1151 2952 1217 Qui
3005 1152 3056 1204 in
3095 1151 3219 1211 hoc.
3260 1150 3471 1216 fratres,
3507 1153 3667 1210 differta

2184 1239 2464 1308 temporali
2514 1239 2750 1304 luerede,
2796 1241 3053 1309 quoniam
3102 1242 3418 1312 temporalis
3443 1244 3574 1298 haeres
3596 1248 3667 1311 ιίι,

2184 1330 2262 1382 vel
2294 1346 2589 1399 nunquam,
2630 1331 2732 1385 sibi
2772 1330 2901 1385 facit
2925 1332 3261 1397 coltaat'edes,
3293 1333 3401 1386 into
3430 1336 3570 1402 potius
3588 1350 3671 1404 gau-

2183 1424 2271 1477 det
2298 1423 2437 1492 quod
2472 1423 2541 1477 sit
2573 1424 2764 1478 unicus
2798 1433 2853 1478 et
2884 1424 3030 1479 solus
3063 1426 3433 1479 hwreditatem
3456 1426 3673 1481 habiturus.

2182 1518 2251 1577 At
2304 1516 2468 1571 Filius
2512 1518 2624 1583 Dei,
2660 1518 2814 1588 cujus
2866 1519 3175 1589 benignitas
3228 1520 3438 1590 ignorat
3482 1520 3673 1585 iutiliam,

2182 1608 2431 1676 angelum
2456 1620 2509 1659 et
2545 1609 2818 1662 hominem
2850 1610 2949 1663 sibi
2976 1610 3251 1678 adoptavit
3288 1610 3340 1663 iu
3376 1610 3672 1664 hatretﬁtatem.

2184 1698 2384 1754 Verum
2412 1702 2667 1770 quoniam
2692 1700 2854 1755 homo
2877 1701 3134 1772 deceptus
3161 1718 3192 1756 a
3217 1702 3453 1767 diabolo,
3477 1704 3529 1758 ab
3542 1718 3675 1759 attenta

2187 1793 2500 1851 bmreditate
2538 1802 2656 1847 erat
2712 1794 3111 1859 exha‘redatns,
3155 1796 3363 1865 placuit
3402 1795 3520 1850 Filio
3544 1796 3608 1851 Dei
3642 1810 3677 1853 ut

2184 1884 2521 1940 cohaeredem
2563 1899 2718 1939 suum
2756 1900 2853 1955 per
2898 1884 3142 1941 fraudem
3198 1887 3589 1949 exheredatum,
3617 1905 3679 1954 per

2185 1977 2617 2033 misericordiam
2682 1977 3005 2032 lneredaret.
3053 1977 3190 2044 Quia
3253 1992 3383 2033 vero
3436 1979 3683 2032 conveniens

2183 2078 2304 2122 erat
2334 2076 2391 2122 ut
2422 2068 2513 2137 qui
2562 2082 2657 2136 per
2681 2068 2993 2137 superbiam
3032 2068 3336 2135 ceciderat,
3365 2083 3456 2136 per
3484 2068 3681 2121 humilita-

2186 2166 2292 2211 tem
2321 2156 2647 2227 erigeretur,
2708 2158 3015 2214 ltumiliavit
3061 2173 3119 2213 se
3152 2158 3326 2213 Filius
3353 2158 3465 2225 Dei,
3500 2169 3543 2213 et
3565 2160 3685 2215 lactus.

2184 2261 2265 2305 est
2290 2251 2341 2305 in
2369 2251 2540 2305 forma
2565 2252 2706 2307 servi
2737 2252 3013 2321 parvulus,
3048 2252 3122 2305 ita
3152 2260 3211 2305 ut
3239 2252 3373 2305 nihil
3400 2260 3597 2306 a'servo
3616 2252 3683 2305 dil-

2184 2342 2374 2408 ferret,
2404 2358 2526 2399 cum
2557 2350 2700 2398 esset
2728 2341 2987 2397 Dominus
3012 2341 3283 2405 omnium.
3319 2343 3412 2397 sed
3442 2341 3526 2396 sub
3550 2344 3686 2396 tutati-

2184 2434 2285 2488 bns
2314 2444 2367 2489 et
2397 2435 2675 2491 actoribus
2702 2434 2802 2490 fuit
2829 2420 3000 2505 uque
3028 2436 3098 2489 ad
3127 2435 3451 2505 pnetiuitutn
3485 2443 3645 2502 tempus
3666 2450 3687 2487 ι

2183 2524 2367 2581 Patre.
2405 2526 2585 2593 Quare
2611 2526 2749 2582 hoc?
2776 2538 2833 2581 ut
2869 2526 2938 2580 ita
2975 2541 3074 2581 nos
3104 2526 3417 2588 redimeret,
3452 2534 3503 2578 ut
3537 2525 3593 2578 ita
3623 2539 3687 2577 no-

2186 2619 2266 2674 bis
2296 2634 2449 2672 suam
2479 2620 2531 2673 in
2558 2634 2657 2676 nos
2678 2619 3001 2674 charitatem
3034 2618 3368 2681 ostenderet,
3416 2626 3469 2669 ut
3509 2618 3568 2669 ita
3586 2617 3686 2669 viam

2186 2708 2513 2764 humilitatis
2550 2726 2647 2780 per
2682 2724 2848 2777 quam,
2900 2709 3329 2773 lmredaremur,
3354 2708 3504 2764 nobis
3528 2707 3688 2763 demon-

2183 2808 2403 2854 straret.

2255 2891 2379 2947 Fuit
2409 2892 2573 2962 igitur
2615 2891 2703 2946 hic
2730 2892 2785 2946 in
2814 2893 3018 2949 mundo
3049 2891 3101 2947 in
3133 2902 3470 2962 paupertate,
3500 2892 3544 2945 in
3564 2891 3692 2958 subje-

2184 2981 2381 3041 ctione,
2409 2980 2463 3035 in
2486 2981 2768 3050 patientia.
2819 2981 2873 3036 In
2911 2990 3254 3051 paupertate,
3286 2982 3414 3051 quia
3437 2982 3497 3036 de
3522 2995 3696 3051 panper-

2182 3070 2302 3127 cula
2337 3070 2557 3144 Virgine
2625 3081 2807 3139 natus,
2858 3074 3053 3142 pannis
3102 3074 3306 3133 vilibus
3352 3073 3697 3135 obvolutus,in

2184 3163 2449 3233 praesepio
2477 3163 2705 3233 positus,
2726 3164 2860 3218 nihil
2890 3167 2943 3218 in
2976 3165 3078 3219 hoc
3096 3168 3302 3219 mundo
3326 3165 3564 3235 possedit.
3583 3163 3701 3219 Unde

2188 3254 2301 3322 ipse
2331 3255 2408 3308 ait
2439 3272 2452 3309 :
2496 3254 2687 3324 Vulpes
2715 3256 2890 3325 faveas
2937 3258 3150 3319 habent,
3178 3267 3225 3311 et
3273 3258 3495 3311 volucres
3519 3257 3609 3310 reti
3638 3257 3698 3308 tri-

2184 3349 2299 3412 dos,
2333 3345 2378 3400 [θ’
2381 3348 2505 3402 ilius
2528 3358 2699 3403 autem
2728 3349 2955 3411 hominis
2982 3365 3085 3407 non
3130 3350 3284 3402 habet
3318 3351 3404 3402 ubi
3430 3357 3570 3417 caput
3588 3366 3699 3399 sum

2185 3442 2391 3496 reclinet
2421 3441 2637 3507 (Matth.
2691 3458 2789 3497 vttt
2814 3459 2828 3507 ;
2856 3442 2963 3497 an
2992 3444 3091 3511 ιι).
3136 3442 3193 3505 ιιι
3243 3443 3575 3510 subjectione,
3600 3456 3702 3509 quo-

2185 3532 2330 3590 niam
2373 3536 2618 3591 subditus
2653 3537 2755 3590 fuit
2782 3535 2964 3591 Maria:
3004 3548 3058 3591 et
3088 3537 3292 3607 Ioseph
3324 3538 3490 3592 servis
3513 3538 3624 3601 suis,
3661 3544 3704 3587 et

2183 3627 2359 3686 Lucas
2392 3636 2626 3684 testatur
2657 3627 2809 3699 (Luc.
2862 3630 2945 3702 tt).
2975 3628 3266 3687 Tributum
3303 3632 3493 3687 (ἐπεδειιὶ
3523 3629 3704 3685 reddidit

2184 3719 2401 3790 (Matth.
2432 3722 2587 3789 xvtt),
2616 3722 2983 3791 apostolorum
3013 3724 3181 3792 pedes
3221 3723 3353 3777 lavit
3380 3722 3552 3787 (lauti.
3579 3719 3704 3789 snt):

2184 3822 2237 3864 et
2285 3819 2343 3864 ut
2378 3810 2494 3879 ipse
2544 3820 2798 3872 testatur,
2829 3828 2934 3869 non
2987 3813 3290 3869 ministrari
3320 3814 3411 3868 sed
3452 3814 3707 3866 ministrare

2184 3904 2331 3957 venit
2361 3901 2578 3974 (Matth.
2611 3907 2722 3972 xx).
2758 3902 2892 3957 Cum
2925 3904 3123 3963 vellent
3146 3922 3270 3961 eum
3308 3905 3610 3961 constituere
3644 3917 3708 3955 re-

2183 4010 2324 4067 gem,
2365 3995 2589 4050 recessit
2639 3996 2819 4063 (loan.
2849 3999 2948 4065 vt),
2995 3998 3087 4067 qui
3127 4007 3311 4053 tamen
3344 4000 3404 4052 ad
3453 3998 3707 4068 passionem

2184 4088 2368 4142 volens
2389 4100 2447 4141 se
2469 4086 2685 4141 obtulit.
2727 4086 2782 4145 In
2808 4088 3091 4158 patientia,
3118 4090 3247 4160 quia
3277 4091 3512 4155 esurivit,
3556 4086 3707 4149 sitirit,

2183 4176 2563 4242 contumelias,
2592 4176 2825 4242 vincula,
2861 4176 3088 4248 ﬂagella,
3116 4189 3293 4249 sputa,
3337 4194 3539 4236 crucem
3578 4176 3705 4232 susti-

2184 4269 2324 4335 nuit,
2356 4277 2411 4324 et
2438 4270 2603 4340 (quod
2644 4280 2727 4325 est
2761 4272 3001 4341 gravius)
3036 4288 3065 4327 a
3095 4275 3271 4330 servis
3292 4274 3422 4337 suis,
3444 4289 3533 4345 pro
3552 4272 3706 4340 quibus

2184 4361 2346 4415 etiam
2369 4362 2567 4415 oravit.
2588 4362 2725 4416 Cum
2747 4373 2931 4419 autem
2964 4372 3177 4434 tempus
3202 4366 3470 4421 detlnitnm
3513 4380 3538 4415 a
3560 4361 3708 4419 Patre.

2184 4448 2238 4503 id
2291 4459 2375 4511 est
2404 4453 2733 4507 resurrectio
2762 4454 2996 4515 advenit,
3029 4456 3153 4509 data
3194 4465 3279 4516 est
3302 4457 3349 4510 ei
3400 4455 3564 4510 omnis
3588 4463 3709 4522 pote-

496 4541 554 4599 in
578 4541 930 4612 subjectione,
980 4540 1034 4595 itt
1065 4540 1368 4609 disciplina.
1399 4538 1453 4593 In
1490 4550 1826 4610 paupertate,
1880 4542 2077 4597 nullius
2114 4553 2159 4611 ι)
2186 4552 2301 4597 stas
2334 4543 2387 4596 in
2419 4543 2560 4598 cmlo
2585 4543 2716 4601 etin
2749 4553 2893 4599 terra
2922 4546 3362 4617 (Matt/untur),
3393 4550 3545 4602 etiam
3581 4558 3713 4611 StIPf‘Y

497 4633 577 4689 rei
613 4643 931 4704 potestatem
988 4631 1037 4687 ei
1091 4633 1423 4703 relinquens.
1454 4631 1512 4686 In
1567 4632 1925 4701 subjectione,
1956 4648 2079 4689 eum

494 4724 599 4780 sub
642 4727 935 4793 picdagogo
971 4724 1327 4779 constituens.
1366 4722 1422 4776 In
1458 4721 1767 4791 disciplina,
1797 4738 1919 4778 eum
1964 4738 2081 4779 ma-

497 4815 705 4889 gistrali
731 4816 896 4885 virgae
923 4815 1183 4876 subdens.
1216 4814 1283 4871 Et
1313 4816 1366 4867 in
1395 4813 1482 4867 his
1506 4814 1762 4870 omnibus
1789 4814 1951 4871 habet
1981 4831 2081 4885 pa-

498 4906 654 4962 terin
694 4906 860 4963 lilium
894 4920 1143 4973 magnum
1174 4902 1423 4961 allectum
1455 4902 1780 4959 dilectionis.
1815 4906 2079 4975 Quoniam

496 5009 653 5069 pater
699 4998 889 5060 lilium,
921 5010 1081 5066 quem
1113 4995 1236 5066 plus
1257 4992 1451 5065 diligit,
1482 4996 1740 5066 corripit;
1768 4998 1913 5056 filius
1945 5016 2081 5072 quo-

498 5108 605 5162 qne
640 5098 851 5160 patrem
879 5088 1074 5159 diligit,
1118 5098 1174 5141 et
1201 5088 1250 5142 ei
1277 5102 1343 5143 ex
1373 5102 1560 5145 amore
1605 5091 1808 5147 obedit.
1851 5091 2080 5150 Servum

500 5194 683 5241 autem
740 5179 1129 5249 paterfamilias
1177 5194 1281 5234 non
1315 5178 1491 5252 diligit
1548 5183 1616 5238 ad
1667 5183 1771 5240 hoc
1826 5195 1886 5239 ut
1916 5186 2083 5243 haereo

500 5276 623 5328 dem
651 5272 949 5327 constituat
966 5286 1109 5335 eum,
1139 5272 1234 5327 sed
1258 5271 1376 5341 ejus
1398 5274 1571 5328 utitur
1593 5276 1821 5332 servitio
1853 5294 1952 5347 pro
1981 5294 2082 5334 sua

498 5365 796 5430 voluntate,
853 5375 909 5420 et
938 5366 1167 5422 haeredis
1196 5366 1453 5421 utilitate.
1488 5365 1593 5427 Res
1622 5376 1802 5423 tamen
1862 5384 1991 5427 suas
2027 5380 2084 5426 et

499 5458 756 5521 haeredis,
786 5460 928 5514 servi
960 5460 1326 5531 procurationi
1367 5461 1678 5525 committit,
1710 5463 1883 5531 ipsum
1915 5464 2079 5519 etiam

501 5549 772 5611 hmredetn
798 5552 1207 5609 custodiendum
1237 5564 1292 5609 et
1311 5553 1689 5623 corrigendum
1721 5554 1768 5608 ei
1792 5555 2079 5613 submittit.

503 5638 595 5697 Sic
622 5644 825 5717 itaque,
864 5645 1082 5711 fratres,
1131 5647 1257 5702 dum
1306 5646 1477 5702 lueres
1505 5656 1592 5701 est
1639 5648 1913 5715 parvulus,
1945 5650 2080 5707 nihil

503 5732 732 5793 differta
774 5750 950 5798 servo,
1003 5738 1111 5791 imo
1134 5746 1189 5791 et
1216 5737 1555 5807 plerumque,
1596 5737 1695 5809 ipsi
1727 5740 1997 5806 subditur,
2028 5750 2081 5797 et

505 5824 570 5884 ab
600 5839 663 5880 eo
708 5826 1021 5905 corripitur,
1073 5842 1193 5885 cum
1238 5836 1414 5887 tamen
1452 5825 1574 5899 jure
1624 5827 1967 5889 haereditario
2010 5833 2079 5887 sit

2184 4646 2372 4691 servos
2406 4649 2533 4690 suos
2580 4644 2635 4691 et
2687 4636 2956 4693 inimicos.
3011 4637 3163 4695 Unde
3206 4638 3365 4693 Pater
3387 4639 3451 4691 ad
3480 4654 3586 4692 eum
3615 4637 3710 4687 ait:

2187 4726 2322 4781 Sede
2351 4744 2383 4781 a
2413 4728 2611 4781 dextris
2641 4729 2788 4792 meis,
2825 4727 2991 4783 donec
3018 4745 3209 4796 ponam
3247 4731 3476 4783 inimicos
3500 4740 3599 4781 (tres
3618 4744 3713 4779 st:-

2185 4817 2374 4875 bellum
2400 4817 2589 4886 pedum
2611 4826 2818 4873 tuorum
2845 4815 3168 4887 (Panhax).
3196 4818 3263 4874 Et
3293 4821 3411 4874 alibi
3441 4837 3453 4872 :
3483 4818 3671 4873 f’ostsla
3690 4834 3715 4863 ἀ

2185 4926 2285 4974 me,
2319 4919 2366 4964 et
2390 4911 2526 4964 dabo
2559 4909 2652 4962 tibi
2692 4920 2866 4979 gentes
2895 4912 3255 4969 hirreditatem
3298 4923 3435 4966 tum
3464 4910 3617 4980 (Psat.
3646 4922 3713 4969 tt),

2185 5012 2290 5058 etc.
2349 5001 2459 5057 Nos
2498 5004 2687 5067 etiam,
2747 5001 2963 5070 fratres,
3007 5005 3051 5058 si
3101 5006 3337 5075 adOptivi
3378 5005 3601 5060 ha-redes
3639 4998 3717 5052 Dei

2186 5108 2304 5149 esse
2336 5094 2603 5159 volumus,
2630 5094 2773 5148 viam
2824 5095 3088 5149 naturalis
3119 5096 3369 5157 hteredis,
3410 5110 3509 5149 non
3541 5090 3717 5158 iniquo-

2188 5201 2306 5240 rum
2352 5201 2652 5246 servorum,
2700 5201 3016 5253 sequantur.
3055 5186 3213 5249 Servi
3257 5188 3451 5258 quippe
3478 5192 3595 5239 sunt
3640 5180 3715 5232 filii

2186 5278 2416 5342 ancillae,
2445 5279 2534 5346 qui
2564 5293 2669 5333 non
2696 5278 2941 5332 ltzeredes
2973 5294 3096 5333 cum
3136 5280 3261 5335 ﬁliis
3285 5282 3456 5335 libent:
3480 5270 3715 5348 (Gentii

2188 5371 2279 5442 qui
2326 5386 2431 5424 non
2454 5370 2519 5425 ad
2551 5369 2949 5435 hatreditatent,
2978 5373 3073 5426 sed
3116 5375 3183 5426 ad
3214 5373 3554 5443 perditionem
3581 5368 3715 5431 depu-

2188 5467 2281 5522 tati
2314 5474 2459 5528 sunt,
2492 5466 2583 5535 qui
2612 5466 2749 5520 sicut
2781 5464 2969 5519 Ismael
2997 5465 3149 5521 Isaac
3177 5465 3330 5535 (Cen.
3353 5466 3482 5534 χχι).
3510 5463 3580 5517 ita
3608 5457 3717 5509 (ἱΙὲίὸ

2188 5556 2371 5611 liberte
2421 5564 2838 5626 persequuntur.
2874 5554 3227 5611 Possessione
3276 5570 3465 5615 rerum,
3504 5548 3714 5601 «Inmiti?

2187 5650 2334 5704 tione
2361 5657 2715 5717 potestatum,
2758 5649 3098 5703 correctione
3142 5650 3403 5704 minorum
3440 5663 3466 5699 a
3499 5647 3600 5700 Deo
3634 5637 3713 5690 SR"

2186 5744 2238 5796 in
2279 5742 2512 5796 utilitate
2544 5732 2839 5795 electorum
2873 5742 3182 5797 commissis
3223 5744 3519 5797 abutuntur.
3544 5733 3712 5787 Tamen

2186 5834 2238 5889 in
2264 5835 2595 5923 [bochvelint
2625 5836 2821 5917 nolint,
2843 5834 2952 5889 Deo
2992 5848 3042 5892 et
3076 5836 3262 5901 electis
3288 5834 3417 5912 ejus,
3443 5824 3713 5891 tim-eiii»;
