3820 6312
121 400 230 458 νηί

780 382 1086 441 ΠΟΜΙωιΕ
1127 383 1192 441 IN
1225 384 1438 442 EPIST.
1474 382 1562 440 ET
1600 385 1639 440 li

1753 384 1846 439 \‘G.
1896 383 2194 442 DOMINIC.
2222 416 2294 427 -—
2323 383 2504 440 PARS
2553 384 2592 439 Ι.

3193 382 3332 444 Im

122 517 216 572 suis
261 503 598 568 famulantur,
627 499 717 571 qui
757 501 827 554 de
865 500 1023 554 malls
1045 515 1230 555 eorum
1259 501 1407 555 novit
1429 499 1646 554 benefa-
1675 507 1716 561 Α
1748 517 1868 554 cum
1901 502 2014 572 ipse
2043 503 2290 558 eumdem
2337 517 2443 556 non
2470 516 2538 555 ex
2570 500 2708 554 virili
2733 501 2960 568 semine,
2986 501 3080 556 sed
3107 517 3176 557 ex
3206 499 3326 570 Spi-

119 619 238 662 cere.
261 599 357 655 Nos
379 609 504 650 vero
531 594 753 660 fratres,
787 593 831 648 si
867 592 961 647 ﬂlii
1009 593 1124 659 Dei,
1162 593 1206 648 si
1242 594 1484 648 hzeredes
1527 593 1641 658 Dei,

120 708 163 754 et
182 690 455 750 cohzrredos
489 685 712 751 Christi,
745 699 867 741 esse
916 685 1189 750 volumus,
1241 701 1532 754 sequamur
1560 699 1646 738 ve-

117 786 245 855 stigia
269 782 401 852 ejus,
431 778 604 834 simus
643 786 897 846 tanquam
949 778 1120 832 lueres
1173 777 1428 847 parvulus
1461 777 1514 830 in
1547 779 1647 830 hoc

117 873 298 934 szeculo,
323 883 420 923 non
453 867 760 931 timeamus,
790 867 898 920 imo
926 867 1319 934 amplectamur
1359 874 1645 934 pauperta-

115 974 221 1028 tem,
246 970 314 1020 et,
337 957 486 1026 juxta
511 955 761 1010 eumdem
791 955 1127 1023 Apostolnm,
1153 957 1352 1009 victum
1391 965 1444 1010 et
1477 955 1644 1009 vesti-

116 1067 208 1114 tum
251 1049 499 1106 habentes
528 1047 613 1102 bis
644 1046 880 1102 contenti
912 1048 1080 1102 simus
1107 1045 1158 1118 (I
1191 1045 1328 1100 Tim.
1359 1047 1435 1111 vs)
1502 1043 1648 1112 Quo-

111 1147 251 1208 niam,
275 1149 329 1195 ut
355 1139 425 1192 ait
453 1137 765 1208 Apostolus,
796 1139 886 1208 qui
910 1137 1082 1192 uolunt
1106 1139 1287 1193 divites
1315 1139 1433 1207 ﬁeri
1462 1141 1514 1191 in
1546 1139 1646 1192 hoc

109 1233 298 1297 sarculo,
329 1229 556 1283 incidunt
585 1231 640 1282 in
667 1229 908 1298 laqueum
932 1241 976 1282 et
1007 1229 1062 1283 in
1091 1229 1426 1283 tentationem
1449 1227 1647 1281 diaboli

109 1327 276 1395 (ibim).
301 1322 409 1379 Non
433 1323 738 1388 timeamus,
763 1322 856 1377 sed
890 1335 1134 1376 amemus
1163 1321 1646 1391 subjectionetn,et

102 1417 230 1486 juxta
270 1411 563 1482 apostolum
615 1409 854 1475 Petrum,
912 1409 1112 1464 subditi
1159 1410 1330 1465 simus
1388 1409 1642 1473 dominis,

106 1513 410 1563 nontautum
465 1503 620 1557 bonis
667 1511 722 1557 et
775 1503 1050 1564 modestis,
1085 1501 1177 1559 sed
1223 1501 1390 1556 etiam
1421 1500 1643 1554 discetis

105 1596 144 1667 (l
174 1593 304 1649 Patr.
337 1593 416 1662 tt).
456 1590 580 1648 llaec
614 1601 695 1648 est
735 1592 878 1646 enim
909 1593 1104 1661 gratia.
1136 1590 1379 1645 [labeant
1425 1589 1519 1644 filii
1552 1605 1650 1643 an-

101 1688 216 1742 cilla:
269 1687 496 1739 honores
549 1696 603 1738 et
661 1683 1008 1753 prtelationes
1053 1697 1151 1752 per
1197 1681 1522 1748 Simoniam,
1550 1694 1648 1749 per

99 1781 436 1842 atutiitionem,
467 1793 562 1848 per
588 1777 669 1832 fas
697 1777 981 1848 nefasque.
1019 1775 1121 1845 Qui
1157 1777 1456 1831 exteriores
1481 1781 1642 1828 erunt

1755 594 1862 646 ritu
1907 603 2094 647 sancto
2125 606 2448 662 conceptum
2489 607 2610 648 esse
2637 593 2886 663 superius
2932 604 3324 650 construxerit.

1749 686 1856 739 Sed
1880 685 2126 754 pluribus
2149 687 2326 742 modis
2371 695 2580 755 patrem
2608 685 2880 754 appellare
2920 689 3323 748 consuevimus.

1749 774 1881 827 Nam
1932 776 2204 844 :equivoce
2255 785 2410 844 pater
2446 783 2533 830 est
2574 777 2830 840 carnalis,
2892 775 3208 845 spiritualis,
3265 786 3324 835 et

1749 868 2022 938 longa'vus
2045 909 2059 931 ,
2095 869 2466 939 praedecessor
2501 869 2929 924 benefactorum.
2977 867 3114 934 Quia
3160 868 3328 939 igitur

1746 956 1944 1027 Ioseph
1988 957 2165 1022 faber,
2211 959 2469 1014 nutritius
2510 968 2566 1014 et
2615 967 2832 1013 amator
2887 967 3006 1014 erat
3061 956 3212 1023 Iesu,
3271 969 3328 1014 es

1749 1065 1980 1117 sponsus
2012 1052 2202 1105 matris
2231 1052 2369 1121 ejus,
2403 1052 2573 1107 voluit
2601 1067 2724 1107 eum
2757 1052 2861 1106 diei
2899 1060 3107 1122 patrem
3141 1066 3326 1116 suum,

1748 1153 1806 1196 et
1831 1143 1931 1198 hoc
1961 1143 2030 1198 ad
2063 1144 2382 1214 mysterium
2409 1157 2463 1199 et
2488 1145 2817 1212 exemplum.
2847 1144 2927 1199 Ad
2979 1145 3327 1215 mysterium,

1748 1234 2006 1304 quoniam
2038 1235 2154 1303 ipse
2181 1249 2309 1290 vere
2342 1245 2462 1291 erat
2490 1235 2634 1293 filius
2662 1236 2822 1304 fabri,
2851 1236 2969 1306 ejus
2995 1237 3210 1293 scilicet
3233 1238 3324 1308 qui

1753 1324 2049 1379 fabricatus
2071 1333 2156 1380 est
2178 1340 2430 1379 auroram
2459 1335 2512 1380 et
2539 1326 2731 1381 solem.
2775 1327 2856 1381 Ad
2897 1327 3224 1396 exemplum,
3269 1335 3328 1379 ut

1752 1417 1931 1471 nullus
1959 1426 2413 1487 quantuscunque
2440 1417 2683 1473 viliorem
2729 1433 2792 1474 se
2817 1419 2922 1473 dici
2952 1420 3320 1476 erubesceret.

1749 1508 1862 1562 lloc
1898 1505 2057 1576 plane
2090 1516 2278 1561 contra
2335 1506 2452 1562 illos
2491 1508 2580 1578 qui
2617 1517 2801 1576 patres
2828 1523 2955 1563 suos
2995 1508 3322 1577 decrepitos,

1748 1597 1976 1662 debiles,
2032 1606 2086 1650 et.
2112 1595 2246 1650 viles
2275 1598 2622 1651 erubescunt.
2663 1598 2882 1653 Similes
2905 1597 3058 1664 muli,
3105 1598 3218 1668 qui,
3268 1607 3328 1650 ttt

1749 1689 1928 1743 fabula
1953 1687 2466 1758 narrat,inquisitus
2497 1689 2617 1757 quis
2642 1697 2787 1743 esset
2813 1697 2968 1758 pater
2986 1690 3122 1758 ejus,
3142 1698 3327 1742 tacens

1752 1780 1912 1834 vilem
1944 1790 2182 1850 patrem,
2207 1793 2408 1848 equum
2437 1793 2760 1846 generosum
2796 1779 3120 1833 avunculum
3167 1794 3326 1832 suum

101 1871 396 1927 hereditatis
449 1879 684 1930 attentio,
747 1871 1028 1937 quoniam,
1068 1867 1226 1938 juxta
1275 1867 1645 1933 Salomouem,
1682 1862 1724 1921 Β
1751 1889 1873 1928 esse
1903 1873 2182 1944 professus
2200 1882 2302 1927 est.
2329 1872 2602 1926 Erubesce
2634 1873 2815 1942 igitur,
2853 1871 3082 1941 superbe
3105 1873 3328 1928 vermis.

96 1962 341 2018 hereditas
366 1962 436 2014 ad
455 1977 611 2029 quam
655 1961 936 2030 festinatur
964 1963 1018 2016 in
1045 1963 1322 2032 principio,
1376 1962 1430 2015 in
1458 1963 1635 2015 uaris-

96 2055 208 2114 simo
237 2052 589 2106 benedictione
637 2052 832 2106 carebit
886 2051 1069 2120 (Prov.
1099 2055 1216 2123 xx).
1239 2053 1348 2108 Nos
1381 2068 1510 2107 vero
1543 2054 1645 2108 hu-

95 2145 333 2198 miliemus
364 2143 416 2197 in
475 2155 763 2214 conspectu
818 2144 1048 2207 Domini,
1103 2153 1162 2198 ut
1212 2159 1312 2200 nos
1353 2145 1555 2200 enitet
1594 2146 1646 2200 in

96 2243 307 2304 tempore
349 2235 696 2290 visitationis.
744 2233 859 2290 Non
917 2235 1228 2300 timeamus,
1263 2237 1355 2290 sed
1407 2252 1651 2293 amemus

92 2325 426 2393 disciplinam,
452 2325 576 2394 quia
610 2336 667 2379 ut
696 2324 921 2394 Sapiens
952 2327 1027 2380 ait
1055 2344 1068 2383 ε
1100 2325 1295 2381 Beatus
1321 2337 1393 2382 est
1418 2329 1516 2391 uir,
1559 2330 1648 2399 qui

90 2413 343 2482 corripitur
393 2435 426 2467 a
470 2415 694 2469 Dontino
739 2416 862 2485 (Job
895 2419 970 2473 vl.
1016 2416 1284 2472 Auferaut
1322 2421 1478 2474 nobis
1538 2435 1646 2486 res,

90 2504 340 2574 ποῖα-θυι
368 2507 517 2568 vitia,
546 2507 780 2562 inferant
805 2511 1069 2578 supplicia
1119 2512 1212 2566 lilii
1243 2512 1478 2576 ancillae,
1515 2527 1649 2581 quo-

99 2600 224 2652 niam
262 2599 477 2664 cadent,
495 2615 616 2653 cutn
642 2601 900 2655 dominati
930 2604 1127 2657 fuerint
1152 2619 1444 2673 pauperum
1471 2603 1645 2674 (Psal.

92 2694 158 2757 ι),
179 2699 230 2745 et
254 2689 680 2747 dominabuntur
706 2709 894 2748 eorum
925 2694 1142 2764 justiin
1173 2696 1438 2749 matutino
1468 2694 1642 2765 (Psal.

91 2784 275 2851 sunt).
306 2783 526 2838 interim
570 2801 700 2855 ergo
725 2787 971 2840 dicamus
1015 2786 1240 2842 Domino
1271 2803 1284 2840 :
1327 2804 1348 2839 ς
1397 2787 1497 2843 llic
1527 2803 1644 2851 ure,

88 2873 162 2928 hic
193 2889 334 2940 seca,
385 2891 456 2931 ne
491 2877 542 2930 in
575 2885 838 2930 aternum
871 2877 1088 2948 perdas,
1125 2895 1146 2931 ι
1181 2879 1440 2948 quoniam
1469 2879 1648 2934 beatus

85 2966 161 3033 qui
182 2965 356 3035 ηαβεντ
384 2967 750 3033 (evitationem,
770 2968 1017 3038 quoniam
1039 2985 1156 3022 eum
1188 2969 1437 3038 probatus
1461 2969 1648 3038 fuerit,

84 3054 278 3124 accipiet
303 3072 557 3110 coronam
586 3057 728 3123 uitta,
753 3073 912 3125 quam
934 3059 1226 3127 repromisit
1256 3059 1396 3112 Deus
1421 3059 1648 3130 diligen—

82 3147 202 3201 tibus
231 3164 291 3202 se
329 3147 477 3216 (lae.
525 3149 592 3218 ι).
641 3148 698 3204 lo
746 3150 831 3206 ltis
883 3159 1062 3204 autem
1103 3150 1382 3214 omnibus,
1429 3149 1645 3214 fratres,

1755 1965 1896 2020 Ceus
1915 1979 1975 2020 se
2001 1964 2110 2019 dici
2135 1963 2302 2018 voluit
2331 1964 2497 2018 lilium
2527 1963 2687 2028 fabri,
2724 1972 2779 2017 et
2828 1973 2884 2016 tu
2914 1962 2987 2015 ttti
3017 1963 3186 2032 patris
3207 1962 3326 2014 vili-

1754 2066 1917 2112 tatem
1972 2057 2288 2112 erubescis?
2346 2056 2555 2121 Erant,
2606 2055 2804 2124 inquit,
2861 2054 3110 2108 mirantes
3175 2068 3333 2121 super

1753 2152 1833 2204 his
1857 2167 1973 2222 qua
1998 2153 2062 2204 de
2085 2151 2178 2204 illo
2225 2151 2548 2205 dicebantur.
2589 2151 2628 2204 Α
2659 2151 2853 2219 quibus
2883 2148 3238 2204 dicebantur?
3264 2148 3330 2202 ab

1750 2242 1979 2314 angelis,
2009 2258 2037 2296 a
2068 2243 2394 2310 pastoribus,
2421 2257 2450 2295 a
2485 2243 2678 2310 magis,
2705 2257 2733 2295 a
2767 2242 3041 2308 Simeone,
3066 2257 3095 2294 a
3120 2241 3332 2296 cteteris

1752 2336 2050 2406 prophetis,
2083 2335 2369 2397 Zacharia,
2401 2336 2698 2397 Elisabeth,
2726 2334 2903 2388 Anna.
2935 2334 3000 2389 Et
3027 2349 3147 2403 qua:
3182 2334 3330 2388 dice--

1747 2431 1952 2484 bantur
1995 2430 2061 2482 de
2089 2428 2214 2483 illo?
2243 2428 2394 2495 Quod
2427 2427 2514 2481 ille
2545 2427 2787 2482 tantillus
2816 2426 3073 2497 puerulus
3118 2427 3187 2480 ab
3233 2441 3332 2480 an-

1749 2521 1871 2591 gelo
1901 2521 2152 2576 Salvator
2197 2521 2512 2584 vocabatur,
2558 2519 2626 2573 ab
2662 2519 2906 2587 angelico
2935 2519 3102 2574 choro
3129 2519 3332 2589 gloriﬁ-

1752 2614 1999 2675 cabatur.
2051 2629 2081 2668 a
2115 2613 2424 2682 pastoribus
2458 2613 2811 2677 adorabatur,
2843 2628 2874 2668 a
2913 2612 3068 2668 stella
3105 2613 3335 2686 demon-

1749 2705 2050 2765 strabatur.
2083 2720 2113 2758 a
2145 2704 2333 2775 Magis,
2391 2704 2636 2774 mysticis
2685 2703 3002 2759 muneribus
3035 2703 3329 2758 veneraba-

1755 2806 1868 2862 tur,
1918 2812 1946 2850 a
1992 2795 2245 2851 Simeone
2296 2803 2478 2850 lumen
2540 2795 2782 2864 gentium
2827 2802 2883 2850 et
2925 2793 3097 2862 gloria
3160 2793 3332 2863 plebis

1750 2886 1916 2942 Israel
1965 2885 2264 2940 dicebatur.
2307 2883 2419 2940 Nec
2472 2892 2582 2939 tam
2631 2885 2972 2940 mirabantur
3021 2883 3332 2960 divinitatis

1752 2977 2095 3032 altitudinem
2166 2991 2328 3046 quam
2393 2974 2511 3044 ejus
2554 2974 2948 3045 dignationem.
2996 2975 3333 3053 Mirabantut'

1743 3067 1948 3137 quippe
1974 3069 2027 3122 in
2058 3065 2272 3137 excelso
2307 3065 2692 3133 humilitatem,
2727 3067 2778 3120 in
2835 3066 3117 3135 majestate
3145 3067 3334 3138 digna.

1754 3159 1978 3226 tionem,
2024 3159 2079 3214 in
2119 3159 2292 3231 gloria
2344 3157 2634 3223 vilitatem,
2687 3159 2739 3212 in
2779 3160 3094 3214 cmlestibus
3130 3160 3334 3214 divitiis

83 3247 347 3297 teneamus
396 3241 630 3297 ﬁrmiter
660 3242 1000 3298 dilectionem
1047 3243 1141 3298 Dei
1172 3251 1228 3298 et
1285 3243 1538 3312 proximi.
1570 3242 1647 3298 Ita
1677 3230 1720 3289 (ἶ
1753 3230 2152 3318 paupertatem.
2191 3247 2300 3302 llas
2337 3262 2472 3302 sane
2498 3247 2729 3302 virtutes
2760 3249 3117 3312 mirabantur,
3167 3262 3332 3303 acmu-

82 3333 359 3391 habeamus
377 3334 513 3390 vitia
542 3335 821 3390 hominum
849 3335 1150 3405 odio,quod
1181 3349 1370 3390 eorum
1394 3345 1646 3390 naturam

80 3423 367 3496 diligamus,
397 3441 497 3496 pro
525 3426 763 3482 inimicis
788 3429 992 3481 nostris
1019 3441 1262 3492 oremus,
1291 3433 1346 3481 et
1370 3441 1464 3482 eos
1489 3424 1649 3482 obse-

78 3517 204 3584 quiis
224 3520 453 3573 vincere
481 3527 814 3588 satagamus,
853 3518 896 3573 si
941 3534 1048 3589 quo
1078 3517 1237 3574 modo
1265 3533 1395 3574 vasa
1425 3517 1650 3587 captivi-

79 3610 189 3664 tatis
214 3611 454 3678 eripere,
485 3619 539 3664 et
571 3611 682 3666 Deo
725 3610 924 3666 lucrari
955 3613 1253 3667 valeamus.
1298 3611 1646 3668 Unde.etiam

75 3701 325 3770 duplicem
357 3718 620 3756 comitatu
655 3702 811 3757 nobis
831 3705 1196 3772 requiramus.
1231 3703 1356 3757 llaec
1381 3717 1644 3773 namque,

75 3795 390 3859 cbarissimi,
427 3794 715 3860 facientes,
759 3812 882 3850 cum
925 3796 1140 3850 venerit
1167 3807 1378 3864 tempus
1408 3795 1648 3864 praefini-

72 3892 174 3936 tum
209 3899 236 3938 a
271 3883 466 3948 Patre,
498 3885 828 3954 accipiemus
855 3885 1328 3952 prtetlesideratam
1358 3883 1650 3937 hatredita-

74 3981 167 4025 tem
215 3973 267 4028 in
292 3975 463 4041 celo,
495 3974 620 4043 quia
663 3972 816 4041 juxta
867 3974 1190 4043 Prophetam
1223 3989 1237 4025 :
1267 3971 1401 4028 Cum
1445 3971 1647 4026 dederit

67 4066 263 4119 dilectis
294 4067 411 4120 suis
467 4082 733 4131 somnum,
761 4081 876 4118 ecce
903 4065 1186 4118 ltwi'editas
1219 4064 1435 4124 Domini
1469 4060 1645 4134 (Psal.

68 4158 264 4227 cxxvt),
321 4159 378 4212 in
438 4172 542 4227 qua
597 4172 719 4212 cum
767 4157 882 4210 suis
927 4156 1294 4210 coliteredihus
1341 4155 1506 4209 faciat
1551 4169 1649 4208 nos

66 4251 293 4315 gaudere
331 4248 496 4304 Iesus
539 4249 796 4304 Dominus
826 4256 1034 4314 noster,
1086 4249 1178 4317 qui
1229 4263 1352 4304 eum
1387 4248 1546 4306 Patre
1593 4259 1649 4302 et

67 4337 262 4405 Spiritu
293 4348 490 4394 sancto
520 4338 651 4392 vivit
678 4347 732 4393 et
764 4347 954 4408 regnat
985 4339 1036 4391 in
1068 4349 1353 4392 :vternum.
1383 4339 1574 4398 Anien.

617 4441 904 4499 llOMILlA
946 4441 1081 4497 XIV.

160 4551 422 4592 DOIINICA
466 4551 624 4592 INFRA
659 4545 910 4590 OCTAVA]!
949 4550 1295 4591 Νιτινιτλτιθ
1331 4550 1538 4591 DOIINI.

128 4627 300 4682 Erant
326 4626 534 4698 Ioseph
565 4638 715 4698 pater
755 4626 882 4682 Iesu
911 4639 958 4682 et
991 4627 1158 4682 Maria
1187 4640 1355 4682 mater
1377 4629 1516 4698 ejus,
1547 4628 1618 4680 mi
1629 4657 1648 4668 ο

60 4729 226 4771 rantes
261 4734 430 4785 super
451 4720 532 4772 liis
558 4735 675 4790 qua:
701 4719 1014 4773 dicebantur
1039 4721 1104 4774 de
1135 4719 1227 4774 illo
1244 4719 1400 4788 (Luc.
1427 4721 1513 4791 tt),
1540 4733 1649 4776 etc.

59 4809 475 4880 Quadripartita
516 4819 602 4864 est
660 4810 775 4865 lucc
819 4811 1006 4874 lectio,
1061 4811 1264 4866 fratres
1321 4813 1648 4868 charissimi.

58 4897 239 4954 Primo
295 4899 451 4956 enim
486 4900 816 4956 inducuntur
844 4899 1043 4973 Ioseph
1080 4911 1134 4957 et
1162 4901 1320 4956 beata
1351 4901 1513 4974 Virgo
1553 4903 1654 4957 nti-

57 5003 239 5050 rantes
265 5009 442 5064 super
471 4995 557 5050 his
587 5010 706 5066 quae
741 4995 1061 5052 dicebantur
1106 4996 1174 5052 de
1220 4995 1369 5052 Iesu.
1402 4998 1652 5054 Secundo

55 5084 340 5141 inducitur
373 5086 594 5142 Simeon
645 5088 725 5144 eis
755 5087 1105 5150 benedicens.
1134 5099 1192 5146 et
1220 5091 1288 5147 de
1323 5105 1495 5162 puero
1523 5105 1652 5162 pro-

50 5177 368 5246 phcti'zans.
388 5180 572 5234 Tertio
586 5196 798 5251 quoque
823 5183 1256 5239 induciturAnna
1279 5185 1650 5255 prophetissa,

48 5271 276 5327 Christo
311 5272 502 5328 ferens
526 5275 918 5330 testimonium.
972 5277 1180 5344 Quarto
1212 5293 1342 5333 vero
1372 5279 1651 5352 subjungi-

52 5370 137 5417 tur
164 5379 376 5420 eorum
403 5381 699 5436 regressus,
731 5377 787 5422 et
819 5369 970 5438 pueri
996 5370 1296 5439 profectus.
1322 5370 1508 5427 Primo
1547 5371 1648 5440 igi-

48 5466 131 5508 tur
149 5452 372 5526 Ioseph
406 5467 461 5511 et
506 5457 671 5513 Maria
701 5457 1046 5522 inducuntur,
1081 5460 1346 5518 mirantes
1374 5476 1538 5534 super
1564 5462 1650 5517 bis

43 5560 166 5616 qtae
195 5550 531 5605 dicebautur
559 5550 624 5604 de
651 5548 761 5604 illo.
791 5547 901 5604 Sed
930 5548 1194 5618 fortassis,
1219 5549 1434 5610 fratres.
1469 5561 1650 5610 movet

44 5651 164 5704 vos,
193 5655 304 5694 cur
335 5640 667 5710 evangelista
694 5638 890 5708 Ioseph
917 5648 1132 5708 patrem
1157 5641 1358 5696 Christi
1392 5645 1646 5712 appellet,

113 5822 233 5898 (is)
279 5820 472 5876 llorat.
528 5818 698 5890 Epist.
725 5819 762 5892 ι,
796 5819 952 5892 epist.
979 5820 1028 5890 6,
1060 5836 1196 5877 vers.
1228 5807 1360 5890 ηε,

1753 3339 2024 3405 labantur,
2053 3340 2426 3394 imitabantur.
2449 3340 2588 3394 Audi
2613 3340 2884 3409 quomodo
2911 3348 3082 3394 mater
3111 3338 3333 3392 aemula-

1753 3443 1842 3487 tur
1869 3433 2229 3488 humilitatem
2256 3432 2369 3488 filii.
2394 3432 2570 3489 Oblita
2595 3433 2792 3504 quippe
2813 3447 2871 3487 se
2894 3447 3015 3486 esse
3043 3432 3334 3500 virginem,

1750 3537 1806 3579 et
1838 3535 2064 3582 matrem
2099 3526 2193 3583 Dei
2249 3535 2306 3581 et
2343 3528 2588 3594 reginam
2637 3525 2781 3586 cmli,
2811 3527 2926 3579 ait:
2963 3522 3100 3579 Ecce
3136 3523 3335 3578 ancilla

1752 3619 1968 3675 Domini
1995 3620 2148 3691 (Luc.
2182 3621 2254 3691 t);
2288 3630 2344 3677 et
2373 3621 2551 3688 :Quia
2595 3621 2817 3689 respexit
2847 3619 3202 3674 humilitatem
3231 3634 3334 3680 ari-

1751 3711 1891 3765 rillta
1926 3729 2038 3767 sua!
2069 3713 2266 3782 (ibid.).
2299 3713 2406 3768 Nos
2434 3715 2634 3783 itaque,
2657 3712 2878 3775 fratres,
2902 3727 3008 3764 non
3067 3709 3335 3764 miremur

1741 3803 1918 3874 falsas
1984 3804 2199 3858 divitias
2225 3844 2241 3868 ,
2302 3805 2535 3859 honores
2578 3815 2630 3858 et
2670 3803 2894 3874 glorias
2950 3801 3110 3870 hujus
3147 3799 3333 3854 miseri

1742 3896 1958 3962 saeculi,
2008 3911 2130 3965 qua:
2176 3906 2448 3951 amatores
2491 3911 2620 3950 suos
2662 3895 2954 3964 decipiunt.
2999 3893 3134 3964 Nam
3172 3890 3327 3960 juxta

1754 3998 1967 4057 poetam
1996 3987 2139 4059 (Η),
2172 3987 2392 4044 Terreni
2441 3988 2514 4042 nil
2543 3988 2802 4042 admirari
2835 4003 2922 4044 res
2949 3997 3051 4054 est,
3079 4000 3200 4057 qua:
3237 4001 3331 4053 pe-

1754 4095 1821 4132 ne.
1878 4079 1988 4133 sola
2047 4089 2222 4150 potest
2255 4079 2439 4136 facere
2465 4089 2520 4136 et
2555 4095 2881 4140 conservare
2925 4079 3166 4134 beatum.
3223 4075 3332 4134 ista

1751 4184 1966 4238 quoque
1994 4179 2330 4240 spernentes,
2343 4170 2693 4232 admiremur,
2711 4168 3025 4240 tetuulemur
3046 4169 3100 4231 in
3112 4167 3336 4241 Christo

1753 4260 1875 4314 etin
1901 4273 2072 4315 matre
2095 4259 2214 4328 ejus
2230 4260 2613 4324 humilitatem,
2629 4261 3022 4331 dignationem,
3043 4259 3331 4330 vilitatem,

1754 4362 1811 4419 et
1860 4354 2220 4409 voluntariam
2255 4361 2652 4424 paupertatem,
2699 4360 3034 4422 exterasque
3080 4351 3337 4423 virtutes,

1754 4464 1852 4520 per
1881 4462 2020 4526 quas
2049 4446 2316 4509 homines,
2363 4446 2569 4512 similes
2617 4445 2726 4500 Deo
2765 4453 2819 4499 et
2849 4443 2941 4498 lilii
2975 4443 3068 4498 Dei
3098 4441 3342 4512 ellieiun-_

1682 4573 1728 4628 Β
1755 4553 1860 4596 Itll‘.

1829 4635 2088 4702 Sequitur
2124 4648 2249 4703 pars
2277 4633 2541 4698 secunda,
2593 4632 2646 4686 in
2676 4646 2780 4700 qua
2809 4629 3030 4684 Simeou
3061 4627 3344 4680 inducitur.

1758 4726 2084 4780 benedicens
2124 4726 2251 4788 illis,
2293 4724 2476 4778 Maria:
2507 4722 2710 4778 scilicet
2743 4729 2796 4775 et
2840 4717 3064 4787 Josepb,
3110 4727 3167 4772 et
3205 4733 3333 4784 pro-

1753 4819 2036 4888 phetizans
2078 4819 2142 4871 de
2169 4834 2357 4887 puero,
2388 4833 2512 4872 cum
2543 4816 2742 4871 dicitur
2779 4832 2794 4870 :
2834 4812 2904 4867 Et
2941 4812 3200 4868 benedixit
3223 4810 3342 4879 illis.

1757 4910 1992 4966 Simeon.
2021 4909 2180 4974 Puto,
2224 4908 2557 4971 cltarissinti,
2585 4907 2727 4976 quod
2771 4905 3116 4968 benedicens,
3170 4903 3331 4968 matri.

1755 4998 1872 5054 hinc
1895 4998 1976 5052 vel
1997 4998 2193 5051 similis
2220 4997 2433 5051 dicebat
2459 5014 2513 5060 ιι
2543 4996 2705 5057 Beata
2727 5011 2786 5051 es
2815 4993 3335 5068 incomparabiliter,

1755 5105 1875 5160 qua:
1904 5091 2024 5146 sine
2073 5088 2324 5158 exemplo
2373 5089 2673 5154 credidisti,
2701 5087 3015 5163 concepisti,
3049 5087 3335 5161 peperisti,

1753 5183 2002 5254 portasti,
2034 5182 2265 5246 lactasti,
2295 5182 2456 5238 istum
2485 5190 2634 5237 tuum
2678 5181 2869 5249 filium,
2917 5189 3068 5236 tuum
3099 5188 3332 5250 patrem,

1759 5285 1907 5332 tuum
1953 5283 2280 5340 creatorem,
2331 5284 2484 5329 tuum
2519 5274 2708 5335 Deum.
2755 5271 2833 5333 Tu
2862 5287 3076 5342 quoque
3109 5270 3338 5344 Ioseph,

1751 5367 1943 5421 beatus
1973 5361 2050 5431 es,
2106 5367 2197 5438 qui
2245 5367 2387 5422 inter
2423 5381 2612 5422 omnes
2644 5363 2803 5433 ltujus
2851 5363 3036 5416 mundi
3086 5363 3342 5428 homines

1753 5457 1958 5513 electus
1983 5473 2062 5518 es,
2092 5467 2147 5511 ut
2176 5456 2451 5512 Christum
2503 5467 2760 5528 nutrtres,
2793 5455 3030 5520 foveres,
3059 5453 3333 5521 hajutares

1755 5547 1934 5601 lumen
1987 5549 2247 5617 gentium,
2297 5547 2525 5616 gloriam
2557 5549 2899 5620 populorum.
2938 5565 2955 5597 ι
2995 5543 3084 5599 Sic
3111 5542 3329 5598 benedie

1754 5637 1864 5703 ctio
1914 5639 2206 5714 honiftlii,
2251 5637 2449 5694 fratres
2481 5640 2606 5707 tnei,
2646 5641 2912 5698 redundat
2962 5637 3014 5692 in
3057 5641 3336 5715 parentes,
