3820 6312
484 357 625 412 1723

1445 348 1791 406 annexus.
1831 381 1901 391 —-
1935 350 2288 405 BADL’LPIH
2330 352 2683 408 annexus
3586 365 3676 420 πει

481 471 886 539 "mrum-65mm
940 481 1088 530 suos,
1134 462 1294 533 juxta
1344 462 1471 517 illud
1525 464 1831 520 Salomonis
1868 480 1883 519 :
1916 462 2060 519 ϐιω-
2088 466 2132 522 A
2159 466 2333 520 cedem
2376 467 2639 536 propheta:
2677 468 2892 538 accipiet
2936 467 3155 539 (Matth.
3201 468 3277 534 ς).
3326 466 3390 522 Ut
3433 475 3679 544 revelata,

479 564 625 615 dium
650 568 945 629 parentum,
981 556 1124 625 ﬁlius
1146 557 1354 623 sapiens
1391 551 1573 624 (Prov.
1609 557 1683 625 χ).
1718 555 1823 611 Vos
1851 557 2058 627 itaque,

480 661 664 722 patres
716 660 771 705 et
800 658 1000 704 matres
1057 647 1307 712 familias,
1357 647 1569 717 vigilate
1616 650 1666 702 in
1721 648 1856 704 bona
1890 650 2062 703 nutri-

479 753 625 807 tura,
668 742 973 797 eruditione
1017 750 1073 796 et
1127 739 1508 794 informatione
1541 740 1795 809 ﬁliorum,
1827 750 1905 809 ut,
1938 758 2061 812 pro-

481 846 604 906 pter
656 836 853 890 bonam
913 834 1143 888 ﬁliorum
1180 832 1436 896 indolem,
1484 836 1801 891 increamini
1861 845 1915 889 et
1968 853 2062 892 vos

480 928 745 982 benedici.
779 927 931 979 Sicut
979 924 1121 978 enim
1174 923 1314 978 ﬁlius
1368 924 1802 995 iudisciplinatus
1833 928 2063 982 vertitur

483 1019 799 1089 parentibus
842 1017 893 1071 in
930 1016 1381 1082 maledictionem,
1414 1018 1491 1072 sic
1522 1019 1658 1073 bene
1686 1020 2060 1090 discrplinatns

482 1109 534 1161 in
581 1105 1009 1162 benedictionem
1043 1104 1236 1177 (Eccli.
1278 1107 1437 1174 nu).
1492 1107 1733 1177 Denique
1786 1111 2061 1179 propheti-

480 1214 614 1252 zuns
657 1197 897 1259 Simeon,
937 1197 1012 1250 ait
1050 1197 1118 1251 ad
1172 1196 1391 1252 Mariam
1445 1207 1673 1253 matrem
1704 1199 1823 1271 ejus
1856 1218 1868 1254 :
1897 1201 2058 1267 Ecce,

481 1290 698 1353 fratres,
727 1288 883 1341 beata
911 1288 1097 1359 Virgo,
1133 1288 1258 1343 licet
1291 1295 1344 1341 et
1375 1298 1548 1344 mater
1570 1290 1772 1345 fontem
1814 1292 2059 1347 omnium

477 1389 837 1445 scientiarum
869 1398 923 1443 et
944 1391 1242 1461 gratiarum
1271 1400 1488 1459 pareret
1518 1402 1570 1445 et
1596 1393 1852 1459 nutriret,
1878 1401 2057 1449 tamen

476 1482 722 1550 qtiaedam
776 1482 955 1536 minus
1002 1491 1227 1536 noverat
1258 1497 1376 1550 qua:
1408 1498 1435 1535 a
1486 1483 1770 1551 prophetis
1805 1484 2063 1539 edocere—

476 1586 583 1626 ινιτ.
635 1572 692 1626 In
744 1588 850 1642 quo
895 1572 1133 1643 profecto
1165 1582 1311 1642 patet
1362 1573 2063 1644 nullumquantumcunque

473 1676 746 1733 salictum,
778 1666 831 1720 in
866 1668 947 1719 via
982 1682 1140 1735 posse
1173 1666 1429 1734 consequi
1480 1667 1722 1720 omnium
1766 1667 2059 1736 plenitudi-

474 1775 597 1812 nem
631 1759 951 1829 gratiarum.
991 1758 1070 1812 Ad
1128 1757 1523 1827 riprimendam
1580 1773 1708 1828 ergo
1751 1760 2057 1814 mortalium

472 1855 805 1925 superbiam,
836 1853 1006 1908 noluit
1035 1854 1295 1908 Dominus
1343 1853 1575 1922 aliquem
1608 1854 1810 1907 habere
1837 1868 2055 1909 omnem

471 1949 725 2017 gratiam,
754 1957 810 2000 ut
862 1947 941 2000 sic
964 1946 1098 2001 alter
1119 1946 1294 2000 altero
1336 1946 1622 2015 indigeret,
1651 1954 1702 1999 et
1745 1946 1887 2014 quod
1921 1947 1972 2002 in
2001 1964 2059 2003 se

473 2056 578 2095 non
609 2040 845 2100 haberet,
876 2038 928 2092 in
953 2037 1126 2092 altero
1151 2040 1457 2091 miraretur.
1478 2036 1583 2090 Sed
1615 2046 1669 2091 ct
1694 2036 1745 2091 in
1788 2037 1891 2092 hoc
1915 2038 2058 2108 quod

472 2131 681 2200 Regina
711 2129 833 2184 caeli
877 2145 909 2183 a
956 2129 1238 2183 vilioribus
1264 2128 1511 2197 personis
1554 2144 1657 2181 non
1690 2129 1888 2200 refugit
1929 2130 2056 2184 edo-

470 2223 604 2286 ceri,
634 2221 883 2277 confutat
907 2220 1267 2289 quorumdam
1300 2220 1629 2288 superbiam,
1663 2222 1752 2289 qui
1776 2236 1804 2273 a
1832 2222 2059 2278 minori-

471 2313 571 2367 bus
587 2311 831 2380 personis
848 2310 1027 2366 docrri
1046 2310 1390 2372 erubescunt,
1416 2325 1538 2363 cum
1563 2324 1707 2380 Sicpe
1726 2310 1778 2365 in
1799 2310 1888 2365 vili
1913 2320 2053 2367 te5ta

469 2418 538 2472 op
564 2402 729 2456 imum
756 2402 935 2457 viuum
960 2402 1304 2457 contineatur
1324 2442 1339 2466 ,
1357 2408 1410 2454 et
1434 2416 1602 2456 aureo
1624 2418 1772 2467 vase,
1805 2420 2056 2473 pravum.

470 2498 625 2553 Unde
655 2498 941 2562 Apostolus
972 2514 985 2549 :
1034 2495 1299 2550 Habemus
1336 2505 1510 2549 autem
1552 2497 1855 2552 thesaurum
1897 2500 2057 2554 istum

470 2601 524 2652 in
544 2596 932 2665 easis/ictilibus
945 2594 1028 2661 (ll
1045 2594 1168 2649 Cor.
1185 2594 1281 2664 tv).
1298 2594 1362 2649 Et
1375 2594 1498 2649 alibi
1517 2611 1529 2646 :
1549 2593 1608 2649 Si
1627 2597 1752 2665 quid
1774 2596 2055 2651 revelatum

471 2688 630 2755 fuerit
645 2687 833 2739 minori
851 2684 983 2756 (15),
1000 2695 1166 2738 taceat
1187 2686 1356 2755 major
1376 2684 1425 2751 (Ι
1443 2684 1564 2739 Cor.
1579 2693 1693 2755 XIV)
1713 2688 1846 2757 (lli).
1867 2688 1924 2742 Et
1944 2691 2059 2757 phi-

471 2781 553 2834 los
566 2778 758 2847 )phus:
778 2777 890 2831 Non
915 2787 965 2831 te
983 2785 1190 2830 moveat
1207 2777 1440 2832 dicentis
1460 2779 1777 2845 auctoritas,
1791 2796 1888 2835 nec
1912 2782 2051 2850 quis,

468 2875 563 2928 sed
593 2874 717 2942 qull
763 2873 907 2927 dicat
957 2871 1234 2927 intendito.
1293 2872 1443 2933 Ecce,
1479 2874 1674 2943 inquit,
1728 2876 1929 2944 positus
1976 2888 2051 2930 est

469 2967 554 3019 hic
582 2967 634 3019 in
658 2966 863 3019 ruinam
885 2975 933 3019 et
954 2966 1010 3019 in
1030 2966 1457 3020 resurrectionem
1483 2966 1765 3021 multorum
1786 2970 1841 3023 in
1862 2967 2055 3023 Israel.

470 3058 529 3113 In
562 3056 794 3121 ruinam,
829 3057 1042 3112 scilicet
1071 3057 1499 3123 incredulorum,
1531 3066 1587 3112 et
1612 3057 1666 3113 in
1695 3061 2053 3115 resurrectio-

471 3164 594 3203 nem
621 3150 974 3203 credcntium.
1025 3150 1079 3204 Ia
1134 3151 1342 3203 ruinam
1376 3150 1756 3218 superborum,
1788 3167 1841 3207 et
1884 3153 1936 3207 in
1971 3169 2052 3209 re-
2080 3181 2125 3241 ς

469 3243 861 3296 surrectionem
904 3242 1206 3296 humilium.
1257 3240 1406 3295 Uade
1462 3245 1574 3312 ipse
1627 3243 1887 3300 Dominus
1922 3248 1995 3299 ait
2033 3263 2045 3299 :

470 3328 538 3383 In
556 3331 819 3400 judicium
841 3349 934 3401 ego
968 3335 1083 3386 veni
1115 3334 1167 3386 in
1195 3335 1469 3399 mundum,
1502 3345 1555 3388 ut
1597 3336 1688 3406 qui
1733 3352 1836 3391 non
1882 3338 2051 3391 uident

467 3422 750 3483 mdeant,et
764 3423 852 3490 qui
868 3423 1035 3476 vident
1054 3425 1176 3476 (ιυσὶ
1195 3423 1325 3491 ﬁant
1344 3422 1625 3492 Joaan).
1647 3425 1709 3479 Et
1729 3426 2049 3495 Apostolus.

471 3512 584 3567 Nos
636 3515 1005 3584 praedicamus,
1035 3516 1234 3584 inquit,
1263 3514 1444 3570 Iesum
1482 3518 1817 3586 cruciﬁxum,
1845 3519 2049 3575 Judwis

467 3606 671 3674 quidem
685 3606 1011 3673 scandalum,
1026 3608 1260 3676 gentibus
1275 3619 1441 3660 autem
1456 3610 1756 3663 stultitiam.
1775 3610 1915 3680 Ipsis
1932 3630 2049 3667 vero

467 3696 662 3751 vocatis
688 3697 896 3751 Indicis
945 3708 992 3750 et
1033 3697 1252 3762 Gra’cis,
1291 3698 1555 3754 Christum
1585 3699 1677 3755 Dei
1706 3702 1964 3763 virtutem.
1996 3713 2051 3760 et

470 3786 567 3841 Dei
590 3788 897 3843 sapientiam
930 3787 978 3859 (1
996 3788 1120 3843 Cor.
1142 3790 1203 3859 ι).
1224 3788 1331 3845 Nec
1344 3790 1517 3845 solum
1540 3791 1812 3859 Christus,
1827 3792 2046 3862 fratres,

469 3876 564 3930 sed
592 3878 757 3932 etiam
789 3877 1013 3946 quilibet
1051 3888 1195 3934 recte
1225 3880 1440 3943 vivens,
1473 3891 1528 3935 et
1559 3889 1703 3937 recte
1748 3885 1958 3940 docens
1993 3884 2047 3939 in

473 3967 688 4036 populo,
721 3969 930 4036 positus
954 3977 1036 4024 est
1077 3969 1527 4040 incorrigihilibus
1567 3972 1618 4025 in
1647 3973 1887 4039 ruinam,
1916 3975 2052 4029 resi-

468 4058 799 4129 plscentihus
824 4075 952 4117 vero
976 4061 1027 4114 in
1058 4064 1532 4118 resurrectionem.
1552 4062 1704 4118 Unz'e
1723 4064 2044 4134 Apostolus:

468 4152 666 4209 Christi
697 4155 860 4209 bonus
886 4155 1019 4209 odor
1055 4171 1258 4219 sumus,
1287 4156 1405 4210 aliis
1451 4166 1582 4212 odor
1610 4158 1729 4213 vitta
1774 4160 1830 4213 in
1864 4170 2046 4225 vitam,

468 4248 587 4302 aliis
610 4248 741 4303 odor
761 4250 942 4302 mortis
967 4250 1018 4303 in
1046 4259 1263 4304 mortem
1287 4249 1369 4320 (II
1393 4250 1517 4305 Cor.
1541 4250 1623 4322 tt).
1658 4251 1723 4306 Et
1744 4252 1797 4306 in
1819 4254 2049 4323 signum,

468 4341 664 4408 inquit,
691 4341 775 4393 cui
802 4342 1210 4405 conti-adiretur,
1238 4342 1285 4395 id
1320 4353 1403 4397 est
1438 4344 1489 4397 in
1530 4343 1834 4413 exemplum
1860 4354 1915 4399 et
1950 4347 2049 4398 do-

466 4431 695 4487 ctrinam
723 4432 808 4486 cui
850 4433 1254 4489 contradicetur
1272 4435 1338 4489 ab
1362 4434 1651 4491 increlulis
1675 4446 1728 4489 et
1759 4438 2047 4505 perversis,

2165 559 2361 629 inquit,
2407 576 2471 613 ea:
2497 560 2677 613 multis
2704 561 2949 613 cordibus
2976 562 3321 631 cogitationes
3352 578 3541 626 eorum,
3566 566 3683 627 idest

2164 650 2480 721 prophetia,
2506 666 2624 721 qua:
2646 660 2797 705 erant
2831 651 3083 715 occulta},
3119 662 3375 721 tanquam
3399 655 3683 723 cogitationes

2165 743 2216 797 in
2244 741 2426 805 corde,
2461 742 2769 796 revelentur
2792 743 2844 797 in
2867 758 3037 813 puero
3056 759 3177 798 esse
3202 744 3450 813 impletae.
3480 745 3559 799 Vel
3583 763 3684 808 certe

2163 835 2324 887 corda
2362 834 2641 888 hominum
2678 849 2775 904 per
2809 835 3085 890 exteriora
3119 849 3285 905 opera
3318 837 3619 906 aperiantur,
3640 859 3685 896 an

2162 929 2235 981 sit
2259 943 2385 996 erga
2419 927 2695 983 Christum
2725 929 2941 992 devota,
2985 945 3053 983 an
3084 945 3216 983 non.

2236 1019 2497 1089 Sequitur
2525 1035 2650 1089 pars
2681 1022 2864 1086 tertia,
2893 1021 2947 1074 in
2978 1036 3082 1092 qua
3116 1022 3390 1077 inducitur
3420 1023 3557 1077 Arma
3582 1025 3693 1079 Chri-

2162 1120 2247 1165 sto
2276 1112 2645 1166 testimouium
2673 1110 2877 1176 ferens,
2907 1122 2964 1167 ut
3002 1114 3055 1167 in
3092 1128 3191 1169 ore
3219 1115 3450 1168 duorum
3480 1116 3551 1170 vel
3577 1119 3689 1171 trium

2165 1205 2403 1267 testium,
2439 1214 2543 1259 stet
2569 1219 2731 1258 omne
2768 1204 2993 1260 verbum
3026 1205 3210 1279 (Deut.
3234 1208 3372 1275 xu).
3401 1205 3694 1264 (hmmeinlat

2162 1304 2344 1350 autem
2388 1309 2507 1350 eam
2537 1294 2871 1366 evangelista
2894 1335 2909 1361 ,
2954 1305 3007 1349 et
3034 1312 3065 1349 a
3102 1306 3290 1351 sancta
3324 1297 3592 1366 progenie,
3616 1312 3693 1353 et:

2163 1384 2429 1458 coniugali
2480 1387 2876 1451 sanctimonia,
2916 1388 3042 1458 quia
3085 1387 3298 1443 scilicet
3344 1398 3543 1460 septem
3583 1395 3696 1446 antiis

2163 1478 2375 1533 viverat
2413 1495 2442 1533 a
2482 1478 2795 1549 virginitate
2827 1494 2949 1533 cum
2982 1480 3100 1533 viro
3126 1495 3247 1544 suo,
3293 1488 3351 1536 et
3377 1495 3407 1532 a
3437 1480 3611 1534 viduali
3631 1496 3696 1536 ca-

2162 1568 2436 1634 Stimonia,
2465 1576 2520 1623 et
2548 1570 2617 1623 ab
2638 1568 2901 1638 obsequio
2930 1569 3135 1623 divino.
3153 1568 3221 1623 Et
3246 1569 3376 1637 quia
3404 1578 3516 1622 erat
3542 1570 3697 1623 intenta

2156 1661 2377 1731 jejuniis
2416 1671 2472 1717 et
2514 1661 2985 1717 obsecrationibus
3011 1702 3027 1727 ,
3071 1671 3129 1715 ut
3170 1662 3295 1716 talis
3334 1664 3699 1728 demonstretur,

2162 1770 2282 1825 qua:
2331 1754 2488 1825 digna
2538 1754 2611 1809 sit
2660 1753 2850 1823 spiritu
2898 1754 3199 1823 prophetia:
3251 1753 3546 1821 illustrari,
3576 1758 3705 1810 etde

2163 1845 2380 1902 Christo
2418 1845 2723 1909 vaticinari,
2769 1843 2877 1898 imo
2925 1845 3089 1898 etiam
3139 1842 3267 1898 eum
3302 1845 3357 1899 in
3394 1860 3551 1900 carne
3583 1861 3705 1916 agno-

2162 1954 2341 2002 scere,
2372 1946 2425 1992 et
2455 1939 2667 1992 caeteris
2695 1939 3014 2007 praedicare.
3066 1936 3220 1992 Hanc
3260 1938 3543 1992 imitentur
3569 1951 3708 2009 patres

2163 2040 2219 2086 et
2255 2027 2715 2095 matresfamilias,
2744 2038 2802 2084 ut
2831 2040 3021 2084 sancte
3051 2044 3175 2084 cum
3230 2029 3552 2099 coniugibus
3579 2047 3603 2084 a
3624 2034 3703 2085 vir-

2161 2118 2386 2189 ginitate
2413 2128 2825 2173 conversentur.
2857 2116 3009 2173 Hanc
3041 2118 3332 2173 imitentur
3359 2120 3529 2184 vidui,
3554 2122 3709 2175 vidua-

2160 2226 2267 2282 que
2307 2225 2519 2277 eorum,
2566 2221 2624 2265 ut
2657 2211 3041 2267 obliviscentes
3081 2227 3205 2282 qua:
3243 2223 3375 2266 sunt
3414 2216 3603 2277 mundi,
3636 2218 3707 2269 soi

2159 2301 2271 2357 Deo
2313 2312 2525 2368 vacent,
2570 2303 2792 2374 jejuniis
2840 2313 2895 2359 et
2942 2305 3450 2371 obsecrationibus,
3492 2318 3541 2361 et
3583 2308 3705 2363 bouis

2159 2395 2417 2465 operibus
2445 2396 2747 2462 intendant,
2798 2406 2923 2451 uta
2967 2397 3165 2467 spiritu
3214 2402 3711 2455 mereanturillumi-

2162 2488 2317 2553 nari,
2349 2498 2408 2543 et
2450 2488 2728 2543 Christum
2772 2489 2937 2545 verbo
2979 2498 3035 2545 et
3081 2490 3337 2561 exetnplo
3380 2494 3715 2561 praedicasset

2161 2580 2543 2650 contemplari.
2582 2581 2647 2635 Et
2669 2582 2799 2645 lim,
2843 2582 3040 2652 inquit,
3067 2582 3182 2653 ipsa
3212 2584 3349 2637 hora
3371 2587 3711 2654 superveniens,

2160 2670 2285 2741 quia
2335 2669 2544 2725 scilicet
2585 2670 2778 2725 eodem
2824 2672 3038 2742 spiritu,
3072 2688 3184 2742 quo
3234 2672 3461 2728 Simeon
3503 2676 3710 2735 adducta.

2158 2760 2506 2830 conﬁtebatur
2534 2762 2778 2826 Domino,
2820 2772 2877 2819 et
2903 2764 3250 2820 confessione
3288 2766 3437 2833 ﬁdei,
3466 2777 3517 2820 et
3542 2770 3716 2820 artiucc

2159 2854 2333 2909 laudis
2356 2862 2411 2908 et
2453 2854 2618 2908 verbo
2646 2854 3068 2923 praedicationis.
3100 2855 3255 2912 Unde
3284 2868 3342 2912 et
3372 2860 3607 2913 subditur
3628 2874 3641 2911 :
3661 2858 3711 2911 Et

2157 2945 2467 3015 loquebatur
2486 2947 2550 3000 de
2564 2963 2623 3000 eo
2650 2949 2916 3014 omnibus,
2944 2950 3032 3021 qui
3053 2952 3427 3018 exspectabant
3448 2953 3718 3021 redi-arplio-

2159 3055 2271 3091 nem
2305 3038 2491 3092 Israel.
2521 3039 2744 3094 Caeleris
2771 3050 2951 3094 autem
2992 3056 3121 3100 non.
3152 3040 3282 3111 quia
3305 3058 3414 3095 non
3452 3052 3568 3097 sunt
3591 3059 3716 3095 mar-

2158 3131 2345 3199 garitae
2387 3140 2513 3183 ante
2558 3147 2752 3201 porcus
2780 3132 3151 3203 projiciendtc,
3194 3147 3297 3187 nec
3338 3142 3574 3187 sanctum
3606 3134 3723 3186 daa-

2157 3222 2284 3275 dum
2307 3231 2389 3277 est
2415 3223 2645 3278 canibus
2668 3221 2886 3292 (Matth.
2913 3223 3033 3293 vn).

2230 3309 2489 3381 Sequitur
2517 3328 2644 3381 pars
2679 3322 2904 3383 quarta,
2935 3329 3059 3368 cum
3098 3315 3302 3370 dicitur
3340 3334 3355 3371 :
3387 3315 3450 3370 Et
3475 3331 3719 3386 postquam

2154 3402 2481 3472 perfecerunt
2533 3404 2710 3458 omnia
2764 3406 3048 3459 secundum
3095 3406 3260 3476 legem
3310 3405 3507 3478 Moysi,
3552 3411 3719 3462 remsi

2155 3505 2275 3548 sunt
2311 3495 2367 3548 in
2408 3496 2668 3550 civitatem
2713 3513 2865 3550 suam
2918 3495 3214 3552 Nazaretlt.
3259 3498 3315 3553 ln
3360 3515 3488 3569 quo,
3523 3500 3720 3560 fratres,

2156 3600 2463 3663 proponunt
2509 3594 2667 3649 nobis
2694 3592 3026 3663 exemplum,
3056 3603 3116 3647 ut
3160 3593 3231 3649 ab
3257 3594 3487 3650 ecclesia
3521 3613 3616 3651 non
3648 3598 3720 3648 di-

2154 3683 2465 3749 scedamus,
2501 3685 2671 3739 donec
2698 3694 2822 3738 vota
2855 3693 2907 3738 et
2942 3683 3247 3740 oblationes
3271 3696 3327 3741 et
3352 3689 3612 3741 orationes
3638 3702 3723 3739 no-

2153 3782 2318 3840 stras,
2355 3772 2507 3843 juxta
2536 3774 2678 3845 quod
2722 3774 2807 3829 lex
2847 3775 3114 3843 pnecipit,
3143 3775 3546 3847 pet-fecerimus.
3579 3779 3719 3842 Quod

2152 3873 2340 3921 contra
2374 3864 2494 3922 illos
2529 3875 2632 3932 est,
2674 3867 2790 3936 qui,
2816 3875 3104 3936 antequam
3150 3868 3332 3922 debita
3368 3879 3488 3923 vota
3517 3870 3725 3923 etum;-

2156 3945 2678 4030 tionesﬂpersolvant
2727 3960 2854 4025 Deo,
2885 3969 3178 4027 antequam
3226 3961 3521 4015 ministeria
3560 3963 3717 4014 divina

2151 4050 2490 4120 expleantur,
2530 4053 2599 4107 ab
2631 4051 2856 4106 ecclesia
2906 4053 3152 4113 redeunt,
3198 4058 3396 4109 morari
3434 4056 3487 4109 in
3515 4056 3722 4110 certeis

2154 4143 2408 4198 damnum
2444 4146 2702 4214 temporis
2735 4145 3091 4199 :cstimantes.
3122 4143 3265 4199 Puer
3287 4157 3459 4199 autem
3484 4151 3719 4199 Πεπώθὶ

2153 4242 2201 4286 et
2237 4235 2646 4304 confortabatur
2673 4236 2855 4301 plenus
2898 4238 3180 4305 sapientia,
3218 4251 3265 4290 et
3304 4241 3477 4308 gratia
3506 4240 3591 4293 Dei
3611 4252 3716 4293 erat

2152 4325 2206 4379 in
2239 4325 2347 4379 illo.
2371 4325 2590 4381 Fratres
2615 4328 2740 4391 mei,
2766 4328 2909 4397 quod
2940 4328 3190 4384 Christus
3220 4328 3388 4385 Filius
3420 4331 3508 4385 Dei
3531 4346 3717 4386 etes-cc»

2154 4414 2267 4479 bat,
2328 4426 2380 4470 et
2432 4416 2864 4481 confortabatur,
2918 4420 3099 4471 carnis
3155 4427 3296 4472 erat.
3356 4418 3597 4488 Dignatus
3634 4430 3714 4470 est.

467 4524 560 4593 qui
586 4524 787 4580 Christi
816 4525 1077 4579 doctrinae
1105 4538 1159 4581 et
1183 4526 1473 4596 exemplis,
1508 4527 1590 4582 vel
1619 4529 1824 4592 verbis,
1864 4530 1943 4582 vel
1974 4530 2051 4581 la-

2160 4510 2351 4578 quippe
2373 4519 2640 4563 momenta
2659 4519 2880 4563 mlatum
2909 4520 3215 4563 nostrarum
3244 4511 3427 4565 subire
3455 4522 3513 4565 ut
3541 4514 3717 4566 immu-

467 4615 569 4671 ctis
597 4616 989 4671 contradicent.
1034 4617 1187 4674 Unde
1215 4627 1271 4672 et
1309 4620 1524 4683 subdit,
1575 4619 1641 4672 Et
1681 4629 1825 4674 tuam
1863 4622 2048 4690 ipsius,

468 4709 663 4777 inquit,
690 4711 921 4763 animam
949 4713 1287 4780 pertransibit
1326 4711 1560 4781 gladius,
1590 4712 1641 4765 id
1672 4721 1752 4766 est
1779 4713 1931 4767 dolor
1959 4716 2053 4769 ha-

468 4802 613 4855 bitus
643 4804 708 4856 de
741 4804 992 4872 passione
1018 4802 1133 4869 ejus
1169 4817 1255 4856 tua
1289 4804 1499 4857 viscera
1547 4803 1883 4859 transl‘oiliet.
1916 4806 2051 4862 Cum

469 4894 632 4963 Igitur
655 4895 943 4950 vehemens
966 4897 1271 4964 compassio
1295 4896 1367 4950 sit
1389 4897 1731 4965 martyrium,
1760 4907 1905 4968 patet
1926 4902 2051 4969 quia

468 4987 623 5042 beata
665 4984 829 5056 Virgo
872 5005 902 5041 a
944 5004 1144 5043 corona
1188 4991 1431 5059 martyrii
1486 5005 1590 5043 non
1640 4999 1723 5045 est
1768 5001 2049 5056 extranea,

469 5080 580 5134 imo
626 5079 910 5148 plusquam
959 5090 1167 5150 martyr
1198 5081 1300 5134 dici
1352 5091 1559 5151 potest,
1604 5097 1724 5151 quin
1774 5083 1825 5137 in
1873 5085 2048 5137 anima

469 5170 613 5237 (qnie
644 5168 965 5223 immortalis
1007 5176 1113 5234 est)
1160 5185 1317 5239 passa
1365 5179 1471 5228 est.
1513 5171 1672 5237 llinc,
1711 5171 1930 5234 fratres,
1974 5173 2053 5227 di-

469 5272 686 5313 scamus
713 5268 769 5311 et
811 5276 907 5315 nos
946 5262 1177 5331 coinpati
1222 5264 1596 5333 passionibus,
1647 5264 2046 5327 alllietionihus,

470 5346 890 5404 necessitatibus
936 5360 1271 5416 sanctorum,
1316 5354 1637 5424 pupillorum
1659 5365 1711 5411 et
1741 5355 2050 5420 viduarum,

470 5439 726 5508 quoniam
754 5445 843 5510 qui
874 5443 954 5498 eis
984 5454 1202 5515 propter
1238 5445 1403 5499 Deum
1438 5448 1864 5516 compatiuntur,
1903 5465 1932 5501 a
1958 5462 2052 5503 eoo

472 5544 604 5583 rona
627 5545 813 5586 eorum
850 5549 955 5589 non
986 5545 1147 5591 erunt
1174 5536 1355 5600 alieni,
1384 5544 1615 5591 testante
1641 5537 1889 5602 Domino,
1913 5553 2049 5608 quo-

471 5618 615 5676 niam
643 5623 733 5694 qui
755 5626 930 5696 recipit
966 5631 1266 5698 prophetam
1293 5630 1343 5682 in
1373 5615 1577 5682 nomine
1600 5627 1886 5698 prophetat,
1910 5644 2047 5683 mer-

541 5789 651 5861 (l.5)
694 5791 843 5864 Vulg.
875 5796 1091 5849 sedenti.

2161 4602 2477 4655 tabilitatem
2505 4618 2614 4655 sua:
2635 4601 2955 4656 aeternitatis
2988 4602 3144 4656 nobis
3170 4603 3423 4658 donaret.
3467 4602 3711 4672 Sapienti.

2154 4708 2284 4749 vero
2320 4695 2513 4764 plenus
2536 4703 2678 4759 erat,
2714 4693 2805 4763 qui
2847 4694 3010 4748 etiam
3047 4695 3163 4764 ipsa
3200 4696 3465 4765 sapientia
3503 4707 3629 4750 etest
3661 4708 3715 4747 et

2153 4795 2289 4843 erat.
2335 4788 2523 4856 ln-qua
2565 4802 2664 4841 nos
2692 4788 2867 4857 primo
2893 4788 3115 4849 creavit,
3150 4798 3201 4840 et
3232 4798 3352 4857 post
3377 4805 3604 4843 recreare
3621 4801 3685 4840 ve

2156 4880 2253 4934 nit.
2290 4877 2477 4934 Gratia
2503 4895 2631 4934 vero
2663 4880 2752 4932 Dei
2789 4888 2908 4933 crat
2935 4878 2987 4932 in
3012 4879 3125 4943 illo,
3163 4880 3368 4933 nonad
3407 4894 3707 4936 mensum.

2153 4973 2249 5027 sed
2282 4974 2348 5025 ad
2371 4987 2585 5027 omnem
2629 4971 3038 5041 plenitudinem.
3076 4970 3306 5026 Omnem
3335 4972 3478 5027 enim
3504 4972 3703 5043 gratiam

2155 5066 2207 5120 in
2244 5072 2511 5135 potestate
2542 5061 2759 5128 habuit,
2798 5062 2865 5115 ad
2912 5061 3347 5117 distribuendum
3388 5063 3608 5133 singulis,
3644 5070 3709 5111 at

2154 5158 2330 5225 Deus,
2362 5170 2416 5213 et
2450 5174 2666 5213 omnem
2714 5158 2943 5229 gratiam
2983 5173 3145 5227 quam
3197 5158 3367 5214 voluit
3420 5157 3603 5215 habuit.
3632 5162 3703 5206 tu

2152 5250 2315 5304 homo
2367 5250 2418 5303 in
2452 5265 2572 5303 usu.
2604 5247 2711 5303 Nos
2752 5248 2936 5317 itaque
2969 5249 3141 5318 ipsum
3186 5248 3402 5307 ﬂetibus
3427 5259 3697 5303 exoremus.
3738 5268 3743 5271 <

2153 5353 2421 5412 quatenus
2451 5346 2517 5397 de
2566 5342 2896 5415 plenitudine
2919 5342 3197 5411 sapientiae
3223 5354 3274 5396 et
3293 5346 3479 5414 gratia:
3498 5354 3588 5395 sua
3606 5352 3700 5393 nos

2152 5437 2307 5496 ditet.
2337 5444 2395 5489 ut
2436 5437 2503 5490 de
2532 5452 2627 5489 suo
2658 5443 2826 5504 ipsum
2868 5434 3115 5498 credere,
3156 5436 3380 5506 diligere
3406 5446 3459 5490 et
3483 5432 3697 5488 νακηή

2152 5528 2449 5582 valeamus.
2484 5527 2585 5595 Qui
2613 5542 2733 5581 cum
2766 5528 2924 5582 l‘atre
2955 5535 3007 5577 ct
3049 5526 3253 5597 Spiritu
3294 5520 3697 5585 sanctoviritl

2152 5633 2344 5691 regnat
2393 5622 2531 5679 Deus
2566 5622 2619 5677 in
2649 5634 2931 5679 azternutu.
2962 5622 3154 5679 Amen.

2225 5786 2336 5859 (16)
2382 5782 2534 5858 Vulg.
2561 5785 2715 5853 prior.
