3820 6312
28 452 135 513 1725

551 554 828 612 ιιοΜιιιΑ
878 555 990 611 XV.

405 666 454 704 IN
485 664 888 704 CIRCUMCISIONE
931 665 1132 705 οοιιικι.

80 743 338 812 Postquam
385 740 582 810 impleti
614 752 732 796 sunt
763 742 873 796 dies
903 751 1042 806 octo,
1077 752 1131 794 ut
1167 739 1566 794 circumcidere-

21 849 90 890 tur
107 849 244 904 puer,
270 843 505 886 uocatum
531 839 605 884 est
630 848 813 885 nomen
839 831 953 901 ejus
971 831 1126 886 Iesus
1160 829 1312 901 (Luc.
1341 830 1424 899 ιι).
1454 829 1564 884 Ho-

23 928 179 980 dierna
229 924 367 988 dies,
423 922 622 978 fratres
656 922 988 984 charissimi,
1042 921 1239 990 duplici
1277 922 1566 976 decoratur

20 1015 260 1083 dignitate.
293 1013 360 1067 Et
387 1013 512 1082 quia
539 1023 620 1068 est
657 1024 848 1068 octava
872 1029 901 1066 a
931 1011 1133 1067 Cbristi
1169 1011 1485 1075 Nativitate,
1509 1020 1566 1067 et

18 1107 119 1178 quia
164 1113 240 1160 est
300 1112 618 1158 consecrata
669 1103 836 1174 ipsius
895 1103 1327 1158 circumcisione.
1390 1100 1564 1158 Tanta

19 1199 184 1270 quippe
208 1195 423 1251 claritas
455 1196 745 1250 Dominica:
772 1194 1081 1250 Nativitatis
1125 1194 1246 1260 fuit,
1289 1203 1350 1250 ut
1375 1211 1565 1251 omnes

18 1298 190 1358 septem
226 1287 340 1344 dies
389 1296 680 1358 sequentes
722 1285 790 1340 ab
815 1301 878 1341 ea
931 1287 1224 1341 reddantur
1271 1287 1562 1342 solemnes.

15 1381 206 1450 insuper
227 1390 279 1434 et
303 1378 546 1450 ejusdem
579 1377 945 1442 circumcisio,
993 1389 1299 1433 nostrorum
1327 1379 1565 1448 geminat

14 1471 261 1526 materiam
296 1467 637 1541 gaudiorum.
677 1466 815 1523 Sunt
859 1477 1061 1536 autem,
1088 1464 1283 1522 fratres
1308 1467 1564 1522 charissi-

14 1561 102 1618 tni.
132 1566 234 1612 tres
263 1556 741 1613 circumcisiones:
782 1557 957 1626 prima
985 1567 1061 1612 εει
1092 1556 1348 1622 carnalis,
1372 1572 1565 1612 secun-

13 1651 66 1703 da
101 1645 408 1718 spiritualis,
457 1647 615 1701 tertia
660 1647 920 1702 ctelcstis.
971 1647 1148 1701 Prima
1186 1655 1269 1702 est
1297 1647 1450 1719 legis,
1482 1663 1566 1702 se-

9 1748 161 1800 cunda
215 1743 428 1816 gratim,
479 1742 636 1797 tertia
685 1742 890 1812 gloriae.
931 1742 1110 1797 Prima
1154 1753 1240 1797 est
1283 1745 1425 1798 bona
1469 1757 1567 1798 suo

9 1847 250 1906 tempore,
280 1836 517 1891 secunda
549 1833 739 1891 melior
767 1844 824 1890 et
854 1835 906 1890 in
935 1835 1082 1890 omni
1110 1843 1374 1905 tempore,
1407 1835 1564 1889 tertia

8 1931 184 1999 optima
227 1937 282 1984 et
312 1929 365 1984 in
414 1928 797 1999 perpetuitate.
843 1925 1026 1982 Prima
1057 1936 1143 1982 est
1167 1935 1568 1983 sacramentum

7 2036 157 2076 sacra:
185 2019 284 2088 rei,
314 2021 552 2076 secunda
590 2034 748 2075 sacra
778 2034 865 2075 res
893 2028 948 2075 ει
996 2027 1424 2087 sacramentum;
1462 2027 1570 2074 ter-

7 2112 69 2168 tia
97 2126 179 2167 res
206 2111 557 2167 sacramenti.
610 2110 865 2168 Dicamus
909 2111 976 2167 de
1018 2111 1245 2182 singulis
1282 2127 1375 2183 per
1423 2112 1570 2166 ordi-

3 2220 132 2257 nem.
161 2203 284 2258 Erat
312 2203 476 2274 igitur
499 2203 843 2260 circumcisio
869 2205 1069 2272 carnis,
1101 2205 1452 2261 circumcisio
1482 2220 1571 2260 su-

2 2299 202 2368 perﬂuae
231 2279 408 2367 pellis,
452 2313 480 2351 a
528 2299 668 2354 virili
708 2298 951 2353 membro
982 2298 1124 2354 facta
1152 2308 1348 2353 octavo
1377 2297 1487 2363 die,
1516 2306 1572 2352 et

1 2389 196 2458 lapideo
219 2389 416 2444 cuitro.
445 2390 735 2446 Videamus
764 2391 948 2461 igitur,
986 2392 1206 2459 fratres,
1237 2392 1430 2462 primo,
1465 2405 1570 2461 qua

0 2485 59 2537 de
81 2498 242 2537 causa
289 2482 454 2537 fuerit
497 2484 742 2538 instituta
770 2503 785 2540 :
815 2487 1074 2550 secundo,
1119 2501 1289 2556 quare
1312 2483 1477 2540 ﬁebat
1515 2486 1568 2540 in

0 2585 202 2641 Octava,
228 2582 281 2630 et
313 2574 367 2629 in
398 2573 541 2629 virili
584 2575 848 2638 membro,
881 2585 937 2632 et
972 2576 1184 2646 lapideo
1218 2577 1424 2643 cultro;
1461 2585 1574 2631 ter-

0 2670 86 2730 tio,
119 2667 248 2738 quid
300 2666 552 2722 utilitatis
596 2665 940 2732 conferebat;
974 2677 1186 2736 quarto,
1234 2682 1404 2738 quare
1444 2675 1574 2722 tunc

0 2779 182 2818 nmnen
210 2777 406 2818 novum
455 2763 869 2833 imponebatur;
895 2763 1107 2833 quinto,
1137 2777 1304 2831 quare
1323 2759 1572 2815 Christus

0 2857 154 2911 tuluil
188 2857 526 2912 circumcidi.
557 2855 682 2910 Fuit
709 2857 889 2927 igitur,
925 2854 1311 2922 fratres,jussa
1339 2854 1574 2907 circum-

0 2949 122 3002 cisio
161 2948 232 3004 ob
275 2957 392 3003 tres
441 2963 653 3010 causas,
687 2957 745 3002 ut
775 2955 916 3002 esset
944 2948 997 3002 in
1024 2947 1239 3018 signum
1272 2960 1480 3012 magna:
1512 2944 1574 2997 li-

0 3042 70 3093 ιῐοὶ
109 3039 362 3102 Abrahm,
413 3049 469 3093 et
501 3050 556 3094 ut
585 3055 680 3110 per
714 3038 1078 3094 obedientiam
1129 3041 1289 3093 homo
1340 3036 1574 3090 circum-

0 3134 219 3188 ridendo
249 3142 570 3200 mereretur,
599 3135 740 3189 sicut
767 3149 866 3203 per
910 3131 1328 3188 inobedientiatn
1365 3129 1575 3200 primus

0 3227 153 3283 ὶιοιιιο
195 3225 560 3291 demerueral,
605 3235 660 3281 et
691 3235 750 3280 ut
777 3238 874 3296 per
895 3222 1327 3282 circumcisionis
1373 3221 1570 3275 chara-

0 3327 195 3372 :tcrem
227 3317 456 3387 populus
497 3316 590 3372 Dei
618 3333 647 3371 a
677 3317 890 3378 caeteris
936 3316 1356 3372 discernerctur.
1386 3310 1577 3370 Fiebat

0 3425 116 3462 iero
148 3417 345 3464 octavo
373 3407 492 3474 die,
525 3408 653 3478 quia
691 3407 1062 3478 corruptionis
1100 3403 1574 3461 circumcisionem

0 3501 329 3568 .igniﬁcabat
361 3515 480 3568 quae
504 3499 641 3556 facta
667 3509 750 3554 est
777 3508 968 3555 octava
992 3498 1098 3564 die,
1123 3498 1173 3552 id
1198 3505 1283 3552 est
1309 3496 1362 3550 in
1394 3509 1577 3549 resur-

0 3595 255 3660 ectione,
283 3594 567 3652 inChristo
596 3592 985 3664 personaliter;
1019 3600 1074 3647 et
1097 3590 1258 3646 ﬁetia
1277 3598 1487 3650 octava,
1523 3585 1576 3638 id

0 3696 62 3739 ist
87 3686 149 3740 in
179 3685 598 3750 resurrectione,
617 3685 669 3740 in
683 3683 934 3740 omnibus
953 3681 1297 3754 generaliter.
1316 3678 1498 3734 Fiebat
1523 3685 1579 3732 et

2 3796 35 3831 ιι
60 3778 218 3833 virili
248 3778 515 3842 membro,
539 3792 636 3848 per
663 3777 808 3847 quod
830 3789 1002 3847 genus
1031 3775 1330 3832 humanum
1362 3771 1416 3827 in
1449 3786 1581 3826 con-

0 3867 329 3936 :upisccntia
363 3875 710 3939 propagatur,
730 3867 856 3936 quia
907 3874 1026 3921 erat
1075 3864 1374 3921 remedium
1393 3871 1579 3916 contra

0 3956 262 4029 iriginale
290 3967 589 4028 peccatum,
619 3958 762 4029 quod
785 3972 882 4027 per
906 3954 1178 4012 carnalem
1200 3952 1583 4022 concupiscen-

0 4050 118 4104 iam
174 4050 498 4105 traducitur.
531 4048 719 4105 Fiebat
751 4051 916 4106 etiam
965 4048 1178 4119 lapideo
1225 4045 1424 4109 cultro,
1455 4043 1584 4114 quia

0 4143 177 4197 Iunis
213 4141 593 4210 circumcisio,
628 4142 742 4198 sive
788 4141 1022 4213 peccati,
1055 4141 1171 4196 sive
1199 4135 1582 4209 corruptionis,

0 4253 75 4289 ει·
99 4233 394 4290 Christum
413 4235 465 4288 in
487 4246 638 4305 petra
660 4233 1022 4305 signiﬁcatum
1043 4230 1288 4286 facienda
1310 4236 1414 4284 est.
1445 4226 1584 4295 Quia

4 4342 86 4380 on
128 4334 224 4380 est
245 4324 388 4384 aliud
417 4342 612 4383 nomen
639 4326 821 4381 datum
854 4323 1184 4390 hominibus,
1206 4321 1260 4375 in
1290 4335 1399 4390 quo
1423 4333 1589 4389 opor-

0 4429 88 4472 eat
119 4432 232 4472 nos
257 4416 456 4472 salvari
482 4421 620 4478 (Aet.
657 4416 752 4489 Iv).
793 4415 1090 4474 Utilitatem
1120 4429 1252 4468 vero
1277 4409 1587 4470 conferebat

0 4522 246 4578 :mpore
266 4523 366 4565 suo
381 4509 744 4586 circumcisio,
767 4508 1013 4564 eamdem
1029 4521 1189 4576 quam
1215 4519 1357 4559 nunc
1378 4502 1588 4559 confert

638 442 940 499 ιιοιιιυΑς
981 442 1048 498 IN
1078 441 1296 498 EPIST.
1340 440 1426 498 ΕΤ
1467 439 1718 496 EVANG.
1753 438 2053 496 DOMINIC.
2095 469 2162 478 -—
2203 434 2382 492 PARS
2411 435 2450 490 l.

1601 3257 1644 3314 C

3076 506 3078 508 ν
3103 432 3249 488 res

1587 539 1634 595 Λ
1664 570 1692 607 a
1729 552 2074 622 patriarchis,
2111 563 2170 607 ut
2199 553 2251 606 in
2294 550 2459 607 Josue
2487 558 2542 605 et
2582 553 2708 605 Iesu
2737 561 2932 619 magno
2963 547 3249 622 sacerdote

1663 651 1746 698 est
1787 643 2096 712 ﬁguratum,
2141 657 2170 695 a
2223 641 2500 710 prophetis
2551 637 2894 709 prazdictum,
2944 636 3012 691 ab
3053 638 3243 709 angelo

1665 735 2108 806 praenuntiatum.
2133 733 2352 789 Etcum
2405 731 2616 788 caneris
2670 732 2853 785 datum
2898 730 2989 793 sit,
3024 737 3238 784 tantum

1665 825 2072 895 nuncupatione
2100 823 2198 879 soli
2229 823 2446 879 Christo
2475 822 2726 878 convenit
2752 818 3245 876 subslantive.Ciro

1665 919 1927 972 cumcisio
1971 931 2100 972 vero
2154 915 2377 971 moralis
2407 915 2523 971 sive
2567 913 2866 985 spiritualis
2904 912 2997 976 sit,
3028 911 3249 981 quando

1666 1008 2103 1062 circutncidimus
2127 1022 2154 1061 a
2181 1007 2336 1062 nobis
2363 1006 2546 1061 omnia
2578 1005 2703 1060 vitia
2753 1015 2809 1060 et
2842 1001 3024 1058 omnia
3053 1015 3244 1073 super-

1669 1094 1796 1152 ﬂua.
1830 1097 1974 1152 Vitia
2005 1115 2036 1152 a
2064 1097 2218 1153 nobis
2245 1096 2702 1161 circumcidimus,
2736 1111 2859 1151 cum
2877 1094 3250 1167 gulositatem,

1667 1191 1962 1256 luxuriam,
2002 1189 2378 1260 cupiditatem,
2416 1189 2732 1256 avaritiam,
2763 1185 2922 1252 iram,
2962 1184 3252 1249 invidiam,

1669 1281 1948 1337 tristitiam
1967 1321 1982 1346 ,
2028 1277 2708 1344 acediam,'cenodoxiam,
2737 1275 3072 1344 superbiam,
3095 1287 3249 1327 men-

1667 1375 2214 1441 dacium,cacteraque
2239 1372 2368 1426 vitia
2401 1365 3056 1441 amputamus.Superﬂua
3088 1379 3118 1418 a
3148 1379 3247 1418 no-

1668 1467 1750 1522 bis
1772 1462 2232 1529 circumcidimus,
2251 1461 2466 1532 quando
2490 1472 2797 1515 resecamus
2820 1471 2849 1510 a
2880 1453 3036 1510 nobis
3059 1459 3262 1523 super-‘

1668 1558 1927 1614 ﬂuitatem
1970 1571 2248 1621 curarum,
2297 1554 2628 1618 divitiarum,
2667 1551 3005 1614 deliciarum,
3032 1562 3257 1619 posses~

1667 1655 1905 1718 siouum,
1932 1650 2402 1714 vestimentorum,
2432 1645 2701 1709 laborum,
2724 1643 2955 1706 viarum,
2979 1640 3108 1694 solis
3120 1652 3253 1693 coit.

1670 1744 1835 1800 tentis
1891 1741 2234 1798 necessariis.
2283 1737 2433 1793 Hanc
2486 1737 2649 1807 igitur
2702 1733 2953 1788 vitiorum
2977 1738 3031 1785 et
3055 1740 3260 1797 snper-'

1671 1839 1934 1892 ﬂuitatum
1964 1832 2435 1890 circumcisionem
2470 1827 2738 1898 signiﬁcat
2779 1823 2944 1878 etiam
2985 1818 3251 1875 resecatio

1671 1929 2012 1999 capillorum,
2057 1927 2239 1981 barba:
2285 1933 2341 1980 et
2389 1921 2671 1992 unguium,
2717 1927 2770 1972 et
2823 1914 3125 1983 longiorum
3159 1909 3254 1964 de~

1671 2021 1903 2076 curtatio
1951 2019 2423 2074 vestimentorum.
2471 2012 2576 2067 Per
2605 2008 2839 2082 capillos
2890 2004 3089 2075 quippe
3137 2001 3254 2054 sive

1673 2136 1771 2191 pcr
1795 2117 2042 2181 barbam,
2073 2131 2192 2183 qua:
2221 2112 2289 2167 de
2327 2117 2510 2164 nostra
2552 2121 2716 2160 carne
2753 2108 3072 2161 nascuntur,
3097 2102 3152 2149 et
3174 2103 3253 2148 ta-

1674 2187 1795 2266 nien
1833 2208 2047 2264 abscisa
2096 2220 2203 2260 non
2252 2199 2582 2261 sentiuntur,
2628 2209 2772 2250 cura:
2822 2187 3254 2246 necessariorum

1673 2299 2068 2372 signiﬁcantur,
2097 2309 2217 2364 qua:
2246 2306 2351 2346 non
2377 2288 2599 2345 omnino
2627 2290 2851 2356 possunt
2881 2276 3139 2342 resecari,
3158 2274 3256 2330 sed

1673 2367 1785 2449 sola
1819 2388 2160 2461 superﬂuitas
2187 2383 2345 2440 debet
2371 2378 2716 2441 circumcidi,
2747 2388 2816 2428 ne
2845 2370 3053 2426 scilicet
3078 2367 3254 2437 visum

1674 2459 2166 2551 contemplationis,
2197 2491 2264 2531 ne
2285 2472 2530 2528 auditum
2571 2465 2722 2522 verbi
2769 2462 2888 2529 Dei,
2917 2475 2986 2516 ne
3014 2459 3254 2549 fructum

1672 2547 1936 2631 orationis
1967 2571 2020 2625 in
2068 2567 2221 2624 nobis
2253 2563 2570 2636 impediant.
2611 2557 2764 2614 Unde
2806 2555 2969 2610 etiam
2997 2547 3256 2606 Dominus

1673 2664 1917 2738 praecipit
1942 2661 2166 2726 Levitis,
2197 2669 2255 2713 ut
2279 2660 2460 2712 crines
2485 2651 2666 2708 carnis
2689 2643 3084 2715 radant(Num.
3109 2648 3253 2707 vui).

1675 2731 1944 2830 Unguium
1967 2740 2132 2809 etiam
2153 2764 2408 2806 manuum
2441 2754 2495 2801 et
2518 2743 2714 2815 pedum
2759 2735 3103 2808 superﬂuitas
3143 2731 3254 2785 cir-

1674 2824 1906 2904 cumcidi
1927 2847 2107 2910 debet,
2125 2844 2176 2899 id
2191 2850 2274 2897 est
2288 2836 2630 2910 superﬂuitas
2652 2844 2875 2903 operum
2896 2835 2953 2882 ct
2980 2824 3257 2880 itinerum.

1677 2943 1828 2997 ilanc
1843 2941 2005 2995 etiam
2023 2934 2276 3007 praecepit
2290 2925 2712 2997 Dominus,quod
2731 2922 2775 2977 si
2794 2917 3034 2975 Israelita
3051 2916 3102 2969 in
3117 2911 3259 3007 bello

1677 3031 1913 3102 cepisset
1957 3005 2222 3099 virginem
2270 3020 2537 3096 puellam,
2587 3027 2642 3072 et
2697 3012 2858 3070 vellet
2894 3023 3017 3066 eam
3059 3005 3261 3062 habere

1677 3139 1924 3186 uxorem,
1973 3120 2180 3176 faceret
2232 3116 2284 3173 ei
2337 3111 2638 3176 calvitium,
2677 3119 2885 3177 ungues
2911 3104 3258 3174 praesecaret,

1678 3216 1814 3290 pilos
1860 3212 2121 3278 auferret,
2151 3217 2206 3264 et
2231 3208 2311 3262 sic
2365 3206 2418 3261 in
2462 3201 2579 3273 ejus
2614 3197 2930 3269 complexus
2977 3189 3260 3252 transiret,

1680 3287 1861 3382 (Deut.
1894 3311 2033 3376 XXI).
2073 3301 2314 3358 Israelita
2343 3297 2575 3369 puellam
2605 3293 2870 3382 virginem
2899 3287 3064 3357 capit,
3091 3297 3265 3382 quan-

1678 3371 1749 3455 do
1799 3371 2125 3467 praedicator
2167 3407 2264 3464 per
2312 3389 2510 3445 bellum
2575 3379 2971 3455 praedicationis
3024 3371 3263 3428 animam

1679 3464 1861 3547 fructu
1903 3485 2143 3544 sterilem
2199 3501 2230 3538 a
2282 3489 2552 3553 potestate
2593 3473 2794 3530 diaboli
2839 3468 2996 3526 tollit.
3040 3464 3188 3521 llanc
3215 3465 3261 3518 si

1679 3584 1805 3639 velit
1837 3583 1946 3636 Deo
1979 3577 2293 3642 fecundare,
2343 3585 2565 3629 necesse
2593 3579 2678 3624 est
2709 3576 2764 3622 nt
2796 3580 2902 3620 non
2937 3560 3108 3618 solum
3137 3556 3264 3612 inﬁ-

1681 3676 1906 3732 delitate
1950 3679 2006 3727 et
2059 3667 2275 3724 czeteris
2320 3665 2465 3719 vitiis
2495 3675 2618 3717 eam
2659 3657 2873 3729 spoliet,
2915 3651 3010 3708 sed
3037 3650 3201 3705 etiam
3231 3662 3263 3700 ιι

1683 3763 2055 3838 superﬂuitate
2085 3773 2366 3823 curarum,
2399 3767 2622 3825 operum
2653 3760 2710 3806 ct
2749 3749 3003 3803 itinerum
3037 3737 3264 3798 stecula-

1683 3831 1823 3916 rium
1848 3852 2221 3914 circumcidat.
2246 3846 2600 3920 Superﬂuitas
2621 3843 2785 3899 etiam
2809 3839 2977 3894 vestis
3007 3831 3266 3905 longioris

1684 3949 2071 4013 subcurtanda,
2105 3952 2158 4000 et
2179 3956 2320 3997 zona
2347 3935 2725 4008 restringenda
2755 3941 2860 3998 est,
2889 3932 2940 3986 id
2967 3937 3051 3986 est
3074 3939 3269 4001 supcr-

1683 4044 1863 4098 ﬂuitas
1917 4037 2223 4095 divitiarum
2275 4040 2332 4088 et
2381 4043 2566 4086 rerum
2605 4024 2946 4082 stecularium
2977 4015 3267 4074 circumci-

1687 4131 1860 4190 denda
1892 4138 1946 4185 et
1988 4124 2280 4182 brevianda
2305 4129 2408 4185 est,
2460 4135 2530 4174 ne
2575 4131 2791 4173 cursum
2821 4123 3060 4168 nostrum
3095 4117 3268 4162 retar-

1687 4228 1817 4280 dent
1846 4240 1862 4278 :
1893 4221 2048 4277 Unde
2090 4214 2413 4286 Apostolus:
2444 4210 2629 4267 Omnis
2654 4210 2743 4282 qui
2779 4209 2831 4261 in
2871 4221 3034 4274 agone
3055 4207 3268 4255 conten-

1687 4315 1788 4378 dit,
1817 4312 1880 4366 ab
1904 4309 2142 4366 omnibus
2170 4322 2225 4362 se
2246 4306 2466 4362 abstinet
2495 4301 2543 4374 (1
2570 4301 2675 4356 Cor
2719 4299 2819 4369 ιχ).
2853 4297 2939 4354 Flt
2959 4295 3121 4350 etiam
3155 4292 3270 4345 hinc

1688 4403 2031 4464 circumcisio
2062 4403 2115 4456 in
2146 4411 2362 4464 octava,
2393 4398 2446 4453 id
2493 4408 2576 4452 est
2605 4395 2659 4450 in
2700 4409 2794 4463 spe
2826 4387 3264 4447 resurrectionis,

1693 4507 1800 4554 tam
1849 4513 1880 4551 a
1916 4502 2091 4551 morte
2130 4493 2326 4547 anima:
2368 4504 2530 4559 quam
2567 4503 2596 4540 a
2649 4493 2822 4540 morte
2868 4477 3132 4549 corporis.
3184 4475 3270 4528 Fit

0 4603 322 4672 aptismns.
377 4600 530 4656 Unde
573 4567 759 4656 Beda':
798 4619 816 4652 ι
854 4599 996 4656 Idem
1026 4567 1323 4654 salutifera:
1356 4593 1593 4650 curatio-
1623 4603 1667 4658 υ
1693 4591 1858 4646 ctiam
1886 4588 2100 4662 petrino
2128 4584 2326 4646 cultro,
2364 4581 2417 4638 id
2439 4589 2520 4636 est
2556 4584 2815 4652 operante
2851 4571 3090 4634 Christo,
3118 4567 3267 4672 juxta

0 4701 56 4749 is
122 4695 436 4750 remedium
463 4693 778 4750 conferebat
809 4706 1050 4763 tempore
1086 4707 1185 4747 suo
1215 4688 1584 4751 circumcisio,

0 4788 134 4841 uod
175 4786 483 4857 baptismus
529 4795 768 4858 tempore
811 4785 1061 4841 revelata:
1103 4783 1290 4856 gratiae
1334 4778 1586 4836 conferre

0 4880 310 4945 .msuevit,
340 4887 568 4950 excepto
593 4879 736 4950 quod
774 4877 996 4945 januam
1045 4872 1279 4947 paradisi
1311 4886 1418 4926 non
1461 4884 1590 4943 ape—

0 4973 204 5039 .ebat,
240 4971 372 5043 quia
403 4972 641 5030 nondum
685 4970 861 5028 hostia
914 4967 1194 5038 sanguinis
1229 4964 1431 5023 Christi
1462 4963 1585 5016 data

0 5072 132 5119 rat.
175 5060 392 5118 Novum
434 5076 564 5118 vero
608 5076 802 5116 nomen
861 5060 914 5113 in
958 5056 1370 5116 circumcisione
1423 5053 1590 5106 daba-

0 5176 93 5223 tr,
126 5156 270 5226 quia
294 5153 515 5228 quando
544 5154 738 5227 aliquis
765 5151 1271 5214 circumcidebatur,
1317 5155 1444 5203 tunc
1481 5145 1591 5215 pri-

8 5270 54 5307 o
105 5247 326 5315 ﬁdelis,
360 5257 416 5303 et
456 5247 524 5304 de
566 5261 792 5305 numero
837 5244 1074 5300 ﬁdelium
1106 5237 1420 5304 vocabatur,
1453 5239 1592 5292 sicut

0 5359 140 5397 anc
177 5341 239 5396 ﬁt
285 5340 342 5395 in
394 5340 680 5409 baptismo.
715 5338 962 5394 Christus
1000 5335 1188 5394 etiam,
1221 5331 1347 5385 licet
1382 5346 1488 5383 non
1512 5329 1594 5382 iu-

7 5443 237 5508 geret,
271 5431 591 5489 circumcidi
633 5428 826 5494 voluit,
871 5427 940 5482 ob
985 5435 1093 5481 tres
1123 5437 1341 5487 causas,
1373 5431 1433 5475 ut
1458 5419 1593 5490 legis

0 5533 357 5587 loramenta
394 5537 552 5578 sacra
595 5535 718 5574 esse
754 5519 1173 5579 demonstraret,
1206 5521 1265 5566 ut
1289 5510 1593 5579 exemplum

5 5617 339 5675 sterilitatis
367 5625 424 5671 et
449 5613 769 5668 obedientite
801 5610 958 5666 nobis
985 5608 1040 5662 in
1081 5622 1141 5661 se
1177 5605 1592 5665 demonstraret,

35 5728 84 5766 υ
99 5719 126 5764 ι
163 5723 224 5764 se
253 5723 363 5764 non
384 5705 595 5762 solvere
616 5705 813 5778 legem,
829 5703 922 5760 sed
947 5698 1243 5771 adimplere
1257 5697 1597 5752 demonstra-

0 5812 74 5854 1.
129 5795 594 5868 Vocatumretiam
624 5807 749 5852 tunc
779 5810 976 5850 nomen
1015 5793 1133 5862 ejus
1156 5790 1332 5852 Jesus,
1367 5804 1470 5844 non
1502 5803 1601 5839 aus

3 5911 86 5954 [ιι
151 5891 490 5965 impos'tum.
527 5891 636 5949 Hoc
678 5891 822 5948 enim
868 5903 1062 5947 nomen
1114 5887 1221 5943 Dco
1258 5883 1598 5960 providente,

1691 4681 1819 4738 illud
1861 4657 2116 4750 :VBcutus,
2135 4677 2225 4747 qui
2269 4674 2460 4731 tenebit
2489 4681 2536 4726 et
2562 4669 2740 4724 (illidet
2775 4663 3019 4735 parvulos
3051 4674 3172 4713 suos
3199 4657 3269 4708 ad

1690 4781 1891 4845 petram
1918 4749 2364 4842 (Psul.cxxxvt),
2397 4765 2448 4818 id
2475 4773 2557 4816 est
2584 4759 2880 4818 Christum,
2915 4756 3017 4808 hoc
3044 4760 3127 4806 est
3154 4749 3274 4816 ejus

1693 4882 1877 4920 amore
1903 4875 1955 4921 et
1985 4864 2187 4918 auxilio
2207 4875 2302 4914 eos
2331 4857 2662 4928 exstinguet.
2693 4851 2847 4909 Tunc
2873 4847 3040 4903 etiam
3073 4855 3272 4899 nomen

1694 4975 1890 5018 novum
1922 4959 2104 5019 datur,
2127 4957 2249 5027 quia
2275 4970 2340 5009 ex
2372 4961 2496 5006 tunc
2527 4950 2667 5002 inter
2705 4954 2925 5000 sanctos
2963 4951 3188 4995 numero
3217 4944 3275 4990 et

1696 5055 1887 5109 merito
1901 5052 2228 5111 nominatur,
2249 5047 2403 5118 juxta
2430 5042 2587 5097 illud:
2619 5041 2685 5097 Et
2711 5037 2931 5094 scribam
2963 5048 3117 5105 super
3138 5029 3272 5084 illud

1695 5157 1882 5194 nomen
1901 5154 2068 5193 meum
2085 5125 2933 5208 norumUsa.an).Circumcisio
2946 5119 3276 5180 vcrocceles-

1697 5238 1768 5291 tis
1794 5237 1883 5290 ﬁet
1914 5235 1966 5288 in
1991 5229 2278 5295 octava,id
2294 5238 2375 5284 est
2393 5229 2443 5282 in
2463 5224 2700 5298 generali
2716 5219 3137 5280 resurrectione,
3154 5223 3272 5269 tam

1699 5329 1754 5386 in
1788 5328 1966 5381 anima
1985 5339 2147 5398 quam
2178 5322 2230 5376 in
2250 5335 2497 5390 corpore.
2524 5317 2604 5372 Ab
2622 5317 2799 5371 anima
2815 5312 3012 5383 quippe
3040 5307 3275 5363 circum-

1696 5423 1949 5478 ciduntur
1984 5396 2138 5482 vitia,
2195 5414 2460 5476 defectus,
2507 5407 2963 5482 perturbationes.
3017 5400 3182 5461 Vitia,
3221 5396 3276 5451 id

1698 5525 1783 5570 est
1832 5520 2090 5583 peccata,
2156 5507 2310 5565 mala:
2359 5505 2567 5560 scilicet
2621 5499 2977 5572 cogitationes
3027 5502 3081 5547 et
3135 5487 3276 5543 mala

1699 5620 1886 5678 opera;
1915 5602 2178 5666 defectus,
2208 5607 2267 5654 ut
2303 5595 2630 5670 ignorantia,
2653 5593 2870 5655 oblivio,
2903 5583 3192 5646 hebetudo,
3221 5588 3278 5634 et

1700 5675 2041 5769 Intjusmodi;
2077 5691 2529 5764 perturbationes,
2581 5697 2639 5743 ut
2696 5686 2877 5747 timor,
2935 5675 3174 5738 tristitia,
3222 5679 3292 5735 ει

1703 5789 2029 5860 hujusmodi.
2065 5787 2105 5840 A
2146 5799 2373 5855 corpore
2408 5780 2869 5838 circumciduntur
2899 5771 3022 5825 vitia
3044 5810 3059 5834 ,
3095 5781 3281 5820 neces-

1700 5884 1849 5943 sitas,
1880 5879 2153 5942 deiectus,
2176 5875 2470 5947 corruptio.
2498 5872 2663 5938 Vitia,
2686 5881 2742 5927 ιιι
2764 5861 3134 5941 turpitudinis,
3153 5872 3281 5918 nam
