3820 6312
554 347 692 400 1727

1543 339 1890 397 ADDENDA.
1931 373 1999 384 --
2030 343 2381 402 RADULPHI
2420 348 2767 406 ABDENTIS

3629 361 3717 416 1738

557 469 686 513 tunc
717 457 1027 512 ninﬁetatcs
1050 451 1458 516 resecabuntur,
1491 463 1544 506 et
1567 454 1905 512 minoritates
1930 455 2146 528 supple-
2182 466 2232 522 Α
2261 471 2340 516 ter
2387 477 2524 531 pene
2568 472 2734 517 totam
2792 466 3065 518 subsecat.
3121 463 3347 522 Veniens
3379 468 3521 539 igitur
3545 471 3719 541 elephans

558 552 805 614 buntur;
847 549 1171 609 necessitas,
1202 555 1258 600 ut
1291 544 1627 611 comedendi,
1659 546 1897 613 bibendi,
1929 549 2163 604 vestien-

562 645 636 709 di,
663 643 1004 709 dormiendi;
1036 640 1302 707 defectus,
1328 647 1387 693 ut
1409 639 1578 693 morbi
1620 643 1948 708 senectutis;
1977 657 2163 697 corru-

565 736 722 806 ptio,
788 744 850 790 ut
909 734 1122 788 mortis.
1175 731 1297 785 llaec
1346 731 1526 784 omnia
1585 740 1711 788 tunc
1761 735 2078 788 anferentur
2131 751 2162 790 a

566 827 808 893 Chrisw,
830 829 922 898 qui
950 837 1034 883 est
1061 840 1184 880 vera
1213 832 1381 893 petra,
1404 834 1621 879 sanctos
1645 840 1770 880 suos
1799 826 2162 897 gIOI-ilicante.

569 919 725 976 Tunc
771 917 988 974 dabitur
1037 917 1116 972 eis
1157 928 1348 970 nomen
1398 931 1622 981 novum,
1675 917 1818 987 quod
1863 933 1924 973 os
1952 918 2162 972 Domini

574 1012 904 1077 nominabit,
930 1021 989 1065 ut
1009 1009 1216 1064 scilicet
1247 1018 1372 1064 tunc
1397 1018 1678 1075 vocentur,
1709 1026 1814 1065 non
1839 1010 2012 1068 solum
2047 1011 2166 1077 lilii,

574 1105 756 1169 amici,
783 1101 1134 1170 haeredesque
1162 1100 1279 1167 Dei,
1313 1101 1422 1155 imo
1451 1100 1615 1156 etiam
1659 1100 1754 1168 dii,
1791 1101 1949 1173 juxta
1987 1101 2114 1156 illud
2148 1117 2162 1156 :

573 1191 688 1264 Ego
727 1193 844 1249 dixi
893 1206 914 1245 :
960 1191 1048 1246 Dii
1098 1191 1246 1260 estis,
1280 1201 1328 1246 et
1366 1190 1471 1260 filii
1522 1189 1731 1246 Excelsi
1786 1208 1961 1246 omnes
1993 1190 2168 1263 (Ρεαι.

573 1286 788 1350 uxxt).
842 1283 1054 1354 Itaque,
1102 1281 1300 1340 fratres
1347 1284 1678 1350 charissimi,
1728 1282 1904 1355 prima
1942 1283 2169 1339 istarum

571 1376 1077 1442 circumcisionum,
1126 1373 1400 1445 significat
1451 1375 1743 1431 secundam
1800 1383 1856 1431 et
1926 1376 2167 1439 tertiam,

574 1483 677 1524 nec
707 1466 852 1523 valet
888 1467 1006 1523 sine
1036 1465 1163 1522 illis.
1195 1465 1316 1521 Ista:
1339 1481 1469 1522 vero
1497 1467 1618 1522 dua:
1657 1466 1774 1521 sine
1804 1464 1910 1531 illa,
1942 1465 2170 1521 multum

573 1559 779 1615 valent.
805 1557 1047 1613 Primam
1107 1557 1228 1612 sine
1264 1557 1496 1613 secunda
1517 1568 1571 1612 et
1602 1559 1756 1612 tertia
1789 1557 1996 1613 faciunt
2029 1572 2174 1613 nunc

574 1649 840 1715 Judaei,et
865 1649 984 1704 ideo
1007 1663 1111 1703 non
1141 1657 1348 1703 tantum
1375 1663 1478 1702 non
1505 1647 1846 1718 prodesteis,
1876 1648 1984 1702 imo
2008 1647 2171 1702 etiam

575 1749 760 1808 nocet,
777 1741 994 1813 etjuxta.
1007 1741 1702 1811 Apostolum,Circnmcisio
1717 1741 1838 1796 talis
1855 1741 2173 1812 praeputium

2245 550 2330 607 ad
2359 553 2573 608 solitam
2602 553 2850 608 arborem
2881 553 3162 618 incumbit,
3189 568 3238 610 et
3269 572 3383 612 cum
3411 561 3576 616 arbore
3595 580 3719 626 ruente

2264 645 2394 708 ruit,
2420 655 2475 699 et
2504 660 2609 699 non
2643 645 2826 700 valens
2848 661 3090 716 surgere,
3123 649 3317 702 barrit.
3366 649 3439 704 Ad
3464 653 3588 722 cujus
3607 670 3720 716 Vocem

2264 734 2490 790 veniunt
2536 735 2714 790 caueri
2770 734 3087 805 elephantes
3137 737 3258 806 qui,
3298 754 3417 794 cum
3449 756 3552 795 eum
3587 761 3722 817 surgere

2267 840 2374 880 non
2425 827 2658 895 possint,
2709 841 2898 881 omnes
2935 828 3098 881 simul
3130 829 3400 893 barriunt,
3431 846 3650 903 usquequo
3677 859 3726 894 ve.

2268 916 2383 971 niat
2429 917 2624 987 aliquis
2667 932 2867 986 parvus
2914 919 3190 988 elephans,
3221 921 3452 988 quicum
3495 939 3575 977 sua
3598 942 3728 996 ιπῦιιιυ.

2268 1009 2415 1064 scida
2441 1019 2769 1078 prostratum
2799 1010 3425 1081 sublevatelephantem.
3455 1013 3731 1087 Myslice,lra-

2273 1109 2385 1157 tres
2417 1099 2750 1168 charissimi,
2783 1101 3048 1172 elephans
3092 1103 3195 1157 iste
3225 1112 3310 1159 est
3340 1104 3512 1174 homo,
3536 1109 3608 1178 qui
3624 1113 3733 1182 riguis

2271 1201 2483 1248 natura:
2530 1203 2634 1260 est,
2688 1193 2812 1249 talis
2850 1204 3092 1263 creatus,
3147 1204 3206 1249 ut
3235 1197 3404 1264 magis
3428 1198 3735 1268 sitaptusstare

2271 1293 2432 1352 quam
2451 1297 2700 1355 surgere.
2723 1282 2877 1340 Hunc
2905 1283 3176 1356 malignus
3209 1297 3449 1351 venator,
3478 1301 3561 1357 per
3583 1290 3735 1350 {tandem

2272 1375 2485 1430 arboris
2533 1377 2718 1432 vetita:
2765 1377 3150 1447 praecipitavit,
3208 1379 3300 1447 qui
3351 1395 3443 1448 per
3478 1395 3530 1436 se
3571 1387 3738 1452 nequiens

2273 1480 2520 1537 surgere,
2554 1466 2716 1537 longo
2750 1477 2995 1537 tempore
3045 1477 3209 1523 terra:
3257 1469 3544 1534 adhterens.
3568 1470 3685 1538 licvit,
3709 1489 3739 1532 et

2274 1559 2533 1613 auxilium
2589 1559 2880 1614 invocavit.
2911 1559 3012 1614 Cui
3055 1576 3156 1632 per
3205 1563 3743 1637 compassionemappu»

2276 1651 2566 1722 piaverunt
2593 1652 2921 1720 patriarclne
2948 1661 3005 1706 et
3053 1653 3356 1722 prophetae,
3386 1655 3472 1708 sed
3512 1670 3609 1710 eum
3636 1662 3742 1715 subic-

2279 1755 2409 1795 vare
2434 1756 2540 1796 non
2567 1752 2880 1812 potuerunt,
2903 1743 2996 1798 sed
3023 1745 3189 1799 simul
3211 1743 3485 1812 ﬂeverunt,
3512 1759 3556 1803 ct
3578 1752 3747 1808 auxilium

577 1837 717 1890 facta
750 1844 835 1889 est
857 1834 1037 1902 (Rom.
1061 1833 1146 1904 ιι).
1177 1833 1485 1890 Secundam
1504 1850 1630 1890 vero
1660 1834 1866 1889 faciunt
1893 1850 2035 1890 nunc
2064 1835 2176 1890 veri
2211 1827 2254 1885 Β
2280 1832 2687 1897 invocaverunt,
2710 1849 2994 1905 quousque
3023 1836 3288 1906 parvulus
3313 1838 3379 1894 de
3401 1842 3617 1909 progenie
3631 1858 3746 1898 eorum

575 1925 1000 1982 Christianisine
1023 1925 1280 1997 prima,et
1297 1927 1514 1981 tertiam
1529 1936 1867 1996 exSpectant.
1892 1925 1999 1982 Nos
2021 1939 2174 1997 ergo,

576 2015 777 2072 fratres
815 2016 1146 2081 charissimi,
1195 2027 1323 2070 tunc
1368 2030 1502 2071 vere
1546 2017 1752 2072 Christi
1791 2016 2177 2072 Circumcisio-

578 2123 703 2165 nem
731 2107 1089 2173 celebramus,
1122 2124 1244 2164 cum
1275 2109 1437 2176 vitia,
1458 2117 1512 2163 et
1542 2118 1786 2179 peccata,
1815 2118 1870 2164 et
1893 2106 2177 2179 superflui-

581 2211 728 2258 tates
752 2202 1187 2257 necessariorum
1222 2202 1274 2255 in
1318 2201 1475 2256 nobis
1515 2215 1843 2257 resccamus.
1875 2200 2173 2256 Circumci-

579 2297 773 2353 damus
817 2296 1000 2366 itaque
1045 2297 1209 2350 corda
1260 2305 1314 2351 et
1345 2312 1539 2351 sensus
1584 2309 1818 2351 nostros.
1867 2295 2066 2360 Corda,
2103 2311 2171 2351 ne

580 2389 746 2444 noxia
779 2389 860 2443 vel
912 2404 1048 2442 vana
1097 2389 1456 2453 meditentur;
1498 2403 1713 2452 sensus,
1771 2404 1838 2443 ne
1889 2388 2065 2444 noxiis
2096 2387 2178 2442 vel

581 2481 736 2535 vanis
759 2490 1113 2550 occupentur.
1140 2479 1609 2535 Circumcidamus
1642 2479 1827 2533 oculos
1861 2497 1927 2533 tte
1957 2480 2178 2533 videant

579 2575 913 2634 vanitatem;
964 2586 1146 2637 aures,
1203 2566 1274 2625 ne.
1326 2572 1548 2627 audiant
1592 2572 1860 2627 deteriora
1896 2571 1974 2625 vel
2017 2571 2176 2626 noxia

583 2667 796 2734 verba;
857 2667 1167 2731 odoratum,
1219 2681 1287 2719 ne
1335 2665 1640 2719 luxuriosos
1698 2665 1894 2719 odores
1935 2661 2176 2727 aﬂ'ectet,

583 2769 822 2829 gustum,
851 2771 917 2812 ne
940 2758 1167 2816 deliciis.
1195 2757 1275 2812 vel
1302 2756 1584 2812 lenociniis
1609 2756 1852 2827 capiatur
1875 2773 1889 2820 ;
1909 2755 2174 2826 linguam,

585 2865 656 2905 ne
687 2849 846 2904 noxia
877 2851 962 2904 vel
1001 2865 1142 2904 vana
1173 2851 1336 2905 verba
1383 2849 1654 2918 loquatur.
1702 2848 1793 2902 Sic
1819 2849 1920 2912 sic,
1957 2847 2176 2915 fratres,

586 2943 786 2998 fratres
824 2942 1160 3006 charissimi,
1211 2942 1493 3007 facientes,
1538 2957 1637 3012 per
1686 2942 1848 2996 istam
1895 2941 2180 2995 circumci-

587 3033 798 3088 sionem
852 3033 1185 3104 spiritualem
1238 3033 1522 3090 veniemus
1568 3034 1635 3087 ad
1687 3030 1834 3086 illam
1886 3047 2068 3087 veram
2126 3041 2182 3087 et

589 3135 850 3182 aeternam
873 3125 1369 3190 cirt-umcisionem,
1399 3123 1488 3179 tibi
1520 3125 1624 3179 erit
1653 3139 1812 3179 omne
1829 3123 2030 3178 bonum
2063 3125 2180 3180 sine
2211 3180 2254 3198 ﬁ
2287 3131 2463 3185 catus,
2502 3137 2599 3191 per
2656 3121 2986 3191 baptismum
3041 3122 3219 3175 visum
3267 3119 3462 3176 m'entis
3507 3121 3775 3189 recuperarit.

577 3213 755 3282 .malo,
793 3230 979 3270 verum
1024 3215 1140 3270 sine
1188 3212 1342 3294 falso,
1397 3212 1620 3269 satietas
1661 3213 1778 3268 sine
1825 3212 2064 3278 fastidio,
2098 3229 2182 3267 re-
2210 3190 2253 3238 ί⁴
2287 3213 2378 3267 Sic
2415 3228 2544 3283 ergo
2583 3213 2789 3278 anima,
2819 3227 2923 3267 nec
2969 3225 3064 3282 per
3087 3226 3147 3266 se
3179 3227 3422 3282 surgere,
3453 3226 3540 3266 nec
3562 3209 3773 3263 illuminari

589 3322 755 3378 gnum
801 3308 921 3361 sine
966 3307 1220 3369 termino,
1253 3305 1508 3376 gaudium
1540 3304 1658 3360 sine
1691 3320 1949 3370 maerore,
1985 3304 2180 3358 festum

590 3402 712 3457 sine
754 3398 1195 3473 interpositione,
1221 3398 1338 3452 dics
1359 3399 1476 3452 sine
1499 3407 1676 3463 nocte,
1705 3397 1810 3450 vita
1839 3397 1956 3452 sine
1983 3411 2179 3450 morte.

573 3491 672 3550 ,Ad
724 3506 886 3560 quam
940 3489 1411 3543 circumcisionem
1459 3489 1719 3559 perducat
1754 3505 1854 3544 nus
1895 3489 1986 3558 qui
2024 3487 2184 3542 hodie

591 3589 816 3651 propter
833 3595 934 3634 nos
954 3579 1268 3634 circumcidi
1297 3578 1464 3634 voluit
1481 3581 1619 3635 Deus
1641 3591 1696 3636 et
1714 3580 1974 3636 Dominus
1998 3590 2185 3635 noster

592 3671 747 3729 Jesus
770 3672 1039 3728 Christus.
1077 3672 1271 3726 Amen.

1160 3762 1445 3820 HOMILIA
1470 3761 1612 3820 XVI.

1095 3872 1149 3911 IN
1174 3872 1454 3912 ΕΡΙΡΗΛΝΙΔ
1478 3869 1686 3912 οοιιιΝι.

669 3949 857 4019 Surge,
908 3948 1210 4003 illuminare
1236 3990 1251 4014 ,
1291 3946 1614 4014 Jerusalem,
1657 3964 1780 4008 quia
1824 3947 1956 4001 venit
2011 3948 2185 4001 lumen

592 4053 740 4094 tuum
761 4039 896 4109 (ιω.
917 4056 1009 4106 1.x,
1032 4044 1183 4110 etc.).
1208 4037 1332 4094 llaec
1357 4039 1615 4110 loquitur,
1635 4037 1833 4092 fratres
1857 4036 2184 4102 charissimi,

596 4133 884 4205 propheta,
913 4134 1023 4188 imo
1074 4133 1333 4188 Dominus
1381 4149 1476 4203 per
1509 4133 1850 4204 praphetam,
1902 4131 1968 4186 ad
2000 4131 2184 4200 primi-

599 4224 763 4277 tivam
797 4238 864 4276 ex
911 4222 1113 4279 Judaﬁs
1146 4223 1469 4287 Ecclesium,
1523 4223 1605 4277 vel
1655 4224 1722 4277 ad
1748 4237 2188 4292 unamquamque

599 4317 866 4370 animam.
904 4315 982 4370 De
1013 4327 1240 4387 utraque
1263 4317 1403 4371 enim
1437 4325 1612 4386 potest
1640 4316 1754 4370 lnec
1787 4315 1989 4370 locutio
2021 4315 2188 4368 inter-

597 4406 822 4477 pretari.
852 4406 1032 4462 Primo
1071 4408 1233 4478 igitur
1265 4408 1510 4463 hortatur
1545 4404 1868 4470 Jerusalem,
1894 4413 1951 4458 ut
1999 4413 2189 4474 surgat

597 4497 1026 4553 etilluminctur.
1066 4499 1316 4554 Secundo
1367 4499 1548 4553 subdit
1595 4513 1838 4562 causam,
1866 4512 2037 4566 quare
2068 4513 2185 4550 sur-

601 4608 728 4663 gere
754 4603 808 4648 et
837 4593 1129 4650 illuminari
1175 4595 1388 4650 debeat.
1427 4593 1612 4650 Tertio
1633 4594 1873 4650 ostendit
1903 4610 2026 4665 quae
2048 4596 2186 4650 mala

600 4699 899 4757 sequantur
932 4704 1055 4743 eum
1080 4688 1167 4756 qui
1195 4702 1418 4758 surgere
1448 4689 1768 4743 contemnit.
1804 4685 2010 4754 Quarto
2039 4689 2189 4757 ponit

562 4841 565 4844 _
603 4779 742 4832 bona
773 4792 893 4846 quin
937 4787 1239 4848 sequuntur
1283 4787 1616 4848 surgentem.
1663 4778 1974 4832 Eshortans
2025 4778 2191 4848 igitur

603 4873 865 4956 pr0pheta
911 4867 1239 4936 Jerusalem,
1274 4869 1389 4923 sive
1438 4868 1733 4937 quamlibet
1769 4870 2031 4934 animam,
2063 4871 2139 4924 ait
2170 4886 2185 4924 :

604 4960 794 5031 Surge,
818 4960 1139 5024 illuminare,
1157 4957 1475 5013 Jerusalem.
1505 4957 1612 5012 Sed
1643 4959 1936 5028 quomodo,
1969 4959 2190 5023 fratres.

604 5054 736 5120 ιῗῇιιίι
787 5051 1049 5110 Dominus
1080 5050 1274 5105 animae
1304 5059 1361 5104 ut
1393 5058 1582 5117 surgat
1627 5058 1682 5104 et
1721 5049 2090 5104 illuminetur?
2133 5049 2190 5104 In

557 5213 562 5218 δ
609 5159 774 5208 manu
804 5141 950 5197 enim
981 5141 1073 5203 Dei
1104 5148 1206 5208 est,
1237 5155 1341 5197 non
1371 5138 1421 5193 in
1454 5151 1662 5207 nostra,
1696 5149 1752 5195 ut
1777 5139 1858 5195 vel
1884 5155 2190 5209 surgamus,

609 5237 694 5292 vel
733 5235 1121 5290 illuminemur.
1152 5231 1325 5289 Homo
1361 5235 1504 5290 enim
1556 5235 1677 5292 talis
1721 5244 1806 5291 est
1844 5245 2083 5300 creatus,
2137 5245 2196 5290 ut
2244 5245 2246 5248 '

610 5340 758 5386 atare
788 5337 843 5382 et
865 5328 1062 5383 cadere
1088 5343 1185 5397 per
1216 5342 1278 5382 se
1317 5336 1513 5399 potest;
1539 5343 1763 5399 surgere
1795 5337 1974 5382 autem
2011 5342 2107 5398 per
2137 5341 2196 5382 se

613 5437 718 5482 non
752 5428 948 5492 potest.
983 5421 1045 5474 lit
1072 5437 1168 5490 per
1214 5436 1274 5476 se
1303 5421 1522 5490 quidem
1553 5420 1769 5485 cecidit,
1813 5435 2037 5492 surgere
2066 5435 2196 5476 vero

613 5528 710 5584 per
737 5528 796 5568 se
831 5527 934 5566 non
963 5513 1158 5583 potuit,
1206 5511 1400 5568 similis
1448 5512 1721 5580 elephanti
1765 5512 1854 5581 qui
1889 5509 2198 5567 inﬂexibilis

611 5616 716 5674 est,
742 5615 798 5662 et
841 5605 1024 5676 rigida:
1081 5614 1308 5671 naturze,
1360 5611 1415 5658 et
1465 5613 1793 5674 prostratus,
1843 5617 2064 5674 surgere
2091 5617 2196 5676 non

613 5683 792 5774 potest
829 5714 926 5770 per
955 5682 1034 5755 se.
1091 5696 1228 5753 Huic
1267 5707 1493 5752 venator
1540 5696 1823 5760 insidians,
1855 5705 2006 5750 notat
2037 5674 2201 5750 ιιι·ὺό-

603 5808 724 5872 rem
767 5795 852 5849 cui
886 5807 941 5846 se
990 5791 1224 5867 apodiat,
1265 5805 1389 5845 cum
1422 5789 1733 5858 requiescit,
1765 5797 1814 5843 et
1845 5787 1990 5843 illam
2020 5788 2192 5843 laten-

2221 4533 2265 4593 υ
2291 4497 2459 4566 gloria
2478 4495 2682 4572 Domini
2707 4513 2864 4565 super
2878 4508 2927 4551 te
2941 4507 3055 4551 orta
3079 4508 3175 4564 ut,
3191 4497 3244 4552 id
3275 4507 3365 4554 est
3393 4496 3635 4554 Dominus
3655 4493 3796 4562 giers?-

2277 1935 2458 1990 natus,
2483 1926 2780 1981 adveniens
2808 1927 3084 1993 Christus,
3112 1945 3213 1983 sua
3251 1932 3601 2001 prmdicatione
3626 1945 3662 1989 et
3679 1952 3749 2006 δτι·
3802 1943 3803 1948 ‘

2280 2017 2353 2072 tia
2378 2032 2500 2072 eoin
2533 2017 2812 2073 relevavit.
2841 2018 2995 2073 Sicut
3027 2019 3195 2089 igitur
3235 2021 3397 2076 homo
3420 2038 3509 2092 per
3540 2035 3586 2079 se
3609 2027 3750 2091 cecidi,

2277 2110 2372 2164 sed
2403 2125 2500 2179 per
2523 2125 2582 2166 se
2609 2124 2834 2180 surgere
2881 2126 2988 2167 non
3020 2112 3219 2182 potuit,
3248 2115 3323 2168 ita
3352 2130 3445 2185 per
3469 2131 3521 2171 se
3549 2133 3750 2176 exemtus
3802 2133 3803 2140 ‘

2277 2210 2382 2266 est,
2411 2201 2504 2257 sed
2538 2218 2635 2272 per
2669 2217 2728 2258 se
2767 2201 3060 2258 illuminari
3096 2219 3202 2259 non
3236 2208 3429 2275 potuit.
3460 2209 3545 2264 llic
3573 2220 3639 2264 est
3665 2216 3752 2266 enim

2280 2293 2369 2348 ille
2396 2295 2447 2348 in
2474 2293 2764 2366 Evangelio
2787 2311 2964 2352 caecus
2996 2311 3026 2350 a
3052 2299 3357 2365 nativitate,
3385 2299 3523 2369 cujus
3550 2304 3753 2358 oculisDu-
3802 2313 3803 2318 ‘

2281 2387 2460 2442 minus
2493 2387 2662 2442 lutum
2695 2403 2763 2442 cx
2809 2399 2953 2443 terra
2985 2398 3041 2444 et
3069 2390 3239 2445 saliva
3285 2390 3500 2458 factum,
3525 2396 3756 2464 superim-

2281 2478 2390 2535 suit
2436 2488 2492 2535 et
2538 2478 2775 2534 lavatmn
2812 2480 3143 2536 illuminavit
3192 2479 3377 2552 (Joan.
3431 2484 3757 2552 t1).0steadeas
3802 2477 3803 2548 ξ

2284 2569 2430 2640 quod
2464 2570 2578 2640 ipse
2609 2572 2699 2641 qui
2727 2571 2998 2627 hominem
3022 2572 3090 2627 de
3118 2573 3248 2628 limo
3271 2573 3525 2629 videntem
3551 2588 3759 2638 creaverat,
3802 2603 3803 2610 η

2285 2662 2405 2732 ipse
2432 2661 2498 2717 de
2525 2665 2716 2718 eadem
2750 2663 2978 2719 materia
3002 2663 3051 2719 ei
3077 2664 3271 2720 oculos
3293 2676 3620 2722 recreaverat.
3641 2667 3758 2720 Satira

2282 2753 2448 2818 enim,
2481 2769 2602 2824 qum
2630 2753 2766 2810 falsa
2806 2763 2864 2810 et
2898 2756 3117 2811 condita
3174 2766 3278 2823 est,
3312 2767 3365 2812 et
3400 2773 3428 2811 a
3457 2761 3606 2826 capite
3627 2760 3766 2821 Mittit,

2285 2845 2620 2915 Sapientiam
2651 2862 2856 2914 veram,
2886 2861 3006 2917 quae
3039 2863 3068 2902 a
3098 2847 3266 2903 Patre
3309 2848 3590 2914 descendit,
3629 2851 3762 2919 signiti-

2283 2947 2372 2992 cat
2395 2952 2460 2992 cx
2491 2953 2550 2993 se
2579 2947 2712 2993 etes
2741 2949 2904 3001 terra,
2943 2937 2996 2992 id
3025 2951 3109 2993 est
3140 2952 3208 2994 ex
3236 2939 3510 2992 divinitate
3529 2949 3577 2992 et
3593 2941 3768 2992 huntmi-
3802 2937 3803 2992 ι

2287 3039 2420 3093 tate,
2451 3031 2786 3100 cataplasma
2814 3038 2870 3084 et
2912 3029 3202 3100 collyrium
3251 3029 3402 3096 fecit,
3438 3045 3534 3099 quo
3559 3030 3685 3082 homo
3705 3041 3770 3080 r2-

2286 3313 2486 3373 potest.
2521 3304 2676 3358 Dicat
2701 3318 2832 3375 ergo
2862 3303 2972 3358 Deo
2998 3321 3012 3357 z
3054 3302 3283 3357 Domine
3311 3302 3438 3372 quid
3465 3311 3538 3357 est
3561 3302 3664 3365 hoc,
3685 3299 3775 3369 quoi

2289 3410 2373 3449 me
2403 3411 2624 3464 surgere
2655 3395 3039 3466 etfilluminari
3078 3396 3270 3465 jubes?
3303 3394 3381 3450 Ex
3447 3410 3540 3459 me,
3593 3409 3676 3448 nec
3701 3396 3775 3448 her.

2289 3503 2388 3541 nec
2426 3485 2556 3540 illud
2607 3502 2850 3558 possunt.
2900 3485 2978 3540 'l‘u
3016 3487 3168 3541 solus
3201 3502 3264 3542 es
3318 3488 3410 3557 qui
3453 3487 3616 3542 hocet
3648 3491 3782 3538 cum

2287 3590 2462 3648 potes.
2497 3577 2638 3650 Ergo
2678 3580 2723 3633 si
2767 3578 2850 3634 vis
2882 3587 2940 3634 ut
2983 3593 3236 3647 surgam,
3269 3580 3336 3633 da
3379 3577 3500 3633 mihi
3532 3592 3725 3632 manum.
3748 3575 3782 3626 Si

2291 3669 2370 3723 vis
2392 3679 2446 3722 ut
2477 3667 2772 3734 illuminer,
2795 3669 2860 3723 da
2891 3669 3021 3723 mihi
3057 3671 3262 3723 lumen.

2360 3761 2620 3832 Sequitur
2672 3761 2840 3832 igitur
2863 3776 2990 3832 pars
3022 3764 3292 3826 secunda,
3338 3763 3396 3816 in
3441 3775 3536 3832 qua
3573 3759 3784 3814 mare

2293 3849 2558 3907 Dominus
2596 3865 2766 3920 quare
2794 3866 3020 3922 surgere
3053 3853 3269 3918 debeat,
3303 3854 3382 3907 ait
3411 3870 3426 3906 :
3453 3851 3579 3917 Qui:
3603 3850 3713 3904 texit
3737 3848 3788 3896 lt-

2291 3961 2407 3998 men
2447 3955 2617 3998 tuum.
2644 3945 2722 4000 Ac
2755 3944 2798 3999 si
2848 3945 2994 4001 dicat
3044 3962 3058 4000 :
3109 3945 3256 4001 Ecce
3290 3945 3617 4017 porrigitur:
3641 3940 3790 3996 mstiti

2291 4051 2504 4103 inaltus,
2537 4045 2595 4090 ut
2627 4051 2859 4109 surgas:
2893 4034 3054 4091 Vertit
3096 4038 3304 4102 lumen,
3330 4046 3390 4091 ut
3424 4037 3610 4103 videas,
3639 4032 3786 4102 quodsi

2294 4127 2514 4196 recipis,
2545 4125 2680 4182 facis
2716 4126 2906 4182 lumen
2932 4134 3117 4193 tuum;
3154 4127 3199 4182 si
3228 4143 3335 4182 non
3369 4128 3575 4198 recipis,
3599 4125 3688 4179 erit
3709 4119 3788 4189 ειεξ-

2291 4219 2411 4274 dem
2435 4217 2867 4288 semperlumen,
2885 4219 2980 4274 sed
3015 4237 3124 4275 non
3154 4229 3331 4286 tuum,
3357 4222 3466 4276 imo
3486 4235 3513 4274 a
3537 4229 3583 4274 te
3601 4215 3788 4271 alienae.

2292 4311 2452 4368 Venit
2495 4313 2613 4377 tibi,
2644 4312 2771 4382 quia
2804 4323 2858 4367 tu
2883 4327 2979 4382 per
3015 4321 3070 4368 te
3098 4314 3166 4368 ad
3199 4329 3324 4368 eam
3378 4314 3556 4368 venire
3576 4324 3668 4364 non
3689 4316 3794 4374 potr-

2296 4423 2405 4461 ras.
2430 4407 2586 4472 Quod
2619 4422 2748 4461 vero
2781 4407 2976 4462 sithoc
3016 4407 3197 4463 lumen
3224 4408 3480 4470 ostendit,
3511 4406 3735 4461 subdens:
3755 4396 3792 4449 ελ

2294 4601 2387 4640 sus
2405 4598 2558 4640 ortus
2587 4598 2671 4642 est
2692 4602 2798 4642 non
2829 4595 3035 4644 tantum
3051 4589 3350 4644 carnaliter
3365 4603 3433 4644 es
3456 4588 3595 4643 beata
3623 4583 3796 4653 Virgil.

2296 4681 2405 4735 imo
2450 4681 2613 4736 etiam
2658 4681 3016 4750 spiritualiter
3037 4697 3136 4753 per
3161 4680 3323 4737 ﬁdem
3354 4682 3406 4736 in
3440 4689 3619 4736 mente.
3645 4677 3700 4730 Et
3721 4677 3794 4732 lor.

2293 4790 2450 4844 super
2495 4783 2562 4838 te,
2611 4775 2738 4844 quia
2788 4791 2820 4828 α
2862 4791 3069 4828 summa
3108 4776 3239 4828 caelo
3276 4776 3503 4845 egressio
3536 4772 3636 4842 ejus
3677 4766 3798 4836 (Pul-

2297 4865 2472 4938 xvtn).
2503 4867 2568 4920 Et
2606 4868 2658 4920 in
2704 4868 2986 4936 superiore
3033 4867 3108 4921 tui
3153 4877 3334 4938 parte,
3360 4867 3413 4920 id
3441 4875 3522 4920 est
3558 4865 3606 4917 in
3633 4861 3804 4938 ratio-el

2297 4968 2450 5014 ortus
2475 4967 2560 5012 est
2603 4975 2700 5029 per
2747 4958 2931 5023 fidem,
2973 4964 3270 5014 secundum
3305 4958 3436 5013 illud
3467 4955 3737 5023 :Sigaumtl

2297 5069 2452 5122 super
2483 5069 2575 5106 nos
2607 5051 2780 5105 lumen
2811 5058 2982 5105 vultus
3027 5053 3127 5117 tui,
3163 5050 3394 5105 Domine
3427 5048 3585 5122 (Pstd.
3625 5047 3708 5110 Iv).
3733 5038 3762 5094 5

2297 5159 2428 5214 ergo
2462 5158 2654 5215 surgas
2683 5153 2740 5199 et
2769 5143 3110 5206 illumineris,
3143 5142 3348 5197 nullam
3377 5140 3588 5197 hahebis
3616 5145 3786 5191 esas-

2302 5236 2524 5299 tionem,
2549 5250 2672 5290 cum
2697 5232 2813 5303 jam
2845 5234 3027 5291 lumen
3059 5245 3211 5288 tuum
3241 5235 3475 5296 venerit,
3503 5239 3548 5286 et
3564 5229 3674 5298 jam
3693 5217 3780 5295 [iii

2302 5325 2516 5382 Domini
2566 5340 2730 5396 super
2765 5335 2818 5381 te
2858 5335 2975 5380 orta
3023 5325 3114 5379 sit.
3151 5324 3284 5391 Hoc,
3313 5323 3532 5386 fratres,
3553 5329 3724 5376 eorum

2304 5430 2408 5486 est,
2437 5421 2529 5490 qui
2570 5420 2622 5475 in
2652 5429 2897 5490 tempore
2925 5419 3114 5489 gratiae
3137 5432 3351 5483 sumus,
3398 5417 3586 5487 quibus
3601 5408 3716 5467 Cliti

2306 5512 2483 5566 lumen
2510 5519 2564 5565 et
2597 5510 2766 5580 gloria
2799 5509 3036 5574 Domini,
3069 5525 3168 5579 per
3193 5508 3357 5564 [idem
3378 5515 3524 5563 ortus
3541 5513 3644 5566 est.
3663 5509 3776 5565 di"

2311 5604 2381 5658 tia
2413 5602 2503 5657 Dei
2534 5613 2723 5674 parata
2757 5611 2862 5669 est,
2897 5603 2992 5672 sed
3026 5602 3390 5672 nosmetipsos
3416 5597 3760 5654 subtrahitis

2303 5694 2475 5766 gratia
2520 5695 2636 5760 Dei,
2664 5710 2786 5768 quae
2830 5695 2990 5749 nobis
3037 5694 3356 5758 oblata‘est,
3399 5707 3428 5746 a
3458 5689 3606 5747 nobis

2304 5787 2473 5854 nitur,
2514 5787 2638 5842 dum
2673 5804 2700 5841 a
2734 5795 3080 5856 peccatorum
3123 5793 3435 5844 nostrorum
3485 5779 3704 5839 tenebris

3750 4944 3804 5066 ᾖ

3750 5066 3804 5269 3

3679 5287 3804 5472 ﬁ

3777 5472 3804 5529 .J

3629 5544 3644 5566 ι
3663 5529 3764 5565 σε*

3631 5601 3760 5649 ἱηῦ

3629 5779 3704 5835 itii
