3814 6346
37 381 194 444 1729

771 384 1075 478 ΙΙΟΜΙιιΙᾷεΣ
1117 385 1182 440 ΙΝ
1211 385 1423 442 liPlST.
1464 379 1552 442 ET
1592 370 1633 432 Ε

1748 375 1847 436 NG.
1886 377 2184 444 DOMINIC.
2320 388 2496 445 PARS
2537 383 2578 447 l.

3197 397 3334 455 {.730

31 519 175 572 gere
209 518 318 558 non
356 516 628 558 curamus.
667 501 820 558 Unde
854 503 954 557 hoc
983 503 1127 574 quod
1161 504 1416 558 Dominus
1443 503 1514 557 ait
1543 500 1640 557 ,111-
1667 500 1714 560 A
1746 510 1928 556 autem
1977 503 2115 559 Deus
2143 505 2261 577 plus
2289 515 2512 576 apparet
2544 515 2732 576 potens
2759 519 2814 564 et
2843 509 3133 582 gloriosus,
3165 525 3330 586 atque

32 597 202 661 daeis,
227 595 383 650 nobis
412 610 554 650 nunc
581 593 685 650 dici
713 603 888 666 potest
913 613 927 650 :
967 596 1028 652 Si
1050 613 1150 650 non
1177 597 1423 651 venissem
1456 607 1500 650 et
1537 610 1640 650 non

32 688 262 741 locutus
297 687 370 741 eis
419 687 654 758 fuissem,
704 699 974 757 peccatum
1027 705 1128 742 non
1167 688 1434 742 haberent.
1484 687 1641 742 Nunc

31 795 175 847 ergo
201 780 588 832 excusationem
614 795 716 832 non
743 779 934 832 habent
989 780 1052 833 de
1091 792 1298 848 peccato
1327 798 1423 833 suo
1456 779 1638 851 (Joan.

33 877 168 943 xv).
200 873 337 928 Hinc
367 886 465 929 nos
492 882 671 928 monet
722 873 1000 942 apostolus
1029 872 1244 936 Paulus,
1273 871 1643 941 Contemplan-

35 975 150 1030 tes,
179 963 376 1034 inquit,
408 981 470 1019 ne
508 965 621 1034 quis
661 966 791 1019 desit
823 965 1008 1036 gratia:
1033 964 1126 1018 Dei
1145 964 1336 1036 (Hebr.
1367 966 1487 1034 sit).
1524 963 1638 1017 Non

33 1063 236 1110 autem
261 1057 334 1109 ait
363 1071 428 1110 ne
455 1057 650 1125 quibus
681 1056 840 1120 desit,
884 1056 1070 1110 sedne
1111 1055 1231 1125 quis
1271 1056 1408 1110 de~it
1453 1057 1640 1126 gratim

39 1146 173 1211 Dei,
201 1148 492 1202 ostendens
517 1147 661 1217 quod
691 1163 811 1201 cum
843 1147 1014 1217 gratia
1040 1148 1153 1211 Dei,
1177 1146 1462 1200 admodum
1489 1144 1638 1208 solis,

36 1239 312 1293 onsnlbus
347 1249 546 1308 praesto
574 1240 662 1301 sit,
701 1239 858 1294 nobis
891 1249 1067 1293 tamen
1097 1237 1421 1308 negligentia
1456 1247 1641 1292 nostra

38 1346 104 1385 se
139 1331 435 1394 subtrahit,
462 1331 586 1384 dum
615 1345 809 1385 sensus
846 1340 1082 1394 nostros,
1129 1331 1256 1385 dum
1282 1341 1492 1400 tempus
1517 1330 1640 1384 vitm

41 1432 278 1486 nostra},
307 1423 431 1477 dum
461 1438 546 1478 res
573 1423 899 1493 temporales
923 1423 989 1477 ad
1035 1424 1170 1478 bene
1201 1427 1512 1476 mel'ettaltttll
1546 1437 1641 1477 no-

43 1515 138 1569 bis
186 1514 418 1570 collatas
463 1529 493 1569 a
535 1515 670 1582 Deo,
720 1513 807 1570 vel
847 1515 1111 1570 inutiliter
1134 1515 1526 1580 consumimus,
1553 1512 1642 1569 vel

38 1604 223 1658 etiam
252 1605 544 1660 abutimur.

123 1702 392 1771 Sequitur
420 1718 546 1772 pars
577 1703 755 1770 tertia,
803 1705 856 1758 in
885 1721 988 1775 qua
1021 1703 1324 1760 ostenditur
1351 1722 1472 1776 qua:
1499 1703 1640 1760 mala

39 1804 359 1862 sequantur
400 1810 626 1865 surgere
672 1805 1126 1866 contemnentem,
1176 1814 1299 1852 cum
1347 1799 1637 1856 subditur:

1743 595 2102 660 admirabilis,
2128 611 2290 666 quam
2323 598 2373 650 in
2402 597 2506 652 hoc
2551 597 2697 669 quod
2744 598 2878 655 facit
2915 601 2983 658 de
3020 600 3220 674 injusto
3240 604 3333 678 ju-

1741 699 1910 747 stum.
1943 688 2008 742 de
2040 688 2242 742 carnali
2287 689 2646 757 spiritualem,
2697 693 2765 748 de
2793 693 3130 753 daemoniaco
3181 700 3323 754 divi-

1742 795 1895 844 num,
1927 780 2029 833 hoc
2048 788 2130 833 est
2157 780 2300 834 enim
2327 781 2561 849 spoliare
2593 782 2888 839 infernum.
2921 786 2989 841 Et
3013 788 3126 844 haec
3151 791 3328 861 gloria

1741 870 1872 936 Dei,
1934 873 2130 927 fratres
2166 873 2506 939 charissimi,
2537 875 2589 930 in
2627 877 2783 932 nobis
2807 879 3020 932 videtur
3041 920 3054 938 .
3082 886 3324 950 quando,

1741 979 1838 1034 per
1863 966 2194 1020 exteriorum
2225 980 2447 1035 eperum
2497 976 2806 1023 nostrorum
2838 971 3205 1037 sanctitatem,
3231 990 3331 1030 nos

1742 1055 1888 1110 intus
1937 1071 1966 1109 a
2020 1057 2127 1112 Deo
2156 1071 2280 1111 esse
2317 1057 2648 1112 illuminatos
2697 1059 3050 1114 demonstrat.
3083 1059 3326 1116 Tettium

1741 1155 1821 1202 est
1853 1148 1995 1217 quod
2022 1147 2366 1202 ambulabunt
2390 1161 2564 1219 gentes
2600 1149 2654 1204 in
2676 1149 3004 1217 luminetuo,
3031 1161 3080 1208 et
3109 1168 3254 1222 reges
3277 1153 3330 1206 in

1740 1236 2015 1304 splendore
2035 1249 2181 1292 ortus
2219 1240 2316 1293 tui.
2345 1238 2542 1296 Sancta
2580 1241 2724 1296 enim
2753 1243 2861 1296 vita
2883 1243 3036 1311 justi,
3060 1254 3137 1298 est
3170 1243 3329 1312 quasi

1745 1330 1831 1386 lux
1866 1331 1917 1386 in
1955 1332 2190 1387 tenebris
2227 1333 2384 1402 hujus
2429 1334 2636 1388 mundi.
2665 1335 2893 1402 Quando
2918 1351 3048 1408 ergo
3083 1337 3329 1405 exempla

1741 1432 2055 1479 sanctorum
2106 1424 2407 1493 sequimur,
2467 1427 2596 1495 quid
2631 1426 2774 1480 aliud
2816 1443 2980 1496 quam
3029 1426 3083 1480 in
3123 1429 3330 1482 lumine

1741 1529 1930 1570 eorum
1973 1513 2352 1570 ambulamus?
2391 1516 2457 1570 Et
2510 1517 2728 1586 quando
2772 1517 2968 1572 bottam
3015 1520 3330 1574 conversio-

1743 1622 1867 1662 nem
1906 1613 1960 1662 et
1995 1608 2466 1662 conversationem
2497 1609 2725 1690 a.lio:um
2775 1624 2877 1663 nos
2919 1609 3054 1663 lene
3095 1624 3254 1680 regen
3295 1627 3330 1665 o

1744 1699 2040 1765 imitamur,
2069 1700 2198 1772 quid
2235 1699 2380 1754 aliud
2407 1716 2569 1770 quam
2603 1716 2759 1771 reges
2785 1702 2837 1756 in
2865 1699 3152 1770 splendore
3178 1715 3333 1757 ortus

1743 1809 1931 1849 eorum
1971 1794 2282 1864 gradientes
2309 1792 2610 1848 ellicimur?
2638 1794 2718 1847 Ad
2749 1809 2910 1863 quem
2932 1795 3164 1866 quisque
3197 1795 3331 1850 tide-

43 1884 196 1948 Quia
230 1901 346 1938 ecce
373 1887 598 1940 tenewa
619 1889 851 1956 aperient
883 1901 1098 1952 terram,
1123 1899 1170 1942 et
1193 1889 1366 1960 caligo
1395 1889 1636 1959 papnlos.
1744 1887 1810 1943 lis
1837 1895 2100 1957 sequatur
2129 1888 2272 1942 Viam
2319 1886 2464 1941 vitae.
2509 1885 2663 1940 Unde
2695 1886 2953 1941 Dominus
2981 1903 2996 1940 :
3039 1885 3144 1941 Vos
3179 1888 3330 1951 estis,

39 1975 219 2042 Quasi
265 1977 468 2032 diceret
500 1995 513 2031 :
544 1978 718 2050 Surge
747 1980 856 2034 cito
905 1991 961 2036 et
1008 1981 1334 2044 illuminare,
1384 1981 1639 2062 quoniam

37 2073 155 2124 nisi
179 2072 294 2127 cito
321 2063 647 2137 surreiteris,
677 2074 915 2129 tenebris
961 2076 1247 2146 operieris.
1281 2075 1382 2142 Qui
1418 2085 1640 2145 opertus

38 2171 139 2218 est
181 2163 444 2228 tenebris,
487 2163 686 2219 fratres
733 2165 857 2233 mei,
909 2181 1014 2221 non
1061 2167 1229 2231 videt,
1277 2180 1374 2220 nec
1407 2167 1638 2223 videtur.
1675 2229 1682 2234 _

39 2253 253 2318 Porro,
301 2253 391 2322 qui
430 2253 511 2308 vel
553 2269 620 2309 ex
666 2253 999 2324 ignorantia,
1042 2255 1126 2311 vel
1170 2273 1236 2311 ex
1268 2255 1560 2328 fragilitate
1587 2259 1640 2314 in

35 2353 283 2414 peccato
321 2343 494 2414 jacet,
535 2355 591 2401 et
637 2348 682 2402 si
738 2346 851 2415 ipse
899 2349 1102 2406 mundo
1143 2350 1299 2404 oculo
1342 2350 1506 2405 Deum
1535 2367 1641 2406 non

40 2437 261 2500 videat,
296 2445 475 2492 tamen
501 2455 775 2510 nunquam
801 2457 830 2495 a
854 2440 964 2495 Deo
986 2457 1081 2512 per
1107 2442 1531 2498 misericordiam
1564 2444 1644 2498 vi-

37 2530 238 2583 detur.
272 2529 538 2586 Caeterum
567 2535 659 2602 qui
705 2548 772 2588 ex
812 2543 1126 2603 contemptu
1154 2545 1208 2590 et
1241 2535 1578 2590 contumacia
1611 2550 1642 2589 a

37 2627 284 2688 peccato
327 2636 425 2676 suo
467 2636 690 2693 surgere
737 2624 1054 2688 contemnit,
1089 2625 1339 2694 exigente
1381 2627 1644 2694 pravitate

39 2728 182 2777 sua,
209 2711 261 2767 in
287 2721 491 2768 tantum
521 2727 846 2781 esca'catur,
879 2727 938 2772 ut
967 2733 1066 2772 nec
1106 2717 1221 2786 ipse
1252 2717 1415 2771 Demn
1441 2718 1641 2782 videat,

38 2821 161 2860 nec
187 2821 222 2860 a
263 2805 373 2861 Deo
400 2823 498 2877 per
530 2808 959 2865 misericordiam
994 2811 1255 2866 videatur.
1296 2809 1436 2864 Sunt
1462 2820 1643 2864 autem

41 2898 146 2950 hae
197 2897 455 2962 tenebrae,
494 2914 615 2969 quae
649 2909 872 2967 terram,
913 2901 965 2955 id
991 2909 1074 2956 est
1101 2909 1372 2955 amatores
1404 2911 1644 2955 terreno-

43 3002 203 3052 rum,
234 2987 504 3058 operiunt,
532 2993 730 3047 mentis
759 2991 978 3048 caecitas
1009 3007 1076 3047 ex
1109 2993 1316 3047 diutina
1348 3003 1644 3047 consuetu-
1670 3030 1686 3047 .

41 3080 190 3135 dine
217 3081 421 3150 peccati
451 3092 576 3137 nata
602 3085 672 3138 ob
699 3099 860 3154 quant
897 3085 1113 3148 merito,
1147 3086 1393 3140 mittetur
1426 3101 1548 3139 reus
1590 3087 1643 3141 in

1744 1983 1939 2052 inquit,
1967 1981 2060 2034 (ua:
2083 1981 2267 2034 mundi
2295 1979 2514 2050 (Matth.
2551 1980 2624 2048 ν).
2655 1979 2808 2034 Sicut
2839 1979 2984 2034 enim
3011 1979 3166 2035 stella
3198 1995 3334 2047 prte-

1745 2073 1830 2128 via
1861 2073 2014 2128 duxit
2041 2081 2150 2126 tres
2198 2086 2354 2140 reges
2393 2071 2552 2125 hodie
2597 2081 2742 2125 recta
2771 2071 2855 2124 via
2886 2084 3059 2140 usque
3081 2071 3150 2125 ad
3177 2068 3335 2125 Chri-

1743 2174 1910 2229 stum,
1943 2165 2015 2219 ita
2047 2172 2360 2218 sanctorum
2395 2162 2522 2226 vita,
2552 2177 2672 2231 qua:
2719 2168 2802 2215 est
2849 2159 2902 2214 in
2952 2161 3054 2215 hoc
3108 2160 3334 2221 mundo,

1743 2258 1897 2328 quasi
1927 2256 2081 2314 stella
2113 2271 2212 2310 nos
2243 2254 2401 2324 regit,
2431 2262 2486 2308 et
2511 2253 2742 2308 aliorum
2787 2266 2942 2322 reges
2973 2250 3129 2312 facit,
3157 2259 3218 2306 ut
3239 2264 3330 2304 se-

1744 2359 1974 2421 quentes
2016 2363 2138 2404 eam
2186 2348 2254 2401 ad
2296 2344 2574 2401 Christum
2627 2345 3026 2414 perveniamus.
3086 2341 3153 2398 Et
3202 2339 3334 2411 quid

1743 2443 1872 2498 boni
1924 2457 1993 2497 ex
2041 2439 2345 2496 imitatione
2397 2439 2474 2492 tui
2527 2436 2759 2505 exempli
2816 2433 3129 2507 proveniet?
3179 2433 3334 2500 Quod

1745 2534 1899 2590 multi
1927 2533 1994 2588 ad
2027 2532 2363 2604 sequendum
2398 2542 2449 2586 te
2477 2537 2533 2585 et
2564 2528 2886 2584 imitandutn
2916 2526 3334 2596 congregaban-

1747 2637 1855 2683 tur.
1883 2626 2036 2681 Unde
2077 2625 2357 2694 sequitur:
2395 2623 2530 2677 Leva
2560 2622 2615 2674 in
2651 2621 2876 2675 circuitu
2913 2619 3093 2676 oculos
3129 2627 3248 2672 tuos
3285 2627 3333 2670 et

1745 2719 1882 2774 ride.
1909 2717 2104 2772 Omnes
2137 2715 2227 2770 isti
2255 2714 2576 2785 congregati,
2601 2712 2654 2766 in
2679 2727 2786 2767 una
2817 2711 2922 2768 lide
2949 2721 3004 2767 et
3039 2710 3333 2772 cltatitate.

1745 2821 1994 2884 uenerunt
2025 2810 2141 2877 tibi,
2179 2809 2282 2878 ﬁlii
2313 2809 2409 2872 tui,
2440 2821 2539 2876 per
2571 2804 2955 2867 imitationem,
2986 2803 3051 2856 de
3081 2801 3253 2872 longe,
3284 2802 3337 2858 id

1747 2913 1830 2958 est
1859 2902 1925 2958 de
1953 2899 2316 2957 remotissima
2347 2899 2454 2954 vita
2488 2897 2554 2952 ad
2601 2906 2650 2952 te
2678 2896 2906 2974 venient.
2939 2893 3007 2949 Et
3033 2893 3162 2963 ﬁlia:
3204 2903 3334 2958 ture,

1749 2995 1800 3050 id
1828 3003 1911 3050 est
1931 2991 2384 3065 itnperfectiorcs,
2411 2988 2498 3043 lac
2539 2998 2722 3056 sugent
2761 2986 2898 3056 (l7),
2933 2985 2984 3040 id
3011 2994 3097 3041 est
3127 2984 3332 3040 noctri-
3357 3005 3366 3013 ε

1748 3101 1871 3140 nam
1921 3099 2096 3140 suam.
2139 3083 2402 3151 Quartum
2430 3089 2518 3136 est
2549 3078 2690 3150 quod
2719 3087 2849 3134 tunc
2876 3077 3056 3132 omnis
3097 3075 3338 3131 Ecclesia

43 3171 317 3227 tenebras
347 3173 671 3230 exteriores.
717 3175 822 3231 Sed
854 3186 908 3230 et
940 3176 984 3231 si
1019 3177 1070 3232 in
1109 3177 1443 3232 amatoribus
1473 3187 1646 3231 terre—
1672 3201 1718 3265 ο
1751 3175 1958 3231 videbit
2006 3173 2286 3245 impletum
2320 3170 2464 3242 quod
2491 3169 2587 3224 tibi
2629 3167 2876 3238 put-dixi,
2923 3177 2982 3265 et.
3003 3164 3179 3265 aﬁlues
3210 3165 3339 3218 sub-

45 3276 285 3325 norum,
317 3263 494 3332 aliqua
523 3265 747 3321 rationis
772 3267 1063 3322 scintillula
1087 3268 1263 3323 adhuc
1296 3269 1641 3334 remanserit,

44 3353 238 3423 caligo
285 3354 606 3423 ignorantiae
654 3365 709 3411 et
758 3354 1124 3423 inﬁdelitatis,
1178 3357 1436 3428 paulatim
1497 3358 1643 3412 illam

45 3449 378 3515 excaecabit,
422 3458 480 3503 ut
507 3448 620 3520 jam
677 3467 781 3505 non
832 3450 1004 3506 solum
1057 3450 1224 3506 Deum
1271 3460 1644 3518 contemnant,

46 3541 156 3595 sed
181 3540 344 3594 etiam
389 3555 514 3596 eum
569 3557 687 3597 esse
738 3558 843 3596 non
887 3545 1132 3598 credant.
1166 3541 1380 3609 Notate,
1423 3544 1643 3608 fratres,

45 3641 250 3686 notate
275 3647 395 3701 quas
423 3635 565 3689 dico.
602 3633 786 3688 Primo
837 3635 982 3689 enim
1031 3635 1192 3689 homo
1231 3651 1294 3690 ex
1341 3635 1644 3708 ignorantia

45 3725 144 3778 vel
176 3741 244 3780 ex
272 3725 562 3797 fragilitate
612 3737 821 3798 peccat.
851 3727 961 3798 qui,
1005 3727 1049 3782 si
1086 3743 1312 3798 surgere
1350 3739 1405 3782 et
1447 3729 1645 3797 corrigi

45 3819 474 3888 contempserit,
495 3829 716 3889 peccata
733 3820 972 3890 peccatis
996 3819 1410 3886 accumulando,
1427 3823 1645 3876 tandem

47 3912 116 3964 in
149 3911 347 3966 mentis
373 3913 670 3966 cmcitatem
693 3914 856 3967 cadit.
883 3911 1087 3968 Deinde
1117 3911 1290 3984 caligo
1314 3913 1648 3970 infidelitatis

45 4017 187 4054 enim
221 4004 416 4072 operit,
463 4012 522 4058 ut
553 4003 722 4058 Dcmn
751 4020 872 4059 esse
897 4005 1008 4074 jam
1034 4004 1260 4069 dubitet,
1289 4014 1344 4060 et
1373 4020 1648 4060 resurrec-

49 4095 264 4148 tionem
296 4095 408 4149 sive
435 4105 736 4150 extremum
780 4093 1039 4162 judicium
1093 4095 1332 4150 futurum
1385 4111 1490 4150 nou
1522 4112 1646 4151 cre-

55 4190 171 4241 dat.
204 4186 351 4250 llmc,
382 4186 582 4242 fratres
614 4187 742 4248 mei,
770 4186 986 4240 assidue
1009 4194 1252 4257 pensate,
1280 4195 1333 4242 et
1357 4187 1423 4242 de
1451 4203 1642 4259 pecca-

60 4282 130 4333 tis
183 4280 378 4333 vestris
404 4293 630 4350 surgere
675 4276 950 4345 festinate,
983 4293 1052 4333 ne
1091 4289 1530 4346 contemnentes,
1559 4281 1642 4336 vel

61 4370 298 4426 tenebrae
340 4380 725 4441 peccatorum,
775 4367 859 4425 vel
914 4369 1089 4440 caligo
1137 4369 1469 4425 inﬁdelitatis
1517 4385 1646 4442 ope-

59 4463 190 4515 rint.

1749 3268 1876 3326 ditis
1902 3267 2046 3332 filiis,
2089 3278 2136 3321 et
2174 3283 2264 3322 cor
2313 3275 2460 3318 tuum
2504 3262 2784 3316 mirabitur
2831 3257 3256 3319 multitudinem,
3285 3265 3334 3310 et

1747 3360 2078 3426 dilatabitur,
2111 3375 2224 3430 prae
2249 3357 2464 3429 gaudio,
2493 3355 2705 3424 quando
2737 3367 2982 3407 conuersa
3010 3348 3167 3418 fuerit
3191 3349 3263 3400 ad
3290 3359 3338 3400 ω

1748 3453 2029 3508 multitudo
2059 3453 2245 3515 maris,
2289 3464 2385 3520 per
2422 3447 2606 3509 fidem,
2650 3445 2701 3498 id
2740 3454 2822 3498 est
2847 3441 3053 3502 mundi,
3081 3437 3337 3508 fortitudo

1747 3547 2000 3616 gentium,
2051 3545 2105 3600 id
2134 3552 2219 3599 est
2265 3555 2423 3612 reges
2463 3548 2520 3594 et
2573 3536 2846 3608 principes
2897 3539 3163 3588 venerunt
3219 3529 3336 3584 tibi.

1749 3639 2081 3701 Inunddtio,’
2102 3638 2153 3691 id
2179 3645 2259 3692 est
2287 3633 2642 3693 abundantia,
2689 3628 3034 3692 cantelorum,
3063 3625 3113 3678 id
3143 3633 3228 3680 est
3252 3622 3338 3676 di-

1749 3731 1921 3787 vitum
1952 3729 2110 3801 hujus
2135 3727 2343 3793 mundi,
2369 3724 2463 3796 qui
2493 3732 2620 3779 sunt
2650 3719 2857 3792 gibbnsi
2887 3717 3125 3788 peccatis
3154 3723 3212 3768 et
3239 3713 3290 3766 di
3302 3738 3328 3754 ο

1749 3824 1896 3879 vitiis
1933 3821 2170 3884 onerati,
2228 3819 2422 3885 operiet
2475 3825 2546 3878 te,
2603 3810 2956 3872 munerdms,
2989 3803 3336 3868 dromadarii,

1751 3916 1972 3971 Madian
2003 3925 2051 3968 et
2087 3912 2256 3982 Epita.
2307 3904 2690 3963 Dromedarins
2729 3902 2880 3956 velox
2926 3901 3339 3968 intrrpretatur,

1751 4008 1963 4063 Madian
1999 4006 2272 4075 iniquitas,
2325 4003 2464 4072 epha
2511 3996 2795 4053 resolutus.
2831 3993 2936 4050 Per
2962 3990 3339 4045 dromedarios

1749 4118 1878 4174 ergo
1901 4101 2108 4155 Madiau
2135 4108 2192 4153 et
2213 4097 2372 4166 epha,
2406 4092 2741 4163 significatur
2767 4085 3052 4142 conversio
3073 4082 3150 4137 vel
3187 4082 3336 4138 citam

1749 4195 1985 4266 ingenio,
2017 4191 2109 4262 qui
2141 4192 2208 4245 ab
2237 4188 2522 4259 iniquitate
2551 4184 2772 4240 resoluti
2809 4180 2877 4235 ad
2905 4177 3033 4234 Eccl
3069 4177 3207 4232 siam
3246 4190 3337 4266 ref

1749 4265 2054 4344 vertuntur.
2090 4282 2154 4338 Et
2183 4297 2289 4335 non
2329 4277 2502 4336 solum
2547 4277 2669 4346 ipsi,
2715 4272 2812 4328 sed
2865 4273 3028 4327 etiam
3060 4284 3257 4332 omnes,
3285 4265 3340 4321 id

1749 4392 1833 4438 est
1858 4377 2102 4434 monium
2131 4373 2408 4431 hominum
2434 4384 2654 4441 genera,
2681 4369 2746 4421 de
2772 4365 2934 4429 Saba,
2962 4363 3014 4418 id
3045 4371 3128 4417 est
3148 4361 3214 4414 de
3244 4373 3340 4413 ca-

1749 4471 2014 4542 ptivitate,
2044 4467 2242 4522 venient
2269 4465 2335 4520 ad
2363 4462 2555 4524 fidem;
2579 4474 2770 4514 aurmn
2800 4467 2847 4511 et
2878 4456 2999 4508 thus
3019 4453 3338 4542 deferentes,

132 4565 392 4635 Se'qnitnr
415 4581 540 4637 pars
561 4578 776 4638 quarta.
805 4568 858 4623 in
883 4584 990 4640 qua
1021 4570 1326 4625 ostenditur
1349 4585 1468 4640 qua:
1506 4571 1642 4626 bona
1676 4551 1722 4605 ι)
1752 4541 1804 4620 id
1830 4571 1914 4619 est
1944 4559 2266 4617 munditiam
2299 4565 2356 4612 et
2391 4554 2715 4615 orationem,
2762 4560 2807 4603 et
2845 4547 3058 4640 laudent
3089 4541 3327 4604 Domini,

54 4669 359 4726 sequantur
385 4669 720 4730 surgentem,
745 4668 867 4714 cum
890 4661 1140 4717 subditur
1169 4679 1184 4716 :
1217 4678 1374 4732 super
1401 4673 1450 4718 te
1472 4673 1643 4717 autem

54 4751 261 4802 orietur
287 4749 556 4815 Dominus,
591 4760 700 4807 etc.
728 4751 1142 4823 Distinguuntur
1175 4763 1361 4808 autem
1400 4754 1486 4810 hic
1508 4769 1646 4823 qua-

56 4849 183 4895 tnor
219 4839 375 4895 bona.
399 4841 647 4896 Primum
682 4852 766 4898 est
805 4844 949 4914 quod
977 4861 1134 4913 super
1158 4855 1206 4899 te
1234 4846 1436 4898 orietur
1463 4843 1648 4898 Domi-

47 4955 174 4992 nus.
207 4931 361 4992 Tunc
409 4937 610 4993 dicitur
652 4939 796 4995 Deus
826 4940 958 4995 oriri
993 4939 1044 4994 iu
1099 4940 1276 5007 uoltis,
1325 4955 1449 4996 cum
1493 4955 1648 4994 amor

41 5029 174 5099 cjns
213 5027 388 5082 oritur
419 5029 470 5083 in
503 5029 675 5086 nobis.
719 5030 780 5084 Et
811 5040 1031 5090 ecoutm
1071 5030 1216 5087 Deus
1263 5041 1390 5086 tunc
1421 5029 1649 5084 moritur

41 5128 99 5178 in
143 5121 330 5188 nobis,
377 5137 497 5178 cum
548 5138 705 5178 amor
749 5123 870 5194 ejus
917 5124 1145 5194 moritur
1177 5123 1232 5178 in
1267 5125 1440 5178 nobis.
1484 5123 1644 5193 Ergo,

39 5217 284 5277 fratres,
330 5213 497 5282 magis
543 5230 605 5268 ac
635 5215 808 5286 magis
843 5214 1011 5268 Deum
1068 5214 1377 5284 diligamus,
1427 5224 1489 5266 ut
1533 5213 1648 5282 ipse

36 5306 234 5377 magis
265 5319 329 5358 ac
363 5306 535 5376 magis
564 5307 774 5360 oriatur
823 5307 875 5359 in
907 5307 1080 5361 nobis.
1113 5306 1342 5376 Semper
1373 5321 1496 5360 eum
1526 5305 1649 5359 dili—

31 5412 275 5474 gamus,
309 5408 367 5452 ut
410 5414 626 5468 semper
651 5415 774 5452 eum
820 5400 1001 5452 vivum
1049 5398 1100 5452 in
1145 5397 1301 5453 nobis
1331 5397 1646 5452 habeamus.

29 5489 370 5548 Secundum
400 5490 644 5558 estquod
677 5489 842 5560 gloria
869 5489 983 5560 ejus
1011 5490 1063 5543 in
1095 5499 1144 5542 te
1178 5489 1450 5544 videbitur.
1481 5489 1648 5546 Porro

27 5582 228 5657 gloria
275 5580 368 5634 Dei
402 5582 454 5635 in
487 5581 642 5636 nobis
680 5581 913 5646 videtur,
959 5597 1082 5636 cum
1126 5581 1176 5634 in
1208 5580 1292 5636 his
1335 5596 1457 5651 quae
1507 5579 1648 5636 Deus

26 5683 320 5748 operatur
347 5673 396 5726 in
428 5673 603 5738 nobis,
643 5671 909 5742 gloriosus
951 5672 1377 5728 demonstratur.
1416 5671 1470 5728 In
1498 5673 1646 5728 nullo

115 5810 242 5882 (Π)
287 5805 440 5880 Vulg.
479 5809 543 5862 de
572 5809 733 5862 latere
766 5815 992 5877 surgent.

1729 4649 1805 4712 'id
1835 4663 1918 4710 est
1936 4668 2098 4724 Opera
2127 4651 2246 4708 Filii
2290 4651 2346 4706 in
2377 4649 2575 4719 quibus
2621 4643 2874 4697 laudatur
2911 4637 3091 4699 Pater,
3125 4647 3340 4687 annun-

1749 4751 1966 4814 tiantes,
1988 4758 2044 4802 et
2076 4745 2197 4801 aliis
2245 4742 2625 4815 prmdicantes.
2661 4735 2806 4798 llaec,
2839 4731 3040 4784 fratres
3069 4726 3194 4790 mei,
3227 4739 3336 4778 nou

1750 4841 1926 4900 solum
1971 4837 2363 4907 Spiritualiter,
2419 4833 2514 4886 sed
2565 4829 2731 4884 etiam
2772 4819 3129 4880 historialiter
3175 4815 3338 4872 hodie

1753 4933 1974 5004 impleta
2031 4941 2175 4987 sunt.
2228 4929 2360 4982 Nam
2409 4934 2519 4979 tres
2565 4936 2740 4992 reges,
2785 4920 2840 4972 in
2870 4914 3156 4986 splendore
3183 4920 3338 4966 ortus

1751 5030 1961 5086 Domini
1985 5027 2285 5088 venientes,
2310 5035 2500 5076 aurum
2521 5027 2574 5073 et
2599 5025 2724 5072 thus
2750 5011 2975 5069 Domino
2993 5006 3332 5068 obtulerunt,

1748 5137 1846 5192 per
1883 5136 2076 5174 aurum
2127 5132 2249 5172 eum
2307 5128 2522 5184 regem,
2558 5120 2610 5164 et
2641 5123 2736 5178 per
2777 5107 2902 5160 thus
2933 5115 3118 5156 verum
3163 5097 3333 5152 Deum

1753 5222 2133 5286 protestantes,
2184 5220 2238 5263 et
2289 5215 2414 5276 per
2451 5203 2759 5272 adiunctam
2807 5193 3083 5286 myrrham
3114 5197 3336 5286 -morta-

1751 5281 1855 5360 lem
1888 5305 2183 5375 signantes.
2215 5299 2362 5368 Quos
2391 5310 2487 5350 nos
2522 5305 2759 5367 quoqt1e,
2787 5286 3008 5350 fratres,
3037 5281 3336 5375 imitantes,

1751 5411 1875 5452 eum
1907 5372 2092 5447 verum
2119 5405 2322 5460 regem,
2355 5403 2540 5442 verum
2587 5383 2780 5446 Deum,
2819 5383 3008 5432 verum
3055 5372 3331 5429 hominem

1731 5485 2144 5549 confiteantur;
2179 5490 2231 5537 ct
2261 5481 2310 5535 ei
2338 5476 2616 5533 moraliter
2647 5469 2966 5540 munditiam
2989 5465 3212 5529 mentis,
3238 5461 3336 5515 de-

1753 5580 2029 5636 votionem
2059 5574 2347 5638 orationis,
2393 5567 2865 5626 mortificationem
2911 5559 3096 5616 carnis
3135 5561 3336 5611 nostris

1751 5670 2066 5746 offeramus,
2086 5671 2354 5739 quatenus
2384 5665 2454 5721 ab
2491 5678 2560 5722 eo
2579 5661 2771 5734 reeipi,
2809 5666 2863 5714 et
2891 5665 3096 5714 reterns
3117 5647 3338 5707 benedic
