3820 6312
588 313 719 369 Πδι

1550 302 1894 360 ΑῡῡΕΝυΛ.
1934 333 2002 343 -
2044 302 2180 359 ιιΑο

2290 299 2391 358 rut
2426 299 2778 356 ARDENTIS
3638 318 3721 373 ηε,

584 439 737 482 ttone
791 421 1037 480 benedici
1074 433 1400 483 mereamur,
1436 419 1525 489 qui
1568 434 1689 473 cum
1747 418 1907 472 Patre
1944 428 1999 471 et
2044 416 2170 488 Spi—
2195 427 2243 484 Α
2271 416 2419 487 regio
2450 414 2609 481 lecto,
2640 423 2697 467 et
2725 411 2986 482 quaeritur
3005 407 3259 464 Christus
3285 407 3336 462 in
3365 416 3588 484 przescpio.
3614 422 3717 493 εριιι.

590 520 695 573 ritu
719 526 911 572 saneto
942 514 1072 569 vivit
1099 521 1151 568 ct
1180 522 1369 582 regnat
1400 510 1562 565 Dens.
1600 511 1793 565 Amctt.

1140 600 1420 659 HOMILIA
1454 597 1611 656 XVII.

1126 708 1175 746 IN
1202 707 1289 746 DIE
1318 701 1639 745 ΕΡΙΡῊΔΝΙᾹΞ.

659 784 791 843 Cum
818 796 973 840 natus
1004 795 1131 839 esset
1151 783 1305 836 Jesus
1333 783 1385 836 in
1412 782 1707 836 Bethlehem
1731 780 1887 836 Iuda
1908 780 1964 835 in
1992 781 2173 837 diebus

596 878 823 932 Herodis
856 878 1007 947 regis,
1039 893 1152 930 ecce
1182 874 1326 946 Magi
1359 875 1423 928 ab
1458 874 1673 929 Oriente
1702 886 1949 928 venerunt
1980 871 2173 928 Hiero-

504 1002 507 1007 -
591 968 867 1040 iolgmam,
890 969 1121 1021 dicentes
1182 965 1399 1038 (Matth.
1460 979 1535 1031 tt,
1566 968 1722 1036 ctc.).
1766 964 1953 1020 Lectio
1998 966 2172 1020 sancti

594 1061 888 1130 Evangelii,
916 1075 1077 1130 quam
1122 1059 1281 1113 modo
1304 1059 1537 1113 audistis
1564 1100 1578 1123 ,
1625 1060 1815 1113 fratres
1843 1058 2172 1123 charissimi,

594 1150 815 1221 exponit
842 1150 997 1204 nobis
1028 1148 1312 1203 historiam
1341 1149 1617 1204 hodiernae
1638 1150 2015 1203 solemnitatis.
2043 1149 2176 1204 Por-

595 1257 656 1296 ro
699 1242 859 1310 hujus
915 1239 1163 1294 lectionis
1219 1248 1400 1307 partes
1447 1250 1575 1293 sunt
1621 1239 1880 1310 quinque.
1908 1239 1965 1293 ln
2000 1242 2172 1309 prima

593 1332 830 1385 ostendit
881 1330 1040 1385 nobis
1086 1330 1375 1384 adventum
1405 1328 1683 1400 Magorum
1740 1329 1792 1383 itt
1854 1329 2175 1397 Jerusalem,

595 1439 719 1479 cum
750 1422 948 1477 dicitur
977 1440 990 1476 :
1031 1422 1161 1475 Cum
1194 1433 1347 1476 natus
1367 1432 1495 1476 esset
1523 1420 1703 1486 Iesus,
1733 1433 1837 1477 etc.
1864 1422 2177 1478 Ostenditur

595 1525 778 1568 autem
812 1513 898 1567 hic
931 1511 1043 1581 qui,
1076 1520 1131 1565 et
1166 1512 1401 1582 quando,
1442 1520 1495 1567 et
1541 1512 1704 1576 unde,
1754 1520 1811 1566 et
1860 1526 1967 1582 quo
2017 1527 2179 1568 vene-

593 1616 740 1660 runt.
770 1604 910 1671 Qui?
948 1604 1107 1674 Magi.
1130 1603 1246 1658 Non
1272 1612 1455 1658 autem
1486 1604 1616 1659 dicti
1647 1613 1772 1658 sunt
1793 1604 2001 1676 hiMagi
2024 1604 2177 1672 quasi

514 1730 515 1735 η
597 1696 848 1762 tnaletici,
881 1696 973 1751 sed
1005 1695 1161 1767 quasi
1196 1695 1493 1765 sapientes.
1534 1695 1667 1750 Nam
1709 1710 1843 1767 quos
1876 1711 1973 1751 nos
2003 1696 2180 1767 philo-

2276 509 2423 563 nitur
2451 506 2747 561 Archelaus
2791 502 3067 557 involutus
3092 500 3297 561 sericis.
3327 508 3379 553 et
3404 508 3604 571 quatitur
3621 514 3720 569 Ειῃξι

2276 606 2395 653 stus
2450 596 2722 650 involutus
2764 592 2965 647 vilibus
3018 590 3234 661 pannis.
3294 580 3524 649 Personas
3560 603 3721 671 accipere

2276 685 2536 741 nesciunt
2578 685 2669 755 qui
2701 683 2850 738 illum
2901 675 2993 754 qui
3045 695 3305 752 personas
3350 697 3444 737 non
3467 691 3721 761 accepitqu.

2278 787 2423 833 runt.
2457 778 2567 832 Nos
2598 792 2833 849 quoque,
2866 773 3065 831 fratres
3115 773 3436 841 charissimi,
3472 779 3718 853 siChristum,

2278 871 2369 942 qui
2399 887 2503 926 non
2529 869 2731 941 accipit
2782 883 3069 940 personas,
3100 868 3408 938 quaerimus,
3450 886 3640 939 personas
3659 896 3721 934 om,

2278 960 2635 1032 accipiamus.
2683 960 2799 1017 Non
2830 963 3161 1017 honoremus
3185 969 3452 1030 potentem
3468 963 3523 1018 ob
3546 979 3651 1021 suam
3669 990 3724 1040 ρ...

2282 1054 2530 1122 tentiam,
2562 1070 2661 1109 nec
2683 1062 3099 1110 contemnamus
3134 1065 3421 1120 pauperem
3447 1052 3503 1107 ob
3522 1071 3631 1111 suam
3648 1076 3724 1128 pan.

2280 1154 2565 1214 pertatem.
2596 1143 2870 1213 Scriptum
2908 1142 3108 1213 quippe
3131 1151 3216 1196 est
3241 1159 3255 1197 :
3288 1139 3407 1195 Non
3428 1145 3644 1213 conlaudas
3658 1155 3724 1203 nl-

2279 1248 2389 1291 tum
2419 1237 2684 1308 pauperis,
2703 1253 2793 1290 nec
2825 1237 3044 1290 honores
3067 1237 3483 1303 vultumpoteutis
3502 1237 3726 1305 (Lernam.

2282 1329 2350 1385 Et
2394 1329 2520 1384 alibi
2565 1347 2579 1385 ε
2615 1326 2891 1400 Usquequo
2935 1328 3190 1396 judicatis
3237 1328 3603 1397 iniquitatem,et
3634 1337 3729 1403 [arm

2280 1434 2610 1492 peccatorum
2626 1423 2833 1475 sumitis
2852 1420 3028 1493 (Psal.
3054 1418 3267 1490 unt),
3297 1436 3363 1474 ac
3385 1420 3428 1473 si
3455 1421 3600 1476 dicat:
3623 1426 3731 1482 illllili:

2282 1508 2622 1583 iniquitatem
2640 1512 2917 1583 judicatis,
2956 1513 3099 1583 quod
3142 1512 3312 1567 facies
3342 1522 3627 1580 peccatorum
3649 1522 3733 1572 acci-

2282 1605 2480 1677 piendo
2500 1606 2803 1661 honoratis.
2846 1605 2958 1660 Nos
2980 1622 3102 1676 ergo
3132 1607 3189 1659 in
3225 1606 3529 1673 suscepto»:
3548 1607 3733 1675 hominum,

2285 1713 2390 1753 non
2414 1712 2707 1767 pensemus
2739 1699 3125 1763 conditionem,
3171 1697 3270 1753 sed
3316 1706 3558 1761 naturam.
3595 1717 3736 1771 noupe

596 1790 817 1860 snpbos,
866 1788 1104 1843 Chaldaei
1156 1788 1426 1859 appellant
1483 1803 1692 1857 magos.
1745 1788 1970 1855 Quando
2021 1800 2183 1843 vene-
2213 1779 2256 1833 Β
2285 1790 2537 1854 tentiam,
2577 1790 2671 1845 sed
2717 1790 2997 1855 virtutem,
3048 1804 3156 1844 non
3209 1797 3469 1858 quantum
3510 1790 3735 1853 liabetll,b¢-l

598 1884 761 1939 runt?
799 1882 931 1938 Cum
958 1894 1112 1937 natus
1138 1892 1267 1937 esset
1291 1882 1446 1937 Iesus
1481 1884 1533 1936 in
1561 1883 1741 1937 diebus
1768 1882 1995 1937 Herodis
2022 1885 2177 1952 regis.

594 1978 654 2030 lu
700 1992 807 2046 quo
852 1986 908 2030 et
956 1975 1109 2043 illud,
1162 1975 1382 2042 fratres,
1439 1975 1596 2031 nobis
1644 1975 1984 2041 insinuatur,
2037 1977 2183 2045 quod

596 2068 818 2138 quando
857 2067 1121 2128 llerodes.
1146 2066 1197 2121 id
1229 2076 1313 2120 est
1338 2063 1603 2131 diabolus,
1646 2065 1699 2119 in
1731 2064 1833 2119 hoc
1861 2065 2060 2121 mundo
2091 2081 2181 2121 re-

600 2159 828 2226 gnabat,
869 2156 1116 2212 Chrisms
1145 2167 1304 2210 natus
1334 2164 1438 2209 est.
1489 2153 1808 2209 Possideluat
1837 2156 2034 2225 quippe
2073 2153 2185 2210 for-

598 2253 669 2305 tis
695 2260 940 2306 armatus
966 2248 1161 2305 atrium
1200 2263 1354 2303 suum
1390 2249 1444 2303 in
1476 2262 1633 2317 pace,
1657 2248 1749 2302 sed
1775 2248 1970 2302 fortior
2001 2262 2066 2302 eo
2094 2261 2185 2301 stt-

597 2343 916 2415 perveniens
938 2342 1208 2407 Christus,
1248 2339 1692 2412 coepitpaulatitn
1730 2356 1854 2395 vasa
1886 2338 2002 2408 ejus
2052 2340 2185 2395 diri-

532 2470 533 2473 η
597 2450 725 2505 pere
755 2432 907 2505 (Luc.
934 2432 1036 2503 ιι),
1066 2430 1142 2485 ita
1185 2438 1244 2485 ut
1275 2430 1388 2501 ipse
1425 2439 1606 2495 nocte,
1642 2445 1749 2501 qua
1782 2439 1942 2485 natus
1976 2438 2083 2496 est,
2114 2429 2183 2485 ad

596 2542 657 2582 se
706 2524 935 2581 traxerit
960 2530 1231 2594 pastores.
1270 2520 1427 2576 tertia
1457 2520 1667 2576 decima
1708 2536 1838 2576 vero
1868 2522 1971 2583 die.
2003 2521 2052 2575 id
2099 2529 2184 2577 est

599 2614 783 2680 hodie,
812 2613 880 2669 ad
925 2627 984 2669 se
1032 2609 1322 2666 adduxerit
1366 2618 1477 2665 tres
1520 2624 1676 2680 reges
1721 2609 1872 2673 illos,
1914 2607 2184 2681 primitias

596 2707 906 2763 Judtcorum
932 2745 949 2772 ,
1006 2704 1139 2759 istos
1185 2701 1452 2774 primitias
1485 2702 1750 2772 gentium,
1779 2701 1904 2755 illos
1927 2702 1993 2755 de
2018 2714 2184 2771 prope

597 2799 751 2869 q-tusi
786 2797 1062 2868 proximos
1076 2794 1185 2849 Deo
1207 2809 1304 2864 per
1324 2793 1615 2858 culturam,
1633 2792 1764 2848 istos
1791 2792 1859 2847 de
1888 2790 2182 2862 longinquo

599 2888 757 2958 quasi
814 2894 1063 2957 remotos
1105 2900 1133 2938 a
1168 2884 1278 2939 Deo
1312 2898 1408 2955 per
1455 2884 1838 2939 idololatriam.
1886 2883 2013 2938 Illos
2067 2894 2183 2937 tan-

502 2998 510 3006 ο
597 2994 762 3049 quant
803 2977 1092 3031 rationales
1124 2977 1335 3030 vocavit
1380 2992 1477 3048 per
1506 2976 1822 3032 rationalem
1847 2985 2193 3041 creaturam,

600 3073 734 3126 istos
765 3079 1019 3138 tanquam
1056 3070 1399 3125 irrationales
1429 3069 1642 3124 vocavit
1686 3082 1783 3138 per
1812 3068 2181 3123 irrationalcm

538 3190 541 3191 ν
601 3127 931 3222 creaturam,
966 3157 1016 3212 id
1046 3167 1130 3212 est
1175 3173 1269 3227 per
1307 3157 1540 3213 stellam.
1589 3127 1741 3212 Unde
1787 3166 2073 3224 venerunt,
2116 3158 2182 3212 ab
2212 3127 2255 3183 δ

603 3249 838 3305 Oriente.
883 3249 990 3304 Sed
1049 3249 1341 3318 quomodo,
1408 3249 1625 3315 fratres,
1684 3249 1961 3306 Christum
2022 3252 2184 3308 modo
2240 3274 2243 3277 ν

604 3350 787 3396 natum
839 3341 890 3394 in
931 3351 1041 3395 tam
1078 3342 1303 3395 remotis
1335 3343 1645 3412 regionibus
1675 3345 1817 3399 scire
1863 3344 2187 3413 potuerunt?

603 3436 678 3488 llli
704 3433 795 3506 qui
824 3447 990 3503 prope
1026 3442 1204 3500 erant,
1237 3432 1580 3504 ignorabant.
1611 3434 1678 3489 Et
1720 3435 1797 3490 illi
1835 3437 1927 3507 qtti
1961 3447 2065 3491 tam
2102 3452 2187 3493 re-

605 3529 736 3584 moti
769 3536 948 3594 erant,
981 3528 1249 3595 quomodo
1280 3527 1565 3581 sciebant?
1606 3529 1740 3596 Quis
1779 3530 1862 3585 eis
1891 3530 2185 3585 indicavit?

604 3619 789 3673 Stella.
823 3619 886 3673 Et
909 3618 1118 3673 stellam
1151 3618 1252 3673 hoc
1294 3619 1607 3689 significare
1650 3624 1772 3692 quis
1800 3624 1880 3678 eis
1907 3624 2185 3694 significa—

562 3738 563 3741 η
603 3709 721 3763 vit?
752 3707 867 3763 Non
910 3723 1038 3763 caro
1086 3717 1139 3761 et
1174 3708 1414 3778 sanguis,
1467 3713 1560 3764 scd
1591 3709 1754 3767 Pater
1778 3712 2038 3768 caelestis.
2067 3714 2182 3772 Non

554 3844 557 3849 ,
602 3802 839 3855 humana
870 3799 1032 3864 ratio,
1061 3800 1155 3853 sed
1186 3800 1420 3869 Spit-itus
1454 3804 1694 3859 caelestis
1729 3805 2035 3876 inspiratio.
2080 3807 2186 3863 Sed

602 3890 877 3971 quomodo
916 3890 983 3943 de
1014 3889 1307 3960 longinquo
1356 3901 1464 3945 tam
1495 3892 1605 3949 cito
1657 3898 1961 3951 venerunt?
2007 3898 2191 3953 Potuit

602 3997 743 4047 esse,
781 3980 1001 4048 fratres,
1032 3992 1157 4035 ante
1186 3992 1365 4037 ortum
1396 3983 1598 4039 Christi
1627 3987 1839 4041 stellam
1866 4004 1963 4057 per
1985 3989 2191 4058 aliquot

562 4120 563 4123 η
603 4073 723 4128 dies
752 4072 1070 4143 apparuisse
1100 4072 1203 4139 eis,
1231 4084 1285 4128 et
1324 4089 1418 4128 eos
1452 4084 1579 4130 tunc
1610 4077 1712 4131 iter
1737 4081 1984 4148 coepisse.
2024 4081 2114 4134 Vel
2145 4082 2189 4135 si

608 4164 663 4217 in
687 4165 863 4233 primo
888 4172 1009 4218 ortu
1032 4162 1231 4219 Christi
1263 4166 1532 4235 apparuit,
1557 4181 1651 4221 eos
1679 4168 1907 4223 Domino
1937 4170 2187 4235 ducente,

609 4257 663 4309 in
698 4256 1014 4310 cursoribus
1057 4256 1416 4313 drontedariis
1465 4259 1683 4329 longum
1716 4261 1820 4315 iter
1864 4262 1973 4317 cito
2000 4278 2193 4332 pervo-

610 4345 914 4413 lasse.Quo
959 4347 1264 4400 venerunt?
1312 4346 1716 4419 Jerosolymam.
1752 4349 1819 4407 Ut
1866 4354 2029 4422 regali
2062 4354 2195 4407 civi-

614 4450 721 4494 tate
748 4440 979 4509 regalent
1014 4452 1323 4510 qttznrerettt
1353 4444 1646 4508 lttcredem,
1680 4444 1910 4499 Domino
1941 4449 2020 4499 sic
2045 4445 2194 4500 ordi-
2225 4482 2270 4540 ο
2304 4465 2581 4520 menses,”
2612 4464 2864 4523 tempora,
2882 4465 2930 4508 et
2956 4470 3145 4507 atinas.
3182 4452 3363 4506 Timeo
3385 4470 3445 4506 ne
3463 4452 3578 4521 forte
3594 4448 3768 4503 sineres.

613 4540 793 4594 nante,
830 4539 889 4585 ut
910 4531 1069 4586 iidem
1096 4532 1353 4589 audirent
1376 4531 1547 4604 legem
1584 4532 1752 4588 stella:
1773 4547 2112 4590 consonante
2139 4535 2192 4590 in

568 4656 571 4659 -
612 4624 1225 4690 Clu-isti'teStimonium,
1261 4628 1410 4682 utita
1444 4629 1495 4681 in
1527 4643 1622 4682 ore
1648 4627 1877 4683 duorum
1913 4628 1997 4685 vel
2023 4630 2193 4684 trium

616 4717 831 4771 testium
856 4726 1027 4771 staret
1066 4733 1225 4771 omne
1256 4718 1476 4771 verbum
1509 4718 1688 4789 (Deut.
1712 4719 1850 4790 xu).

688 4808 944 4879 Sequitur
990 4825 1119 4880 pars
1163 4812 1397 4863 secunda
1453 4811 1740 4863 continens
1788 4811 2193 4882 inquisitionem

615 4900 890 4971 Magorum
919 4900 1211 4955 dicentium
1241 4917 1254 4952 :
1290 4898 1386 4952 Ubi
1408 4910 1481 4953 est
1511 4900 1599 4970 qui
1621 4911 1772 4954 natus
1793 4912 1866 4956 est
1890 4920 1981 4958 rex
2005 4903 2195 4959 Iuda?-

584 4994 807 5053 .orum?
855 4992 993 5059 Quid
1040 5002 1124 5048 est
1180 4992 1305 5056 hoc,
1338 4991 1569 5047 fratres?
1619 4992 1860 5073 Gentiles
1917 5007 2091 5052 erant.
2128 4996 2197 5053 Et

615 5105 787 5159 quare
836 5088 1052 5160 regibus
1092 5087 1333 5159 gentium
1383 5087 1598 5159 spretis,
1646 5104 1824 5161 regem
1879 5093 2200 5163 quaerebant

614 5179 958 5235 J‘ttdmorumi
1008 5176 1105 5233 Vel
1162 5178 1207 5232 si
1259 5193 1436 5251 regem
1484 5179 1788 5238 Jttdaorum
1839 5185 2152 5255 qtta'rebant
2180 5223 2196 5250 ,

617 5283 814 5339 quare,
846 5269 1111 5324 Herodem
1153 5267 1399 5337 filiosque
1443 5269 1561 5339 ejus
1600 5273 2054 5328 contemnebant?
2081 5274 2196 5329 Non

621 5365 746 5425 hoc,
779 5360 1000 5426 fratres,
1039 5376 1145 5416 non
1177 5362 1277 5416 hoc
1313 5362 1507 5418 intuitu
1541 5365 1792 5422 humanm
1822 5366 2069 5435 rationis,
2102 5367 2198 5423 sed

593 5454 976 5526 -tlispositione
1009 5453 1325 5510 Divinitatis
1354 5465 1561 5525 gestum
1597 5466 1701 5513 est.
1747 5456 2034 5529 Spernitur
2090 5462 2197 5515 Ar-

617 5544 843 5600 chelaus
886 5542 1031 5600 filius
1080 5544 1247 5615 regis,
1289 5554 1344 5599 et
1378 5546 1645 5616 qureritur
1689 5546 1834 5604 filius
1858 5550 2200 5621 paupercula:

596 5637 884 5692 «mulieris.
918 5636 1209 5709 Spernitur
1246 5636 1544 5693 Archelaus
1575 5639 1628 5693 in
1656 5640 1877 5711 palatio,
1908 5652 1963 5698 et
2002 5637 2201 5714 quteri-

622 5742 703 5787 tur
729 5731 975 5787 Christus
1006 5731 1058 5787 in
1111 5730 1431 5787 diversorio.
1486 5730 1774 5800 Spernitur
1804 5736 2105 5794 Archelaus
2147 5738 2198 5797 in

2266 4746 2269 4747 ν
2300 4726 2468 4796 guriis
2493 4724 2802 4789 intendunt,
2822 4722 3042 4777 cumlex
3071 4722 3168 4776 ista
3193 4723 3493 4792 prohibeat,
3506 4720 3668 4773 dicens:
3690 4708 3766 4766 Nec

2268 4836 2271 4837 '
2299 4816 2664 4887 auspicemini,
2688 4831 2847 4885 neque
2869 4804 3767 4884 auguriisintendatis(Ladmbﬂ-L

2286 1892 2549 1953 quantum
2578 1882 2778 1937 valent.
2820 1881 3101 1949 Quomodo
3139 1892 3320 1935 autem
3360 1881 3522 1935 sciunt
3543 1897 3671 1952 regem
3694 1884 3739 1936 lu-

2285 1973 2526 2028 dtcorum
2575 1989 2695 2029 esse
2743 1984 2957 2038 natum,
3002 1974 3300 2029 ostendunt
3349 1964 3502 2042 Magi,
3549 1990 3636 2028 cum
3666 1979 3739 2028 sui-

2287 2066 2421 2123 dunt
2452 2083 2467 2120 :
2500 2060 2741 2121 Vidimus
2766 2066 2902 2120 enim
2934 2064 3139 2119 stellam
3165 2062 3282 2134 ejus
3314 2064 3372 2117 in
3396 2062 3594 2127 Oriente,
3614 2070 3740 2118 atteni-

2288 2170 2405 2212 ntus
2441 2159 2666 2213 adorare
2695 2174 2833 2213 eum.
2866 2156 2975 2212 Nos
3022 2156 3181 2227 positi
3233 2157 3285 2211 in
3337 2156 3565 2220 Oriente,
3600 2157 3741 2212 vidium

2288 2248 2498 2303 stellam
2526 2249 2666 2319 ejus,
2700 2264 2819 2318 quae
2851 2264 2949 2303 nos
2992 2248 3325 2302 antecedens
3354 2246 3419 2301 ad
3448 2262 3556 2302 eum
3589 2249 3739 2303 adluat.

2289 2340 2539 2407 Stellam,
2568 2338 2840 2411 inquiunt,
2865 2340 3004 2411 ejus,
3032 2341 3137 2397 hoc
3158 2350 3245 2394 est
3272 2354 3407 2410 opus
3420 2339 3525 2409 ejus
3548 2342 3742 2395 ministrae

2289 2432 2427 2502 ejus,
2454 2432 2871 2504 significativam
2904 2433 3041 2503 ejus.
3062 2428 3299 2494 Cavete,
3332 2431 3543 2497 fratres,
3567 2436 3743 2487 carum

2291 2528 2376 2583 eis
2405 2527 2495 2598 qui
2527 2529 2866 2583 mentiuntur
2888 2568 2904 2592 ,
2928 2528 3074 2598 quod
3102 2527 3325 2597 quando
3352 2527 3558 2597 quisque
3576 2530 3745 2587 nascitur,

2290 2620 2445 2677 stella
2464 2636 2558 2675 sua
2574 2636 2759 2675 secum
2786 2621 3052 2685 nascitur,
3068 2634 3190 2688 quae
3204 2618 3406 2673 factum
3426 2618 3744 2686 CjtllCOltSlllttll,

2290 2719 2567 2766 sumentes
2582 2710 2635 2765 in
2652 2712 2855 2765 erroris
2867 2710 2948 2764 sui
2975 2717 3380 2780 argumentum,
3394 2709 3523 2777 quod
3534 2710 3604 2764 hic
3613 2711 3747 2769 dicitur,

2288 2802 2497 2857 stellam
2522 2798 2659 2872 ejus.
2683 2802 2790 2857 Sed
2816 2818 2939 2857 cum
2966 2802 3054 2859 hic
3074 2797 3324 2873 legamus
3350 2805 3481 2875 quod
3510 2822 3596 2861 non
3612 2807 3749 2874 possit

2289 2891 2629 2959 stellam,sed
2649 2888 2802 2946 stella
2826 2896 2891 2946 ad
2916 2906 3141 2961 puerum
3156 2894 3751 2963 cucurrit,(sidicitlel.~e:.u,

2292 2998 2397 3040 non
2423 2984 2576 3039 stella
2596 2983 2765 3039 fatum
2788 2984 2963 3056 pueri,
2987 2986 3081 3041 sed
3110 2985 3278 3041 fatum
3299 2987 3458 3041 stellre
3476 3001 3587 3057 puer
3598 2984 3753 3040 luitSet
3778 3006 3779 3025 ι

2290 3076 2431 3133 absit
2458 3092 2487 3130 a
2523 3076 2757 3131 fidelium
2801 3076 3079 3143 cordibus,
3124 3079 3271 3148 quod
3306 3093 3424 3132 esse
3465 3078 3631 3147 aliquid
3653 3076 3757 3129 fauo

2293 3164 2507 3224 dicant!
2534 3166 2711 3224 Vitam
2743 3169 2889 3224 enim
2921 3168 3203 3224 hominum
3226 3170 3371 3224 solus
3394 3171 3475 3239 qui
3494 3179 3631 3229 creat,
3650 3170 3757 3220 aim-

2293 3262 2508 3317 nistrat.
2530 3262 2751 3324 Cavete,
2772 3259 2992 3328 fratres,
3008 3261 3367 3315 nihilominus
3394 3262 3456 3314 ab
3477 3264 3543 3316 eis
3568 3262 3639 3328 qui
3657 3276 3757 3310 uuam

2292 3352 2484 3410 horam
2508 3352 2693 3408 dicunt
2722 3352 3079 3415 fortunatam,
3100 3353 3264 3407 aliam
3291 3352 3779 3415 infortunatammtlazo

2293 3446 2436 3503 diem
2486 3446 2704 3512 bonam,
2742 3445 2902 3500 aliam
2950 3444 3150 3500 malam
3192 3454 3443 3515 putantes
3486 3462 3509 3497 a
3547 3446 3617 3499 die
3649 3444 3779 3513 telis;

2292 3538 2452 3605 liora,
2472 3540 2643 3608 inqua
2674 3536 2873 3608 aliquid
2905 3534 2983 3599 lit,
3010 3553 3233 3594 causam
3265 3538 3563 3593 contrahere
3584 3536 3761 3589 advenas

2294 3630 2400 3687 sui.
2431 3631 2587 3698 Quod
2619 3630 2814 3685 falsum
2844 3645 2967 3685 esse
3007 3631 3134 3685 inde
3182 3633 3461 3702 probum,
3489 3630 3693 3700 quoniam
3709 3616 3779 3680 uel

2295 3722 2416 3776 dem
2456 3722 2585 3776 hora
2609 3719 2778 3776 Jacob
2797 3730 2851 3775 et
2881 3717 3023 3776 Esau
3055 3722 3307 3792 concepti
3339 3731 3393 3777 et
3419 3722 3520 3776 ttati
3543 3729 3644 3775 sunt
3667 3716 3779 3792 (Cum

2294 3814 2506 3885 xxv),ct
2532 3824 2710 3867 tamen
2738 3829 2876 3868 unus
2900 3815 3124 3883 probus,
3140 3814 3281 3868 alter
3303 3809 3779 3881 reprobusfuittﬁosd

2298 3907 2399 3975 ιι).
2428 3904 2575 3959 Multi
2621 3919 2836 3975 quoque
2879 3906 3069 3959 eadem
3095 3905 3229 3960 hora
3257 3905 3614 3974 concipiuntur,
3641 3912 3681 3955 et

2300 4015 2421 4053 tuen
2455 4013 2642 4052 corum
2672 3998 2757 4049 alii
2792 3997 3003 4061 divites,
3054 3996 3146 4050 alii
3185 4012 3469 4065 pauperes,
3503 3994 3573 4049 alii
3596 3994 3762 4049 subtiles.

2299 4090 2387 4143 alii
2421 4090 2664 4153 hebetes,
2694 4090 2783 4143 alii
2818 4088 2965 4153 boni,
2992 4089 3231 4143 aliimali
3253 4099 3401 4143 sunt.
3435 4087 3617 4140 Multiet
3642 4084 3764 4137 eriles

2301 4180 2432 4235 hora
2469 4180 2550 4234 vel
2584 4180 2705 4243 iter,
2738 4178 2819 4233 vel
2853 4194 3111 4248 pugnant,
3136 4175 3221 4231 vel
3251 4194 3472 4233 causam
3499 4176 3712 4245 incipiunt,
3736 4182 3763 4221 ει

2302 4282 2480 4327 tamen
2532 4271 2618 4326 his
2659 4268 2898 4325 succedit
2944 4269 3101 4333 bene,
3144 4269 3251 4323 illis
3290 4269 3445 4324 male.
3470 4268 3629 4323 Contra
3647 4272 3779 4333 autem

2300 4378 2393 4417 eos
2445 4362 2682 4432 loquitur
2729 4358 3019 4431 Apostolus
3052 4375 3066 4415 :
3102 4358 3246 4426 Dies,
3282 4361 3473 4430 inquit,
3506 4357 3715 4413 observatis
3740 4360 3766 4401 ά

2297 4563 2356 4600 sa
2393 4546 2737 4600 laboraverim
2774 4546 2827 4597 in
2873 4545 3015 4598 vobis
3058 4541 3203 4614 (Gal.
3233 4544 3334 4608 tv).
3383 4544 3563 4596 Cavete
3593 4541 3763 4615 etiam»

2300 4636 2425 4699 illis,
2459 4635 2673 4699 fratres,
2699 4635 2788 4704 qui
2821 4630 3686 4695 divinationibus,obviationibusct
3708 4639 3767 4675 se

2299 4907 2478 4977 xtttt).
2527 4907 2725 4962 Cavete
2759 4920 2973 4978 quoque
3005 4904 3073 4959 ab
3101 4904 3206 4959 illis
3251 4906 3344 4975 qui
3373 4905 3547 4959 dicunt
3580 4898 3763 4971 quos-lus

2297 5001 2469 5056 oculis
2511 5000 2814 5066 urentibus,
2871 4999 3007 5054 alios
3066 4996 3379 5062 fascinare;
3422 4996 3645 5051 fascinum
3673 4990 3763 5042 es!“

2300 5092 2431 5147 nihil
2471 5102 2574 5149 est.
2608 5092 2713 5147 Sed
2744 5092 2980 5163 quodam
3027 5091 3248 5146 homine
3300 5087 3463 5145 alium
3493 5087 3674 5145 vidente.
3690 5080 3765 5133 έῖιν

2300 5184 2453 5239 holus
2484 5183 2602 5238 viso
2632 5197 2830 5237 nocere
2859 5182 3014 5242 solet.
3047 5192 3107 5235 ut
3134 5182 3215 5237 sic
3259 5188 3469 5243 noceat,
3502 5188 3553 5233 et
3577 5175 3649 5239 illi,
3664 5185 3759 5239 tu

2302 5273 2477 5328 reddit
2528 5272 2803 5338 infament,
2857 5282 2912 5326 et
2964 5270 3079 5338 isti,
3125 5287 3290 5341 quem
3336 5270 3461 5325 facit
3494 5269 3759 5331 demum

2304 5365 2451 5433 Quos
2472 5380 2664 5420 omnes
2704 5364 2948 5433 increpat
2976 5362 3266 5417 Psalntista
3300 5362 3480 5418 dicens
3511 5380 3524 5415 :
3551 5350 3759 5412 Filii”

2302 5474 2447 5521 num,
2475 5472 2740 5527 usquequo
2760 5456 2905 5525 gravi
2926 5456 3103 5518 corde,
3120 5465 3175 5507 ut
3197 5456 3324 5526 quid
3352 5455 3557 5525 diligitis
3582 5450 3757 5504 suam

2301 5560 2348 5604 et
2373 5550 2605 5622 quaeritis
2628 5548 2957 5604 mendacium
2975 5547 3185 5615 ?(Psal.
3211 5554 3311 5619 tv.)
3331 5548 3519 5603 Etalibi
3539 5542 3751 5600 :Butlwi»

2304 5644 2496 5713 inquit,
2550 5640 2702 5713 cujus
2750 5653 2823 5696 est
2866 5657 3052 5695 nomen
3102 5639 3315 5694 Domini
3355 5658 3463 5711 spes
3507 5640 3757 5707 quasi!"

2305 5737 2524 5804 respexit
2555 5736 2609 5790 in
2637 5735 2890 5791 vanitates
2921 5744 2966 5800 et
3008 5733 3248 5811 insanias
3277 5734 3437 5803 falsas
3464 5730 3612 5802 (Pani.
3632 5732 3753 5777 um:-

3768 5839 3780 5880 l
