3820 6312
159 352 276 410 1755

813 341 1117 399 llOMlLUE
1146 331 1216 397 IN
1237 337 1460 398 El’iST.
1498 341 1590 398 ET
1630 343 1887 402 EV’ANG.
1925 341 2227 401 DOMINIC.
2261 369 2332 381 ο--
2365 341 2544 398 PARS
2575 343 2616 397 Ι.

3235 348 3255 405 ί
3266 347 3384 404 734·

215 469 440 537 sequitur
463 471 582 530 pars
612 457 789 520 tertia,
819 471 941 526 qua:
958 455 1430 525 perturbationem
1455 465 1510 510 et
1535 455 1679 511 frau-
1709 459 1756 516 Α
1788 455 2072 512 thesauros
2093 451 2368 524 aperiunt,
2391 452 2644 510 offerunt.
2659 453 2716 510 In
2742 469 2871 527 quo,
2895 457 3046 529 quid,
3076 467 3132 516 et
3154 474 3262 531 quo
3281 479 3372 517 or-

149 560 388 616 dulentam
417 546 633 605 Herodis
660 546 1064 616 inquisitionem
1109 545 1370 612 ostendit,
1400 562 1522 602 cum
1551 547 1682 603 sub-

149 653 309 708 ditur:
333 641 553 701 Audiens
589 648 765 692 autem
809 635 1047 692 Herodes
1093 654 1184 692 rea:
1224 638 1467 694 turbatus
1492 648 1591 704 est,
1631 647 1681 694 et

148 739 290 795 omnis
311 731 623 801 Jerosolyma
675 744 792 783 cum
819 727 931 784 illo.
982 727 1256 784 Turbatus
1299 740 1383 788 est
1439 730 1680 787 Herodes

148 834 316 886 timens
339 835 712 883 successorem.
763 817 985 874 Turbati
1032 828 1160 874 sunt
1205 819 1287 876 sui
1316 829 1542 890 propter
1565 819 1680 888 ejus

145 923 372 976 favorem.
425 911 640 967 Turbati
683 918 809 965 sunt
862 909 954 965 alii
1000 916 1223 979 propter
1268 909 1386 979 ejus
1446 909 1680 965 rumoris

143 1009 420 1064 novitatem.
449 1001 688 1071 lnquisiti
717 1009 903 1055 autem
938 1001 1006 1056 ab
1044 999 1256 1054 Herode
1280 999 1524 1068 magistri
1545 999 1678 1071 legis

144 1096 468 1157 testimonium
498 1095 564 1149 de
587 1093 701 1148 loco
730 1091 1031 1148 nativitatis
1057 1091 1259 1148 Christi
1287 1089 1596 1162 proferunt,
1621 1099 1679 1146 ut

137 1192 204 1246 eis
236 1188 376 1243 fieret
403 1186 453 1240 in
503 1183 872 1239 testimonium
919 1182 1312 1248 damnationis,
1353 1191 1410 1238 et
1440 1181 1674 1237 nobisin

137 1279 424 1349 adiutorium
474 1276 615 1330 fidei.
667 1275 733 1330 Et
769 1275 860 1344 qui
904 1290 1001 1346 per
1039 1275 1161 1340 bus,
1195 1273 1394 1330 fratres
1419 1273 1548 1338 mei,
1571 1272 1675 1328 nisi

134 1373 264 1440 pravi
293 1372 534 1426 doctores
568 1369 952 1440 designantur,
999 1367 1091 1440 qui
1135 1368 1340 1433 dicunt,
1370 1377 1425 1423 et
1453 1381 1561 1422 non
1595 1366 1679 1421 fa-

133 1465 280 1528 ciunt,
314 1473 367 1518 et
399 1461 521 1516 aliis
557 1471 806 1532 prosunt,
859 1471 916 1517 et
970 1461 1076 1517 sibi
1123 1461 1355 1528 obsunt;
1404 1459 1497 1532 qui
1550 1469 1678 1516 sunt

130 1565 355 1624 umquam
397 1569 472 1608 ms
501 1568 702 1610 sonans
737 1563 794 1609 et
835 1552 1144 1626 cymbalum
1187 1553 1422 1608 tinniens
1451 1551 1505 1627 (I
1545 1550 1669 1609 Cor.

127 1647 250 1716 xm),
275 1645 410 1715 quod
458 1645 594 1700 alios
627 1646 760 1701 citat
798 1657 852 1701 et
901 1647 1139 1717 seipsum
1184 1655 1533 1717 conquassat.
1567 1645 1673 1714 Qui

78 1777 82 1792 ε
122 1745 230 1792 sunt
261 1745 506 1805 tanquam
543 1736 787 1801 candela,
830 1751 948 1804 quae
991 1736 1127 1792 alios
1158 1735 1475 1803 illuminat,
1508 1745 1564 1791 et
1588 1752 1676 1792 se-

125 1829 275 1895 ipsutn
315 1824 596 1880 annihilat.
645 1824 880 1880 Herodes
919 1843 1066 1891 vero,
1096 1827 1186 1898 qni
1207 1828 1378 1880 locum
1405 1837 1452 1881 et
1470 1837 1673 1896 tempus

119 1916 294 1971 Cltristi
342 1917 451 1971 nati
496 1917 775 1988 diligenter
825 1919 1119 1990 inquirens,
1179 1917 1440 1974 malitiam
1491 1920 1674 1976 cordis

115 2010 274 2064 colore
299 2007 538 2078 depingit
577 2009 920 2065 humilitatis.
948 2010 1111 2078 Quid,
1159 2009 1356 2067 fratres
1382 2012 1512 2080 mei,
1544 2012 1673 2082 quid

114 2101 203 2156 nisi
231 2101 533 2172 hypocritas
575 2101 842 2172 designat,
879 2103 972 2173 qui
1008 2105 1172 2159 verba
1221 2105 1466 2161 veritatis
1496 2105 1673 2176 inqui-

115 2200 223 2245 runt
244 2199 296 2246 et
317 2191 559 2258 laudant,
583 2201 640 2247 et
667 2203 844 2249 tamen
867 2193 1148 2250 Christum
1189 2195 1241 2251 in
1270 2196 1384 2250 suis
1410 2196 1662 2266 pauperi-

111 2283 198 2338 bus
215 2285 396 2352 corde,
439 2296 495 2343 et
541 2288 758 2358 quando
792 2298 1046 2360 possunt,
1077 2305 1243 2362 opere
1271 2291 1528 2364 persequi
1559 2307 1668 2348 non
1726 2339 1728 2342 .

106 2392 275 2433 cessau
282 2389 319 2433 ι.

165 2467 412 2538 Sequitur
432 2485 563 2541 pars
593 2481 810 2542 quarta,
855 2487 974 2544 qum
1005 2489 1103 2544 per
1136 2473 1449 2531 ductionem
1480 2473 1670 2546 Mago-

105 2574 206 2612 rum
233 2573 326 2628 per
352 2561 569 2618 stellam
621 2561 688 2616 ad
738 2562 1014 2618 Christum
1065 2565 1490 2630 demonstratur,
1541 2580 1666 2620 cum

100 2652 329 2707 subditur
373 2667 390 2707 :
443 2653 553 2719 Qui
601 2671 720 2709 cum
765 2657 1035 2710 audissent
1077 2673 1268 2726 regem,
1303 2657 1567 2712 abierunt.
1599 2655 1666 2712 Et

95 2759 198 2797 me
218 2743 386 2808 stelta,
417 2753 529 2800 etc.
563 2743 756 2811 Stella,
783 2744 1003 2811 fratres,
1032 2746 1136 2801 ista
1163 2761 1282 2815 qua:
1311 2745 1495 2818 Magos
1524 2761 1666 2816 prte-

95 2834 240 2890 t-essit
259 2844 314 2890 et
335 2834 403 2889 ad
424 2835 712 2892 Christum
752 2836 1023 2907 perduxit,
1069 2837 1196 2907 quid
1227 2836 1371 2892 aliud
1397 2838 1669 2910 significat

91 2941 238 2995 quam
268 2927 508 2998 gratiam
538 2926 658 2994 Dei,
683 2943 804 2998 quae
832 2944 953 2993 nos,
986 2935 1042 2983 ut
1067 2929 1134 2983 ad
1157 2928 1438 2985 Christum
1470 2945 1668 3001 perve-

91 3019 308 3085 niamus,
341 3017 613 3089 praecedit
673 3028 730 3075 et
787 3019 975 3074 ducit?
1023 3019 1179 3076 Sicut
1227 3021 1372 3076 enim
1433 3021 1520 3076 isti
1568 3036 1667 3077 nec

86 3109 213 3162 viam
241 3109 583 3181 inciperent,
613 3125 714 3166 nec
755 3111 1102 3183 perlicerent,
1151 3112 1260 3168 nisi
1302 3127 1331 3167 a
1375 3114 1486 3169 Deo
1516 3113 1663 3170 ducti

85 3214 170 3266 per
194 3200 431 3266 stellam,
468 3202 545 3257 ita
571 3217 675 3258 nos
702 3216 802 3258 nec
843 3201 980 3258 bene
1023 3202 1181 3271 velle,
1213 3219 1314 3262 nec
1342 3206 1540 3260 bonam
1569 3220 1666 3261 vo.

83 3290 327 3348 tuntatem
386 3295 664 3364 perllcere
709 3293 976 3360 valemus,
1019 3295 1122 3350 nisi
1153 3296 1521 3367 prteveniente
1569 3297 1664 3353 Dei

79 3383 240 3451 gratia
289 3395 345 3440 et
389 3385 788 3456 subsequente.
844 3387 996 3444 Unde
1037 3388 1376 3458 Apostolus:
1428 3387 1552 3444 Non
1587 3400 1663 3446 est

77 3475 300 3539 roleutis,
343 3477 557 3546 inquit,
592 3476 752 3544 velle,
781 3494 942 3549 neque
986 3479 1250 3535 currentis
1284 3495 1533 3546 currere,
1569 3483 1664 3538 sed

79 3569 378 3623 miserentis
411 3568 515 3624 Dei
552 3567 738 3639 (Rom.
776 3570 876 3638 ts).
919 3569 1090 3625 Porro
1118 3571 1261 3627 sicut
1299 3573 1451 3628 stella
1481 3573 1664 3645 Magos

71 3658 131 3709 ad
180 3657 462 3715 Herodem
521 3659 866 3716 declinantes
919 3662 1194 3726 deseruit,
1249 3671 1305 3718 et
1347 3663 1665 3719 recedentes

72 3747 433 3816 reilluminat,
471 3750 575 3815 ita,
632 3750 852 3816 fratres,
891 3753 1116 3821 quando
1151 3753 1220 3807 ad
1263 3753 1468 3808 malum
1498 3754 1663 3810 decli-

65 3855 272 3908 namus,
307 3843 502 3914 gratia
539 3843 635 3898 Dei
666 3857 772 3898 non
799 3842 1006 3899 deserit
1035 3860 1154 3912 nos,
1185 3845 1297 3900 imo
1323 3861 1424 3902 nos
1451 3846 1663 3902 deseri-

65 3947 175 3986 ttttls
198 3948 344 3989 eam.
381 3935 628 4000 Quando
659 3951 788 3992 vero
818 3952 848 3990 a
895 3937 1040 3992 malo
1089 3939 1394 3994 recedimus
1429 3954 1526 4009 per
1553 3955 1662 4009 pm-
1689 3956 1702 3970 ·

60 4027 369 4096 uitentiam,
419 4031 608 4102 gratia
654 4029 750 4087 Dei
786 4046 885 4087 nos
925 4031 1275 4087 reillumiuat.
1310 4031 1478 4088 Stella
1509 4044 1663 4088 ante-

58 4119 278 4174 cedebat
309 4120 535 4192 Magos,
569 4123 742 4178 donec
787 4124 998 4178 veniens
1023 4135 1184 4180 staret
1215 4141 1376 4195 supra
1420 4127 1508 4180 ubi
1548 4136 1662 4180 erat

50 4226 207 4277 puer;
228 4221 287 4266 et
337 4213 533 4285 gratia
575 4212 670 4268 Dei
717 4213 990 4269 antecedit
1017 4229 1137 4283 nos,
1161 4231 1443 4287 usquequo
1480 4219 1662 4272 venia-

50 4319 163 4357 mus
211 4305 284 4359 ad
335 4305 660 4372 Christum,
710 4305 800 4376 qui
849 4314 935 4361 est
961 4305 1084 4362 finis
1115 4307 1181 4363 ad
1207 4308 1476 4379 justitiam
1505 4310 1655 4364 omni

46 4396 283 4452 credenti
317 4396 514 4468 (Rom.
551 4397 630 4468 ι),
687 4397 828 4452 ultra
872 4413 1037 4468 quam
1090 4415 1196 4456 non
1231 4410 1315 4456 est
1357 4401 1659 4472 proceden-

1783 545 1912 601 dine
1959 545 2142 602 facere
2189 545 2504 609 debeamus,
2543 547 2856 602 ostendunt.
2910 549 3116 621 Itaque,
3149 551 3370 620 fratres,

1779 645 1910 691 ante
1937 634 2277 704 maiestatem
2313 635 2405 690 Dei
2435 636 2804 707 procidamus,
2831 637 2884 692 id
2907 643 2990 696 est
3017 650 3260 698 nostram
3281 658 3372 699 su-

1783 729 2026 796 perbiam
2085 729 2458 794 humiliantes,
2516 744 2612 786 nos
2657 740 2974 800 peccatores
3023 732 3270 790 infirmos
3317 746 3372 790 et

1781 819 2030 892 indignos
2053 823 2429 878 conﬁteamur.
2461 822 2783 885 Adoremus,
2811 824 2860 878 id
2884 833 2968 879 est
2994 824 3161 880 Deum
3192 839 3373 883 aucto-

1781 926 1896 966 rem
1951 921 2008 968 et
2055 913 2343 970 Dominum
2393 922 2637 969 nostrum
2697 929 3171 986 recognoscamus.
3229 921 3372 975 Thc-

1779 1015 1974 1056 sanros
2001 1003 2182 1059 cordis
2227 1004 2398 1059 nostri
2445 1019 2542 1074 per
2589 1003 2986 1061 confessionem
3039 1007 3368 1078 aperiamus,

1779 1093 1920 1146 mala
1973 1104 2157 1150 nostra
2191 1095 2347 1151 nobis
2377 1096 2726 1166 ascrihentes,
2755 1107 2810 1152 et
2853 1098 2898 1153 si
2945 1099 3073 1170 quid
3120 1101 3244 1155 boni
3285 1102 3371 1155 vel

1783 1182 1941 1250 pretii
1985 1183 2280 1240 habeamus
2317 1186 2371 1240 in
2411 1187 2588 1252 nobis,
2617 1187 2727 1243 Deo
2771 1190 3135 1248 attribuentes
3159 1203 3212 1247 et
3236 1193 3372 1248 olfe-

1781 1283 1982 1329 reutes.
2013 1273 2179 1331 Porro
2211 1276 2352 1333 trino
2392 1277 2535 1334 dono
2559 1279 2760 1334 trinum
2801 1282 3149 1351 confitentes,
3177 1301 3369 1340 aurum

1777 1362 2014 1419 oﬂ‘erunt
2044 1367 2176 1438 regi,
2212 1368 2339 1423 thus
2371 1368 2504 1433 Deo,
2546 1374 2850 1441 myrrham,
2879 1373 3249 1444 quajcorpora
3277 1376 3370 1430 deo

1779 1453 1962 1509 funt-ta
1991 1456 2346 1522 condiuntur,
2379 1459 2614 1514 mortali.
2639 1458 2748 1516 Nos
2770 1477 2984 1532 quoque
3009 1463 3208 1520 fratres
3237 1466 3365 1528 mei,

1777 1547 2024 1602 eamdem
2071 1547 2400 1604 oﬂerendam
2429 1551 2478 1606 ei
2522 1551 2837 1621 offeramus,
2890 1565 2945 1611 et
2998 1571 3122 1612 eum
3174 1574 3367 1612 verunt

1781 1653 1984 1708 regem,
2022 1655 2214 1696 verum
2267 1643 2463 1710 Deum,
2495 1658 2682 1699 verum
2715 1647 2988 1702 hominem
3035 1651 3202 1706 corde
3241 1667 3366 1706 cre-

1780 1729 1992 1799 damus,
2027 1741 2080 1786 et
2102 1748 2197 1788 ore
2217 1733 2596 1799 conflteamur,
2634 1746 2798 1807 atque
2826 1739 3084 1806 operibus
3110 1757 3363 1811 comproo

1705 1805 1748 1864 Β
1777 1821 1984 1878 bemus.
2011 1821 2289 1880 Moraliter
2310 1825 2495 1887 etiam,
2520 1825 2740 1892 fratres,
2765 1843 2957 1885 aurum
2986 1831 3037 1885 ei
3057 1830 3364 1900 offerimus,

1776 1912 1822 1966 si
1860 1913 1910 1968 ei
1941 1930 2037 1970 cor
2065 1925 2311 1972 nostrum
2343 1923 2604 1973 mundum
2635 1929 2693 1975 et
2715 1935 2912 1990 purum
2941 1925 3366 1982 sanctificantus.

1777 2005 1926 2062 Thus
1961 2008 2009 2063 ei
2041 2009 2339 2076 offerimus,
2392 2011 2437 2065 si
2494 2027 2642 2081 pura:
2693 2013 2960 2070 orationis
2999 2017 3191 2085 odore,
3239 2033 3365 2072 eum

1779 2098 2139 2155 dclectamus.
2193 2100 2347 2156 Unde
2399 2101 2746 2158 Psalmista:
2807 2103 3115 2177 Dirigatur,
3170 2107 3368 2177 inquit,

1776 2191 1944 2246 oratio
1959 2209 2073 2246 mea
2091 2194 2505 2249 sicutineensum
2526 2195 2582 2249 in
2610 2208 2886 2267 conspectu
2909 2210 3000 2253 tuo
3029 2198 3203 2270 (Psal.
3220 2202 3368 2274 cn).

1774 2280 2049 2354 Myrrham
2079 2284 2126 2339 ei
2158 2284 2461 2350 oll'erimus,
2491 2287 2711 2358 quando
2741 2287 2844 2343 hoc
2877 2290 3110 2346 mortale
3157 2306 3363 2362 corpus

1772 2388 1804 2429 a
1837 2375 2066 2432 luxurias
2099 2377 2383 2447 putredine
2419 2394 2518 2450 per
2564 2379 2971 2445 condimentum
3013 2381 3368 2440 continentia:

1773 2467 2128 2522 custodimus.
2154 2454 2292 2536 Quid
2309 2469 2454 2524 enim
2486 2469 2630 2525 aliud
2653 2477 2739 2525 est
2764 2486 2861 2541 per
2882 2471 3111 2526 luxuria:
3137 2471 3366 2528 fetorem

1772 2575 1972 2629 corpus
2010 2558 2269 2624 deﬂuere,
2316 2576 2481 2631 quam
2533 2561 2706 2633 ipsum
2740 2565 3092 2630 putrescere?
3131 2564 3267 2620 Hinc
3297 2569 3367 2620 de

1772 2651 2094 2722 quihusdam
2151 2668 2248 2722 per
2283 2654 2602 2724 prephetam
2650 2655 2889 2710 dicitur:
2932 2653 3256 2710 Putruerunt
3303 2667 3360 2710 ut

1763 2739 2010 2811 jumenta
2037 2742 2091 2794 in
2139 2753 2366 2798 stercore
2411 2742 2552 2813 (Joel
2583 2745 2644 2810 t).
2693 2743 2765 2798 Ne
2795 2759 2926 2816 ergo
2953 2759 3053 2816 per
3090 2746 3361 2802 luxuriant
3388 2799 3395 2808 ,

1771 2840 2053 2900 putrescat
2078 2847 2297 2905 corpus,
2339 2834 2469 2890 illud
2498 2836 2720 2905 myrrha
2765 2835 3109 2892 abstinentia:
3140 2840 3366 2894 condia-

1843 3011 2104 3086 chuitur
2131 3032 2258 3088 pars
2295 3028 2472 3083 sexta,
2521 3019 2571 3072 in
2603 3034 2706 3089 qua
2736 3021 3044 3076 ostenditur
3068 3021 3276 3096 Magos,
3303 3027 3363 3083 in

1771 3105 1978 3160 somnis
2019 3109 2272 3172 monitos,
2317 3123 2416 3179 per
2458 3109 2619 3164 aliam
2653 3111 2795 3167 viam
2842 3113 3070 3171 rediisse
3103 3118 3154 3172 in
3185 3120 3366 3191 regio-

1771 3211 1894 3253 nem
1945 3214 2121 3255 suam.
2171 3199 2278 3256 Nos
2321 3217 2551 3272 quoque.
2608 3202 2827 3270 fratres,
2865 3205 3059 3264 borum
3089 3211 3361 3281 exemplo,

1765 3291 1984 3362 cognito
2009 3290 2160 3356 Jesu,
2202 3294 2268 3347 ad
2303 3293 2578 3350 caelestem
2615 3297 2868 3366 patriam,
2920 3315 3026 3355 non
3069 3316 3166 3371 per
3217 3305 3362 3360 viam

1765 3397 1870 3451 qua
1894 3383 2291 3451 descendimus,
2323 3386 2415 3440 sed
2448 3402 2531 3456 pet
2577 3387 2736 3441 aliam
2781 3401 3159 3459 revertamur;
3209 3409 3238 3448 a
3271 3409 3360 3450 re-

1765 3471 1928 3542 gione
1955 3473 2097 3528 enim
2130 3485 2312 3530 nostra
2353 3477 2737 3546 superbiendo,
2782 3481 3012 3536 visibilis
3062 3488 3361 3556 sequendo,

1763 3569 1944 3624 cibum
1977 3572 2202 3626 vetitum
2246 3574 2531 3643 gnstando,
2584 3587 2801 3644 peccata
2835 3587 3016 3631 nostra
3049 3585 3360 3638 excusando

1765 3659 2131 3715 discessimus.
2180 3661 2245 3714 Et
2274 3661 2478 3715 adeam
2510 3679 2732 3719 necesse
2757 3673 2840 3720 est
2865 3678 2920 3720 nt
2944 3683 3039 3722 nos
3063 3669 3356 3725 humilian-

1763 3750 1856 3814 do,
1913 3751 2236 3819 obediemlo,
2297 3753 2528 3807 visibilia
2588 3756 3002 3822 contemnendo,
3054 3761 3352 3828 appetitum

1762 3840 1942 3894 carnis
1975 3840 2322 3908 refrenando,
2371 3852 2588 3911 peccata
2620 3853 2801 3898 nostra
2832 3849 3138 3902 accusando
3161 3850 3356 3904 redea-

1763 3945 1904 3985 mus.
1953 3931 1995 3985 Α
2028 3931 2258 4001 paradisi
2307 3932 2516 4001 gaudiis
2542 3948 2639 4002 per
2661 3933 3056 3993 delectamenta
3099 3941 3354 3995 discessi-

1766 4034 1928 4084 mus;
1971 4020 2039 4074 ad
2073 4022 2186 4075 huc
2224 4037 2318 4091 per
2345 4022 2580 4077 lamenta
2623 4034 2840 4094 oportet
2902 4036 2961 4081 ut
3004 4043 3348 4086 revocemur.

1764 4107 2032 4179 Scriptum
2066 4113 2262 4182 quippe
2283 4124 2404 4167 est:
2440 4113 2591 4168 Beati
2624 4117 2714 4186 qui
2749 4117 2923 4187 lugent
2953 4121 3202 4188 quoniam
3251 4123 3352 4192 irsi

1762 4202 2176 4256 consolabuntur
2206 4204 2423 4270 (Matth.
2454 4203 2634 4277 v).Vtv
2674 4210 2814 4262 vobis
2835 4211 2926 4280 qui
2983 4211 3183 4277 ridetis,
3226 4215 3350 4282 quia

1760 4291 2039 4364 lugebitis!
2068 4295 2222 4365 (Luc.
2255 4298 2354 4366 vt.)
2402 4297 2538 4354 Hinc
2565 4299 2816 4354 Salomon
2844 4303 2957 4358 ait:
2993 4302 3148 4359 Risus
3171 4304 3351 4359 dolore

1759 4386 2078 4448 miscebitur,
2127 4397 2176 4441 et
2202 4396 2432 4443 extrema
2476 4393 2616 4460 gnud
2640 4392 2658 4444 i
2683 4392 2854 4446 luctus
2899 4404 3114 4463 accurat
3163 4393 3346 4464 (Prov.

41 4488 187 4554 dum,
219 4487 516 4560 quia-non
561 4498 648 4544 est
675 4489 818 4544 διίυά
861 4505 1057 4546 nomen
1104 4491 1158 4546 ίη
1183 4491 1349 4560 ωηο⁹
1383 4507 1562 4564 neque
1599 4494 1652 4549 in
1686 4499 1730 4554 ι)
1760 4478 1896 4546 xtv).
1945 4477 2241 4534 Ahluamus
2265 4479 2432 4549 igitur
2455 4483 2748 4549 gemitibus
2791 4493 2845 4537 et
2875 4483 3128 4554 lactymis
3161 4484 3348 4554 culpa-

39 4589 203 4648 terra,
228 4582 286 4638 in
309 4597 438 4654 quo
467 4590 726 4650 oporteat
765 4597 866 4637 nos
900 4582 1101 4638 salvari
1133 4582 1274 4656 (Act.
1322 4587 1419 4656 tv).
1467 4583 1656 4640 Viden-

35 4685 76 4727 te
127 4686 307 4730 autem
344 4692 476 4730 eam
515 4673 687 4744 Magi,
726 4675 892 4745 garisi
922 4683 1045 4730 sunt
1079 4677 1275 4746 gaudio
1302 4693 1514 4747 magno.
1547 4675 1656 4734 Nos

35 4781 266 4836 quoque,
317 4764 568 4827 fratres,
621 4779 744 4819 cum
799 4764 1098 4836 viderimus
1137 4765 1369 4835 gratiam
1400 4766 1493 4822 Dei
1530 4781 1654 4836 per-

38 4859 251 4914 ,luxisse
283 4874 396 4915 nos
430 4872 620 4926 usque
657 4857 725 4911 ad
773 4827 1066 4913 videndum
1107 4858 1276 4916 Deum
1315 4860 1543 4915 deorum
1595 4861 1648 4918 in

37 4949 178 5020 Sion,
237 4950 635 5023 gaudebimus
672 4949 871 5019 gaudio
918 4965 1113 5022 magno
1154 4962 1211 5006 et
1253 4952 1538 5021 ineﬂ'ahili,
1593 4963 1652 5011 et

37 5045 284 5102 gaudium
344 5041 499 5098 illud
556 5057 717 5096 nemo
758 5041 908 5096 tollet
937 5056 966 5095 a
997 5042 1160 5098 nobis
1197 5043 1382 5109 (Joan.
1413 5047 1548 5113 svi).
1583 5046 1651 5100 Et

37 5145 278 5190 utr-antes
329 5136 579 5190 domum
629 5144 846 5189 aeterna:
890 5132 1258 5197 beatitudinis,
1311 5137 1649 5196 inveniemus
1749 5162 1756 5166 ·

37 5245 239 5284 ruerunt
273 5245 408 5284 cum
464 5225 655 5281 Maria
685 5239 852 5281 matre
873 5227 1008 5297 ejus,
1037 5228 1086 5281 id
1119 5239 1203 5283 est
1226 5231 1500 5286 hominem
1526 5249 1648 5287 cum

37 5319 316 5374 livinitate
370 5315 848 5386 contemplantes,
881 5320 1193 5382 adorantes.
1225 5330 1281 5375 et
1325 5321 1649 5379 benediceno

37 5427 90 5464 rs
121 5414 176 5465 itt
219 5411 481 5467 saculn.

77 5503 366 5572 Sequitur
423 5513 574 5570 pars
602 5500 812 5569 quinta,
847 5501 902 5556 in
929 5516 1034 5569 qua
1081 5501 1330 5558 adoratio
1355 5515 1410 5559 et
1441 5506 1647 5564 oblatio

37 5594 301 5664 Lngorum
341 5590 704 5655 ostenditur,
752 5606 874 5645 cum
902 5591 1156 5646 subditur
1185 5613 1198 5646 :
1234 5592 1300 5648 Et
1322 5598 1646 5664 procidentes

39 5687 380 5738 damnarunt
400 5696 582 5743 eum,
609 5693 655 5735 et
692 5683 885 5750 apertis
913 5683 1174 5736 thesauris
1203 5685 1313 5738 suis
1351 5687 1646 5744 obtulerunt

68 5794 338 5846 munera,
372 5783 501 5831 etc.
537 5771 780 5838 Quatuor
803 5773 1034 5839 faciunt,
1053 5777 1367 5848 procidunt,
1393 5781 1638 5837 adorant

1760 4583 1881 4624 rum
1911 4578 2215 4624 nostrarum
2248 4570 2504 4637 maculas,
2535 4574 2811 4642 qnoaiam,
2844 4584 2901 4629 ut
2931 4577 3008 4630 ait
3035 4575 3340 4630 Psalmista:

1757 4659 2093 4722 Sacri/icium
2137 4659 2241 4714 Deo
2283 4662 2502 4731 spiritus
2547 4664 2928 4717 contribulatus
2958 4662 3129 4735 (I’sal.
3157 4666 3245 4736 L),
3277 4677 3337 4720 ut

1758 4750 1831 4805 ita
1855 4765 1951 4821 per
1970 4751 2131 4806 aliam
2155 4753 2298 4806 viam
2329 4752 2382 4806 in
2409 4762 2649 4806 nostram
2676 4763 3014 4808 revertamur
3041 4755 3343 4824 regionem,

1755 4843 1883 4914 ipso
1903 4844 2153 4909 ducente,
2202 4846 2292 4914 qui
2325 4843 2507 4914 Magos
2545 4844 2611 4898 de
2640 4844 2930 4914 longinquo
2965 4846 3135 4902 hodie
3167 4849 3235 4903 ad
3280 4863 3340 4904 se

1755 4937 2000 5003 adduxit,
2026 4937 2253 4991 Domino
2284 4949 2471 4992 nostro
2494 4941 2557 4993 .Ie
2590 4955 2620 4992 tt
2649 4939 2888 4993 Christo.
2914 4939 3110 4995 Amen.

2294 5027 2572 5084 IIOMILIA
2619 5028 2798 5084 XVIII.

1929 5137 2180 5179 DOIINICA
2226 5136 2391 5177 ΡΙΙΙΔ
2429 5135 2560 5177 Ροετ
2598 5137 2921 5178 ενιριλπιη
2949 5139 3158 5179 bonum.

1824 5231 2050 5287 Obsecro
2097 5248 2204 5296 vos,
2246 5247 2337 5300 per
2364 5231 2778 5287 misericordiam
2807 5232 2926 5302 Dei,
2963 5245 3017 5288 ut
3048 5233 3334 5289 exhibeaft's

1749 5325 1970 5394 corpora
1999 5335 2171 5378 vestra
2201 5323 2426 5376 hostium
2475 5324 2720 5378 viventem
2765 5323 2942 5396 (Rom.
2967 5327 3097 5397 xu),
3127 5336 3232 5382 etc.
3276 5327 3335 5381 In

1750 5416 1854 5470 hac
1876 5414 2129 5480 lectione,
2159 5412 2356 5469 fratres
2377 5413 2706 5482 charissimi,
2740 5417 2956 5473 instruit
2984 5432 3082 5473 nos
3103 5403 3332 5489 Aposto-

1749 5506 1835 5562 lus
1865 5506 2136 5576 quomodo
2157 5504 2342 5562 vivere
2372 5507 2688 5578 debeamus,
2730 5511 2929 5566 docens
2978 5512 3108 5582 quid
3133 5511 3329 5566 debea-

1749 5616 1868 5655 mus
1897 5598 2075 5665 nobis,
2129 5600 2256 5668 quid
2302 5598 2432 5666 Deo,
2477 5611 2531 5657 et
2570 5603 2702 5672 quid
2729 5605 3008 5674 proximis.
3062 5595 3329 5658 Debenui

1746 5692 1890 5747 enim
1921 5690 2077 5747 nobis
2114 5692 2550 5762 castigationem,
2589 5695 2698 5750 Deo
2733 5695 3113 5762 obedientiam,
3149 5695 3334 5765 proxi-

1753 5786 1856 5842 mis
1903 5786 2357 5856 centpassionem.
2399 5785 2464 5842 Et
2494 5789 2543 5841 in
2578 5787 2660 5842 l.is
2684 5787 2859 5842 tribus
2887 5781 3145 5855 perferetur
3171 5783 3334 5840 Chri-
