3820 6312
518 342 658 400 1755

1528 333 1868 395 sunt-mus.
1910 370 1979 379 σ-
2006 332 2087 395 ιιι

2198 343 2352 399 ιριιι
2392 330 2739 397 ARDENTIS
3601 349 3689 405 ιτιι

508 458 799 512 stianitatts
838 453 1105 509 consistit.
1160 450 1396 507 Hortans
1444 454 1609 523 igitur
1650 469 1749 509 nos
1793 455 2086 523 Apostolus
2115 461 2154 514 A
2186 475 2362 511 eorum
2404 474 2634 519 (γυιων
2672 475 2770 509 non
2810 466 2883 510 est
2927 473 3083 509 rmua
3122 456 3380 515 Materina
3406 473 3544 523 neque
3572 468 3691 519 trans.

504 550 683 619 primo
713 548 777 601 ad
808 547 979 601 nostri
1004 546 1436 617 castigationem,
1472 547 1719 601 obsecrat
1749 561 1850 601 nos
1872 564 1969 617 per
1990 548 2092 602 mi-

506 637 862 697 sericordiam
900 638 1016 703 Dei,
1069 639 1121 693 id
1164 647 1246 693 est
1300 653 1397 707 per
1447 639 1613 693 Deum
1660 639 2089 707 misericordem,

506 746 606 787 nos
635 728 867 797 adjurat,
912 738 971 784 ιιι
997 730 1043 784 si
1071 730 1188 798 ejus
1218 728 1464 784 volumus
1498 731 1754 800 consequi
1786 730 2092 787 misericor-

506 825 672 887 diam,
701 824 1054 878 exhibesmus
1075 836 1297 890 corpora
1327 829 1508 875 nostra
1539 822 1772 878 hostiam
1800 824 2089 892 viventem,

507 927 778 977 sanctam.
831 914 939 969 Deo
988 913 1308 983 placentem.
1364 912 1573 979 Hostia,
1625 914 1822 970 fratres
1869 916 1996 978 mei,
2039 918 2090 971 in

508 1005 625 1075 lege
664 1005 832 1059 veteri
864 1002 1130 1058 sacerdoti
1172 1001 1520 1068 ollerebatur,
1561 1013 1683 1074 post
1726 1008 2091 1072 mactabatnr,

505 1098 644 1167 pelle
674 1097 1026 1167 spatiabatur,
1052 1094 1375 1149 abluebatur
1398 1104 1560 1164 aqua,
1606 1112 1703 1165 per
1724 1098 1968 1151 membra
2007 1113 2093 1153 se-

505 1191 750 1250 cabatur,
780 1187 901 1255 igne
922 1186 1269 1241 cremabatur
1291 1184 1344 1238 in
1366 1186 1586 1240 odorem
1614 1186 1915 1241 suavitatis.
1939 1186 2093 1253 Quod

505 1293 633 1348 ergo
656 1279 707 1331 iu
731 1278 849 1347 lege
879 1276 1041 1332 ﬁebat
1066 1277 1379 1341 carnaliter,
1403 1276 1691 1345 Apostolus
1719 1293 1814 1332 nos
1840 1279 2096 1348 praecepit

504 1370 689 1424 facere
718 1368 1090 1438 spiritualiter.
1151 1367 1408 1438 Praecepit
1449 1371 1591 1423 enim
1636 1384 1735 1424 nos
1761 1384 1868 1424 non
1900 1384 2096 1439 corpus

505 1472 771 1525 nostrum,
805 1460 899 1514 sed
928 1460 1055 1513 vitia
1077 1461 1325 1527 corporis
1354 1462 1523 1515 nostri
1560 1460 1856 1524 immolare,
1906 1471 1963 1515 ut
1989 1462 2098 1517 sci-

505 1553 630 1609 licet
656 1568 850 1621 corpus
873 1560 1120 1607 nostrum
1155 1553 1417 1607 moriatur
1439 1563 1682 1622 peccato,
1712 1564 1765 1607 et
1788 1554 1934 1608 vivat
1963 1554 2093 1619 Deo,

504 1645 653 1712 iuxta
694 1646 838 1715 quod
870 1646 1007 1699 idem
1054 1645 1361 1713 Apostolus,
1413 1646 1538 1700 alibi
1573 1646 1742 1701 dicit:
1779 1646 2095 1714 Morti/irate

504 1733 735 1787 membra
764 1744 931 1787 vestra
953 1750 1070 1802 qtae
1099 1746 1218 1787 sunt
1242 1751 1396 1802 super
1423 1744 1641 1799 terram,
1685 1752 1804 1804 qua:
1837 1746 1957 1790 sunt
1982 1736 2096 1805 for-

2194 553 2297 604 itus
2326 590 2343 615 ,
2386 567 2549 619 neque
2572 551 2773 603 clamor
2802 550 2861 601 in
2892 548 3080 615 plateis
3116 563 3295 600 eorum
3325 566 3343 611 ;
3387 555 3574 617 etquod
3610 553 3692 609 ιω.

2191 652 2302 696 tum
2335 644 2579 695 dixerunt
2622 641 2868 711 populum
2893 640 2979 693 cui
3007 641 3119 693 hac
3154 650 3276 692 sunt
3302 638 3466 708 (Psal.
3492 646 3655 712 eam};
3675 667 3697 702 ο

2193 735 2469 790 contrario
2484 735 2664 787 vident
2679 734 2766 788 hic
2785 734 2953 787 bonos
2966 731 3149 802 allligi.
3173 746 3309 800 pene
3322 744 3575 788 moventur
3588 740 3699 804 μειά

2193 840 2379 880 Corum
2411 841 2440 877 a
2467 826 2550 877 via
2580 833 2749 887 recta,
2780 824 2927 891 juxta
2959 822 3090 876 illud
3118 840 3130 874 :
3163 822 3269 875 Mei
3295 831 3464 876 autem
3488 841 3591 891 pate
3616 831 3701 879 moti

2194 926 2313 968 sunt
2350 916 2527 982 pedes,
2558 929 2684 981 pene
2712 914 2866 981 (Ιησί
2902 921 3030 965 sunt
3067 928 3276 981 gressus
3303 912 3423 975 mei,
3456 914 3566 982 quia
3593 918 3703 968 zelati

2191 1019 2350 1069 salter
2372 1002 2581 1069 iniquos
2611 1018 2790 1069 pacem
2823 1010 3155 1071 peccatorum
3191 1001 3367 1054 uidens
3388 1001 3545 1069 (νισι.
3566 1008 3703 1072 uiti);

2203 1094 2440 1165 adiungit
2475 1108 2490 1147 :
2538 1092 2603 1146 Et
2638 1092 2797 1146 nolite
2822 1093 3147 1161 conformari
3179 1095 3302 1145 huic
3338 1093 3536 1154 strculo,
3581 1096 3619 1147 iul
3651 1108 3709 1151 est

2198 1200 2291 1253 per
2326 1183 2722 1237 aemulationem
2750 1182 2956 1236 imitari
2987 1199 3002 1235 :
3056 1182 3209 1237 Unde
3239 1182 3439 1235 David:
3476 1181 3709 1237 Notium-

2197 1277 2295 1331 lari
2330 1278 2386 1330 in
2428 1292 2489 1329 eo
2512 1275 2603 1345 qui
2638 1286 2978 1343 prosperatur
3026 1276 3084 1327 in
3119 1276 3202 1328 riu
3250 1292 3347 1327 suo
3378 1274 3706 1344 (Psol.xuvd.

2198 1366 2325 1429 Sed,
2379 1381 2408 1419 a
2471 1364 2860 1420 deformatione
2919 1380 3043 1434 qua:
3106 1366 3207 1420 fuit
3252 1366 3391 1419 facta
3441 1377 3526 1435 per
3560 1372 3708 1434 peccati

2200 1466 2545 1521 vetustatem,
2592 1457 2951 1524 reformantini
2985 1459 3041 1508 in
3067 1458 3299 1509 siccitate
3326 1470 3497 1507 sensus
3520 1458 3653 1518 restri,
3672 1470 3711 1511 ut

2196 1564 2391 1603 sensus
2417 1549 2671 1603 videlicet
2701 1549 2861 1601 \estri
2888 1548 3214 1601 :emutentur
3259 1559 3315 1600 et
3340 1548 3608 1613 imitentur,
3640 1565 3711 1603 nos

2200 1651 2459 1705 veterem,
2484 1640 2577 1696 sed
2611 1652 2807 1695 novum
2844 1641 3143 1694 hominem.

2270 1732 2530 1802 Sequitur
2553 1747 2680 1804 pars
2700 1734 2955 1792 secunda,
2988 1733 3040 1786 in
3063 1748 3171 1801 qua
3194 1733 3495 1788 ostenditur
3516 1733 3623 1801 quid
3640 1721 3714 1789 Diu

508 1824 725 1885 nicatio,
768 1824 1017 1887 avaritia,
1062 1825 1394 1878 immunditia
1438 1825 1659 1887 (Coloss.
1700 1803 1800 1887 ιιι,
1846 1803 1990 1896 εις)
2036 1835 2096 1881 ιιι
2129 1803 2171 1858 Β
2196 1824 2513 1887 debeamus,
2546 1840 2670 1880 cum
2705 1824 2979 1889 subditur,
3020 1834 3078 1876 ut
3135 1825 3365 1893 probetis
3413 1842 3521 1894 quc
3563 1827 3616 1878 sit
3655 1844 3714 1878 ro-

506 1912 655 1979 iuxta
680 1915 926 1968 eumdem
951 1914 1291 1984 Apostolum,
1322 1916 1635 1970 destruatur
1662 1932 1861 1986 corpus
1884 1918 2092 1985 peccati

504 2003 686 2073 (Rom.
722 2004 818 2071 vt).
858 2004 1059 2059 Hostiae
1090 2004 1251 2073 igitur
1286 2007 1523 2060 membra
1560 2007 1844 2071 vincimus,
1877 2009 2093 2077 quando

509 2097 752 2151 membra
786 2105 993 2161 nostra,
1020 2110 1085 2149 ne
1111 2094 1339 2163 amplius
1363 2105 1607 2163 peccent,
1631 2112 1725 2165 per
1755 2098 2092 2166 propositum

508 2189 837 2259 paenitentiae
858 2190 1107 2258 ligamus.
1148 2190 1388 2245 Hostiam
1420 2194 1651 2246 vinctam
1678 2195 1942 2247 sacerdoti
1967 2193 2094 2249 olfe-

509 2280 701 2347 rimus,
732 2282 948 2350 quando
986 2299 1110 2339 cum
1159 2285 1435 2352 pr0posito
1481 2286 1725 2339 cessandi
1768 2302 1802 2339 a
1847 2296 2092 2355 peccato,

506 2387 607 2441 per
630 2373 1025 2431 confessionem
1069 2393 1167 2431 nos
1210 2378 1479 2433 sacerdoti
1522 2391 1933 2448 prmsentamus.
1988 2380 2095 2433 ιιο.

504 2465 604 2518 stia
630 2476 917 2529 mactatur.
947 2470 1160 2537 quando
1192 2470 1405 2526 cultello
1432 2472 1861 2541 compnnctionis
1902 2488 2093 2540 pecca-

507 2566 618 2612 tum
652 2560 1029 2614 mortilicatur.
1080 2562 1417 2626 Excoriatur,
1446 2565 1661 2632 quando
1690 2576 1897 2619 remoto
1925 2578 2092 2620 excu-

504 2648 734 2703 sationis
783 2649 1070 2714 velamine,
1110 2662 1389 2721 peccatum
1441 2669 1536 2723 per
1580 2655 1972 2709 confessionem
2000 2658 2094 2712 de-

506 2740 768 2794 nudatur.
825 2740 975 2809 Aqua
1031 2741 1283 2806 abluitur,
1342 2745 1557 2813 quando
1608 2745 1859 2815 lacrymis
1905 2745 2093 2801 sordes

509 2838 855 2895 peccatorum
884 2828 1153 2884 lavantur.
1207 2824 1310 2886 Per
1341 2832 1579 2887 membra
1612 2846 1847 2899 secatur,
1875 2838 2093 2906 quando

506 2930 687 2986 partes
744 2932 1086 2988 peccaturum
1148 2937 1242 2990 per
1276 2923 1658 2979 discretionem
1710 2937 2091 2982 secernuntur.

506 3010 633 3079 Igne
665 3011 840 3065 hostia
876 3024 1146 3066 crematur
1178 3014 1227 3067 in
1255 3014 1475 3070 odorem
1521 3018 1822 3083 suavitatis,
1872 3022 2093 3090 quando

506 3100 631 3170 igne
661 3104 832 3157 salicti
874 3103 1107 3173 Spiritus
1139 3122 1298 3161 ouine
1329 3115 1605 3176 peccatum
1639 3111 1992 3172 consumitur,
2032 3120 2090 3165 ut

507 3192 629 3247 inde
659 3193 800 3248 Deus
825 3206 877 3249 et
908 3197 1182 3265 proximus
1216 3198 1530 3263 delectetur,
1563 3200 1856 3254 secundum
1913 3201 2041 3257 illud
2068 3218 2084 3265 ;

507 3283 843 3351 Sacriﬁcium
876 3285 985 3339 Deo
1016 3288 1230 3354 spiritus
1262 3289 1661 3356 contribulatus,
1693 3308 1784 3344 cor
1808 3296 2089 3347 contritum

503 3386 548 3426 rt
575 3375 930 3441 humiliatum,
965 3376 1125 3442 Deus,
1145 3395 1246 3431 non
1272 3380 1521 3448 despicies
1542 3380 1790 3449 (Pw/.1.)
1814 3399 1827 3435 :
1861 3390 1914 3437 et
1938 3384 2087 3450 illud,

505 3462 769 3519 Gaudium
793 3478 865 3520 est
899 3468 1095 3536 angelis
1131 3468 1223 3522 Dei
1246 3486 1399 3538 super
1424 3488 1525 3525 uno
1545 3483 1815 3539 peccatore
1842 3475 2091 3543 paeniten-

503 3559 629 3611 tiam
657 3570 839 3628 agente
883 3558 1038 3629 (Luc.
1069 3561 1179 3628 xv).
1234 3560 1348 3617 Non
1379 3573 1556 3617 autem
1606 3563 1820 3632 suillcit,
1872 3566 2087 3633 fratres,

504 3649 577 3702 ita
602 3664 825 3719 corpora
858 3664 1040 3707 nostra
1082 3653 1339 3708 exhibere
1365 3653 1595 3709 hostiam
1628 3672 1725 3725 per
1745 3671 2088 3727 peccatorum

508 3738 1002 3805 mortiﬁcationem,
1036 3741 1136 3795 nisi
1166 3742 1519 3798 exhibeamus
1550 3760 1670 3798 eam
1716 3744 2006 3808 viventem,
2033 3755 2091 3800 ut

504 3829 712 3882 scilicet
742 3830 814 3883 ita
861 3832 1157 3885 moriamur
1194 3842 1440 3900 peccatu,
1469 3836 1611 3902 quod
1669 3835 1910 3891 vivamus
1954 3835 2085 3903 Deo,

503 3924 796 3977 secundant
829 3924 954 3978 illud
984 3925 1222 3995 Apustoli
1252 3941 1266 3979 :
1301 3926 1753 3992 Quemadmodum
1783 3930 2087 3984 exhibuistis

504 4014 734 4067 membra
776 4025 941 4070 vestra
968 4019 1157 4072 seri-ire
1194 4018 1466 4090 iniquitati
1510 4022 1578 4072 ad
1612 4021 1956 4089 iniquitatem,
2012 4024 2087 4078 ila

500 4106 786 4159 exltibeatis
802 4109 994 4163 servire
999 4112 1224 4179 justitia’
1241 4114 1295 4165 in
1312 4114 1960 4183 sanctiﬁcationem(Rom.
1977 4116 2079 4187 vi);

501 4205 557 4249 et
604 4197 732 4252 illud
782 4198 1118 4255 Psalmistm:
1172 4202 1390 4257 Declina
1436 4222 1469 4259 a
1516 4207 1657 4259 malo
1694 4216 1741 4259 et
1776 4210 1863 4274 [ac
1896 4209 2086 4261 bonum

501 4286 677 4357 (Psal.
718 4293 925 4363 xxxvi).
977 4293 1111 4360 Quia
1145 4310 1272 4350 vero
1297 4296 1516 4366 quidam
1553 4298 1810 4353 exhibent
1853 4300 2086 4354 hostiam

501 4380 798 4449 viventem,
847 4386 940 4440 sed
994 4402 1099 4442 non
1146 4398 1604 4458 perseverantem,
1646 4391 1794 4445 addit
1822 4403 2083 4458 sanctam,

2195 1916 2371 1969 tantas
2414 1916 2531 1977 Dei,
2561 1931 2627 1970 ac
2657 1916 2703 1971 si
2725 1917 2931 1972 diceret
2961 1934 2977 1971 :
3030 1916 3300 1971 Exhiltete
3331 1931 3545 1985 corpora
3588 1928 3714 1972 vestr:

2197 2006 2430 2062 hostiam
2456 2008 2751 2073 viventem,
2797 2017 2853 2063 et
2890 2009 3265 2065 rel'ormamini
3303 2010 3353 2062 in
3396 2010 3714 2063 novitatem:-

2194 2116 2291 2155 sus
2311 2102 2502 2163 vestri,
2529 2111 2585 2153 ut
2610 2110 2680 2155 tta
2692 2102 2943 2169 probetis,
2973 2102 3025 2157 id
3047 2111 3132 2157 est
3157 2103 3405 2157 faciendo
3424 2105 3713 2172 cognoscatis.

2193 2200 2311 2261 quin
2338 2192 2403 2246 sit
2432 2191 2676 2246 voluntas
2707 2192 2800 2246 Dei
2844 2193 2980 2245 bona
3007 2204 3055 2246 et
3085 2192 3431 2261 beneplaceus
3458 2208 3502 2247 et
3526 2194 3713 2262 perlecta.

2194 2284 2328 2338 Cum
2352 2296 2457 2339 una
2480 2284 2556 2341 sit
2580 2299 2796 2354 semper
2820 2286 2912 2340 Dei
2942 2287 3193 2340 voluntas
3217 2288 3271 2339 in
3304 2301 3385 2350 se,
3412 2294 3572 2340 tamen
3598 2288 3715 2341 multa

2196 2385 2322 2430 sunt
2355 2375 2473 2445 cjus
2495 2378 2651 2448 signa
2691 2377 2742 2430 in
2768 2378 3058 2447 operibus:
3102 2378 3514 2448 promissiones,
3538 2380 3717 2449 prohibi-

2197 2468 2391 2533 tiones,
2435 2469 2715 2533 mandata,
2765 2468 3013 2523 consilia.
3072 2468 3357 2523 Permittit
3400 2470 3535 2523 enim
3565 2471 3718 2523 inium

2197 2557 2357 2621 mala,
2392 2558 2641 2627 prohibet
2666 2559 2891 2625 majora,
2922 2560 3167 2630 percipit
3197 2560 3365 2623 bona,
3397 2560 3608 2614 consulit
3633 2577 3719 2628 pero

2196 2650 2354 2705 lecta.
2384 2650 2509 2705 llaec
2532 2652 2686 2721 signa
2717 2652 2914 2706 divinae
2939 2652 3238 2705 voluntatis
3261 2653 3595 2707 considerans
3614 2651 3721 2706 Psalc

2194 2743 2361 2797 mista
2394 2742 2569 2796 dicit:
2602 2741 2798 2812 Magna
2836 2758 2991 2811 opera
3024 2742 3260 2806 Domini,
3291 2745 3545 2813 exquisita
3577 2746 3622 2796 is
3640 2760 3723 2798 oa-

2194 2850 2283 2888 nes
2305 2833 2591 2887 voluntates
2620 2834 2733 2903 ejus
2768 2833 2943 2902 (Ρωι.
2980 2835 3095 2904 ex).
3126 2833 3416 2889 Declinare
3442 2849 3474 2891 a
3504 2835 3639 2897 malo,
3665 2848 3724 2890 est

2192 2920 2332 2979 bona
2368 2925 2460 2979 Dei
2489 2926 2768 2990 voluntas;
2802 2926 2982 2982 facere
3011 2926 3236 2991 bonum,
3264 2934 3352 2981 est
3399 2927 3626 2982 voluntas
3656 2928 3721 2981 Dei

2194 3015 2331 3070 bene
2361 3015 2608 3085 placens;
2647 3027 3000 3073 etnitetnnere
3024 3020 3209 3073 omnia
3246 3029 3470 3089 propter
3497 3020 3657 3082 Deum,
3686 3029 3726 3073 et

2196 3108 2325 3163 dare
2370 3110 2717 3179 pauperibus,
2768 3119 2853 3165 est
2879 3110 3133 3166 voluntas
3180 3112 3276 3166 Dei
3320 3110 3573 3182 perlecta,
3595 3112 3727 3167 idest

2194 3201 2459 3270 gu-rlectio
2494 3217 2654 3271 quam
2688 3202 2831 3258 Deus
2870 3203 3024 3257 nobis
3049 3204 3311 3259 censulit.
3353 3203 3462 3259 Nos
3491 3204 3726 3273 ergan-

2195 3302 2325 3357 tres,
2360 3290 2413 3345 in
2438 3284 2693 3347 omnibus
2721 3292 2983 3348 debemus
3023 3294 3359 3349 voluntatem
3391 3295 3484 3350 Dei
3512 3303 3724 3365 guarerr,

2192 3396 2248 3439 et
2272 3386 2404 3440 illud
2430 3388 2572 3456 quod
2594 3386 2716 3456 plus
2740 3387 2787 3441 ei
2810 3388 3023 3458 placere
3047 3388 3450 3459 cognoscimus,
3479 3389 3587 3458 plus
3604 3401 3723 3457 appe-

2192 3487 2325 3534 tere.
2358 3479 2414 3533 Si
2446 3480 2590 3533 enim
2623 3480 2876 3534 mundani
2930 3481 3205 3546 homines,
3265 3491 3326 3537 ut
3358 3482 3497 3554 regis
3530 3480 3729 3535 mortals

2192 3579 2506 3626 mereantur
2536 3572 2733 3626 habere
2775 3574 3029 3642 gratiam,
3076 3575 3195 3642 ejus
3232 3574 3562 3629 voluntatem
3601 3574 3725 3627 etiam

2193 3663 2385 3717 malum
2429 3662 2607 3719 facere
2636 3664 2913 3731 festinant,
2947 3682 3145 3731 nonne,
3203 3668 3403 3721 fratres
3448 3667 3567 3726 mei.
3598 3662 3727 3718 multo

2193 3756 2365 3823 magis
2391 3755 2648 3810 debemus
2663 3758 2845 3811 facere
2868 3758 3198 3813 voluntatem
3220 3760 3312 3814 Dei
3331 3773 3537 3828 semper
3556 3759 3729 3817 boum.

2193 3857 2244 3900 et
2271 3847 2425 3901 nobis
2453 3848 2658 3911 utilem,
2709 3858 2767 3903 ut
2795 3849 2913 3920 ejus
2960 3852 3194 3921 gratiam
3234 3867 3538 3908 mereamur
3580 3850 3729 3904 indefi-

2190 3936 2465 3993 cientem?

2263 4027 2520 4097 Sequitur
2566 4044 2694 4099 pars
2743 4034 2897 4086 tertia
2937 4034 2988 4087 in
3025 4048 3130 4103 qna
3203 4035 3443 4090 ostendit
3491 4032 3731 4105 Apostolus

2190 4120 2319 4189 quid
2351 4121 2610 4190 proximis
2641 4124 2957 4189 debeamus,
2984 4141 3109 4180 cum
3146 4127 3311 4181 dicit:
3345 4127 3472 4180 Dico
3512 4128 3653 4189 enim,
3692 4126 3730 4178 id

2189 4223 2273 4266 est
2294 4212 2480 4281 jubeo,
2509 4232 2601 4284 per
2640 4218 2863 4285 gratiam
2888 4235 3008 4287 qua:
3042 4220 3168 4272 data
3198 4231 3272 4274 es:
3302 4221 3458 4286 mihi,
3488 4220 3537 4273 id
3570 4227 3731 4285 estper

2190 4308 2564 4362 auctoritatem
2600 4310 2730 4364 mihi
2757 4310 2937 4364 datam
2960 4312 3129 4383 gratis
3172 4329 3191 4366 :
3236 4312 3360 4367 Non
3412 4326 3585 4382 sapere
3618 4314 3731 4377 plus-

2188 4414 2346 4468 quam
2375 4410 2573 4463 oportet
2593 4417 2794 4469 sapere.
2823 4402 3117 4471 Plusqnam
3146 4414 3359 4473 oportet
3393 4418 3582 4473 sapere
3602 4403 3727 4466 sapit.

502 4474 557 4527 ld
578 4485 662 4529 est
690 4487 1125 4545 perseverantem
1177 4488 1231 4535 et
1278 4480 1510 4535 tirmam.
1574 4480 1728 4537 Unde
1768 4492 1825 4537 et
1870 4484 1924 4537 in
1970 4482 2086 4553 lege
2118 4504 2164 4565 ι)
2193 4490 2283 4559 qui
2310 4493 2542 4560 superbe
2572 4494 2732 4563 sapit,
2764 4503 2823 4549 ut
2857 4495 2945 4563 qui
2990 4496 3040 4549 in
3082 4495 3227 4561 cibo,
3255 4496 3338 4549 vel
3368 4506 3517 4564 potu,
3556 4494 3631 4547 vel
3654 4492 3731 4547 ιιι·

500 4575 663 4637 caput
709 4582 833 4622 cum
873 4570 1043 4626 cauda
1096 4570 1448 4627 offerebatur.
1502 4574 1639 4641 Quia
1684 4589 1872 4631 rursus
1923 4575 2085 4631 etiam

498 4660 725 4729 quidam
754 4672 1127 4731 perseverant,
1147 4667 1241 4719 sed
1265 4676 1441 4721 tamen
1464 4682 1557 4735 per
1574 4666 1951 4722 admistionem
1974 4669 2087 4723 ina-

504 4750 591 4803 nis
617 4750 800 4819 gloria:
828 4753 909 4807 vel
941 4754 1139 4823 teporis
1170 4756 1473 4824 diSphcent,
1506 4758 1804 4827 subiungit,
1835 4758 1945 4813 Deo
1973 4759 2088 4828 pla-

499 4852 727 4907 centem,
752 4857 848 4913 per
873 4854 1071 4900 rectam
1100 4846 1473 4900 intentionem.
1513 4846 1663 4903 Unde
1691 4850 2082 4919 scriptumest:

507 4932 723 4988 Nesciat
762 4947 977 4990 sintstra
999 4947 1090 4992 tua
1128 4939 1255 5007 quid
1302 4939 1461 5005 faciat
1501 4939 1714 4994 dextera
1734 4950 1825 4995 tua
1867 4941 2085 5011 (ΙοιιΙι.

506 5024 603 5092 vt).
660 5025 795 5091 Quia
826 5041 1016 5081 rursus
1050 5027 1268 5096 quidam
1298 5028 1588 5084 indiscrete
1638 5030 1720 5085 vel
1750 5034 1914 5088 nimis
1948 5044 2086 5089 atte-

504 5126 695 5181 nuant,
730 5118 811 5173 vel
845 5119 1024 5175 minus
1054 5120 1301 5176 nutriunt
1337 5136 1532 5189 corpus
1556 5139 1736 5190 suum,
1767 5128 1875 5180 ait:
1908 5126 2087 5180 Itatio-

503 5208 678 5260 nobile
699 5208 1000 5278 obsequium
1044 5222 1290 5268 oestrum.
1340 5213 1490 5281 Quod
1515 5225 1597 5271 est
1627 5217 1769 5271 enim
1802 5216 1854 5271 in
1885 5234 1944 5273 se
1966 5217 2090 5272 lau-

504 5296 703 5362 dabile,
736 5298 801 5351 de
832 5298 1110 5355 nimietate
1137 5303 1196 5356 ιιι
1224 5304 1508 5374 culpabile.
1563 5305 1697 5374 Quia
1747 5323 1934 5363 rursus
1966 5307 2086 5378 qui-

505 5386 628 5441 dem
651 5388 775 5444 dum
806 5390 986 5446 vident
1008 5394 1095 5450 hic
1116 5394 1287 5451 malos
1308 5396 1520 5463 ﬂorere,
1548 5408 1602 5452 et
1621 5400 1763 5467 quod
1785 5400 1886 5467 ﬁlii
1906 5416 2085 5454 eorum

510 5486 633 5531 sunt
658 5480 871 5537 novella:
884 5482 1232 5550 plantationes
1254 5489 1306 5541 in
1324 5488 1595 5558 juventute
1617 5506 1735 5555 sua,
1756 5490 1883 5558 ﬁlia:
1904 5506 2083 5545 eorum

505 5571 825 5639 composita,
856 5575 1252 5653 circumornatw
1283 5590 1336 5633 ut
1370 5580 1657 5633 similitudo
1689 5582 1882 5650 templi,
1913 5597 2087 5651 prom-

505 5666 715 5730 ptuaria
752 5683 929 5723 eorum
968 5670 1141 5738 plena,
1166 5672 1457 5725 eructantia
1487 5688 1551 5725 ex
1572 5673 1669 5725 hoc
1694 5673 1748 5727 in
1781 5673 1945 5737 illud;
1970 5690 2085 5729 oves

504 5769 682 5810 eorum
714 5758 893 5827 [etcsa'
925 5802 940 5828 ,
991 5765 1314 5817 abundantes
1358 5766 1412 5817 in
1444 5748 1731 5834 egressibus
1757 5767 1885 5833 suis,
1936 5767 2086 5824 bores

2185 4579 2422 4648 jusmodl
2459 4586 2854 4649 communibus,
2890 4584 3119 4641 iulirmis
3150 4587 3465 4642 scandalum
3510 4588 3665 4657 ponit,
3690 4592 3734 4636 Il

2191 4672 2283 4740 qui
2338 4673 2627 4729 utilitatem
2684 4677 3054 4745 proximorum
3085 4694 3333 4746 quaerere
3356 4678 3656 4739 contemnit,
3680 4675 3731 4727 dio

2190 4777 2321 4817 cens
2354 4778 2460 4818 non
2496 4764 2700 4820 alienas
2723 4767 2955 4853 aning,
2991 4768 3086 4823 sed
3128 4768 3300 4823 solam
3343 4784 3493 4823 suam
3536 4768 3729 4822 animo

2191 4854 2295 4908 sibi
2330 4858 2704 4923 commissam,
2745 4868 2804 4911 ut
2854 4860 2947 4929 qui
2985 4876 3321 4930 pnesumens
3353 4862 3421 4916 de
3447 4858 3729 4914 conscii-nti:

2188 4960 2309 5011 sua,
2346 4948 2489 5001 male
2520 4949 2587 5003 de
2609 4963 2668 5003 se
2694 4949 2903 5018 Opinari
2932 4952 3218 5019 permittit.
3260 4950 3327 5006 Et
3356 4952 3409 5005 in
3441 4949 3524 5005 his
3543 4950 3729 5005 multum

2190 5051 2221 5091 a
2253 5038 2571 5107 quibusdam
2597 5050 2870 5109 peccatur.
2898 5041 3194 5114 PrOpterea
3223 5042 3469 5114 praecipit
3491 5038 3729 5110 Apostolus

2188 5144 2372 5196 sapere
2400 5130 2468 5183 ad
2490 5129 2847 5199 sobrietatem,
2875 5142 2936 5187 ut
2964 5134 3335 5207 unusquisque
3364 5150 3472 5189 non
3495 5147 3639 5188 suam
3662 5142 3728 5183 εον

2189 5219 2297 5274 lam
2331 5220 2639 5287 utilitatem,
2667 5224 2760 5278 sed
2794 5226 2958 5279 etiam
3010 5228 3386 5297 proximorum
3436 5234 3646 5298 quam.
3683 5219 3728 5276 Et

2185 5309 2330 5365 sicut
2354 5311 2495 5367 Deus
2526 5313 2817 5383 unicuique
2838 5314 3025 5371 divisit
3054 5317 3287 5386 gratiam
3321 5332 3495 5378 suam,
3528 5316 3599 5369 its
3637 5323 3723 5365 es-
3792 5366 3795 5387 ί

2190 5418 2295 5456 non
2340 5402 2468 5467 sibi,
2522 5403 2615 5458 sed
2664 5408 2928 5474 proximis
2983 5408 3352 5463 administrat.
3402 5406 3577 5461 Noluit
3615 5402 3722 5458 uti!

2188 5494 2332 5548 Deus
2360 5510 2551 5550 omnes
2574 5502 2778 5565 gratias
2808 5500 3062 5555 omnibus
3090 5503 3243 5567 dare,
3277 5502 3371 5556 sed
3402 5494 3721 5571 singulassin-

2188 5586 2347 5655 gulis,
2373 5596 2432 5640 ut
2472 5586 2651 5643 nullus
2686 5592 3013 5659 superhiret,
3044 5592 3128 5647 vel
3181 5593 3346 5646 alium
3378 5590 3717 5646 contem

2187 5686 2239 5730 et
2271 5677 2458 5733 videns
2480 5695 2540 5734 se
2574 5696 2737 5750 egere
2757 5682 2944 5752 gratiis
2967 5684 3219 5747 aliorum,
3256 5685 3418 5739 aliam
3464 5696 3610 5754 quam
3646 5679 3717 5730 διδ

2188 5771 2362 5836 beret,
2384 5770 2505 5827 aliis
2522 5773 2978 5832 subministraret.
2993 5775 3145 5831 Sicut
3168 5776 3327 5851 enim
3350 5775 3571 5833 obiciunt
3592 5766 3715 5825 θύει
