3820 6312
80 366 186 428 1737

753 349 1060 413 ιιοιιιιιιθ
1096 351 1159 409 IN
1198 351 1418 410 El’lST.
1461 347 1549 409 ΕΤ
1590 366 1591 371 ‘

1767 350 1841 409 :e.
1886 350 2179 410 ooumc.
2213 381 2279 393 ρ-
2320 326 2501 409 m5
2534 349 2575 408 ι.

3149 355 3287 418 1738

76 480 188 539 ,ῃαά
208 488 309 547 pes,
343 466 477 526 aliud
508 480 722 531 manus,
754 466 897 521 aliud
928 467 1115 523 oculus
1147 477 1278 532 cte.,
1332 476 1385 524 et
1414 477 1591 523 tamen
1625 474 1668 526 Α
1694 465 1852 521 Iesus
1880 467 1931 522 iu
1963 465 2261 524 Jerusalem
2294 467 2623 524 remansisse
2651 474 2703 522 et
2728 481 2757 521 a
2791 480 2964 528 matre
2991 481 3049 529 et
3078 471 3287 542 Ioseph

71 589 147 647 pes
174 584 265 626 non
312 578 366 620 se
410 558 577 617 solum
629 567 808 628 portat
853 559 947 614 sed
985 568 1040 615 et
1068 559 1171 614 alia
1225 562 1489 626 membra,
1537 570 1590 614 et

71 678 228 724 manus
248 674 342 716 non
364 655 459 712 sibi
483 653 581 710 soli
613 652 842 715 laborat,
877 654 974 709 sed
997 662 1053 708 et
1075 653 1194 709 aliis
1224 654 1503 718 membris,
1536 662 1592 709 et

69 758 223 815 oculus
246 769 339 809 non
361 748 457 805 sibi
483 747 580 803 soli
606 748 777 809 videt.
804 747 974 802 sedet
1015 745 1138 801 aliis
1189 747 1467 810 membris,
1516 746 1591 802 ita

67 854 180 910 Deus
201 843 447 901 ordinavit
476 842 529 897 in
562 839 802 897 Ecclesia
834 850 892 895 ut
917 840 1056 896 alius
1101 840 1171 894 sit
1202 855 1296 911 pes
1325 839 1591 910 portando

65 945 173 1000 alios
206 939 372 995 labore
414 950 532 1001 suo,
563 947 623 989 ttt
665 934 946 1006 agricolm;
983 933 1121 1003 alius
1160 935 1231 989 sit
1262 950 1455 989 manus
1493 934 1591 989 de-

64 1030 287 1090 fendendo
318 1027 466 1091 alios,
515 1034 575 1081 ut
598 1026 909 1096 principes;
944 1024 1083 1079 alius
1112 1023 1182 1078 sit
1206 1024 1416 1087 oculus,
1470 1023 1592 1079 aliis

62 1138 138 1196 per
156 1119 447 1192 sapientiant
478 1115 809 1187 providendo
837 1125 893 1171 et
915 1114 1269 1179 consulendo,
1294 1125 1351 1169 ut
1375 1114 1590 1184 sapien-

58 1226 141 1272 tes.
181 1213 267 1273 Ita.
308 1211 495 1266 fratres
558 1208 888 1276 cbarissimi,
932 1209 1304 1280 unusquisque
1359 1208 1590 1280 gratiam

58 1323 187 1381 quam
210 1321 235 1360 a
259 1303 364 1362 Deo
392 1302 609 1373 accipit,
642 1301 857 1358 studeat
902 1300 1024 1357 aliis
1062 1300 1485 1367 communicare,
1523 1316 1590 1357 ne

54 1402 167 1457 forte
214 1397 457 1453 talentum
503 1394 855 1450 commissum
912 1394 1269 1455 abscondens,
1318 1393 1411 1447 illo
1447 1393 1591 1463 juste

54 1494 257 1566 privetur
284 1498 334 1545 et
359 1490 663 1545 damnetur.
702 1490 803 1554 Qui
838 1488 1000 1544 habet
1029 1489 1265 1554 divitias,
1316 1488 1438 1544 inde
1463 1503 1590 1559 pau-

50 1587 231 1661 peribus
256 1584 550 1641 subveniat.
580 1583 681 1651 Qui
713 1584 873 1638 habet
898 1592 1243 1654 potestatem,
1276 1582 1398 1636 inde
1423 1580 1587 1635 imbe-

50 1679 170 1737 cilles
190 1676 447 1733 defendat.
477 1675 578 1745 Qui
610 1678 770 1743 habet
798 1677 1147 1748 sapientiam,
1182 1676 1319 1731 alios
1351 1676 1589 1748 corrigat

46 1783 88 1830 et
116 1774 345 1826 instruat.
392 1769 493 1838 Qui
560 1770 723 1826 habet
768 1770 1154 1841 eloquentiam,
1202 1770 1486 1825 viduarum
1533 1778 1589 1825 et

45 1865 367 1935 orphauorum
416 1872 704 1933 patronum
748 1878 806 1918 se
846 1862 1026 1918 faciat.
1057 1864 1160 1933 Qui
1210 1864 1372 1921 habet
1414 1873 1588 1921 artem
1622 1841 1665 1898 Β

40 1956 242 2020 vivendi,
269 1955 390 2011 inde.
418 1955 543 2011 aliis
566 1955 764 2021 valeat,
791 1966 850 2011 ut
870 1958 937 2011 de
958 1958 1131 2028 gratia
1147 1956 1249 2013 sibi
1273 1958 1586 2026 commissa,

41 2047 368 2118 unusquisque
399 2048 512 2103 Deo
543 2048 789 2119 acquirat
828 2050 1040 2106 lucrum
1072 2059 1127 2106 et
1151 2050 1251 2106 sibi
1282 2051 1586 2121 prmmium.

37 2140 162 2207 Quod
212 2140 322 2213 ipse
371 2152 639 2211 praestare
693 2142 966 2213 dignetur,
1020 2143 1111 2215 qui
1147 2143 1280 2198 vivit
1304 2153 1357 2197 et
1402 2151 1593 2216 regnat

38 2233 154 2290 Deus
182 2234 233 2291 in
277 2244 564 2291 aternum.
606 2234 798 2291 Amen.

563 2326 843 2383 llOMlLlA
884 2327 1027 2384 XIX.

177 2435 425 2478 DOIINICA
468 2436 635 2477 Ριιιιιλ
677 2435 807 2477 POST
845 2437 1165 2477 ΕΡΙΡΙΙᾹΝΙΔΜ
1200 2437 1405 2479 DOMINI.

82 2513 198 2569 Cum
224 2514 394 2584 factus
425 2524 559 2567 esset
586 2511 744 2567 Iesus
775 2531 1033 2568 annorum
1068 2516 1367 2579 duodecim,
1407 2534 1592 2572 ascen-

27 2599 234 2655 dentibus
280 2603 388 2657 illis
415 2604 804 2675 Jerosolymum
851 2608 1132 2660 secundum
1164 2610 1590 2662 consuetudinem

23 2693 108 2748 diei
131 2694 264 2765 festi,
304 2699 793 2769 consummntt'sque
844 2699 1025 2753 diebus
1056 2717 1171 2753 cum
1212 2702 1459 2765 redirent,
1510 2717 1591 2755 re-

22 2789 181 2841 mansit
214 2804 341 2857 puer
364 2789 530 2845 Iesus
576 2793 628 2845 in
650 2790 945 2845 Jerusalem
985 2791 1135 2861 (Luc.
1165 2792 1246 2863 tt),
1275 2803 1327 2848 et
1360 2794 1589 2865 reliqua.

21 2874 160 2946 lfujus
187 2881 523 2953 evangelica:
555 2882 827 2948 lectionis,
879 2883 1074 2939 fratres
1111 2885 1434 2952 cbarissimi,
1467 2902 1589 2958 par-

21 2976 81 3025 tes
105 2981 221 3026 sunt
245 2976 518 3045 quinque.
549 2974 731 3031 Primo
772 2976 915 3031 enim
945 2964 1249 3033 ostenditur
1284 2978 1440 3053 Iesus
1465 2997 1588 3037 cum

22 3065 302 3121 mentibus
347 3068 468 3122 suis
501 3068 797 3124 secundum
838 3072 1283 3127 consuetudinem
1317 3073 1423 3129 diei
1466 3075 1585 3129 festi

21 3149 280 3212 Ierusalem
323 3159 672 3215 ascendisse.
703 3160 1046 3232 Praeceperat
1085 3164 1283 3235 quippe
1330 3165 1588 3223 Dominus
1618 3200 1662 3263 ο

27 3260 52 3296 ιι
75 3243 181 3315 lege
210 3248 355 3319 quod
386 3251 625 3321 quisque
655 3262 736 3307 ter
768 3254 820 3306 in
845 3270 987 3329 anno
1007 3270 1189 3309 coram
1219 3272 1284 3311 eo
1308 3271 1593 3329 appareret

24 3346 161 3392 :tuon
184 3356 417 3397 vacuus.
458 3328 875 3399 Conveniebaut
901 3347 1061 3417 igitur
1091 3349 1255 3404 etiant
1300 3328 1591 3410 crematis

24 3430 248 3499 tartibus,
306 3435 377 3489 ad
426 3444 544 3491 tres
594 3438 866 3509 prtecipue
929 3440 1323 3509 solemnitates,
1382 3443 1590 3502 Pascha

24 3524 210 3593 cilicet,
266 3526 645 3586 Pentecosteu
696 3542 751 3587 et
819 3532 1231 3607 Scenopegiam,
1279 3540 1421 3609 quod
1466 3550 1592 3597 octo

27 3615 165 3676 icbus
184 3620 637 3707 proli-labantur.
656 3622 661 3627 ’
678 3625 1031 3698 praelatisque
1071 3632 1415 3700 corporibus,
1445 3634 1592 3691 deal-

27 3713 222 3786 atisque
257 3706 641 3782 restituentis,
686 3706 1029 3777 celebrarent
1077 3724 1129 3779 in
1160 3727 1358 3796 gaudio
1391 3727 1590 3783 solent-

30 3804 178 3864 itates
220 3826 352 3866 rum
415 3812 619 3891 hostiis
663 3816 1090 3895 etmuueribus.
1141 3818 1221 3873 Ex
1278 3821 1380 3876 hac
1430 3821 1593 3893 igitur

23 3904 395 3971 ansuetudiue,
452 3907 820 3983 ascenderunt
863 3909 1016 3964 beata
1076 3910 1236 3982 Virgo
1285 3922 1340 3967 et
1384 3912 1591 3985 Ioseph

23 4005 97 4046 um
120 4008 294 4063 puero
330 3995 678 4077 Ierusalem,
718 3998 908 4056 dantes
931 4003 1087 4058 ttobis
1108 4005 1414 4076 exemplum
1446 4008 1590 4064 cele-

24 4084 158 4141 rani
182 4089 588 4145 soletnnitates
618 4106 740 4145 cum
771 4092 1078 4149 devotione.
1104 4093 1237 4151 Nam
1266 4097 1309 4151 si
1333 4096 1591 4157 Dominus

25 4184 152 4231 aster
184 4176 355 4237 Iesus
383 4168 671 4250 Christus,
713 4200 833 4240 cum
865 4201 970 4241 non
1019 4188 1301 4257 indigeret,
1336 4192 1592 4249 solemni-

29 4277 103 4325 tes
150 4272 833 4357 celebravitpqu‘idnos
882 4279 1066 4335 miseri
1120 4291 1456 4350 peccatores,
1498 4286 1590 4357 qui

27 4362 200 4417 axime
248 4365 605 4436 indigemus,
630 4368 760 4449 quid
793 4369 976 4449 facere
1008 4371 1302 4430 debemus?
1328 4376 1462 4431 Cum
1492 4377 1591 4449 igi-

27 4472 52 4509 r
78 4456 286 4536 fratres
310 4461 457 4527 mei,
493 4447 866 4523 soletunitales
887 4464 1099 4521 Domini
1120 4466 1344 4539 ejusque
1377 4447 1594 4527 sanch-

1696 560 1952 630 qumsitus
1979 562 2166 629 fuisse,
2196 578 2317 617 cum
2347 561 2624 617 subditur:
2659 559 2929 618 Remansit
2954 582 3088 635 puer
3124 564 3287 623 Iesus

1696 652 1750 707 in
1778 652 2095 719 Jerusalem,
2129 664 2175 707 et
2216 670 2321 707 non
2352 662 2701 722 cognoverunt
2749 665 2987 722 parentes
3031 657 3173 728 ejus.
3217 648 3301 716 Et.

1692 744 1982 815 quomodo.
2018 743 2216 800 fratres
2254 745 2581 812 mei,'Filius
2610 744 2702 800 Dei
2733 745 2826 814 qui
2859 761 2983 803 cum
3015 757 3165 804 tanta
3203 748 3291 807 dl-

1698 837 1915 909 ligentia
1965 854 1993 891 a
2033 837 2348 909 parentibus
2381 840 2741 903 nutriebatur,
2775 840 2953 910 potuit
3000 841 3288 900 oblivisci!

1695 928 1832 998 Quia
1863 948 1980 986 mos
2007 942 2121 986 erat
2146 930 2480 996 Iud-.uorunt,
2516 943 2573 987 ut
2602 933 2668 987 ad
2711 932 2905 988 festum
2930 927 3147 1001 euntes,
3174 936 3290 993 sive

1698 1021 2009 1084 redeuntes,
2048 1036 2291 1077 seorsum
2322 1023 2448 1086 viri,
2477 1038 2726 1078 seorsum
2777 1024 3036 1081 mulieres
3077 1024 3290 1083 incede-

1696 1122 1839 1166 rent.
1890 1112 1994 1168 Sed
2022 1122 2077 1169 ct
2112 1114 2163 1169 in
2207 1116 2321 1186 ipso
2372 1115 2570 1186 templo
2620 1102 2819 1172 atrium
2859 1117 3172 1184 mulierum,
3219 1120 3290 1176 ab

1696 1204 1835 1259 atrio
1853 1204 2089 1260 virorum
2114 1222 2336 1278 prorsus
2361 1218 2487 1263 erat
2512 1215 2933 1281 sequestratum.
2967 1212 3126 1269 Pueri
3160 1226 3290 1271 vero

1697 1298 1936 1355 leuiores
1984 1316 2104 1356 cum
2140 1313 2368 1374 utroque
2419 1315 2641 1373 parente
2691 1304 3063 1363 indifferenter
3109 1306 3282 1363 ibant.

1693 1391 1919 1447 Putabat
1962 1393 2125 1465 igitur
2146 1394 2303 1451 beata
2340 1396 2501 1467 Virgo
2531 1397 2673 1466 quod
2708 1413 2840 1468 puer
2864 1407 3008 1455 esset
3038 1414 3161 1454 cum
3189 1397 3284 1456 Io-

1694 1489 1846 1558 scpb,
1886 1498 1939 1543 ct
1969 1486 2165 1560 Ioseph
2223 1490 2444 1559 putabat
2472 1492 2615 1561 quod
2651 1508 2772 1547 cum
2813 1503 2984 1548 matre
3011 1502 3175 1557 esset.
3228 1502 3288 1549 et

1696 1581 1789 1645 ita,
1822 1590 1880 1635 ut
1901 1582 1948 1635 ei
1968 1581 2191 1651 placuit,
2222 1580 2445 1637 relictus
2465 1592 2571 1639 est.
2594 1582 3036 1662 Porro,.fratres,
3063 1599 3289 1644 consue-

1696 1677 1822 1731 tudo
1848 1686 1959 1732 ltﬂBC
1982 1675 2291 1731 Iudmorum
2323 1677 2525 1747 optima
2549 1686 2688 1739 erat.
2720 1687 2774 1733 et
2808 1680 2963 1733 nobis
2999 1680 3287 1747 imitanda,

1696 1780 1757 1823 ιιι
1783 1785 1904 1824 cum
1943 1784 2131 1824 sumus
2176 1771 2227 1823 itt
2272 1768 2525 1833 eerlesia,
2555 1785 2584 1823 a
2614 1768 2931 1825 mulieribus
2958 1767 3288 1841 sequestrati

1697 1877 2035 1920 maneamus.
2089 1862 2231 1917 Nihil
2269 1862 2413 1917 enim
2456 1862 2577 1932 plus
2630 1872 2871 1917 removet
2919 1863 2987 1917 ab
3041 1864 3292 1920 oratione

1695 1956 1935 2012 animum
1962 1966 2207 2010 nostrum
2233 1971 2395 2026 quam
2420 1954 2684 2025 inspectio
2708 1955 3016 2011 mulierum.
3045 1955 3101 2011 Si
3119 1956 3290 2021 enim,

1695 2049 1922 2109 fratres.
1957 2050 2124 2104 etiam
2150 2064 2272 2103 cum
2310 2047 2535 2103 solitarii
2569 2064 2813 2114 oramus,
2863 2065 3000 2104 vana
3028 2050 3289 2122 cogitatio

1695 2155 1795 2196 nos
1824 2139 2066 2205 infestat,
2090 2140 2217 2210 quid
2250 2141 2307 2193 lit
2331 2155 2451 2193 eum
2483 2140 2561 2194 vir
2602 2141 2797 2211 aspicit
2826 2157 3050 2198 uxorem
3105 2159 3291 2209 suam.

1695 2234 1894 2292 stultus
1938 2233 2179 2297 stultam,
2223 2232 2463 2287 leccator
2499 2232 2889 2288 leccatriccm?
2939 2234 3129 2290 Nonne
3168 2233 3291 2305 plus

1694 2338 1854 2399 auget
1879 2328 2091 2398 culpam
2123 2341 2285 2399 quam
2311 2326 2563 2395 impetret
2606 2325 2858 2380 veniam?
2905 2324 3038 2381 fiant
3077 2325 3288 2398 itaque,

1697 2421 1914 2490 fratres,
1962 2422 2015 2477 in
2054 2421 2282 2477 ecclesia
2349 2429 2461 2474 tres
2517 2419 2784 2474 distincta:
2843 2420 3174 2477 mansiones.
3226 2420 3290 2478 In

1695 2516 1867 2586 prima
1903 2525 2079 2587 parte,
2106 2514 2158 2569 id
2181 2524 2264 2570 est
2297 2512 2350 2567 itt
2375 2513 2567 2577 choro,
2596 2522 2710 2567 oret
2734 2512 3019 2583 episcopus
3047 2514 3161 2569 sive
3204 2530 3289 2571 sa-

1695 2610 1889 2666 cerdos
1934 2626 2056 2665 cum
2101 2608 2340 2674 clericis,
2381 2607 2433 2661 iu
2467 2608 2704 2664 secunda
2757 2622 2853 2661 rex
2897 2605 2983 2662 vel
3036 2606 3290 2665 dominus

1699 2701 1834 2755 villa:
1861 2716 1986 2755 cum
2035 2699 2265 2755 subditis
2299 2684 2446 2765 suis;
2477 2699 2529 2753 in
2564 2697 2744 2761 tertia,
2770 2696 2985 2753 domina
3015 2714 3136 2755 cum
3166 2714 3289 2756 mu-

1696 2792 1918 2848 lieribus
1948 2794 2080 2849 suis.
2106 2791 2359 2863 Legimus
2382 2793 2524 2847 enim
2553 2792 2605 2845 itt
2646 2790 3018 2847 ecclesiastica
3054 2792 3287 2849 historia

1695 2884 1836 2955 quod
1868 2900 1989 2939 cum
2028 2883 2365 2939 Theodosius
2393 2883 2691 2955 imperator
2721 2881 2879 2938 vellet
2912 2882 3051 2955 apud
3079 2882 3287 2941 Medio-

1695 2976 1875 3031 ianum
1942 2976 1995 3031 itt
2051 2977 2279 3032 cltorunt
2339 2975 2662 3033 clericorum
2714 2976 2959 3043 ituraire,
3011 2977 3290 3048 prohibuit

1693 3086 1820 3127 eum
1852 3073 2042 3127 beatus
2088 3069 2408 3125 Ambrosius
2440 3086 2453 3124 :
2486 3086 2504 3121 ι
2547 3069 2854 3134 Distinctio,
2887 3070 3082 3141 inquit,
3126 3070 3284 3127 debet

1695 3177 1815 3218 esse
1871 3166 2013 3218 inter
2051 3160 2280 3217 clericos
2303 3168 2356 3215 et
2384 3158 2572 3216 laicos.
2607 3159 2714 3231 ligo
2744 3176 2866 3215 cum
2898 3160 3116 3217 clericis
3148 3162 3285 3218 meis

1700 3255 1752 3311 itt
1794 3256 1962 3310 choro
2024 3253 2195 3310 debeo
2232 3253 2484 3324 psallere,
2537 3261 2590 3307 tu
2644 3268 2771 3306 vero
2824 3267 2944 3307 cum
2980 3252 3134 3310 laicis
3178 3256 3287 3312 tuis

1695 3356 1849 3402 extra
1879 3360 2055 3401 orare.
2092 3365 2110 3398 ι
2141 3344 2373 3401 Veniens
2408 3357 2586 3399 autem
2634 3343 2935 3415 imperator
2972 3347 3285 3404 Constanti-

1695 3438 1933 3509 nopolim
1989 3437 2189 3493 mansit
2229 3447 2381 3491 extra
2412 3437 2662 3491 chorum.
2698 3436 2797 3492 Cui
2844 3454 2967 3493 cum
2999 3439 3285 3512 episcopus

1695 3531 1903 3587 diceret
1931 3546 2101 3601 quare
2150 3530 2311 3585 solito
2343 3546 2495 3585 more
2528 3546 2631 3585 non
2674 3530 2900 3586 intraret
2949 3532 3000 3586 in
3031 3532 3281 3603 chorum,

1697 3625 2011 3697 respondit:
2062 3642 2081 3676 ι
2133 3623 2309 3679 Unum
2360 3623 2536 3679 solum
2578 3626 2889 3695 episcOpum
2920 3622 2974 3678 in
3026 3624 3284 3683 mundum

1696 3719 1900 3784 inveni,
1924 3720 2014 3790 qui
2040 3734 2161 3789 qua:
2193 3717 2500 3773 dilIerentia
2530 3719 2602 3773 sit
2630 3718 2769 3772 inter
2792 3717 2957 3774 laicos
2977 3726 3031 3774 et
3059 3718 3288 3778 clericos

1694 3827 1781 3866 tne
1808 3810 2010 3865 docuit.
2053 3829 2071 3863 ι

1767 3905 2026 3975 Sequitur
2049 3919 2175 3975 pars
2201 3904 2379 3969 tertia,
2419 3901 2469 3957 in
2498 3918 2603 3973 qua
2634 3901 2939 3959 ostenditur
2978 3900 3136 3961 Iesus
3165 3908 3291 3977 post

1697 3996 1931 4051 triduum
1965 3997 2017 4051 itt
2042 3995 2240 4067 templo
2270 4006 2536 4066 repertus,
2573 3997 2769 4051 sedens
2795 3996 2848 4051 ιιι
2893 3996 3075 4053 medio
3100 3998 3291 4055 docto-

1695 4105 1835 4153 rum,
1861 4090 2089 4145 audiens
2118 4104 2212 4145 eos
2249 4098 2305 4144 et
2356 4088 2714 4161 interrogans.
2755 4088 2926 4146 Porro
2955 4094 3098 4163 quod
3125 4090 3289 4152 Iesus

1694 4183 1975 4255 quieritur,
2004 4192 2060 4238 et
2089 4191 2209 4253 post
2237 4181 2475 4238 triduum
2508 4182 2799 4254 reperitur,
2835 4184 3109 4257 significat
3136 4185 3286 4258 quod

1694 4288 1749 4333 et
1772 4287 1899 4331 ante
1925 4277 2116 4349 legem,
2142 4285 2197 4332 et
2229 4278 2328 4331 sub
2354 4275 2471 4346 lege
2494 4277 2755 4346 quaesitus
2779 4277 2898 4343 fuit,
2925 4278 3023 4334 sed
3070 4286 3283 4335 tantum

1696 4370 1748 4427 iu
1784 4382 2025 4442 tempore
2051 4370 2239 4441 gratia:
2272 4379 2523 4441 repertus
2570 4380 2678 4426 est.
2709 4370 2863 4439 Quod
2900 4386 3030 4427 vero
3056 4370 3110 4427 in
3143 4379 3286 4428 tem-

1695 4464 1785 4537 plo
1816 4464 1869 4519 in
1915 4463 2094 4518 medio
2146 4463 2431 4518 doctorqu
2471 4464 2645 4529 sedet,
2680 4464 2831 4519 audit
2856 4474 2910 4520 et
2961 4465 3285 4537 interrogat,

34 4564 81 4603 ut
114 4551 467 4618 adveniunt,
501 4553 842 4612 celebremus
870 4572 965 4613 eas
1008 4574 1129 4614 cutn
1159 4576 1369 4618 summa
1420 4563 1589 4620 devo-
1622 4570 1667 4626 D
1694 4564 2112 4635 datexemplum
2145 4566 2329 4635 pueris
2356 4573 2411 4621 ct
2433 4566 2889 4633 adolescentibus,
2913 4576 2974 4623 ut
2996 4567 3287 4625 ecclesiam

25 4659 125 4710 ine,
176 4645 280 4701 loti
341 4647 484 4717 plus
540 4647 809 4703 tuentibus
847 4664 1010 4719 quam
1044 4654 1379 4723 corporibus,
1412 4656 1591 4713 ornati

26 4750 77 4790 as
101 4736 425 4795 virtutibus
450 4754 622 4809 quam
646 4724 911 4809 vestibus;
929 4759 995 4799 ne
1024 4744 1195 4801 simus
1227 4746 1381 4819 vacui
1406 4761 1590 4802 coram

25 4830 210 4886 nuino.
241 4829 492 4889 Vacuus
515 4839 664 4888 certe
689 4848 874 4888 coram
902 4830 1012 4889 Deo
1040 4844 1145 4903 est,
1176 4851 1283 4892 non
1334 4837 1426 4907 qui
1484 4853 1591 4893 non

28 4921 117 4979 bet
175 4925 234 4980 in
296 4942 492 4982 manu
545 4927 855 4997 pecuniam,
888 4928 983 4983 sed
1033 4929 1126 4999 qui
1178 4944 1281 4984 non
1324 4929 1487 4986 habet
1542 4931 1592 4986 in

26 5016 133 5074 imo
172 5020 587 5076 devotionem.
621 5017 736 5073 Non
770 5030 855 5075 est
877 5020 1022 5077 enim
1059 5036 1254 5077 manus
1278 5038 1449 5078 vacua
1481 5039 1595 5079 mu-

27 5124 99 5175 re,
149 5112 197 5167 si
224 5128 375 5169 arca
412 5112 611 5168 contis
634 5122 718 5167 est
747 5112 945 5183 repleta
978 5114 1116 5169 bona
1154 5114 1451 5171 voluntate.
1486 5114 1593 5171 Sed

28 5203 78 5261 in
108 5208 219 5266 hoc
251 5207 419 5281 quod
470 5207 631 5263 beata
665 5209 826 5281 Virgo
857 5221 911 5265 ct
932 5210 1132 5283 Ioseph
1159 5227 1384 5283 puerttnt
1408 5212 1591 5268 Iesum

28 5299 264 5355 otannis
316 5299 395 5354 ad
431 5297 819 5355 solemnitates
860 5302 1059 5357 ducant
1086 5302 1409 5370 Ierusalem,
1452 5320 1594 5375 pra:-

29 5408 89 5452 nt
114 5399 310 5465 vobis,
356 5407 570 5468 patres
596 5406 650 5452 et
681 5396 1141 5463 matresfamilias,
1165 5398 1492 5470 exemplum,
1536 5408 1597 5456 ut

27 5507 84 5550 os
111 5506 356 5550 vestros
388 5500 695 5565 postquam
732 5494 1031 5565 intelligere
1078 5504 1385 5563 cmperunt,
1413 5495 1479 5549 ad
1502 5509 1595 5550 ec-

27 5588 167 5645 siam
200 5588 479 5652 dulcatis,
523 5594 574 5640 et
597 5600 691 5641 eos
723 5586 889 5642 Deuut
932 5587 1145 5650 timere,
1192 5585 1516 5655 supplicare,
1541 5594 1598 5642 et

28 5700 98 5739 re
141 5682 455 5741 doceatis.
498 5677 651 5735 lllant
695 5681 838 5736 enim
877 5680 1043 5735 vitam
1079 5678 1290 5733 firmius
1324 5688 1593 5744 tenemus,

27 5796 98 5834 tm
118 5779 197 5836 ab
224 5774 509 5835 infantia
538 5775 730 5829 sectari
760 5773 1166 5830 consuevimus.

27 5875 300 5945 Sequitur
357 5884 520 5940 pars
571 5868 827 5933 secunda,
866 5869 918 5923 in
964 5884 1071 5937 qua
1119 5864 1425 5923 ostenditur
1463 5882 1595 5938 puer

385 5967 651 6028 ειίτιιοι
677 6007 692 6022 .
736 5962 780 6023 (ἶ
795 5962 917 6026 ΙΝ.

1696 4653 2062 4726 frequentem,
2118 4656 2368 4712 doctores
2404 4657 2650 4722 audiant,
2685 4666 2743 4713 et
2778 4672 2873 4714 eos
2917 4658 2985 4713 de
3038 4658 3288 4715 doctrina

1694 4747 1888 4801 anima.-
1923 4746 2280 4818 interrogent.
2310 4747 2421 4804 lloc
2444 4750 2608 4805 etiam
2636 4750 2932 4805 notandum
2951 4760 3055 4817 est,
3088 4750 3288 4807 fratres

1697 4840 1825 4907 mei,
1857 4826 2001 4911 quod
2029 4840 2359 4914 Redemptor
2378 4853 2561 4899 noster
2584 4842 2798 4915 legitur,
2830 4860 2953 4899 cmtt
2981 4854 3127 4900 esset
3153 4848 3289 4900 duo-

1695 4936 1850 4991 denis
1899 4934 2101 5009 [annis]
2143 4944 2374 5001 tantunt,
2410 4936 2625 4991 audisse
2677 4945 2734 4990 et
2764 4937 3147 5008 interrogasse,
3185 4950 3287 4994 nec

1696 5045 1867 5099 usque
1903 5030 1954 5084 iu
1990 5028 2265 5083 tricesimo
2291 5045 2433 5083 anno
2460 5029 2676 5100 publice
2700 5031 2972 5086 docuisse.
3010 5027 3284 5084 Ezecltieli

1696 5136 1910 5193 quoque
1937 5123 1988 5177 in
2020 5123 2294 5179 tricesimo
2332 5138 2473 5179 anno
2515 5124 2685 5195 aperti
2713 5134 2838 5179 sunt
2865 5124 3013 5190 coeli,
3066 5133 3123 5178 et
3152 5123 3289 5179 vidit

1696 5218 1933 5272 visiones
1983 5216 2097 5271 Dei.
2140 5215 2389 5273 Cauones
2417 5217 2582 5273 etiam
2632 5219 2920 5288 prohibent
2966 5235 3031 5273 ne
3062 5218 3286 5300 aliquis,

1696 5310 1799 5365 nisi
1828 5309 2175 5375 tricenarius,
2197 5310 2262 5365 ad
2286 5310 2651 5366 sacerdotium
2675 5314 2935 5366 accedere
2966 5321 3283 5381 prmsumat.

1697 5400 1836 5457 llinc
1898 5402 2081 5469 itaque
2128 5401 2533 5457 confumluutur
2584 5403 2674 5472 qui
2728 5410 2854 5457 ante
2909 5404 3283 5474 prrcscriptam

1696 5500 1933 5555 aetatem,
1973 5489 2057 5545 vel
2087 5492 2152 5545 ad
2194 5492 2583 5555 sacerdotium,
2612 5492 2698 5547 vel
2723 5493 2790 5545 ad
2814 5491 3048 5547 ofIieium
3086 5487 3287 5561 prsidi-

1698 5583 1927 5641 CaIionis
1952 5583 2151 5639 audent
2171 5584 2431 5653 aSpirarc.
2461 5584 2737 5654 Sapit-mia
2770 5583 2862 5640 Dei
2913 5583 3088 5639 Patris
3113 5583 3288 5641 uoluit

1698 5689 1826 5735 ante
1858 5679 2076 5750 triginta
2104 5693 2277 5733 annos
2306 5677 2521 5750 publice
2558 5680 2873 5751 prardicare.
2908 5677 2972 5733 Et
3004 5686 3057 5731 tu
3095 5677 3283 5745 stulte,

1698 5773 1955 5845 superbe,
2002 5781 2297 5843 antequam
2352 5770 2571 5827 noveris
2620 5787 2743 5828 esse
2786 5769 3104 5841 discipulus,
3131 5772 3284 5839 Cttpil

1698 5867 1959 5936 magister
2003 5868 2161 5922 esse?
2190 5865 2343 5933 Quod
2378 5880 2505 5921 vero
2548 5865 2885 5921 mirabantur
2912 5877 3102 5916 omnes
3125 5877 3225 5934 sup
3240 5885 3291 5927 τι·

2966 5953 3046 6019 56
