3820 6312
524 347 662 427 1759

1514 329 2713 424 sanemus.-nAoULPutanDEXTu-
3500 421 3504 423 Α
3600 357 3678 426 an

518 483 802 553 prudentia
832 490 888 537 et
912 479 1188 550 responsis
1208 475 1346 547 ejus,
1382 473 1593 545 signum
1628 480 1746 527 erat
1793 469 1988 526 divinae
2013 484 2102 525 sa-
2128 476 2176 533 Α
2207 467 2410 524 tatibus
2465 475 2520 525 et
2563 467 2719 522 bonis
2756 467 3014 538 operibus
3054 477 3365 526 mereamur
3405 464 3628 543 abundare,
3648 490 3679 539 et

517 575 757 646 pientiae,
795 589 913 644 qua:
950 567 1348 642 quodammodo
1386 581 1479 620 eos
1526 560 1774 629 docebat,
1805 560 1931 617 dum
1978 574 2103 634 pru-

520 670 713 723 denter
739 679 833 717 eos
862 659 1249 733 interrogabat.

586 758 854 829 Sequitur
886 770 1011 825 pars
1064 760 1278 823 quarta,
1325 749 1377 804 in
1407 764 1513 820 qua
1562 744 1826 801 Dominus
1871 740 2107 800 ostendit

518 852 647 923 quid
685 850 829 906 Patri
862 847 1093 911 CtBlCSll,
1131 843 1334 917 etquid
1367 842 1524 898 matri
1556 838 1760 897 carnali
1789 840 2102 896 debeamus.

518 945 654 1000 Nam
703 959 825 999 cum
868 943 1025 997 beata
1067 939 1229 1011 Virgo
1265 944 1687 1007 conquereretur
1738 948 1753 987 :
1812 930 1939 997 Fili,
1979 931 2104 1003 quid

519 1039 699 1106 fecisti.
718 1037 861 1089 nobis
890 1033 1005 1089 sic.’
1035 1031 1143 1102 ligo
1166 1041 1214 1086 et
1242 1040 1389 1100 pater
1410 1024 2109 1104 tttns,dolentes,qna'reba-

516 1144 633 1183 mus
659 1127 750 1181 te?
777 1124 1060 1194 Respondit
1092 1138 1110 1177 :
1141 1122 1204 1176 Et
1233 1121 1357 1193 quid
1386 1130 1459 1175 est
1486 1120 1623 1186 quod
1647 1135 1724 1173 me
1750 1110 2105 1190 qua‘rebatis?

518 1219 840 1281 nesciebatis,
867 1220 992 1288 quia
1019 1217 1074 1270 in
1103 1216 1182 1270 Itis
1207 1232 1324 1283 qua:
1366 1210 1545 1267 Patris
1585 1208 1685 1265 mei
1724 1221 1866 1273 sunt,
1907 1216 2104 1280 oportet

518 1326 600 1365 me
651 1307 799 1365 esse!
847 1306 959 1365 Non
990 1315 1168 1363 autem
1203 1307 1254 1360 in
1284 1304 1385 1361 hoc
1415 1300 1557 1376 quod
1586 1319 1707 1357 eum
1742 1298 1895 1372 quasi
1940 1300 2105 1355 lilium

517 1414 767 1475 quaerunt
788 1404 1077 1475 vituperat,
1107 1402 1199 1457 se.l
1230 1402 1351 1465 quis
1381 1400 1482 1454 sibi
1512 1413 1675 1451 verus
1706 1406 1861 1466 pater
1907 1393 1997 1459 sit,
2024 1393 2108 1446 in-

516 1499 718 1553 sinuat.
755 1498 809 1551 ln
847 1512 976 1566 quo,
1012 1495 1231 1559 fratres,
1283 1508 1379 1546 nos
1408 1491 1588 1555 docet,
1642 1497 1968 1558 praeceptum
2013 1483 2104 1539 Dei

517 1592 696 1647 Patris
740 1600 795 1645 et
838 1588 1026 1644 matris
1073 1584 1329 1642 lﬁcclesizc
1360 1594 1627 1655 praecepto
1656 1580 1889 1635 carnalis
1936 1577 2108 1648 patris

518 1694 573 1740 et
604 1684 794 1738 matris
840 1695 1173 1753 praeponere.
1225 1678 1375 1732 Sicut
1424 1674 1565 1730 idem
1611 1671 1738 1727 alibi
1783 1670 1954 1725 dicit:
2003 1666 2107 1735 Qui

517 1788 661 1830 ornat
694 1778 893 1845 βίαια-ιιι
924 1783 1017 1826 aut
1060 1782 1276 1823 matrem
1306 1766 1421 1835 plus
1450 1781 1606 1836 quam
1654 1779 1753 1825 me,
1789 1776 1891 1815 non
1918 1770 1992 1815 est
2022 1772 2103 1812 me

2213 564 2386 636 ipsum
2426 560 2493 618 de
2530 563 2684 618 bonis
2713 562 2867 618 donis
2918 563 3031 620 suis
3057 562 3111 619 in
3159 574 3420 621 mternum
3450 567 3680 641 benedicere,

2214 657 2329 729 ipso
2358 652 2626 726 largiente
2654 656 2891 727 quicum
2925 651 3087 711 Patre
3124 664 3179 714 et
3206 653 3411 727 Spiritu
3445 670 3589 715 sancto
3610 664 3681 719 vivit

2211 756 2268 807 et
2292 759 2481 821 regnat
2509 748 2669 805 Deus.
2702 751 2896 806 Amen.

2782 840 3066 900 ilOillLlA
3118 834 3238 899 XX.

2354 954 2606 994 DOMINICA
2641 950 2875 994 εεευκιιλ
2907 952 3036 993 Ροετ
3069 946 3396 992 ΕΡΙΡΠΔΝΙΛΒ
3430 949 3591 991 1501111.

2288 1024 2550 1082 [labentes
2594 1026 2924 1091 donationes,
2967 1027 3256 1081 secundum
3284 1026 3493 1094 gratiam
3517 1042 3601 1096 qtae
3619 1031 3690 1085 dum

2212 1126 2287 1172 est
2333 1115 2502 1183 nobis,
2529 1112 2827 1185 di/fercnies
2860 1106 3037 1185 (Rom.
3069 1114 3204 1185 xu),
3231 1118 3343 1170 etc.
3374 1112 3637 1172 (linunt-iens
3663 1128 3689 1173 cl

2211 1209 2515 1280 praevidens
2540 1202 2796 1263 Dominus
2828 1204 2988 1269 Deus,
3015 1206 3185 1261 noluit
3212 1221 3405 1261 omnes
3427 1208 3692 1279 gratiasaliail

2218 1304 2348 1356 dare
2376 1317 2441 1355 tte
2470 1300 2798 1372 superbitet,
2828 1299 2969 1354 sicut
3005 1296 3257 1370 angelus,
3289 1294 3383 1368 qui
3422 1310 3517 1371 pra!
3534 1295 3693 1372 largitate

2213 1392 2538 1465 gratiarum,
2565 1393 2896 1464 superhivit;
2925 1404 3024 1448 nec
3050 1389 3221 1447 \‘oluit
3248 1388 3407 1445 alit-ui
3430 1388 3589 1448 nullam
3604 1397 3696 1462 dare,

2212 1503 2279 1542 ne
2299 1486 2438 1542 sicut
2460 1492 2744 1556 despectus
2765 1486 3098 1555 desperaret,
3128 1484 3270 1539 sicut
3293 1481 3472 1547 .ltnlas,
3493 1482 3565 1557 qui
3582 1484 3695 1543 rident

2211 1594 2271 1634 se
2296 1584 2513 1649 propter
2541 1582 2822 1647 peccatum
2850 1574 2997 1631 onmi
3030 1574 3206 1648 gratia
3238 1575 3507 1638 nudatum,
3531 1576 3693 1650 despera-

2214 1672 2309 1727 vit.
2342 1672 2446 1733 Sed
2500 1670 2666 1726 voluit
2723 1673 2851 1727 dare
2880 1684 3041 1725 unam
3077 1669 3194 1736 uni,
3253 1668 3476 1725 alteram
3522 1668 3699 1733 alterm!

2212 1766 2443 1836 quisque
2468 1762 2531 1819 de
2579 1760 2761 1820 habita
2790 1764 2982 1819 tret'eri
3019 1772 3223 1834 posset,
3258 1764 3326 1819 de
3356 1780 3454 1818 nun
3481 1763 3622 1819 habita
3644 1765 3701 1819 luto

517 1840 706 1937 dignus
758 1864 974 1935 (.llatzh.
1008 1862 1085 1932 χ).
1134 1859 1361 1928 Quando
1400 1870 1576 1912 tamen
1627 1862 1956 1926 praeceptum
2001 1861 2109 1906 tcr-
2143 1840 2185 1905 Β
2215 1857 2538 1923 minaretur,
2586 1867 2639 1912 ct
2697 1852 2983 1913 habentem
3043 1855 3145 1913 sibi
3195 1854 3491 1925 prarferret,
3533 1862 3574 1911 (ι
3599 1866 3639 1911 ιιι
3663 1855 3702 1912 de

470 1966 476 1972 '
520 1959 635 2013 rcni
660 1958 827 2028 patris
850 1960 930 2010 vel
965 1955 1175 2017 tnatris,
1206 1968 1312 2007 non
1348 1950 1532 2006 obviat
1557 1958 1829 2020 praecepto
1863 1945 1976 2009 Dei,
2014 1944 2109 2000 de-

518 2052 708 2105 bemus
730 2048 777 2101 ci
805 2047 1079 2102 humiliter
1129 2044 1372 2099 obedire.
1432 2039 1583 2097 Unde
1620 2040 1881 2094 Dominus
1926 2034 2104 2099 Jesus,

518 2156 639 2193 cum
668 2136 816 2207 quasi
847 2133 1174 2206 increpando
1212 2132 1370 2187 matri
1402 2147 1512 2186 suae
1535 2138 1590 2184 et
1623 2127 1819 2198 Joseph
1847 2128 1995 2196 prius
2024 2142 2080 2180 re

516 2234 847 2303 spondisset,
880 2242 1003 2284 mox
1035 2238 1214 2282 tamen
1256 2226 1306 2277 in
1354 2221 1657 2279 humilitate
1687 2220 1765 2275 cis
1794 2230 1965 2290 paret.
2010 2219 2107 2274 Se-

515 2324 700 2393 quitur
724 2321 867 2375 enim
891 2318 1035 2389 quod
1064 2316 1328 2369 descendit
1364 2325 1480 2366 cum
1522 2311 1626 2364 illis
1654 2320 1701 2365 et
1752 2311 1881 2364 venit
1924 2307 2105 2363 Naza‘

514 2420 650 2479 rctli,
683 2424 727 2469 et
757 2426 864 2468 erat
891 2411 1129 2467 subditus
1168 2407 1292 2463 illis.
1332 2404 1625 2469 Erubesce,
1664 2402 1895 2474 superbe
1938 2402 2101 2467 cinis,

514 2508 793 2562 ctubesee.
823 2505 963 2559 Deus
995 2520 1052 2559 se
1087 2503 1265 2558 subdit
1298 2498 1523 2561 homini.
1558 2509 1611 2555 et
1663 2507 1719 2554 tu
1766 2498 1929 2553 homo
1956 2492 2105 2553 dedi-

514 2596 698 2669 gnaris
729 2596 885 2652 subdi
911 2594 1137 2651 homini.
1169 2592 1213 2649 Ο
1244 2594 1427 2658 homo,
1464 2592 1603 2645 Deus
1630 2605 1688 2646 se
1708 2588 1951 2646 subdidit
1982 2588 2102 2653 tibi,

514 2706 679 2748 causa
709 2689 896 2747 salutis
932 2694 1059 2753 tum,
1100 2698 1206 2742 non
1239 2696 1379 2752 sum;
1416 2692 1469 2741 et
1498 2693 1552 2739 tu
1585 2680 1897 2755 dedignaris
1946 2680 2101 2736 subdi

514 2782 646 2849 Deo,
686 2782 770 2839 vel
800 2774 1027 2845 homini,
1063 2796 1226 2836 causa
1254 2772 1443 2834 salutis
1479 2782 1581 2831 tua:
1612 2790 1717 2831 non
1753 2790 1883 2830 sine.
1936 2771 2096 2839 llinc,

515 2866 735 2946 fratres,
768 2876 894 2932 hinc
933 2872 1205 2931 discamus
1231 2868 1385 2929 subdi
1413 2869 1541 2934 Deo,
1576 2868 1728 2923 subdi
1760 2867 2099 2938 parentibus,

518 2981 576 3027 et
605 2964 772 3026 etiam
821 2966 1040 3024 cuilibet
1079 2974 1323 3039 perSona‘.
1375 2974 1596 3037 propter
1643 2961 1829 3017 Deum.
1880 2960 2102 3029 Quoties

513 3062 661 3121 enim
688 3061 778 3117 alii
811 3058 965 3117 'subdi
998 3059 1417 3119 contemnimus.
1451 3055 1696 3126 exetnpio
1727 3061 1781 3111 et
1832 3063 2103 3124 prmccpto

514 3154 718 3214 Christi
756 3155 1111 3219 contraimus,
1140 3162 1197 3209 et
1225 3150 1423 3207 diaboli
1458 3149 1767 3220 superbiam
1802 3148 2097 3203 imi1amur.

2210 1948 2427 2023 propria
2456 1950 2627 2021 gratia
2656 1948 2993 2005 ministraret
3020 1947 3163 2015 aliis,
3193 1947 3341 2003 sicut
3373 1946 3557 2004 volebat
3593 1947 3702 2001 alium

2211 2046 2277 2100 de
2310 2045 2420 2099 sui.-
2470 2043 2660 2113 gratiis
2707 2043 3017 2099 ministrare
3050 2040 3176 2105 sibi,
3213 2048 3273 2097 ut
3333 2052 3474 2096 more
3516 2040 3704 2096 nicmbroo

2211 2152 2328 2193 rum
2376 2139 2738 2191 lutinanorum
2769 2136 2871 2191 sibi
2920 2132 3151 2191 invicem
3185 2133 3557 2198 subschireul,
3590 2144 3707 2205 etpts

2209 2230 2482 2285 connuuni
2530 2230 2706 2285 salute
2748 2228 3110 2284 communiter
3152 2228 3478 2284 laborarent.
3530 2225 3615 2281 lloc
3657 2233 3707 2281 rs!

2208 2340 2337 2395 ergo
2372 2324 2515 2393 quod
2560 2322 2849 2394 Apostolus
2903 2324 2980 2378 ait
3012 2340 3025 2377 :
3060 2318 3329 2378 Habentes
3370 2323 3626 2377 donationes
3659 2337 3701 2376 te

2209 2417 2437 2470 cundum
2487 2418 2711 2487 grariant
2751 2432 2869 2487 qua:
2916 2418 3044 2471 data
3096 2423 3176 2473 est
3231 2414 3410 2481 nobis,
3458 2413 3709 2484 dilemma,

2210 2504 2262 2561 id
2292 2516 2378 2562 est
2413 2504 2674 2563 habentes
2716 2507 2852 2562 dona
2894 2507 3111 2564 diversa
3165 2507 3458 2564 secundum
3502 2507 3583 2562 hoc
3620 2505 3712 2577 quod

2208 2601 2470 2657 Dominus
2505 2599 2795 2673 unicuique
2838 2610 3087 2657 nostrum
3130 2602 3305 2672 gratis
3337 2598 3492 2657 dedit.
3538 2600 3605 2662 Et.
3628 2598 3710 2654 Still-

2209 2690 2401 2749 dividit
2422 2694 2626 2763 gratias
2651 2711 2666 2761 ;
2706 2694 2823 2751 Sive
2844 2695 3170 2765 prophetiam
3197 2694 3475 2758 habentes,
3499 2692 3713 2748 habeamnt

2209 2798 2351 2853 eam,
2414 2790 2700 2843 secundum
2754 2790 3011 2843 rationem
3070 2786 3219 2858 ﬁdei.
3289 2782 3595 2858 Prophetiam
3630 2792 3713 2838 vero

2210 2892 2369 2938 vocat
2407 2882 2744 2937 occultorum
2788 2882 3056 2950 notitiam,
3098 2891 3155 2937 et
3198 2881 3574 2954 Scripturartnn
3601 2878 3715 2935 iuta-

2207 2975 2593 3045 pretationem,
2640 2988 2801 3045 quam
2833 2974 3088 3046 gratiam,
3131 2974 3177 3030 si
3207 2976 3335 3045 quis
3374 2973 3536 3037 habet,
3576 2968 3717 3029 habent

2208 3081 2327 3121 eam
2366 3070 2661 3121 secundum
2708 3065 3060 3121 intentiouctn
3098 3061 3247 3131 ihlci,
3284 3075 3341 3122 ut
3372 3080 3400 3120 a
3428 3064 3531 3122 fidei
3554 3065 3717 3119 veritate

2215 3162 2526 3232 Scripturas
2566 3174 2670 3217 non
2701 3159 3060 3232 distorqueat.
3092 3162 3235 3218 sicut
3264 3161 3508 3225 Arianus,
3530 3153 3708 3215 Sabelli:

513 3246 797 3303 Discamus
844 3246 1113 3318 pr:eeipue
1166 3244 1322 3301 subdi
1354 3214 1689 3315 parentibus,
1724 3251 1778 3297 et
1810 3241 1889 3296 eis
1932 3240 2094 3295 nutri-

2212 3266 2337 3318 nus,
2375 3262 2429 3308 el
2454 3252 2639 3308 caeteri
2679 3214 2939 3307 haeretici.
3012 3248 3126 3307 lloe
3173 3258 3363 3307 contra
3398 3250 3503 3305 illos
3535 3258 3619 3315 est,
3656 3238 3719 3317 Qui

514 3353 651 3398 tura:
675 3349 874 3396 nosti-re
895 3338 1319 3396 vicissitudinem
1353 3337 1600 3394 reddere.
1627 3335 1728 3405 Qui
1757 3334 1902 3391 enim
1932 3335 2106 3391 hono-

514 3444 602 3491 rat
625 3442 843 3507 propter
880 3434 1047 3490 Detnn
1074 3444 1282 3505 patrem
1330 3433 1414 3488 vel
1449 3440 1699 3493 matrem,
1749 3446 1855 3485 non
1882 3430 1987 3485 erit
2024 3431 2075 3484 in

513 3528 753 3587 ltonorus
787 3536 912 3584 ante
948 3526 1137 3583 Demn.

587 3618 844 3693 Sequitur
871 3635 995 3691 pars
1018 3616 1231 3691 quinta,
1264 3610 1315 3673 in
1340 3632 1443 3690 qua
1476 3615 1756 3688 diligentia
1785 3626 1840 3673 et
1869 3615 2103 3687 pruden-

516 3710 589 3771 tia
613 3714 782 3771 beata:
819 3710 1052 3785 Virginis
1082 3712 1406 3775 ostenditur,
1435 3726 1556 3766 cum
1582 3709 1833 3765 subditur
1860 3727 1872 3763 ε
1924 3706 2101 3763 Maria

513 3819 689 3865 autem
707 3808 1043 3863 conservabat
1066 3807 1242 3861 omnia
1267 3806 1418 3861 rerba
1443 3805 1551 3859 [nec
1568 3804 1840 3872 conferens
1868 3803 1921 3857 in
1951 3800 2103 3856 corde

422 3960 425 3963 λ
511 3921 630 3959 suo.
658 3901 775 3959 Non
806 3900 991 3957 minus
1034 3894 1177 3956 enim
1208 3898 1459 3954 castitate
1489 3898 1600 3953 eris
1654 3912 1815 3968 quam
1856 3896 2105 3965 corporis

512 3996 815 4063 imitabilis,
848 3992 1030 4050 omnia
1058 4010 1176 4065 quae
1231 3994 1298 4049 de
1345 3993 1596 4059 Domino,
1647 3987 1733 4047 vel
1768 4002 1797 4045 a
1849 3989 2098 4054 Domino,

512 4086 659 4150 facta
682 4091 892 4148 dictare
915 4090 1294 4161 cognoscebat,
1322 4088 1434 4145 sive
1457 4083 1803 4157 intelligeret,
1824 4087 1922 4141 sub
1944 4085 2105 4140 sifea-

515 4185 592 4241 tio
651 4182 704 4238 in
754 4182 1016 4240 memoria
1072 4178 1437 4245 recondebat,
1488 4188 1566 4242 ut,
1623 4176 1840 4247 quando
1893 4182 2102 4246 laturus

513 4275 749 4341 adesset,
781 4272 1056 4338 uniVersa,
1082 4279 1240 4341 prout
1279 4278 1425 4339 gesta
1455 4269 1666 4324 dictave
1694 4266 1927 4331 fuerant,
1954 4279 2091 4336 quzc-

515 4364 757 4424 rentibus
778 4375 832 4421 et
863 4362 1225 4421 scribentibus
1245 4360 1561 4431 explicaret.
1586 4358 1756 4431 Cujus
1786 4355 2095 4429 exemplum

513 4470 613 4531 pro
672 4458 888 4514 modulo
941 4466 1147 4523 nostro,
1194 4452 1393 4511 fratres
1420 4453 1750 4517 charissimi,
1783 4464 2098 4522 sequamur,

511 4550 776 4609 habentes
805 4551 945 4608 labia
994 4548 1342 4614 circumcisa,
1373 4546 1783 4618 modestamqnc
1815 4544 2098 4601 taciturni-

513 4652 705 4714 tatem,
732 4644 1083 4718 omniumque
1110 4645 1376 4702 bonorum
1418 4642 1470 4697 in
1501 4640 1681 4696 cordis
1714 4638 1886 4696 nostri
1916 4652 2096 4695 arma‘

514 4739 651 4797 riolo
674 4740 1130 4797 conservantiam.

585 4833 843 4906 Sequitur
884 4846 1011 4903 pars
1052 4838 1203 4887 sexta
1252 4828 1305 4884 in
1343 4839 1447 4898 qua
1476 4822 1780 4882 ostenditur
1823 4823 2096 4898 profectus

514 4930 666 5001 pueri
712 4925 837 4984 Jcsu
880 4938 1005 4982 cum
1035 4920 1331 4979 subditur:
1371 4918 1517 4976 Puer
1564 4927 1739 4974 autem
1790 4916 2097 4990 proﬁciebat

512 5020 790 5093 sapientia,
816 5028 864 5073 et
890 5026 1043 5073 atate
1075 5026 1123 5072 et
1159 5016 1332 5088 gratia
1378 5013 1521 5086 apud
1559 5010 1723 5069 Deam
1750 5022 1797 5068 et
1838 5012 2093 5069 hantiues.

513 5113 664 5181 Quod
695 5120 855 5165 aztate
884 5110 1180 5164 secundum
1219 5117 1469 5163 naturam
1528 5100 1882 5162 lunnauitatis
1934 5108 2097 5175 proli-

512 5203 710 5262 cicbat.
744 5206 986 5271 apparet.
1013 5196 1117 5254 Sed
1154 5211 1262 5268 quo
1293 5196 1474 5258 modo,
1504 5194 1705 5251 fratres
1731 5195 1858 5259 mei,
1891 5194 1983 5264 qui
2028 5194 2096 5249 ab

512 5306 715 5351 aeterno
742 5292 999 5363 sapientia
1015 5288 1201 5363 plenus
1227 5300 1368 5359 erat,
1398 5290 1506 5345 imo
1527 5289 1643 5360 ipsa
1673 5287 1935 5358 sapientia
1955 5292 2093 5353 erat,

512 5386 777 5459 Sapientia
828 5395 882 5441 et
928 5387 1098 5457 gratia
1130 5382 1481 5457 proﬁciebat?
1508 5381 1836 5439 Proficiebat
1877 5378 2092 5450 quidem

512 5498 618 5538 non
651 5481 776 5544 sibi,
802 5478 893 5536 sed
927 5480 1045 5535 aliis
1067 5481 1329 5553 sapientia
1354 5468 1409 5535 et
1439 5479 1637 5551 gratia,
1675 5475 1799 5531 dum
1831 5488 1926 5531 eas
1955 5489 2094 5545 pauo

508 5575 661 5633 latim
696 5576 1005 5634 hominibus
1038 5578 1373 5635 declarabat.
1404 5575 1557 5634 Unde
1590 5570 1731 5629 Deus
1782 5570 1942 5627 Pater
1980 5572 2101 5649 glo-A

508 5675 845 5737 riiicahatur,
883 5685 936 5730 et
969 5674 1215 5731 homines
1246 5673 1603 5727 mirabantur.
1639 5666 2093 5735 Utinatn,fratrt-s

509 5767 638 5834 turi,
689 5767 937 5839 proficiat
966 5779 1017 5825 et
1052 5768 1112 5827 in
1140 5765 1313 5829 nobis,
1369 5774 1423 5818 ut
1474 5764 1641 5832 ipsam
1690 5758 2008 5833 sapientiam
2039 5772 2095 5818 et

510 5861 740 5934 gratiam
776 5876 928 5919 Suam
964 5859 1120 5916 nobis
1147 5857 1440 5913 cletnenter
1474 5857 1654 5919 donet,
1686 5864 1951 5923 quatenus
1979 5857 2091 5910 vir-

2210 3344 2520 3418 Scriptor-as
2564 3355 2669 3401 non
2701 3350 2997 3415 exponunt,
3049 3344 3146 3399 sed
3195 3351 3498 3414 apponunt;
3538 3342 3613 3415 qui
3647 3352 3722 3393 eos

2210 3442 2475 3503 releruut,
2528 3438 2621 3493 sed
2674 3436 2940 3504 all‘ernnt;
2991 3438 3081 3510 qui
3128 3436 3458 3494 voluntatem
3502 3450 3623 3492 suam
3645 3440 3721 3488 no.1

2206 3530 2481 3601 explicant
2512 3530 2827 3601 Scriptum,
2872 3530 2967 3586 sed
3010 3529 3354 3601 Scripturam
3398 3527 3625 3601 applicant
3660 3540 3724 3578 το-

2207 3620 2397 3676 luntati
2433 3637 2565 3678 sine.
2598 3622 2703 3678 Sed
2732 3623 2859 3695 quid
2890 3634 2991 3689 est,
3039 3623 3260 3689 fratres,
3299 3620 3437 3695 quod
3470 3624 3550 3688 ait,
3589 3632 3723 3674 tersa.

2207 3716 2330 3769 dum
2362 3716 2615 3771 razionem
2642 3716 2789 3790 ﬁdei,
2820 3732 2941 3772 cum
2968 3716 3101 3774 fides
3128 3718 3180 3773 in
3214 3716 3397 3773 multis
3418 3727 3579 3772 eontra
3604 3714 3723 3769 ratio-

2208 3825 2354 3877 nern,
2404 3808 2485 3864 vel
2517 3824 2679 3881 supra
2742 3812 3007 3867 rationem
3061 3810 3348 3867 habeatur.
3391 3812 3452 3867 Et
3496 3809 3602 3864 liees
3646 3816 3724 3860 aen

2208 3902 2405 3959 habeat
2431 3906 2705 3969 meritum,
2749 3906 2833 3962 cui
2868 3904 3104 3962 humana
3148 3906 3286 3974 ratio
3337 3906 3520 3977 pratbet
3563 3898 3727 3969 experi-

2208 4000 2469 4050 tncntum.
2503 3995 2639 4052 Cum
2670 3996 2816 4052 enim
2849 3997 3049 4054 dicitur
3092 3995 3237 4070 quod
3284 3992 3577 4052 immertalis
3614 4002 3723 4047 iner-

2206 4094 2329 4143 tuns
2354 4098 2459 4152 est.
2490 4099 2543 4146 et
2577 4090 2719 4160 quod
2750 4091 2903 4164 virgo
2943 4093 3192 4164 (‘Oltccpil
3232 4101 3285 4149 et
3328 4086 3539 4165 peperit,
3582 4092 3725 4141 tontrt

2205 4174 2471 4234 rationem
2499 4193 2620 4237 esse
2646 4180 2882 4251 videtur,
2924 4186 3018 4239 sed
3050 4194 3105 4239 et
3135 4183 3203 4240 de
3232 4182 3436 4240 ratione
3459 4190 3551 4245 cst,
3574 4179 3727 4235 fratres

2205 4268 2534 4339 charissimi,
2584 4281 2644 4329 ut
2684 4270 2776 4347 qui
2828 4276 3093 4333 rationem
3150 4285 3207 4333 et
3258 4287 3495 4333 naturam
3542 4267 3726 4329 modii?!

2203 4365 2525 4432 humanam,
2555 4378 2720 4439 Super
2753 4382 2873 4425 eam
2901 4367 3000 4435 sit,
3038 4377 3092 4425 ot
3123 4362 3191 4425 ab
3220 4384 3283 4426 ea
3312 4369 3426 4441 capi
3460 4383 3553 4423 non

2205 4458 2325 4514 Sire
2360 4460 2706 4515 ministerium
2745 4461 2798 4515 in
2849 4462 3224 4531 ministrando,
3272 4463 3323 4520 id
3360 4473 3440 4519 est
3485 4461 3565 4530 qui
3606 4456 3725 4514 lubt!

2202 4552 2431 4624 gratiam
2482 4550 2787 4620 ministerii,
2844 4565 2903 4613 ut
2963 4559 3272 4620 sacerdotii,
3318 4554 3397 4613 vel
3450 4556 3719 4611 diaconatus.

2202 4644 2287 4701 vel
2334 4656 2677 4715 cmicrorum,
2719 4646 2916 4705 habeat
2958 4664 3079 4705 eam
3116 4650 3168 4706 in
3198 4667 3297 4707 usu
3330 4645 3646 4705 tninistrandi.
3677 4646 3722 4695 εὶ

2202 4739 2410 4795 scilicet
2458 4739 2509 4796 in
2546 4740 2848 4798 ministerio
2897 4756 3004 4798 non
3042 4743 3114 4799 sit
3161 4744 3316 4816 piger
3362 4742 3445 4799 rei
3494 4738 3719 4815 neglistm.

2201 4830 2295 4888 sed
2342 4832 2589 4900 sollicite,
2622 4836 2815 4890 dcvolc
2856 4846 2913 4892 et
2941 4834 3193 4909 gnaviter
3228 4837 3515 4901 ministret,
3557 4831 3646 4902 quia
3672 4832 3722 4878 εὶ

2201 4924 2278 4980 ait
2300 4920 2603 4982 .leremias:
2645 4926 2960 4985 Maledicrus
2994 4929 3086 5002 qui
3115 4929 3245 5001 facit
3279 4946 3409 5001 Opus
3442 4927 3533 4984 Dei
3558 4920 3715 4996 [rerll-
3788 4994 3789 4997 η

2200 5015 2364 5073 lem"
2387 5017 2521 5090 (λενο
2543 5022 2753 5092 ηνιιι)·
2815 5020 2949 5089 Ποο.
2982 5018 3200 5090 fratres,
3234 5034 3423 5081 contra
3454 5012 3713 5081 illuseslqii
3786 5006 3795 5083 ί]

2200 5109 2408 5165 malunt
2440 5126 2674 5181 prmessc
2702 5126 2863 5185 quam
2892 5117 3168 5189 prodesse,
3200 5120 3292 5190 qui
3323 5127 3451 5175 sunt
3486 5100 3714 5171 sollicititi

2200 5206 2637 5278 εοιιενοειιιιίιιιηι
2677 5221 2983 5281 argentum.
3032 5223 3354 5284 Spe-ruentes
3387 5211 3618 5267 damnum
3639 5202 3713 5255 αεὶ-

2199 5304 2282 5353 illa
2294 5310 2433 5364 rum,
2451 5312 2587 5370 quos
2610 5296 2729 5371 plus
2758 5304 2930 5374 tangit
2951 5304 3182 5377 perditio
3203 5306 3368 5361 asina:
3384 5321 3542 5376 quam
3562 5300 3703 5351 ardeae

2199 5384 2321 5489 dire
2346 5392 2437 5489 qui
2462 5390 2611 5489 docet
2651 5396 2705 5450 in
2733 5397 2995 5462 doctrina,
3044 5400 3096 5455 id
3130 5402 3329 5473 estqui
3361 5398 3523 5456 habet
3546 5390 3706 5448 οῶεεε
3780 5384 3789 5489 ᾗ

2199 5482 2447 5565 docendi,
2492 5487 2683 5544 doceat
2733 5491 2784 5547 in
2830 5493 3100 5560 doctrina,
3143 5494 3198 5550 id
3241 5502 3325 5551 cst
3366 5492 3438 5550 ad
3481 5486 3705 5565 domis”?

2199 5496 2447 5565 docendi,
2492 5496 2683 5544 doceat
2733 5496 2784 5547 in
2830 5496 3100 5560 doctrina,
3143 5496 3198 5550 id
3241 5502 3325 5551 cst
3366 5496 3438 5550 ad
3481 5496 3705 5544 domum

2198 5578 2527 5637 auditorum.
2581 5579 2648 5637 Et
2689 5581 2792 5640 hoc
2831 5596 3017 5641 contra
3055 5587 3176 5644 illos
3208 5599 3311 5654 est,
3355 5586 3448 5657 qui
3492 5562 3705 5639 «terraHJ
3772 5496 3791 5717 ἦ

2198 5667 2418 5717 [σΙηιἸίιιῑι
2438 5674 2515 5717 τρι
2543 5677 2607 5717 Eni
2638 5676 2842 5717 IIII-run“
2895 5680 2999 5717 nni
3027 5682 3403 5717 ονΙιΛνιηΙίηιόιι
3431 5674 3581 5717 ογῘὶΩΓ
3599 5664 3704 5717 iiii}

2196 5667 2418 5741 gloriam
2438 5674 2515 5728 vel
2542 5677 2607 5728 ad
2638 5676 2864 5733 lucrum.
2895 5680 2999 5748 Qui
3025 5683 3333 5737 alim-mm,-
3350 5682 3403 5733 ίιι
3430 5674 3581 5734 arm
3599 5664 3704 5721 ιεέσ.
3780 5692 3781 5741 ἐ

2197 5764 2248 5819 id
2284 5774 2361 5818 ⁰⁵¹
2407 5770 2496 5837 (ἰυί
2530 5768 2688 5845 “alio!
2735 5771 2962 5842 gratiam
2996 5774 3339 5844 exhortandi,
3391 5774 3461 5825 sit
3506 5760 3705 5825 stilliriiu“
3778 5746 3781 5773 ⁴

2197 5853 2249 5910 in
2295 5856 2655 5929 exhortando,
2699 5878 2767 5919 ne
2794 5864 2858 5920 de
2889 5864 3205 5943 abscondito
3235 5866 3429 5922 talento
3460 5856 3701 5914 datumst-
3746 5782 3787 6159 }

3780 5270 3793 5425 ἐ

2196 5853 2249 5910 δ”
2295 5856 2655 5929 θῖί¹¹⁰ν¹ί¹¹¹ίῗον
2699 5878 2767 5919 lic
2794 5864 2858 5920 de
2889 5864 3205 5943 abscondito
3235 5866 3429 5922 talento
3460 5856 3701 5914 damaﬁw-
