3820 6312
533 377 671 444 ιιιε

1549 376 1894 438 ADDENDA.
1931 408 1995 420 —
2022 370 2374 437 RADULl’ill
2401 377 2671 439 ARDEN'l
2686 377 2746 438 IS
3611 386 3691 454 liii

533 502 649 557 Non
700 498 953 557 formavit
997 504 1177 554 autem
1211 495 1467 552 Dominus
1510 494 1791 551 mulierem
1834 495 1899 550 de
1947 494 2122 565 capite
2150 492 2195 551 Δ
2224 494 2523 562 Dominus,
2578 508 2633 551 ιιι
2687 497 2801 568 ipse
2852 495 3125 551 custodiat
3172 494 3443 555 introitum
3481 508 3525 555 et
3567 506 3687 569 eum

529 578 658 660 viri,
679 609 745 649 ne
770 592 894 647 inde
918 607 1081 663 super
1106 591 1280 645 virum
1306 587 1630 660 superbirct,
1656 603 1757 643 nec
1786 587 1851 644 de
1874 587 2114 659 pedibus,

531 706 601 746 ne
635 690 720 744 vir
752 704 873 743 eant
914 687 1251 756 despiceret,
1282 686 1375 739 sed
1410 684 1475 737 de
1519 682 1723 747 latere,
1760 690 1819 736 ιιι
1863 690 2117 752 tanquam

530 782 740 838 sociant
769 780 1034 850 diligeret.
1067 778 1202 845 Quid
1228 786 1310 831 est
1338 774 1679 846 coniugium?
1707 775 1963 847 Legiliuta
1987 790 2122 829 cou-

524 876 736 948 juuctio
766 875 932 930 tuaris
954 882 1007 928 et
1033 872 1266 935 femium,
1297 871 1628 925 individuam
1671 870 1795 924 vita:
1828 877 2119 924 consuetu-

532 968 715 1022 dinem
746 970 1006 1021 retinens.
1041 964 1096 1019 Si
1140 964 1302 1034 igitur
1332 963 1639 1036 coniugiqu
1668 962 1968 1031 legitimum
2012 968 2114 1025 est,

532 1058 718 1127 utique
754 1060 950 1112 bonum
983 1063 1087 1109 est.
1120 1055 1249 1121 Qua:
1293 1063 1424 1108 sunt
1472 1053 1611 1108 bona
1648 1052 1926 1123 coniugii?
1955 1051 2115 1117 Tria,

534 1152 671 1213 ﬁdes
690 1148 915 1214 scilicet,
940 1160 1338 1202 sacrau‘ientutu
1366 1157 1420 1201 et
1450 1146 1651 1217 proles.
1675 1143 1942 1216 Coniuges
1971 1146 2115 1200 enim

531 1244 729 1297 debent
748 1256 867 1296 esse
894 1240 1095 1303 tidclcs,
1146 1258 1252 1295 non
1284 1240 1455 1295 solum
1484 1241 1592 1294 Deo
1622 1248 1675 1294 et
1703 1238 1988 1309 proximo,
2021 1238 2117 1292 sed

529 1334 694 1386 etiam
724 1333 825 1387 sibi
868 1333 1123 1398 invicem,
1155 1342 1211 1386 ut
1239 1332 1379 1387 sicut
1406 1332 1471 1384 ad
1502 1330 1727 1385 invicem
1774 1331 2115 1400 promittunt,

528 1424 658 1479 unio
688 1425 758 1479 sit
792 1424 1120 1490 animorum,
1166 1433 1219 1479 et
1250 1438 1538 1493 corporum
1584 1434 1637 1477 et
1676 1439 1877 1477 rerum.
1918 1422 2115 1477 Sarra-

529 1530 770 1576 mentutn
794 1531 906 1585 est,
942 1522 1200 1592 quoniam
1238 1528 1324 1574 est
1347 1535 1518 1574 sacra:
1554 1518 1631 1573 rei
1674 1520 1911 1590 signum.
1963 1517 2118 1573 Sicut

527 1616 672 1669 enim
711 1615 906 1671 mulier
948 1618 1013 1670 de
1048 1616 1216 1669 latere
1255 1613 1352 1668 viri
1384 1623 1468 1668 εει
1517 1612 1745 1667 formata
1788 1622 1842 1667 et
1883 1612 1931 1666 ei
1980 1627 2119 1667 con-

523 1706 709 1773 iuncta
766 1709 841 1763 ita
889 1709 1138 1763 Christus
1191 1723 1289 1777 per
1342 1706 1659 1777 sanguinem
1706 1715 1761 1760 et
1806 1720 2003 1776 aquam
2051 1705 2119 1761 de

527 1799 696 1855 latere
726 1816 824 1853 suo
858 1801 1108 1855 ﬂuentem
1136 1840 1150 1865 ,
1176 1798 1464 1853 formatam
1498 1798 1792 1853 Ecclesium
1824 1797 1924 1853 sibi
1954 1813 2117 1868 spon-

527 1909 644 1947 sam
678 1893 977 1961 coniunxit,
1015 1909 1136 1963 qua:
1179 1893 1280 1947 sibi
1325 1894 1467 1947 filios
1512 1894 1823 1962 spirituales
1873 1904 1969 1963 per
2015 1895 2113 1948 ba-

525 1987 786 2054 pt'smum
820 1988 1008 2058 gignit.
1053 1986 1238 2041 Proles
1284 1995 1367 2040 est
1406 1987 1568 2039 etiam
1600 1985 1810 2040 fructus
1852 1985 2112 2058 coniugii,

526 2089 753 2150 propter
793 2097 954 2151 quam
987 2079 1244 2151 coniuges
1296 2079 1495 2134 dehent
1538 2079 1811 2150 coniungi.
1862 2080 2112 2136 Meritum

524 2176 689 2229 etiam
725 2189 1077 2245 personarum
1112 2174 1454 2230 commendat
1480 2175 1825 2246 coniugium;
1855 2176 2113 2246 quoniam

526 2266 631 2322 nisi
654 2268 852 2323 bonum
876 2270 1353 2335 csset,Abrahatn,
1378 2268 1544 2333 lsaac,
1568 2268 1825 2335 etJacoh,
1855 2280 1910 2323 et
1932 2270 2111 2325 caeteri

524 2363 716 2423 sancti.
756 2364 1014 2435 coniuges
1049 2380 1154 2419 non
1200 2364 1505 2419 duxissent.
1553 2364 1706 2420 Unde
1744 2364 1940 2435 legitur
1968 2364 2111 2436 quod

524 2471 633 2511 non
661 2456 888 2512 minoris
918 2456 1094 2511 meriti
1133 2455 1235 2512 fuit
1261 2455 1568 2527 coniugium
1608 2456 1841 2512 Abrahae
1869 2467 2115 2528 tempore

520 2564 643 2611 suo,
685 2565 847 2620 quam
899 2550 1177 2605 caelibatus
1215 2550 1441 2606 Joannis
1490 2558 1734 2622 tempore
1795 2568 1913 2607 suo.
1965 2552 2113 2607 Prat-

520 2642 694 2697 sentia
753 2643 915 2697 etiam
966 2642 1167 2699 Christi
1221 2645 1437 2714 nuptias
1484 2645 1850 2707 commendat,
1896 2646 2011 2715 qui,
2051 2656 2109 2699 ιιι

520 2748 758 2804 praesens
792 2734 1144 2804 Evangelium
1174 2743 1423 2803 testatur,
1453 2751 1546 2790 sua
1576 2736 1861 2806 pricsentia
1892 2735 2111 2805 nuptias

520 2822 829 2887 honoravit,
854 2833 908 2880 et
934 2824 1194 2880 miraculo
1222 2824 1521 2881 decoravit.
1546 2824 1918 2880 Ostenduntur
1947 2826 2113 2894 igitur

521 2912 720 2969 fratres
760 2913 1102 2978 charissimi,
1148 2915 1200 2969 in
1241 2915 1344 2970 hae
1381 2915 1615 2971 lectione.
1659 2918 1901 2987 quinque
1944 2933 1959 2973 :
2003 2932 2108 2986 qua

519 3006 823 3061 intentione
853 3006 958 3061 sint
990 3007 1189 3078 nuptite
1213 3005 1549 3061 cclebrandre
1572 3023 1586 3071 ;
1608 3007 1696 3078 qui
1722 3008 1826 3061 sint
1848 3008 2109 3073 vocandi;

520 3099 651 3167 quid
691 3098 885 3153 debeat
927 3099 1159 3155 deiicere
1204 3102 1373 3171 quid;
1428 3100 1620 3155 debeat
1650 3101 1860 3167 adesse,
1886 3114 1941 3157 et
1982 3103 2110 3173 quid

2222 600 2488 657 nostrum,
2507 606 2573 645 ex
2599 590 2699 645 hoc
2717 606 2854 644 nunc
2873 598 2924 645 et
2945 590 3185 662 usquein
3201 590 3690 673 sarculum(Psai.m),

2219 683 2326 739 Per
2380 684 2700 738 munditiam
2750 686 3024 742 vocandus
3059 693 3144 740 est
3196 685 3375 749 Deus,
3411 689 3612 756 quoniam
3637 713 3691 764 per

2220 776 2618 833 immunditiam
2649 777 2802 848 fugit,
2833 786 2887 833 et
2916 778 2967 833 in
2994 778 3157 835 corde
3190 780 3388 835 mundo
3410 782 3695 852 requiescam

2222 868 2462 940 igiturin
2490 870 2783 925 sanctitate
2826 878 2881 925 et
2924 871 3191 926 munditia
3242 870 3454 941 nuptias
3488 874 3693 947 celebratis,

2222 962 2366 1018 Deus
2403 963 2591 1034 procul
2622 962 2784 1019 dubio
2815 979 3054 1035 przcsens
3077 964 3203 1028 erit,
3235 965 3377 1020 sicut
3399 966 3499 1035 ipse
3523 976 3694 1027 tcslatur:

2222 1052 2532 1126 Ubicunque
2560 1094 2576 1122 ,
2623 1056 2821 1127 inquit,
2852 1056 2958 1111 duo
2998 1057 3077 1112 vel
3118 1066 3224 1111 tres
3265 1060 3542 1127 congregati
3572 1066 3697 1119 suntin

2221 1148 2430 1201 nomine
2458 1165 2592 1212 meo,
2625 1165 2718 1218 ego
2748 1166 2862 1203 sum
2895 1150 2950 1203 in
2975 1150 3147 1204 medio
3171 1167 3353 1204 eorum
3384 1148 3570 1219 (Matth.
3590 1166 3699 1227 sun).

2292 1239 2583 1296 Accessuri
2618 1241 2782 1309 igitur
2821 1258 3054 1312 sponsus
3087 1253 3143 1299 et
3174 1259 3373 1313 sponsa
3404 1244 3465 1299 ad
3489 1260 3701 1306 sacramen-

2222 1342 2334 1387 tum
2390 1334 2742 1404 nuptiarum,
2801 1334 3003 1390 debent
3061 1336 3129 1390 de
3195 1336 3480 1406 prieteritis
3527 1322 3705 1409 penitus

2221 1425 2560 1490 excessibus,
2588 1437 2642 1480 et
2672 1435 2892 1498 peccata
2925 1443 3021 1483 sua
3061 1428 3335 1485 confiteri.
3380 1428 3487 1484 Non
3524 1431 3625 1487 enim
3647 1450 3703 1501 po-

2223 1525 2327 1573 test
2356 1533 2549 1572 novam
2577 1517 2741 1572 vitam
2775 1517 3057 1585 inchoare,
3081 1519 3171 1589 qui
3195 1528 3435 1575 veterem
3461 1535 3547 1575 non
3566 1521 3708 1595 deponit

2218 1608 2518 1664 hominem.
2568 1608 2677 1665 Nec
2709 1619 2887 1679 potest
2928 1610 3172 1681 recipere
3222 1609 3707 1685 benedictionemqui

2219 1701 2275 1756 in
2322 1702 2487 1756 corde
2516 1716 2615 1758 suo
2654 1712 2907 1758 reservat
2943 1702 3313 1774 iniquitatem.
3353 1702 3582 1776 Percepta
3606 1707 3707 1778 igitur

2219 1793 2599 1851 benedictione
2627 1795 2877 1865 nuptiali,
2901 1811 3009 1853 non
3033 1798 3220 1851 statim
3242 1796 3441 1853 debent
3464 1814 3562 1854 sese
3580 1815 3710 1871 cogno-

2220 1903 2392 1954 scere,
2423 1888 2514 1944 sed
2543 1889 2607 1943 da
2618 1906 2675 1944 re
2696 1890 2957 1945 honorem
2982 1900 3352 1958 sacramento,
3376 1900 3432 1947 et
3450 1893 3592 1961 prima
3611 1904 3712 1949 uocis

2218 1994 2341 2036 cum
2395 1980 2757 2037 lutninaribns
2798 1982 2852 2037 in
2915 1981 3146 2038 ecclesia
3208 1984 3435 2056 vigilare
3473 1994 3521 2041 et
3556 1987 3714 2043 orationi

2218 2087 2437 2128 vacare.
2486 2074 2742 2145 Legimus
2790 2074 2937 2130 enim
2988 2074 3132 2145 quod
3194 2074 3337 2131 Sara
3400 2076 3499 2131 tilia
3539 2076 3712 2149 Bogudis

2216 2176 2422 2235 septem
2469 2166 2686 2237 sponsis
2741 2168 2963 2239 nupsit,
3013 2167 3103 2238 qui
3159 2184 3286 2224 mox
3331 2169 3383 2225 in
3430 2170 3577 2240 prima
3613 2182 3717 2226 nocte

2216 2244 2462 2313 volentes
2496 2260 2923 2329 intemperanter
2961 2259 3030 2314 ad
3066 2275 3189 2337 eam
3220 2260 3496 2323 accedere,
3523 2261 3715 2318 adiabolo

2216 2351 2621 2407 suliocabantur
2644 2350 2798 2423 (Tob.
2830 2352 3043 2421 mm).
3072 2352 3224 2422 Quod
3249 2354 3446 2410 timens
3466 2353 3717 2410 Tobissctﬂt

2217 2444 2385 2500 nollet
2423 2460 2543 2501 eatn
2570 2445 2800 2511 ducere,
2838 2446 3076 2519 Raphael
3116 2433 3347 2517 angelus
3384 2448 3433 2502 ei
3462 2446 3717 2502 dixit:.i'oti

2217 2536 2433 2603 timere,
2467 2553 2625 2606 super
2658 2536 2949 2607 petulantes
2986 2547 3035 2592 et
3079 2537 3248 2593 Deum
3298 2555 3401 2593 non
3442 2539 3638 2593 timentes
3664 2554 3723 2605 ρον

2214 2635 2448 2681 testatem
2489 2626 2678 2682 habent
2706 2628 2992 2683 dwmouia.
3052 2626 3128 2683 Tu
3162 2638 3343 2684 autent
3386 2645 3499 2685 cunt
3534 2628 3719 2697 acceperit

2213 2736 2348 2783 eam,
2383 2720 2551 2774 tribus
2574 2721 2755 2776 diebus
2789 2722 3077 2777 continebis
3105 2722 3171 2776 ab
3199 2740 3263 2777 ea
3284 2762 3301 2788 ,
3328 2733 3375 2777 et
3398 2740 3486 2794 per
3506 2733 3643 2777 nocte:
3660 2738 3722 2776 ss-

2214 2814 2400 2868 cabitis
2428 2815 2777 2869 orationibus.
2810 2812 2993 2869 Prima
3019 2827 3168 2871 nocte
3191 2817 3404 2871 incenso
3427 2817 3579 2887 jecore
3593 2819 3721 2885 piscis,
3788 2872 3789 2887 η

2212 2905 2450 2973 precibus
2488 2906 2668 2961 vestris
2693 2906 2965 2977 fugabitur
2993 2907 3340 2964 da'ntom'um.
3382 2906 3594 2963 Secunde
3619 2919 3727 2962 nocte

2214 2996 2450 3060 orabitis,
2477 3009 2530 3050 ut
2571 2999 2626 3051 in
2661 2999 2907 3053 societate
2965 3000 3393 3081 patriarcharum
3426 3001 3722 3055 admittmisi.

2217 3083 2414 3152 Tertia,
2448 3087 2851 3144 benedictionem
2896 3091 3317 3155 consequantini,
3350 3102 3405 3145 ut
3442 3091 3599 3159 ﬁtiies
3621 3090 3729 3145 vobis

520 3191 738 3243 nmtari.
772 3190 890 3258 Qua
923 3190 1230 3247 intentione
1267 3193 1381 3247 sint
1412 3192 1772 3260 celebrandae,
1802 3196 2102 3250 ostenditur

2212 3188 2551 3245 procreentur
2599 3180 2905 3237 incolumes.
2956 3181 3199 3248 Quarta,
3246 3184 3464 3253 accipies
3486 3184 3650 3238 carnis
3677 3182 3728 3236 ti~

518 3294 641 3336 cum
672 3282 918 3337 subditur
948 3299 961 3335 :
992 3280 1209 3353 Nuptia:
1243 3283 1396 3352 factm
1420 3294 1540 3338 sunt
1580 3284 1635 3338 iu
1666 3284 1814 3339 Cana
1843 3284 2107 3341 Galilrcte.

518 3372 666 3431 Cana
689 3376 832 3429 enim
863 3385 947 3431 est
973 3376 1137 3443 zelus,
1170 3376 1389 3431 Calilica
1433 3376 1827 3447 interpretatur
1858 3378 2109 3432 transmi-

517 3466 711 3535 gratio.
746 3466 857 3522 lloc
890 3468 1034 3522 enim
1060 3468 1176 3522 zelo
1203 3481 1428 3523 uxorem
1459 3470 1657 3524 ducere
1690 3469 1968 3535 debemus,
2001 3485 2105 3526 non

516 3564 580 3610 ut
623 3572 747 3611 eum
793 3572 855 3613 ea
910 3573 1231 3613 maneamus
1272 3559 1323 3612 in
1368 3558 1610 3623 luxuria,
1641 3561 1736 3615 sed
1778 3571 1836 3616 ut
1875 3578 1997 3617 cum
2041 3576 2107 3616 ea

516 3648 786 3705 evitemus
812 3649 1103 3715 luxuriam,
1126 3657 1181 3705 ct
1205 3650 1650 3722 transmigremus
1682 3654 1748 3708 ad
1776 3652 2103 3709 castiatem.

517 3734 808 3808 Fugiamus
834 3736 986 3803 vitia,
1004 3747 1058 3792 et
1084 3737 1534 3810 trausmigretuus
1563 3741 1631 3795 ad
1658 3741 1921 3811 virtutes;
1948 3756 2104 3813 sper-

515 3845 713 3886 namus
742 3838 977 3895 terrena,
1003 3840 1058 3886 et
1085 3833 1543 3903 transmigrctnus
1569 3834 1635 3889 ad
1659 3834 1923 3889 caelestia.
1951 3834 2106 3891 Unde

516 3921 845 3991 Apostolus:
884 3922 1104 3993 Propter
1138 3924 1837 3994 fornicationem,fsubandi
1892 3929 2103 3982 evitan-

515 4010 666 4076 dam,
709 4013 896 4067 habeat
943 4013 1161 4084 quisque
1208 4030 1426 4069 uxorem
1472 4031 1625 4069 suam
1670 4015 1746 4085 (l.
1799 4014 1924 4073 Cor.
1980 4017 2101 4088 vn).

514 4102 727 4161 ilabeut
779 4105 924 4160 enim
980 4107 1180 4177 nuptiae
1239 4106 1576 4163 castistatem
1633 4123 1808 4164 suam.
1862 4108 2103 4167 Peccant

513 4192 699 4264 igitur,
743 4194 942 4250 fratres
976 4197 1243 4267 tnei,qui,
1284 4212 1394 4253 non
1451 4208 1597 4255 recta
1638 4200 1958 4269 intentione,
2006 4202 2101 4258 sed

513 4296 737 4359 propter
765 4288 1041 4344 libid-uem
1070 4329 1085 4354 ,
1120 4301 1344 4363 propter
1368 4292 1849 4362 pulchritudinem,
1881 4304 2102 4368 propter

512 4380 824 4451 pecuniam,
855 4398 1079 4438 uxorem
1106 4384 1332 4439 ducunt.
1355 4385 1455 4452 Qui
1490 4386 1603 4442 sint.
1632 4390 1894 4453 vocandi,
1917 4399 2102 4447 osten-

513 4471 682 4539 ditur,
727 4488 848 4528 eum
890 4474 1140 4531 subditur
1180 4491 1196 4530 :
1234 4476 1464 4533 Vocatus
1504 4488 1581 4534 est
1616 4491 1796 4536 autem
1835 4482 2015 4550 Iesus,
2047 4495 2100 4540 et

2212 3286 2355 3324 more
2372 3269 2488 3331 Dei,
2520 3288 2699 3327 αιτιοι-ε
2723 3274 2955 3342 ﬁliorum
2981 3277 3149 3344 magis
3170 3292 3328 3347 quant
3353 3277 3547 3331 libidine
3566 3277 3729 3336 dum.

2210 3375 2266 3417 ut
2298 3366 2350 3418 in
2379 3365 2505 3433 [iliis
2527 3367 2933 3422 benedictionem
2963 3371 3303 3445 consequaris
3335 3369 3730 3441 (32)(lbid).Pcs

2209 3472 2509 3527 pauperum
2558 3460 2724 3515 etiam
2787 3463 3193 3534 susceptionem
3257 3464 3519 3519 vocandus
3567 3460 3732 3518 estad

2209 3551 2427 3619 nuptias
2450 3552 2701 3611 Christus
2724 3595 2740 3620 ,
2774 3557 3029 3627 quoniam
3071 3556 3123 3611 in
3149 3558 3470 3629 pauperibus
3495 3559 3732 3628 suscipitur

2208 3643 2477 3707 Christus.
2511 3657 2570 3702 ut
2593 3648 2707 3718 ipse
2740 3658 2973 3705 testatur
3002 3668 3016 3704 :
3056 3649 3163 3718 Qui
3202 3654 3380 3721 recipit
3420 3670 3561 3705 unum
3586 3651 3733 3717 dept-

2206 3736 2341 3791 sitlis
2362 3738 2443 3792 Itis
2470 3739 2523 3793 in
2547 3742 2755 3796 nomine
2776 3760 2910 3811 meo,
2932 3760 3013 3800 me
3039 3748 3257 3817 suscipit
3287 3747 3471 3819 (Marc.
3500 3749 3580 3809 ts).
3611 3740 3733 3798 Unde

2205 3840 2261 3888 et
2293 3830 2344 3886 iu
2368 3832 2427 3904 iu
2451 3833 2501 3888 Ii.
2521 3834 2572 3889 io
2593 3836 2839 3893 dicturus
2860 3850 2944 3894 est
2984 3854 3001 3895 :
3030 3841 3186 3908 Quod
3210 3844 3299 3898 uni
3329 3859 3393 3897 ea:
3410 3840 3609 3896 minimis
3631 3834 3735 3889 meis

2206 3927 2424 3995 fecistis,
2446 3930 2572 3984 mihi
2588 3929 3017 4003 [ccistis(tllattlt.
3048 3942 3203 4007 xxv).
3228 3936 3359 3992 Cum
3383 3936 3539 4005 itaque
3552 3929 3735 3999 nuptis!

2204 4021 2515 4089 celebratis,
2565 4023 2729 4082 facite
2766 4029 2909 4098 quod
2955 4026 3173 4084 Veritas
3228 4028 3360 4085 dicit
3403 4045 3417 4081 :
3469 4025 3577 4080 (ἱιιιιι
3618 4020 3731 4091 facit

2203 4117 2516 4185 convivium,
2541 4119 2648 4174 noli
2692 4137 2875 4177 uocare
2900 4123 3105 4187 diuites,
3132 4124 3225 4177 sed
3252 4140 3374 4178 voca
3393 4134 3632 4192 ραιιρετιιν
3653 4113 3731 4184 μί

2204 4225 2307 4264 non
2331 4210 2518 4266 habent
2557 4213 2694 4268 unde
2732 4214 3046 4280 retribuant,
3088 4224 3142 4270 et
3180 4213 3344 4272 Pater
3377 4214 3563 4270 celestis
3579 4208 3732 4264 redde!
3788 4232 3789 4239 η

2203 4302 2297 4356 tibi
2327 4300 2481 4374 (Luc.
2514 4308 2652 4376 διν).
2702 4304 2843 4374 Quid
2884 4307 3048 4364 debet
3092 4308 3148 4365 iu
3180 4309 3380 4381 nuptiis
3403 4302 3635 4362 deﬁcere?
3667 4299 3735 4351 vi-

2202 4410 2353 4459 num,
2390 4396 2443 4451 id
2492 4405 2576 4453 est
2626 4399 2891 4467 ebrietas,
2936 4400 3185 4467 luxuria,
3236 4403 3374 4465 rixa,
3404 4396 3648 4459 tumultus,
3686 4396 3730 4445 ct

2201 4490 2377 4544 omnis
2407 4489 2843 4563 intemperantia.
2868 4494 3023 4552 Unde
3049 4495 3346 4552 Salomon:
3383 4491 3640 4550 (mseritust
3664 4499 3731 4537 εει
3788 4544 3789 4557 1

513 4562 755 4633 discipuli
780 4563 892 4634 ejus
920 4565 990 4619 ad
1026 4566 1256 4637 nuptias.
1295 4567 1409 4624 Non
1441 4584 1571 4642 ergo
1607 4573 1882 4629 vocandus
1908 4586 1994 4630 est
2024 4573 2091 4628 ad
2126 4608 2171 4665 Β
2201 4589 2276 4634 est
2325 4582 2523 4650 vinum,
2575 4562 2625 4638 et
2682 4585 3005 4642 tumultuosa
3052 4587 3280 4642 ebrietas
3325 4585 3492 4652 (Prov.
3537 4578 3637 4641 ni.
3672 4574 3729 4630 Β
3788 4616 3789 4627 ι

510 4655 728 4726 nuptias
755 4656 1001 4713 diabolus
1023 4674 1117 4729 per
1146 4674 1365 4715 carnem
1390 4670 1445 4716 et
1473 4664 1736 4732 magicam
1762 4676 1958 4736 artem,
1986 4685 2091 4725 non

506 4747 659 4802 mimi
700 4756 757 4804 et
794 4750 973 4805 mimae
1013 4751 1215 4806 inimici
1260 4753 1559 4809 honestatis
1583 4763 1636 4811 et
1675 4758 1965 4827 pudicitia},
1988 4777 2096 4819 non

506 4850 697 4913 turpes
718 4850 774 4897 ct
802 4842 1034 4899 infames
1061 4857 1323 4914 personae,
1373 4846 1467 4901 sed
1499 4847 1747 4905 Christus
1772 4866 1895 4909 cum
1920 4865 2095 4912 matre

505 4942 562 4990 et
592 4933 869 5005 discipulis
889 4935 1022 4990 suis.
1050 4936 1299 4991 Christus
1320 4953 1449 4994 vero
1476 4940 1758 5012 tripliciter
1783 4945 1848 5001 ad
1878 4948 2096 5018 nuptias

442 5078 445 5083 .
492 5034 753 5106 uocatur,
787 5041 882 5096 per
915 5028 1239 5091 orationem,
1267 5044 1364 5099 per
1391 5034 1735 5099 munditiam,
1762 5051 1859 5107 per
1890 5054 2094 5110 paupe-

505 5135 627 5175 rum
656 5120 1077 5190 susceptionem.
1119 5121 1379 5180 Oratione
1411 5127 1610 5198 quippe
1642 5106 1903 5185 debetuus
1930 5106 2091 5188 Cliri-

506 5221 653 5267 stunt
697 5226 820 5266 cum
852 5222 1023 5268 matre
1046 5223 1100 5269 et
1138 5218 1341 5272 sanctis
1366 5220 1478 5275 suis
1512 5236 1728 5287 vocare,
1764 5238 1870 5279 non
1917 5224 2091 5281 solum

435 5271 479 5457 ἓ.
508 5304 575 5359 ad
605 5305 836 5375 nuptias,
866 5308 959 5363 sed
990 5310 1245 5368 etiamad
1265 5313 1444 5369 omnia
1468 5330 1630 5386 opera
1662 5326 1865 5382 nostra,
1891 5327 1949 5373 ut
1978 5319 2093 5389 ipse

507 5396 748 5453 actiones
779 5411 994 5457 nostras
1037 5404 1328 5457 asniraudo
1356 5409 1666 5457 nrtcvcniat-
1698 5418 1753 5457 et
1784 5409 2091 5457 mlittvnmln

507 5396 748 5453 actiones
779 5411 994 5458 nostras
1037 5404 1328 5474 aSpiraudo
1355 5409 1666 5476 praeveniat,
1698 5418 1753 5465 et
1784 5409 2091 5479 adiuvando

505 5501 881 5559 prosequatur.
914 5492 1065 5550 Unde
1110 5495 1337 5567 Sapiens
1371 5498 1449 5553 ait
1489 5516 1502 5553 :
1536 5498 1600 5553 In
1649 5502 1888 5557 omnibus
1918 5504 2089 5573 cogita

502 5579 691 5647 Deum,
725 5593 773 5639 et
818 5583 926 5656 ipse
973 5587 1157 5658 diriget
1204 5606 1413 5659 gressus
1455 5600 1571 5645 tuos
1600 5589 1781 5661 (Prov.
1818 5594 1924 5664 nt).
1950 5593 2090 5651 Male

502 5673 648 5731 enim
680 5675 740 5733 fit
782 5680 1041 5751 quidquid
1085 5683 1202 5740 sine
1231 5683 1344 5740 Deo
1373 5684 1453 5740 tit.
1493 5684 1745 5743 Orandus
1798 5696 1885 5744 cst
1923 5687 2089 5760 igitur

583 5854 693 5930 βε)
715 5855 871 5933 Vulg.
896 5876 1005 5920 non
1030 5860 1194 5921 habet
1212 5862 1436 5938 prmciso
1456 5862 1648 5924 eadem
1681 5868 1864 5929 verba.

2198 4672 2490 4743 Apostolus
2519 4691 2532 4729 :
2558 4673 2771 4742 Nolite,
2804 4677 2998 4749 inquit,
3026 4680 3280 4735 inebriari
3303 4679 3440 4741 riuo,
3470 4676 3517 4730 in
3542 4686 3633 4742 quo
3664 4672 3733 4722 est

2198 4762 2413 4821 luxuria
2465 4766 2687 4840 (Ep/tes.
2749 4769 2826 4842 vi.
2874 4771 2943 4827 Et
2985 4772 3113 4827 alihi
3156 4790 3170 4827 :
3223 4770 3403 4826 Vinum
3441 4778 3483 4823 et
3520 4765 3727 4818 unum

2197 4870 2507 4930 apostatare
2553 4862 2760 4931 faciunt
2810 4866 3072 4933 sapientes
3120 4864 3319 4937 (Ecclc.
3357 4862 3481 4931 six).
3518 4856 3628 4925 0³³
3678 4852 3729 4904 ἐν.
3788 4908 3789 4937 ς

2197 4952 2398 5020 nuptiis
2434 4953 2625 5011 adesse
2667 4955 2909 5012 debent?
2941 4957 3047 5014 Sex
3077 4959 3301 5029 hydria,
3350 4955 3399 5012 id
3432 4965 3503 5009 est
3530 4964 3601 5006 ses
3624 4946 3723 5000 Isi-

2199 5042 2535 5106 sericordize.
2583 5062 2719 5116 quas
2770 5048 3031 5104 Dominus
3062 5049 3115 5105 iu
3163 5048 3437 5119 Evangelio
3459 5044 3723 5098 caumat-

2195 5136 2378 5194 Prima
2410 5148 2492 5196 est
2522 5142 2654 5197 dare
2679 5143 2862 5199 cibum
2891 5146 3150 5201 esurienti
3178 5162 3194 5212 ;
3226 5143 3446 5202 secunda
3464 5182 3477 5208 ,
3502 5139 3607 5191 dare
3636 5145 3721 5199 p-

2196 5240 2309 5288 tum
2336 5233 2570 5300 sitienti;
2606 5237 2797 5306 tertia,
2840 5239 3040 5295 vestire
3072 5241 3311 5305 nudum;
3348 5221 3727 5307 quammm"

2193 5336 2325 5393 pere
2372 5325 2674 5397 hospitem;
2728 5329 2938 5401 quinta,
2980 5331 3207 5389 visitare
3249 5331 3522 5387 inﬁrmum:
3558 5324 3715 5375 ων

2194 5414 2469 5473 redimere
2498 5418 2579 5474 vel
2607 5420 2873 5477 consolari
2900 5422 3200 5492 captivum.
3233 5422 3295 5479 Et
3323 5423 3425 5478 lure
3455 5420 3561 5471 suat
3587 5405 3717 5468 ἐειά-

2192 5505 2325 5574 ιιεαν,
2384 5509 2512 5580 quia
2557 5521 2745 5567 contra
2803 5513 3031 5569 adversa
3084 5516 3251 5571 fortes
3292 5523 3425 5575 sunt,
3465 5514 3513 5563 et
3551 5497 3713 5571 με’

2190 5601 2480 5657 secundum
2540 5605 2965 5675 puriﬁcationem
3029 5606 3352 5663 Iudicemus.
3404 5604 3536 5659 Sicut
3576 5596 3711 5648 αέα

2188 5688 2360 5752 Judati
2387 5706 2610 5769 praeter
2646 5699 2915 5757 auoslibet
2948 5716 3205 5760 excessus
3250 5717 3304 5760 se
3332 5695 3540 5766 quotidie
3572 5689 3705 5740 ἥθ’
