3820 6312
156 393 271 456 4715

834 382 1138 441 ΗΟΜΙΗᾹΞ
1171 384 1237 441 IN
1277 384 1494 444 EPIST.
1525 386 1610 445 ΕΤ
1654 389 1661 446 l

1800 387 1906 447 NG.
1942 389 2238 451 DOMINIC.
2278 423 2347 433 -ο
2383 390 2562 449 PARS
2591 390 2629 450 Ι.

3230 398 3368 456 ίῖιυ

154 520 276 578 baut,
302 512 362 565 ita
397 501 654 574 coniuges,
685 515 804 571 qua:
846 499 1163 573 frequenter
1184 503 1474 569 excedunt,
1504 505 1586 560 vel
1615 505 1666 561 in
1698 507 1748 560 Δ
1789 509 2048 564 mundum
2082 510 2329 581 diligunt,
2364 508 2431 564 de
2453 510 2649 579 quibus
2676 510 2875 567 dicitur
2900 533 2912 566 :
2940 510 3185 569 Carnalis
3213 515 3369 571 homo

151 615 307 663 amore
325 594 589 666 conjugutu
622 594 702 647 vel
742 591 1012 658 filiorum,
1048 592 1130 648 vel
1162 594 1216 649 iu
1241 609 1370 648 cura
1405 596 1480 649 rei
1513 594 1672 650 fami-

149 696 284 755 liaris,
323 705 375 745 se
418 686 600 743 debent
645 684 889 755 quntidie
936 700 1030 756 per
1072 700 1238 755 opera
1285 687 1671 744 misericordia:

145 791 322 849 mare,
362 781 507 849 juxta
573 778 745 833 illud:
784 776 919 834 Date
965 779 1346 853 eleentosynam
1397 792 1443 838 et
1494 786 1669 841 omnia

143 880 305 939 munda
318 885 425 931 sunt
451 872 583 928 vobis
606 869 752 941 (Luc.
782 873 879 943 XI).
908 872 1016 930 Sex
1040 874 1259 946 hydrias
1283 875 1543 933 Dominus
1565 879 1669 933 int-

136 972 248 1046 pleri
269 969 407 1041 jubet
452 966 502 1020 iu
530 966 749 1036 nuptiis,
789 966 914 1036 quia
949 982 1043 1023 sex
1072 983 1238 1040 opera
1285 970 1670 1029 misericordia:

131 1064 257 1134 jubet
297 1058 545 1115 nubentes
594 1054 913 1126 adimplere,
959 1067 1014 1113 et
1060 1074 1156 1129 per
1205 1074 1267 1115 ea
1324 1060 1669 1131 quotidianos

130 1166 349 1211 excessus
386 1149 576 1204 lavare.
608 1145 686 1201 Eo
719 1159 901 1205 autem
930 1150 1278 1222 prmeipieute
1298 1192 1313 1218 ,
1346 1151 1449 1208 illa:
1496 1170 1669 1226 usque

130 1248 185 1303 sd
196 1258 440 1302 sunttuqu
464 1241 771 1312 implentur,
798 1242 925 1315 quia
947 1258 1012 1299 eo
1031 1243 1254 1315 jubente
1276 1255 1329 1302 et
1349 1246 1665 1318 auxiiiante,

124 1352 259 1410 opera
284 1350 370 1392 sex
401 1334 916 1405 Inisericordiarum,
949 1352 979 1391 a
1014 1337 1117 1407 piis
1139 1337 1464 1410 conjugibus
1492 1341 1667 1397 abun-

131 1434 295 1487 danirr
318 1440 367 1485 et
396 1443 564 1500 usque
601 1430 655 1484 in
689 1433 850 1486 linem
891 1430 1204 1504 implentur.
1243 1433 1381 1502 Quid
1414 1434 1575 1490 debet
1612 1434 1666 1490 in

118 1525 292 1597 nuptiis
335 1524 574 1580 mutari?
612 1539 751 1597 aqua
798 1526 851 1581 in
892 1527 1096 1583 vinum.
1138 1528 1293 1599 Aqua
1326 1528 1664 1601 hydriarum,

121 1618 292 1674 fratres
312 1616 431 1683 mei,
458 1618 509 1674 in
536 1620 719 1674 viuum
746 1630 983 1677 mutatur
1004 1663 1021 1685 ,
1046 1624 1263 1694 quando
1288 1634 1547 1695 operante
1573 1626 1665 1681 Dei

111 1712 277 1785 gratia,
308 1709 382 1766 sic
404 1718 530 1765 sunt
556 1708 810 1783 conjuges
831 1713 1101 1782 purilicati
1142 1724 1198 1771 et
1228 1716 1517 1772 virtutibus
1544 1734 1667 1789 per-

109 1802 237 1867 fecti,
275 1812 330 1857 ut
372 1817 525 1873 aqua:
560 1802 1057 1861 misericordiarnm
1108 1808 1222 1878 jam
1273 1825 1378 1865 non
1420 1808 1660 1866 habeant

1776 617 1879 658 non
1904 603 2042 669 sapit
2069 618 2130 655 ea
2161 618 2278 673 qua:
2303 612 2421 656 sunt
2449 600 2543 655 Dei
2575 600 2751 673 (Rom.
2785 603 2920 673 vIII).
2953 604 3016 658 Et
3048 605 3173 659 illud
3206 624 3218 660 :
3251 607 3355 664 Sa-

1772 694 1967 765 pientia
1999 694 2156 763 hujus
2188 695 2393 759 mundi,
2424 695 2653 749 stultitia
2683 706 2759 749 est
2789 698 2929 766 apud
2965 697 3133 754 Deum
3165 698 3215 770 (Ι
3240 699 3368 760 Cor.

1779 787 1883 858 III).
1917 786 2220 843 Prudentes
2248 788 2389 857 apud
2435 789 2756 859 semetipsos
2809 798 2931 844 sunt
2956 831 2970 854 ,
3016 792 3105 861 qui
3139 800 3368 853 caeteros

1774 878 1928 948 quasi
1978 878 2174 934 stultos
2202 888 2543 951 Sperueutcs,
2575 896 2633 935 se
2660 880 2805 935 solos
2856 889 3045 949 putant
3069 882 3362 953 sapientes.

1773 968 1850 1025 De
1876 972 2071 1042 quibus
2106 988 2202 1043 per
2224 972 2542 1043 prophetam
2574 972 2769 1029 dicitur
2799 989 2813 1028 :
2850 972 2939 1029 ναι
2967 976 3056 1045 qui
3086 976 3369 1046 prudentes

1772 1063 1896 1117 estis
1924 1065 2065 1135 apud
2107 1066 2492 1135 uosmetispsos,
2535 1078 2582 1121 et
2611 1084 2787 1122 rorant
2822 1068 3200 1138 nobismetipsis
3238 1086 3367 1139 pru-

1772 1155 1948 1211 dentes
2003 1155 2156 1228 (lsai.
2189 1169 2264 1229 v).
2300 1159 2371 1214 De
2397 1160 2590 1230 quibus
2611 1161 2775 1216 etiant
2802 1162 2889 1217 hic
2912 1162 3149 1218 dicitur:
3185 1161 3369 1222 Nolite

1771 1249 2049 1320 prudentes
2073 1267 2182 1304 esse
2203 1253 2345 1321 apud
2374 1255 2726 1324 vosmetipsos.
2760 1254 2824 1309 Et
2845 1255 2969 1326 quia
3004 1254 3231 1327 superbi
3258 1258 3365 1313 im-

1776 1341 2047 1412 patientes
2079 1351 2225 1409 suut,
2264 1341 2495 1398 aliorum
2542 1344 2765 1414 injurias
2796 1344 2941 1402 ferre
2987 1362 3093 1402 nou
3133 1357 3364 1419 possunt

1771 1431 1921 1487 addit
1950 1450 1963 1488 :
1995 1430 2148 1487 Nulli
2172 1433 2370 1488 malum
2398 1453 2493 1504 pro
2532 1436 2670 1491 utalo
2704 1439 2997 1496 redi/entes.
3033 1440 3139 1497 Sed
3177 1444 3365 1513 potius

1770 1534 1947 1581 estote
1985 1528 2261 1596 sapientes
2299 1530 2442 1598 apttd
2477 1529 2667 1595 Deum,
2695 1534 3017 1601 proritlentes
3055 1536 3188 1591 bona
3210 1577 3224 1601 ,
3256 1553 3364 1593 non

1769 1627 1973 1671 tantum
2026 1634 2206 1672 coram
2268 1617 2375 1673 Deo
2404 1660 2418 1683 ,
2471 1621 2560 1674 sed
2608 1623 2765 1676 etiant
2796 1640 2977 1679 coram
3028 1626 3358 1685 hominibus.

1768 1712 1964 1769 Coram
2019 1713 2128 1769 Deo
2188 1721 2242 1768 et
2289 1712 2602 1771 hominibus
2645 1717 2784 1772 bona
2828 1720 3105 1789 providet,
3155 1721 3245 1792 qui
3282 1723 3363 1780 ita

1768 1807 1967 1878 quaerit
2013 1821 2202 1863 amare
2252 1805 2442 1873 Deum,
2484 1808 2626 1878 quod
2678 1826 2782 1864 non
2824 1814 3123 1868 contemnit
3169 1829 3364 1872 amare

107 1895 325 1952 timorem
369 1894 541 1966 culpae
585 1894 885 1963 abluenda},
919 1900 1013 1954 sed
1060 1875 1330 1958 fervorem
1367 1902 1658 1960 eharitatis
1688 1875 1732 1931 Β
1762 1875 2109 1971 ιιιοκίιηυιιη
2152 1900 2242 1970 qui
2293 1900 2365 1956 ila
2401 1903 2590 1973 (ιιιωνὶί
2612 1902 2825 1973 Placere
2864 1902 2995 1969 υυο.
3018 1907 3161 1977 quod
3191 1908 3375 1965 cliam‘

104 1987 289 2044 divinae.
318 1987 391 2044 De
425 2003 534 2059 quo
575 1988 847 2063 Propheta
880 2006 896 2045 :
928 1990 998 2048 Et
1042 1995 1183 2049 calix
1209 2011 1353 2050 mens
1390 1996 1658 2052 inebrians

100 2094 235 2151 quam
276 2079 566 2151 pra'clarus
589 2091 664 2136 est
697 2082 869 2144 (Psal.
907 2085 1064 2156 χχιι).
1108 2085 1253 2144 Bene
1282 2088 1479 2144 fratres
1528 2087 1656 2156 mei,

98 2182 217 2243 sana
262 2183 503 2229 mutatur
536 2173 590 2229 in
632 2175 847 2242 vinum,
903 2179 1119 2249 quando
1165 2180 1256 2251 qui
1305 2182 1457 2251 prius
1499 2192 1659 2237 erant

92 2266 269 2340 frigidi,
301 2267 438 2325 fiunt
476 2268 662 2337 calidi,
697 2273 788 2343 qui
824 2283 984 2330 erant
1012 2276 1284 2344 carnales,
1326 2280 1463 2335 fiunt
1498 2280 1658 2351 spiri-

90 2360 363 2432 tuales,qui
389 2372 551 2419 erant
588 2366 895 2435 smeulares,
916 2368 1050 2424 fiunt
1080 2370 1499 2441 religiosi.Beati
1527 2389 1659 2429 sane

85 2453 165 2523 qui
193 2452 321 2511 tales
365 2454 421 2510 iu
454 2454 711 2528 conjugio
753 2459 971 2528 vivunt,
1013 2462 1102 2532 qui
1152 2474 1372 2535 propter
1412 2481 1656 2522 amorem

81 2549 345 2620 coniugum
372 2558 428 2605 et
466 2549 708 2609 ﬁliorum
735 2594 747 2618 ,
776 2564 832 2610 et
868 2566 1090 2626 propter
1136 2572 1327 2613 curam
1370 2558 1655 2615 familiaris

80 2641 168 2706 rei,
206 2657 308 2697 non
352 2645 709 2701 retardantur
749 2649 815 2702 ab
857 2663 1042 2704 amore
1074 2648 1193 2705 Dei.
1240 2649 1390 2707 Beati
1437 2653 1653 2722 quidem

76 2735 310 2809 coniuges
339 2737 434 2795 Dei
466 2740 779 2811 huiusmodi
802 2782 817 2809 ,
847 2745 940 2800 sed
984 2744 1254 2802 beatiores
1288 2747 1525 2819 virgines
1574 2750 1656 2806 vel

75 2828 251 2897 viduae,
280 2846 404 2902 quin
460 2836 859 2906 temporalibus
904 2840 1107 2911 nuptiis
1150 2842 1371 2911 spretis,
1414 2858 1655 2914 superno

69 2920 331 2979 sdherent
369 2940 605 2997 sponso.
636 2925 916 2986 Beatiores
944 2945 1133 2987 revera
1164 2934 1255 3004 qui
1290 2934 1574 2992 liberiores
1599 2944 1656 2994 et

67 3012 393 3085 devotiores,
450 3019 587 3090 quia
637 3032 839 3092 quanto
896 3023 1075 3080 minus
1128 3025 1219 3083 hic
1283 3027 1651 3096 delectantur,

63 3113 200 3164 tanto
225 3112 401 3182 magis
441 3112 695 3169 caelestia
738 3125 1007 3186 quaerunt.
1048 3113 1112 3173 Ut
1143 3118 1286 3175 enim
1315 3120 1391 3175 ait
1424 3120 1655 3192 Aposto-

62 3196 141 3256 lus
178 3217 194 3257 :
234 3202 464 3272 Tempus
520 3207 674 3263 breve
721 3218 833 3275 est,
888 3219 936 3265 et
994 3212 1225 3281 prwterit
1271 3212 1443 3285 figura
1491 3215 1654 3287 hujus
1681 3233 1723 3293 ο

55 3296 247 3351 Indi.
276 3295 572 3369 Reliquum
606 3309 684 3355 est
726 3311 782 3355 ut
824 3302 915 3371 qui
942 3311 1065 3356 sunt
1106 3305 1379 3372 nubentes,
1406 3308 1511 3363 sint
1534 3319 1653 3365 tan-

55 3398 198 3455 quam
225 3404 332 3443 non
367 3391 636 3447 nubentes
685 3401 731 3446 et
775 3395 866 3465 qui
900 3405 1123 3451 utuntur
1157 3398 1374 3462 mundo,
1400 3409 1652 3470 tanquam

52 3493 143 3532 non
171 3490 374 3536 utentes
398 3484 537 3539 sint.
568 3483 638 3539 Et
680 3486 771 3557 qui
798 3489 1028 3557 gaudent
1080 3501 1331 3561 tanquam
1370 3508 1475 3548 non
1514 3511 1650 3564 gau—

49 3570 214 3627 dentes
243 3572 319 3642 (Ι.
351 3571 487 3634 Cor.
520 3576 642 3649 vn).
675 3575 967 3649 Propterea
999 3596 1191 3636 omnes
1214 3582 1329 3637 sive
1354 3585 1648 3657 coniugati,

43 3663 149 3719 sive
174 3667 349 3736 vidui,
378 3668 506 3725 sive
534 3671 799 3741 virgines,
835 3689 939 3729 non
966 3689 1086 3745 quin
1116 3689 1281 3746 super
1304 3685 1528 3745 terram,
1556 3682 1652 3736 sed

44 3773 153 3827 qute
204 3776 435 3821 sursum
502 3774 635 3819 sunt
690 3767 966 3837 sapiamus
1020 3776 1075 3822 et
1148 3781 1503 3839 quaeramus,
1555 3773 1649 3829 ubi

37 3847 279 3910 Christus
302 3863 393 3910 est
426 3857 487 3912 in
516 3856 742 3914 dextera
772 3858 865 3914 Dei
892 3861 1109 3929 sedens,
1146 3877 1270 3920 cum
1301 3878 1409 3935 quo
1438 3864 1573 3923 vivit
1592 3875 1650 3923 et

39 3956 222 4019 regnat
252 3948 309 4004 in
334 3960 645 4007 atteruum.
672 3950 868 4007 Amen.

616 4040 900 4099 HOMILIA
928 4042 1091 4100 XXII.

316 4149 599 4191 DOIINICA
621 4150 822 4191 τεκτιΑ
854 4152 984 4193 Ροςτ
1015 4151 1358 4193 ενιριμιίιλὶι.

92 4222 282 4281 Nolite
314 4230 624 4297 prudentes
654 4244 765 4283 esse
786 4229 925 4298 apud
960 4230 1293 4300 vosmetipsos
1318 4229 1492 4302 (Rom.
1521 4242 1643 4305 xu),

24 4324 124 4374 etc.
168 4318 215 4376 Τ
221 4322 502 4393 ripartita
552 4331 638 4378 est
676 4323 789 4379 lucc
837 4322 1001 4379 lectio
1031 4365 1047 4390 ,
1096 4322 1296 4381 fratres
1340 4327 1465 4383 mei.
1511 4326 1645 4385 Nam

16 4412 193 4481 primo
249 4428 363 4470 nos
422 4423 625 4469 monet
672 4414 965 4485 Apostolus
1015 4430 1084 4471 ne
1131 4417 1304 4474 simus
1352 4420 1645 4491 prudentes

16 4506 155 4576 apud
182 4522 309 4569 nos,
350 4506 461 4562 sed
490 4506 637 4575 apud
665 4505 853 4563 Deum.
888 4507 1137 4565 Secundo
1168 4510 1416 4567 hortatur
1448 4529 1549 4570 nos
1575 4515 1644 4571 ad

1762 1991 1959 2061 quatrit
1987 1992 2245 2061 prodesse
2275 1993 2549 2063 proximo;
2589 1993 2682 2064 qui
2715 1993 2786 2048 ita
2817 1994 3064 2065 providet
3086 2012 3143 2052 se
3172 2012 3363 2054 coram

1766 2084 1873 2141 Deo
1915 2082 2112 2139 bonam
2153 2086 2544 2141 conscientiam
2595 2086 2817 2151 habere,
2848 2088 3182 2157 quodetiam
3230 2086 3373 2161 pro?

1761 2176 1927 2242 videt,
1974 2192 2071 2249 per
2117 2176 2378 2233 bonorum
2446 2194 2674 2247 Operam
2734 2180 3043 2251 opinionem
3101 2183 3357 2254 proximo

1760 2269 2066 2341 exemplum
2098 2268 2356 2341 pra-bere.
2408 2268 2559 2325 Unde
2613 2268 2871 2326 Dominus
2917 2292 2929 2327 :
2974 2273 3100 2339 Sic,
3154 2275 3363 2347 inquit,

1760 2360 1966 2416 luceant
1993 2378 2150 2431 opera
2181 2372 2351 2416 vestra
2375 2362 2532 2428 bona,
2574 2379 2749 2415 rorant
2776 2363 3073 2431 hontnibns,
3104 2378 3157 2421 ut
3184 2368 3357 2439 glori-

1758 2454 1912 2523 ﬁcent
1936 2451 2149 2509 Patrem
2177 2467 2401 2509 restrunt
2437 2455 2527 2525 qui
2569 2455 2621 2508 in
2650 2455 2791 2510 caelis
2813 2467 2887 2511 est
2916 2457 3133 2527 (Matth.
3179 2460 3254 2531 v).
3286 2459 3358 2517 Et

1760 2546 1885 2604 alibi
1915 2565 1929 2601 :
1964 2567 1982 2599 t
2010 2546 2260 2603 Crudelis
2300 2547 2495 2618 estqui
2521 2547 2719 2603 famam
2746 2550 2987 2621 ucgligit.
3027 2572 3045 2602 ι
3081 2551 3183 2619 Qui
3223 2568 3356 2609 vero

1758 2639 2022 2710 proximis
2055 2640 2313 2709 prodesse
2340 2641 2667 2705 contemnit,
2698 2643 2787 2711 qui
2815 2644 3014 2697 bonum
3045 2645 3359 2716 exemplum

1759 2734 1840 2787 eis
1866 2732 2110 2803 pra-bere
2151 2735 2363 2806 spernit
2397 2743 2453 2789 et
2487 2735 2529 2788 si
2562 2750 2749 2791 coram
2794 2736 2904 2793 Deo
2936 2737 3100 2794 habet
3152 2740 3357 2795 bonam

1760 2825 2174 2890 conscientiam,
2242 2834 2420 2882 tamen
2475 2844 2580 2883 non
2631 2831 2878 2900 providet
2938 2832 3137 2887 bonum
3165 2848 3358 2890 coram

1757 2918 2067 2973 homuibus.
2097 2918 2250 2976 Unde
2274 2920 2567 2992 Gregorius
2600 2940 2613 2977 :
2639 2943 2656 2975 ι
2688 2923 2789 2992 Qui
2820 2926 3113 2981 humanam
3140 2925 3359 2983 laudem

1758 3011 1972 3068 calcare
1992 3010 2104 3081 jam
2126 3013 2345 3081 sullieit,
2372 3016 2657 3082 ptenaliter
2681 3027 2888 3088 peccat,
2914 3018 2957 3074 si
2986 3019 3184 3075 bonum
3208 3021 3358 3091 quod

1757 3105 1889 3177 agit,
1922 3106 2207 3163 occultat.»
2244 3107 2384 3178 Ergo
2402 3109 2567 3165 multo
2596 3112 2801 3181 magis,
2841 3113 3039 3167 fratres
3071 3112 3196 3177 mei,
3223 3127 3353 3181 pec-

1757 3210 1869 3266 cat,
1915 3200 2009 3271 qui
2060 3201 2162 3257 etsi
2218 3202 2449 3259 interius
2495 3214 2641 3260 recte
2705 3204 2873 3268 vivit,
2933 3214 3111 3260 tamen
3165 3220 3358 3260 coram

1754 3292 1954 3366 populo
2012 3293 2080 3349 de
2144 3308 2204 3349 se
2250 3294 2391 3350 male
2449 3296 2658 3366 opinari
2705 3296 2992 3367 permittit,
3039 3313 3203 3366 quam
3257 3297 3355 3367 qui

1756 3402 1942 3443 coram
1974 3386 2238 3443 fratribus
2260 3389 2573 3445 seandalqu
2608 3392 2758 3459 ponit
2782 3405 2903 3445 cum
2934 3402 3153 3460 prOpIcr
3175 3389 3356 3446 vitan-

1756 3479 1884 3536 dum
1916 3480 2252 3547 scandalum,
2303 3482 2465 3537 etiam
2507 3482 2755 3553 quaedam
2798 3482 3009 3537 minora
3051 3482 3192 3536 bona
3242 3482 3357 3539 sint

1754 3572 2098 3629 dimittenda.
2126 3573 2201 3630 De
2231 3575 2541 3646 hujusmodi
2575 3577 2835 3632 Dominus
2864 3577 2997 3633 dicit
3026 3595 3038 3630 :
3070 3577 3175 3643 Qui
3198 3594 3353 3635 sean-

1756 3665 2065 3721 dalizat'erit
2098 3683 2262 3722 unum
2299 3683 2363 3721 ex
2390 3668 2596 3739 pusillis
2632 3668 2713 3722 his
2758 3668 2846 3738 qui
2889 3670 2945 3723 in
2977 3685 3056 3723 me
3104 3671 3353 3747 credunt,

1752 3759 1957 3829 expedit
1983 3760 2031 3814 ei
2055 3769 2109 3814 ut
2134 3760 2274 3815 mola
2306 3762 2544 3816 asinaria
2583 3761 2938 3831 suspendatar
2976 3762 3028 3816 in
3065 3760 3196 3815 ratio
3212 3762 3351 3837 ejus,

1753 3862 1803 3908 et
1852 3852 2224 3924 submergatur
2257 3854 2311 3907 iu
2358 3852 2679 3924 profundunt
2715 3854 2877 3908 utaris
2906 3853 3126 3921 (Matth.
3169 3855 3349 3925 vaII);

1753 3940 1855 4011 Qui
1904 3946 2049 4000 enim
2098 3942 2404 4013 hujusmodi
2447 3953 2550 4011 est,
2586 3954 2664 4000 tot
2714 3960 2838 3999 reus
2884 3954 2967 4001 est
3019 3946 3350 4013 animarum,

1752 4044 1884 4108 quot
1917 4048 2145 4107 pereunt
2171 4048 2392 4109 propter
2424 4037 2624 4093 malum
2650 4038 2959 4109 exemplum
2991 4054 3171 4095 suum.

1824 4130 2085 4203 Sequitur
2128 4148 2255 4203 pars
2303 4132 2575 4197 secunda,
2628 4133 2680 4187 in
2713 4148 2816 4203 qua
2858 4148 2956 4189 nos
2995 4144 3177 4189 mouet
3207 4134 3352 4205 Apo-

1750 4225 1919 4282 stolus
1946 4227 2013 4281 ad
2047 4241 2233 4296 pacem
2258 4226 2445 4282 dicens
2474 4242 2489 4280 :
2526 4224 2589 4281 Si
2607 4225 2723 4295 ﬁeri
2745 4236 2931 4296 potest,
2953 4227 3093 4297 quod
3122 4243 3184 4281 e.r
3208 4226 3349 4281 vobis

1748 4328 1849 4385 est,
1875 4334 1991 4374 cum
2022 4321 2261 4373 onmibus
2284 4318 2579 4373 hominibus
2605 4336 2785 4388 pacem
2811 4319 3075 4374 Itabentes.
3104 4318 3202 4373 llic
3236 4310 3338 4374 tria

1752 4414 2147 4471 consideranda
2182 4424 2309 4469 sunt
2341 4414 2527 4481 vobis,
2557 4413 2753 4471 fratres
2784 4414 2888 4470 mei
2917 4457 2930 4480 ,
2959 4430 3079 4484 qua:
3112 4414 3182 4469 sit
3215 4430 3344 4484 pax,

1750 4518 1806 4564 ct
1834 4508 1975 4563 inter
2001 4521 2138 4577 quos
2162 4522 2284 4562 esse
2311 4508 2498 4576 possit,
2523 4515 2580 4562 et
2610 4521 2732 4562 cum
2757 4506 2973 4576 quibus,
2992 4518 3045 4560 et
3070 4506 3347 4576 quomodo

15 4594 438 4655 observandum
470 4613 687 4669 pacem.
727 4600 912 4656 Tertio
935 4612 1113 4657 monet
1140 4618 1238 4658 uos
1268 4619 1335 4659 ne
1358 4606 1645 4665 reddamus

1800 4599 2000 4655 ahenda
2029 4602 2121 4655 sit.
2168 4600 2258 4656 Est
2307 4602 2468 4670 igitur
2510 4614 2612 4670 pax
2650 4599 2869 4669 quietus
2922 4613 3101 4652 rerum
3142 4607 3342 4662 status,

15 4691 215 4747 malum
256 4708 371 4763 pro
404 4692 587 4757 malo,
620 4692 715 4748 sed
762 4694 943 4764 potius
970 4695 1168 4752 bonum
1198 4712 1296 4766 pro
1334 4698 1497 4755 malo.
1529 4700 1645 4757 Mo-

15 4799 144 4841 aens
172 4785 364 4858 igitur
390 4801 509 4842 uos
537 4785 713 4856 primo
739 4802 805 4842 ne
830 4788 1001 4843 siums
1033 4790 1327 4859 prudentes
1349 4792 1490 4857 apud
1522 4808 1645 4859 uos,

15 4877 123 4935 iit:
166 4877 375 4935 Nolite
403 4879 706 4951 prudentes
750 4895 859 4933 esse
904 4880 1045 4948 apud
1094 4882 1447 4950 vosmetipsos.
1493 4882 1647 4939 Sicut

15 4980 186 5029 intem
257 4988 337 5028 ex
414 4970 733 5042 Scripturis
799 4972 971 5027 sacris
1044 4972 1390 5044 colligimus,
1449 4976 1647 5031 fratres

15 5063 363 5131 :harissimi,
398 5061 642 5134 quidam
676 5072 800 5118 sunt
837 5063 1129 5133 prudentes
1156 5066 1298 5136 apud
1346 5066 1512 5123 Deum
1541 5107 1557 5133 ,
1590 5077 1645 5124 et

15 5157 123 5214 Ioni
150 5168 291 5215 sunt
318 5173 337 5224 ;
375 5154 624 5227 quidam
654 5164 777 5211 sunt
804 5155 1097 5226 prudentes
1119 5158 1259 5228 apttd
1285 5157 1565 5226 saeculum,
1593 5168 1648 5216 et

15 5248 122 5305 nali
156 5260 339 5315 sunt;
389 5244 634 5317 quidam
666 5255 792 5299 sunt
822 5246 1116 5316 prudentes
1137 5248 1277 5319 apud
1302 5251 1644 5320 semctipsos,

18 5352 41 5400 t
87 5343 348 5416 superbi
408 5346 575 5395 sunt.
617 5336 918 5394 Prudentes
964 5339 1105 5410 apud
1142 5339 1312 5395 Dettm
1354 5351 1518 5408 sunt,
1552 5342 1645 5413 qui

18 5439 179 5492 mnia
216 5452 383 5491 vana
443 5442 677 5505 propter
709 5432 882 5505 ipsum
924 5442 1298 5489 contemnunt.
1326 5432 1400 5490 De
1449 5436 1645 5507 quibus

16 5534 200 5590 icitur
230 5550 248 5586 :
288 5529 525 5589 Simile
548 5540 621 5583 est
648 5546 862 5599 regnum
896 5530 1144 5584 (telorum
1175 5530 1374 5586 homini
1409 5533 1646 5603 negotia-

15 5630 83 5682 ιινὶ
116 5625 429 5697 qua'reuts'
486 5620 651 5675 bonas
701 5623 1036 5691 margaritas.
1072 5618 1293 5675 Iuventa
1334 5634 1509 5677 autent
1538 5641 1645 5679 una

15 5722 228 5774 retiosa
268 5712 638 5785 margarita,
675 5711 821 5768 dedit
859 5712 1034 5767 omnia
1086 5729 1214 5778 sua,
1243 5722 1291 5768 et
1329 5715 1645 5780 comparavit

15 5831 89 5868 tm
120 5811 390 5886 (Matth.
446 5805 603 5876 XIII).
645 5804 947 5861 Prudenles
981 5815 1162 5861 autem
1201 5805 1340 5876 apud
1388 5806 1645 5863 saeculum

15 5916 126 5977 Int,
162 5906 277 5981 qui
321 5898 667 5960 nescientes
706 5899 791 5957 vel
822 5911 1143 5975 spernentes
1182 5899 1447 5971 calentia,
1472 5900 1645 5957 solum

1752 4693 1963 4748 cunctis
1978 4692 2078 4746 sibi
2109 4690 2358 4746 ordinate
2388 4689 2868 4753 concordantibus,
2890 4688 2974 4744 vel
2999 4688 3193 4744 saltem
3222 4688 3346 4745 aliis

1750 4770 2003 4840 erdittate
2034 4786 2373 4841 cedentibus.
2407 4780 2518 4835 Pax
2552 4796 2678 4835 vera
2708 4780 2811 4835 alia
2835 4790 2918 4836 est
2948 4782 3212 4851 perfecta,
3239 4780 3347 4838 alia

1753 4878 2090 4950 imperfecta.
2134 4877 2378 4933 Perfecta
2414 4868 2516 4947 pas
2546 4876 2653 4931 erit
2685 4876 2737 4931 iu
2770 4874 2871 4930 alia
2895 4884 3095 4930 :eterna
3125 4874 3305 4945 patria
3328 4916 3345 4933 .

1751 4972 1843 5028 ubi
1868 4974 1973 5028 erit
2008 4970 2319 5027 omnimodo
2354 4970 2732 5035 consonantia,
2756 4968 2846 5023 ubi
2878 4968 3033 5024 electi
3082 4968 3153 5021 ita
3181 4982 3346 5027 et...“

1752 5063 1863 5120 Deo
1904 5063 2199 5133 conjuncti,
2232 5073 2291 5117 ut
2340 5079 2369 5116 a
2422 5061 2699 5116 voluntate
2745 5062 2861 5132 ejus
2909 5061 3191 5117 dissonare
3232 5076 3341 5119 non

1752 5155 1984 5228 possint.
2010 5154 2136 5210 Haec
2160 5163 2240 5208 est
2273 5169 2375 5224 pax
2400 5152 2489 5207 Dei
2516 5168 2636 5222 quae
2658 5162 2948 5223 exsuperat
2973 5170 3188 5210 omnem
3218 5171 3343 5211 seu-

1751 5263 1875 5304 snm
1907 5244 2134 5318 (Philip.
2162 5246 2259 5315 tv).
2298 5244 2573 5313 Quantum
2624 5246 2691 5300 ad
2722 5244 2867 5300 illaut
2915 5261 3102 5316 pacem
3137 5248 3345 5305 dictum

1750 5350 1836 5398 est
1892 5339 2037 5411 quod
2073 5357 2092 5391 ι
2128 5355 2229 5411 pax
2274 5346 2358 5395 est
2401 5339 2618 5409 quietus
2674 5354 2853 5394 rerum
2902 5348 3082 5396 status
3128 5342 3346 5407 cunctis

1752 5432 1821 5487 ad
1853 5430 2087 5487 invicem
2112 5428 2364 5485 ordinate
2402 5430 2910 5487 concordantibus.»
2944 5428 3053 5485 Pax
3081 5446 3210 5486 vero
3243 5430 3345 5485 itu-

1752 5522 1997 5595 perfeeta
2053 5538 2196 5579 nunc
2239 5533 2345 5588 est,
2398 5522 2654 5594 quoniam
2708 5531 2853 5578 tanta
2900 5532 2984 5578 est
3040 5523 3093 5578 iu
3139 5524 3345 5579 mundo

1752 5618 2017 5683 varietas,
2064 5618 2206 5689 quod
2235 5618 2325 5672 vix
2350 5617 2515 5673 etiam
2552 5618 2751 5691 aliquis
2801 5616 3075 5689 perfectus
3123 5631 3344 5685 semper

1750 5713 1927 5784 possit
1948 5711 2047 5767 sibi
2076 5726 2304 5766 concors
2331 5725 2473 5778 esse,
2515 5714 2745 5767 necdum
2777 5710 2957 5782 plures
2980 5709 3205 5765 omnino
3234 5702 3341 5767 sibi

1749 5807 1859 5863 sint
1899 5805 2217 5863 concordes.
2258 5804 2365 5860 Sed
2420 5814 2546 5862 tunc
2587 5806 2816 5862 dicimus
2868 5804 2957 5862 hic
3001 5819 3190 5877 pacem
3217 5816 3343 5862 esse

1750 5902 1894 5958 inter
1934 5899 2165 5972 aliquos,
2202 5892 2567 5971 quautlo,'etsi
2596 5916 2702 5959 non
2732 5898 2953 5957 omnino
2980 5899 3337 5970 concordant,
