3820 6312
492 324 625 389 ΠΗ

1457 322 1803 383 ADDENDA.
1836 354 1905 370 -—
1929 326 2279 391 BADULPHI
2313 335 2661 395 AliDEN'I‘iS

3598 350 3705 417 4788

493 433 667 481 zaincn
701 416 789 473 alii
817 416 939 517 aliis
965 417 1312 517 acquiescant
1340 425 1395 473 et
1426 417 1666 517 cedunt,
1704 418 1893 517 erboe
1919 421 2069 517 ordi-
2098 433 2147 489 Α
2180 429 2255 483 ιιῑι
2298 429 2591 495 Dominus;
2638 430 2804 495 Beati,
2857 433 3057 505 inquit,
3090 437 3342 508 paciﬁci,
3374 444 3600 515 quoniam
3639 450 3705 517 ﬁlii

492 524 636 578 nate,
667 521 725 565 ut
754 510 966 566 scilicet
997 513 1175 567 minus
1206 511 1345 566 bene
1374 509 1650 574 volentes,
1678 511 1870 566 melius
1892 511 2078 568 volen-

490 605 635 662 tibus
659 602 871 659 cedant.
895 602 1166 671 Quantum
1196 602 1357 676 igitur
1380 604 1447 658 ad
1484 603 1627 658 hanc
1653 618 1843 673 pacem
1872 604 2077 661 dictum

491 706 593 763 est,
624 696 704 750 rei
754 694 949 750 saltem
989 696 1109 751 aliis
1142 696 1388 749 ordinate
1439 696 1773 750 cedentibus.
1811 695 1917 750 f‘ax
1951 712 2078 753 vera

492 798 636 844 inter
670 788 841 844 malos
880 803 1000 844 esse
1031 803 1135 842 non
1189 795 1387 857 potest,
1440 788 1567 856 quia
1614 787 1789 843 maius
1825 803 1854 843 a
1898 790 2079 860 seipse

490 882 738 947 dissidet,
762 892 816 935 et
841 881 977 936 alter
1002 883 1069 935 ab
1094 880 1285 945 altero,
1312 897 1435 936 eum
1463 881 1590 936 vitia
1625 882 1770 937 vitiis
1804 883 2079 940 contraria

493 979 622 1034 sint.
654 975 752 1032 llic
772 987 854 1034 est
883 976 1026 1031 enim
1060 990 1259 1029 avarus
1283 1015 1297 1038 ,
1328 974 1420 1028 ille
1451 976 1730 1046 prodigus,
1766 976 1853 1031 hic
1886 978 2079 1032 crude-

494 1081 585 1139 σιμ,
613 1070 702 1125 ille
733 1069 1009 1130 remissus,
1040 1067 1127 1121 hie
1152 1066 1376 1121 timidus
1402 1109 1415 1128 .
1448 1067 1538 1122 ille
1566 1070 1910 1125 temerarius.
1942 1068 2081 1128 liiuc

494 1161 729 1218 dicitur:
760 1158 879 1214 Non
903 1170 976 1214 est
999 1176 1105 1229 pax
1128 1159 1327 1229 impiis,
1351 1159 1480 1214 dicit
1507 1159 1907 1230 DominusUsa.
1929 1163 2078 1231 un).

494 1251 561 1309 Et
593 1253 643 1306 in
675 1251 967 1320 Erangelio
1000 1268 1014 1306 :
1049 1250 1217 1306 Omne
1246 1268 1461 1322 regnum
1506 1254 1560 1306 in
1596 1256 1824 1327 seipsnm
1856 1257 2080 1313 dirimat

493 1343 816 1399 decolabitur
845 1342 996 1412 (an.
1026 1344 1123 1417 tu).
1174 1344 1237 1400 Et
1268 1361 1389 1400 cum
1436 1346 1560 1401 mali
1591 1348 1668 1402 ita
1713 1348 1944 1405 invicem
1975 1349 2087 1405 dis-

494 1435 731 1505 sideant,
751 1446 928 1491 tamen
954 1437 1008 1492 in
1036 1440 1413 1506 persecutione
1440 1438 1705 1494 bonorum
1732 1442 2082 1507 conveniunt,

495 1537 552 1583 ut
588 1527 826 1583 ilcrodes
855 1538 908 1582 et
938 1526 1138 1583 Pilatus
1172 1529 1223 1583 iu
1264 1540 1494 1584 mortem
1524 1528 1650 1587 Jesu
1680 1573 1694 1597 ,
1722 1543 1781 1585 ut
1820 1532 2083 1588 Pharisaei

492 1634 549 1680 et
582 1624 826 1678 Suduetci
878 1624 930 1678 itt
970 1625 1350 1693 persecutione
1380 1623 1553 1679 Pauli.
1604 1623 1699 1679 Est
1744 1636 1925 1680 autem
1969 1627 2086 1684 haec

495 1730 599 1787 pax
634 1714 777 1770 male
805 1755 820 1780 ,
863 1716 1101 1786 etjustis
1130 1716 1372 1771 inimica.
1418 1715 1563 1772 inter
1598 1716 1772 1774 bonos
1818 1732 1921 1790 pax
1956 1734 2086 1776 vera

430 1866 435 1871 ,
496 1817 603 1871 est,
626 1818 682 1862 et
702 1817 910 1879 qttanto
938 1808 1191 1863 meliores
1218 1818 1377 1871 sunt.
1409 1817 1561 1864 tanto
1600 1810 1744 1865 inter
1790 1824 1884 1867 ens
1910 1813 2088 1884 major

492 1902 853 1956 consonantia
905 1910 1010 1957 est.
1044 1900 1286 1957 Virtutes
1325 1902 1468 1956 enim
1502 1918 1531 1956 a
1564 1916 1623 1958 se
1666 1902 1931 1961 dissidere
1979 1919 2086 1962 non

494 2003 747 2065 possunt.
796 1992 933 2049 iline
958 2004 1037 2050 est
1084 1994 1229 2065 quod
1275 1995 1329 2049 in
1364 2006 1568 2051 :eterna
1604 1996 1814 2065 patria,
1848 1998 1936 2055 ubi
1984 2000 2090 2057 erit

496 2086 806 2142 eumimoda
837 2088 1095 2143 virtutum
1120 2087 1477 2144 consonantia
1496 2130 1511 2155 ,
1539 2103 1640 2161 pax
1681 2089 1789 2146 erit
1819 2091 2089 2162 tranquil-

493 2178 646 2235 σῖιιιιι.
676 2180 831 2237 Nunc
858 2194 1008 2243 vero,
1040 2180 1166 2250 quia
1201 2180 1287 2234 hic
1322 2195 1429 2236 tton
1454 2191 1578 2236 sunt
1605 2180 1838 2237 virtutes
1865 2182 2090 2239 omnino

470 2280 834 2341 temperatur,
871 2272 960 2330 hic
1004 2283 1106 2327 nec
1144 2282 1227 2328 est
1268 2287 1375 2343 pas
1429 2272 1694 2349 perfecta.
1730 2273 1876 2329 Inter
1918 2276 2090 2335 bonos

496 2371 680 2417 autem
713 2373 768 2419 et
808 2362 980 2417 malos
1002 2377 1105 2432 pax
1135 2378 1280 2425 esse.
1310 2378 1415 2419 non
1450 2372 1660 2434 potest;
1694 2365 1817 2434 quia
1846 2365 1897 2420 bi
1923 2365 2088 2436 justi,

497 2453 573 2509 illi
609 2454 816 2523 injusti,
850 2455 902 2511 hi
929 2456 1025 2525 pii.
1051 2455 1422 2521 illierudeics;
1473 2456 1527 2514 hi
1557 2458 1718 2523 casti,
1744 2457 1820 2512 illi
1853 2457 2088 2525 incesti;

494 2550 552 2605 hi
578 2552 880 2619 patientes,
916 2550 994 2604 illi
1033 2550 1407 2619 impatientes.
1452 2548 1561 2605 Nec
1591 2560 1770 2622 potest
1792 2564 1913 2608 esse
1963 2562 2092 2610 vera

495 2643 791 2699 concordia
849 2644 994 2697 inter
1045 2657 1183 2713 qitos
1231 2651 1313 2697 est
1365 2652 1516 2699 tanta
1571 2645 1911 2701 dissidentia.
1976 2644 2093 2703 iioe

496 2737 737 2792 sentiens
781 2733 1075 2806 Apostolus
1102 2736 1212 2788 ait:
1260 2734 1322 2790 Si
1356 2734 1665 2805 ﬁeripomt
1693 2752 1810 2790 cum
1852 2735 2093 2792 omnibus

498 2837 793 2892 hominibus
836 2852 1015 2907 pacem
1046 2835 1311 2901 habentes,
1356 2835 1511 2906 quasi
1556 2835 1763 2891 diceret
1804 2850 1819 2890 :
1853 2834 1952 2892 ilic
1985 2851 2093 2891 non

498 2941 679 3002 potest
724 2929 874 2995 lteri,
932 2930 1058 2999 quia
1086 2969 1101 2994 ,
1137 2929 1237 2984 etsi
1280 2944 1375 2984 vos
1420 2928 1698 2991 haberetis
1742 2945 1927 2999 paceni
1968 2937 2093 2985 cum

500 3024 692 3086 malis,
744 3022 821 3077 illi
875 3037 978 3076 non
1039 3021 1306 3077 haberent
1349 3023 1657 3079 vobiscum.
1712 3021 1941 3099 Propter
1990 3023 2096 3086 hoc

501 3113 825 3183 sul-jungit:
859 3112 1011 3179 Quod
1045 3129 1111 3167 ex
1155 3114 1295 3168 vobis
1324 3124 1421 3168 est.
1460 3112 1613 3168 Tunc
1653 3112 1851 3170 fratres
1878 3114 2094 3169 charis-

500 3208 650 3273 Iimi,
695 3224 817 3264 cum
864 3209 1115 3263 ontuiltus
1167 3208 1478 3263 hominibus
1522 3218 1787 3277 quantum
1833 3223 1899 3265 ex
1939 3207 2095 3266 nobis

502 3315 618 3369 est,
644 3319 831 3377 pacem
858 3305 1151 3368 habemus,
1197 3303 1414 3374 quando
1457 3304 1589 3360 uuiii
1643 3302 1912 3373 facimus,
1952 3307 2095 3362 unde

503 3398 698 3454 debeat
737 3412 859 3453 esse
895 3398 1051 3454 nobis
1101 3397 1372 3460 inimicus,
1416 3399 1634 3469 quando
1681 3399 1922 3455 Omnium
1949 3399 2092 3462 bona

503 3490 756 3547 volumus
801 3500 855 3545 et
898 3491 1195 3560 quaerimus
1237 3491 1454 3560 quando
1496 3502 1595 3564 pro
1620 3488 1843 3553 Christo
1891 3492 1972 3553 eis
2012 3491 2097 3546 lu-

505 3582 727 3640 crandis
770 3598 799 3637 a
834 3582 1169 3652 perfectione
1200 3593 1389 3640 nostra
1431 3597 1537 3639 non
1592 3583 1919 3639 reiaxamus.
1960 3582 2094 3644 Cum

503 3678 701 3750 quibus
753 3677 1013 3733 debemus
1065 3677 1269 3732 habere
1328 3690 1518 3749 pacem
1584 3690 1707 3731 eum
1757 3676 1909 3744 Deo,
1968 3692 2092 3732 eum

505 3770 685 3825 anima
732 3780 953 3833 nostra,
1006 3782 1126 3825 eum
1176 3768 1441 3839 proximis
1475 3768 1704 3832 nostris,
1756 3777 1865 3823 tam
1907 3768 2098 3824 amicis

507 3876 669 3933 quam
698 3859 955 3917 inimicis.
1002 3857 1308 3915 liabeatuns
1337 3858 1503 3929 igitur
1542 3871 1727 3930 pacem
1753 3873 1878 3914 cum
1906 3858 2021 3915 Deo
2044 3858 2095 3919 ei

505 3954 832 4019 obedieudo,
883 3962 937 4008 et
985 3951 1102 4020 ejus
1138 3952 1438 4017 voluntati,
1470 3958 1735 4023 quantum
1784 3964 2095 4025 possumus,

508 4048 911 4103 coneordando.
941 4044 1250 4104 Habeamus
1279 4061 1470 4117 pacem
1500 4045 1805 4106 uobiscum.
1831 4044 2098 4103 animales

509 4151 694 4197 motus
717 4149 769 4193 et
796 4154 987 4195 sensus
1012 4140 1224 4211 spiritui
1249 4138 1546 4201 subdendo.
1585 4138 1886 4195 habeamus
1908 4153 2096 4209 pacem

510 4248 634 4290 cunt
660 4232 866 4296 amicis,
910 4233 1031 4287 illos
1065 4232 1174 4288 Deo
1215 4232 1532 4297 amicando,
1570 4230 1869 4287 habeamus
1912 4245 2096 4299 pacem

512 4343 637 4384 cum
666 4327 920 4390 inimicis,
950 4327 1070 4381 illos
1114 4326 1226 4381 Dco
1262 4325 1687 4381 reconciliando.
1715 4325 1793 4379 Ad
1826 4325 1926 4380 hoc
1949 4325 2096 4379 enim

508 4416 774 4474 debemus
798 4417 1219 4472 familiaritatem
1247 4416 1535 4478 malorum.
1572 4426 1627 4472 et
1650 4430 1890 4473 amorem
1918 4415 2098 4471 inimi-

509 4525 701 4569 comnt
746 4522 987 4582 captare,
1024 4524 1082 4565 ut
1113 4526 1206 4566 eos
1248 4510 1388 4566 bono
1438 4514 1625 4577 verbo,
1654 4520 1709 4567 et
1754 4509 2005 4581 exetupio
2047 4518 2101 4565 et

511 4605 925 4661 conversatione
946 4605 1215 4674 possimus
1235 4603 1341 4660 Deo
1366 4604 1704 4660 lucrifacere.
1734 4602 1872 4660 llinc
1896 4616 2097 4673 praece-

510 4698 594 4768 pit
630 4696 825 4752 Paulus
876 4696 1051 4759 ildeli,
1103 4707 1159 4751 ιιι
1214 4698 1421 4753 itabitet
1460 4708 1585 4751 cum
1633 4696 1857 4758 inﬁdeli,
1915 4710 2099 4752 secum

512 4787 759 4845 habitare
789 4788 1166 4844 consentienti.
1195 4788 1256 4843 Et
1289 4788 1337 4853 si,
1380 4803 1485 4842 non
1516 4787 1808 4849 eonsmuit,
1837 4786 2097 4843 discedat.

515 4880 707 4937 Melius
758 4890 842 4936 est
878 4885 1022 4935 enim
1070 4896 1339 4951 quemque
1384 4879 1557 4934 solum
1607 4877 1819 4932 salvare
1860 4879 2098 4935 animam

512 4988 695 5036 suam,
727 4989 887 5043 quam
919 4988 1042 5027 cum
1088 4974 1194 5026 alio
1223 4972 1424 5040 perire.
1461 4968 1587 5024 lude
1631 4968 1888 5025 Dominus
1920 4990 1936 5026 :
1977 4971 2100 5027 Non

516 5067 652 5125 veni.
684 5064 899 5132 inquit,
922 5079 1104 5132 pacem
1145 5062 1352 5116 mittere
1383 5063 1436 5115 in
1460 5074 1654 5114 terram
1674 5101 1687 5124 ,
1718 5061 1810 5115 sed
1843 5063 2100 5133 gladium.

528 5155 658 5213 Veni
683 5158 821 5211 enim
850 5171 1095 5225 satiat-are
1126 5154 1291 5224 ﬁlium
1326 5174 1355 5208 a
1387 5166 1534 5224 patre
1579 5152 1794 5224 (Matth.
1851 5159 1934 5227 χ),
1992 5166 2099 5210 etc.

515 5251 652 5306 Cum
693 5250 909 5303 diabolo
948 5264 1073 5303 vero
1112 5260 1167 5303 et
1221 5264 1339 5303 cum
1380 5251 1544 5314 vitiis,
1586 5266 1692 5304 non
1727 5263 1951 5318 pacem.
2008 5250 2101 5305 sed

516 5343 716 5398 bellum
767 5357 982 5417 semper
1038 5343 1360 5404 habeamus.
1418 5343 1633 5398 diabolo
1671 5342 2010 5409 resistendo,
2048 5351 2104 5400 et

516 5435 649 5487 vitia
681 5435 747 5487 de
779 5434 930 5488 nobis
957 5443 1013 5487 et
1054 5435 1174 5490 aliis
1218 5436 1562 5490 cradieamlo.
1596 5434 1704 5491 Nec
1735 5436 1994 5491 debemus
2024 5435 2104 5489 ri-

519 5525 613 5581 tiis
641 5535 693 5579 et
723 5526 962 5595 peccatis
995 5529 1193 5583 nostris
1220 5529 1532 5597 indulgere,
1565 5529 1655 5582 sed
1690 5529 1811 5598 plus
1848 5527 2101 5599 persequi

521 5617 575 5672 in
608 5618 768 5674 nobis
791 5633 954 5688 quam
991 5620 1043 5673 in
1073 5619 1194 5673 aliis
1219 5631 1271 5673 et
1304 5620 1582 5674 inimicam
1611 5635 1825 5675 carnem
1863 5629 2102 5675 nostram

519 5711 774 5775 domare,
822 5722 879 5767 ιιι
930 5711 1182 5783 spiritui.
1230 5713 1332 5769 etsi
1382 5730 1488 5770 non
1544 5714 1856 5780 concordet,
1908 5713 2102 5769 saltem

519 5805 696 5861 cedat.
724 5803 995 5874 Quantum
1018 5808 1091 5862 sit
1113 5814 1293 5862 autem
1320 5805 1617 5878 appetenda
1640 5820 1766 5862 vera
1795 5820 1899 5877 pax
1923 5815 2103 5864 osten-

2179 520 2280 577 Dei
2315 523 2640 577 rocabnnlnr
2679 523 2895 589 (Matth.
2930 528 3005 597 ι’).
3048 528 3104 585 ΕΙ
3148 527 3417 607 Propheta
3449 551 3464 589 :
3495 534 3551 589 Et
3576 522 3705 607 facta

2180 624 2256 670 est
2285 613 2339 667 in
2373 629 2501 685 pace
2527 613 2675 669 locus
2698 612 2811 685 ejus
2845 615 3018 687 (Ρδιιι.
3046 621 3238 688 uxr),
3292 620 3343 677 id
3373 633 3450 677 est
3478 631 3706 697 tranquillo

2178 704 2366 763 animo
2401 713 2457 757 et
2494 706 2781 777 tranquilla
2814 710 3276 783 congregatione;
3314 712 3425 783 ipse
3449 718 3583 772 enim
3621 718 3708 781 (πει

2186 795 2334 851 solus
2365 795 2653 853 unanimes
2682 799 2929 856 habitare
2954 802 3005 856 itt
3037 802 3200 857 domo
3224 801 3398 872 (Peril.
3422 812 3601 877 uru).

2256 888 2524 963 Sequitur
2556 907 2682 963 pars
2713 894 2896 958 tertia,
2931 894 2986 949 itt
3015 911 3121 961 qua
3150 906 3339 951 monet
3371 914 3464 957 nos
3484 901 3709 972 Apostolus

2186 996 2292 1038 non
2336 982 2563 1037 reddere
2614 982 2813 1038 malum
2852 999 2951 1055 pro
2991 985 3134 1043 malo
3159 1025 3177 1050 .
3230 988 3327 1041 sed
3366 992 3537 1059 potius
3564 993 3709 1055 imum

2195 1090 2293 1148 pro
2324 1074 2485 1139 malo,
2514 1092 2639 1131 cum
2670 1077 2852 1133 subdit
2896 1093 2910 1133 :
2962 1076 3085 1137 Non
3119 1083 3455 1151 resumipsor
3489 1085 3711 1157 defend“.

2187 1177 2285 1234 tes,
2325 1166 2643 1233 rltariuimi,
2688 1166 2740 1223 id
2778 1179 2864 1226 est
2902 1169 3290 1239 vindicantes;
3331 1175 3582 1247 repellere
3613 1180 3711 1235 enim

2188 1259 2441 1335 injuriam
2485 1263 2604 1319 sine
2656 1261 2882 1325 alterius
2928 1263 3149 1327 lmsioue
3182 1266 3333 1327 licet.
3395 1269 3529 1327 Sunt
3562 1268 3712 1339 suam,

2189 1351 2391 1415 fratres
2422 1354 2563 1421 mei,
2592 1366 2828 1426 quatuor
2866 1359 3295 1429 retributiones.
3321 1362 3541 1421 reddere
3569 1366 3715 1427 malum

2190 1461 2289 1521 pro
2316 1446 2484 1515 maio,
2513 1447 2657 1518 quod
2697 1448 3051 1506 mediocriter
3088 1452 3357 1511 malorum
3388 1463 3491 1512 est.
3531 1454 3714 1517 “cidere

2191 1534 2389 1593 malum
2424 1554 2521 1610 pro
2549 1540 2716 1607 bono,
2744 1544 2891 1617 quod
2931 1543 3450 1617 malignissimorum
3498 1557 3596 1603 est.
3620 1546 3717 1606 liui-

2191 1631 2319 1687 dere
2348 1632 2547 1688 bonum
2588 1638 2687 1705 pro
2724 1634 2903 1705 bono,
2941 1636 3085 1713 quod
3124 1638 3477 1697 mediocriter
3512 1640 3713 1699 bonorum

2190 1732 2295 1780 est.
2334 1724 2582 1785 Reddere
2617 1725 2818 1784 bonum
2856 1743 2958 1803 pro
2981 1728 3149 1800 malo,
3190 1730 3335 1804 quod
3360 1720 3577 1788 summa:
3610 1734 3717 1793 hani-

2123 1797 2166 1855 Β
2194 1817 2319 1874 tatis
2341 1828 2443 1874 est.
2474 1817 2704 1894 Quando
2726 1797 2871 1878 τοῖον
2891 1821 3029 1881 Deus
3049 1797 3223 1895 judeti
3254 1823 3420 1883 infert
3439 1834 3717 1901 pertempto

2189 1920 2437 1979 peccato,
2469 1925 2575 1966 non
2629 1910 2811 1969 rediit
2848 1913 3050 1973 malum
3088 1929 3193 1987 pro
3248 1916 3415 1984 maio,
3462 1919 3553 1976 sed
3595 1920 3720 1991 potius
3792 1948 3797 1959 ·

2186 1998 2393 2071 justum
2419 2016 2517 2073 pro
2554 2002 2778 2075 injuste.
2821 2002 3001 2061 Monet
3046 2004 3213 2079 igitur
3241 2007 3529 2079 Apostolus
3562 2023 3653 2075 nos,
3681 2021 3719 2065 ιιι

2192 2106 2301 2147 non
2345 2092 2636 2149 reddamus
2675 2093 2874 2149 malum
2922 2111 3019 2167 pro
3057 2095 3219 2153 maio.
3248 2097 3356 2155 Sed
3386 2099 3538 2165 date,
3574 2100 3714 2174 inquit,

2194 2179 2365 2237 locum
2396 2184 2512 2250 ira’,
2549 2184 2599 2238 id
2628 2195 2711 2241 est
2731 2185 2985 2242 vindicta:
3013 2186 3233 2244 (lirium.
3260 2186 3363 2258 Qui
3391 2191 3531 2249 enim
3556 2208 3640 2251 ιιοιι
3658 2193 3719 2249 dat

2194 2272 2372 2331 locum
2411 2277 2665 2334 vindictzc
2699 2277 2835 2344 Dei,
2874 2279 3161 2349 tripliciter
3191 2291 3406 2355 peccat.
3452 2274 3721 2357 Tum,quia

2191 2368 2477 2436 prmsuatit
2499 2370 2641 2441 quod
2666 2383 2823 2425 suum
2849 2388 2956 2427 non
2974 2381 3078 2441 est,
3092 2382 3205 2431 tmn
3230 2374 3357 2447 quia
3377 2384 3574 2447 tempus
3584 2375 3721 2446 juJicii

2191 2463 2478 2539 prmreuit,
2508 2474 2620 2519 tum
2661 2466 2787 2535 quia
2829 2466 2895 2522 de
2939 2468 3185 2530 verbere,
3235 2469 3303 2525 de
3330 2486 3435 2541 quo
3453 2462 3722 2528 utelioresse

2196 2556 2442 2624 deberet,
2472 2559 2711 2613 deterior
2737 2569 2841 2615 est.
2877 2558 3142 2631 Scriptum
3191 2572 3267 2616 est
3292 2563 3434 2617 enim
3464 2580 3484 2620 :
3521 2558 3725 2619 muru-

2196 2648 2415 2715 rtictam,
2447 2648 2707 2706 subaudis
2734 2661 3029 2719 reservate,
3055 2662 3103 2707 et
3125 2669 3219 2726 ego
3243 2651 3544 2709 retribuam.
3581 2652 3723 2708 Eililh

2196 2742 2573 2797 tantummodo
2597 2758 2702 2797 non
2733 2743 2927 2800 reddas
2950 2744 3149 2802 malum
3170 2759 3269 2816 pro
3300 2742 3463 2810 maio,
3487 2745 3581 2801 imo
3598 2745 3723 2800 etiam

2195 2833 2397 2888 reddas
2424 2834 2620 2888 bonum
2668 2849 2766 2905 pro
2797 2836 2959 2890 maio.
2988 2835 3054 2891 Et
3095 2837 3199 2899 hoc
3228 2845 3308 2894 est
3342 2838 3484 2910 quod
3512 2840 3576 2892 ait
3602 2854 3613 2891 :
3647 2832 3722 2896 ςιει

2196 2926 2244 2979 ei
2271 2924 2513 2980 esui-ierit
2549 2925 2794 2981 inimicm
2832 2938 2972 2991 tum,
3014 2926 3097 2983 vel
3135 2930 3496 3001 corporaliter
3516 2930 3586 2984 rei
3606 2930 3725 3001 spiri-

2199 3017 2454 3081 tuaiitcr.
2492 3019 2608 3072 ciba
2658 3018 2828 3073 illum.
2870 3017 2932 3077 Si
2986 3022 3134 3086 sitit,
3194 3030 3379 3093 potum
3416 3021 3482 3077 da
3516 3021 3599 3077 illi.
3646 3020 3725 3075 Hoc

2197 3111 2334 3166 enim
2376 3112 2600 3182 faciens,
2650 3124 2895 3184 congere:
2935 3120 3187 3170 carbones
3258 3116 3396 3187 ignis
3439 3131 3579 3184 super
3610 3110 3727 3185 caput

2198 3204 2337 3275 ejus,
2380 3203 2434 3258 id
2473 3212 2557 3258 est
2584 3204 2835 3259 ardorem
2887 3204 3174 3260 citaritatis
3222 3208 3276 3261 in
3318 3219 3493 3263 tuente
3536 3206 3651 3277 ejus,
3684 3213 3726 3259 ut

2198 3305 2546 3354 convertatur
2581 3306 2636 3355 et
2684 3296 2780 3352 tibi
2822 3299 3225 3356 reconcilietur.
3280 3294 3377 3355 Vel
3424 3300 3468 3355 si
3520 3300 3725 3357 noluerit.

2197 3404 2463 3459 congeres
2493 3390 2758 3447 carbones
2778 3392 2965 3447 αξιοι-ιιι
2993 3392 3243 3463 supplicii
3280 3394 3334 3448 in
3366 3397 3515 3465 caput
3540 3388 3729 3463 εἰπερ

2188 3478 2341 3539 cnim
2365 3483 2507 3553 quod
2536 3498 2634 3539 nec
2654 3499 2753 3553 per
2774 3484 3032 3541 beneficia
3055 3486 3292 3558 mitigari
3325 3485 3560 3553 noluerit,
3576 3486 3675 3558 plus
3692 3487 3728 3539 in

2202 3576 2415 3632 inferno
2444 3576 2797 3633 cruciahitur.
2851 3576 2978 3633 Noli
3008 3579 3143 3634 eluci
3164 3597 3195 3635 a
3220 3580 3381 3636 malo.
3418 3583 3457 3637 Α
3485 3582 3615 3637 utan
3640 3580 3728 3633 rin-

2198 3668 2369 3734 citur,
2420 3669 2513 3739 qui
2574 3668 2778 3723 malum
2835 3685 2933 3740 pro
2984 3670 3129 3726 maio
3178 3673 3407 3727 reddere
3442 3685 3729 3741 conatnrya

2199 3758 2345 3815 tuan
2372 3759 2631 3825 vincitur,
2671 3760 2761 3831 qui
2802 3761 2870 3815 de
2901 3760 3047 3815 illata
3079 3761 3278 3833 injuria
3318 3763 3676 3831 deterioratur;
3708 3778 3728 3819 ι

2188 3852 2351 3909 male
2371 3851 2629 3917 vincitur,
2660 3854 2751 3923 qui
2787 3852 3151 3925 .tnaiiguorutu
3194 3857 3517 3927 prtzsperitati
3545 3856 3733 3912 amni:-

2204 3954 2312 4000 tur.
2347 3942 2451 3999 Sed
2484 3946 2646 4010 vince,
2688 3945 2885 4019 inquit,
2924 3946 2977 3999 in
3001 3946 3134 4000 bona
3173 3948 3387 4004 malum.
3417 3947 3555 4004 Tunc
3594 3950 3732 4003 vincit

2205 4035 2257 4091 in
2298 4035 2441 4092 bono
2495 4035 2716 4098 malum,
2768 4037 2983 4105 quando
3024 4036 3228 4090 illatam
3274 4037 3509 4107 injuriam
3544 4056 3634 4110 per
3665 4056 3735 4109 ps-

2205 4129 2446 4184 tientiam
2502 4143 2746 4198 superas,
2789 4131 3005 4199 quando
3058 4129 3339 4186 inimicum
3384 4147 3475 4204 per
3508 4134 3730 4189 beneﬁcia

2201 4221 2300 4277 tibi
2344 4220 2699 4286 reconciliati,
2750 4220 2967 4291 quando
3012 4221 3185 4277 malos
3236 4223 3374 4279 bono
3419 4224 3644 4294 exentplo
3683 4222 3733 4277 ad

2203 4312 2432 4368 meliora
2473 4313 2696 4369 invitas.
2746 4313 2897 4381 Quod
2949 4312 3122 4376 nobis,
3156 4314 3352 4370 fratres
3384 4315 3506 4377 mei,
3532 4327 3581 4368 et
3611 4313 3732 4369 vobis

2200 4411 2507 4484 adimplere
2526 4412 2794 4471 concedat
2822 4411 2913 4480 qui
2956 4424 3053 4481 pro
3088 4410 3326 4467 inimicis
3354 4412 3455 4466 suis
3479 4412 3669 4476 orarit,
3694 4416 3734 4463 et

2133 4524 2179 4581 ι)
2203 4508 2443 4561 animant
2467 4519 2625 4563 suam
2648 4504 2847 4576 posuit,
2869 4503 3131 4561 Dominus
3152 4503 3729 4563 nostcrlesnstristus.

2202 4602 2397 4656 Amen.
2472 4647 2474 4650 ,

2120 3161 2166 3231 C

2724 4688 3008 4747 HOMILIA
3047 4689 3239 4749 XXIII.

2490 4797 2745 4842 ιιοιιιιιιοιι
2776 4798 2973 4840 τειιτιιι
2997 4796 3130 4841 POST
3157 4798 3481 4841 EPIPDAMAI.

2277 4870 2629 4937 Descendente
2657 4876 2785 4934 Iesu
2813 4878 2879 4935 de
2900 4890 3093 4942 monte,
3126 4888 3316 4934 secnttr
3338 4890 3444 4933 sunt
3464 4892 3572 4930 eum
3596 4872 3733 4953 turi;

2205 4971 2385 5027 multa:
2433 4970 2644 5042 (Matth.
2694 4974 2848 5038 rut),
2907 4980 2961 5025 et
3010 4970 3236 5040 reliqua.
3275 4967 3467 5024 Duobus
3509 4964 3735 5049 Capitulis

2206 5063 2560 5135 distinguitur
2584 5064 2697 5118 hrec
2722 5061 2904 5127 lectio,
2929 5063 3129 5118 fratres
3154 5064 3456 5118 citatissimi.
3485 5061 3537 5112 ιιι
3568 5060 3731 5130 primo,

2204 5165 2440 5226 quatuor
2480 5157 2881 5211 ostenduntur:
2944 5155 3119 5226 prium
3160 5154 3445 5210 ostenditur
3484 5146 3732 5204 tit-sumtis

2207 5261 2393 5306 monte
2431 5250 2867 5316 descendentem,
2897 5250 3082 5304 turbas
3116 5248 3311 5307 multas
3339 5255 3523 5303 secutas
3554 5243 3729 5301 fuisse;

2207 5342 2467 5406 secundo,
2501 5356 2756 5397 accessus
2778 5342 2972 5412 leprosi
3000 5342 3065 5395 ad
3097 5340 3312 5406 Jesnnt;
3352 5336 3504 5397 tertio.
3545 5332 3728 5389 curatis

2206 5433 2351 5502 eius;
2382 5445 2579 5504 quarto
2621 5435 2932 5504 przeeipitnr
2961 5434 3012 5489 ei
3056 5450 3122 5489 ne
3150 5436 3233 5489 eui
3266 5434 3414 5493 dicat.
3448 5430 3534 5485 Sed
3580 5441 3727 5479 sacer-

2209 5526 2427 5583 dotibus
2456 5542 2514 5582 se
2539 5527 2809 5582 ostendat.
2836 5527 2923 5580 Alt
2956 5527 3121 5595 igitur
3150 5544 3163 5579 :
3206 5526 3516 5579 Drst'ettdettle
3541 5517 3662 5572 less
3680 5520 3728 5567 si

2208 5630 2404 5685 monte,
2432 5628 2624 5676 secum
2646 5628 2773 5676 sunt
2798 5634 2920 5673 eum
2944 5618 3110 5675 turba:
3138 5618 3332 5673 multis.
3356 5613 3463 5683 Quid
3484 5624 3597 5677 εει,
3636 5611 3723 5664 τη·

2210 5722 2323 5770 tres
2386 5714 2488 5769 mei
2514 5753 2530 5785 ,
2591 5715 2734 5795 quod
2788 5709 2973 5769 Jesum
3013 5712 3414 5769 descendentem
3458 5706 3524 5761 de
3572 5714 3725 5760 meets

2208 5815 2411 5867 secuta
2449 5814 2578 5865 sunt
2621 5821 2746 5871 eum
2808 5804 2980 5864 turba
3023 5805 3240 5873 multa,
3296 5802 3386 5860 nisi
3417 5796 3528 5870 quia
3566 5795 3721 5854 Jan
