3820 6312
408 396 541 457 "Si

1431 390 1776 449 ADDENDA.
1807 420 1877 434 ιι-
1914 387 2259 447 [iAllULPIil
2304 383 2649 444 ARDENTIS

3520 387 3637 443 175!

404 515 530 569 dum
562 526 680 566 esse
703 511 1133 572 detnonstraret:
1162 511 1230 566 ob
1253 509 1492 582 mystcrii
1512 506 1987 578 significationem,
2020 517 2063 573 Λ
2096 508 2227 561 dare
2270 503 2388 559 solo
2418 504 2583 559 verbo
2615 502 2903 559 sanitatem
2953 501 3205 566 credidit,
3255 501 3474 557 credens
3497 513 3634 560 etiam

404 616 466 662 ut
529 604 794 659 inalorum
851 615 1198 676 peccatorum
1255 603 1490 674 lcpram,
1549 602 1786 672 indigere
1828 616 1991 670 opere

403 695 792 754 satisfactiouis
838 696 1189 767 significaret.
1236 694 1488 750 Venialcs
1545 705 1725 748 autem
1778 692 1987 762 culpae,

403 790 523 847 sine
548 790 726 861 operis
752 789 1141 854 satisfactione,
1169 804 1309 861 szepe
1331 789 1696 842 dimittuntur.
1744 789 1813 841 At
1842 786 1988 859 lepra

402 882 628 953 majoris
654 884 899 939 criminis
928 883 1132 952 indiget
1172 897 1334 936 tnanu
1369 881 1773 935 satisfactionis.

472 975 729 1045 Sequitur
755 992 881 1046 pars
908 984 1123 1045 quarta,
1156 989 1275 1028 cum
1311 973 1509 1028 dicitur
1537 991 1550 1027 :
1603 971 1751 1037 Vide,
1784 973 1983 1027 nemini

399 1061 618 1122 dixeris.
648 1066 753 1122 Sed
783 1067 930 1130 vade,
976 1065 1189 1119 ostende
1225 1074 1274 1119 te
1301 1067 1581 1130 sacerdoti,
1612 1074 1658 1118 et
1693 1065 1827 1134 o/I'er
1872 1082 1987 1119 mu-

397 1175 497 1214 nus
537 1158 676 1229 quod
722 1156 965 1228 pra’cepit
1000 1155 1207 1227 Moyses
1250 1158 1305 1209 in
1353 1155 1707 1210 testimonium
1752 1154 1876 1210 illis.
1928 1155 1984 1211 In

396 1250 503 1307 hoc
534 1260 738 1315 autem,
785 1249 984 1305 fratres
1026 1249 1357 1314 charissimi,
1404 1250 1548 1320 quod
1581 1250 1838 1320 praecepit
1881 1249 1987 1304 Do-

394 1346 576 1401 minus
620 1352 810 1398 curato
850 1344 1089 1413 ieproso,
1138 1343 1241 1398 hoc
1294 1342 1615 1397 miraculum
1664 1342 1849 1407 silere,
1900 1342 1985 1398 in-

393 1424 559 1494 struit
589 1452 707 1505 nos,
733 1448 791 1491 ut
818 1439 868 1491 in
903 1436 1059 1492 bonis
1082 1452 1203 1507 qua:
1240 1436 1491 1501 facimus,
1533 1451 1640 1491 non
1678 1436 1984 1503 hominum,

392 1531 488 1584 sed
516 1529 683 1586 solius
727 1528 817 1584 Dei
850 1530 1042 1584 laudes
1076 1544 1407 1600 quaeramus.
1447 1527 1501 1583 lu
1536 1528 1639 1583 hoc
1670 1544 1800 1583 vero
1838 1528 1984 1598 quod

392 1620 484 1676 ille
532 1622 853 1677 miraculum
905 1621 1179 1692 publicat,
1226 1620 1628 1675 demonstratur
1672 1621 1816 1691 quod
1869 1620 1982 1675 Do-

391 1712 573 1767 minus
622 1723 933 1767 sauctormn
967 1711 1200 1766 virtutes
1239 1726 1344 1765 non
1394 1710 1510 1764 vult
1561 1709 1748 1779 latere,
1780 1713 1872 1766 sed
1903 1711 1983 1765 eis

389 1805 578 1860 invitis
602 1805 668 1859 ad
706 1804 996 1859 utilitatem
1027 1803 1257 1858 aliormn
1289 1803 1623 1868 manifestat,
1648 1803 1806 1871 juxta
1839 1803 1985 1872 quod

389 1901 506 1971 ipse
550 1901 663 1955 ait:
704 1897 872 1953 Nemo
903 1898 1140 1953 accendit
1180 1900 1467 1963 lucernam,
1497 1909 1543 1952 et
1587 1899 1643 1954 in
1672 1899 1981 1953 abscondito

388 1992 556 2060 ponit,
586 1991 675 2045 sed
704 2007 862 2060 super
905 1988 1299 2053 candelabrum,
1336 2000 1388 2043 ut
1420 1989 1593 2044 luceat
1623 1990 1862 2044 omnibus
1887 1992 1978 2061 qui

389 2084 445 2140 in
472 2084 625 2138 domo
653 2095 771 2139 sunt
800 2081 951 2154 (Luc.
983 2082 1068 2137 ul.
1104 2081 1356 2152 Praecipit
1386 2098 1513 2137 vero
1538 2098 1660 2138 eum
1689 2083 1979 2140 ostendere

388 2190 449 2232 se
486 2175 779 2239 sacerdoti,
807 2183 865 2229 ut
901 2189 1059 2231 nemo
1092 2173 1157 2229 de
1194 2188 1294 2229 sua
1344 2174 1663 2242 poenitentia
1713 2174 1973 2241 confidat,

387 2268 486 2324 sed
517 2268 583 2322 ad
612 2267 895 2322 arbitrium
942 2266 1243 2322 sacerdotis
1290 2266 1624 2332 satisfaciat;
1656 2276 1711 2321 et
1753 2276 1978 2338 propter

385 2360 812 2418 tnobedieutiam
843 2370 895 2415 et
920 2368 1291 2428 contemptum
1318 2359 1525 2431 lepratn
1555 2360 1801 2416 criminis
1834 2361 1977 2416 redi-

385 2461 566 2509 turam
604 2450 823 2516 timeat,
873 2451 977 2506 nisi
1022 2451 1292 2507 sacerdoti
1344 2466 1439 2522 per
1469 2451 1865 2507 confessionem
1915 2466 1976 2507 se

385 2546 653 2615 ostendat.
707 2543 960 2617 Pratcipit
1001 2544 1163 2600 etiam
1203 2543 1397 2599 offerre
1445 2561 1661 2610 munus,
1705 2552 1763 2600 ut
1802 2545 1973 2617 legem

385 2653 444 2694 se
482 2654 587 2694 non
634 2636 844 2694 solvere
883 2638 1166 2701 ostendat,
1196 2645 1260 2692 ut
1306 2636 1624 2691 mundatnm
1670 2650 1701 2689 a
1746 2646 1973 2705 peccato

384 2730 493 2789 Deo
536 2745 697 2802 agere
731 2738 914 2803 grates
959 2728 1211 2794 edoceat,
1257 2736 1314 2782 ut
1360 2727 1664 2785 oblationes
1720 2728 1974 2783 sacerdo-

383 2822 529 2881 tibus
576 2823 853 2879 faciendas
899 2822 1256 2888 demonstret,
1285 2829 1342 2877 ut
1370 2822 1450 2878 eis
1498 2822 1550 2878 in
1602 2821 1970 2879 testimonium

381 2913 503 2980 flat.
533 2914 619 2971 vel
655 2914 809 2983 fidei,
855 2914 900 2971 si
946 2914 1195 2983 credant,
1242 2912 1324 2970 vel
1362 2911 1751 2978 damnationis,
1783 2910 1830 2967 si
1863 2924 1973 2967 non

380 3007 630 3066 "edant.

457 3095 590 3156 Cum
621 3108 794 3154 autent
820 3100 1066 3155 intrasset
1092 3098 1490 3171 Capharnaum,
1518 3106 1623 3153 etc.
1659 3096 1716 3152 lu
1749 3098 1854 3153 hoc
1884 3111 1969 3152 se-
2016 3100 2023 3113 ’

383 3194 561 3250 eundo
599 3192 857 3265 capitulo,
897 3194 1092 3250 fratres
1134 3193 1465 3257 charissimi,
1509 3192 1685 3263 primo
1718 3190 1966 3265 conside-

2093 599 2234 669 quod
2267 598 2408 651 sicut
2438 596 2552 665 ipse
2582 596 2695 649 suis
2727 594 2990 649 militibus
3031 593 3353 662 imperabat,
3376 604 3431 647 et
3454 610 3538 663 per
3558 612 3636 652 eos

2094 690 2432 744 voluntatem
2465 704 2619 743 suam
2646 686 2925 758 implebat,
2958 687 3030 741 ita
3064 686 3321 740 Dominus
3346 696 3537 754 poterat
3561 704 3638 743 aa-

2092 780 2225 851 gelis
2250 780 2543 847 imperare,
2570 788 2626 834 ct
2653 794 2749 848 per
2774 793 2869 834 cos
2898 777 3043 847 quod
3076 774 3240 829 vellet
3268 773 3464 838 facere,
3488 777 3638 834 dicere

2090 872 2397 942 mgritudiui
2434 880 2491 927 ut
2535 869 2778 934 recedat,
2813 878 2869 924 et
2917 868 3221 933 recederet,
3259 876 3315 923 et
3356 868 3560 925 sanitati
3592 880 3640 927 ιιι

2089 963 2293 1029 veniat,
2319 974 2371 1019 et
2402 963 2632 1018 veniret.
2685 962 2755 1017 Et
2802 964 2927 1033 quia
2971 961 3050 1017 sic
3088 960 3347 1029 credidit,
3375 976 3406 1015 a
3446 960 3642 1019 Domine

2090 1058 2289 1112 meruit
2340 1056 2587 1122 laudari,
2632 1065 2687 1112 et
2736 1054 2879 1125 quod
2936 1053 3310 1125 postulaverat
3362 1054 3637 1124 impetrare.

2090 1150 2376 1205 Diseanms
2413 1158 2467 1204 et
2512 1164 2633 1216 nos,
2682 1147 2878 1203 fratres
2923 1147 3266 1213 charissimi,
3311 1146 3501 1203 habere
3540 1147 3643 1206 ﬁdei

2093 1242 2385 1307 fervorem,
2415 1241 2671 1312 quoniam
2709 1240 2823 1310 ipse
2863 1238 3125 1295 Dominus
3159 1238 3278 1294 ait:
3308 1236 3491 1295 Omnis
3511 1244 3652 1309 potst~

2090 1335 2217 1390 bilia
2256 1345 2379 1389 sunt
2406 1334 2641 1388 credenti
2673 1330 2871 1402 (Herc.
2892 1334 2992 1402 Ix).
3031 1329 3406 1386 Humilitatem
3433 1346 3647 1402 magnam

2089 1427 2315 1493 habuit,
2360 1426 2620 1498 quoniam
2666 1424 2945 1496 indignum
2982 1439 3041 1481 se
3078 1422 3392 1495 reputavit,
3434 1423 3564 1493 quod
3592 1424 3652 1480 ad

2087 1534 2211 1576 eum
2252 1521 2561 1587 accederet,
2602 1519 2747 1592 quod
2791 1534 2886 1591 per
2931 1535 2992 1575 se
3020 1533 3149 1574 eum
3178 1528 3419 1589 rogaret,
3454 1520 3580 1589 quod
3605 1518 3649 1575 is

2089 1629 2241 1669 suam
2270 1613 2488 1669 domum
2524 1613 2786 1669 Dominus
2820 1613 3071 1669 intraret.
3110 1610 3251 1667 Cum
3288 1610 3434 1667 enim
3463 1611 3651 1682 gentilis

2086 1714 2253 1770 esset,
2286 1720 2394 1760 non
2425 1719 2521 1776 per
2550 1720 2628 1770 se,
2661 1705 2757 1760 sed
2788 1719 2883 1775 per
2917 1705 3167 1760 seniores
3202 1703 3493 1760 Dominum
3518 1718 3652 1773 rega-

2086 1808 2260 1854 verat.
2302 1798 2415 1855 lloc
2449 1799 2699 1869 exemplo
2747 1799 3025 1854 discamus
3071 1808 3129 1855 et
3173 1813 3298 1865 nos,
3349 1797 3559 1865 fratres,
3597 1799 3652 1855 de

2016 1893 2061 1951 Β
2088 1888 2244 1947 nobis
2270 1890 2555 1947 humiliter
2580 1891 2806 1957 sentire,
2836 1891 2888 1946 in
2920 1891 3178 1947 omnibus
3202 1905 3306 1946 nos
3334 1890 3567 1961 indignos
3583 1890 3653 1961 je-

2082 1984 2286 2051 dieare,
2321 2001 2428 2040 non
2464 1999 2587 2041 esse
2628 1985 2821 2056 dignos
2854 1986 2944 2056 qui
2972 2000 3068 2041 ore
3096 1996 3294 2041 nostro
3328 1986 3652 2056 pollutoeelt

2083 2094 2358 2150 rogemus,
2400 2079 2494 2134 sed
2546 2094 2644 2149 per
2684 2078 3133 2135 intercessionem
3184 2089 3499 2135 sanctorum
3547 2096 3649 2137 eum

2081 2173 2149 2227 ad
2179 2173 2354 2227 nostri
2397 2172 2827 2229 misericordiam
2859 2172 3207 2229 inclinemus.
3233 2173 3443 2244 Corpus
3464 2183 3517 2229 et
3541 2187 3650 2229 san-

2079 2264 2295 2335 guinem
2323 2279 2500 2327 suum,
2531 2264 2583 2320 iu
2634 2263 2834 2319 fin-lum
2866 2264 3165 2333 hospitium
3196 2263 3446 2334 corporis
3491 2266 3647 2321 nostri

2081 2360 2497 2416 reformidemus
2526 2359 2824 2430 suscipere,
2854 2373 2961 2413 non
3012 2357 3136 2414 ideo
3167 2358 3314 2428 quod
3342 2360 3397 2414 in
3430 2357 3653 2416 fceditste

2079 2467 2305 2509 manere
2336 2451 2589 2517 velimus,
2632 2451 2727 2507 sed
2758 2461 2817 2506 ut
2861 2452 3035 2524 magis
3074 2452 3265 2508 mundi
3295 2461 3351 2509 et
3381 2454 3521 2526 digni
3547 2467 3650 2510 esse

2080 2543 2427 2600 desudemus.
2463 2543 2620 2607 Ecce.
2675 2542 2871 2600 fratres
2898 2584 2914 2609 ,
2960 2553 3015 2599 et
3049 2544 3154 2600 iste
3207 2547 3529 2603 eenturioet
3568 2546 3652 2604 ls-

2078 2637 2263 2694 chzeus
2292 2636 2579 2692 Dominum
2627 2637 3049 2703 honoraverum,
3090 2637 3188 2692 sed
3239 2638 3456 2693 diverso
3493 2639 3648 2698 motis.

2077 2730 2344 2787 Zachzeus
2367 2746 2492 2787 eum
2525 2730 2643 2786 laete
2675 2731 3040 2801 suscipiendo,
3066 2730 3173 2786 iste
3199 2746 3263 2786 se
3294 2731 3561 2802 indignum
3585 2748 3654 2789 re-

2077 2824 2340 2896 putando.
2371 2823 2664 2880 Zachazum
2702 2822 2970 2889 imitatur,
3009 2824 3103 2895 qui
3145 2823 3538 2882 Eucharistiam
3562 2826 3651 2885 fre-

2077 2925 2309 2988 quenter
2331 2926 2389 2973 et
2432 2915 2555 2972 laete
2596 2916 2845 2987 suscipit,
2880 2916 3259 2973 centurionem
3296 2933 3425 2975 vero
3460 2920 3651 2976 initae-

2080 3019 2189 3079 tur,
2213 3010 2305 3082 qui
2342 3025 2403 3066 se
2448 3009 2695 3081 indignos
2723 3010 3022 3081 reputando
3053 3010 3454 3069 Encharistiam
3501 3015 3651 3070 susti-

2083 3118 2215 3175 pere
2265 3110 2516 3159 metuunt
2559 3110 2614 3157 et
2662 3117 2721 3157 se
2770 3102 3077 3161 retrahunt.
3128 3100 3270 3159 lliuc
3295 3104 3646 3175 Augustinus:

2080 3196 2458 3265 Quotidianas,
2487 3196 2662 3266 inquit
2691 3195 2887 3250 missas
2919 3194 3226 3261 celebrare,
3256 3211 3358 3253 nec
3387 3196 3539 3253 laudo
3561 3213 3647 3256 nec

380 3288 570 3343 randa:
599 3297 725 3343 sunt
756 3288 982 3345 virtutes
1014 3288 1171 3358 hujus
1201 3260 1563 3352 centurionis,
1603 3286 1800 3342 deinde
1825 3260 1972 3341 circa
2002 3260 2049 3325 (ἶ
2078 3260 2348 3362 vimper-0,
2395 3289 2446 3345 id
2496 3260 2580 3347 est
2626 3303 2727 3345 nee
2754 3288 2916 3344 laudo
2963 3288 3238 3361 indignis,
3283 3306 3387 3346 nec
3427 3294 3648 3362 vitepers

382 3393 508 3451 eum
536 3394 699 3451 opera
737 3379 959 3436 Christi.
992 3378 1118 3435 Fuit
1145 3382 1290 3436 enim
1323 3380 1410 3435 hic
1452 3380 1699 3435 centurio
1737 3386 1977 3448 quatuor

382 3473 598 3545 magnis
620 3473 912 3530 virtutibus
935 3473 1163 3543 insignis
1184 3483 1239 3528 et
1265 3474 1420 3529 nobis
1446 3472 1751 3527 imitabilis.
1780 3470 1978 3527 flabuit

382 3568 582 3639 quippe
612 3568 1078 3632 misericordiam,
1128 3567 1321 3632 fidem,
1375 3566 1740 3622 lunnilitatem
1789 3574 1844 3621 et
1890 3578 1977 3620 ss-

379 3659 668 3732 pieutiam.
706 3658 1169 3727 Misericordiam,
1209 3674 1318 3729 qua
1374 3657 1676 3713 infirmitati
1705 3657 1789 3712 sui
1833 3656 1977 3712 servi

382 3753 735 3825 cutiipatitur,
764 3754 891 3807 dum
934 3766 1030 3823 per
1074 3752 1319 3807 seniores
1352 3749 1694 3816 Judacorum,
1734 3757 1791 3803 ut
1836 3749 1976 3804 alius

382 3846 709 3919 evangelista
745 3853 998 3912 testatur,
1037 3844 1323 3900 Dominum
1356 3852 1532 3913 rogat,
1572 3853 1645 3909 et,
1690 3851 1750 3896 ut
1787 3840 1975 3897 Domi-

358 3936 513 3992 num
560 3936 731 4010 magis
760 3936 827 3990 ad
867 3934 1299 3993 misericordiam
1338 3943 1700 4002 coimnoveat,
1730 3932 1976 3988 dolorem

379 4030 525 4105 servi
563 4028 951 4103 miserabiliter
993 4038 1312 4101 exaggerat.
1346 4027 1404 4083 lu
1450 4028 1622 4083 tribus
1666 4025 1974 4100 enimcum

381 4124 748 4180 miserabilem
784 4124 1123 4180 demonstrat
1152 4141 1164 4178 :
1197 4122 1339 4193 quod
1374 4122 1543 4193 jacet,
1571 4121 1713 4192 quod
1761 4119 1975 4192 paraly-

383 4219 547 4284 ticus,
586 4219 729 4290 quod
768 4218 907 4273 male
937 4227 1238 4290 torquetur.
1291 4217 1444 4273 Sicut
1488 4216 1634 4271 enim
1678 4215 1864 4283 jacere
1892 4225 1976 4271 est

383 4312 601 4381 requies
645 4327 803 4377 sano,
852 4311 927 4366 ita
972 4319 1056 4366 est
1088 4318 1415 4365 tormentum
1460 4306 1713 4372 infirmo;
1758 4307 1977 4379 paraly-

382 4404 549 4472 ticus,
573 4405 625 4461 id
650 4416 735 4460 est
758 4402 933 4461 olIieio
960 4404 1330 4459 membrorum
1359 4400 1674 4457 dissolutus.
1702 4397 1977 4471 Paratysis

382 4497 566 4565 enim,
610 4498 888 4554 dissolutio
919 4498 1327 4567 interpretatur.
1370 4495 1437 4550 Et
1477 4496 1602 4567 quia
1631 4497 1711 4550 sic
1756 4503 1980 4566 possent

358 4576 540 4650 arida
588 4593 831 4651 membra
859 4608 980 4647 esse
1023 4592 1167 4663 quod
1197 4606 1260 4646 ea
1297 4605 1403 4645 non
1453 4591 1694 4651 doleret.
1731 4589 1807 4643 ait
1845 4602 1860 4641 :
1913 4586 1978 4641 Et

381 4685 523 4743 male
560 4696 850 4757 torquetur.
889 4683 1060 4755 llnjus
1095 4680 1364 4753 exemplo,
1412 4679 1611 4736 fratres
1639 4678 1975 4746 charissimi,

384 4779 662 4836 discamus
708 4780 966 4849 pietatem
1011 4775 1212 4832 habere
1259 4774 1313 4828 in
1369 4787 1557 4828 servos
1586 4782 1825 4837 nostros,
1869 4787 1977 4826 non

384 4886 482 4928 eos
510 4886 787 4943 spernere.
834 4887 939 4927 non
978 4884 1076 4925 eos
1104 4869 1242 4923 dure
1276 4874 1533 4931 tractare,
1582 4881 1687 4921 non
1734 4865 1979 4921 infirmos

384 4968 568 5022 statim
602 4964 896 5037 expellere.
929 4963 1069 5020 sicut
1099 4960 1319 5032 quidam
1367 4960 1585 5029 superbi
1632 4959 1824 5025 solent
1847 4979 1861 5016 :
1884 4961 1979 5018 sed

385 5060 675 5131 diligamus
721 5075 818 5114 eos
868 5068 1128 5127 tanquam
1163 5054 1412 5111 homines
1440 5064 1495 5109 et
1530 5054 1751 5123 fratres,
1786 5069 1977 5112 neces-

346 5222 349 5225 _
384 5153 533 5209 saria
571 5152 653 5206 eis
695 5150 1168 5215 administremus,
1223 5146 1476 5201 meritum
1528 5147 1844 5213 reddamus,
1889 5147 1976 5201 in-

384 5243 561 5301 firmis
614 5241 1140 5298 condescendamus.
1190 5239 1430 5296 Sufficiat
1475 5240 1632 5296 nobis
1679 5241 1822 5309 quod
1868 5238 2005 5295 De0‘

347 5401 351 5404 ,
385 5337 614 5401 sullicit,
649 5336 695 5392 si
745 5338 814 5392 ab
865 5335 946 5391 eis
988 5334 1220 5391 colimur
1248 5343 1303 5390 et
1344 5349 1614 5389 amamur.
1663 5332 1977 5404 Cogitemus

386 5432 554 5486 etiam
601 5443 699 5484 nos
729 5438 785 5484 et
813 5443 910 5485 eos
940 5428 1141 5485 habere
1174 5444 1339 5485 unum
1374 5426 1659 5483 Dominum
1693 5426 1881 5482 Deum.
1909 5426 1978 5481 Et

386 5523 435 5580 si
476 5521 777 5593 cogitamus
815 5536 911 5576 eos
960 5536 1147 5581 servos
1197 5520 1511 5584 hominum,
1559 5518 1862 5587 cogitemus
1910 5532 1977 5573 ne

390 5618 529 5677 forte
559 5635 656 5674 nos
682 5617 845 5689 (quod
869 5617 1087 5691 gravius
1107 5618 1211 5685 est)
1233 5616 1405 5671 simus
1433 5614 1574 5669 servi
1604 5622 1974 5683 peccatorum.

348 5751 357 5777 ρ
390 5703 468 5765 Ne
498 5717 927 5776 contemnamus,
956 5708 1099 5779 quod
1130 5723 1238 5763 non
1265 5705 1593 5775 contempsit
1621 5703 1744 5770 Job,
1789 5704 1974 5759 subire

389 5816 512 5854 cum
540 5813 697 5855 servo
723 5812 907 5858 nostro
926 5811 979 5856 et
1007 5799 1204 5855 ancilla
1237 5808 1420 5853 nostra
1443 5796 1730 5867 judicium.
1759 5795 1976 5861 Fidem,

392 5892 625 5960 fratres,
672 5894 864 5951 habuit
908 5892 1184 5959 centurio,
1236 5892 1327 5960 qui
1376 5889 1650 5944 Christum
1700 5897 1979 5959 potentem

2052 3386 2055 3389 λ
2081 3383 2281 3453 dignis.
2309 3381 2647 3453 Sapientiam
2678 3396 2931 3451 magnam
2954 3395 3088 3437 vero
3117 3381 3333 3448 habuit,
3360 3384 3483 3455 quia
3512 3399 3648 3454 quem

2080 3489 2182 3546 per
2212 3472 2605 3529 humanitatem
2639 3472 2692 3526 in
2729 3486 2837 3526 uno
2884 3470 3005 3527 loco
3036 3472 3258 3529 videbat
3285 3489 3429 3540 esse,
3472 3475 3645 3531 intellio

2081 3567 2242 3643 gebat
2273 3566 2405 3622 nulli
2447 3566 2695 3621 locorum
2725 3580 2822 3635 per
2862 3564 3208 3621 divinitatem
3236 3568 3448 3623 deesse.
3499 3567 3646 3640 iiujes

2080 3660 2336 3731 exemplo
2366 3659 2680 3723 credamus,
2710 3657 2912 3714 fratres
2941 3657 3274 3726 charissimi,
3293 3659 3562 3716 Christum
3585 3662 3649 3715 ita

2078 3770 2179 3828 per
2217 3752 2611 3810 immanitatem
2654 3765 2776 3806 esse
2809 3750 2862 3805 in
2908 3750 3086 3815 cretis,
3120 3751 3267 3822 quod
3295 3767 3394 3823 per
3417 3752 3645 3808 divinita-

2082 3856 2190 3904 tem
2222 3847 2374 3901 adest
2392 3843 2646 3900 omnibus
2678 3842 2829 3898 locis.
2854 3840 3286 3900 Consideremus
3320 3861 3353 3901 e
3378 3845 3646 3910 contrarie.

2082 3942 2281 3996 fratres
2310 3937 2622 3996 charissimi
2660 3936 2714 3991 in
2741 3935 2982 4002 ChriSIo,
3009 3944 3271 4007 quatuor,
3302 3938 3649 4009 dignatiouea

2084 4031 2238 4096 fidei,
2272 4018 2606 4086 centurionis
2647 4026 3204 4094 commendationem,
3238 4028 3561 4099 prophetiam
3584 4029 3657 4085 dc

2081 4123 2347 4179 electione
2374 4123 2639 4195 gentium,
2672 4131 2729 4177 et
2758 4120 3141 4191 reprobatione
3166 4118 3496 4185 intimorum.
3525 4121 3653 4191 ped-

2082 4216 2245 4272 tiouis
2283 4214 2709 4269 exauditionem.
2766 4210 2957 4283 Magna
3003 4211 3249 4284 dignatio
3291 4209 3489 4269 Christi
3530 4213 3655 4275 fuit.

2084 4315 2300 4385 quando
2329 4312 2641 4383 respondit:
2674 4310 2787 4383 Ego
2820 4311 3043 4377 veniant,
3080 4320 3133 4365 et
3181 4310 3380 4366 curabo
3418 4307 3663 4365 cumis!

2082 4421 2319 4470 servum,
2335 4404 2533 4461 fratres
2556 4404 2686 4470 mei,
2703 4419 2810 4459 non
2832 4413 3057 4459 vocatus
3072 4402 3347 4460 sciturum
3373 4399 3611 4474 promittis
3632 4418 3657 4455 :

2080 4501 2163 4556 Ad
2197 4500 2363 4555 tilium
2410 4514 2541 4554 vero
2583 4497 2752 4570 reguli
2800 4508 3018 4567 rogatus
3065 4497 3149 4553 ire
3194 4496 3386 4553 noluit.
3424 4495 3490 4553 Ut
3527 4493 3671 4564 «id

2008 4619 2057 4680 ι)
2085 4592 2221 4648 hoc?
2274 4588 2388 4645 Nisi
2440 4597 2500 4644 ut
2531 4598 2774 4643 nostram
2821 4586 3235 4657 perversitatem
3274 4580 3670 4653 ietundsmlci

2084 4685 2278 4741 divites
2310 4684 2642 4738 honoramus
2667 4690 2721 4736 et
2751 4694 3015 4751 pauperes
3039 4679 3458 4735 contemnimus.
3479 4678 3526 4733 ln
3547 4676 3673 4734 ho-

2084 4794 2217 4835 nore
2260 4776 2542 4832 hominum
2582 4774 2819 4838 divitias,
2866 4788 2971 4827 non
3016 4782 3308 4837 naturam,
3343 4770 3666 4843 potentiam,

2083 4887 2189 4927 non
2222 4869 2312 4925 Dei
2344 4867 2631 4939 imaginem
2663 4866 3023 4920 attendentes.
3065 4863 3345 4920 Evitemus
3370 4879 3501 4935 ergo.
3525 4860 3667 4915 fra-

2084 4973 2215 5030 tres,
2255 4976 2608 5033 personarnm
2650 4958 3055 5030 acceptionem,
3098 4967 3155 5013 et
3190 4958 3451 5014 discamus
3480 4958 3675 5010 bono-

2084 5073 2205 5113 rare
2230 5056 2283 5111 in
2317 5054 2628 5111 hominibus
2655 5065 2925 5119 naturam,
2958 5066 3065 5107 non
3096 5050 3679 5116 fortunam,virtlsea

2083 5168 2191 5209 non
2222 5158 2571 5222 potestatem.
2608 5147 2796 5203 Fidem
2834 5161 2963 5201 vero
2998 5145 3333 5203 centurionis
3360 5141 3681 5199 laudabo-

2081 5243 2282 5307 miuus,
2307 5240 2523 5311 quando
2564 5238 2845 5298 admirans
2867 5237 3228 5307 sequentibus
3259 5253 3319 5294 se
3345 5234 3494 5291 dixit:
3513 5231 3679 5287 Nam

2080 5337 2252 5390 inveni
2280 5344 2481 5389 tantam
2520 5332 2678 5402 ﬁdem
2712 5333 2768 5385 in
2808 5329 2999 5385 Israel.
3038 5329 3157 5385 Non
3187 5340 3359 5385 autem
3385 5329 3431 5383 in
3457 5341 3503 5381 se
3526 5326 3679 5381 mi-

2082 5437 2237 5483 ratur
2277 5427 2369 5497 qui
2412 5426 2460 5481 ei
2504 5425 2661 5481 fidem
2695 5424 2839 5479 illam
2885 5423 3131 5487 dederat,
3162 5424 3257 5479 sed
3301 5438 3412 5478 eum
3448 5421 3491 5475 in
3532 5416 3681 5476 51b

2080 5520 2385 5577 mirandqu
2417 5528 2470 5573 et
2503 5517 2821 5572 imitandum
2872 5519 3230 5584 demonstrat,
3254 5515 3343 5587 qui
3377 5513 3476 5568 sine
3512 5508 3683 5583 leg:

2081 5623 2136 5666 et
2176 5612 2454 5682 prophetis
2485 5611 2694 5676 credit,
2738 5627 2861 5665 cum
2893 5608 3058 5664 lsrael
3107 5625 3206 5681 per
3248 5608 3403 5678 legem
3438 5612 3679 5671 etpu-

2082 5705 2271 5773 phetas
2297 5703 2525 5757 edoctus
2550 5702 2774 5757 credere
2799 5700 2954 5756 nolit.
2990 5700 3115 5757 Non
3152 5699 3320 5755 inveni
3351 5706 3533 5751 tanta.
3590 5696 3681 5760 ρ-

2082 5798 2197 5850 dem
2230 5797 2283 5849 in
2314 5794 2504 5861 Israel,
2537 5794 2588 5849 id
2618 5804 2700 5849 est
2737 5796 2787 5850 in
2826 5795 2905 5850 cis
2937 5796 3137 5865 quibus
3162 5804 3283 5850 tunc
3309 5787 3675 5863 prudntan

2084 5885 2371 5944 lnveuerat
2416 5887 2559 5943 enim
2596 5886 2753 5958 prius
2794 5886 2846 5941 in
2882 5886 3227 5956 patriarchls,
3270 5876 3575 5957 ιιιορδοιίιῖ
3600 5887 3679 5935 α
