3814 6346
82 439 213 500 ιιδδ

810 436 1116 494 nonth
1146 436 1212 494 IN
1251 434 1463 495 EPIST.
1497 424 1591 491 ET
1643 407 1653 473 1

1769 432 1897 494 tNG.
1940 438 2238 499 DOMINIC.
2264 471 2335 484 —
2373 442 2551 501 PARS
2580 444 2625 503 Ι.

3194 447 3333 509 1756

82 558 349 631 apostolis.
388 556 752 629 Prophetabat
786 568 966 615 autem
1000 559 1066 618 de
1096 561 1361 620 electione
1386 566 1651 635 gentium.
1686 570 1730 627 Α
1758 588 1961 639 peccas,
1993 573 2154 638 time;
2196 590 2298 627 non
2345 574 2480 628 enim
2524 572 2635 629 sine
2679 591 2837 630 causa
2881 573 3118 646 gladium
3155 587 3333 648 portat

76 666 129 709 et
154 654 215 708 de
255 650 626 723 reprobatione
653 649 981 716 iudicarunt,
1011 669 1132 708 cum
1174 656 1487 728 subiungit:
1523 660 1652 715 Dico

79 755 250 800 autem
278 743 439 805 vobis,
470 742 608 813 quod
635 742 786 796 multi
819 743 1015 798 uenient
1044 746 1110 798 ab
1151 745 1365 803 Oriente
1404 760 1451 805 et
1496 751 1651 808 Occi—

75 839 245 892 dente.
268 846 315 891 et
364 839 659 889 recumbent
701 851 818 888 cum
858 824 1142 901 Abraham,
1180 837 1351 905 Isaac,
1382 851 1431 895 et
1460 843 1649 900 Iacob.
1690 872 1691 875 η

75 927 207 983 Filii
249 940 417 982 on'em
462 928 604 996 regni
648 927 926 997 ejicientur
958 928 1011 982 in
1055 930 1292 986 tenebras
1340 934 1648 991 exteriores.

72 1019 234 1084 Ecce,
267 1020 461 1074 fratres
490 1018 817 1084 charissimi,
848 1018 961 1073 haec
996 1021 1277 1090 prophetia
1318 1022 1479 1079 hodie
1506 1039 1654 1080 com-

70 1112 216 1183 pleta
259 1120 358 1165 est.
388 1108 523 1164 Nam
549 1107 705 1164 electi
740 1125 806 1181 ex
836 1110 1080 1181 gentibus
1106 1127 1172 1168 ex
1202 1123 1319 1169 toto
1348 1116 1501 1181 orbe,
1529 1131 1652 1172 cum

68 1203 397 1266 moriuntur,
437 1199 738 1255 ascendunt
787 1200 840 1255 in
885 1200 1123 1269 ctelum,
1168 1214 1224 1259 et
1273 1203 1652 1275 glorificantur

68 1307 201 1348 eum
249 1290 601 1363 patriarchis,
650 1306 880 1361 quorum
934 1307 1114 1349 mores
1164 1303 1220 1349 et
1267 1295 1429 1351 (idem
1480 1296 1653 1353 secuti

67 1394 223 1442 sunt.
250 1382 418 1442 Judaei
445 1398 576 1439 vero
622 1383 676 1440 in
706 1384 902 1456 quibus
934 1383 1081 1442 Deus
1107 1388 1281 1457 primo
1316 1390 1576 1460 regnavit,
1598 1398 1655 1446 et

67 1480 273 1551 quibus
302 1477 589 1549 promissio
619 1477 770 1549 regni
819 1476 962 1533 facta
993 1478 1200 1547 fuerat,
1242 1497 1366 1537 cum
1407 1482 1652 1539 moriun-

65 1582 185 1641 tur,
216 1573 502 1629 mittuntur
523 1573 576 1627 in
606 1571 858 1627 tenebras
886 1573 1203 1639 exteriores,
1226 1576 1317 1645 qui
1345 1576 1433 1632 hic
1460 1586 1653 1647 sponte

68 1666 426 1722 incurrerunt
479 1663 730 1720 tenebras
777 1664 1085 1721 interiores.
1133 1665 1219 1720 lbi
1262 1668 1361 1721 erit
1413 1669 1566 1738 ﬂetus
1603 1675 1656 1723 et

65 1759 275 1813 stridor
301 1756 558 1812 dentium.
600 1754 705 1811 Per
740 1754 923 1812 ﬂetum
953 1758 1233 1814 oculorum
1275 1768 1329 1815 et
1362 1762 1655 1817 stridorem

67 1852 318 1908 cientium
371 1851 644 1908 indicatur
694 1867 982 1925 corporum
1031 1868 1157 1911 vera
1210 1858 1537 1913 resurrectio
1570 1855 1654 1912 lu-

1760 664 1970 736 (lbid.).
2004 666 2113 721 Vos
2152 665 2315 735 igitur
2345 666 2561 729 fratres,
2590 674 2643 719 ut
2687 666 3000 721 mercamini
3034 667 3103 722 ab
3128 677 3330 726 :eterno

1756 769 1810 814 et
1854 774 2066 814 summo
2090 757 2273 827 judice
2308 756 2520 811 laudern
2566 768 2919 829 spontaneum
2947 760 3213 830 justitiam
3250 772 3331 820 te-
3428 810 3441 829 ,

1757 865 1927 906 nere:
1959 848 2187 905 Reddite
2220 865 2315 903 sua
2347 848 2658 918 unicuique.
2694 849 2922 906 Reddite
2956 852 3065 908 Deo
3089 868 3249 924 quam
3280 856 3330 914 ei

1757 942 1969 999 debetis
2000 940 2342 1012 religionem,
2373 940 2628 997 Ecclesia
2666 942 2885 1008 cultum,
2931 943 3334 1017 vobismetipsis

1755 1033 2100 1098 munditiam,
2148 1031 2446 1102 majoribus
2477 1032 2861 1104 reverentiam,
2899 1034 3200 1094 minoribus
3245 1037 3332 1095 di-

1756 1125 2089 1195 gnationem,
2127 1124 2425 1195 :cqualibus
2452 1126 2787 1191 societatem,
2820 1129 3135 1199 parentibus
3163 1129 3332 1186 hono~

1756 1229 1895 1283 rem,
1937 1213 2059 1270 filiis
2099 1214 2458 1286 disciplinam,
2498 1214 2856 1273 familiaribus
2902 1218 3316 1289 providentiam,

1755 1305 2125 1377 indigentibus
2153 1304 2435 1377 pietatem,
2481 1306 2670 1362 amicis
2704 1307 3067 1374 dilectionem,
3097 1308 3329 1366 inimicis

1756 1395 2112 1467 patientiam,
2166 1395 2420 1452 omnibus
2470 1397 2798 1481 aequitatem.
2852 1395 2942 1454 Sic
2998 1398 3140 1453 enim
3185 1397 3332 1469 justo

1756 1484 1917 1557 apud.
1941 1485 2109 1542 Deum
2139 1494 2194 1542 et
2236 1485 2484 1544 homines
2523 1487 2745 1557 vivetis,
2791 1488 2994 1547 nemini
3038 1490 3330 1563 quidquam

1756 1577 2038 1635 debentes.

1828 1670 2087 1743 Sequitur
2113 1685 2240 1744 pars
2280 1670 2538 1738 secunda,
2580 1673 2635 1729 in
2679 1686 2785 1744 qua
2833 1672 3083 1730 hortatur
3122 1688 3221 1729 nos
3262 1672 3332 1728 ad

1758 1765 2131 1832 dilectionem,
2172 1765 2315 1821 sicut
2342 1763 2660 1837 subiungit:
2698 1764 2823 1821 Nisi
2859 1777 2913 1820 ut
2964 1767 3181 1822 invicem
3211 1764 3337 1821 dili-

1756 1860 1914 1931 gatis.
1946 1859 2023 1913 Ac.
2046 1857 2093 1915 si
2121 1858 2325 1915 diceret
2351 1876 2367 1914 :
2397 1859 2625 1915 Reddite
2651 1859 2943 1930 unicuique
2970 1872 3087 1927 sua,
3119 1870 3176 1915 ut
3207 1857 3339 1915 nulli

65 1952 221 2001 tura.
255 1945 448 2001 Dentes
488 1943 719 2001 strident
756 1946 849 2016 qui
894 1946 983 2002 hic
1024 1945 1092 2002 de
1129 1946 1398 2004 edacitate
1451 1948 1653 2020 gaude-
1684 1940 1733 2003 Β
1760 1949 1963 2020 aliquid
1994 1948 2261 2015 debeatis,
2309 1949 2419 2005 nisi
2455 1949 2627 2004 solam
2656 1948 3021 2007 dilectionem.
3056 1945 3170 2004 [loc
3199 1949 3339 2016 ideo,

65 2038 228 2102 bant,
254 2036 392 2091 oculi
422 2033 555 2092 ﬂent
589 2036 681 2107 qui
719 2036 903 2092 illicita
939 2037 1248 2108 cupiebant,
1275 2038 1456 2110 lingua
1498 2041 1657 2097 ardet

68 2142 201 2198 qua:
228 2128 563 2193 detrahebat,
588 2136 641 2182 et
666 2127 914 2183 similiter
940 2139 1134 2184 czetera
1168 2128 1431 2196 membra,
1464 2144 1657 2185 secun-

71 2218 209 2274 dum
236 2219 555 2275 varietatem
585 2218 860 2285 vitiorum,
888 2219 1167 2275 incurrent
1192 2222 1509 2277 varietatem
1542 2236 1660 2294 pte-

73 2327 291 2368 narum.
321 2311 640 2368 Petitionem
689 2327 820 2389 vero
852 2313 1185 2369 centurionis
1237 2316 1448 2385 perlicit
1490 2315 1650 2373 Chri-

72 2412 218 2469 stus,
249 2419 370 2460 cum
409 2404 542 2460 dicit
571 2422 585 2460 :
628 2403 795 2472 Vade,
835 2414 885 2461 et
912 2407 1045 2461 sicut
1091 2407 1382 2474 credidisti,
1414 2408 1508 2477 ﬁat
1539 2408 1656 2463 tibi.

72 2495 306 2553 Fratres
334 2497 459 2564 mei,
488 2513 742 2569 magnum
775 2506 859 2555 est
887 2498 1139 2554 meritum
1169 2500 1314 2573 fidei,
1350 2501 1496 2567 dum,
1530 2516 1657 2573 pro-

70 2598 202 2661 pter
228 2592 368 2661 quod
397 2588 625 2645 credidit
660 2589 829 2646 Deum
857 2592 1037 2647 omnia
1071 2607 1247 2664 posse,
1296 2594 1500 2649 indicat
1534 2609 1659 2649 eum

72 2681 373 2747 meruisse,
415 2690 472 2736 et
504 2695 602 2752 pro
651 2696 907 2737 mensura
954 2682 1079 2738 lidei
1128 2683 1255 2738 facit
1301 2684 1372 2739 ei.
1422 2683 1574 2740 Unde
1607 2693 1663 2740 et

72 2773 366 2829 subditur:
390 2770 464 2827 ‘Et
496 2783 714 2829 sanatus
743 2784 816 2828 est
846 2791 976 2845 puer
1000 2776 1055 2829 in
1087 2774 1179 2830 illa
1210 2777 1362 2830 hora.
1395 2774 1663 2834 Probatur

74 2865 222 2921 ﬁdes
265 2863 475 2921 Domini
498 2905 514 2929 ,
546 2865 672 2920 dum
710 2868 957 2938 sequitur
995 2868 1200 2923 sanitas
1234 2868 1395 2924 servi.
1428 2866 1486 2922 ln
1529 2884 1659 2940 quo,

72 2956 309 3025 fratres,
349 2958 804 3015 considerandum
850 2970 932 3015 est
959 2968 1222 3030 quantum
1254 2960 1428 3015 valeat
1457 2960 1666 3016 unicui-

74 3068 191 3126 que
221 3055 353 3111 ﬁdes
395 3057 640 3127 propria,
686 3073 807 3113 cum
849 3065 1056 3113 tantum
1091 3057 1267 3113 valeat
1299 3058 1495 3114 aliena.
1534 3058 1663 3114 ltiti-

74 3159 267 3204 temur
289 3163 419 3221 ergo
444 3149 671 3205 virtutes
702 3149 862 3205 istius
887 3150 1243 3215 centurionis,
1272 3160 1327 3205 et
1357 3151 1665 3207 misericor-

1759 2040 1958 2097 fratres
1987 2040 2115 2105 mei,
2157 2040 2287 2097 dicit
2314 2042 2625 2113 Apostolus,
2653 2041 2802 2113 quia,
2842 2056 2963 2097 eum
2991 2051 3187 2097 caetera
3218 2040 3343 2095 red-

1760 2134 1869 2191 dita
1917 2149 2024 2190 non
2083 2134 2405 2200 debeantur,
2455 2133 2674 2190 dilectio
2730 2149 2949 2205 semper
3001 2133 3245 2190 redditur
3288 2140 3345 2189 et

1761 2239 1979 2297 semper
2002 2224 2250 2280 debetur.
2289 2223 2381 2280 Sic
2420 2224 2564 2280 enim
2600 2224 2973 2280 necessarium
3004 2225 3205 2280 bonum
3236 2235 3340 2291 est,

1761 2319 1904 2390 quod
1934 2317 1987 2373 in
2027 2317 2174 2373 omni
2206 2326 2450 2388 tempore
2473 2317 2543 2373 sit
2569 2316 2937 2373 necessarium
2970 2331 3089 2371 eam
3118 2316 3341 2383 habere,

1762 2421 1818 2466 et
1839 2410 1927 2491 'ad
1975 2425 2167 2467 omnes
2216 2409 2271 2465 in
2303 2409 2577 2465 omnibus.
2625 2408 2682 2465 lu
2738 2407 2887 2465 omni
2931 2418 3193 2479 tempore,
3220 2408 3345 2478 quia

1770 2500 1911 2556 sicut
1932 2498 2142 2554 animal
2186 2501 2304 2556 sine
2336 2497 2575 2555 anhelitu
2621 2512 2725 2554 nec
2772 2497 3050 2553 dormiens
3079 2513 3178 2553 nec
3207 2496 3344 2567 vigi-

1764 2593 1905 2660 lans,
1950 2594 2138 2650 vivere
2184 2602 2386 2666 potest,
2430 2600 2485 2649 et
2527 2607 2594 2648 eo
2636 2592 2956 2662 intercepto,
2990 2592 3237 2654 moritur,
3267 2588 3348 2645 sic

1765 2687 1949 2743 anima
1975 2687 2095 2742 sine
2122 2701 2309 2742 amore
2329 2685 2424 2741 Dei
2448 2694 2502 2741 et
2533 2682 2763 2757 proximi
2799 2683 2985 2738 vivere
3010 2697 3116 2736 non
3145 2688 3345 2752 potest,

1730 2802 1733 2807 ·
1764 2786 1821 2833 et
1844 2794 1909 2834 ea
1936 2778 2136 2833 amissa
2168 2776 2419 2832 moritur.
2447 2775 2677 2846 Semper
2706 2787 2855 2843 ergo,
2885 2772 3097 2835 fratres,
3123 2769 3349 2841 diligere

1766 2872 2049 2938 debemus,
2080 2879 2135 2925 et
2162 2870 2207 2926 si
2242 2885 2348 2927 non
2379 2883 2596 2942 semper
2619 2881 2785 2939 opera
2811 2864 3117 2921 dilectionis
3143 2863 3346 2920 habere

1766 2963 2038 3029 valemus,
2079 2964 2146 3020 ad
2182 2978 2373 3019 omnes
2397 2976 2613 3034 quoque
2638 2960 2983 3016 dilectionem
3021 2956 3221 3013 habere
3255 2952 3354 3012 de-

1766 3056 1980 3121 bemus,
2007 3057 2076 3112 ad
2125 3055 2316 3122 Deum,
2341 3055 2408 3110 ad
2436 3070 2554 3119 nos,
2583 3054 2651 3109 ad
2677 3052 2974 3125 proximos,
3007 3058 3115 3105 tam
3146 3048 3352 3105 amicos

1728 3224 1733 3229 α
1769 3150 1932 3222 quam
1970 3149 2241 3205 inimicos.
2276 3150 2341 3205 ιιι
2374 3147 2423 3204 si
2472 3147 2541 3203 ad
2574 3146 2812 3218 aliquem
2855 3142 3199 3199 dilectionem
3244 3155 3352 3197 non

74 3239 266 3309 diant,
311 3241 501 3310 iidem,
546 3242 938 3309 humilitatem,
972 3259 1070 3314 per
1102 3243 1388 3299 Dominum
1421 3252 1666 3299 nostrum
1697 3292 1741 3314 η
1768 3245 2148 3310 observamus,
2182 3242 2385 3299 frustra
2434 3246 2575 3298 eam'
2603 3241 2670 3296 ad
2716 3240 2850 3296 alios
2884 3230 3258 3295 observamus.
3294 3235 3351 3293 In

1694 3292 1741 3357 C

73 3332 276 3391 Jesum
304 3334 600 3402 Christum,
640 3337 732 3407 qui
774 3352 895 3392 cum
944 3336 1107 3393 Patre
1145 3347 1199 3392 et
1237 3337 1444 3408 Spiritu
1474 3346 1667 3394 sancto
1694 3331 1744 3358 “
1771 3337 2024 3392 omnibus
2051 3337 2215 3391 etiam
2234 3335 2491 3406 operibus
2519 3350 2642 3390 eam
2667 3332 2868 3388 habere
2896 3334 3176 3395 debemus,
3200 3331 3348 3401 quia,

73 3427 225 3485 vivit
245 3436 302 3485 et
325 3437 519 3502 regnat
545 3429 684 3486 Deus
710 3429 763 3486 in
793 3441 1080 3486 :eternum.
1107 3431 1298 3487 Amen.

624 3521 905 3580 ιιοδιιιιΑ
945 3523 1034 3579 XX
1046 3523 1134 3581 IV.

348 3629 601 3671 DOIINICA
633 3631 848 3681 QUARTA
886 3632 1017 3674 POST
1055 3632 1395 3675 ΕΡΙΡΗΑΝΙΔΙ.

155 3705 378 3765 Nemini
410 3710 695 3781 quidquam
750 3711 1014 3777 debeatis,
1054 3712 1156 3767 nisi
1198 3722 1253 3766 ut
1284 3713 1501 3768 invicem
1538 3713 1667 3769 dili-

70 3801 227 3871 gatis
259 3796 439 3867 (Rom.
462 3804 609 3872 χιιι).
636 3809 690 3855 et
721 3799 949 3871 reliqua.
973 3801 1029 3856 lu
1060 3804 1160 3858 hac
1186 3801 1440 3871 lectione,
1468 3802 1667 3861 fratres

67 3893 424 3958 cbarissimi,
447 3892 549 3947 tria
579 3893 710 3948 facit
731 3892 1019 3963 Apostolus
1043 3908 1058 3948 :
1086 3894 1269 3959 Primo
1290 3910 1389 3952 nos
1418 3897 1669 3953 hortatur

70 3983 145 4039 ad
174 3982 473 4051 justitiam,
513 3985 749 4040 secundo
792 3983 857 4039 ad
887 3984 1253 4050 dilectionem,
1285 3986 1446 4041 tertio
1474 3989 1669 4057 probat

69 4074 439 4133 dilectionem
469 4091 591 4133 esse
620 4076 753 4149 legis
786 4077 1173 4148 impletionent.
1220 4077 1529 4133 Exhortans
1571 4080 1673 4151 igio

74 4178 176 4222 tur
228 4182 332 4222 nos
376 4166 441 4221 ad
491 4168 778 4222 tenendam
816 4166 1084 4237 justitiam
1117 4168 1233 4222 ait:
1268 4167 1480 4223 Nemini
1513 4170 1670 4238 quid-

70 4273 244 4329 quam
278 4257 534 4313 debeatis.
564 4257 661 4314 Est
702 4258 845 4313 enim
879 4257 1104 4328 justitia:
1134 4261 1440 4329 pr0prium,
1469 4258 1670 4317 fratres

1724 3450 1727 3451 ν
1768 3427 1912 3485 sicut
1942 3443 2079 3498 opus
2123 3428 2242 3483 sine
2290 3427 2587 3483 intentione
2622 3424 2732 3480 Deo
2772 3425 2985 3496 placere
3015 3437 3121 3477 non
3151 3428 3348 3493 potest,

1770 3521 1847 3577 ita
1892 3535 1993 3578 nee
2035 3520 2155 3576 sine
2197 3519 2506 3576 dilectione.
2553 3518 2759 3575 Bonum
2804 3517 3020 3588 quidem
3059 3523 3145 3571 est
3188 3526 3349 3583 opus,

1771 3613 1969 3671 fratres
1992 3611 2320 3677 cbarissimi,
2348 3612 2479 3669 dare
2502 3610 2929 3686 eleemosynam,
2954 3609 3227 3666 honorare
3256 3622 3348 3677 pa-

1773 3717 1976 3778 rentes,
2019 3708 2245 3778 diligere
2291 3705 2454 3773 ﬁlios,
2495 3705 2840 3777 frequentare
2888 3703 3198 3769 ecclesiam,
3230 3717 3352 3761 cre-

1771 3801 1899 3859 dere
1925 3800 2115 3866 Deum,
2140 3799 2433 3872 praedicare
2460 3798 2832 3870 Evangeliutn,
2858 3807 2913 3854 et
2938 3811 3115 3853 tamen
3139 3793 3346 3852 nullum

1773 3897 1967 3954 horum
2000 3894 2119 3951 sine
2147 3893 2434 3950 dilectione
2463 3892 2556 3947 Dei
2586 3901 2641 3947 et
2670 3892 2903 3964 proximi
2941 3888 3122 3945 valere
3152 3897 3352 3958 potest.

1774 3987 1930 4046 Unde
1955 3987 2285 4060 Apostolus:
2326 3985 2389 4044 Si
2417 3986 2612 4058 linguis
2642 3985 2914 4041 hominum
2963 3982 3151 4054 loquar
3175 3990 3222 4035 et
3252 3998 3351 4036 au-

1774 4082 2030 4154 gelorum,
2060 4081 2372 4135 cltaritatem
2413 4089 2587 4134 autem
2622 4094 2726 4133 non
2752 4076 2994 4140 habeam,
3030 4074 3203 4145 {actus
3238 4089 3357 4129 sum

1774 4173 1910 4230 velut
1940 4188 2013 4228 tes
2052 4187 2246 4226 sonans
2276 4180 2366 4224 aut
2415 4167 2706 4241 cymbalum
2756 4167 3003 4223 tinniens.
3045 4165 3116 4219 Et
3158 4164 3206 4220 si
3255 4165 3351 4219 ltu-

1775 4268 1935 4322 buero
1974 4279 2175 4320 omnem
2197 4262 2353 4333 ﬁdem
2379 4270 2428 4317 et
2460 4277 2665 4316 omnem
2692 4260 2985 4324 scientiam,
3015 4267 3064 4313 et
3095 4256 3141 4312 si
3176 4256 3358 4311 distri-

66 4352 219 4418 mei,
264 4352 479 4407 nemini
501 4353 796 4423 quidquam
821 4353 1038 4423 debere,
1081 4354 1174 4410 sed
1206 4355 1493 4427 unicuique
1529 4356 1674 4427 quod
1720 4362 1723 4365 ‘
1778 4360 1934 4415 buero
1970 4358 2244 4428 facultates
2275 4372 2415 4411 meas
2440 4356 2493 4409 in
2522 4353 2663 4409 cibos
2691 4366 3002 4423 pauperum,
3032 4361 3079 4404 et
3113 4348 3158 4403 si
3187 4348 3358 4402 tradi-

68 4461 246 4502 suutn
274 4454 379 4513 est,
408 4444 653 4513 reddere,
682 4436 740 4503 ut
768 4447 976 4504 scilicet
1024 4447 1331 4513 reddamus,
1379 4449 1523 4505 sicut
1558 4449 1674 4521 ipse
1726 4452 1729 4457 ’
1776 4451 1901 4506 dero
1939 4466 2128 4517 corpus
2171 4466 2342 4505 meum
2386 4448 2463 4502 ita
2510 4455 2571 4501 ut
2612 4445 2828 4499 ardeam
2876 4443 3010 4515 (εδ).
3043 4440 3172 4495 nihil
3225 4438 3360 4494 milii

65 4538 392 4609 Apostolus
424 4540 501 4593 ait
547 4536 794 4610 superius
824 4556 839 4593 :
871 4541 956 4594 cui
985 4541 1255 4608 honorem,
1287 4542 1557 4606 honorem,
1588 4543 1673 4596 cui
1776 4540 1984 4610 prodest
2009 4538 2060 4600 (Ι
2088 4537 2211 4595 Cor.
2234 4542 2379 4611 xm).
2412 4537 2476 4593 Et
2505 4536 2835 4602 econtrario,
2864 4533 3081 4598 fratres,
3119 4546 3244 4587 vera
3274 4530 3357 4586 di-

64 4631 669 4696 tributstm,tributuns,
694 4632 777 4685 cui
804 4632 1041 4703 vectigal,
1071 4633 1287 4703 vectigal
1309 4632 1518 4705 (Ibid).
1551 4633 1675 4691 llatc
1707 4646 1751 4703 ι)
1780 4632 1939 4687 lectio
1966 4647 2088 4687 cum
2122 4631 2336 4687 modico
2375 4646 2559 4702 opere,
2586 4629 2671 4684 vel
2709 4628 2876 4684 etiam
2906 4625 3023 4681 sine
3052 4637 3215 4694 opere
3251 4636 3358 4676 non

62 4733 277 4779 autem
310 4722 525 4792 justitia
558 4731 644 4777 est
691 4723 1066 4778 conservatrix
1113 4725 1262 4794 pacis
1299 4734 1356 4779 et
1400 4726 1678 4781 societatis
1783 4724 2001 4781 habenti
2041 4724 2372 4789 facultatem,
2403 4721 2596 4778 sufﬁcit
2626 4720 2694 4776 ad
2722 4721 2888 4774 vitam
2923 4726 3203 4772 aeternam.
3241 4711 3360 4768 Non

59 4817 369 4874 humanae.
411 4814 565 4871 Sicut
592 4818 901 4872 econtrario
950 4815 1213 4887 iniustitia
1257 4832 1362 4871 non
1413 4817 1676 4873 reddendi
1783 4802 1929 4873 enim
1956 4824 2145 4888 pensat
2166 4816 2308 4871 Deus
2331 4821 2611 4884 quantum,
2638 4810 2730 4865 sed
2756 4823 2823 4864 ex
2845 4814 3045 4879 quanta
3068 4802 3358 4860 dilectione

55 4907 253 4964 alicui
283 4922 406 4973 sua,
432 4917 516 4963 est
556 4908 867 4978 dissipatrix
900 4907 1048 4979 pacis
1077 4916 1133 4963 et
1165 4908 1489 4965 concordiae.
1526 4907 1679 4965 Unde
1783 4912 2072 4967 tribuatur.
2104 4906 2239 4963 Hinc.
2263 4915 2347 4963 est
2377 4906 2520 4977 quod
2551 4904 2707 4959 vidua
2732 4900 2963 4957 oli'erens
2991 4899 3100 4954 Deo
3128 4897 3359 4959 minuta,

54 5001 263 5068 enim,
294 4997 493 5055 fratres
526 5000 655 5068 mei,
687 4999 753 5055 lis
792 5009 849 5054 et
876 4999 1165 5065 discordia,
1215 5000 1354 5055 unde
1382 5000 1679 5055 seditiones
1722 5016 1728 5023 ‘
1781 5002 2073 5076 prafertnr
2122 5000 2380 5057 divitibus
2429 4997 2520 5069 qui
2580 5008 2776 5068 magna
2838 4993 2979 5048 dona
3022 4986 3361 5045 contulerant

55 5106 125 5153 et
156 5093 373 5159 caedes,
405 5092 508 5149 nisi
535 5107 603 5148 ex
633 5092 737 5147 hoc
765 5094 908 5164 quod
948 5108 1087 5148 unus
1115 5107 1218 5148 non
1258 5091 1385 5149 facit
1413 5091 1501 5147 alii
1535 5091 1680 5163 quod
1720 5094 1731 5101 ’
1783 5094 1939 5167 (Luc.
1963 5095 2101 5166 xxi).

56 5184 280 5244 debet.
323 5181 554 5254 Propter
583 5183 711 5249 hoc,
738 5182 959 5250 fratres,
988 5183 1157 5239 voluit
1185 5184 1443 5239 Dominus
1480 5185 1533 5239 in
1575 5184 1681 5241 hoc
1856 5187 2119 5258 Sequitur
2165 5199 2292 5256 pars
2345 5183 2524 5252 tertia,
2575 5182 2627 5237 in
2668 5195 2771 5251 qua
2823 5176 3018 5249 probat
3075 5172 3364 5246 Apostolus

55 5276 298 5337 mundo
335 5276 574 5332 ordinari
610 5275 818 5343 iudices
857 5284 912 5332 et
942 5285 1255 5343 potestates,
1301 5286 1360 5332 ut
1389 5276 1680 5347 unusquis-

56 5386 217 5443 que,
253 5368 302 5424 si
341 5368 526 5435 nollet,
554 5378 839 5435 cogeretur
879 5368 1105 5424 reddere
1146 5368 1306 5423 alicui
1340 5370 1482 5439 quod
1516 5370 1683 5425 debe-
1722 5385 1729 5389 ·

56 5472 191 5521 ret.
227 5461 336 5529 Qui
378 5472 560 5518 autem
610 5477 706 5533 per
752 5475 811 5517 se
835 5461 1016 5533 justus
1052 5468 1158 5527 est,
1184 5470 1238 5516 et
1268 5473 1459 5535 sponte
1506 5463 1682 5519 reddit
1724 5478 1727 5481 '

56 5552 391 5623 unicuique
438 5567 556 5615 sua.
597 5550 779 5621 judice
828 5566 935 5608 non
984 5551 1219 5624 indiget,
1266 5562 1322 5608 et
1353 5563 1679 5625 potestatem

58 5660 195 5703 non
248 5642 425 5699 timet.
466 5642 620 5701 Unde
670 5644 996 5716 Apostolus:
1046 5643 1136 5700 Vis
1172 5662 1276 5700 non
1322 5648 1503 5702 timere
1538 5658 1685 5717 pote-

57 5736 328 5794 statem!
352 5734 557 5791 Bonum
577 5736 686 5809 fac,
707 5747 754 5792 et
777 5736 989 5795 habebis
1012 5736 1221 5793 laudem
1243 5754 1306 5793 ex
1329 5737 1443 5794 illa.
1472 5737 1533 5795 Si
1565 5754 1683 5795 vero

1789 5282 1935 5352 quod
1959 5293 2089 5335 vera
2115 5277 2335 5334 dilectio
2360 5286 2440 5331 est
2472 5274 2602 5347 legis
2631 5271 2891 5343 impletin,
2923 5283 3045 5323 cum
3077 5265 3362 5323 subditur:

1787 5376 1892 5441 Qui
1921 5375 2059 5428 enim
2086 5371 2266 5443 diligit
2300 5369 2617 5438 proximum,
2643 5365 2805 5437 legem
2832 5361 3079 5433 implerit.
3102 5358 3253 5427 Quod
3284 5366 3364 5423 ut,

1782 5465 2005 5529 fratres,
2036 5462 2229 5519 melius
2263 5461 2650 5531 intelligamus,
2696 5455 2981 5512 videamus
3011 5451 3139 5522 quid
3169 5449 3242 5505 sit
3282 5447 3365 5502 di-

1787 5557 1967 5614 lectio.
1996 5556 2065 5612 Et
2098 5555 2365 5628 quomodo
2396 5552 2615 5610 dilectio
2644 5549 2738 5607 Dei
2764 5558 2819 5604 et
2845 5545 3079 5620 proximi
3107 5555 3365 5599 connexa

1726 5650 1733 5653 ’
1787 5650 1922 5717 sint,
1956 5658 2011 5705 et
2035 5646 2307 5722 quomodo
2329 5648 2428 5717 p’er
2455 5642 2797 5700 dilectionem
2822 5639 2917 5696 Dei
2949 5638 3031 5694 lex
3060 5633 3363 5706 impleatur.

1789 5741 1889 5803 Est
1944 5756 2076 5818 ergo
2130 5738 2371 5800 cbaritas
2419 5736 2660 5806 dilectio.
2709 5749 2817 5812 qua
2870 5729 3146 5806 diligimus
3194 5724 3364 5784 Deum

153 5908 289 5984 (2³)
324 5910 481 5985 Villa.
507 5913 680 5982 addit.
704 5912 1015 5971 claritatem
1042 5923 1218 5975 autem
1248 5931 1353 5974 non
1379 5914 1633 5974 habuere.
1940 5920 1980 5945 ντί
2177 5928 2237 5989 νζ
2307 5935 2334 5946 ~-
