  <div class='ocr_page' id='page_1' title='image "/cluster/home/n/w/nwhite01/storage/ocr_20150623/155/hvd.32044015473838/885.png"; bbox 0 0 3822 6316; ppageno 0'>
   <div class='ocr_carea' id='block_1_1' title="bbox 875 269 1065 292">
    <p class='ocr_par' dir='ltr' id='par_1_1' title="bbox 875 269 1065 292">
     <span class='ocr_line' id='line_1_1' title="bbox 875 269 1065 292; baseline 0.005 -7"><span class='ocrx_word' id='word_1_1' title='bbox 875 274 887 285; x_wconf 69' lang='grc' dir='ltr'><strong>ο</strong></span> <span class='ocrx_word' id='word_1_2' title='bbox 937 269 1016 292; x_wconf 58' lang='grc' dir='ltr'>ςλιιίι,</span> <span class='ocrx_word' id='word_1_3' title='bbox 1032 278 1042 286; x_wconf 64' lang='grc' dir='ltr'><strong>ι</strong></span> <span class='ocrx_word' id='word_1_4' title='bbox 1057 275 1065 282; x_wconf 86' lang='grc'><strong>·</strong></span> 
     </span>
    </p>
   </div>
   <div class='ocr_carea' id='block_1_2' title="bbox 548 381 683 440">
    <p class='ocr_par' dir='ltr' id='par_1_2' title="bbox 548 381 683 440">
     <span class='ocr_line' id='line_1_2' title="bbox 548 381 683 440; baseline -0.015 0"><span class='ocrx_word' id='word_1_5' title='bbox 548 381 683 440; x_wconf 70' lang='grc'><strong>1759</strong></span> 
     </span>
    </p>
   </div>
   <div class='ocr_carea' id='block_1_3' title="bbox 1592 358 3696 437">
    <p class='ocr_par' dir='ltr' id='par_1_3' title="bbox 1592 358 3696 437">
     <span class='ocr_line' id='line_1_3' title="bbox 1592 358 3696 437; baseline -0.01 0"><span class='ocrx_word' id='word_1_6' title='bbox 1592 377 1935 437; x_wconf 66' lang='lat' dir='ltr'><strong>annexus.</strong></span> <span class='ocrx_word' id='word_1_7' title='bbox 1969 363 2037 418; x_wconf 65' lang='grc' dir='ltr'><strong>ὲ-</strong></span> <span class='ocrx_word' id='word_1_8' title='bbox 2068 373 2420 434; x_wconf 77' lang='lat' dir='ltr'><strong>RADULPlll</strong></span> <span class='ocrx_word' id='word_1_9' title='bbox 2454 371 2803 432; x_wconf 76' lang='lat' dir='ltr'><strong>ARDENTIS</strong></span> <span class='ocrx_word' id='word_1_10' title='bbox 3608 358 3696 417; x_wconf 76' lang='lat' dir='ltr'><strong>uso</strong></span> 
     </span>
    </p>
   </div>
   <div class='ocr_carea' id='block_1_4' title="bbox 543 476 3693 567">
    <p class='ocr_par' dir='ltr' id='par_1_4' title="bbox 543 476 3693 567">
     <span class='ocr_line' id='line_1_4' title="bbox 543 476 3693 567; baseline -0.006 -13"><span class='ocrx_word' id='word_1_11' title='bbox 543 510 596 554; x_wconf 76' lang='lat' dir='ltr'><strong>ct</strong></span> <span class='ocrx_word' id='word_1_12' title='bbox 627 499 690 553; x_wconf 87' lang='lat' dir='ltr'><strong>de</strong></span> <span class='ocrx_word' id='word_1_13' title='bbox 720 497 1030 554; x_wconf 85' lang='lat' dir='ltr'><strong>tnodicitate</strong></span> <span class='ocrx_word' id='word_1_14' title='bbox 1061 497 1181 554; x_wconf 84' lang='lat' dir='ltr'><strong>lldci</strong></span> <span class='ocrx_word' id='word_1_15' title='bbox 1216 507 1270 554; x_wconf 85' lang='lat' dir='ltr'><strong>et</strong></span> <span class='ocrx_word' id='word_1_16' title='bbox 1294 497 1651 554; x_wconf 78' lang='lat' dir='ltr'><strong>detimoreex</strong></span> <span class='ocrx_word' id='word_1_17' title='bbox 1678 513 1738 551; x_wconf 86' lang='lat' dir='ltr'><strong>ea</strong></span> <span class='ocrx_word' id='word_1_18' title='bbox 1758 496 2126 567; x_wconf 84' lang='lat' dir='ltr'><strong>provenicnte.</strong></span> <span class='ocrx_word' id='word_1_19' title='bbox 2162 498 2206 556; x_wconf 77' lang='grc' dir='ltr'>Α</span> <span class='ocrx_word' id='word_1_20' title='bbox 2236 493 2374 547; x_wconf 88' lang='lat' dir='ltr'><strong>bona</strong></span> <span class='ocrx_word' id='word_1_21' title='bbox 2405 504 2568 560; x_wconf 83' lang='lat' dir='ltr'><strong>opera</strong></span> <span class='ocrx_word' id='word_1_22' title='bbox 2597 504 2664 545; x_wconf 78' lang='lat' dir='ltr'><strong>ex</strong></span> <span class='ocrx_word' id='word_1_23' title='bbox 2691 486 2920 543; x_wconf 80' lang='lat' dir='ltr'><strong>naturali</strong></span> <span class='ocrx_word' id='word_1_24' title='bbox 2959 485 3162 558; x_wconf 84' lang='lat' dir='ltr'><strong>pietate</strong></span> <span class='ocrx_word' id='word_1_25' title='bbox 3186 481 3412 544; x_wconf 85' lang='lat' dir='ltr'><strong>faciunt.</strong></span> <span class='ocrx_word' id='word_1_26' title='bbox 3446 496 3524 537; x_wconf 82' lang='lat' dir='ltr'><strong>non</strong></span> <span class='ocrx_word' id='word_1_27' title='bbox 3552 476 3693 552; x_wconf 68' lang='lat' dir='ltr'><strong>pluseit</strong></span> 
     </span>
    </p>
   </div>
   <div class='ocr_carea' id='block_1_5' title="bbox 545 591 2125 656">
    <p class='ocr_par' dir='ltr' id='par_1_5' title="bbox 545 591 2125 656">
     <span class='ocr_line' id='line_1_5' title="bbox 545 591 2125 656; baseline -0.001 -10"><span class='ocrx_word' id='word_1_28' title='bbox 545 591 717 646; x_wconf 72' lang='lat' dir='ltr'><strong>llinus</strong></span> <span class='ocrx_word' id='word_1_29' title='bbox 747 592 891 646; x_wconf 88' lang='lat' dir='ltr'><strong>enim</strong></span> <span class='ocrx_word' id='word_1_30' title='bbox 927 591 1071 656; x_wconf 83' lang='lat' dir='ltr'><strong>tidci,</strong></span> <span class='ocrx_word' id='word_1_31' title='bbox 1100 601 1153 646; x_wconf 90' lang='lat' dir='ltr'><strong>et</strong></span> <span class='ocrx_word' id='word_1_32' title='bbox 1183 591 1408 646; x_wconf 90' lang='lat' dir='ltr'><strong>nimiutn</strong></span> <span class='ocrx_word' id='word_1_33' title='bbox 1449 591 1660 646; x_wconf 87' lang='lat' dir='ltr'><strong>timoris</strong></span> <span class='ocrx_word' id='word_1_34' title='bbox 1691 591 1984 645; x_wconf 77' lang='lat' dir='ltr'><strong>inordinati</strong></span> <span class='ocrx_word' id='word_1_35' title='bbox 2031 591 2125 645; x_wconf 85' lang='lat' dir='ltr'><strong>ha-</strong></span> 
     </span>
    </p>
   </div>
   <div class='ocr_carea' id='block_1_6' title="bbox 542 683 2126 756">
    <p class='ocr_par' dir='ltr' id='par_1_6' title="bbox 542 683 2126 756">
     <span class='ocr_line' id='line_1_6' title="bbox 542 683 2126 756; baseline -0.002 -15"><span class='ocrx_word' id='word_1_36' title='bbox 542 686 648 741; x_wconf 85' lang='lat' dir='ltr'><strong>bet.</strong></span> <span class='ocrx_word' id='word_1_37' title='bbox 691 687 780 756; x_wconf 87' lang='lat' dir='ltr'><strong>qui</strong></span> <span class='ocrx_word' id='word_1_38' title='bbox 833 686 1056 740; x_wconf 86' lang='lat' dir='ltr'><strong>Domino</strong></span> <span class='ocrx_word' id='word_1_39' title='bbox 1101 696 1367 755; x_wconf 58' lang='lat' dir='ltr'><strong>praesente</strong></span> <span class='ocrx_word' id='word_1_40' title='bbox 1402 685 1578 749; x_wconf 86' lang='lat' dir='ltr'><strong>timet,</strong></span> <span class='ocrx_word' id='word_1_41' title='bbox 1621 685 1711 754; x_wconf 86' lang='lat' dir='ltr'><strong>qui</strong></span> <span class='ocrx_word' id='word_1_42' title='bbox 1769 684 1926 738; x_wconf 86' lang='lat' dir='ltr'><strong>timet</strong></span> <span class='ocrx_word' id='word_1_43' title='bbox 1981 683 2126 755; x_wconf 89' lang='lat' dir='ltr'><strong>quod</strong></span> 
     </span>
    </p>
   </div>
   <div class='ocr_carea' id='block_1_7' title="bbox 541 775 2128 848">
    <p class='ocr_par' dir='ltr' id='par_1_7' title="bbox 541 775 2128 848">
     <span class='ocr_line' id='line_1_7' title="bbox 541 775 2128 848; baseline -0.001 -16"><span class='ocrx_word' id='word_1_44' title='bbox 541 775 994 848; x_wconf 23' lang='lat' dir='ltr'><strong>,DcuS&#39;spcrantes</strong></span> <span class='ocrx_word' id='word_1_45' title='bbox 1019 779 1070 831; x_wconf 92' lang='lat' dir='ltr'><strong>in</strong></span> <span class='ocrx_word' id='word_1_46' title='bbox 1117 793 1176 830; x_wconf 91' lang='lat' dir='ltr'><strong>se</strong></span> <span class='ocrx_word' id='word_1_47' title='bbox 1208 777 1445 840; x_wconf 86' lang='lat' dir='ltr'><strong>deserat,</strong></span> <span class='ocrx_word' id='word_1_48' title='bbox 1483 778 1573 847; x_wconf 85' lang='lat' dir='ltr'><strong>qui</strong></span> <span class='ocrx_word' id='word_1_49' title='bbox 1606 776 1943 831; x_wconf 78' lang='lat' dir='ltr'><strong>obliviscitur</strong></span> <span class='ocrx_word' id='word_1_50' title='bbox 1984 777 2128 847; x_wconf 81' lang='lat' dir='ltr'><strong>qttud</strong></span> 
     </span>
    </p>
   </div>
   <div class='ocr_carea' id='block_1_8' title="bbox 543 870 2126 938">
    <p class='ocr_par' dir='ltr' id='par_1_8' title="bbox 543 870 2126 938">
     <span class='ocr_line' id='line_1_8' title="bbox 543 870 2126 938; baseline 0 -13"><span class='ocrx_word' id='word_1_51' title='bbox 543 888 649 926; x_wconf 84' lang='lat' dir='ltr'><strong>ttntt</strong></span> <span class='ocrx_word' id='word_1_52' title='bbox 701 872 1040 925; x_wconf 78' lang='lat' dir='ltr'><strong>tlllllVlSt&#39;lllll‘</strong></span> <span class='ocrx_word' id='word_1_53' title='bbox 1083 871 1326 926; x_wconf 90' lang='lat' dir='ltr'><strong>misereri</strong></span> <span class='ocrx_word' id='word_1_54' title='bbox 1387 871 1544 926; x_wconf 83' lang='lat' dir='ltr'><strong>Deus.</strong></span> <span class='ocrx_word' id='word_1_55' title='bbox 1592 872 1731 938; x_wconf 88' lang='lat' dir='ltr'><strong>Quia</strong></span> <span class='ocrx_word' id='word_1_56' title='bbox 1799 881 1976 925; x_wconf 92' lang='lat' dir='ltr'><strong>tamen</strong></span> <span class='ocrx_word' id='word_1_57' title='bbox 2025 870 2126 926; x_wconf 86' lang='lat' dir='ltr'><strong>etsi</strong></span> 
     </span>
    </p>
   </div>
   <div class='ocr_carea' id='block_1_9' title="bbox 545 963 2130 1033">
    <p class='ocr_par' dir='ltr' id='par_1_9' title="bbox 545 963 2130 1033">
     <span class='ocr_line' id='line_1_9' title="bbox 545 963 2130 1033; baseline 0.001 -15"><span class='ocrx_word' id='word_1_58' title='bbox 545 979 641 1019; x_wconf 90' lang='lat' dir='ltr'><strong>nos</strong></span> <span class='ocrx_word' id='word_1_59' title='bbox 675 965 850 1018; x_wconf 84' lang='lat' dir='ltr'><strong>minus</strong></span> <span class='ocrx_word' id='word_1_60' title='bbox 883 965 992 1019; x_wconf 89' lang='lat' dir='ltr'><strong>Deo</strong></span> <span class='ocrx_word' id='word_1_61' title='bbox 1027 964 1210 1018; x_wconf 87' lang='lat' dir='ltr'><strong>fideles</strong></span> <span class='ocrx_word' id='word_1_62' title='bbox 1245 979 1453 1027; x_wconf 90' lang='lat' dir='ltr'><strong>sumus,</strong></span> <span class='ocrx_word' id='word_1_63' title='bbox 1502 963 1643 1019; x_wconf 85' lang='lat' dir='ltr'><strong>Deus</strong></span> <span class='ocrx_word' id='word_1_64' title='bbox 1693 972 1876 1018; x_wconf 88' lang='lat' dir='ltr'><strong>tamen</strong></span> <span class='ocrx_word' id='word_1_65' title='bbox 1918 978 2130 1033; x_wconf 82' lang='lat' dir='ltr'><strong>semper</strong></span> 
     </span>
    </p>
   </div>
   <div class='ocr_carea' id='block_1_10' title="bbox 545 1055 2128 1127">
    <p class='ocr_par' dir='ltr' id='par_1_10' title="bbox 545 1055 2128 1127">
     <span class='ocr_line' id='line_1_10' title="bbox 545 1055 2128 1127; baseline -0.001 -16"><span class='ocrx_word' id='word_1_66' title='bbox 545 1055 720 1111; x_wconf 79' lang='lat' dir='ltr'><strong>fidelis</strong></span> <span class='ocrx_word' id='word_1_67' title='bbox 749 1056 904 1112; x_wconf 83' lang='lat' dir='ltr'><strong>nobis</strong></span> <span class='ocrx_word' id='word_1_68' title='bbox 943 1057 1065 1112; x_wconf 91' lang='lat' dir='ltr'><strong>erit.</strong></span> <span class='ocrx_word' id='word_1_69' title='bbox 1114 1055 1302 1126; x_wconf 80' lang='lat' dir='ltr'><strong>Surgit</strong></span> <span class='ocrx_word' id='word_1_70' title='bbox 1347 1056 1437 1127; x_wconf 86' lang='lat' dir='ltr'><strong>qui</strong></span> <span class='ocrx_word' id='word_1_71' title='bbox 1492 1057 1729 1111; x_wconf 83' lang='lat' dir='ltr'><strong>dormire</strong></span> <span class='ocrx_word' id='word_1_72' title='bbox 1775 1071 1834 1110; x_wconf 90' lang='lat' dir='ltr'><strong>se</strong></span> <span class='ocrx_word' id='word_1_73' title='bbox 1878 1055 2128 1122; x_wconf 81' lang='lat' dir='ltr'><strong>simulat,</strong></span> 
     </span>
    </p>
   </div>
   <div class='ocr_carea' id='block_1_11' title="bbox 543 1145 2125 1217">
    <p class='ocr_par' dir='ltr' id='par_1_11' title="bbox 543 1145 2125 1217">
     <span class='ocr_line' id='line_1_11' title="bbox 543 1145 2125 1217; baseline -0.001 -16"><span class='ocrx_word' id='word_1_74' title='bbox 543 1145 773 1215; x_wconf 87' lang='lat' dir='ltr'><strong>imperat</strong></span> <span class='ocrx_word' id='word_1_75' title='bbox 810 1147 982 1201; x_wconf 85' lang='lat' dir='ltr'><strong>ventis</strong></span> <span class='ocrx_word' id='word_1_76' title='bbox 1006 1157 1059 1200; x_wconf 90' lang='lat' dir='ltr'><strong>et</strong></span> <span class='ocrx_word' id='word_1_77' title='bbox 1093 1147 1251 1207; x_wconf 88' lang='lat' dir='ltr'><strong>mari.</strong></span> <span class='ocrx_word' id='word_1_78' title='bbox 1280 1147 1331 1201; x_wconf 93' lang='lat' dir='ltr'><strong>id</strong></span> <span class='ocrx_word' id='word_1_79' title='bbox 1363 1155 1443 1201; x_wconf 89' lang='lat' dir='ltr'><strong>est</strong></span> <span class='ocrx_word' id='word_1_80' title='bbox 1481 1145 1731 1217; x_wconf 80' lang='lat' dir='ltr'><strong>malignis</strong></span> <span class='ocrx_word' id='word_1_81' title='bbox 1761 1145 2042 1213; x_wconf 78' lang='lat' dir='ltr'><strong>spiritibus</strong></span> <span class='ocrx_word' id='word_1_82' title='bbox 2073 1155 2125 1200; x_wconf 90' lang='lat' dir='ltr'><strong>et</strong></span> 
     </span>
    </p>
   </div>
   <div class='ocr_carea' id='block_1_12' title="bbox 543 1238 2127 1309">
    <p class='ocr_par' dir='ltr' id='par_1_12' title="bbox 543 1238 2127 1309">
     <span class='ocr_line' id='line_1_12' title="bbox 543 1238 2127 1309; baseline 0.002 -18"><span class='ocrx_word' id='word_1_83' title='bbox 543 1238 894 1303; x_wconf 83' lang='lat' dir='ltr'><strong>tribulationi,</strong></span> <span class='ocrx_word' id='word_1_84' title='bbox 928 1248 981 1294; x_wconf 94' lang='lat' dir='ltr'><strong>ct</strong></span> <span class='ocrx_word' id='word_1_85' title='bbox 1018 1240 1075 1292; x_wconf 89' lang='lat' dir='ltr'><strong>lit</strong></span> <span class='ocrx_word' id='word_1_86' title='bbox 1108 1239 1469 1309; x_wconf 88' lang='lat' dir='ltr'><strong>tranquillitas</strong></span> <span class='ocrx_word' id='word_1_87' title='bbox 1504 1255 1698 1309; x_wconf 69' lang='lat' dir='ltr'><strong>magna</strong></span> <span class='ocrx_word' id='word_1_88' title='bbox 1745 1239 1798 1293; x_wconf 90' lang='lat' dir='ltr'><strong>in</strong></span> <span class='ocrx_word' id='word_1_89' title='bbox 1833 1249 2034 1304; x_wconf 89' lang='lat' dir='ltr'><strong>mente,</strong></span> <span class='ocrx_word' id='word_1_90' title='bbox 2072 1239 2127 1294; x_wconf 86' lang='lat' dir='ltr'><strong>in</strong></span> 
     </span>
    </p>
   </div>
   <div class='ocr_carea' id='block_1_13' title="bbox 538 1330 2126 1403">
    <p class='ocr_par' dir='ltr' id='par_1_13' title="bbox 538 1330 2126 1403">
     <span class='ocr_line' id='line_1_13' title="bbox 538 1330 2126 1403; baseline 0 -19"><span class='ocrx_word' id='word_1_91' title='bbox 538 1331 678 1394; x_wconf 83' lang='lat' dir='ltr'><strong>vita,</strong></span> <span class='ocrx_word' id='word_1_92' title='bbox 723 1333 774 1386; x_wconf 91' lang='lat' dir='ltr'><strong>in</strong></span> <span class='ocrx_word' id='word_1_93' title='bbox 831 1333 1262 1386; x_wconf 89' lang='lat' dir='ltr'><strong>conversatione.</strong></span> <span class='ocrx_word' id='word_1_94' title='bbox 1316 1331 1533 1403; x_wconf 89' lang='lat' dir='ltr'><strong>Itaque,</strong></span> <span class='ocrx_word' id='word_1_95' title='bbox 1571 1332 1768 1386; x_wconf 80' lang='lat' dir='ltr'><strong>fratres</strong></span> <span class='ocrx_word' id='word_1_96' title='bbox 1809 1331 1954 1396; x_wconf 88' lang='lat' dir='ltr'><strong>mei,</strong></span> <span class='ocrx_word' id='word_1_97' title='bbox 1997 1330 2126 1401; x_wconf 87' lang='lat' dir='ltr'><strong>quia</strong></span> 
     </span>
    </p>
   </div>
   <div class='ocr_carea' id='block_1_14' title="bbox 541 1405 2128 1493">
    <p class='ocr_par' dir='ltr' id='par_1_14' title="bbox 541 1405 2128 1493">
     <span class='ocr_line' id='line_1_14' title="bbox 541 1405 2128 1493; baseline -0.003 -14"><span class='ocrx_word' id='word_1_98' title='bbox 541 1423 786 1479; x_wconf 79' lang='lat' dir='ltr'><strong>diabolus</strong></span> <span class='ocrx_word' id='word_1_99' title='bbox 814 1405 868 1478; x_wconf 81' lang='lat' dir='ltr'><strong>et</strong></span> <span class='ocrx_word' id='word_1_100' title='bbox 898 1425 1076 1479; x_wconf 90' lang='lat' dir='ltr'><strong>omnis</strong></span> <span class='ocrx_word' id='word_1_101' title='bbox 1115 1424 1408 1486; x_wconf 87' lang='lat' dir='ltr'><strong>tribulatio,</strong></span> <span class='ocrx_word' id='word_1_102' title='bbox 1441 1435 1496 1479; x_wconf 89' lang='lat' dir='ltr'><strong>ct</strong></span> <span class='ocrx_word' id='word_1_103' title='bbox 1531 1424 1708 1479; x_wconf 88' lang='lat' dir='ltr'><strong>omnis</strong></span> <span class='ocrx_word' id='word_1_104' title='bbox 1739 1438 1843 1493; x_wconf 77' lang='lat' dir='ltr'><strong>pax</strong></span> <span class='ocrx_word' id='word_1_105' title='bbox 1879 1422 1929 1476; x_wconf 92' lang='lat' dir='ltr'><strong>in</strong></span> <span class='ocrx_word' id='word_1_106' title='bbox 1964 1436 2128 1476; x_wconf 89' lang='lat' dir='ltr'><strong>tnanu</strong></span> 
     </span>
    </p>
   </div>
   <div class='ocr_carea' id='block_1_15' title="bbox 539 1513 2129 1588">
    <p class='ocr_par' dir='ltr' id='par_1_15' title="bbox 539 1513 2129 1588">
     <span class='ocr_line' id='line_1_15' title="bbox 539 1513 2129 1588; baseline -0.001 -18"><span class='ocrx_word' id='word_1_107' title='bbox 539 1514 634 1571; x_wconf 89' lang='lat' dir='ltr'><strong>Dei</strong></span> <span class='ocrx_word' id='word_1_108' title='bbox 663 1524 766 1581; x_wconf 89' lang='lat' dir='ltr'><strong>est,</strong></span> <span class='ocrx_word' id='word_1_109' title='bbox 809 1533 912 1570; x_wconf 90' lang='lat' dir='ltr'><strong>non</strong></span> <span class='ocrx_word' id='word_1_110' title='bbox 946 1526 1160 1588; x_wconf 87' lang='lat' dir='ltr'><strong>oportet</strong></span> <span class='ocrx_word' id='word_1_111' title='bbox 1193 1533 1291 1571; x_wconf 88' lang='lat' dir='ltr'><strong>nos</strong></span> <span class='ocrx_word' id='word_1_112' title='bbox 1332 1518 1526 1572; x_wconf 91' lang='lat' dir='ltr'><strong>timere</strong></span> <span class='ocrx_word' id='word_1_113' title='bbox 1554 1515 1826 1570; x_wconf 90' lang='lat' dir='ltr'><strong>diabolum</strong></span> <span class='ocrx_word' id='word_1_114' title='bbox 1855 1513 1938 1569; x_wconf 85' lang='lat' dir='ltr'><strong>vel</strong></span> <span class='ocrx_word' id='word_1_115' title='bbox 1971 1530 2129 1568; x_wconf 85' lang='lat' dir='ltr'><strong>mun-</strong></span> 
     </span>
    </p>
   </div>
   <div class='ocr_carea' id='block_1_16' title="bbox 539 1603 2127 1678">
    <p class='ocr_par' dir='ltr' id='par_1_16' title="bbox 539 1603 2127 1678">
     <span class='ocr_line' id='line_1_16' title="bbox 539 1603 2127 1678; baseline -0.002 -17"><span class='ocrx_word' id='word_1_116' title='bbox 539 1607 690 1673; x_wconf 83' lang='lat' dir='ltr'><strong>dum,</strong></span> <span class='ocrx_word' id='word_1_117' title='bbox 727 1607 826 1662; x_wconf 89' lang='lat' dir='ltr'><strong>nisi</strong></span> <span class='ocrx_word' id='word_1_118' title='bbox 861 1607 1033 1662; x_wconf 89' lang='lat' dir='ltr'><strong>solum</strong></span> <span class='ocrx_word' id='word_1_119' title='bbox 1070 1609 1260 1674; x_wconf 91' lang='lat' dir='ltr'><strong>Deum,</strong></span> <span class='ocrx_word' id='word_1_120' title='bbox 1303 1608 1426 1678; x_wconf 91' lang='lat' dir='ltr'><strong>quia</strong></span> <span class='ocrx_word' id='word_1_121' title='bbox 1448 1606 1605 1677; x_wconf 84' lang='lat' dir='ltr'><strong>juxta</strong></span> <span class='ocrx_word' id='word_1_122' title='bbox 1635 1605 1947 1676; x_wconf 74' lang='lat' dir='ltr'><strong>Sapientem</strong></span> <span class='ocrx_word' id='word_1_123' title='bbox 1977 1622 1991 1659; x_wconf 89' lang='lat'><strong>:</strong></span> <span class='ocrx_word' id='word_1_124' title='bbox 2021 1603 2127 1672; x_wconf 98' lang='lat' dir='ltr'><strong>Qui</strong></span> 
     </span>
    </p>
   </div>
   <div class='ocr_carea' id='block_1_17' title="bbox 539 1695 2126 1772">
    <p class='ocr_par' dir='ltr' id='par_1_17' title="bbox 539 1695 2126 1772">
     <span class='ocr_line' id='line_1_17' title="bbox 539 1695 2126 1772; baseline -0.003 -18"><span class='ocrx_word' id='word_1_125' title='bbox 539 1701 680 1755; x_wconf 83' lang='lat' dir='ltr'><strong>timet</strong></span> <span class='ocrx_word' id='word_1_126' title='bbox 707 1699 897 1766; x_wconf 87' lang='lat' dir='ltr'><strong>Deum,</strong></span> <span class='ocrx_word' id='word_1_127' title='bbox 919 1700 1094 1754; x_wconf 81' lang='lat' dir='ltr'><strong>omnia</strong></span> <span class='ocrx_word' id='word_1_128' title='bbox 1124 1701 1302 1756; x_wconf 82' lang='lat' dir='ltr'><strong>timent</strong></span> <span class='ocrx_word' id='word_1_129' title='bbox 1328 1717 1443 1755; x_wconf 87' lang='lat' dir='ltr'><strong>eum</strong></span> <span class='ocrx_word' id='word_1_130' title='bbox 1476 1697 1795 1772; x_wconf 64' lang='lat' dir='ltr'><strong>(25)(Eccli.</strong></span> <span class='ocrx_word' id='word_1_131' title='bbox 1821 1697 2030 1767; x_wconf 77' lang='lat' dir='ltr'><strong>xutv).</strong></span> <span class='ocrx_word' id='word_1_132' title='bbox 2061 1695 2126 1750; x_wconf 86' lang='lat' dir='ltr'><strong>Et</strong></span> 
     </span>
    </p>
   </div>
   <div class='ocr_carea' id='block_1_18' title="bbox 539 1789 2128 1865">
    <p class='ocr_par' dir='ltr' id='par_1_18' title="bbox 539 1789 2128 1865">
     <span class='ocr_line' id='line_1_18' title="bbox 539 1789 2128 1865; baseline -0.003 -19"><span class='ocrx_word' id='word_1_133' title='bbox 539 1792 630 1860; x_wconf 90' lang='lat' dir='ltr'><strong>qui</strong></span> <span class='ocrx_word' id='word_1_134' title='bbox 658 1807 762 1847; x_wconf 91' lang='lat' dir='ltr'><strong>non</strong></span> <span class='ocrx_word' id='word_1_135' title='bbox 797 1792 949 1846; x_wconf 87' lang='lat' dir='ltr'><strong>timet</strong></span> <span class='ocrx_word' id='word_1_136' title='bbox 975 1789 1163 1856; x_wconf 86' lang='lat' dir='ltr'><strong>Deum,</strong></span> <span class='ocrx_word' id='word_1_137' title='bbox 1193 1792 1572 1865; x_wconf 31' lang='lat' dir='ltr'><strong>timetoomnia.</strong></span> <span class='ocrx_word' id='word_1_138' title='bbox 1596 1789 1797 1858; x_wconf 86' lang='lat' dir='ltr'><strong>Quinto</strong></span> <span class='ocrx_word' id='word_1_139' title='bbox 1818 1789 2128 1844; x_wconf 85' lang='lat' dir='ltr'><strong>ostenditur</strong></span> 
     </span>
    </p>
   </div>
   <div class='ocr_carea' id='block_1_19' title="bbox 2231 572 3694 652">
    <p class='ocr_par' dir='ltr' id='par_1_19' title="bbox 2231 572 3694 652">
     <span class='ocr_line' id='line_1_19' title="bbox 2231 572 3694 652; baseline -0.004 -14"><span class='ocrx_word' id='word_1_140' title='bbox 2231 584 2375 638; x_wconf 89' lang='lat' dir='ltr'><strong>valet</strong></span> <span class='ocrx_word' id='word_1_141' title='bbox 2397 597 2558 652; x_wconf 88' lang='lat' dir='ltr'><strong>quam</strong></span> <span class='ocrx_word' id='word_1_142' title='bbox 2584 581 2902 638; x_wconf 88' lang='lat' dir='ltr'><strong>celerrimus</strong></span> <span class='ocrx_word' id='word_1_143' title='bbox 2930 594 3122 634; x_wconf 89' lang='lat' dir='ltr'><strong>cursus</strong></span> <span class='ocrx_word' id='word_1_144' title='bbox 3156 586 3310 632; x_wconf 79' lang='lat' dir='ltr'><strong>extra</strong></span> <span class='ocrx_word' id='word_1_145' title='bbox 3331 575 3459 629; x_wconf 85' lang='lat' dir='ltr'><strong>viam</strong></span> <span class='ocrx_word' id='word_1_146' title='bbox 3482 591 3492 627; x_wconf 90' lang='lat'><strong>:</strong></span> <span class='ocrx_word' id='word_1_147' title='bbox 3519 572 3694 632; x_wconf 63' lang='lat' dir='ltr'><strong>Nanctum</strong></span> 
     </span>
    </p>
   </div>
   <div class='ocr_carea' id='block_1_20' title="bbox 2231 669 3696 742">
    <p class='ocr_par' dir='ltr' id='par_1_20' title="bbox 2231 669 3696 742">
     <span class='ocr_line' id='line_1_20' title="bbox 2231 669 3696 742; baseline -0.006 -6"><span class='ocrx_word' id='word_1_148' title='bbox 2231 680 2459 742; x_wconf 88' lang='lat' dir='ltr'><strong>vadunt,</strong></span> <span class='ocrx_word' id='word_1_149' title='bbox 2510 676 2603 732; x_wconf 87' lang='lat' dir='ltr'><strong>sed</strong></span> <span class='ocrx_word' id='word_1_150' title='bbox 2635 683 2840 730; x_wconf 82' lang='lat' dir='ltr'><strong>errant.</strong></span> <span class='ocrx_word' id='word_1_151' title='bbox 2896 673 3113 728; x_wconf 91' lang='lat' dir='ltr'><strong>Illorum</strong></span> <span class='ocrx_word' id='word_1_152' title='bbox 3147 687 3282 726; x_wconf 85' lang='lat' dir='ltr'><strong>vero</strong></span> <span class='ocrx_word' id='word_1_153' title='bbox 3328 670 3418 740; x_wconf 91' lang='lat' dir='ltr'><strong>qui</strong></span> <span class='ocrx_word' id='word_1_154' title='bbox 3449 669 3488 724; x_wconf 91' lang='lat' dir='ltr'><strong>in</strong></span> <span class='ocrx_word' id='word_1_155' title='bbox 3532 670 3587 724; x_wconf 77' lang='lat' dir='ltr'><strong>tis</strong></span> <span class='ocrx_word' id='word_1_156' title='bbox 3623 671 3696 728; x_wconf 74' lang='lat' dir='ltr'><strong>ﬁdei</strong></span> 
     </span>
    </p>
   </div>
   <div class='ocr_carea' id='block_1_21' title="bbox 2233 763 3696 840">
    <p class='ocr_par' dir='ltr' id='par_1_21' title="bbox 2233 763 3696 840">
     <span class='ocr_line' id='line_1_21' title="bbox 2233 763 3696 840; baseline -0.005 -11"><span class='ocrx_word' id='word_1_157' title='bbox 2233 782 2379 840; x_wconf 84' lang='lat' dir='ltr'><strong>sunt,</strong></span> <span class='ocrx_word' id='word_1_158' title='bbox 2399 770 2487 826; x_wconf 87' lang='lat' dir='ltr'><strong>alii</strong></span> <span class='ocrx_word' id='word_1_159' title='bbox 2512 778 2739 824; x_wconf 90' lang='lat' dir='ltr'><strong>currunt</strong></span> <span class='ocrx_word' id='word_1_160' title='bbox 2761 767 3040 834; x_wconf 80' lang='lat' dir='ltr'><strong>velociter,</strong></span> <span class='ocrx_word' id='word_1_161' title='bbox 3064 766 3153 821; x_wconf 88' lang='lat' dir='ltr'><strong>alii</strong></span> <span class='ocrx_word' id='word_1_162' title='bbox 3181 765 3355 828; x_wconf 80' lang='lat' dir='ltr'><strong>tarde,</strong></span> <span class='ocrx_word' id='word_1_163' title='bbox 3379 763 3456 818; x_wconf 83' lang='lat' dir='ltr'><strong>alii</strong></span> <span class='ocrx_word' id='word_1_164' title='bbox 3476 767 3696 834; x_wconf 76' lang='lat' dir='ltr'><strong>retrogrstle.</strong></span> 
     </span>
    </p>
   </div>
   <div class='ocr_carea' id='block_1_22' title="bbox 2233 856 3699 930">
    <p class='ocr_par' dir='ltr' id='par_1_22' title="bbox 2233 856 3699 930">
     <span class='ocr_line' id='line_1_22' title="bbox 2233 856 3699 930; baseline -0.005 -10"><span class='ocrx_word' id='word_1_165' title='bbox 2233 865 2503 920; x_wconf 79' lang='lat' dir='ltr'><strong>Veluciter</strong></span> <span class='ocrx_word' id='word_1_166' title='bbox 2547 871 2797 925; x_wconf 90' lang='lat' dir='ltr'><strong>currunt,</strong></span> <span class='ocrx_word' id='word_1_167' title='bbox 2848 862 2938 930; x_wconf 92' lang='lat' dir='ltr'><strong>qui</strong></span> <span class='ocrx_word' id='word_1_168' title='bbox 2997 860 3225 930; x_wconf 84' lang='lat' dir='ltr'><strong>abjectis</strong></span> <span class='ocrx_word' id='word_1_169' title='bbox 3282 857 3510 912; x_wconf 87' lang='lat' dir='ltr'><strong>omnibus</strong></span> <span class='ocrx_word' id='word_1_170' title='bbox 3554 856 3699 926; x_wconf 70' lang='lat' dir='ltr'><strong>impch</strong></span> 
     </span>
    </p>
   </div>
   <div class='ocr_carea' id='block_1_23' title="bbox 2238 947 3703 1013">
    <p class='ocr_par' dir='ltr' id='par_1_23' title="bbox 2238 947 3703 1013">
     <span class='ocr_line' id='line_1_23' title="bbox 2238 947 3703 1013; baseline -0.004 0"><span class='ocrx_word' id='word_1_171' title='bbox 2238 959 2437 1013; x_wconf 90' lang='lat' dir='ltr'><strong>mentis</strong></span> <span class='ocrx_word' id='word_1_172' title='bbox 2458 973 2581 1012; x_wconf 81' lang='lat' dir='ltr'><strong>cun:</strong></span> <span class='ocrx_word' id='word_1_173' title='bbox 2606 965 2719 1009; x_wconf 91' lang='lat' dir='ltr'><strong>toto</strong></span> <span class='ocrx_word' id='word_1_174' title='bbox 2741 954 3012 1010; x_wconf 81' lang='lat' dir='ltr'><strong>desiderio</strong></span> <span class='ocrx_word' id='word_1_175' title='bbox 3038 953 3105 1007; x_wconf 87' lang='lat' dir='ltr'><strong>ad</strong></span> <span class='ocrx_word' id='word_1_176' title='bbox 3127 950 3370 1008; x_wconf 67' lang='lat' dir='ltr'><strong>celeslia</strong></span> <span class='ocrx_word' id='word_1_177' title='bbox 3404 948 3592 1006; x_wconf 86' lang='lat' dir='ltr'><strong>tendunt.</strong></span> <span class='ocrx_word' id='word_1_178' title='bbox 3611 947 3703 1008; x_wconf 72' lang='lat' dir='ltr'><strong>Unde</strong></span> 
     </span>
    </p>
   </div>
   <div class='ocr_carea' id='block_1_24' title="bbox 2230 1044 3703 1116">
    <p class='ocr_par' dir='ltr' id='par_1_24' title="bbox 2230 1044 3703 1116">
     <span class='ocr_line' id='line_1_24' title="bbox 2230 1044 3703 1116; baseline -0.006 -11"><span class='ocrx_word' id='word_1_179' title='bbox 2230 1059 2285 1105; x_wconf 89' lang='lat' dir='ltr'><strong>et</strong></span> <span class='ocrx_word' id='word_1_180' title='bbox 2311 1067 2340 1104; x_wconf 72' lang='grc' dir='ltr'>ει</span> <span class='ocrx_word' id='word_1_181' title='bbox 2373 1048 2541 1104; x_wconf 79' lang='lat' dir='ltr'><strong>l’aulo</strong></span> <span class='ocrx_word' id='word_1_182' title='bbox 2582 1047 2779 1103; x_wconf 84' lang='lat' dir='ltr'><strong>dicitur</strong></span> <span class='ocrx_word' id='word_1_183' title='bbox 2804 1064 2818 1102; x_wconf 91' lang='lat'><strong>:</strong></span> <span class='ocrx_word' id='word_1_184' title='bbox 2852 1044 3036 1101; x_wconf 77' lang='lat' dir='ltr'><strong>Omnis</strong></span> <span class='ocrx_word' id='word_1_185' title='bbox 3064 1044 3155 1116; x_wconf 91' lang='lat' dir='ltr'><strong>qui</strong></span> <span class='ocrx_word' id='word_1_186' title='bbox 3178 1046 3236 1099; x_wconf 79' lang='lat' dir='ltr'><strong>in</strong></span> <span class='ocrx_word' id='word_1_187' title='bbox 3262 1059 3425 1114; x_wconf 85' lang='lat' dir='ltr'><strong>agone</strong></span> <span class='ocrx_word' id='word_1_188' title='bbox 3443 1044 3703 1104; x_wconf 53' lang='lat' dir='ltr'><strong>contendit,“</strong></span> 
     </span>
    </p>
   </div>
   <div class='ocr_carea' id='block_1_25' title="bbox 2232 1135 3706 1212">
    <p class='ocr_par' dir='ltr' id='par_1_25' title="bbox 2232 1135 3706 1212">
     <span class='ocr_line' id='line_1_25' title="bbox 2232 1135 3706 1212; baseline -0.004 -15"><span class='ocrx_word' id='word_1_189' title='bbox 2232 1143 2472 1198; x_wconf 86' lang='lat' dir='ltr'><strong>omnibus</strong></span> <span class='ocrx_word' id='word_1_190' title='bbox 2496 1159 2549 1196; x_wconf 86' lang='lat' dir='ltr'><strong>se</strong></span> <span class='ocrx_word' id='word_1_191' title='bbox 2571 1142 2792 1196; x_wconf 83' lang='lat' dir='ltr'><strong>abstinet</strong></span> <span class='ocrx_word' id='word_1_192' title='bbox 2817 1138 2864 1212; x_wconf 91' lang='grc'><strong>(1</strong></span> <span class='ocrx_word' id='word_1_193' title='bbox 2891 1139 3016 1196; x_wconf 89' lang='lat' dir='ltr'><strong>Cor.</strong></span> <span class='ocrx_word' id='word_1_194' title='bbox 3058 1139 3158 1208; x_wconf 76' lang='lat' dir='ltr'><strong>ts).</strong></span> <span class='ocrx_word' id='word_1_195' title='bbox 3197 1138 3267 1194; x_wconf 81' lang='lat' dir='ltr'><strong>Et</strong></span> <span class='ocrx_word' id='word_1_196' title='bbox 3289 1137 3450 1192; x_wconf 82' lang='lat' dir='ltr'><strong>alibi:</strong></span> <span class='ocrx_word' id='word_1_197' title='bbox 3477 1135 3601 1191; x_wconf 80' lang='lat' dir='ltr'><strong>Nemo</strong></span> <span class='ocrx_word' id='word_1_198' title='bbox 3623 1139 3706 1191; x_wconf 77' lang='lat' dir='ltr'><strong>uili-</strong></span> 
     </span>
    </p>
   </div>
   <div class='ocr_carea' id='block_1_26' title="bbox 2231 1230 3708 1304">
    <p class='ocr_par' dir='ltr' id='par_1_26' title="bbox 2231 1230 3708 1304">
     <span class='ocr_line' id='line_1_26' title="bbox 2231 1230 3708 1304; baseline -0.003 -14"><span class='ocrx_word' id='word_1_199' title='bbox 2231 1245 2349 1290; x_wconf 90' lang='lat' dir='ltr'><strong>tans</strong></span> <span class='ocrx_word' id='word_1_200' title='bbox 2399 1233 2531 1298; x_wconf 87' lang='lat' dir='ltr'><strong>Deo,</strong></span> <span class='ocrx_word' id='word_1_201' title='bbox 2567 1234 2801 1304; x_wconf 78' lang='lat' dir='ltr'><strong>implicat</strong></span> <span class='ocrx_word' id='word_1_202' title='bbox 2831 1250 2884 1288; x_wconf 88' lang='lat' dir='ltr'><strong>se</strong></span> <span class='ocrx_word' id='word_1_203' title='bbox 2937 1234 3156 1303; x_wconf 88' lang='lat' dir='ltr'><strong>negotiis</strong></span> <span class='ocrx_word' id='word_1_204' title='bbox 3207 1230 3596 1300; x_wconf 73' lang='lat' dir='ltr'><strong>secu.aribss(ll</strong></span> <span class='ocrx_word' id='word_1_205' title='bbox 3624 1231 3708 1286; x_wconf 79' lang='lat' dir='ltr'><strong>list.</strong></span> 
     </span>
    </p>
   </div>
   <div class='ocr_carea' id='block_1_27' title="bbox 2235 1325 3712 1402">
    <p class='ocr_par' dir='ltr' id='par_1_27' title="bbox 2235 1325 3712 1402">
     <span class='ocr_line' id='line_1_27' title="bbox 2235 1325 3712 1402; baseline -0.003 -17"><span class='ocrx_word' id='word_1_206' title='bbox 2235 1329 2318 1402; x_wconf 90' lang='grc' dir='ltr'>ιι).</span> <span class='ocrx_word' id='word_1_207' title='bbox 2348 1328 2486 1397; x_wconf 85' lang='lat' dir='ltr'><strong>Quid</strong></span> <span class='ocrx_word' id='word_1_208' title='bbox 2507 1329 2651 1383; x_wconf 91' lang='lat' dir='ltr'><strong>enim</strong></span> <span class='ocrx_word' id='word_1_209' title='bbox 2679 1338 2806 1383; x_wconf 88' lang='lat' dir='ltr'><strong>sunt</strong></span> <span class='ocrx_word' id='word_1_210' title='bbox 2834 1328 3057 1392; x_wconf 67' lang='lat' dir='ltr'><strong>divitiae,</strong></span> <span class='ocrx_word' id='word_1_211' title='bbox 3082 1329 3322 1383; x_wconf 76' lang='lat' dir='ltr'><strong>honores</strong></span> <span class='ocrx_word' id='word_1_212' title='bbox 3352 1326 3520 1398; x_wconf 86' lang='lat' dir='ltr'><strong>gloria,</strong></span> <span class='ocrx_word' id='word_1_213' title='bbox 3546 1325 3712 1397; x_wconf 78' lang='lat' dir='ltr'><strong>volupta-</strong></span> 
     </span>
    </p>
   </div>
   <div class='ocr_carea' id='block_1_28' title="bbox 2236 1419 3713 1492">
    <p class='ocr_par' dir='ltr' id='par_1_28' title="bbox 2236 1419 3713 1492">
     <span class='ocr_line' id='line_1_28' title="bbox 2236 1419 3713 1492; baseline -0.002 -15"><span class='ocrx_word' id='word_1_214' title='bbox 2236 1431 2337 1489; x_wconf 88' lang='lat' dir='ltr'><strong>tes,</strong></span> <span class='ocrx_word' id='word_1_215' title='bbox 2365 1430 2418 1476; x_wconf 92' lang='lat' dir='ltr'><strong>et</strong></span> <span class='ocrx_word' id='word_1_216' title='bbox 2453 1430 2648 1476; x_wconf 68' lang='lat' dir='ltr'><strong>cietera</strong></span> <span class='ocrx_word' id='word_1_217' title='bbox 2667 1420 2946 1476; x_wconf 66' lang='lat' dir='ltr'><strong>saecularia</strong></span> <span class='ocrx_word' id='word_1_218' title='bbox 2973 1421 3213 1492; x_wconf 80' lang='lat' dir='ltr'><strong>negotia,</strong></span> <span class='ocrx_word' id='word_1_219' title='bbox 3241 1420 3348 1474; x_wconf 89' lang='lat' dir='ltr'><strong>nisi</strong></span> <span class='ocrx_word' id='word_1_220' title='bbox 3372 1419 3713 1489; x_wconf 64' lang='lat' dir='ltr'><strong>quedamanima</strong></span> 
     </span>
    </p>
   </div>
   <div class='ocr_carea' id='block_1_29' title="bbox 2234 1513 3716 1585">
    <p class='ocr_par' dir='ltr' id='par_1_29' title="bbox 2234 1513 3716 1585">
     <span class='ocr_line' id='line_1_29' title="bbox 2234 1513 3716 1585; baseline 0 -17"><span class='ocrx_word' id='word_1_221' title='bbox 2234 1514 2671 1585; x_wconf 81' lang='lat' dir='ltr'><strong>impedimenta?</strong></span> <span class='ocrx_word' id='word_1_222' title='bbox 2705 1513 2828 1570; x_wconf 68' lang='lat' dir='ltr'><strong>llaec</strong></span> <span class='ocrx_word' id='word_1_223' title='bbox 2857 1514 3242 1584; x_wconf 89' lang='lat' dir='ltr'><strong>impedimenta</strong></span> <span class='ocrx_word' id='word_1_224' title='bbox 3292 1515 3526 1568; x_wconf 81' lang='lat' dir='ltr'><strong>monebat</strong></span> <span class='ocrx_word' id='word_1_225' title='bbox 3559 1513 3716 1581; x_wconf 76' lang='lat' dir='ltr'><strong>abjicere</strong></span> 
     </span>
    </p>
   </div>
   <div class='ocr_carea' id='block_1_30' title="bbox 2233 1602 3717 1675">
    <p class='ocr_par' dir='ltr' id='par_1_30' title="bbox 2233 1602 3717 1675">
     <span class='ocr_line' id='line_1_30' title="bbox 2233 1602 3717 1675; baseline 0.003 -18"><span class='ocrx_word' id='word_1_226' title='bbox 2233 1602 2560 1674; x_wconf 78' lang='lat' dir='ltr'><strong>Redemptor</strong></span> <span class='ocrx_word' id='word_1_227' title='bbox 2608 1614 2813 1668; x_wconf 77' lang='lat' dir='ltr'><strong>noster,</strong></span> <span class='ocrx_word' id='word_1_228' title='bbox 2871 1620 2994 1660; x_wconf 91' lang='lat' dir='ltr'><strong>cum</strong></span> <span class='ocrx_word' id='word_1_229' title='bbox 3051 1604 3311 1660; x_wconf 89' lang='lat' dir='ltr'><strong>dicebat:</strong></span> <span class='ocrx_word' id='word_1_230' title='bbox 3351 1603 3410 1659; x_wconf 87' lang='lat' dir='ltr'><strong>Si</strong></span> <span class='ocrx_word' id='word_1_231' title='bbox 3452 1606 3515 1658; x_wconf 88' lang='lat' dir='ltr'><strong>ris</strong></span> <span class='ocrx_word' id='word_1_232' title='bbox 3542 1606 3717 1675; x_wconf 69' lang='lat' dir='ltr'><strong>perfectus</strong></span> 
     </span>
    </p>
   </div>
   <div class='ocr_carea' id='block_1_31' title="bbox 2231 1698 3722 1771">
    <p class='ocr_par' dir='ltr' id='par_1_31' title="bbox 2231 1698 3722 1771">
     <span class='ocr_line' id='line_1_31' title="bbox 2231 1698 3722 1771; baseline 0.001 -19"><span class='ocrx_word' id='word_1_233' title='bbox 2231 1713 2364 1764; x_wconf 85' lang='lat' dir='ltr'><strong>esse,</strong></span> <span class='ocrx_word' id='word_1_234' title='bbox 2402 1698 2556 1766; x_wconf 80' lang='lat' dir='ltr'><strong>vade,</strong></span> <span class='ocrx_word' id='word_1_235' title='bbox 2587 1707 2634 1752; x_wconf 85' lang='lat' dir='ltr'><strong>et</strong></span> <span class='ocrx_word' id='word_1_236' title='bbox 2681 1698 2842 1754; x_wconf 69' lang='lat' dir='ltr'><strong>vende</strong></span> <span class='ocrx_word' id='word_1_237' title='bbox 2868 1700 3043 1754; x_wconf 83' lang='lat' dir='ltr'><strong>omnia</strong></span> <span class='ocrx_word' id='word_1_238' title='bbox 3072 1717 3190 1771; x_wconf 76' lang='lat' dir='ltr'><strong>qua:</strong></span> <span class='ocrx_word' id='word_1_239' title='bbox 3217 1699 3396 1764; x_wconf 78' lang='lat' dir='ltr'><strong>habes,</strong></span> <span class='ocrx_word' id='word_1_240' title='bbox 3439 1709 3482 1752; x_wconf 80' lang='lat' dir='ltr'><strong>et</strong></span> <span class='ocrx_word' id='word_1_241' title='bbox 3516 1701 3570 1751; x_wconf 80' lang='lat' dir='ltr'><strong>ds</strong></span> <span class='ocrx_word' id='word_1_242' title='bbox 3596 1718 3722 1771; x_wconf 72' lang='lat' dir='ltr'><strong>paupe-</strong></span> 
     </span>
    </p>
   </div>
   <div class='ocr_carea' id='block_1_32' title="bbox 2231 1791 3721 1863">
    <p class='ocr_par' dir='ltr' id='par_1_32' title="bbox 2231 1791 3721 1863">
     <span class='ocr_line' id='line_1_32' title="bbox 2231 1791 3721 1863; baseline 0.003 -17"><span class='ocrx_word' id='word_1_243' title='bbox 2231 1792 2394 1854; x_wconf 79' lang='lat' dir='ltr'><strong>ribus,</strong></span> <span class='ocrx_word' id='word_1_244' title='bbox 2426 1800 2473 1846; x_wconf 88' lang='lat' dir='ltr'><strong>et</strong></span> <span class='ocrx_word' id='word_1_245' title='bbox 2497 1792 2633 1855; x_wconf 76' lang='lat' dir='ltr'><strong>veni,</strong></span> <span class='ocrx_word' id='word_1_246' title='bbox 2667 1801 2715 1846; x_wconf 88' lang='lat' dir='ltr'><strong>et</strong></span> <span class='ocrx_word' id='word_1_247' title='bbox 2737 1808 2947 1863; x_wconf 88' lang='lat' dir='ltr'><strong>sequere</strong></span> <span class='ocrx_word' id='word_1_248' title='bbox 2977 1791 3307 1862; x_wconf 65' lang='lat' dir='ltr'><strong>me(31attle.</strong></span> <span class='ocrx_word' id='word_1_249' title='bbox 3346 1795 3476 1863; x_wconf 73' lang='lat' dir='ltr'><strong>six).</strong></span> <span class='ocrx_word' id='word_1_250' title='bbox 3510 1792 3721 1851; x_wconf 61' lang='lat' dir='ltr'><strong>llacfecen</strong></span> 
     </span>
    </p>
   </div>
   <div class='ocr_carea' id='block_1_33' title="bbox 541 1872 3722 1958">
    <p class='ocr_par' dir='ltr' id='par_1_33' title="bbox 541 1872 3722 1958">
     <span class='ocr_line' id='line_1_33' title="bbox 541 1872 3722 1958; baseline 0.002 -21"><span class='ocrx_word' id='word_1_251' title='bbox 541 1884 813 1954; x_wconf 81' lang='lat' dir='ltr'><strong>quomodo</strong></span> <span class='ocrx_word' id='word_1_252' title='bbox 842 1882 1061 1938; x_wconf 80' lang='lat' dir='ltr'><strong>Christo</strong></span> <span class='ocrx_word' id='word_1_253' title='bbox 1115 1883 1390 1940; x_wconf 89' lang='lat' dir='ltr'><strong>liberatori</strong></span> <span class='ocrx_word' id='word_1_254' title='bbox 1439 1885 1547 1941; x_wconf 87' lang='lat' dir='ltr'><strong>sint</strong></span> <span class='ocrx_word' id='word_1_255' title='bbox 1582 1884 1769 1954; x_wconf 74' lang='lat' dir='ltr'><strong>gratia:</strong></span> <span class='ocrx_word' id='word_1_256' title='bbox 1805 1881 2124 1948; x_wconf 68' lang='lat' dir='ltr'><strong>referendae,</strong></span> <span class='ocrx_word' id='word_1_257' title='bbox 2164 1872 2209 1930; x_wconf 83' lang='grc' dir='ltr'><strong>Β</strong></span> <span class='ocrx_word' id='word_1_258' title='bbox 2237 1892 2364 1938; x_wconf 91' lang='lat' dir='ltr'><strong>runt</strong></span> <span class='ocrx_word' id='word_1_259' title='bbox 2391 1883 2561 1939; x_wconf 82' lang='lat' dir='ltr'><strong>sancti</strong></span> <span class='ocrx_word' id='word_1_260' title='bbox 2605 1885 2831 1954; x_wconf 84' lang='lat' dir='ltr'><strong>apostoli</strong></span> <span class='ocrx_word' id='word_1_261' title='bbox 2859 1894 2913 1939; x_wconf 90' lang='lat' dir='ltr'><strong>et</strong></span> <span class='ocrx_word' id='word_1_262' title='bbox 2939 1887 3311 1958; x_wconf 69' lang='lat' dir='ltr'><strong>evangelistae,</strong></span> <span class='ocrx_word' id='word_1_263' title='bbox 3337 1885 3574 1958; x_wconf 75' lang='lat' dir='ltr'><strong>Martyres</strong></span> <span class='ocrx_word' id='word_1_264' title='bbox 3593 1899 3632 1942; x_wconf 84' lang='lat' dir='ltr'><strong>et</strong></span> <span class='ocrx_word' id='word_1_265' title='bbox 3647 1904 3722 1944; x_wconf 68' lang='lat' dir='ltr'><strong>ete-</strong></span> 
     </span>
    </p>
   </div>
   <div class='ocr_carea' id='block_1_34' title="bbox 541 1976 2127 2033">
    <p class='ocr_par' dir='ltr' id='par_1_34' title="bbox 541 1976 2127 2033">
     <span class='ocr_line' id='line_1_34' title="bbox 541 1976 2127 2033; baseline 0 -1"><span class='ocrx_word' id='word_1_266' title='bbox 541 1991 664 2032; x_wconf 91' lang='lat' dir='ltr'><strong>cum</strong></span> <span class='ocrx_word' id='word_1_267' title='bbox 701 1977 988 2032; x_wconf 88' lang='lat' dir='ltr'><strong>subditur:</strong></span> <span class='ocrx_word' id='word_1_268' title='bbox 1023 1976 1190 2033; x_wconf 76' lang='lat' dir='ltr'><strong>Porro</strong></span> <span class='ocrx_word' id='word_1_269' title='bbox 1227 1980 1460 2033; x_wconf 81' lang='lat' dir='ltr'><strong>homines</strong></span> <span class='ocrx_word' id='word_1_270' title='bbox 1489 1978 1670 2032; x_wconf 87' lang='lat' dir='ltr'><strong>mirati</strong></span> <span class='ocrx_word' id='word_1_271' title='bbox 1702 1987 1825 2031; x_wconf 86' lang='lat' dir='ltr'><strong>sunt</strong></span> <span class='ocrx_word' id='word_1_272' title='bbox 1857 1977 2127 2032; x_wconf 77' lang='lat' dir='ltr'><strong>dicentes:</strong></span> 
     </span>
    </p>
   </div>
   <div class='ocr_carea' id='block_1_35' title="bbox 543 2067 2130 2142">
    <p class='ocr_par' dir='ltr' id='par_1_35' title="bbox 543 2067 2130 2142">
     <span class='ocr_line' id='line_1_35' title="bbox 543 2067 2130 2142; baseline 0.001 -19"><span class='ocrx_word' id='word_1_273' title='bbox 543 2067 684 2136; x_wconf 88' lang='lat' dir='ltr'><strong>Quid</strong></span> <span class='ocrx_word' id='word_1_274' title='bbox 710 2080 786 2125; x_wconf 86' lang='lat' dir='ltr'><strong>est</strong></span> <span class='ocrx_word' id='word_1_275' title='bbox 825 2071 934 2136; x_wconf 79' lang='lat' dir='ltr'><strong>hic,</strong></span> <span class='ocrx_word' id='word_1_276' title='bbox 977 2072 1102 2142; x_wconf 83' lang='lat' dir='ltr'><strong>quia</strong></span> <span class='ocrx_word' id='word_1_277' title='bbox 1147 2081 1324 2125; x_wconf 80' lang='lat' dir='ltr'><strong>ventus</strong></span> <span class='ocrx_word' id='word_1_278' title='bbox 1368 2079 1417 2123; x_wconf 89' lang='lat' dir='ltr'><strong>et</strong></span> <span class='ocrx_word' id='word_1_279' title='bbox 1451 2086 1593 2124; x_wconf 87' lang='lat' dir='ltr'><strong>mare</strong></span> <span class='ocrx_word' id='word_1_280' title='bbox 1631 2070 1880 2124; x_wconf 82' lang='lat' dir='ltr'><strong>obediunt</strong></span> <span class='ocrx_word' id='word_1_281' title='bbox 1907 2071 1954 2124; x_wconf 92' lang='lat' dir='ltr'><strong>ei</strong></span> <span class='ocrx_word' id='word_1_282' title='bbox 1967 2071 1993 2124; x_wconf 72' lang='lat'><strong>1’</strong></span> <span class='ocrx_word' id='word_1_283' title='bbox 2027 2069 2130 2138; x_wconf 90' lang='lat' dir='ltr'><strong>Qui</strong></span> 
     </span>
    </p>
   </div>
   <div class='ocr_carea' id='block_1_36' title="bbox 539 2160 2131 2233">
    <p class='ocr_par' dir='ltr' id='par_1_36' title="bbox 539 2160 2131 2233">
     <span class='ocr_line' id='line_1_36' title="bbox 539 2160 2131 2233; baseline 0 -17"><span class='ocrx_word' id='word_1_284' title='bbox 539 2160 803 2217; x_wconf 84' lang='lat' dir='ltr'><strong>liberatus</strong></span> <span class='ocrx_word' id='word_1_285' title='bbox 839 2179 943 2217; x_wconf 87' lang='lat' dir='ltr'><strong>non</strong></span> <span class='ocrx_word' id='word_1_286' title='bbox 989 2163 1099 2233; x_wconf 81' lang='lat' dir='ltr'><strong>agit</strong></span> <span class='ocrx_word' id='word_1_287' title='bbox 1136 2163 1339 2233; x_wconf 88' lang='lat' dir='ltr'><strong>gratias</strong></span> <span class='ocrx_word' id='word_1_288' title='bbox 1384 2161 1692 2224; x_wconf 80' lang='lat' dir='ltr'><strong>liberatori,</strong></span> <span class='ocrx_word' id='word_1_289' title='bbox 1731 2169 2034 2215; x_wconf 83' lang='lat' dir='ltr'><strong>mereretur</strong></span> <span class='ocrx_word' id='word_1_290' title='bbox 2065 2160 2131 2216; x_wconf 91' lang='lat' dir='ltr'><strong>de</strong></span> 
     </span>
    </p>
   </div>
   <div class='ocr_carea' id='block_1_37' title="bbox 540 2253 2128 2324">
    <p class='ocr_par' dir='ltr' id='par_1_37' title="bbox 540 2253 2128 2324">
     <span class='ocr_line' id='line_1_37' title="bbox 540 2253 2128 2324; baseline -0.001 -14"><span class='ocrx_word' id='word_1_291' title='bbox 540 2263 737 2310; x_wconf 66' lang='lat' dir='ltr'><strong>stetere</strong></span> <span class='ocrx_word' id='word_1_292' title='bbox 764 2270 867 2310; x_wconf 92' lang='lat' dir='ltr'><strong>non</strong></span> <span class='ocrx_word' id='word_1_293' title='bbox 893 2255 1132 2311; x_wconf 87' lang='lat' dir='ltr'><strong>liberari.</strong></span> <span class='ocrx_word' id='word_1_294' title='bbox 1163 2255 1299 2310; x_wconf 93' lang='lat' dir='ltr'><strong>llinc</strong></span> <span class='ocrx_word' id='word_1_295' title='bbox 1331 2254 1564 2320; x_wconf 64' lang='lat' dir='ltr'><strong>llehrmi,</strong></span> <span class='ocrx_word' id='word_1_296' title='bbox 1599 2265 1720 2324; x_wconf 90' lang='lat' dir='ltr'><strong>post</strong></span> <span class='ocrx_word' id='word_1_297' title='bbox 1749 2253 2128 2310; x_wconf 84' lang='lat' dir='ltr'><strong>liberationem</strong></span> 
     </span>
    </p>
   </div>
   <div class='ocr_carea' id='block_1_38' title="bbox 539 2345 2131 2421">
    <p class='ocr_par' dir='ltr' id='par_1_38' title="bbox 539 2345 2131 2421">
     <span class='ocr_line' id='line_1_38' title="bbox 539 2345 2131 2421; baseline 0 -16"><span class='ocrx_word' id='word_1_298' title='bbox 539 2345 654 2406; x_wconf 81' lang='lat' dir='ltr'><strong>Deo</strong></span> <span class='ocrx_word' id='word_1_299' title='bbox 675 2349 947 2404; x_wconf 89' lang='lat' dir='ltr'><strong>canticum</strong></span> <span class='ocrx_word' id='word_1_300' title='bbox 975 2348 1287 2415; x_wconf 85' lang='lat' dir='ltr'><strong>cantabant,</strong></span> <span class='ocrx_word' id='word_1_301' title='bbox 1315 2360 1370 2403; x_wconf 93' lang='lat' dir='ltr'><strong>ut</strong></span> <span class='ocrx_word' id='word_1_302' title='bbox 1402 2349 1615 2421; x_wconf 79' lang='lat' dir='ltr'><strong>Moyses</strong></span> <span class='ocrx_word' id='word_1_303' title='bbox 1649 2358 1770 2418; x_wconf 86' lang='lat' dir='ltr'><strong>post</strong></span> <span class='ocrx_word' id='word_1_304' title='bbox 1795 2351 2131 2406; x_wconf 79' lang='lat' dir='ltr'><strong>suhtnersio-</strong></span> 
     </span>
    </p>
   </div>
   <div class='ocr_carea' id='block_1_39' title="bbox 540 2439 2128 2514">
    <p class='ocr_par' dir='ltr' id='par_1_39' title="bbox 540 2439 2128 2514">
     <span class='ocr_line' id='line_1_39' title="bbox 540 2439 2128 2514; baseline 0.001 -18"><span class='ocrx_word' id='word_1_305' title='bbox 540 2453 664 2496; x_wconf 85' lang='lat' dir='ltr'><strong>nem</strong></span> <span class='ocrx_word' id='word_1_306' title='bbox 691 2439 989 2496; x_wconf 77' lang='lat' dir='ltr'><strong>Pharaonis</strong></span> <span class='ocrx_word' id='word_1_307' title='bbox 1015 2440 1212 2510; x_wconf 73' lang='lat' dir='ltr'><strong>(Exod.</strong></span> <span class='ocrx_word' id='word_1_308' title='bbox 1241 2442 1353 2512; x_wconf 77' lang='lat' dir='ltr'><strong>xv),</strong></span> <span class='ocrx_word' id='word_1_309' title='bbox 1382 2441 1627 2498; x_wconf 89' lang='lat' dir='ltr'><strong>Debbora</strong></span> <span class='ocrx_word' id='word_1_310' title='bbox 1654 2452 1774 2514; x_wconf 86' lang='lat' dir='ltr'><strong>pust</strong></span> <span class='ocrx_word' id='word_1_311' title='bbox 1800 2442 2128 2497; x_wconf 80' lang='lat' dir='ltr'><strong>occisionem</strong></span> 
     </span>
    </p>
   </div>
   <div class='ocr_carea' id='block_1_40' title="bbox 541 2531 2128 2605">
    <p class='ocr_par' dir='ltr' id='par_1_40' title="bbox 541 2531 2128 2605">
     <span class='ocr_line' id='line_1_40' title="bbox 541 2531 2128 2605; baseline -0.003 -16"><span class='ocrx_word' id='word_1_312' title='bbox 541 2531 744 2590; x_wconf 74' lang='lat' dir='ltr'><strong>Sisara:</strong></span> <span class='ocrx_word' id='word_1_313' title='bbox 789 2533 942 2603; x_wconf 80' lang='lat' dir='ltr'><strong>(Iud.</strong></span> <span class='ocrx_word' id='word_1_314' title='bbox 975 2535 1050 2603; x_wconf 91' lang='lat' dir='ltr'><strong>v),</strong></span> <span class='ocrx_word' id='word_1_315' title='bbox 1083 2535 1267 2590; x_wconf 88' lang='lat' dir='ltr'><strong>Judith</strong></span> <span class='ocrx_word' id='word_1_316' title='bbox 1318 2545 1439 2605; x_wconf 91' lang='lat' dir='ltr'><strong>post</strong></span> <span class='ocrx_word' id='word_1_317' title='bbox 1484 2534 1918 2590; x_wconf 80' lang='lat' dir='ltr'><strong>interfectionem</strong></span> <span class='ocrx_word' id='word_1_318' title='bbox 1965 2533 2128 2589; x_wconf 82' lang='lat' dir='ltr'><strong>lloln-</strong></span> 
     </span>
    </p>
   </div>
   <div class='ocr_carea' id='block_1_41' title="bbox 535 2625 2131 2698">
    <p class='ocr_par' dir='ltr' id='par_1_41' title="bbox 535 2625 2131 2698">
     <span class='ocr_line' id='line_1_41' title="bbox 535 2625 2131 2698; baseline 0.001 -18"><span class='ocrx_word' id='word_1_319' title='bbox 535 2626 760 2698; x_wconf 85' lang='lat' dir='ltr'><strong>phernis</strong></span> <span class='ocrx_word' id='word_1_320' title='bbox 783 2625 1174 2698; x_wconf 77' lang='lat' dir='ltr'><strong>(Judith,xnt).</strong></span> <span class='ocrx_word' id='word_1_321' title='bbox 1209 2626 1345 2682; x_wconf 86' lang='lat' dir='ltr'><strong>lliuc</strong></span> <span class='ocrx_word' id='word_1_322' title='bbox 1369 2627 1554 2682; x_wconf 92' lang='lat' dir='ltr'><strong>dicunt</strong></span> <span class='ocrx_word' id='word_1_323' title='bbox 1583 2627 1869 2682; x_wconf 85' lang='lat' dir='ltr'><strong>Ezechiam</strong></span> <span class='ocrx_word' id='word_1_324' title='bbox 1903 2627 2131 2682; x_wconf 84' lang='lat' dir='ltr'><strong>infirmi-</strong></span> 
     </span>
    </p>
   </div>
   <div class='ocr_carea' id='block_1_42' title="bbox 540 2718 2128 2792">
    <p class='ocr_par' dir='ltr' id='par_1_42' title="bbox 540 2718 2128 2792">
     <span class='ocr_line' id='line_1_42' title="bbox 540 2718 2128 2792; baseline -0.003 -14"><span class='ocrx_word' id='word_1_325' title='bbox 540 2730 705 2778; x_wconf 77' lang='lat' dir='ltr'><strong>tatem</strong></span> <span class='ocrx_word' id='word_1_326' title='bbox 741 2718 1037 2778; x_wconf 77' lang='lat' dir='ltr'><strong>incurrisse</strong></span> <span class='ocrx_word' id='word_1_327' title='bbox 1081 2720 1217 2792; x_wconf 80' lang='lat' dir='ltr'><strong>(Isa.</strong></span> <span class='ocrx_word' id='word_1_328' title='bbox 1245 2721 1503 2785; x_wconf 77' lang='lat' dir='ltr'><strong>ssxvtttl,</strong></span> <span class='ocrx_word' id='word_1_329' title='bbox 1543 2721 1668 2792; x_wconf 86' lang='lat' dir='ltr'><strong>quia</strong></span> <span class='ocrx_word' id='word_1_330' title='bbox 1714 2721 1778 2776; x_wconf 92' lang='lat' dir='ltr'><strong>de</strong></span> <span class='ocrx_word' id='word_1_331' title='bbox 1817 2719 2128 2776; x_wconf 87' lang='lat' dir='ltr'><strong>incredibili</strong></span> 
     </span>
    </p>
   </div>
   <div class='ocr_carea' id='block_1_43' title="bbox 535 2812 2131 2886">
    <p class='ocr_par' dir='ltr' id='par_1_43' title="bbox 535 2812 2131 2886">
     <span class='ocr_line' id='line_1_43' title="bbox 535 2812 2131 2886; baseline 0.001 -20"><span class='ocrx_word' id='word_1_332' title='bbox 535 2815 763 2870; x_wconf 75' lang='lat' dir='ltr'><strong>victoria</strong></span> <span class='ocrx_word' id='word_1_333' title='bbox 820 2815 928 2870; x_wconf 87' lang='lat' dir='ltr'><strong>Deo</strong></span> <span class='ocrx_word' id='word_1_334' title='bbox 982 2815 1182 2885; x_wconf 80' lang='lat' dir='ltr'><strong>gratias</strong></span> <span class='ocrx_word' id='word_1_335' title='bbox 1245 2830 1350 2870; x_wconf 89' lang='lat' dir='ltr'><strong>non</strong></span> <span class='ocrx_word' id='word_1_336' title='bbox 1394 2822 1598 2886; x_wconf 75' lang='lat' dir='ltr'><strong>egerat.</strong></span> <span class='ocrx_word' id='word_1_337' title='bbox 1661 2812 1864 2868; x_wconf 78' lang='lat' dir='ltr'><strong>Novem</strong></span> <span class='ocrx_word' id='word_1_338' title='bbox 1915 2826 2131 2884; x_wconf 88' lang='lat' dir='ltr'><strong>quoque</strong></span> 
     </span>
    </p>
   </div>
   <div class='ocr_carea' id='block_1_44' title="bbox 535 2903 2131 2978">
    <p class='ocr_par' dir='ltr' id='par_1_44' title="bbox 535 2903 2131 2978">
     <span class='ocr_line' id='line_1_44' title="bbox 535 2903 2131 2978; baseline 0.001 -18"><span class='ocrx_word' id='word_1_339' title='bbox 535 2903 735 2978; x_wconf 79' lang='lat' dir='ltr'><strong>l&#39;eprnsi</strong></span> <span class='ocrx_word' id='word_1_340' title='bbox 796 2922 828 2961; x_wconf 89' lang='lat' dir='ltr'><strong>a</strong></span> <span class='ocrx_word' id='word_1_341' title='bbox 891 2906 1120 2962; x_wconf 92' lang='lat' dir='ltr'><strong>Domino</strong></span> <span class='ocrx_word' id='word_1_342' title='bbox 1175 2909 1347 2963; x_wconf 86' lang='lat' dir='ltr'><strong>curati</strong></span> <span class='ocrx_word' id='word_1_343' title='bbox 1428 2908 1817 2978; x_wconf 89' lang='lat' dir='ltr'><strong>reprobantur,</strong></span> <span class='ocrx_word' id='word_1_344' title='bbox 1873 2906 1998 2977; x_wconf 90' lang='lat' dir='ltr'><strong>quia</strong></span> <span class='ocrx_word' id='word_1_345' title='bbox 2063 2906 2131 2962; x_wconf 92' lang='lat' dir='ltr'><strong>ad</strong></span> 
     </span>
    </p>
   </div>
   <div class='ocr_carea' id='block_1_45' title="bbox 539 2995 2130 3071">
    <p class='ocr_par' dir='ltr' id='par_1_45' title="bbox 539 2995 2130 3071">
     <span class='ocr_line' id='line_1_45' title="bbox 539 2995 2130 3071; baseline 0.001 -19"><span class='ocrx_word' id='word_1_346' title='bbox 539 2999 804 3070; x_wconf 86' lang='lat' dir='ltr'><strong>agendum</strong></span> <span class='ocrx_word' id='word_1_347' title='bbox 851 2999 1052 3070; x_wconf 81' lang='lat' dir='ltr'><strong>gratias</strong></span> <span class='ocrx_word' id='word_1_348' title='bbox 1109 3014 1214 3055; x_wconf 90' lang='lat' dir='ltr'><strong>non</strong></span> <span class='ocrx_word' id='word_1_349' title='bbox 1277 3000 1555 3055; x_wconf 89' lang='lat' dir='ltr'><strong>redierunt</strong></span> <span class='ocrx_word' id='word_1_350' title='bbox 1605 2997 1758 3071; x_wconf 88' lang='lat' dir='ltr'><strong>(Luc.</strong></span> <span class='ocrx_word' id='word_1_351' title='bbox 1819 3000 1976 3069; x_wconf 78' lang='lat' dir='ltr'><strong>xvn).</strong></span> <span class='ocrx_word' id='word_1_352' title='bbox 2019 2995 2130 3054; x_wconf 82' lang='lat' dir='ltr'><strong>Nos</strong></span> 
     </span>
    </p>
   </div>
   <div class='ocr_carea' id='block_1_46' title="bbox 537 3089 2128 3163">
    <p class='ocr_par' dir='ltr' id='par_1_46' title="bbox 537 3089 2128 3163">
     <span class='ocr_line' id='line_1_46' title="bbox 537 3089 2128 3163; baseline -0.001 -17"><span class='ocrx_word' id='word_1_353' title='bbox 537 3105 669 3163; x_wconf 82' lang='lat' dir='ltr'><strong>ergo</strong></span> <span class='ocrx_word' id='word_1_354' title='bbox 698 3089 918 3148; x_wconf 84' lang='lat' dir='ltr'><strong>Christo</strong></span> <span class='ocrx_word' id='word_1_355' title='bbox 949 3091 1222 3147; x_wconf 86' lang='lat' dir='ltr'><strong>liberatori</strong></span> <span class='ocrx_word' id='word_1_356' title='bbox 1272 3102 1480 3159; x_wconf 89' lang='lat' dir='ltr'><strong>nostro,</strong></span> <span class='ocrx_word' id='word_1_357' title='bbox 1546 3107 1651 3146; x_wconf 92' lang='lat' dir='ltr'><strong>non</strong></span> <span class='ocrx_word' id='word_1_358' title='bbox 1696 3092 1867 3147; x_wconf 91' lang='lat' dir='ltr'><strong>simus</strong></span> <span class='ocrx_word' id='word_1_359' title='bbox 1906 3091 2128 3162; x_wconf 80' lang='lat' dir='ltr'><strong>ingrati,</strong></span> 
     </span>
    </p>
   </div>
   <div class='ocr_carea' id='block_1_47' title="bbox 539 3184 2126 3257">
    <p class='ocr_par' dir='ltr' id='par_1_47' title="bbox 539 3184 2126 3257">
     <span class='ocr_line' id='line_1_47' title="bbox 539 3184 2126 3257; baseline -0.001 -15"><span class='ocrx_word' id='word_1_360' title='bbox 539 3186 634 3242; x_wconf 74' lang='lat' dir='ltr'><strong>sed</strong></span> <span class='ocrx_word' id='word_1_361' title='bbox 689 3184 805 3257; x_wconf 76' lang='lat' dir='ltr'><strong>ejus</strong></span> <span class='ocrx_word' id='word_1_362' title='bbox 865 3187 1162 3257; x_wconf 84' lang='lat' dir='ltr'><strong>potentiam</strong></span> <span class='ocrx_word' id='word_1_363' title='bbox 1212 3196 1267 3241; x_wconf 89' lang='lat' dir='ltr'><strong>et</strong></span> <span class='ocrx_word' id='word_1_364' title='bbox 1317 3185 1708 3256; x_wconf 83' lang='lat' dir='ltr'><strong>benignitatem</strong></span> <span class='ocrx_word' id='word_1_365' title='bbox 1771 3186 2126 3252; x_wconf 89' lang='lat' dir='ltr'><strong>admirantes,</strong></span> 
     </span>
    </p>
   </div>
   <div class='ocr_carea' id='block_1_48' title="bbox 539 3275 2128 3349">
    <p class='ocr_par' dir='ltr' id='par_1_48' title="bbox 539 3275 2128 3349">
     <span class='ocr_line' id='line_1_48' title="bbox 539 3275 2128 3349; baseline 0.001 -17"><span class='ocrx_word' id='word_1_366' title='bbox 539 3275 822 3334; x_wconf 84' lang='lat' dir='ltr'><strong>laudantes</strong></span> <span class='ocrx_word' id='word_1_367' title='bbox 848 3289 903 3335; x_wconf 90' lang='lat' dir='ltr'><strong>et</strong></span> <span class='ocrx_word' id='word_1_368' title='bbox 934 3279 1314 3335; x_wconf 87' lang='lat' dir='ltr'><strong>benedicentes</strong></span> <span class='ocrx_word' id='word_1_369' title='bbox 1361 3278 1630 3345; x_wconf 86' lang='lat' dir='ltr'><strong>dicamus,</strong></span> <span class='ocrx_word' id='word_1_370' title='bbox 1673 3278 1818 3349; x_wconf 87' lang='lat' dir='ltr'><strong>quis,</strong></span> <span class='ocrx_word' id='word_1_371' title='bbox 1870 3289 2128 3349; x_wconf 88' lang='lat' dir='ltr'><strong>quantus,</strong></span> 
     </span>
    </p>
   </div>
   <div class='ocr_carea' id='block_1_49' title="bbox 537 3368 2129 3441">
    <p class='ocr_par' dir='ltr' id='par_1_49' title="bbox 537 3368 2129 3441">
     <span class='ocr_line' id='line_1_49' title="bbox 537 3368 2129 3441; baseline 0.001 -17"><span class='ocrx_word' id='word_1_372' title='bbox 537 3383 701 3441; x_wconf 80' lang='lat' dir='ltr'><strong>quam</strong></span> <span class='ocrx_word' id='word_1_373' title='bbox 759 3368 1054 3441; x_wconf 81' lang='lat' dir='ltr'><strong>gloriosus,</strong></span> <span class='ocrx_word' id='word_1_374' title='bbox 1107 3385 1268 3440; x_wconf 86' lang='lat' dir='ltr'><strong>quant</strong></span> <span class='ocrx_word' id='word_1_375' title='bbox 1317 3369 1654 3425; x_wconf 88' lang='lat' dir='ltr'><strong>admirabilis</strong></span> <span class='ocrx_word' id='word_1_376' title='bbox 1706 3379 1791 3424; x_wconf 87' lang='lat' dir='ltr'><strong>est</strong></span> <span class='ocrx_word' id='word_1_377' title='bbox 1841 3369 1949 3436; x_wconf 89' lang='lat' dir='ltr'><strong>hic,</strong></span> <span class='ocrx_word' id='word_1_378' title='bbox 2002 3372 2129 3441; x_wconf 85' lang='lat' dir='ltr'><strong>quia</strong></span> 
     </span>
    </p>
   </div>
   <div class='ocr_carea' id='block_1_50' title="bbox 537 3460 2127 3532">
    <p class='ocr_par' dir='ltr' id='par_1_50' title="bbox 537 3460 2127 3532">
     <span class='ocr_line' id='line_1_50' title="bbox 537 3460 2127 3532; baseline 0.003 -17"><span class='ocrx_word' id='word_1_379' title='bbox 537 3461 760 3532; x_wconf 85' lang='lat' dir='ltr'><strong>spiritus</strong></span> <span class='ocrx_word' id='word_1_380' title='bbox 819 3460 1038 3532; x_wconf 77' lang='lat' dir='ltr'><strong>maligni</strong></span> <span class='ocrx_word' id='word_1_381' title='bbox 1087 3471 1141 3515; x_wconf 87' lang='lat' dir='ltr'><strong>et</strong></span> <span class='ocrx_word' id='word_1_382' title='bbox 1192 3460 1571 3517; x_wconf 88' lang='lat' dir='ltr'><strong>tribulationes</strong></span> <span class='ocrx_word' id='word_1_383' title='bbox 1622 3461 1885 3518; x_wconf 87' lang='lat' dir='ltr'><strong>obediunt</strong></span> <span class='ocrx_word' id='word_1_384' title='bbox 1932 3463 2006 3518; x_wconf 90' lang='lat' dir='ltr'><strong>ei.</strong></span> <span class='ocrx_word' id='word_1_385' title='bbox 2056 3461 2127 3520; x_wconf 84' lang='lat' dir='ltr'><strong>Et</strong></span> 
     </span>
    </p>
   </div>
   <div class='ocr_carea' id='block_1_51' title="bbox 538 3551 2132 3627">
    <p class='ocr_par' dir='ltr' id='par_1_51' title="bbox 538 3551 2132 3627">
     <span class='ocr_line' id='line_1_51' title="bbox 538 3551 2132 3627; baseline 0.003 -18"><span class='ocrx_word' id='word_1_386' title='bbox 538 3551 614 3609; x_wconf 83' lang='lat' dir='ltr'><strong>ita</strong></span> <span class='ocrx_word' id='word_1_387' title='bbox 664 3562 787 3624; x_wconf 88' lang='lat' dir='ltr'><strong>post</strong></span> <span class='ocrx_word' id='word_1_388' title='bbox 842 3553 1185 3626; x_wconf 88' lang='lat' dir='ltr'><strong>naufragimn</strong></span> <span class='ocrx_word' id='word_1_389' title='bbox 1249 3570 1467 3612; x_wconf 86' lang='lat' dir='ltr'><strong>carmen</strong></span> <span class='ocrx_word' id='word_1_390' title='bbox 1525 3554 1945 3627; x_wconf 88' lang='lat' dir='ltr'><strong>psalmodiarum</strong></span> <span class='ocrx_word' id='word_1_391' title='bbox 1998 3571 2132 3613; x_wconf 84' lang='lat' dir='ltr'><strong>can-</strong></span> 
     </span>
    </p>
   </div>
   <div class='ocr_carea' id='block_1_52' title="bbox 538 3647 2125 3720">
    <p class='ocr_par' dir='ltr' id='par_1_52' title="bbox 538 3647 2125 3720">
     <span class='ocr_line' id='line_1_52' title="bbox 538 3647 2125 3720; baseline 0.002 -18"><span class='ocrx_word' id='word_1_392' title='bbox 538 3655 740 3712; x_wconf 83' lang='lat' dir='ltr'><strong>tantes,</strong></span> <span class='ocrx_word' id='word_1_393' title='bbox 782 3647 1011 3719; x_wconf 85' lang='lat' dir='ltr'><strong>gratiam</strong></span> <span class='ocrx_word' id='word_1_394' title='bbox 1054 3664 1277 3720; x_wconf 88' lang='lat' dir='ltr'><strong>agamus</strong></span> <span class='ocrx_word' id='word_1_395' title='bbox 1321 3648 1539 3705; x_wconf 89' lang='lat' dir='ltr'><strong>Christo</strong></span> <span class='ocrx_word' id='word_1_396' title='bbox 1588 3648 1866 3705; x_wconf 90' lang='lat' dir='ltr'><strong>liheratori</strong></span> <span class='ocrx_word' id='word_1_397' title='bbox 1916 3659 2125 3716; x_wconf 90' lang='lat' dir='ltr'><strong>nostro,</strong></span> 
     </span>
    </p>
   </div>
   <div class='ocr_carea' id='block_1_53' title="bbox 538 3738 2127 3814">
    <p class='ocr_par' dir='ltr' id='par_1_53' title="bbox 538 3738 2127 3814">
     <span class='ocr_line' id='line_1_53' title="bbox 538 3738 2127 3814; baseline 0.004 -22"><span class='ocrx_word' id='word_1_398' title='bbox 538 3739 630 3810; x_wconf 80' lang='lat' dir='ltr'><strong>qui</strong></span> <span class='ocrx_word' id='word_1_399' title='bbox 655 3755 777 3796; x_wconf 88' lang='lat' dir='ltr'><strong>cum</strong></span> <span class='ocrx_word' id='word_1_400' title='bbox 803 3738 962 3796; x_wconf 81' lang='lat' dir='ltr'><strong>Patre</strong></span> <span class='ocrx_word' id='word_1_401' title='bbox 983 3749 1038 3796; x_wconf 92' lang='lat' dir='ltr'><strong>et</strong></span> <span class='ocrx_word' id='word_1_402' title='bbox 1064 3739 1271 3812; x_wconf 86' lang='lat' dir='ltr'><strong>Spiritu</strong></span> <span class='ocrx_word' id='word_1_403' title='bbox 1298 3750 1487 3802; x_wconf 90' lang='lat' dir='ltr'><strong>sancto</strong></span> <span class='ocrx_word' id='word_1_404' title='bbox 1511 3741 1643 3799; x_wconf 88' lang='lat' dir='ltr'><strong>vivit</strong></span> <span class='ocrx_word' id='word_1_405' title='bbox 1666 3752 1721 3798; x_wconf 93' lang='lat' dir='ltr'><strong>et</strong></span> <span class='ocrx_word' id='word_1_406' title='bbox 1746 3752 1939 3814; x_wconf 86' lang='lat' dir='ltr'><strong>regnat</strong></span> <span class='ocrx_word' id='word_1_407' title='bbox 1963 3742 2127 3799; x_wconf 86' lang='lat' dir='ltr'><strong>Deus.</strong></span> 
     </span>
    </p>
   </div>
   <div class='ocr_carea' id='block_1_54' title="bbox 536 3830 731 3888">
    <p class='ocr_par' dir='ltr' id='par_1_54' title="bbox 536 3830 731 3888">
     <span class='ocr_line' id='line_1_54' title="bbox 536 3830 731 3888; baseline 0 0"><span class='ocrx_word' id='word_1_408' title='bbox 536 3830 731 3888; x_wconf 74' lang='lat' dir='ltr'><strong>Amen.</strong></span> 
     </span>
    </p>
   </div>
   <div class='ocr_carea' id='block_1_55' title="bbox 1073 3925 1590 3987">
    <p class='ocr_par' dir='ltr' id='par_1_55' title="bbox 1073 3925 1590 3987">
     <span class='ocr_line' id='line_1_55' title="bbox 1073 3925 1590 3987; baseline 0.008 -4"><span class='ocrx_word' id='word_1_409' title='bbox 1073 3925 1356 3985; x_wconf 77' lang='lat' dir='ltr'><strong>llOMlLlA</strong></span> <span class='ocrx_word' id='word_1_410' title='bbox 1400 3928 1590 3987; x_wconf 72' lang='lat' dir='ltr'><strong>XXVI.</strong></span> 
     </span>
    </p>
   </div>
   <div class='ocr_carea' id='block_1_56' title="bbox 934 4035 1738 4079">
    <p class='ocr_par' dir='ltr' id='par_1_56' title="bbox 934 4035 1738 4079">
     <span class='ocr_line' id='line_1_56' title="bbox 934 4035 1738 4079; baseline -0.004 -1"><span class='ocrx_word' id='word_1_411' title='bbox 934 4035 1191 4078; x_wconf 73' lang='lat' dir='ltr'><strong>DOIINICA</strong></span> <span class='ocrx_word' id='word_1_412' title='bbox 1227 4037 1280 4077; x_wconf 70' lang='lat' dir='ltr'><strong>IN</strong></span> <span class='ocrx_word' id='word_1_413' title='bbox 1315 4036 1738 4079; x_wconf 70' lang='lat' dir='ltr'><strong>SEPTUAGESIHA.</strong></span> 
     </span>
    </p>
   </div>
   <div class='ocr_carea' id='block_1_57' title="bbox 611 4112 2129 4186">
    <p class='ocr_par' dir='ltr' id='par_1_57' title="bbox 611 4112 2129 4186">
     <span class='ocr_line' id='line_1_57' title="bbox 611 4112 2129 4186; baseline -0.001 -18"><span class='ocrx_word' id='word_1_414' title='bbox 611 4112 840 4170; x_wconf 80' lang='lat' dir='ltr'><strong>Nescitis</strong></span> <span class='ocrx_word' id='word_1_415' title='bbox 863 4115 1068 4186; x_wconf 67' lang='lat' dir='ltr'><strong>quodni</strong></span> <span class='ocrx_word' id='word_1_416' title='bbox 1083 4115 1171 4186; x_wconf 90' lang='lat' dir='ltr'><strong>qui</strong></span> <span class='ocrx_word' id='word_1_417' title='bbox 1200 4115 1255 4169; x_wconf 91' lang='lat' dir='ltr'><strong>in</strong></span> <span class='ocrx_word' id='word_1_418' title='bbox 1269 4115 1437 4170; x_wconf 87' lang='lat' dir='ltr'><strong>stadio</strong></span> <span class='ocrx_word' id='word_1_419' title='bbox 1461 4124 1699 4178; x_wconf 81' lang='lat' dir='ltr'><strong>currunt,</strong></span> <span class='ocrx_word' id='word_1_420' title='bbox 1724 4129 1900 4168; x_wconf 84' lang='lat' dir='ltr'><strong>omnes</strong></span> <span class='ocrx_word' id='word_1_421' title='bbox 1918 4113 2129 4183; x_wconf 84' lang='lat' dir='ltr'><strong>quidem</strong></span> 
     </span>
    </p>
   </div>
   <div class='ocr_carea' id='block_1_58' title="bbox 538 4204 2125 4279">
    <p class='ocr_par' dir='ltr' id='par_1_58' title="bbox 538 4204 2125 4279">
     <span class='ocr_line' id='line_1_58' title="bbox 538 4204 2125 4279; baseline -0.003 -16"><span class='ocrx_word' id='word_1_422' title='bbox 538 4218 781 4273; x_wconf 78' lang='lat' dir='ltr'><strong>currunt,</strong></span> <span class='ocrx_word' id='word_1_423' title='bbox 809 4209 899 4263; x_wconf 86' lang='lat' dir='ltr'><strong>sed</strong></span> <span class='ocrx_word' id='word_1_424' title='bbox 940 4225 1077 4264; x_wconf 89' lang='lat' dir='ltr'><strong>unus</strong></span> <span class='ocrx_word' id='word_1_425' title='bbox 1115 4209 1304 4278; x_wconf 83' lang='lat' dir='ltr'><strong>accipit</strong></span> <span class='ocrx_word' id='word_1_426' title='bbox 1350 4208 1584 4262; x_wconf 81' lang='lat' dir='ltr'><strong>bravium</strong></span> <span class='ocrx_word' id='word_1_427' title='bbox 1620 4205 1672 4278; x_wconf 90' lang='lat' dir='ltr'><strong>(I</strong></span> <span class='ocrx_word' id='word_1_428' title='bbox 1721 4204 1844 4262; x_wconf 89' lang='lat' dir='ltr'><strong>Cor.</strong></span> <span class='ocrx_word' id='word_1_429' title='bbox 1886 4207 1988 4279; x_wconf 71' lang='lat' dir='ltr'><strong>Ix),</strong></span> <span class='ocrx_word' id='word_1_430' title='bbox 2017 4215 2125 4261; x_wconf 90' lang='lat' dir='ltr'><strong>etc.</strong></span> 
     </span>
    </p>
   </div>
   <div class='ocr_carea' id='block_1_59' title="bbox 540 4296 2131 4370">
    <p class='ocr_par' dir='ltr' id='par_1_59' title="bbox 540 4296 2131 4370">
     <span class='ocr_line' id='line_1_59' title="bbox 540 4296 2131 4370; baseline -0.003 -14"><span class='ocrx_word' id='word_1_431' title='bbox 540 4296 788 4356; x_wconf 76' lang='lat' dir='ltr'><strong>Stadium</strong></span> <span class='ocrx_word' id='word_1_432' title='bbox 819 4311 901 4355; x_wconf 89' lang='lat' dir='ltr'><strong>est</strong></span> <span class='ocrx_word' id='word_1_433' title='bbox 948 4301 1182 4370; x_wconf 88' lang='lat' dir='ltr'><strong>spatium</strong></span> <span class='ocrx_word' id='word_1_434' title='bbox 1217 4300 1340 4355; x_wconf 73' lang='lat' dir='ltr'><strong>vita:</strong></span> <span class='ocrx_word' id='word_1_435' title='bbox 1385 4299 1709 4370; x_wconf 64' lang='lat' dir='ltr'><strong>praesentis;</strong></span> <span class='ocrx_word' id='word_1_436' title='bbox 1743 4297 1996 4352; x_wconf 82' lang='lat' dir='ltr'><strong>llravium</strong></span> <span class='ocrx_word' id='word_1_437' title='bbox 2046 4308 2131 4352; x_wconf 90' lang='lat' dir='ltr'><strong>est</strong></span> 
     </span>
    </p>
   </div>
   <div class='ocr_carea' id='block_1_60' title="bbox 538 4390 2123 4464">
    <p class='ocr_par' dir='ltr' id='par_1_60' title="bbox 538 4390 2123 4464">
     <span class='ocr_line' id='line_1_60' title="bbox 538 4390 2123 4464; baseline -0.001 -17"><span class='ocrx_word' id='word_1_438' title='bbox 538 4391 820 4464; x_wconf 61' lang='lat' dir='ltr'><strong>premium</strong></span> <span class='ocrx_word' id='word_1_439' title='bbox 853 4401 1070 4448; x_wconf 63' lang='lat' dir='ltr'><strong>retenta:</strong></span> <span class='ocrx_word' id='word_1_440' title='bbox 1107 4393 1476 4448; x_wconf 83' lang='lat' dir='ltr'><strong>beatitudinis.</strong></span> <span class='ocrx_word' id='word_1_441' title='bbox 1517 4390 1636 4460; x_wconf 81' lang='lat' dir='ltr'><strong>Via,</strong></span> <span class='ocrx_word' id='word_1_442' title='bbox 1665 4390 1818 4455; x_wconf 84' lang='lat' dir='ltr'><strong>fides,</strong></span> <span class='ocrx_word' id='word_1_443' title='bbox 1852 4390 2123 4454; x_wconf 81' lang='lat' dir='ltr'><strong>Christus,</strong></span> 
     </span>
    </p>
   </div>
   <div class='ocr_carea' id='block_1_61' title="bbox 540 4482 2131 4557">
    <p class='ocr_par' dir='ltr' id='par_1_61' title="bbox 540 4482 2131 4557">
     <span class='ocr_line' id='line_1_61' title="bbox 540 4482 2131 4557; baseline -0.003 -17"><span class='ocrx_word' id='word_1_444' title='bbox 540 4485 669 4540; x_wconf 78' lang='lat' dir='ltr'><strong>dux.</strong></span> <span class='ocrx_word' id='word_1_445' title='bbox 703 4483 853 4541; x_wconf 83' lang='lat' dir='ltr'><strong>Unde</strong></span> <span class='ocrx_word' id='word_1_446' title='bbox 877 4486 992 4555; x_wconf 89' lang='lat' dir='ltr'><strong>ipse</strong></span> <span class='ocrx_word' id='word_1_447' title='bbox 1018 4487 1126 4541; x_wconf 88' lang='lat' dir='ltr'><strong>ait:</strong></span> <span class='ocrx_word' id='word_1_448' title='bbox 1156 4485 1259 4551; x_wconf 89' lang='lat' dir='ltr'><strong>Qui</strong></span> <span class='ocrx_word' id='word_1_449' title='bbox 1282 4487 1518 4557; x_wconf 82' lang='lat' dir='ltr'><strong>sequitur</strong></span> <span class='ocrx_word' id='word_1_450' title='bbox 1546 4501 1648 4550; x_wconf 83' lang='lat' dir='ltr'><strong>me,</strong></span> <span class='ocrx_word' id='word_1_451' title='bbox 1678 4500 1780 4538; x_wconf 89' lang='lat' dir='ltr'><strong>non</strong></span> <span class='ocrx_word' id='word_1_452' title='bbox 1806 4482 2039 4538; x_wconf 86' lang='lat' dir='ltr'><strong>ambulat</strong></span> <span class='ocrx_word' id='word_1_453' title='bbox 2076 4483 2131 4536; x_wconf 88' lang='lat' dir='ltr'><strong>in</strong></span> 
     </span>
    </p>
   </div>
   <div class='ocr_carea' id='block_1_62' title="bbox 2236 1974 3727 2052">
    <p class='ocr_par' dir='ltr' id='par_1_62' title="bbox 2236 1974 3727 2052">
     <span class='ocr_line' id='line_1_62' title="bbox 2236 1974 3727 2052; baseline 0.007 -21"><span class='ocrx_word' id='word_1_454' title='bbox 2236 1974 2500 2047; x_wconf 67' lang='lat' dir='ltr'><strong>mitte,qui</strong></span> <span class='ocrx_word' id='word_1_455' title='bbox 2518 1977 2699 2032; x_wconf 88' lang='lat' dir='ltr'><strong>omnia</strong></span> <span class='ocrx_word' id='word_1_456' title='bbox 2715 1978 3084 2049; x_wconf 87' lang='lat' dir='ltr'><strong>relinquentes</strong></span> <span class='ocrx_word' id='word_1_457' title='bbox 3105 1990 3160 2035; x_wconf 89' lang='lat' dir='ltr'><strong>et</strong></span> <span class='ocrx_word' id='word_1_458' title='bbox 3173 1993 3455 2052; x_wconf 88' lang='lat' dir='ltr'><strong>erogantes</strong></span> <span class='ocrx_word' id='word_1_459' title='bbox 3473 1984 3727 2052; x_wconf 63' lang='lat' dir='ltr'><strong>pauperibus,</strong></span> 
     </span>
    </p>
   </div>
   <div class='ocr_carea' id='block_1_63' title="bbox 2243 2068 3730 2145">
    <p class='ocr_par' dir='ltr' id='par_1_63' title="bbox 2243 2068 3730 2145">
     <span class='ocr_line' id='line_1_63' title="bbox 2243 2068 3730 2145; baseline 0.006 -23"><span class='ocrx_word' id='word_1_460' title='bbox 2243 2069 2372 2123; x_wconf 91' lang='lat' dir='ltr'><strong>nudi</strong></span> <span class='ocrx_word' id='word_1_461' title='bbox 2411 2068 2613 2124; x_wconf 90' lang='lat' dir='ltr'><strong>nudum</strong></span> <span class='ocrx_word' id='word_1_462' title='bbox 2645 2069 2921 2126; x_wconf 89' lang='lat' dir='ltr'><strong>Christum</strong></span> <span class='ocrx_word' id='word_1_463' title='bbox 2952 2081 3080 2126; x_wconf 88' lang='lat' dir='ltr'><strong>sunt</strong></span> <span class='ocrx_word' id='word_1_464' title='bbox 3117 2072 3312 2127; x_wconf 87' lang='lat' dir='ltr'><strong>secuti.</strong></span> <span class='ocrx_word' id='word_1_465' title='bbox 3347 2074 3446 2141; x_wconf 87' lang='lat' dir='ltr'><strong>Qui</strong></span> <span class='ocrx_word' id='word_1_466' title='bbox 3489 2075 3600 2129; x_wconf 84' lang='lat' dir='ltr'><strong>bene</strong></span> <span class='ocrx_word' id='word_1_467' title='bbox 3621 2078 3730 2145; x_wconf 76' lang='lat' dir='ltr'><strong>signi-</strong></span> 
     </span>
    </p>
   </div>
   <div class='ocr_carea' id='block_1_64' title="bbox 2235 2159 3732 2236">
    <p class='ocr_par' dir='ltr' id='par_1_64' title="bbox 2235 2159 3732 2236">
     <span class='ocr_line' id='line_1_64' title="bbox 2235 2159 3732 2236; baseline 0.003 -21"><span class='ocrx_word' id='word_1_468' title='bbox 2235 2161 2472 2217; x_wconf 85' lang='lat' dir='ltr'><strong>licantur</strong></span> <span class='ocrx_word' id='word_1_469' title='bbox 2522 2178 2619 2232; x_wconf 91' lang='lat' dir='ltr'><strong>per</strong></span> <span class='ocrx_word' id='word_1_470' title='bbox 2658 2159 2881 2233; x_wconf 79' lang='lat' dir='ltr'><strong>Juseph,</strong></span> <span class='ocrx_word' id='word_1_471' title='bbox 2933 2162 3089 2232; x_wconf 88' lang='lat' dir='ltr'><strong>cujus</strong></span> <span class='ocrx_word' id='word_1_472' title='bbox 3123 2179 3247 2218; x_wconf 91' lang='lat' dir='ltr'><strong>cum</strong></span> <span class='ocrx_word' id='word_1_473' title='bbox 3305 2165 3557 2236; x_wconf 88' lang='lat' dir='ltr'><strong>impudica</strong></span> <span class='ocrx_word' id='word_1_474' title='bbox 3599 2168 3732 2220; x_wconf 76' lang='lat' dir='ltr'><strong>mulier</strong></span> 
     </span>
    </p>
   </div>
   <div class='ocr_carea' id='block_1_65' title="bbox 2234 2252 3734 2329">
    <p class='ocr_par' dir='ltr' id='par_1_65' title="bbox 2234 2252 3734 2329">
     <span class='ocr_line' id='line_1_65' title="bbox 2234 2252 3734 2329; baseline 0.004 -22"><span class='ocrx_word' id='word_1_475' title='bbox 2234 2267 2331 2323; x_wconf 89' lang='lat' dir='ltr'><strong>per</strong></span> <span class='ocrx_word' id='word_1_476' title='bbox 2364 2252 2640 2309; x_wconf 68' lang='lat' dir='ltr'><strong>lasciviam</strong></span> <span class='ocrx_word' id='word_1_477' title='bbox 2664 2254 2883 2325; x_wconf 90' lang='lat' dir='ltr'><strong>pallium</strong></span> <span class='ocrx_word' id='word_1_478' title='bbox 2918 2264 3146 2319; x_wconf 88' lang='lat' dir='ltr'><strong>teneret,</strong></span> <span class='ocrx_word' id='word_1_479' title='bbox 3173 2265 3228 2311; x_wconf 92' lang='lat' dir='ltr'><strong>et</strong></span> <span class='ocrx_word' id='word_1_480' title='bbox 3255 2273 3379 2312; x_wconf 86' lang='lat' dir='ltr'><strong>eum</strong></span> <span class='ocrx_word' id='word_1_481' title='bbox 3410 2258 3610 2328; x_wconf 86' lang='lat' dir='ltr'><strong>turpiter</strong></span> <span class='ocrx_word' id='word_1_482' title='bbox 3631 2275 3734 2329; x_wconf 76' lang='lat' dir='ltr'><strong>agere</strong></span> 
     </span>
    </p>
   </div>
   <div class='ocr_carea' id='block_1_66' title="bbox 2234 2345 3737 2423">
    <p class='ocr_par' dir='ltr' id='par_1_66' title="bbox 2234 2345 3737 2423">
     <span class='ocr_line' id='line_1_66' title="bbox 2234 2345 3737 2423; baseline 0.005 -24"><span class='ocrx_word' id='word_1_483' title='bbox 2234 2359 2436 2417; x_wconf 91' lang='lat' dir='ltr'><strong>cogere</strong></span> <span class='ocrx_word' id='word_1_484' title='bbox 2465 2345 2642 2412; x_wconf 87' lang='lat' dir='ltr'><strong>vellet,</strong></span> <span class='ocrx_word' id='word_1_485' title='bbox 2678 2346 2994 2418; x_wconf 89' lang='lat' dir='ltr'><strong>relinquens</strong></span> <span class='ocrx_word' id='word_1_486' title='bbox 3011 2347 3232 2419; x_wconf 88' lang='lat' dir='ltr'><strong>pallium</strong></span> <span class='ocrx_word' id='word_1_487' title='bbox 3257 2347 3414 2420; x_wconf 91' lang='lat' dir='ltr'><strong>fugit.</strong></span> <span class='ocrx_word' id='word_1_488' title='bbox 3445 2349 3569 2406; x_wconf 84' lang='lat' dir='ltr'><strong>Bene</strong></span> <span class='ocrx_word' id='word_1_489' title='bbox 3587 2367 3737 2423; x_wconf 77' lang='lat' dir='ltr'><strong>quoque</strong></span> 
     </span>
    </p>
   </div>
   <div class='ocr_carea' id='block_1_67' title="bbox 2234 2437 3738 2514">
    <p class='ocr_par' dir='ltr' id='par_1_67' title="bbox 2234 2437 3738 2514">
     <span class='ocr_line' id='line_1_67' title="bbox 2234 2437 3738 2514; baseline 0.005 -23"><span class='ocrx_word' id='word_1_490' title='bbox 2234 2437 2589 2508; x_wconf 88' lang='lat' dir='ltr'><strong>designantur</strong></span> <span class='ocrx_word' id='word_1_491' title='bbox 2625 2454 2720 2509; x_wconf 90' lang='lat' dir='ltr'><strong>per</strong></span> <span class='ocrx_word' id='word_1_492' title='bbox 2748 2439 3093 2509; x_wconf 85' lang='lat' dir='ltr'><strong>discipulum,</strong></span> <span class='ocrx_word' id='word_1_493' title='bbox 3126 2441 3220 2512; x_wconf 89' lang='lat' dir='ltr'><strong>qui</strong></span> <span class='ocrx_word' id='word_1_494' title='bbox 3250 2443 3304 2497; x_wconf 91' lang='lat' dir='ltr'><strong>in</strong></span> <span class='ocrx_word' id='word_1_495' title='bbox 3347 2441 3536 2498; x_wconf 88' lang='lat' dir='ltr'><strong>Christi</strong></span> <span class='ocrx_word' id='word_1_496' title='bbox 3561 2445 3738 2514; x_wconf 80' lang='lat' dir='ltr'><strong>passione</strong></span> 
     </span>
    </p>
   </div>
   <div class='ocr_carea' id='block_1_68' title="bbox 2233 2530 3738 2606">
    <p class='ocr_par' dir='ltr' id='par_1_68' title="bbox 2233 2530 3738 2606">
     <span class='ocr_line' id='line_1_68' title="bbox 2233 2530 3738 2606; baseline 0.004 -22"><span class='ocrx_word' id='word_1_497' title='bbox 2233 2538 2436 2597; x_wconf 88' lang='lat' dir='ltr'><strong>tentus,</strong></span> <span class='ocrx_word' id='word_1_498' title='bbox 2463 2530 2662 2600; x_wconf 83' lang='lat' dir='ltr'><strong>rejecta</strong></span> <span class='ocrx_word' id='word_1_499' title='bbox 2693 2530 2919 2587; x_wconf 85' lang='lat' dir='ltr'><strong>sindone</strong></span> <span class='ocrx_word' id='word_1_500' title='bbox 2947 2533 3122 2588; x_wconf 91' lang='lat' dir='ltr'><strong>nudus</strong></span> <span class='ocrx_word' id='word_1_501' title='bbox 3161 2536 3355 2589; x_wconf 87' lang='lat' dir='ltr'><strong>evasit.</strong></span> <span class='ocrx_word' id='word_1_502' title='bbox 3385 2534 3484 2602; x_wconf 90' lang='lat' dir='ltr'><strong>Qui</strong></span> <span class='ocrx_word' id='word_1_503' title='bbox 3526 2537 3643 2591; x_wconf 83' lang='lat' dir='ltr'><strong>enim</strong></span> <span class='ocrx_word' id='word_1_504' title='bbox 3664 2552 3738 2606; x_wconf 77' lang='lat' dir='ltr'><strong>pro-</strong></span> 
     </span>
    </p>
   </div>
   <div class='ocr_carea' id='block_1_69' title="bbox 2233 2623 3738 2692">
    <p class='ocr_par' dir='ltr' id='par_1_69' title="bbox 2233 2623 3738 2692">
     <span class='ocr_line' id='line_1_69' title="bbox 2233 2623 3738 2692; baseline 0.006 -17"><span class='ocrx_word' id='word_1_505' title='bbox 2233 2630 2357 2692; x_wconf 87' lang='lat' dir='ltr'><strong>pter</strong></span> <span class='ocrx_word' id='word_1_506' title='bbox 2390 2623 2699 2678; x_wconf 84' lang='lat' dir='ltr'><strong>evitandatn</strong></span> <span class='ocrx_word' id='word_1_507' title='bbox 2731 2623 2998 2679; x_wconf 81' lang='lat' dir='ltr'><strong>luxuriam</strong></span> <span class='ocrx_word' id='word_1_508' title='bbox 3041 2636 3096 2679; x_wconf 89' lang='lat' dir='ltr'><strong>et</strong></span> <span class='ocrx_word' id='word_1_509' title='bbox 3135 2627 3401 2682; x_wconf 87' lang='lat' dir='ltr'><strong>tnalitiam</strong></span> <span class='ocrx_word' id='word_1_510' title='bbox 3432 2631 3593 2683; x_wconf 89' lang='lat' dir='ltr'><strong>mundi</strong></span> <span class='ocrx_word' id='word_1_511' title='bbox 3615 2631 3738 2684; x_wconf 74' lang='lat' dir='ltr'><strong>omnia</strong></span> 
     </span>
    </p>
   </div>
   <div class='ocr_carea' id='block_1_70' title="bbox 2235 2713 3740 2794">
    <p class='ocr_par' dir='ltr' id='par_1_70' title="bbox 2235 2713 3740 2794">
     <span class='ocr_line' id='line_1_70' title="bbox 2235 2713 3740 2794; baseline 0.005 -26"><span class='ocrx_word' id='word_1_512' title='bbox 2235 2713 2452 2777; x_wconf 86' lang='lat' dir='ltr'><strong>deserit,</strong></span> <span class='ocrx_word' id='word_1_513' title='bbox 2484 2717 2635 2787; x_wconf 90' lang='lat' dir='ltr'><strong>quasi</strong></span> <span class='ocrx_word' id='word_1_514' title='bbox 2661 2715 2856 2785; x_wconf 71' lang='lat' dir='ltr'><strong>reiecto</strong></span> <span class='ocrx_word' id='word_1_515' title='bbox 2883 2717 3044 2788; x_wconf 91' lang='lat' dir='ltr'><strong>pallio</strong></span> <span class='ocrx_word' id='word_1_516' title='bbox 3075 2718 3158 2773; x_wconf 90' lang='lat' dir='ltr'><strong>vel</strong></span> <span class='ocrx_word' id='word_1_517' title='bbox 3186 2719 3435 2785; x_wconf 87' lang='lat' dir='ltr'><strong>sindone,</strong></span> <span class='ocrx_word' id='word_1_518' title='bbox 3455 2722 3610 2777; x_wconf 87' lang='lat' dir='ltr'><strong>nudus</strong></span> <span class='ocrx_word' id='word_1_519' title='bbox 3636 2721 3740 2794; x_wconf 70' lang='lat' dir='ltr'><strong>fugit.</strong></span> 
     </span>
    </p>
   </div>
   <div class='ocr_carea' id='block_1_71' title="bbox 2233 2805 3743 2880">
    <p class='ocr_par' dir='ltr' id='par_1_71' title="bbox 2233 2805 3743 2880">
     <span class='ocr_line' id='line_1_71' title="bbox 2233 2805 3743 2880; baseline 0.005 -18"><span class='ocrx_word' id='word_1_520' title='bbox 2233 2805 2349 2874; x_wconf 90' lang='lat' dir='ltr'><strong>lsti,</strong></span> <span class='ocrx_word' id='word_1_521' title='bbox 2376 2807 2574 2865; x_wconf 89' lang='lat' dir='ltr'><strong>fratres</strong></span> <span class='ocrx_word' id='word_1_522' title='bbox 2612 2811 2740 2876; x_wconf 91' lang='lat' dir='ltr'><strong>mei,</strong></span> <span class='ocrx_word' id='word_1_523' title='bbox 2793 2810 2918 2880; x_wconf 89' lang='lat' dir='ltr'><strong>quia</strong></span> <span class='ocrx_word' id='word_1_524' title='bbox 2943 2811 3184 2868; x_wconf 81' lang='lat' dir='ltr'><strong>velocius</strong></span> <span class='ocrx_word' id='word_1_525' title='bbox 3221 2823 3464 2877; x_wconf 87' lang='lat' dir='ltr'><strong>currunt,</strong></span> <span class='ocrx_word' id='word_1_526' title='bbox 3508 2829 3612 2869; x_wconf 85' lang='lat' dir='ltr'><strong>cum</strong></span> <span class='ocrx_word' id='word_1_527' title='bbox 3636 2816 3743 2869; x_wconf 79' lang='lat' dir='ltr'><strong>adi-</strong></span> 
     </span>
    </p>
   </div>
   <div class='ocr_carea' id='block_1_72' title="bbox 2233 2901 3747 2976">
    <p class='ocr_par' dir='ltr' id='par_1_72' title="bbox 2233 2901 3747 2976">
     <span class='ocr_line' id='line_1_72' title="bbox 2233 2901 3747 2976; baseline 0.005 -22"><span class='ocrx_word' id='word_1_528' title='bbox 2233 2911 2357 2954; x_wconf 86' lang='lat' dir='ltr'><strong>nent</strong></span> <span class='ocrx_word' id='word_1_529' title='bbox 2402 2901 2588 2966; x_wconf 89' lang='lat' dir='ltr'><strong>stadii,</strong></span> <span class='ocrx_word' id='word_1_530' title='bbox 2621 2901 2673 2956; x_wconf 93' lang='lat' dir='ltr'><strong>id</strong></span> <span class='ocrx_word' id='word_1_531' title='bbox 2716 2910 2802 2956; x_wconf 91' lang='lat' dir='ltr'><strong>est</strong></span> <span class='ocrx_word' id='word_1_532' title='bbox 2850 2903 2916 2957; x_wconf 88' lang='lat' dir='ltr'><strong>ad</strong></span> <span class='ocrx_word' id='word_1_533' title='bbox 2969 2913 3198 2959; x_wconf 90' lang='lat' dir='ltr'><strong>mortem</strong></span> <span class='ocrx_word' id='word_1_534' title='bbox 3245 2907 3576 2976; x_wconf 88' lang='lat' dir='ltr'><strong>perveniunt,</strong></span> <span class='ocrx_word' id='word_1_535' title='bbox 3618 2909 3747 2962; x_wconf 72' lang='lat' dir='ltr'><strong>statim</strong></span> 
     </span>
    </p>
   </div>
   <div class='ocr_carea' id='block_1_73' title="bbox 2235 2993 3747 3071">
    <p class='ocr_par' dir='ltr' id='par_1_73' title="bbox 2235 2993 3747 3071">
     <span class='ocr_line' id='line_1_73' title="bbox 2235 2993 3747 3071; baseline 0.005 -23"><span class='ocrx_word' id='word_1_536' title='bbox 2235 2993 2527 3064; x_wconf 78' lang='lat' dir='ltr'><strong>accipiunt,</strong></span> <span class='ocrx_word' id='word_1_537' title='bbox 2553 3011 2658 3050; x_wconf 93' lang='lat' dir='ltr'><strong>non</strong></span> <span class='ocrx_word' id='word_1_538' title='bbox 2689 2995 2865 3051; x_wconf 88' lang='lat' dir='ltr'><strong>solum</strong></span> <span class='ocrx_word' id='word_1_539' title='bbox 2890 2996 3158 3061; x_wconf 86' lang='lat' dir='ltr'><strong>bravium,</strong></span> <span class='ocrx_word' id='word_1_540' title='bbox 3191 2998 3286 3053; x_wconf 88' lang='lat' dir='ltr'><strong>sed</strong></span> <span class='ocrx_word' id='word_1_541' title='bbox 3309 2998 3472 3054; x_wconf 90' lang='lat' dir='ltr'><strong>etiam</strong></span> <span class='ocrx_word' id='word_1_542' title='bbox 3504 3011 3747 3071; x_wconf 74' lang='lat' dir='ltr'><strong>potestatein</strong></span> 
     </span>
    </p>
   </div>
   <div class='ocr_carea' id='block_1_74' title="bbox 2234 3085 3749 3161">
    <p class='ocr_par' dir='ltr' id='par_1_74' title="bbox 2234 3085 3749 3161">
     <span class='ocr_line' id='line_1_74' title="bbox 2234 3085 3749 3161; baseline 0.005 -20"><span class='ocrx_word' id='word_1_543' title='bbox 2234 3096 2466 3142; x_wconf 67' lang='lat' dir='ltr'><strong>caeteros</strong></span> <span class='ocrx_word' id='word_1_544' title='bbox 2485 3085 2791 3156; x_wconf 71' lang='lat' dir='ltr'><strong>iudicandi.</strong></span> <span class='ocrx_word' id='word_1_545' title='bbox 2839 3087 2929 3145; x_wconf 86' lang='lat' dir='ltr'><strong>Sic</strong></span> <span class='ocrx_word' id='word_1_546' title='bbox 2955 3091 3099 3146; x_wconf 90' lang='lat' dir='ltr'><strong>enim</strong></span> <span class='ocrx_word' id='word_1_547' title='bbox 3147 3092 3399 3161; x_wconf 88' lang='lat' dir='ltr'><strong>promisit</strong></span> <span class='ocrx_word' id='word_1_548' title='bbox 3429 3092 3505 3148; x_wconf 90' lang='lat' dir='ltr'><strong>eis</strong></span> <span class='ocrx_word' id='word_1_549' title='bbox 3542 3093 3749 3159; x_wconf 81' lang='lat' dir='ltr'><strong>Dominus,</strong></span> 
     </span>
    </p>
   </div>
   <div class='ocr_carea' id='block_1_75' title="bbox 2237 3179 3747 3256">
    <p class='ocr_par' dir='ltr' id='par_1_75' title="bbox 2237 3179 3747 3256">
     <span class='ocr_line' id='line_1_75' title="bbox 2237 3179 3747 3256; baseline 0.004 -22"><span class='ocrx_word' id='word_1_550' title='bbox 2237 3179 2420 3236; x_wconf 84' lang='lat' dir='ltr'><strong>dicens</strong></span> <span class='ocrx_word' id='word_1_551' title='bbox 2451 3199 2466 3239; x_wconf 90' lang='lat'><strong>:</strong></span> <span class='ocrx_word' id='word_1_552' title='bbox 2509 3179 2637 3247; x_wconf 80' lang='lat' dir='ltr'><strong>Vos,</strong></span> <span class='ocrx_word' id='word_1_553' title='bbox 2670 3185 2762 3255; x_wconf 84' lang='lat' dir='ltr'><strong>qui</strong></span> <span class='ocrx_word' id='word_1_554' title='bbox 2788 3186 3067 3256; x_wconf 84' lang='lat' dir='ltr'><strong>reliquistis</strong></span> <span class='ocrx_word' id='word_1_555' title='bbox 3094 3187 3272 3241; x_wconf 87' lang='lat' dir='ltr'><strong>omnia</strong></span> <span class='ocrx_word' id='word_1_556' title='bbox 3297 3197 3346 3242; x_wconf 85' lang='lat' dir='ltr'><strong>et</strong></span> <span class='ocrx_word' id='word_1_557' title='bbox 3376 3189 3532 3241; x_wconf 81' lang='lat' dir='ltr'><strong>secuti</strong></span> <span class='ocrx_word' id='word_1_558' title='bbox 3552 3190 3651 3243; x_wconf 85' lang='lat' dir='ltr'><strong>estis</strong></span> <span class='ocrx_word' id='word_1_559' title='bbox 3681 3205 3747 3250; x_wconf 72' lang='lat' dir='ltr'><strong>ne,</strong></span> 
     </span>
    </p>
   </div>
   <div class='ocr_carea' id='block_1_76' title="bbox 2238 3271 3748 3348">
    <p class='ocr_par' dir='ltr' id='par_1_76' title="bbox 2238 3271 3748 3348">
     <span class='ocr_line' id='line_1_76' title="bbox 2238 3271 3748 3348; baseline 0.005 -25"><span class='ocrx_word' id='word_1_560' title='bbox 2238 3271 2536 3341; x_wconf 84' lang='lat' dir='ltr'><strong>centuplum</strong></span> <span class='ocrx_word' id='word_1_561' title='bbox 2586 3273 2870 3343; x_wconf 81' lang='lat' dir='ltr'><strong>accipietis,</strong></span> <span class='ocrx_word' id='word_1_562' title='bbox 2901 3285 2948 3329; x_wconf 89' lang='lat' dir='ltr'><strong>et</strong></span> <span class='ocrx_word' id='word_1_563' title='bbox 2985 3277 3147 3329; x_wconf 79' lang='lat' dir='ltr'><strong>vitam</strong></span> <span class='ocrx_word' id='word_1_564' title='bbox 3178 3287 3428 3331; x_wconf 66' lang='lat' dir='ltr'><strong>cateruam</strong></span> <span class='ocrx_word' id='word_1_565' title='bbox 3475 3280 3748 3348; x_wconf 78' lang='lat' dir='ltr'><strong>possidebitis.</strong></span> 
     </span>
    </p>
   </div>
   <div class='ocr_carea' id='block_1_77' title="bbox 2241 3360 3748 3440">
    <p class='ocr_par' dir='ltr' id='par_1_77' title="bbox 2241 3360 3748 3440">
     <span class='ocr_line' id='line_1_77' title="bbox 2241 3360 3748 3440; baseline 0.005 -24"><span class='ocrx_word' id='word_1_566' title='bbox 2241 3360 2311 3418; x_wconf 80' lang='lat' dir='ltr'><strong>Et</strong></span> <span class='ocrx_word' id='word_1_567' title='bbox 2340 3365 2578 3420; x_wconf 83' lang='lat' dir='ltr'><strong>sedebitis</strong></span> <span class='ocrx_word' id='word_1_568' title='bbox 2601 3382 2758 3436; x_wconf 85' lang='lat' dir='ltr'><strong>super</strong></span> <span class='ocrx_word' id='word_1_569' title='bbox 2786 3369 2933 3423; x_wconf 85' lang='lat' dir='ltr'><strong>sedes</strong></span> <span class='ocrx_word' id='word_1_570' title='bbox 2974 3367 3274 3429; x_wconf 85' lang='lat' dir='ltr'><strong>duodecim,</strong></span> <span class='ocrx_word' id='word_1_571' title='bbox 3297 3371 3587 3440; x_wconf 80' lang='lat' dir='ltr'><strong>judicantes</strong></span> <span class='ocrx_word' id='word_1_572' title='bbox 3610 3375 3748 3424; x_wconf 70' lang='lat' dir='ltr'><strong>duode-</strong></span> 
     </span>
    </p>
   </div>
   <div class='ocr_carea' id='block_1_78' title="bbox 2237 3456 3750 3530">
    <p class='ocr_par' dir='ltr' id='par_1_78' title="bbox 2237 3456 3750 3530">
     <span class='ocr_line' id='line_1_78' title="bbox 2237 3456 3750 3530; baseline 0.006 -20"><span class='ocrx_word' id='word_1_573' title='bbox 2237 3456 2338 3510; x_wconf 86' lang='lat' dir='ltr'><strong>cim</strong></span> <span class='ocrx_word' id='word_1_574' title='bbox 2368 3458 2534 3512; x_wconf 88' lang='lat' dir='ltr'><strong>tribus</strong></span> <span class='ocrx_word' id='word_1_575' title='bbox 2583 3456 2757 3512; x_wconf 82' lang='lat' dir='ltr'><strong>Israel</strong></span> <span class='ocrx_word' id='word_1_576' title='bbox 2785 3458 3002 3528; x_wconf 75' lang='lat' dir='ltr'><strong>(Matth.</strong></span> <span class='ocrx_word' id='word_1_577' title='bbox 3056 3462 3190 3530; x_wconf 70' lang='grc' dir='ltr'><strong>χιχ).</strong></span> <span class='ocrx_word' id='word_1_578' title='bbox 3243 3459 3420 3518; x_wconf 83' lang='lat' dir='ltr'><strong>Tarde</strong></span> <span class='ocrx_word' id='word_1_579' title='bbox 3447 3479 3565 3518; x_wconf 85' lang='lat' dir='ltr'><strong>vero</strong></span> <span class='ocrx_word' id='word_1_580' title='bbox 3587 3475 3750 3519; x_wconf 68' lang='lat' dir='ltr'><strong>currant</strong></span> 
     </span>
    </p>
   </div>
   <div class='ocr_carea' id='block_1_79' title="bbox 2235 3550 3750 3624">
    <p class='ocr_par' dir='ltr' id='par_1_79' title="bbox 2235 3550 3750 3624">
     <span class='ocr_line' id='line_1_79' title="bbox 2235 3550 3750 3624; baseline 0.003 -17"><span class='ocrx_word' id='word_1_581' title='bbox 2235 3550 2335 3616; x_wconf 87' lang='lat' dir='ltr'><strong>illi,</strong></span> <span class='ocrx_word' id='word_1_582' title='bbox 2381 3569 2516 3624; x_wconf 86' lang='lat' dir='ltr'><strong>quos</strong></span> <span class='ocrx_word' id='word_1_583' title='bbox 2561 3570 2690 3609; x_wconf 90' lang='lat' dir='ltr'><strong>cura</strong></span> <span class='ocrx_word' id='word_1_584' title='bbox 2740 3571 2992 3621; x_wconf 76' lang='lat' dir='ltr'><strong>uxorum,</strong></span> <span class='ocrx_word' id='word_1_585' title='bbox 3047 3556 3308 3624; x_wconf 89' lang='lat' dir='ltr'><strong>filiorum,</strong></span> <span class='ocrx_word' id='word_1_586' title='bbox 3371 3557 3676 3614; x_wconf 78' lang='lat' dir='ltr'><strong>familiarium</strong></span> <span class='ocrx_word' id='word_1_587' title='bbox 3715 3568 3750 3612; x_wconf 74' lang='lat' dir='ltr'><strong>et</strong></span> 
     </span>
    </p>
   </div>
   <div class='ocr_carea' id='block_1_80' title="bbox 2237 3645 3751 3722">
    <p class='ocr_par' dir='ltr' id='par_1_80' title="bbox 2237 3645 3751 3722">
     <span class='ocr_line' id='line_1_80' title="bbox 2237 3645 3751 3722; baseline 0.004 -23"><span class='ocrx_word' id='word_1_588' title='bbox 2237 3645 2988 3719; x_wconf 85' lang='lat' dir='ltr'><strong>mundanorumnegotiorum</strong></span> <span class='ocrx_word' id='word_1_589' title='bbox 3005 3648 3072 3702; x_wconf 90' lang='lat' dir='ltr'><strong>ab</strong></span> <span class='ocrx_word' id='word_1_590' title='bbox 3094 3652 3339 3720; x_wconf 85' lang='lat' dir='ltr'><strong>appetitu</strong></span> <span class='ocrx_word' id='word_1_591' title='bbox 3363 3666 3594 3722; x_wconf 69' lang='lat' dir='ltr'><strong>superna:</strong></span> <span class='ocrx_word' id='word_1_592' title='bbox 3613 3653 3751 3721; x_wconf 69' lang='lat' dir='ltr'><strong>patria</strong></span> 
     </span>
    </p>
   </div>
   <div class='ocr_carea' id='block_1_81' title="bbox 2238 3737 3754 3804">
    <p class='ocr_par' dir='ltr' id='par_1_81' title="bbox 2238 3737 3754 3804">
     <span class='ocr_line' id='line_1_81' title="bbox 2238 3737 3754 3804; baseline 0.004 -15"><span class='ocrx_word' id='word_1_593' title='bbox 2238 3737 2501 3804; x_wconf 88' lang='lat' dir='ltr'><strong>retardat,</strong></span> <span class='ocrx_word' id='word_1_594' title='bbox 2546 3753 2646 3793; x_wconf 90' lang='lat' dir='ltr'><strong>nec</strong></span> <span class='ocrx_word' id='word_1_595' title='bbox 2678 3751 2859 3795; x_wconf 87' lang='lat' dir='ltr'><strong>tamen</strong></span> <span class='ocrx_word' id='word_1_596' title='bbox 2889 3756 2984 3796; x_wconf 90' lang='lat' dir='ltr'><strong>eos</strong></span> <span class='ocrx_word' id='word_1_597' title='bbox 3012 3741 3240 3797; x_wconf 91' lang='lat' dir='ltr'><strong>omnino</strong></span> <span class='ocrx_word' id='word_1_598' title='bbox 3265 3745 3520 3799; x_wconf 86' lang='lat' dir='ltr'><strong>retardat.</strong></span> <span class='ocrx_word' id='word_1_599' title='bbox 3564 3741 3754 3797; x_wconf 66' lang='lat' dir='ltr'><strong>Tendunt</strong></span> 
     </span>
    </p>
   </div>
   <div class='ocr_carea' id='block_1_82' title="bbox 2186 3828 3752 3902">
    <p class='ocr_par' dir='ltr' id='par_1_82' title="bbox 2186 3828 3752 3902">
     <span class='ocr_line' id='line_1_82' title="bbox 2186 3828 3752 3902; baseline 0.01 -22"><span class='ocrx_word' id='word_1_600' title='bbox 2186 3839 2190 3844; x_wconf 82' lang='lat'><strong><em>&#39;</em></strong></span> <span class='ocrx_word' id='word_1_601' title='bbox 2233 3828 2434 3900; x_wconf 85' lang='lat' dir='ltr'><strong>quippe</strong></span> <span class='ocrx_word' id='word_1_602' title='bbox 2463 3840 2660 3899; x_wconf 85' lang='lat' dir='ltr'><strong>mente,</strong></span> <span class='ocrx_word' id='word_1_603' title='bbox 2689 3847 2851 3901; x_wconf 83' lang='lat' dir='ltr'><strong>prece</strong></span> <span class='ocrx_word' id='word_1_604' title='bbox 2878 3843 2932 3888; x_wconf 88' lang='lat' dir='ltr'><strong>et</strong></span> <span class='ocrx_word' id='word_1_605' title='bbox 2974 3847 3142 3902; x_wconf 82' lang='lat' dir='ltr'><strong>apere</strong></span> <span class='ocrx_word' id='word_1_606' title='bbox 3170 3833 3239 3889; x_wconf 90' lang='lat' dir='ltr'><strong>ad</strong></span> <span class='ocrx_word' id='word_1_607' title='bbox 3281 3836 3502 3892; x_wconf 73' lang='lat' dir='ltr'><strong>cceleste</strong></span> <span class='ocrx_word' id='word_1_608' title='bbox 3541 3836 3752 3894; x_wconf 71' lang='lat' dir='ltr'><strong>bravium.</strong></span> 
     </span>
    </p>
   </div>
   <div class='ocr_carea' id='block_1_83' title="bbox 2235 3921 3755 3996">
    <p class='ocr_par' dir='ltr' id='par_1_83' title="bbox 2235 3921 3755 3996">
     <span class='ocr_line' id='line_1_83' title="bbox 2235 3921 3755 3996; baseline 0.002 -20"><span class='ocrx_word' id='word_1_609' title='bbox 2235 3921 2330 3976; x_wconf 86' lang='lat' dir='ltr'><strong>sed</strong></span> <span class='ocrx_word' id='word_1_610' title='bbox 2380 3933 2602 3994; x_wconf 89' lang='lat' dir='ltr'><strong>propter</strong></span> <span class='ocrx_word' id='word_1_611' title='bbox 2623 3939 2782 3980; x_wconf 90' lang='lat' dir='ltr'><strong>curas</strong></span> <span class='ocrx_word' id='word_1_612' title='bbox 2831 3936 2885 3981; x_wconf 90' lang='lat' dir='ltr'><strong>et</strong></span> <span class='ocrx_word' id='word_1_613' title='bbox 2917 3925 3143 3982; x_wconf 75' lang='lat' dir='ltr'><strong>allectus</strong></span> <span class='ocrx_word' id='word_1_614' title='bbox 3183 3931 3450 3996; x_wconf 86' lang='lat' dir='ltr'><strong>carnales,</strong></span> <span class='ocrx_word' id='word_1_615' title='bbox 3503 3928 3755 3986; x_wconf 71' lang='lat' dir='ltr'><strong>tardiuscaii</strong></span> 
     </span>
    </p>
   </div>
   <div class='ocr_carea' id='block_1_84' title="bbox 2236 4015 3755 4092">
    <p class='ocr_par' dir='ltr' id='par_1_84' title="bbox 2236 4015 3755 4092">
     <span class='ocr_line' id='line_1_84' title="bbox 2236 4015 3755 4092; baseline 0.001 -21"><span class='ocrx_word' id='word_1_616' title='bbox 2236 4025 2382 4071; x_wconf 87' lang='lat' dir='ltr'><strong>sunt.</strong></span> <span class='ocrx_word' id='word_1_617' title='bbox 2409 4015 2484 4070; x_wconf 92' lang='lat' dir='ltr'><strong>lta</strong></span> <span class='ocrx_word' id='word_1_618' title='bbox 2513 4017 2656 4071; x_wconf 92' lang='lat' dir='ltr'><strong>enim</strong></span> <span class='ocrx_word' id='word_1_619' title='bbox 2691 4029 2941 4088; x_wconf 69' lang='lat' dir='ltr'><strong>qumrnnt</strong></span> <span class='ocrx_word' id='word_1_620' title='bbox 2970 4034 3042 4090; x_wconf 16' lang='lat' dir='ltr'><strong>ea,</strong></span> <span class='ocrx_word' id='word_1_621' title='bbox 3079 4037 3202 4092; x_wconf 69' lang='lat' dir='ltr'><strong>quae</strong></span> <span class='ocrx_word' id='word_1_622' title='bbox 3241 4033 3367 4078; x_wconf 89' lang='lat' dir='ltr'><strong>sunt</strong></span> <span class='ocrx_word' id='word_1_623' title='bbox 3397 4023 3512 4089; x_wconf 89' lang='lat' dir='ltr'><strong>Dei,</strong></span> <span class='ocrx_word' id='word_1_624' title='bbox 3548 4033 3601 4078; x_wconf 89' lang='lat' dir='ltr'><strong>ut</strong></span> <span class='ocrx_word' id='word_1_625' title='bbox 3638 4025 3755 4077; x_wconf 60' lang='lat' dir='ltr'><strong>etiam</strong></span> 
     </span>
    </p>
   </div>
   <div class='ocr_carea' id='block_1_85' title="bbox 2235 4109 3758 4182">
    <p class='ocr_par' dir='ltr' id='par_1_85' title="bbox 2235 4109 3758 4182">
     <span class='ocr_line' id='line_1_85' title="bbox 2235 4109 3758 4182; baseline 0 -19"><span class='ocrx_word' id='word_1_626' title='bbox 2235 4124 2457 4164; x_wconf 89' lang='lat' dir='ltr'><strong>necesse</strong></span> <span class='ocrx_word' id='word_1_627' title='bbox 2487 4109 2575 4174; x_wconf 89' lang='lat' dir='ltr'><strong>sit,</strong></span> <span class='ocrx_word' id='word_1_628' title='bbox 2615 4125 2708 4165; x_wconf 90' lang='lat' dir='ltr'><strong>eos</strong></span> <span class='ocrx_word' id='word_1_629' title='bbox 2736 4126 2980 4181; x_wconf 62' lang='lat' dir='ltr'><strong>quaerere</strong></span> <span class='ocrx_word' id='word_1_630' title='bbox 3011 4129 3075 4168; x_wconf 89' lang='lat' dir='ltr'><strong>ea</strong></span> <span class='ocrx_word' id='word_1_631' title='bbox 3114 4131 3236 4182; x_wconf 65' lang='lat' dir='ltr'><strong>qua</strong></span> <span class='ocrx_word' id='word_1_632' title='bbox 3265 4127 3390 4170; x_wconf 91' lang='lat' dir='ltr'><strong>sunt</strong></span> <span class='ocrx_word' id='word_1_633' title='bbox 3417 4115 3612 4174; x_wconf 71' lang='lat' dir='ltr'><strong>saeculi.</strong></span> <span class='ocrx_word' id='word_1_634' title='bbox 3638 4125 3696 4179; x_wconf 82' lang='lat' dir='ltr'><strong>et,</strong></span> <span class='ocrx_word' id='word_1_635' title='bbox 3722 4123 3758 4165; x_wconf 69' lang='lat' dir='ltr'><strong>at</strong></span> 
     </span>
    </p>
   </div>
   <div class='ocr_carea' id='block_1_86' title="bbox 2235 4200 3759 4271">
    <p class='ocr_par' dir='ltr' id='par_1_86' title="bbox 2235 4200 3759 4271">
     <span class='ocr_line' id='line_1_86' title="bbox 2235 4200 3759 4271; baseline 0.002 -18"><span class='ocrx_word' id='word_1_636' title='bbox 2235 4200 2310 4256; x_wconf 88' lang='lat' dir='ltr'><strong>ait</strong></span> <span class='ocrx_word' id='word_1_637' title='bbox 2351 4202 2662 4271; x_wconf 81' lang='lat' dir='ltr'><strong>Apostolus,</strong></span> <span class='ocrx_word' id='word_1_638' title='bbox 2706 4203 2862 4259; x_wconf 86' lang='lat' dir='ltr'><strong>divisi</strong></span> <span class='ocrx_word' id='word_1_639' title='bbox 2893 4214 3040 4271; x_wconf 87' lang='lat' dir='ltr'><strong>sunt,</strong></span> <span class='ocrx_word' id='word_1_640' title='bbox 3070 4222 3193 4260; x_wconf 91' lang='lat' dir='ltr'><strong>cum</strong></span> <span class='ocrx_word' id='word_1_641' title='bbox 3222 4222 3462 4263; x_wconf 87' lang='lat' dir='ltr'><strong>amorem</strong></span> <span class='ocrx_word' id='word_1_642' title='bbox 3497 4205 3759 4263; x_wconf 70' lang='lat' dir='ltr'><strong>celestirnn.</strong></span> 
     </span>
    </p>
   </div>
   <div class='ocr_carea' id='block_1_87' title="bbox 2237 4294 3760 4368">
    <p class='ocr_par' dir='ltr' id='par_1_87' title="bbox 2237 4294 3760 4368">
     <span class='ocr_line' id='line_1_87' title="bbox 2237 4294 3760 4368; baseline 0.007 -21"><span class='ocrx_word' id='word_1_643' title='bbox 2237 4294 2627 4364; x_wconf 90' lang='lat' dir='ltr'><strong>temporalibus</strong></span> <span class='ocrx_word' id='word_1_644' title='bbox 2676 4308 3017 4368; x_wconf 65' lang='lat' dir='ltr'><strong>prmponunt.</strong></span> <span class='ocrx_word' id='word_1_645' title='bbox 3049 4299 3196 4367; x_wconf 82' lang='lat' dir='ltr'><strong>Quos</strong></span> <span class='ocrx_word' id='word_1_646' title='bbox 3226 4299 3382 4366; x_wconf 87' lang='lat' dir='ltr'><strong>bene,</strong></span> <span class='ocrx_word' id='word_1_647' title='bbox 3440 4300 3634 4355; x_wconf 85' lang='lat' dir='ltr'><strong>fratres</strong></span> <span class='ocrx_word' id='word_1_648' title='bbox 3669 4299 3760 4357; x_wconf 69' lang='lat' dir='ltr'><strong>nisi.</strong></span> 
     </span>
    </p>
   </div>
   <div class='ocr_carea' id='block_1_88' title="bbox 2235 4385 3758 4462">
    <p class='ocr_par' dir='ltr' id='par_1_88' title="bbox 2235 4385 3758 4462">
     <span class='ocr_line' id='line_1_88' title="bbox 2235 4385 3758 4462; baseline -0.001 -21"><span class='ocrx_word' id='word_1_649' title='bbox 2235 4385 2339 4442; x_wconf 70' lang='lat' dir='ltr'><strong>illzc</strong></span> <span class='ocrx_word' id='word_1_650' title='bbox 2367 4401 2539 4442; x_wconf 71' lang='lat' dir='ltr'><strong>vacca:</strong></span> <span class='ocrx_word' id='word_1_651' title='bbox 2561 4388 2890 4458; x_wconf 84' lang='lat' dir='ltr'><strong>significant,</strong></span> <span class='ocrx_word' id='word_1_652' title='bbox 2937 4407 3058 4462; x_wconf 77' lang='lat' dir='ltr'><strong>qua:</strong></span> <span class='ocrx_word' id='word_1_653' title='bbox 3082 4394 3150 4448; x_wconf 90' lang='lat' dir='ltr'><strong>de</strong></span> <span class='ocrx_word' id='word_1_654' title='bbox 3179 4403 3326 4449; x_wconf 90' lang='lat' dir='ltr'><strong>terra</strong></span> <span class='ocrx_word' id='word_1_655' title='bbox 3369 4391 3758 4448; x_wconf 77' lang='lat' dir='ltr'><strong>Pbilisthinorum</strong></span> 
     </span>
    </p>
   </div>
   <div class='ocr_carea' id='block_1_89' title="bbox 2237 4480 3764 4556">
    <p class='ocr_par' dir='ltr' id='par_1_89' title="bbox 2237 4480 3764 4556">
     <span class='ocr_line' id='line_1_89' title="bbox 2237 4480 3764 4556; baseline 0.003 -24"><span class='ocrx_word' id='word_1_656' title='bbox 2237 4493 2423 4534; x_wconf 90' lang='lat' dir='ltr'><strong>arcam</strong></span> <span class='ocrx_word' id='word_1_657' title='bbox 2465 4480 2674 4536; x_wconf 90' lang='lat' dir='ltr'><strong>Domini</strong></span> <span class='ocrx_word' id='word_1_658' title='bbox 2721 4483 2788 4537; x_wconf 87' lang='lat' dir='ltr'><strong>ad</strong></span> <span class='ocrx_word' id='word_1_659' title='bbox 2818 4489 3023 4539; x_wconf 89' lang='lat' dir='ltr'><strong>terratn</strong></span> <span class='ocrx_word' id='word_1_660' title='bbox 3061 4484 3225 4540; x_wconf 89' lang='lat' dir='ltr'><strong>lsrael</strong></span> <span class='ocrx_word' id='word_1_661' title='bbox 3279 4494 3641 4556; x_wconf 80' lang='lat' dir='ltr'><strong>portaverant.</strong></span> <span class='ocrx_word' id='word_1_662' title='bbox 3675 4481 3764 4548; x_wconf 68' lang='lat' dir='ltr'><strong>Qa:</strong></span> 
     </span>
    </p>
   </div>
   <div class='ocr_carea' id='block_1_90' title="bbox 539 4569 3766 4656">
    <p class='ocr_par' dir='ltr' id='par_1_90' title="bbox 539 4569 3766 4656">
     <span class='ocr_line' id='line_1_90' title="bbox 539 4569 3766 4656; baseline -0.001 -24"><span class='ocrx_word' id='word_1_663' title='bbox 539 4579 784 4644; x_wconf 77' lang='lat' dir='ltr'><strong>tenebris,</strong></span> <span class='ocrx_word' id='word_1_664' title='bbox 817 4581 907 4635; x_wconf 87' lang='lat' dir='ltr'><strong>sed</strong></span> <span class='ocrx_word' id='word_1_665' title='bbox 928 4580 1131 4636; x_wconf 84' lang='lat' dir='ltr'><strong>habebit</strong></span> <span class='ocrx_word' id='word_1_666' title='bbox 1154 4579 1330 4634; x_wconf 83' lang='lat' dir='ltr'><strong>lmnen</strong></span> <span class='ocrx_word' id='word_1_667' title='bbox 1355 4579 1830 4650; x_wconf 72' lang='lat' dir='ltr'><strong>vita(.loan.vut).</strong></span> <span class='ocrx_word' id='word_1_668' title='bbox 1850 4579 1966 4650; x_wconf 89' lang='lat' dir='ltr'><strong>Ipse</strong></span> <span class='ocrx_word' id='word_1_669' title='bbox 1984 4579 2128 4634; x_wconf 87' lang='lat' dir='ltr'><strong>enim</strong></span> <span class='ocrx_word' id='word_1_670' title='bbox 2162 4594 2209 4656; x_wconf 76' lang='grc' dir='ltr'>υ</span> <span class='ocrx_word' id='word_1_671' title='bbox 2236 4569 2359 4627; x_wconf 66' lang='lat' dir='ltr'><strong>feta:</strong></span> <span class='ocrx_word' id='word_1_672' title='bbox 2391 4572 2557 4630; x_wconf 76' lang='lat' dir='ltr'><strong>fuisse</strong></span> <span class='ocrx_word' id='word_1_673' title='bbox 2587 4586 2981 4642; x_wconf 87' lang='lat' dir='ltr'><strong>memorantur,</strong></span> <span class='ocrx_word' id='word_1_674' title='bbox 3033 4594 3203 4648; x_wconf 86' lang='lat' dir='ltr'><strong>quare</strong></span> <span class='ocrx_word' id='word_1_675' title='bbox 3235 4580 3431 4635; x_wconf 89' lang='lat' dir='ltr'><strong>vitulos</strong></span> <span class='ocrx_word' id='word_1_676' title='bbox 3461 4578 3606 4634; x_wconf 85' lang='lat' dir='ltr'><strong>domi</strong></span> <span class='ocrx_word' id='word_1_677' title='bbox 3643 4573 3766 4629; x_wconf 66' lang='lat' dir='ltr'><strong>recla-</strong></span> 
     </span>
    </p>
   </div>
   <div class='ocr_carea' id='block_1_91' title="bbox 541 4672 2132 4743">
    <p class='ocr_par' dir='ltr' id='par_1_91' title="bbox 541 4672 2132 4743">
     <span class='ocr_line' id='line_1_91' title="bbox 541 4672 2132 4743; baseline 0.001 -17"><span class='ocrx_word' id='word_1_678' title='bbox 541 4673 694 4728; x_wconf 87' lang='lat' dir='ltr'><strong>vobis</strong></span> <span class='ocrx_word' id='word_1_679' title='bbox 719 4673 935 4743; x_wconf 79' lang='lat' dir='ltr'><strong>reliquit</strong></span> <span class='ocrx_word' id='word_1_680' title='bbox 966 4676 1296 4742; x_wconf 81' lang='lat' dir='ltr'><strong>exetnplum,</strong></span> <span class='ocrx_word' id='word_1_681' title='bbox 1326 4681 1383 4728; x_wconf 92' lang='lat' dir='ltr'><strong>ut</strong></span> <span class='ocrx_word' id='word_1_682' title='bbox 1414 4672 1718 4743; x_wconf 88' lang='lat' dir='ltr'><strong>sequamini</strong></span> <span class='ocrx_word' id='word_1_683' title='bbox 1752 4673 1974 4742; x_wconf 87' lang='lat' dir='ltr'><strong>vestigia</strong></span> <span class='ocrx_word' id='word_1_684' title='bbox 2012 4672 2132 4743; x_wconf 79' lang='lat' dir='ltr'><strong>ejus</strong></span> 
     </span>
    </p>
   </div>
   <div class='ocr_carea' id='block_1_92' title="bbox 542 4762 2130 4840">
    <p class='ocr_par' dir='ltr' id='par_1_92' title="bbox 542 4762 2130 4840">
     <span class='ocr_line' id='line_1_92' title="bbox 542 4762 2130 4840; baseline 0 -19"><span class='ocrx_word' id='word_1_685' title='bbox 542 4762 593 4832; x_wconf 84' lang='grc' dir='ltr'><strong>(Ι</strong></span> <span class='ocrx_word' id='word_1_686' title='bbox 633 4765 748 4821; x_wconf 82' lang='lat' dir='ltr'><strong>Pet.</strong></span> <span class='ocrx_word' id='word_1_687' title='bbox 775 4767 860 4840; x_wconf 88' lang='lat' dir='ltr'><strong>tt).</strong></span> <span class='ocrx_word' id='word_1_688' title='bbox 898 4767 998 4834; x_wconf 87' lang='lat' dir='ltr'><strong>Qui</strong></span> <span class='ocrx_word' id='word_1_689' title='bbox 1035 4767 1179 4821; x_wconf 92' lang='lat' dir='ltr'><strong>enim</strong></span> <span class='ocrx_word' id='word_1_690' title='bbox 1227 4781 1349 4822; x_wconf 89' lang='lat' dir='ltr'><strong>cum</strong></span> <span class='ocrx_word' id='word_1_691' title='bbox 1400 4780 1464 4820; x_wconf 92' lang='lat' dir='ltr'><strong>eo</strong></span> <span class='ocrx_word' id='word_1_692' title='bbox 1514 4764 1628 4818; x_wconf 90' lang='lat' dir='ltr'><strong>vult</strong></span> <span class='ocrx_word' id='word_1_693' title='bbox 1670 4779 1912 4825; x_wconf 86' lang='lat' dir='ltr'><strong>manere.</strong></span> <span class='ocrx_word' id='word_1_694' title='bbox 1971 4764 2130 4821; x_wconf 86' lang='lat' dir='ltr'><strong>debet</strong></span> 
     </span>
    </p>
   </div>
   <div class='ocr_carea' id='block_1_93' title="bbox 543 4856 2127 4928">
    <p class='ocr_par' dir='ltr' id='par_1_93' title="bbox 543 4856 2127 4928">
     <span class='ocr_line' id='line_1_93' title="bbox 543 4856 2127 4928; baseline -0.002 -11"><span class='ocrx_word' id='word_1_695' title='bbox 543 4863 687 4917; x_wconf 89' lang='lat' dir='ltr'><strong>sicut</strong></span> <span class='ocrx_word' id='word_1_696' title='bbox 719 4861 806 4915; x_wconf 85' lang='lat' dir='ltr'><strong>ille</strong></span> <span class='ocrx_word' id='word_1_697' title='bbox 853 4860 1148 4916; x_wconf 85' lang='lat' dir='ltr'><strong>ambulavit</strong></span> <span class='ocrx_word' id='word_1_698' title='bbox 1196 4870 1251 4914; x_wconf 92' lang='lat' dir='ltr'><strong>et</strong></span> <span class='ocrx_word' id='word_1_699' title='bbox 1301 4860 1413 4927; x_wconf 74' lang='lat' dir='ltr'><strong>ipse</strong></span> <span class='ocrx_word' id='word_1_700' title='bbox 1451 4856 1729 4912; x_wconf 90' lang='lat' dir='ltr'><strong>ambulare</strong></span> <span class='ocrx_word' id='word_1_701' title='bbox 1764 4856 1814 4928; x_wconf 90' lang='grc' dir='ltr'><strong>(Ι</strong></span> <span class='ocrx_word' id='word_1_702' title='bbox 1842 4856 2004 4914; x_wconf 81' lang='lat' dir='ltr'><strong>Joan.</strong></span> <span class='ocrx_word' id='word_1_703' title='bbox 2029 4860 2127 4916; x_wconf 79' lang='lat' dir='ltr'><strong>\‘Il.</strong></span> 
     </span>
    </p>
   </div>
   <div class='ocr_carea' id='block_1_94' title="bbox 512 4951 2128 5022">
    <p class='ocr_par' dir='ltr' id='par_1_94' title="bbox 512 4951 2128 5022">
     <span class='ocr_line' id='line_1_94' title="bbox 512 4951 2128 5022; baseline -0.002 -12"><span class='ocrx_word' id='word_1_704' title='bbox 512 4951 896 5010; x_wconf 68' lang='lat' dir='ltr'><strong>incitamenta</strong></span> <span class='ocrx_word' id='word_1_705' title='bbox 954 4968 1080 5008; x_wconf 79' lang='lat' dir='ltr'><strong>vero</strong></span> <span class='ocrx_word' id='word_1_706' title='bbox 1124 4953 1286 5007; x_wconf 91' lang='lat' dir='ltr'><strong>eundi</strong></span> <span class='ocrx_word' id='word_1_707' title='bbox 1321 4952 1460 5005; x_wconf 85' lang='lat' dir='ltr'><strong>hanc</strong></span> <span class='ocrx_word' id='word_1_708' title='bbox 1493 4951 1660 5015; x_wconf 90' lang='lat' dir='ltr'><strong>viam,</strong></span> <span class='ocrx_word' id='word_1_709' title='bbox 1708 4961 1835 5006; x_wconf 87' lang='lat' dir='ltr'><strong>sunt</strong></span> <span class='ocrx_word' id='word_1_710' title='bbox 1879 4967 2024 5022; x_wconf 85' lang='lat' dir='ltr'><strong>spes,</strong></span> <span class='ocrx_word' id='word_1_711' title='bbox 2074 4961 2128 5006; x_wconf 90' lang='lat' dir='ltr'><strong>et</strong></span> 
     </span>
    </p>
   </div>
   <div class='ocr_carea' id='block_1_95' title="bbox 540 5043 2131 5116">
    <p class='ocr_par' dir='ltr' id='par_1_95' title="bbox 540 5043 2131 5116">
     <span class='ocr_line' id='line_1_95' title="bbox 540 5043 2131 5116; baseline -0.001 -15"><span class='ocrx_word' id='word_1_712' title='bbox 540 5062 695 5102; x_wconf 85' lang='lat' dir='ltr'><strong>amor</strong></span> <span class='ocrx_word' id='word_1_713' title='bbox 713 5045 951 5101; x_wconf 73' lang='lat' dir='ltr'><strong>ctelestis</strong></span> <span class='ocrx_word' id='word_1_714' title='bbox 984 5045 1176 5100; x_wconf 80' lang='lat' dir='ltr'><strong>bravii.</strong></span> <span class='ocrx_word' id='word_1_715' title='bbox 1205 5043 1410 5114; x_wconf 74' lang='lat' dir='ltr'><strong>Itaque.</strong></span> <span class='ocrx_word' id='word_1_716' title='bbox 1447 5043 1641 5099; x_wconf 85' lang='lat' dir='ltr'><strong>fratres</strong></span> <span class='ocrx_word' id='word_1_717' title='bbox 1674 5043 2005 5109; x_wconf 85' lang='lat' dir='ltr'><strong>charissimi,</strong></span> <span class='ocrx_word' id='word_1_718' title='bbox 2033 5060 2131 5116; x_wconf 89' lang='lat' dir='ltr'><strong>per</strong></span> 
     </span>
    </p>
   </div>
   <div class='ocr_carea' id='block_1_96' title="bbox 538 5137 2128 5214">
    <p class='ocr_par' dir='ltr' id='par_1_96' title="bbox 538 5137 2128 5214">
     <span class='ocr_line' id='line_1_96' title="bbox 538 5137 2128 5214; baseline -0.002 -19"><span class='ocrx_word' id='word_1_719' title='bbox 538 5139 774 5214; x_wconf 85' lang='lat' dir='ltr'><strong>stadium</strong></span> <span class='ocrx_word' id='word_1_720' title='bbox 802 5137 924 5192; x_wconf 73' lang='lat' dir='ltr'><strong>vita:</strong></span> <span class='ocrx_word' id='word_1_721' title='bbox 950 5138 1232 5208; x_wconf 68' lang='lat' dir='ltr'><strong>praesentis</strong></span> <span class='ocrx_word' id='word_1_722' title='bbox 1270 5151 1458 5191; x_wconf 88' lang='lat' dir='ltr'><strong>omnes</strong></span> <span class='ocrx_word' id='word_1_723' title='bbox 1498 5137 1790 5203; x_wconf 88' lang='lat' dir='ltr'><strong>currimus,</strong></span> <span class='ocrx_word' id='word_1_724' title='bbox 1837 5137 1962 5207; x_wconf 90' lang='lat' dir='ltr'><strong>quia</strong></span> <span class='ocrx_word' id='word_1_725' title='bbox 2010 5138 2128 5192; x_wconf 83' lang='lat' dir='ltr'><strong>sine</strong></span> 
     </span>
    </p>
   </div>
   <div class='ocr_carea' id='block_1_97' title="bbox 541 5228 2128 5286">
    <p class='ocr_par' dir='ltr' id='par_1_97' title="bbox 541 5228 2128 5286">
     <span class='ocr_line' id='line_1_97' title="bbox 541 5228 2128 5286; baseline 0.001 -1"><span class='ocrx_word' id='word_1_726' title='bbox 541 5230 946 5286; x_wconf 87' lang='lat' dir='ltr'><strong>intermissione</strong></span> <span class='ocrx_word' id='word_1_727' title='bbox 993 5243 1181 5284; x_wconf 84' lang='lat' dir='ltr'><strong>mnnes</strong></span> <span class='ocrx_word' id='word_1_728' title='bbox 1229 5228 1295 5283; x_wconf 90' lang='lat' dir='ltr'><strong>ad</strong></span> <span class='ocrx_word' id='word_1_729' title='bbox 1348 5239 1574 5283; x_wconf 90' lang='lat' dir='ltr'><strong>mortem</strong></span> <span class='ocrx_word' id='word_1_730' title='bbox 1623 5231 1965 5285; x_wconf 87' lang='lat' dir='ltr'><strong>festinamus.</strong></span> <span class='ocrx_word' id='word_1_731' title='bbox 2021 5229 2128 5286; x_wconf 89' lang='lat' dir='ltr'><strong>Sed</strong></span> 
     </span>
    </p>
   </div>
   <div class='ocr_carea' id='block_1_98' title="bbox 541 5315 2131 5377">
    <p class='ocr_par' dir='ltr' id='par_1_98' title="bbox 541 5315 2131 5377">
     <span class='ocr_line' id='line_1_98' title="bbox 541 5315 2131 5377; baseline 0.001 -3"><span class='ocrx_word' id='word_1_732' title='bbox 541 5327 726 5374; x_wconf 87' lang='lat' dir='ltr'><strong>tamen</strong></span> <span class='ocrx_word' id='word_1_733' title='bbox 763 5315 868 5373; x_wconf 86' lang='lat' dir='ltr'><strong>non</strong></span> <span class='ocrx_word' id='word_1_734' title='bbox 891 5335 1081 5376; x_wconf 84' lang='lat' dir='ltr'><strong>omnes</strong></span> <span class='ocrx_word' id='word_1_735' title='bbox 1111 5319 1177 5375; x_wconf 90' lang='lat' dir='ltr'><strong>ad</strong></span> <span class='ocrx_word' id='word_1_736' title='bbox 1222 5318 1461 5376; x_wconf 65' lang='lat' dir='ltr'><strong>caelestis</strong></span> <span class='ocrx_word' id='word_1_737' title='bbox 1503 5319 1623 5374; x_wconf 78' lang='lat' dir='ltr'><strong>vita:</strong></span> <span class='ocrx_word' id='word_1_738' title='bbox 1666 5321 1912 5376; x_wconf 89' lang='lat' dir='ltr'><strong>bravium</strong></span> <span class='ocrx_word' id='word_1_739' title='bbox 1955 5321 2131 5377; x_wconf 88' lang='lat' dir='ltr'><strong>tendi-</strong></span> 
     </span>
    </p>
   </div>
   <div class='ocr_carea' id='block_1_99' title="bbox 540 5401 2132 5486">
    <p class='ocr_par' dir='ltr' id='par_1_99' title="bbox 540 5401 2132 5486">
     <span class='ocr_line' id='line_1_99' title="bbox 540 5401 2132 5486; baseline 0 -16"><span class='ocrx_word' id='word_1_740' title='bbox 540 5426 691 5470; x_wconf 87' lang='lat' dir='ltr'><strong>mus:</strong></span> <span class='ocrx_word' id='word_1_741' title='bbox 721 5414 936 5484; x_wconf 79' lang='lat' dir='ltr'><strong>qnidam</strong></span> <span class='ocrx_word' id='word_1_742' title='bbox 961 5416 1126 5470; x_wconf 90' lang='lat' dir='ltr'><strong>etiam</strong></span> <span class='ocrx_word' id='word_1_743' title='bbox 1156 5431 1260 5471; x_wconf 93' lang='lat' dir='ltr'><strong>non</strong></span> <span class='ocrx_word' id='word_1_744' title='bbox 1286 5431 1405 5472; x_wconf 86' lang='lat' dir='ltr'><strong>esse</strong></span> <span class='ocrx_word' id='word_1_745' title='bbox 1449 5415 1676 5470; x_wconf 87' lang='lat' dir='ltr'><strong>alteram</strong></span> <span class='ocrx_word' id='word_1_746' title='bbox 1716 5417 1880 5470; x_wconf 89' lang='lat' dir='ltr'><strong>vitam</strong></span> <span class='ocrx_word' id='word_1_747' title='bbox 1913 5401 2132 5486; x_wconf 79' lang='lat' dir='ltr'><strong>putant.</strong></span> 
     </span>
    </p>
   </div>
   <div class='ocr_carea' id='block_1_100' title="bbox 540 5505 2128 5581">
    <p class='ocr_par' dir='ltr' id='par_1_100' title="bbox 540 5505 2128 5581">
     <span class='ocr_line' id='line_1_100' title="bbox 540 5505 2128 5581; baseline -0.003 -15"><span class='ocrx_word' id='word_1_748' title='bbox 540 5505 744 5566; x_wconf 84' lang='lat' dir='ltr'><strong>Omnes</strong></span> <span class='ocrx_word' id='word_1_749' title='bbox 779 5510 942 5581; x_wconf 86' lang='lat' dir='ltr'><strong>igitur</strong></span> <span class='ocrx_word' id='word_1_750' title='bbox 999 5510 1088 5580; x_wconf 89' lang='lat' dir='ltr'><strong>qtti</strong></span> <span class='ocrx_word' id='word_1_751' title='bbox 1144 5510 1302 5565; x_wconf 78' lang='lat' dir='ltr'><strong>[idem</strong></span> <span class='ocrx_word' id='word_1_752' title='bbox 1354 5527 1458 5564; x_wconf 90' lang='lat' dir='ltr'><strong>non</strong></span> <span class='ocrx_word' id='word_1_753' title='bbox 1511 5510 1732 5575; x_wconf 85' lang='lat' dir='ltr'><strong>habent,</strong></span> <span class='ocrx_word' id='word_1_754' title='bbox 1783 5518 1841 5563; x_wconf 92' lang='lat' dir='ltr'><strong>ut</strong></span> <span class='ocrx_word' id='word_1_755' title='bbox 1894 5507 2128 5578; x_wconf 63' lang='lat' dir='ltr'><strong>juda‘us,</strong></span> 
     </span>
    </p>
   </div>
   <div class='ocr_carea' id='block_1_101' title="bbox 540 5600 2128 5677">
    <p class='ocr_par' dir='ltr' id='par_1_101' title="bbox 540 5600 2128 5677">
     <span class='ocr_line' id='line_1_101' title="bbox 540 5600 2128 5677; baseline -0.004 -17"><span class='ocrx_word' id='word_1_756' title='bbox 540 5603 776 5677; x_wconf 73' lang='lat' dir='ltr'><strong>gentilis,</strong></span> <span class='ocrx_word' id='word_1_757' title='bbox 818 5613 872 5660; x_wconf 92' lang='lat' dir='ltr'><strong>et</strong></span> <span class='ocrx_word' id='word_1_758' title='bbox 900 5604 1014 5659; x_wconf 90' lang='lat' dir='ltr'><strong>solo</strong></span> <span class='ocrx_word' id='word_1_759' title='bbox 1043 5605 1261 5660; x_wconf 90' lang='lat' dir='ltr'><strong>nomine</strong></span> <span class='ocrx_word' id='word_1_760' title='bbox 1283 5603 1646 5670; x_wconf 85' lang='lat' dir='ltr'><strong>Christianus,</strong></span> <span class='ocrx_word' id='word_1_761' title='bbox 1679 5602 1774 5673; x_wconf 89' lang='lat' dir='ltr'><strong>qui</strong></span> <span class='ocrx_word' id='word_1_762' title='bbox 1806 5601 1872 5657; x_wconf 90' lang='lat' dir='ltr'><strong>de</strong></span> <span class='ocrx_word' id='word_1_763' title='bbox 1897 5600 1984 5656; x_wconf 90' lang='lat' dir='ltr'><strong>illa</strong></span> <span class='ocrx_word' id='word_1_764' title='bbox 2017 5601 2128 5655; x_wconf 89' lang='lat' dir='ltr'><strong>vita</strong></span> 
     </span>
    </p>
   </div>
   <div class='ocr_carea' id='block_1_102' title="bbox 544 5692 2125 5767">
    <p class='ocr_par' dir='ltr' id='par_1_102' title="bbox 544 5692 2125 5767">
     <span class='ocr_line' id='line_1_102' title="bbox 544 5692 2125 5767; baseline -0.003 -15"><span class='ocrx_word' id='word_1_765' title='bbox 544 5697 811 5764; x_wconf 84' lang='lat' dir='ltr'><strong>dubitant,</strong></span> <span class='ocrx_word' id='word_1_766' title='bbox 843 5709 996 5753; x_wconf 75' lang='lat' dir='ltr'><strong>extra</strong></span> <span class='ocrx_word' id='word_1_767' title='bbox 1026 5697 1165 5753; x_wconf 89' lang='lat' dir='ltr'><strong>viam</strong></span> <span class='ocrx_word' id='word_1_768' title='bbox 1193 5706 1336 5754; x_wconf 91' lang='lat' dir='ltr'><strong>sunt.</strong></span> <span class='ocrx_word' id='word_1_769' title='bbox 1372 5697 1527 5765; x_wconf 87' lang='lat' dir='ltr'><strong>Quod</strong></span> <span class='ocrx_word' id='word_1_770' title='bbox 1558 5698 1602 5754; x_wconf 88' lang='lat' dir='ltr'><strong>si</strong></span> <span class='ocrx_word' id='word_1_771' title='bbox 1627 5692 1918 5767; x_wconf 84' lang='lat' dir='ltr'><strong>aliquando</strong></span> <span class='ocrx_word' id='word_1_772' title='bbox 1945 5693 2125 5764; x_wconf 85' lang='lat' dir='ltr'><strong>aliqua</strong></span> 
     </span>
    </p>
   </div>
   <div class='ocr_carea' id='block_1_103' title="bbox 620 5874 1619 5951">
    <p class='ocr_par' dir='ltr' id='par_1_103' title="bbox 620 5874 1619 5951">
     <span class='ocr_line' id='line_1_103' title="bbox 620 5874 1619 5951; baseline 0.006 -21"><span class='ocrx_word' id='word_1_773' title='bbox 620 5874 732 5951; x_wconf 64' lang='lat' dir='ltr'><strong>(ﬁt)</strong></span> <span class='ocrx_word' id='word_1_774' title='bbox 764 5875 919 5951; x_wconf 77' lang='lat' dir='ltr'><strong>Vulg.</strong></span> <span class='ocrx_word' id='word_1_775' title='bbox 944 5876 1066 5937; x_wconf 84' lang='lat' dir='ltr'><strong>aliis</strong></span> <span class='ocrx_word' id='word_1_776' title='bbox 1093 5877 1272 5935; x_wconf 82' lang='lat' dir='ltr'><strong>verbis</strong></span> <span class='ocrx_word' id='word_1_777' title='bbox 1297 5875 1442 5935; x_wconf 82' lang='lat' dir='ltr'><strong>idem</strong></span> <span class='ocrx_word' id='word_1_778' title='bbox 1472 5875 1619 5935; x_wconf 77' lang='lat' dir='ltr'><strong>dicit.</strong></span> 
     </span>
    </p>
   </div>
   <div class='ocr_carea' id='block_1_104' title="bbox 2237 4666 3767 4740">
    <p class='ocr_par' dir='ltr' id='par_1_104' title="bbox 2237 4666 3767 4740">
     <span class='ocr_line' id='line_1_104' title="bbox 2237 4666 3767 4740; baseline -0.005 -18"><span class='ocrx_word' id='word_1_779' title='bbox 2237 4675 2449 4722; x_wconf 85' lang='lat' dir='ltr'><strong>serunt.</strong></span> <span class='ocrx_word' id='word_1_780' title='bbox 2473 4666 2743 4740; x_wconf 86' lang='lat' dir='ltr'><strong>Scriptum</strong></span> <span class='ocrx_word' id='word_1_781' title='bbox 2774 4679 2857 4725; x_wconf 85' lang='lat' dir='ltr'><strong>est</strong></span> <span class='ocrx_word' id='word_1_782' title='bbox 2880 4671 3024 4726; x_wconf 90' lang='lat' dir='ltr'><strong>enim</strong></span> <span class='ocrx_word' id='word_1_783' title='bbox 3055 4687 3067 4722; x_wconf 88' lang='lat'>:</span> <span class='ocrx_word' id='word_1_784' title='bbox 3104 4670 3256 4727; x_wconf 85' lang='lat' dir='ltr'><strong>Ibant</strong></span> <span class='ocrx_word' id='word_1_785' title='bbox 3285 4673 3338 4726; x_wconf 87' lang='lat' dir='ltr'><strong>in</strong></span> <span class='ocrx_word' id='word_1_786' title='bbox 3365 4673 3619 4725; x_wconf 73' lang='lat' dir='ltr'><strong>directus</strong></span> <span class='ocrx_word' id='word_1_787' title='bbox 3648 4679 3767 4719; x_wconf 66' lang='lat' dir='ltr'><strong>ears:</strong></span> 
     </span>
    </p>
   </div>
   <div class='ocr_carea' id='block_1_105' title="bbox 2232 4756 3771 4832">
    <p class='ocr_par' dir='ltr' id='par_1_105' title="bbox 2232 4756 3771 4832">
     <span class='ocr_line' id='line_1_105' title="bbox 2232 4756 3771 4832; baseline 0.003 -20"><span class='ocrx_word' id='word_1_788' title='bbox 2232 4775 2325 4829; x_wconf 79' lang='lat' dir='ltr'><strong>per</strong></span> <span class='ocrx_word' id='word_1_789' title='bbox 2373 4760 2507 4814; x_wconf 79' lang='lat' dir='ltr'><strong>riam</strong></span> <span class='ocrx_word' id='word_1_790' title='bbox 2537 4777 2654 4832; x_wconf 77' lang='lat' dir='ltr'><strong>quw</strong></span> <span class='ocrx_word' id='word_1_791' title='bbox 2681 4763 2824 4816; x_wconf 72' lang='lat' dir='ltr'><strong>ducit</strong></span> <span class='ocrx_word' id='word_1_792' title='bbox 2855 4761 3171 4819; x_wconf 83' lang='lat' dir='ltr'><strong>Bethsamis.</strong></span> <span class='ocrx_word' id='word_1_793' title='bbox 3219 4762 3336 4819; x_wconf 87' lang='lat' dir='ltr'><strong>Uno</strong></span> <span class='ocrx_word' id='word_1_794' title='bbox 3385 4765 3574 4818; x_wconf 81' lang='lat' dir='ltr'><strong>itinere</strong></span> <span class='ocrx_word' id='word_1_795' title='bbox 3614 4756 3771 4830; x_wconf 63' lang='grc' dir='ltr'><strong>ςνεέίίε*</strong></span> 
     </span>
    </p>
   </div>
   <div class='ocr_carea' id='block_1_106' title="bbox 2235 4849 3771 4929">
    <p class='ocr_par' dir='ltr' id='par_1_106' title="bbox 2235 4849 3771 4929">
     <span class='ocr_line' id='line_1_106' title="bbox 2235 4849 3771 4929; baseline 0.001 -26"><span class='ocrx_word' id='word_1_796' title='bbox 2235 4852 2446 4918; x_wconf 88' lang='lat' dir='ltr'><strong>bantur,</strong></span> <span class='ocrx_word' id='word_1_797' title='bbox 2497 4865 2761 4926; x_wconf 75' lang='lat' dir='ltr'><strong>pergentes</strong></span> <span class='ocrx_word' id='word_1_798' title='bbox 2797 4867 2845 4910; x_wconf 88' lang='lat' dir='ltr'><strong>et</strong></span> <span class='ocrx_word' id='word_1_799' title='bbox 2878 4859 3188 4929; x_wconf 82' lang='lat' dir='ltr'><strong>mugientes,</strong></span> <span class='ocrx_word' id='word_1_800' title='bbox 3242 4875 3334 4913; x_wconf 88' lang='lat' dir='ltr'><strong>nec</strong></span> <span class='ocrx_word' id='word_1_801' title='bbox 3377 4857 3696 4914; x_wconf 69' lang='lat' dir='ltr'><strong>declinabant</strong></span> <span class='ocrx_word' id='word_1_802' title='bbox 3727 4849 3771 4901; x_wconf 55' lang='lat' dir='ltr'><strong>ei</strong></span> 
     </span>
    </p>
   </div>
   <div class='ocr_carea' id='block_1_107' title="bbox 2235 4947 3772 5023">
    <p class='ocr_par' dir='ltr' id='par_1_107' title="bbox 2235 4947 3772 5023">
     <span class='ocr_line' id='line_1_107' title="bbox 2235 4947 3772 5023; baseline 0 -23"><span class='ocrx_word' id='word_1_803' title='bbox 2235 4947 2503 5002; x_wconf 75' lang='lat' dir='ltr'><strong>dexterum</strong></span> <span class='ocrx_word' id='word_1_804' title='bbox 2552 4965 2644 5003; x_wconf 86' lang='lat' dir='ltr'><strong>nec</strong></span> <span class='ocrx_word' id='word_1_805' title='bbox 2687 4950 2756 5003; x_wconf 89' lang='lat' dir='ltr'><strong>ad</strong></span> <span class='ocrx_word' id='word_1_806' title='bbox 2784 4951 3051 5006; x_wconf 83' lang='lat' dir='ltr'><strong>sinistram</strong></span> <span class='ocrx_word' id='word_1_807' title='bbox 3088 4950 3140 5023; x_wconf 89' lang='grc'><strong>(1</strong></span> <span class='ocrx_word' id='word_1_808' title='bbox 3176 4951 3303 5023; x_wconf 82' lang='lat' dir='ltr'><strong>Reg.</strong></span> <span class='ocrx_word' id='word_1_809' title='bbox 3329 4953 3429 5022; x_wconf 85' lang='lat' dir='ltr'><strong>vt).</strong></span> <span class='ocrx_word' id='word_1_810' title='bbox 3461 4951 3600 5019; x_wconf 84' lang='lat' dir='ltr'><strong>Quid</strong></span> <span class='ocrx_word' id='word_1_811' title='bbox 3625 4948 3772 5002; x_wconf 65' lang='lat' dir='ltr'><strong>lt‘alfﬁ</strong></span> 
     </span>
    </p>
   </div>
   <div class='ocr_carea' id='block_1_108' title="bbox 2233 5035 3771 5116">
    <p class='ocr_par' dir='ltr' id='par_1_108' title="bbox 2233 5035 3771 5116">
     <span class='ocr_line' id='line_1_108' title="bbox 2233 5035 3771 5116; baseline -0.008 -16"><span class='ocrx_word' id='word_1_812' title='bbox 2233 5041 2360 5106; x_wconf 89' lang='lat' dir='ltr'><strong>mei,</strong></span> <span class='ocrx_word' id='word_1_813' title='bbox 2414 5041 2541 5112; x_wconf 89' lang='lat' dir='ltr'><strong>quid</strong></span> <span class='ocrx_word' id='word_1_814' title='bbox 2583 5057 2761 5098; x_wconf 68' lang='lat' dir='ltr'><strong>vaccre</strong></span> <span class='ocrx_word' id='word_1_815' title='bbox 2813 5043 2930 5099; x_wconf 63' lang='lat' dir='ltr'><strong>ista:</strong></span> <span class='ocrx_word' id='word_1_816' title='bbox 2980 5044 3312 5116; x_wconf 86' lang='lat' dir='ltr'><strong>significant,</strong></span> <span class='ocrx_word' id='word_1_817' title='bbox 3355 5045 3462 5100; x_wconf 87' lang='lat' dir='ltr'><strong>nisi</strong></span> <span class='ocrx_word' id='word_1_818' title='bbox 3500 5041 3678 5096; x_wconf 81' lang='lat' dir='ltr'><strong>fideles</strong></span> <span class='ocrx_word' id='word_1_819' title='bbox 3712 5035 3771 5105; x_wconf 60' lang='lat' dir='ltr'><strong>et}</strong></span> 
     </span>
    </p>
   </div>
   <div class='ocr_carea' id='block_1_109' title="bbox 2234 5133 3772 5210">
    <p class='ocr_par' dir='ltr' id='par_1_109' title="bbox 2234 5133 3772 5210">
     <span class='ocr_line' id='line_1_109' title="bbox 2234 5133 3772 5210; baseline -0.005 -23"><span class='ocrx_word' id='word_1_820' title='bbox 2234 5149 2418 5188; x_wconf 87' lang='lat' dir='ltr'><strong>arcam</strong></span> <span class='ocrx_word' id='word_1_821' title='bbox 2453 5134 2827 5191; x_wconf 91' lang='lat' dir='ltr'><strong>mandatorum</strong></span> <span class='ocrx_word' id='word_1_822' title='bbox 2859 5135 2951 5191; x_wconf 89' lang='lat' dir='ltr'><strong>Dei</strong></span> <span class='ocrx_word' id='word_1_823' title='bbox 2981 5152 3199 5209; x_wconf 90' lang='lat' dir='ltr'><strong>semper</strong></span> <span class='ocrx_word' id='word_1_824' title='bbox 3221 5148 3438 5210; x_wconf 86' lang='lat' dir='ltr'><strong>portant</strong></span> <span class='ocrx_word' id='word_1_825' title='bbox 3463 5137 3488 5191; x_wconf 80' lang='lat'><strong>?</strong></span> <span class='ocrx_word' id='word_1_826' title='bbox 3509 5133 3610 5202; x_wconf 88' lang='lat' dir='ltr'><strong>Qui</strong></span> <span class='ocrx_word' id='word_1_827' title='bbox 3633 5145 3772 5201; x_wconf 65' lang='lat' dir='ltr'><strong>qm:-</strong></span> 
     </span>
    </p>
   </div>
   <div class='ocr_carea' id='block_1_110' title="bbox 2234 5227 3772 5286">
    <p class='ocr_par' dir='ltr' id='par_1_110' title="bbox 2234 5227 3772 5286">
     <span class='ocr_line' id='line_1_110' title="bbox 2234 5227 3772 5286; baseline -0.001 -6"><span class='ocrx_word' id='word_1_828' title='bbox 2234 5227 2317 5282; x_wconf 89' lang='lat' dir='ltr'><strong>vis</strong></span> <span class='ocrx_word' id='word_1_829' title='bbox 2345 5227 2653 5282; x_wconf 87' lang='lat' dir='ltr'><strong>carnalibus</strong></span> <span class='ocrx_word' id='word_1_830' title='bbox 2684 5228 2967 5285; x_wconf 74' lang='lat' dir='ltr'><strong>all‘cctibus</strong></span> <span class='ocrx_word' id='word_1_831' title='bbox 3004 5242 3328 5286; x_wconf 83' lang='lat' dir='ltr'><strong>revocentur</strong></span> <span class='ocrx_word' id='word_1_832' title='bbox 3360 5239 3417 5284; x_wconf 90' lang='lat' dir='ltr'><strong>et</strong></span> <span class='ocrx_word' id='word_1_833' title='bbox 3449 5230 3772 5284; x_wconf 50' lang='lat' dir='ltr'><strong>retardante.</strong></span> 
     </span>
    </p>
   </div>
   <div class='ocr_carea' id='block_1_111' title="bbox 2234 5314 3769 5388">
    <p class='ocr_par' dir='ltr' id='par_1_111' title="bbox 2234 5314 3769 5388">
     <span class='ocr_line' id='line_1_111' title="bbox 2234 5314 3769 5388; baseline -0.004 -16"><span class='ocrx_word' id='word_1_834' title='bbox 2234 5327 2412 5374; x_wconf 82' lang='lat' dir='ltr'><strong>tamen</strong></span> <span class='ocrx_word' id='word_1_835' title='bbox 2444 5337 2473 5375; x_wconf 84' lang='lat' dir='ltr'><strong>a</strong></span> <span class='ocrx_word' id='word_1_836' title='bbox 2507 5332 2654 5377; x_wconf 87' lang='lat' dir='ltr'><strong>recto</strong></span> <span class='ocrx_word' id='word_1_837' title='bbox 2679 5322 2872 5378; x_wconf 88' lang='lat' dir='ltr'><strong>itinere</strong></span> <span class='ocrx_word' id='word_1_838' title='bbox 2895 5322 3213 5384; x_wconf 83' lang='lat' dir='ltr'><strong>Betltsamis.</strong></span> <span class='ocrx_word' id='word_1_839' title='bbox 3247 5323 3298 5379; x_wconf 87' lang='lat' dir='ltr'><strong>id</strong></span> <span class='ocrx_word' id='word_1_840' title='bbox 3327 5333 3433 5388; x_wconf 86' lang='lat' dir='ltr'><strong>est,</strong></span> <span class='ocrx_word' id='word_1_841' title='bbox 3461 5324 3647 5375; x_wconf 74' lang='lat' dir='ltr'><strong>datust</strong></span> <span class='ocrx_word' id='word_1_842' title='bbox 3668 5314 3769 5367; x_wconf 64' lang='lat' dir='ltr'><strong>solis.</strong></span> 
     </span>
    </p>
   </div>
   <div class='ocr_carea' id='block_1_112' title="bbox 2232 5406 3760 5488">
    <p class='ocr_par' dir='ltr' id='par_1_112' title="bbox 2232 5406 3760 5488">
     <span class='ocr_line' id='line_1_112' title="bbox 2232 5406 3760 5488; baseline -0.006 -23"><span class='ocrx_word' id='word_1_843' title='bbox 2232 5427 2340 5467; x_wconf 85' lang='lat' dir='ltr'><strong>non</strong></span> <span class='ocrx_word' id='word_1_844' title='bbox 2365 5412 2657 5470; x_wconf 54' lang='lat' dir='ltr'><strong>declinant.</strong></span> <span class='ocrx_word' id='word_1_845' title='bbox 2692 5414 2794 5471; x_wconf 80' lang='lat' dir='ltr'><strong>Vos</strong></span> <span class='ocrx_word' id='word_1_846' title='bbox 2823 5416 2989 5486; x_wconf 79' lang='lat' dir='ltr'><strong>igitur</strong></span> <span class='ocrx_word' id='word_1_847' title='bbox 3037 5426 3240 5471; x_wconf 84' lang='lat' dir='ltr'><strong>matres</strong></span> <span class='ocrx_word' id='word_1_848' title='bbox 3267 5429 3319 5472; x_wconf 90' lang='lat' dir='ltr'><strong>et</strong></span> <span class='ocrx_word' id='word_1_849' title='bbox 3351 5406 3760 5488; x_wconf 64' lang='lat' dir='ltr'><strong>patresfamiiiss</strong></span> 
     </span>
    </p>
   </div>
   <div class='ocr_carea' id='block_1_113' title="bbox 2234 5495 3771 5579">
    <p class='ocr_par' dir='ltr' id='par_1_113' title="bbox 2234 5495 3771 5579">
     <span class='ocr_line' id='line_1_113' title="bbox 2234 5495 3771 5579; baseline -0.01 -18"><span class='ocrx_word' id='word_1_850' title='bbox 2234 5507 2279 5561; x_wconf 89' lang='lat' dir='ltr'><strong>si</strong></span> <span class='ocrx_word' id='word_1_851' title='bbox 2324 5507 2390 5562; x_wconf 89' lang='lat' dir='ltr'><strong>ad</strong></span> <span class='ocrx_word' id='word_1_852' title='bbox 2421 5507 2809 5565; x_wconf 77' lang='lat' dir='ltr'><strong>habitationem</strong></span> <span class='ocrx_word' id='word_1_853' title='bbox 2857 5510 2968 5566; x_wconf 88' lang='lat' dir='ltr'><strong>veri</strong></span> <span class='ocrx_word' id='word_1_854' title='bbox 2997 5509 3125 5566; x_wconf 84' lang='lat' dir='ltr'><strong>solis</strong></span> <span class='ocrx_word' id='word_1_855' title='bbox 3168 5511 3403 5570; x_wconf 88' lang='lat' dir='ltr'><strong>tenditis.</strong></span> <span class='ocrx_word' id='word_1_856' title='bbox 3438 5516 3661 5579; x_wconf 82' lang='lat' dir='ltr'><strong>propter</strong></span> <span class='ocrx_word' id='word_1_857' title='bbox 3685 5495 3771 5550; x_wconf 61' lang='lat'><strong>:5:-</strong></span> 
     </span>
    </p>
   </div>
   <div class='ocr_carea' id='block_1_114' title="bbox 2234 5587 3772 5661">
    <p class='ocr_par' dir='ltr' id='par_1_114' title="bbox 2234 5587 3772 5661">
     <span class='ocr_line' id='line_1_114' title="bbox 2234 5587 3772 5661; baseline -0.003 -7"><span class='ocrx_word' id='word_1_858' title='bbox 2234 5608 2354 5654; x_wconf 91' lang='lat' dir='ltr'><strong>ctus</strong></span> <span class='ocrx_word' id='word_1_859' title='bbox 2397 5601 2644 5658; x_wconf 85' lang='lat' dir='ltr'><strong>carnales</strong></span> <span class='ocrx_word' id='word_1_860' title='bbox 2694 5619 2724 5659; x_wconf 87' lang='lat' dir='ltr'><strong>a</strong></span> <span class='ocrx_word' id='word_1_861' title='bbox 2776 5614 2926 5661; x_wconf 89' lang='lat' dir='ltr'><strong>recto</strong></span> <span class='ocrx_word' id='word_1_862' title='bbox 2968 5605 3162 5661; x_wconf 89' lang='lat' dir='ltr'><strong>itinere</strong></span> <span class='ocrx_word' id='word_1_863' title='bbox 3211 5621 3314 5660; x_wconf 90' lang='lat' dir='ltr'><strong>non</strong></span> <span class='ocrx_word' id='word_1_864' title='bbox 3357 5597 3664 5657; x_wconf 80' lang='lat' dir='ltr'><strong>decliuetis.</strong></span> 
     </span>
    </p>
   </div>
   <div class='ocr_carea' id='block_1_115' title="bbox 2233 5691 3768 5770">
    <p class='ocr_par' dir='ltr' id='par_1_115' title="bbox 2233 5691 3768 5770">
     <span class='ocr_line' id='line_1_115' title="bbox 2233 5691 3768 5770; baseline -0.007 -20"><span class='ocrx_word' id='word_1_865' title='bbox 2233 5693 2369 5751; x_wconf 72' lang='lat' dir='ltr'><strong>sicut</strong></span> <span class='ocrx_word' id='word_1_866' title='bbox 2398 5708 2572 5752; x_wconf 67' lang='lat' dir='ltr'><strong>vacem</strong></span> <span class='ocrx_word' id='word_1_867' title='bbox 2595 5707 2825 5770; x_wconf 85' lang='lat' dir='ltr'><strong>pergunt</strong></span> <span class='ocrx_word' id='word_1_868' title='bbox 2850 5707 2904 5754; x_wconf 90' lang='lat' dir='ltr'><strong>et</strong></span> <span class='ocrx_word' id='word_1_869' title='bbox 2939 5707 3182 5770; x_wconf 75' lang='lat' dir='ltr'><strong>gemunt,</strong></span> <span class='ocrx_word' id='word_1_870' title='bbox 3215 5698 3289 5755; x_wconf 88' lang='lat' dir='ltr'><strong>sic</strong></span> <span class='ocrx_word' id='word_1_871' title='bbox 3313 5705 3363 5754; x_wconf 85' lang='lat' dir='ltr'><strong>et</strong></span> <span class='ocrx_word' id='word_1_872' title='bbox 3395 5709 3494 5750; x_wconf 84' lang='lat' dir='ltr'><strong>vos</strong></span> <span class='ocrx_word' id='word_1_873' title='bbox 3538 5691 3612 5744; x_wconf 83' lang='lat' dir='ltr'><strong>ita</strong></span> 
     </span>
    </p>
   </div>
   <div class='ocr_carea' id='block_1_116' title="bbox 3329 5948 3443 5960">
    <p class='ocr_par' dir='ltr' id='par_1_116' title="bbox 3329 5948 3443 5960">
     <span class='ocr_line' id='line_1_116' title="bbox 3329 5948 3443 5960; baseline 0 0"><span class='ocrx_word' id='word_1_874' title='bbox 3329 5948 3443 5960; x_wconf 50' lang='lat' dir='ltr'><strong>u‘</strong></span> 
     </span>
    </p>
   </div>
  </div>
