3814 6346
46 360 47 363 ‘
80 374 197 439 nsi

862 372 1168 437 uouth
1197 370 1263 434 IN
1286 360 1504 436 must.
1552 360 1649 429 ET
1672 370 1926 447 anno.
1948 378 2249 442 DOMINIC.
2278 409 2351 426 --
2378 377 2559 440 rans
2591 379 2636 440 ι.

3180 382 3315 447 ιτιι

74 490 321 567 patiamini
369 487 652 564 proximis,
693 496 752 546 ut
800 496 979 549 tamen
1027 503 1250 566 propter
1297 493 1401 551 hoc
1452 507 1483 548 a
1537 484 1626 546 Via
1653 498 1704 561 Α
1734 505 1989 570 tanquam
2032 516 2139 555 non
2190 499 2471 567 nubentes,
2513 500 2603 573 qui
2635 496 2870 571 gaudent
2902 506 3156 572 tanquam
3210 506 3323 564 non

73 596 213 643 recta
246 602 340 642 non
380 583 720 647 exorbitetis.
752 582 925 640 Porro
950 585 1036 641 isti
1085 587 1177 658 qui
1212 596 1434 658 propter
1461 601 1626 645 curas

68 686 120 734 et
142 677 364 739 carnales
387 674 611 732 affectus
637 692 665 729 a
690 675 776 730 via
806 676 896 733 Dei
924 676 1317 748 aliquantulum
1350 676 1633 733 retardan-

70 778 177 836 tur,
207 770 403 840 quando
433 769 500 823 ad
530 777 731 825 metam
759 769 944 835 stadii,
983 769 1036 824 id
1060 780 1144 825 est
1175 770 1241 825 ad
1268 778 1496 825 mortem
1536 785 1630 826 ve-

68 866 237 932 niunt,
264 863 571 934 plerumque
602 879 708 918 non
737 863 919 918 statim
947 863 1192 918 bravium
1220 864 1629 935 accipiunt,sed

64 955 131 1013 dc
158 956 379 1021 maculis,
420 971 557 1028 quas
600 970 669 1011 ex
715 955 861 1011 curis
908 964 964 1011 et
1001 954 1284 1011 affectibus
1313 956 1627 1013 carnalibus

63 1058 446 1112 contraxerunt,
475 1048 528 1102 iu
570 1046 695 1119 igne
725 1045 1040 1120 purgatorio
1083 1060 1408 1121 purgantur,
1456 1058 1510 1105 et
1544 1050 1627 1107 sic

66 1143 269 1198 tandem
298 1142 540 1197 bravium
569 1151 996 1212 consequuntur.
1047 1139 1381 1212 lietrograde
1436 1150 1619 1198 autem

62 1235 398 1305 rurrunt,qui
424 1235 523 1290 etsi
553 1234 605 1290 in
646 1233 732 1289 via
772 1232 864 1289 Dei
910 1242 1036 1295 sunt
1063 1250 1161 1306 per
1207 1220 1391 1300 fidem,
1438 1243 1620 1290 tamen

61 1329 126 1383 ad
158 1328 408 1382 mundana
439 1326 706 1382 desideria
742 1325 970 1381 rctlcunt
989 1342 1084 1394 per
1110 1322 1619 1396 concupiscentiam.

60 1419 121 1476 lli
141 1429 258 1476 sunt
290 1420 376 1490 qui
401 1419 625 1475 affectus
645 1435 899 1485 uxorum,
932 1417 1247 1483 liberorum,
1276 1418 1617 1487 divitiarum,

1736 592 2031 664 gaudentes
2076 590 2131 662 (1
2176 590 2300 648 Cor.
2343 593 2463 662 vu),
2505 591 2598 664 qui
2637 607 2733 663 per
2777 594 3090 663 temporalia
3139 597 3318 655 Sciunt

1734 698 1917 740 emere
1946 682 2209 739 coelestia.
2245 681 2407 752 Quia,
2438 681 2484 739 si
2512 682 2825 738 tardiusculi
2846 684 3000 753 estis,
3030 695 3181 745 orate
3204 688 3314 745 Do-

1733 778 1940 832 minum
1978 777 2068 847 qui
2094 776 2385 833 exsultavit
2426 788 2487 831 ut
2517 776 2666 849 gigas
2710 776 2778 833 ad
2806 781 3122 845 curreudam
3149 782 3312 851 viam,

1733 867 1905 941 (Psal.
1933 868 2108 937 xvttt).
2134 877 2189 923 et
2209 868 2372 925 dicite
2391 868 2440 925 ei
2467 885 2482 924 :
2514 867 2684 924 Tro/te
2709 886 2791 925 me
2818 881 2932 938 post
2953 880 3020 939 te,
3048 888 3314 928 cnrremus

1730 962 1786 1016 in
1819 963 1980 1016 odore
2022 970 2403 1030 unguentorum
2451 970 2660 1016 tuorum
2704 959 2882 1032 (Cant.
2920 965 2982 1032 ι).
3021 962 3171 1031 Quod
3201 965 3316 1036 ipse

1730 1052 1912 1108 facere
1936 1051 2186 1121 dignetur
2214 1051 2450 1122 quicum
2473 1051 2634 1109 Patre
2659 1061 2713 1109 ct
2736 1053 2938 1126 Spiritu
2968 1064 3156 1111 saneto
3182 1056 3315 1111 vivit

1727 1153 1783 1199 et
1807 1152 1997 1215 regnat
2027 1143 2167 1200 Deus
2190 1143 2242 1199 in
2270 1153 2553 1200 aeternum.
2593 1146 2783 1201 Amen.

2257 1232 2535 1291 IIOMILIA
2576 1234 2789 1292 XXVII.

2117 1340 2373 1383 DOIINICA
2410 1342 2462 1382 IN
2502 1341 2701 1383 SEPTUA
2711 1342 2921 1384 οῑςιιιι.

1800 1419 1980 1477 Simile
2018 1429 2093 1474 est
2126 1435 2340 1489 regnum
2387 1419 2636 1475 ctelorunt
2675 1422 2874 1477 homini
2914 1421 3309 1492 patrifamiliae,

58 1514 307 1570 bonorum
350 1522 403 1568 et
445 1512 783 1583 voluptatum
813 1512 924 1568 Deo
965 1518 1305 1583 pra'ponunt,
1355 1526 1456 1567 nec
1498 1527 1619 1582 qua:
1718 1513 1812 1584 qui
1841 1513 1967 1569 exiit
1998 1513 2166 1579 primo
2206 1529 2359 1566 mane
2388 1514 2674 1568 conducere
2700 1514 2966 1583 operarios
3006 1517 3059 1570 in
3100 1518 3303 1572 uincant

57 1605 169 1670 Dei,
196 1606 284 1662 sed
304 1620 421 1677 qua:
470 1605 654 1659 mundi
696 1613 843 1668 sunt,
876 1612 988 1659 toto
1012 1601 1283 1657 desiderio
1313 1602 1614 1672 requirunt,

54 1708 127 1761 et,
160 1695 307 1765 juxta
342 1696 696 1766 Apostolum:
758 1691 1086 1762 Conﬁtentur
1137 1709 1191 1747 se
1243 1707 1392 1746 nosse
1430 1690 1616 1757 Deum,

55 1790 200 1859 factis
230 1799 398 1844 autent
432 1798 620 1859 negant
656 1785 785 1857 (Tit.
818 1785 881 1857 ι).
929 1784 1029 1854 Qui
1073 1783 1211 1840 bene
1246 1782 1619 1854 significantur

1720 1623 1870 1661 suam
1914 1603 2130 1672 (Matth.
2158 1604 2278 1677 ιιι).
2309 1614 2364 1659 et
2390 1604 2613 1675 reliqua.
2656 1605 2711 1659 ln
2740 1606 2840 1660 hac
2866 1607 3142 1676 parabola,
3188 1607 3307 1663 {ra-

1730 1706 1843 1754 tres
1873 1696 2202 1758 charissimi,
2242 1695 2481 1751 ostendit
2512 1695 2768 1752 Dominus
2811 1707 3069 1767 quantam
3105 1713 3316 1763 curam.

1727 1798 2010 1860 quantam.
2041 1797 2101 1843 ut
2128 1789 2199 1843 ita
2227 1787 2479 1851 dixerim,
2523 1785 2962 1851 sollicitudinem,
3012 1790 3129 1859 ipse
3155 1788 3320 1845 habet

54 1853 148 1950 per
191 1881 326 1937 filios
372 1853 552 1941 Israel,
604 1853 748 1951 quos
792 1853 915 1934 cum
952 1853 1213 1934 Dominus
1262 1853 1329 1931 de
1363 1875 1623 1931 servitute
1657 1853 1700 1915 Β
1729 1853 1892 1951 super
1913 1894 2086 1950 genus
2112 1878 2430 1934 humanum.
2482 1877 2538 1932 In
2582 1891 2691 1949 quo
2733 1853 3084 1933 confutantur
3119 1879 3192 1934 illi
3221 1879 3317 1951 qui

53 1969 343 2028 Pharaonis
367 1987 465 2042 per
494 1969 779 2025 transitum
807 1967 973 2024 maris
1017 1967 1184 2023 Rubri
1225 1966 1520 2032 eduxisset,
1567 1975 1626 2022 et.

52 2079 143 2120 eos
168 2078 260 2135 per
285 2064 554 2120 desertum
581 2070 895 2118 sustentans
925 2076 1142 2127 manna,
1170 2060 1239 2115 ad
1272 2067 1470 2115 terram
1497 2073 1623 2132 pro.

50 2156 313 2213 missionis
358 2157 599 2218 duceret,
647 2153 987 2211 fastidientes
1043 2169 1266 2217 manna,
1314 2162 1370 2209 et
1422 2161 1621 2208 terram

46 2246 415 2320 promissionis
475 2247 731 2304 oblivioni
798 2248 1027 2312 dantes,
1101 2245 1511 2302 revertebantur
1569 2246 1621 2301 in

45 2342 335 2416 anptum
359 2343 541 2410 corde,
560 2343 832 2399 dicentes:
854 2342 1216 2398 Revertantur
1238 2340 1305 2396 ad
1331 2339 1622 2414 Egyptian

45 2436 111 2492 ad
134 2435 270 2492 ollas
293 2435 560 2501 camium,
590 2435 656 2489 ad
673 2449 910 2505 pepones
929 2442 984 2489 et
1011 2433 1132 2489 allia
1153 2431 1351 2504 (Exod.
1378 2448 1487 2496 xiv,
1512 2448 1621 2498 xvi;

45 2525 217 2586 Num.
251 2543 291 2593 ι,
319 2528 453 2597 xw).
482 2524 673 2582 Nonne
703 2527 933 2597 idipsum
959 2526 1161 2581 faciunt
1209 2525 1366 2580 hodie
1398 2523 1473 2579 illi
1505 2523 1624 2580 falsi

45 2621 345 2687 christiani,
397 2621 488 2691 qui
530 2631 815 2690 postquam
866 2635 963 2691 per
997 2618 1274 2675 Christum
1302 2633 1331 2671 a
1365 2618 1627 2675 servitute

46 2710 245 2768 iiaboli
275 2719 330 2767 et
376 2726 558 2767 amore
600 2710 783 2767 mundi
812 2708 1041 2771 liberati,
1074 2724 1172 2779 per
1205 2709 1532 2781 baptismum
1575 2711 1624 2767 ei

45 2806 604 2871 abrenuntiaverunt,
665 2812 721 2862 et
773 2819 912 2875 pane
973 2804 1093 2859 (ξαιΙί
1154 2804 1467 2873 sustentati,
1530 2820 1629 2875 per

45 2898 305 2971 'eligiosze
328 2900 451 2955 vita:
487 2900 778 2965 desertum,
805 2899 873 2954 ad
900 2898 1177 2955 emlestem
1221 2898 1449 2971 patriam
1482 2898 1631 2957 festi-

46 3008 173 3047 tzrre
202 3001 504 3062 coopertum.
550 3007 738 3048 rursus
789 2992 1056 3048 desiderio
1097 2991 1325 3047 redeunt
1366 2991 1433 3047 ad
1483 3008 1629 3048 amo.

45 3098 153 3139 ‘em
199 3092 256 3139 et
302 3083 615 3139 servitutem
670 3083 891 3140 diaboli.
954 3083 1092 3152 Quid
1154 3084 1296 3139 enim
1350 3098 1449 3155 per
1493 3085 1631 3143 ollas

1725 1971 1909 2025 dicunt
1933 1971 2099 2025 Deum
2137 1983 2224 2024 res
2252 1968 2525 2024 lmmanas
2560 1980 2667 2022 non
2697 1979 2911 2023 curare.
2959 1966 3209 2023 Ostendit
3230 1968 3320 2024 hic

1724 2061 1922 2133 quippe
1951 2059 2211 2116 Dominus
2236 2059 2379 2131 quod
2404 2059 2542 2114 sicut
2574 2059 2772 2129 aliquis
2794 2059 3187 2130 paterfamilias
3208 2060 3318 2117 sol-

1723 2155 1871 2211 licite
1896 2154 2143 2226 providet
2165 2152 2358 2221 vinem,
2392 2166 2459 2207 ne
2486 2151 2649 2208 nimis
2675 2151 3005 2218 indurescat,
3031 2168 3101 2208 ne
3135 2152 3322 2210 inber-

1725 2249 1904 2312 betur.
1935 2265 2003 2305 ne
2032 2247 2250 2304 amittat
2277 2258 2489 2318 tempus
2520 2247 2813 2318 putationis
2854 2255 2910 2304 et
2951 2246 3311 2318 reparatiouis

1727 2358 1857 2410 suae,
1891 2343 1964 2398 ita
1995 2341 2110 2413 ipse
2137 2349 2220 2396 est
2249 2356 2279 2395 a
2311 2340 2599 2412 principio,
2639 2350 2698 2395 ut
2722 2339 2794 2394 ita
2825 2338 3033 2410 loquar.
3065 2343 3316 2396 curiosus

1728 2452 1894 2508 super
1924 2434 2219 2492 Ecclesiam
2264 2449 2439 2500 suam,
2467 2449 2536 2490 ne
2569 2432 2734 2488 nimis
2762 2432 3090 2495 indurescat,
3139 2447 3207 2487 ne
3236 2430 3319 2488 vi-

1730 2527 1820 2583 tiis
1848 2536 2176 2597 occupetur,
2222 2540 2292 2580 ne
2333 2524 2548 2579 amittat
2587 2539 2773 2579 curam
2821 2521 3227 2594 praedicationis
3256 2532 3315 2579 et

1727 2616 2187 2675 commouitionis.
2233 2615 2396 2671 Pater
2437 2613 2599 2684 igitur
2643 2613 2875 2669 familias
2900 2612 3041 2668 Deus
3069 2610 3324 2685 intelligi.

1729 2718 1845 2775 tur;
1895 2708 2073 2774 vinea,
2117 2706 2387 2772 Ecclesia;
2437 2705 2692 2776 operarii,
2738 2703 3140 2773 przedieatores,
3203 2703 3321 2762 sive

1728 2799 1954 2870 quilibet
1988 2796 2194 2861 lltleles,
2244 2797 2335 2869 qui
2383 2810 2479 2852 sua
2524 2796 2606 2852 vel
2653 2795 2881 2851 aliorqu
2910 2794 3073 2850 corda
3104 2794 3319 2862 colunt,

1728 2899 1787 2945 ut
1824 2889 1938 2946 Deo
1983 2887 2315 2944 fructiﬁcare
2349 2887 2587 2958 possint;
2627 2887 2797 2952 horas,
2834 2894 3022 2942 aetates
3046 2886 3315 2953 diversa.

1728 2982 1883 3038 Mane
1909 2981 2053 3038 enim
2078 2989 2162 3037 est
2183 2978 2335 3051 quasi
2360 2978 2626 3049 pueritia;
2655 2979 2789 3034 hora
2817 2977 3002 3044 tertia,
3024 2977 3322 3048 juventus;

1729 3082 1902 3138 sexta,
1932 3073 2104 3131 virilis
2135 3081 2298 3139 tetas;
2331 3088 2491 3131 nona.
2522 3080 2813 3137 senectus;
2846 3070 3131 3127 umlecima
3158 3070 3316 3136 hora,

45 3174 318 3239 :arnium,
369 3174 475 3231 nisi
544 3174 700 3231 fortis
751 3175 1086 3231 consuetudo
1138 3173 1439 3247 ingluviei?
1488 3176 1623 3245 Quid

1746 3168 2001 3239 iecrepita
2015 3166 2447 3233 :etas;denarius
2470 3164 2751 3238 prremium
2782 3163 3148 3220 beatitudinis.
3179 3162 3331 3219 Conv

45 3281 135 3323 ter
172 3283 431 3337 pepones,
474 3266 573 3323 nisi
625 3266 852 3322 dulcedo
888 3264 1202 3323 saecularis?
1250 3265 1316 3322 Et
1359 3268 1486 3338 quid
1532 3284 1631 3340 per

46 3356 160 3412 illia
208 3373 330 3430 qua:
359 3356 537 3415 calent
586 3365 643 3413 et
672 3357 860 3423 fetent,
904 3354 1009 3412 nisi
1054 3355 1265 3411 luxuria
1317 3357 1628 3415 denotatur.

45 3452 176 3519 Quid
207 3467 338 3508 vero
364 3461 470 3519 est,
506 3451 703 3507 fratres
733 3450 1059 3516 cbarissimi,
1089 3450 1233 3524 quod
1259 3464 1323 3505 ex
1371 3448 1477 3505 olla
1508 3466 1634 3506 car-

45 3544 185 3601 ιίιιιη
211 3542 418 3613 fumus,
440 3554 495 3602 et
522 3561 588 3602 ex
613 3546 907 3618 peponibns
928 3554 981 3601 et
1000 3544 1163 3611 alliis,
1181 3544 1366 3611 credo,
1392 3553 1446 3600 et
1475 3543 1633 3601 ﬂetus

45 3636 319 3695 culorum
369 3648 707 3712 procreatur,
751 3638 853 3695 nisi
899 3638 1041 3711 quod
1068 3638 1351 3710 ingluvies,
1378 3638 1630 3704 dulcedo,

52 3743 80 3789 ι
127 3733 355 3789 luxuria
414 3731 708 3799 saecularis,
759 3746 887 3789 suos
935 3742 1208 3787 amatores
1254 3731 1320 3786 ad
1371 3730 1633 3802 gehennae

46 3828 193 3879 ‘etus
234 3824 485 3891 trahunt,
536 3834 592 3880 et
630 3824 795 3881 etiam
844 3822 932 3880 hic
983 3824 1284 3879 rzecitatem
1334 3823 1531 3880 mentis
1578 3831 1635 3880 et

45 3916 317 3974 ristitiam
366 3917 631 3989 pariunt?
681 3916 836 3974 Tunc
882 3916 1058 3983 enim,
1111 3924 1168 3973 ut
1216 3916 1480 3973 Dominus
1532 3916 1629 3981 ait,

47 4021 318 4069 maiores
343 4011 528 4069 talium
551 4012 819 4067 mittentur
855 4010 910 4065 in
945 4010 1183 4066 tenebras
1204 4010 1504 4072 exteriores.
1540 4010 1631 4067 ubi

45 4105 118 4160 rit
154 4105 327 4176 ﬂetus
354 4114 405 4162 et
436 4106 633 4161 stridor
661 4104 895 4160 dentium
936 4101 1155 4174 (Matth.
1200 4103 1344 4174 vm),
1391 4111 1448 4158 et
1478 4101 1634 4171 juxta

46 4196 393 4255 lalomonem
440 4212 457 4251 :
504 4193 661 4279 Risus
711 4194 892 4251 dolore
937 4194 1254 4258 miscebitur,
1304 4200 1353 4247 et
1404 4202 1634 4249 extrema

45 4287 217 4342 audii
252 4287 437 4344 luctus
469 4286 744 4356 occupabit
789 4285 973 4357 (Prov.
1003 4286 1141 4358 xw).
1180 4285 1385 4358 Itaque,
1437 4285 1636 4342 fratres

45 4379 379 4445 harissimi,
422 4387 544 4450 post
582 4377 1109 4435 abreuttntiationem
1156 4379 1209 4436 itt
1245 4378 1512 4450 baptismo
1550 4375 1634 4431 fa-

45 4478 194 4535 tam,
247 4486 368 4526 non
418 4472 546 4526 item
592 4470 824 4526 redeatis
862 4470 931 4525 ad
967 4471 1281 4525 servitutem
1329 4467 1550 4535 diaboli,
1579 4476 1637 4524 et

1730 3261 1915 3318 ventio
1931 3262 1989 3317 lit
2004 3277 2069 3317 ex
2085 3260 2310 3317 denario
2331 3260 2552 3323 diurno.
2568 3257 2785 3330 quando
2799 3255 3088 3327 promissio
3100 3254 3159 3310 tit
3185 3254 3324 3313 bene

1680 3361 1684 3365 ‘
1731 3353 2106 3411 laborantilms
2152 3353 2218 3407 de
2253 3349 2604 3407 beatitudinis
2639 3347 2881 3420 praemio.
2936 3344 3317 3409 Sunt‘autem,

1731 3446 1929 3503 fratres
1958 3445 2087 3510 mei,
2134 3444 2293 3515 hujus
2335 3441 2583 3499 lectionis
2618 3447 2803 3512 partes
2833 3436 3091 3509 quinque.
3138 3436 3323 3493 Primo

1730 3537 1874 3594 enim
1911 3538 1966 3591 lit
1995 3535 2184 3591 missio
2206 3532 2579 3603 operariorum
2608 3531 2661 3586 in
2690 3530 2924 3595 vineam,
2973 3528 3210 3584 secundo
3261 3528 3321 3584 ιιι

1734 3630 1787 3688 in
1815 3644 1938 3687 sero
1975 3626 2357 3692 remuneratio,
2389 3625 2549 3681 tertio
2571 3625 2631 3678 tit
2658 3638 2687 3678 a
2717 3620 2908 3691 primis
2938 3619 3315 3686 murmuratio,

1733 3730 1927 3797 quarto
1955 3721 2014 3778 lit
2040 3735 2070 3775 a
2106 3716 2494 3792 patrefamilias
2517 3714 2599 3771 eis
2624 3712 2925 3785 responsio,
2956 3710 3146 3784 quinto
3167 3708 3325 3779 potri-

1735 3828 1826 3874 tur
1851 3811 2149 3873 conclusio.
2197 3810 2365 3883 Igitur
2398 3807 2585 3863 missio
2633 3804 3013 3878 operariorum
3057 3798 3326 3875 primum

1734 3931 1857 3974 cum
1916 3911 2158 3969 dicitur:
2195 3905 2546 3964 Conrentione
2587 3913 2763 3959 autem
2811 3901 2953 3973 facta
2999 3916 3064 3956 ea
3101 3896 3324 3954 denario

1734 4009 1949 4073 diurno,
1992 4001 2134 4059 misit
2165 4016 2254 4056 eos
2286 3999 2341 4053 in
2380 3996 2585 4052 tineam
2630 4009 2804 4049 suam.
2841 3991 2898 4048 In
2941 4006 3068 4063 quo,
3121 3988 3324 4046 fratres

1735 4096 1861 4159 mei.
1899 4093 2231 4169 pensandum
2260 4099 2344 4149 est
2368 4087 2512 4161 quod
2538 4086 2674 4153 illis,
2703 4086 2793 4158 qui
2833 4098 2991 4140 mane
3014 4082 3323 4149 mittuntur,

1737 4193 1797 4249 fit
1823 4207 1893 4249 ex
1930 4189 2152 4247 denario
2176 4187 2388 4241 diurno.
2438 4180 2547 4237 illis
2575 4194 2735 4241 vero,
2761 4179 2852 4250 qui
2882 4175 3325 4233 mittuntnr‘bora

1734 4283 1894 4341 tertia
1919 4280 2002 4338 vel
2030 4288 2204 4341 sexta,
2225 4276 2310 4332 vel
2337 4289 2501 4335 nona.
2549 4286 2654 4326 non
2686 4269 3018 4341 promittitur
3043 4268 3323 4333 denarius,

1737 4378 1829 4433 sed
1853 4383 2059 4432 tantum
2083 4371 2131 4428 ei
2160 4368 2356 4427 dicitur
2383 4383 2399 4422 :
2427 4364 2580 4433 Quod
2594 4364 2800 4433 justum
2822 4358 2979 4431 fuerit
3003 4360 3141 4416 dabo
3159 4357 3321 4415 vobis.

1735 4468 1847 4525 Illis
1870 4476 2050 4522 autem
2077 4461 2167 4534 qni
2197 4459 2479 4516 undecima
2526 4456 2658 4511 hora
2698 4455 3006 4519 mittuntur,
3034 4450 3169 4508 nihil
3197 4464 3324 4521 pro.

45 4563 77 4618 tl
132 4577 404 4618 amorem
452 4562 657 4627 saeculi,
697 4563 823 4633 quia
868 4577 1017 4616 nemo
1060 4562 1270 4615 mittens
1316 4576 1528 4615 manum
1564 4560 1635 4615 ad
1665 4570 1710 4626 Ι)
1740 4561 1995 4624 mittitur,
2038 4557 2130 4613 sed
2161 4555 2533 4622 iucrepantur.
2571 4558 2627 4605 et
2668 4551 2721 4604 in
2762 4548 2974 4603 vineam
3016 4546 3325 4614 mittuntur,

45 4665 307 4719 rutrum,
330 4663 385 4711 et
408 4654 693 4727 respiciens
717 4664 879 4721 retro,
902 4666 1055 4726 aptus
1075 4665 1149 4710 est
1176 4671 1331 4725 regno
1355 4653 1451 4709 Dei
1476 4654 1632 4727 (Luc.
1738 4670 1861 4711 eum
1891 4653 1972 4711 eis
1998 4651 2195 4707 dicitur
2222 4662 2238 4704 :
2272 4646 2345 4704 Ut
2377 4644 2504 4717 quid
2528 4643 2682 4699 statis
2706 4650 2814 4697 tota
2847 4641 2932 4696 die
2953 4640 3105 4696 otiosi
3125 4633 3331 4695 !-Iteel

45 4746 117 4818 l).
187 4745 311 4803 Sed
365 4746 748 4804 obliviscentes
775 4764 838 4803 ea
872 4763 991 4819 qua:
1020 4755 1166 4802 retro
1194 4754 1338 4810 sunt,
1382 4745 1449 4800 ad
1482 4754 1638 4803 aute-
1740 4763 1826 4805 vos
1868 4746 1923 4800 in
1971 4744 2170 4799 tineam
2213 4754 2402 4796 meum.
2443 4735 2509 4792 Et
2552 4748 2722 4804 quare
2767 4732 2892 4798 hoc,
2941 4728 3139 4787 fratres
3177 4727 3330 4787 me”

46 4840 169 4890 Lora
205 4850 319 4894 vos
347 4837 625 4895 cxtendite
653 4835 909 4907 (Philipp.
932 4835 1037 4908 ιιι).
1071 4834 1265 4891 Militia
1304 4844 1378 4889 est
1408 4835 1514 4889 rita
1542 4836 1639 4890 ho-
1740 4840 1885 4910 Quia
1926 4835 2004 4895 illi
2043 4835 2135 4907 qui
2181 4843 2292 4890 tota
2337 4830 2447 4886 vita
2493 4842 2590 4882 sua
2622 4826 2673 4882 in
2714 4840 2878 4897 opere
2910 4821 3002 4880 Dei
3034 4820 3326 4910 desudavit,

45 4926 179 4981 ιίηῖι
222 4945 400 4999 δωρον
426 4937 622 4984 “nam
666 4927 788 4999 (1οὺ
838 4932 963 4996 VII);
1005 4934 1096 4983 et:
1123 4926 1245 4983 Νοη
1278 4925 1638 4992 σονοηαὺὶιιιτ.
1736 4909 1887 5003 juxta
1912 4928 2159 4985 humanm
2187 4920 2411 4981 rationis
2425 4917 2711 4989 judicium,
2735 4916 2957 4987 integra:
2980 4909 3332 4970 beatitudinis

47 5018 119 5073 isi
147 5022 255 5090 qui
295 5021 531 5093 legitime
566 5022 833 5076 certarerit
863 5018 948 5087 (II
979 5017 1115 5074 Tini.
1146 5018 1227 5090 ιι).
1271 5018 1414 5075 Ecce
1450 5033 1642 5075 omues

49 5111 253 5169 uidem
271 5122 537 5179 currunt,
560 5114 655 5169 sed
683 5127 843 5180 unus,
870 5112 885 5167 i
910 5111 960 5167 le
985 5111 1192 5168 scilicet
1217 5111 1366 5169 solus
1380 5112 1471 5184 qui
1504 5111 1647 5166 bene

45 5212 237 5273 urret,
289 5207 531 5279 accipiet
573 5204 838 5261 bravium.
880 5204 969 5261 Sic
1005 5220 1128 5277 ergo
1161 5205 1376 5272 currite,
1411 5214 1467 5260 ut
1496 5220 1640 5261 com-

47 5296 414 5353 rehendatia.
453 5297 522 5354 Et
552 5298 595 5353 si
626 5297 700 5353 illi
723 5297 814 5369 qui
844 5298 909 5353 ad
936 5296 1234 5369 temporale
1278 5296 1523 5352 bravium
1542 5294 1643 5352 εἰς

45 5401 73 5441 e
108 5392 464 5462 expediunt,
512 5400 572 5446 ut
621 5391 1022 5461 eorruptibilem
1062 5404 1317 5446 coronam
1348 5387 1641 5459 accipiant,
1698 5440 1703 5445 ,

46 5479 172 5544 uid,
214 5499 337 5540 nos
379 5484 594 5548 fratres,
633 5485 760 5555 quid
808 5484 986 5540 facere
1015 5484 1295 5549 debemus,
1323 5482 1414 5555 qui
1456 5480 1645 5539 adin-

45 5588 371 5649 orruptam
402 5578 754 5636 festinamus?
784 5578 945 5650 Ergo,
974 5576 1190 5641 fratres,
1221 5576 1265 5631 si
1296 5591 1399 5631 nou
1428 5574 1646 5631 curritis

46 5682 82 5723 a
110 5673 432 5743 expedite,
463 5682 518 5727 ut
553 5671 981 5743 eontemplativi,
1005 5679 1059 5727 et
1088 5669 1160 5725 illi
1190 5669 1282 5741 qui
1313 5667 1489 5724 omnia
1518 5682 1651 5738 proc

45 5771 135 5820 ter
172 5764 380 5823 Deum
426 5765 849 5836 dereliquerunt,
895 5764 1084 5820 saltem
1113 5761 1317 5818 currite
1359 5775 1481 5816 cum
1526 5758 1647 5815 aliis

45 5858 95 5915 ti
130 5861 461 5933 possident
493 5870 750 5931 tanquam
776 5873 881 5915 non
913 5856 1268 5928 possidentes,
1296 5852 1388 5925 qui
1437 5854 1647 5908 nubunt

1742 5020 2024 5077 denarium
2069 5012 2433 5089 promeruisse
2482 5010 2754 5065 videntur.
2805 5007 2906 5076 Qui
2954 5021 3085 5064 vero
3118 5013 3328 5077 partem

1743 5111 1868 5167 vitae
1888 5125 2021 5173 suae,
2055 5109 2107 5165 in
2146 5107 2261 5163 otio
2300 5112 2355 5160 et
2388 5102 2520 5158 vitio
2544 5101 2871 5172 expendunt.
2915 5107 2970 5155 et
3011 5108 3220 5169 partem
3254 5096 3331 5156 ιι

1742 5202 1838 5260 Dei
1863 5200 2103 5261 servitio.
2128 5215 2233 5255 non
2257 5207 2646 5267 usquequaque
2681 5191 2945 5262 integrum
2981 5188 3331 5250 beatitudinis

1743 5294 2023 5353 denarium
2046 5293 2298 5349 videntur
2323 5286 2709 5362 promeruisse.
2743 5285 2845 5353 Qui
2879 5295 3057 5341 autem
3085 5284 3137 5340 in
3167 5282 3329 5339 ﬁnem

1744 5389 1881 5445 bene
1920 5384 2133 5456 operari
2176 5382 2457 5454 incipiunt,
2485 5380 2568 5437 vel
2594 5377 2724 5435 nihil
2755 5393 2888 5449 pron
2906 5376 3116 5434 emisse
3137 5376 3330 5430 vitione

1744 5488 1835 5538 tur
1869 5478 1953 5535 vel
1984 5494 2197 5549 parum.
2244 5476 2304 5530 Et
2333 5489 2541 5539 revera,
2574 5472 2796 5533 fratres,
2823 5469 2868 5524 si
2896 5470 3021 5537 quis
3051 5465 3333 5523 totam'vi-

1748 5580 1856 5627 tam
1887 5585 2043 5626 suam
2075 5569 2127 5625 in
2157 5567 2298 5624 bono
2327 5572 2629 5629 consumat,
2667 5559 2883 5632 dignior
2914 5568 2997 5615 est
3033 5573 3101 5612 eo
3143 5557 3236 5628 qui
3264 5556 3329 5611 .in

1706 5690 1712 5696 ·
1747 5664 1923 5721 media
1950 5664 2084 5729 vita,
2107 5660 2189 5715 vel
2224 5659 2276 5715 in
2316 5658 2422 5713 line
2452 5657 2587 5711 bene
2614 5652 2827 5726 operari
2860 5651 3100 5713 inchoat.
3130 5649 3175 5706 si
3210 5649 3328 5707 fne-

1704 5784 1705 5787 η
1748 5756 1861 5813 rint
1885 5757 2047 5813 ambo
2083 5754 2136 5813 in
2161 5753 2351 5809 eodem
2376 5748 2547 5821 gradu
2574 5745 2855 5803 eharitatis
2873 5754 2931 5801 et
2948 5741 3170 5801 laboris.
3222 5743 3263 5799 ὃ
3295 5741 3331 5800 d

1750 5866 1912 5917 saepe,
1956 5848 2172 5914 fratres.
2219 5842 2505 5916 contingit,
2553 5848 2612 5897 ut
2662 5841 2752 5911 qui
2803 5837 3011 5897 tardius
3058 5835 3330 5905 exierunt,
