3822 6316
489 326 623 390 ΠΜ

1519 299 1864 361 ADDENDA.
1901 327 1970 340 -—
2007 284 2361 352 ιιΑῡυιιηιι
2403 277 2753 344 ARDENTIS
3553 272 3642 332 1768

493 366 515 390 ι
537 366 617 389 tu.

492 460 658 501 meam
683 436 848 499 solus,
879 443 927 488 et
953 446 1054 486 non
1077 425 1296 484 comedit
1326 420 1554 495 pupillus
1581 434 1645 473 ex
1665 434 1725 471 ea
1751 414 1872 485 (Job
1914 409 2085 479 xxix).
2120 413 2166 470 Α
2192 420 2326 462 vero
2366 399 2661 474 Apostolus
2697 396 2903 452 fatetur
2932 402 2990 447 se
3013 384 3226 444 nescire
3251 425 3265 449 ,
3286 397 3345 440 an
3381 366 3674 454 ῐιιενὶιηῐιιιιι1

495 534 721 607 Quando
759 529 924 586 etiam
966 525 1153 579 volunt
1183 521 1348 575 Deum
1380 514 1615 586 indicem
1671 509 1739 564 ad
1773 505 2080 561 misericor-

494 629 642 684 diam
691 622 773 679 sui
819 619 1102 682 inclinare,
1139 612 1314 670 solent
1363 609 1500 664 bona
1535 619 1632 660 sua
1690 613 1970 662 enarrare,
2025 601 2086 650 ut

498 718 802 778 Ezechias:
843 713 1122 772 Memento,
1176 703 1371 775 inquit,
1403 696 1666 770 quomodo
1709 687 2086 778 ambulaverim

500 828 680 869 eorum
722 808 852 864 tein
881 806 1094 860 eeritate
1145 797 1303 869 (Isai.
1354 790 1610 859 xxxvm).
1662 775 1890 856 Quando
1922 782 2086 838 etiam

502 904 680 962 sancti
706 899 1086 971 praedicatores
1115 891 1302 946 volunt
1332 883 1684 959 persuadere,
1707 889 1765 934 ut
1789 878 1890 934 sibi
1915 874 2089 946 magis

504 967 854 1067 acquiescant
923 1002 1086 1059 quam
1141 971 1858 1054 pseudo-prmilicatoribus,
1918 967 2094 1023 solent

507 1104 566 1146 se
596 1083 976 1145 commendare
1010 1087 1065 1133 et
1116 1076 1222 1131 illis
1269 1071 1548 1144 prwferre,
1597 1075 1654 1122 ut
1702 1062 1992 1136 Apostolus
2039 1059 2092 1114 in

508 1181 616 1236 hoc
649 1177 766 1232 loco
793 1192 805 1228 :
860 1170 1215 1228 Commendat
1245 1176 1424 1220 autem
1465 1178 1524 1218 se
1553 1159 1830 1232 apostolus
1881 1156 1933 1211 in
1961 1170 2098 1225 qua-

509 1279 665 1326 tuor.
695 1270 745 1322 in
774 1281 995 1338 genere,
1023 1263 1077 1318 in
1109 1259 1432 1322 ministerio,
1477 1258 1529 1312 in
1565 1250 2005 1312 rerelationibus,
2041 1247 2095 1302 in

509 1362 836 1420 humilitate.
876 1359 933 1413 ln
968 1358 1142 1428 primo
1173 1371 1231 1410 se
1272 1360 1454 1422 mquat
1479 1349 1622 1415 aliis,
1675 1347 1728 1402 in
1757 1343 1997 1400 secundo
2045 1348 2102 1396 et

513 1457 675 1513 tertio
705 1471 761 1510 se
789 1451 1008 1525 praefert
1031 1451 1132 1514 eis,
1166 1447 1218 1502 in
1261 1453 1454 1517 quarto
1493 1456 1550 1498 se
1592 1437 1843 1495 lnnniliat
1886 1435 2006 1490 aliis
2048 1439 2104 1488 et

515 1554 632 1610 sibi.
666 1554 741 1609 De
768 1565 965 1622 genere
1009 1564 1068 1604 se
1098 1541 1461 1603 comrnerulat,
1491 1547 1546 1593 et
1581 1536 1702 1589 aliis
1745 1539 1946 1602 aequat,
1977 1541 2102 1584 cum

516 1649 646 1703 dicit
674 1660 686 1701 :
721 1621 934 1700 Hebrwi
961 1650 1080 1695 sum
1111 1648 1157 1693 et
1183 1653 1298 1708 ego,
1329 1642 1434 1688 etc.
1483 1628 1746 1685 Nobilitas
1778 1635 1833 1679 ct
1863 1621 2107 1694 probitas

515 1749 800 1813 parentum
845 1737 912 1792 ad
941 1734 1070 1790 nihil
1100 1731 1246 1786 aliud
1290 1727 1473 1781 valent
1521 1718 1863 1791 sequacibus,
1907 1716 2104 1769 fratres

521 1833 649 1897 mei,
677 1831 778 1885 nisi
806 1829 871 1883 ad
895 1825 1295 1882 :cmulationetn
1326 1815 1663 1874 imitationis.
1689 1810 1826 1865 l’linc
1854 1817 1940 1862 est
1961 1821 2088 1877 quur

525 1922 734 1993 antiqui
766 1919 1032 1987 imagines
1074 1923 1130 1970 et
1168 1913 1465 1983 probitates
1495 1914 1778 1976 parentum
1816 1898 1990 1955 solent
2016 1896 2112 1950 de-

524 2016 746 2087 pingere
791 2012 856 2065 ad
910 2009 1320 2065 incitamentqu
1356 2001 1584 2054 liliorutu
1631 2003 1687 2050 et
1726 2000 2006 2062 nepotum,
2055 1995 2116 2042 ut

525 2083 714 2163 eos'atl
745 2101 1118 2174 patrizandum
1172 2095 1479 2149 incitarent.
1533 2088 1588 2143 Si
1616 2097 1671 2141 tu
1717 2100 1845 2138 vero
1878 2083 2116 2153 degene-

525 2214 636 2262 ras,
659 2171 829 2267 quare
855 2200 1138 2265 parentum
1172 2197 1386 2242 tnormn
1414 2181 1754 2236 nobilitatem
1773 2177 1969 2247 jactas.
1999 2171 2117 2227 Non

526 2298 583 2348 te
602 2263 777 2359 jurat,
813 2263 905 2341 sed
940 2283 1179 2337 damnat.
1231 2275 1348 2332 Non
1379 2273 1523 2329 enim
1567 2287 1633 2326 cx
1665 2268 1851 2341 probis
1877 2263 2116 2337 parenti-

529 2384 632 2441 bus
653 2379 824 2446 nasci,
854 2375 948 2432 sed
969 2373 1169 2445 probos
1202 2379 1458 2440 parentes
1481 2365 1702 2428 imitari,
1730 2359 1996 2416 laudabile
2018 2365 2120 2412 est.

529 2473 671 2534 lline
699 2481 784 2528 est
819 2471 962 2541 quod
1005 2466 1262 2523 Dominus
1292 2461 1492 2517 Judazis
1541 2455 1835 2513 incredulis
1867 2453 1919 2507 in
1970 2459 2125 2522 patre

532 2567 807 2625 Abraham
840 2559 1214 2633 gloriantibus,
1270 2555 1382 2610 ait:
1445 2552 1504 2609 Si
1545 2550 1646 2620 ﬁlii
1697 2547 1922 2602 Abralne
1977 2542 2124 2606 estis,

533 2673 692 2729 opera
733 2654 960 2710 Abrahae
1004 2652 1180 2721 facile.
1226 2647 1325 2702 Vos
1369 2661 1433 2701 ea:
1472 2654 1619 2713 patre
1655 2638 1862 2694 diabolo
1888 2636 2032 2702 estis,
2076 2639 2127 2688 et

535 2725 796 2805 desideria
823 2745 992 2818 patris
1039 2742 1193 2798 vestri
1239 2739 1393 2796 cultis
1447 2736 1621 2806 facere
1666 2731 1850 2802 (Joan.
1881 2729 2019 2794 vui).
2055 2725 2130 2781 De

537 2817 844 2898 ministerio
895 2851 954 2891 se
1011 2834 1135 2890 aliis
1184 2830 1420 2904 prmfert,
1475 2842 1598 2883 cum
1655 2824 1830 2878 dicit:
1893 2817 2130 2876 Ministri

541 2931 739 2987 Christi
762 2937 944 2984 suntet
968 2943 1084 2998 ego,
1111 2935 1167 2979 ut
1204 2925 1378 2979 minus
1405 2921 1613 2991 sapiens
1643 2917 1842 2979 dicant,
1867 2913 1984 2984 plus
2013 2927 2130 2982 ego.

540 3027 621 3081 Ac
643 3025 687 3079 si
715 3024 917 3078 diceret
943 3037 958 3076 :
993 3020 1048 3075 In
1081 3021 1207 3084 hoc,
1240 3017 1382 3089 quod
1409 3029 1495 3070 me
1517 3012 1637 3067 aliis
1667 3009 1919 3083 prasfcro,
1940 3006 2132 3076 loquor

543 3122 607 3168 ut
656 3113 834 3168 minus
868 3110 1106 3182 sapiens,
1159 3106 1415 3179 quoniam
1449 3105 1628 3159 minus
1669 3101 1885 3172 sapiens
1920 3097 2135 3168 sapien-
2164 3124 2210 3188 ο

544 3207 705 3273 tium,
754 3213 838 3261 est
869 3221 927 3260 se
960 3203 1080 3259 aliis
1113 3201 1391 3273 praeferre.
1443 3196 1596 3254 Unde
1638 3204 1694 3251 et
1743 3203 1928 3266 postea
1959 3193 2130 3247 dicit:

547 3297 596 3355 1⁷
599 3312 744 3354 astus
769 3314 887 3353 sum
910 3297 1156 3365 insipiens
1181 3309 1198 3347 :
1227 3311 1312 3350 eos
1340 3308 1418 3346 me
1442 3289 1705 3360 coegistis.
1731 3285 1846 3342 Non
1872 3295 2054 3340 tamen
2081 3285 2134 3340 in

545 3390 650 3446 hoc
672 3391 813 3462 quod
847 3404 905 3445 se
928 3389 1046 3444 aliis
1062 3386 1410 3458 prmferchat,
1446 3381 1706 3452 insipiens
1727 3388 1865 3445 erat,
1887 3377 2010 3447 quia
2031 3391 2136 3431 non

549 3486 617 3541 ad
636 3485 977 3555 jactautiam,
1000 3482 1095 3537 sed
1122 3481 1191 3536 oh
1222 3478 1514 3534 utilitatem
1533 3472 1872 3530 subditorum
1889 3469 1990 3524 hoc
2010 3479 2140 3524 rere

550 3589 607 3636 et
628 3579 901 3650 sapienter
924 3575 1176 3631 faciebat.
1208 3572 1262 3628 lu
1289 3570 1498 3626 duobus
1528 3576 1706 3624 autem
1738 3566 1929 3638 probat
1949 3580 2005 3620 se
2021 3563 2142 3634 plus

551 3674 763 3731 caeteris
787 3671 1094 3730 ministrum
1118 3665 1318 3724 Christi
1349 3680 1490 3731 esse,
1523 3664 1645 3733 quia
1673 3660 1793 3734 plus
1820 3659 2065 3730 sequitur
2087 3664 2142 3712 et

554 3769 801 3825 imitatur
829 3785 952 3825 eum
985 3767 1038 3822 in
1066 3763 1324 3822 exteriori
1369 3761 1637 3833 passione,
1669 3758 1806 3814 utin
1839 3755 2140 3820 laboribus,

557 3862 613 3918 in
643 3861 1028 3917 alllictiuuibus
1051 3900 1066 3926 ,
1094 3860 1147 3914 in
1173 3856 1429 3929 periculis
1466 3895 1480 3919 ,
1513 3863 1569 3910 et
1601 3850 1844 3908 interiori
1897 3863 2145 3919 compas-

559 3953 733 4020 sione,
763 3953 902 4008 utin
933 3949 1297 4006 sollicitudine
1345 3946 1588 4002 omnium
1631 3942 2022 3999 Ecelcsiarum.
2082 3938 2150 3994 Et

560 4046 684 4116 quia
715 4046 1025 4099 iullrmatur
1057 4057 1180 4098 cum
1239 4040 1455 4094 inlirruo
1479 4079 1495 4105 ,
1546 4037 1724 4091 uritur
1745 4050 1867 4090 cum
1922 4031 2150 4088 scanda-

560 4138 749 4195 lizato.
784 4139 908 4194 llaec
939 4145 1166 4209 pensent
1199 4133 1409 4206 prtclati
1453 4131 1708 4187 Ecclesia:
1759 4127 1850 4198 qui
1883 4124 2153 4181 extollun-

565 4242 651 4288 tur
670 4242 725 4288 et
776 4231 1077 4304 gloriantur
1128 4229 1194 4283 de
1226 4226 1528 4282 ministerio
1580 4221 1828 4287 Christi,
1873 4219 1997 4290 quia
2027 4224 2155 4272 sunt

565 4325 896 4391 sacerd0tes,
921 4321 1187 4394 episcopi,
1213 4327 1268 4373 et
1298 4317 1618 4388 populorum
1645 4311 1911 4382 magistri.
1943 4309 1999 4364 Si
2029 4317 2157 4364 sunt

564 4430 695 4474 vere
737 4414 968 4471 lllllllsll‘l
1013 4413 1249 4477 Christi,
1283 4410 1566 4465 imitentur
1595 4422 1717 4463 eum
1748 4445 1762 4470 ,
1797 4402 1980 4458 nonin
2012 4401 2154 4456 divi-

568 4507 658 4563 tiis
704 4517 758 4563 et
783 4505 1010 4569 deliciis,
1038 4520 1144 4561 non
1171 4503 1225 4558 in
1262 4516 1456 4572 pompa
1490 4509 1546 4555 et
1568 4496 1863 4554 arubitionc
1889 4492 2156 4559 saeculari,

572 4616 695 4673 qua:
720 4601 971 4657 Christus
1018 4613 1233 4670 semper
1275 4597 1576 4652 detestatus
1629 4599 1733 4646 est.
1773 4588 1879 4644 Sed
1905 4585 1956 4642 in
1989 4587 2069 4641 eis
2106 4585 2159 4639 iu

574 4695 768 4767 quibus
801 4694 1045 4750 imitatur
1082 4708 1206 4747 eum
1236 4688 1470 4754 Paulus,
1501 4687 1552 4742 iu
1585 4684 1838 4755 passione
1863 4679 2119 4735 exteriori
2143 4716 2157 4742 ,

575 4787 629 4844 in
658 4785 954 4849 laboribus,
988 4779 1457 4843 inalllictiouibus,
1483 4777 1537 4833 in
1557 4775 1806 4844 jejuuiis,
1828 4774 1881 4828 itt
1907 4772 2164 4827 Ecclesia:

575 4874 1065 4948 persecutiouibus.
1110 4873 1230 4927 Sitit
1265 4869 1482 4926 solliciti
1522 4881 1618 4938 pro
1646 4863 1937 4931 Ecclesiis,
1962 4873 2020 4919 nt
2058 4879 2163 4918 non

578 4982 672 5025 eas
705 4964 1038 5038 exspolieut,
1070 4964 1161 5018 sed
1195 4972 1252 5017 ut
1301 4977 1394 5017 eas
1446 4959 1714 5015 instruant
1748 4967 1802 5014 et
1828 4964 2162 5029 supportent.

580 5060 828 5132 Lugeaut
879 5072 1004 5112 cum
1044 5054 1391 5126 lugentibus,
1437 5053 1706 5127 gaudeant
1754 5069 1877 5107 Cllltt
1930 5051 2167 5122 gauden-

587 5156 751 5212 tibus.
784 5152 1129 5206 iulirrucntur
1185 5162 1304 5200 cum
1344 5148 1776 5213 inlirmantibus,
1824 5147 1956 5202 fiant
1986 5143 2170 5199 omnia

583 5248 859 5303 oinuihus.
901 5245 974 5299 De
1020 5240 1443 5298 rerelatiouibus
1485 5256 1544 5296 se
1566 5241 1912 5296 commendat
1939 5238 2172 5310 Aposto-

586 5339 690 5405 lus,
723 5353 844 5394 cum
895 5338 971 5391 ait
1013 5352 1073 5393 se
1124 5345 1335 5408 raptum
1369 5351 1540 5406 usque
1566 5335 1632 5388 ad
1681 5335 1900 5390 tertium
1951 5331 2170 5388 cmlum.

588 5429 728 5487 Hine
772 5429 981 5484 discant
1041 5439 1288 5500 pastores
1339 5427 1599 5483 Ecclesia:
1647 5426 1762 5494 rapi
1790 5424 2057 5480 desiderio
2106 5422 2174 5478 ad

588 5521 829 5578 cmlestia
860 5565 875 5587 ,
921 5532 975 5577 et
1001 5537 1063 5577 ea
1111 5536 1206 5593 per
1235 5519 1520 5575 lectionem
1573 5525 1630 5572 et
1661 5515 2174 5586 contemplationem

589 5616 864 5681 meditari,
901 5627 959 5671 ut
992 5617 1102 5673 sint
1125 5615 1271 5685 digni
1305 5615 1483 5670 vocari
1504 5613 1604 5668 viri
1632 5609 2026 5668 desideriorum
2053 5625 2176 5665 cum

591 5706 834 5774 Daniele,
861 5717 1132 5780 quatenus
1177 5705 1439 5761 Dominus
1467 5705 1674 5775 aperiat
1724 5702 1804 5758 eis
1833 5710 2042 5757 secreta
2094 5713 2181 5755 sa-

591 5799 808 5872 pientia:
838 5814 970 5865 suae,
999 5797 1066 5854 ad
1099 5811 1250 5852 suam
1300 5804 1353 5852 ct
1399 5793 1629 5849 aliorum
1683 5791 1993 5847 utilitatem.
2027 5787 2179 5858 Quod

2189 499 2243 553 in
2273 509 2506 568 corpore
2533 502 2588 548 et
2616 490 2798 545 anima
2832 481 3020 547 simul,
3053 496 3122 536 an
3164 486 3306 535 extra
3340 479 3645 547 corpus,anima

2190 567 2406 646 scilicet
2435 591 2737 656 assumpta.
2792 579 2906 635 Hoc
2954 575 3156 632 fratres
3180 611 3196 637 ,
3244 577 3408 626 contra
3443 567 3650 624 illostrro-

2190 697 2327 739 neos
2358 688 2467 742 est,
2498 679 2591 749 qui
2627 674 2901 732 afﬁrmant
2929 684 2989 726 se
3014 668 3065 723 in
3114 680 3216 720 una
3249 671 3386 717 nocte
3408 661 3652 730 corporaliter

2192 773 2396 827 multas
2427 769 2680 839 regiones
2710 775 3074 822 transmeare,
3101 754 3426 813 manducare,
3447 761 3491 806 et
3517 753 3656 820 littere,

2193 874 2247 922 et
2277 871 2400 935 post
2428 873 2699 918 remeare.
2732 856 2865 913 Cum
2892 850 3188 923 Apostolus
3218 845 3402 916 Spiritu
3430 844 3660 913 sanctople.

2196 934 2301 1011 nus
2350 954 2496 1010 dicat
2553 967 2613 1006 se
2667 949 2890 1005 nescire
2949 938 3223 1015 quomodo
3270 935 3321 991 in
3352 934 3512 990 CtBltlm
3543 945 3663 1005 rapuit

2199 1047 2388 1113 fuerit,
2421 1045 2562 1100 idem
2596 1042 2664 1098 de
2689 1038 2995 1097 humilitate
3015 1051 3074 1091 se
3105 1030 3425 1088 commendat
3444 1067 3456 1090 ,
3479 1043 3569 1082 cum
3591 1029 3666 1082 ait:

2202 1139 2267 1194 Et
2295 1156 2356 1193 ne
2402 1136 2714 1208 magnitudo
2745 1129 3116 1187 revelationum
3148 1121 3352 1179 extollat
3378 1136 3473 1184 me,
3496 1120 3670 1174 deterat

2202 1232 2328 1286 milii
2352 1229 2595 1284 stimulus
2617 1226 2791 1281 carnis
2808 1239 2934 1278 mea:
2957 1219 3176 1291 angelus
3206 1215 3403 1272 Salaria:
3415 1213 3488 1283 qui
3508 1228 3566 1266 nte
3583 1210 3673 1265 cola-

2203 1324 2396 1394 phiset,
2424 1329 2534 1377 etc.
2559 1319 2696 1375 Ecce
2726 1317 2921 1372 fratres
2951 1312 3078 1378 mei,
3104 1326 3228 1367 cum
3261 1316 3333 1361 tot
3358 1318 3404 1360 et
3429 1303 3677 1358 tantisrirtn-

2208 1416 2351 1470 tibus
2368 1413 2690 1470 sublimatus
2720 1417 2865 1464 esset
2895 1404 3190 1476 Apostolus
3213 1441 3229 1465 ,
3248 1399 3311 1455 ad
3326 1396 3678 1454 conservationem

2209 1506 2535 1564 humilitatis
2562 1545 2576 1569 ,
2615 1504 2778 1558 datus
2809 1515 2892 1554 est
2922 1498 2973 1554 ei
3005 1512 3036 1551 ι
3087 1497 3195 1549 Deo
3217 1491 3446 1548 stimulus
3469 1490 3682 1555 cannis,ct

2209 1600 2434 1673 angelus
2477 1601 2695 1654 Satanae
2743 1592 2812 1649 ad
2864 1587 3278 1661 inquietaudum
3316 1593 3366 1639 et
3406 1581 3683 1637 hutuiliandum

2211 1711 2356 1752 eum.
2391 1693 2610 1750 Etcum
2643 1697 2859 1762 rogaret
2887 1685 3037 1740 illum
3073 1697 3102 1737 a
3152 1696 3210 1736 se
3245 1677 3485 1734 removeri
3513 1716 3524 1739 ,
3553 1675 3686 1728 dictum

2216 1799 2300 1848 est
2324 1788 2372 1846 ei
2403 1803 2433 1841 α
2475 1785 2703 1840 Doruino
2737 1799 2750 1836 :
2787 1779 3005 1850 Sufﬁcit
3049 1775 3142 1830 tibi
3172 1773 3341 1844 gratia
3374 1786 3502 1833 mea;
3524 1768 3689 1820 namrir-

2217 1895 2302 1939 tus
2330 1885 2383 1937 in
2412 1879 2720 1950 inﬁrmitate
2741 1873 3036 1946 perﬁcitur.
3067 1865 3374 1938 Magnitudo
3398 1862 3517 1918 enim
3551 1859 3690 1913 rirtutit

2218 1973 2356 2030 solet
2379 1970 2695 2042 superbire,
2725 1965 2825 2021 nisi
2857 1966 3190 2031 temperetur
3210 1972 3280 2012 ex
3310 1954 3587 2010 humilitate.
3611 1951 3692 2016 Qua

2221 2066 2505 2123 humilitas
2557 2069 2706 2115 tanta
2744 2057 2845 2112 fuit
2874 2056 2926 2110 in
2977 2051 3186 2115 Paulo,
3262 2058 3319 2102 ut
3365 2055 3525 2102 contra
3564 2058 3693 2096 morem

2222 2159 2507 2218 hominum
2561 2151 2952 2217 saecularium,
3005 2149 3147 2203 bona
3192 2160 3293 2201 sua
3350 2143 3434 2196 vix
3472 2149 3517 2195 et
3556 2150 3698 2194 coactus

2223 2260 2529 2311 enarraret.
2561 2247 2912 2305 infirmitates
2949 2256 3081 2296 vero
3109 2255 3242 2294 suas
3288 2235 3503 2307 gaudens
3531 2232 3698 2303 aperiret

2228 2347 2474 2402 Libenter
2502 2341 2773 2414 gloriabor
2799 2379 2812 2402 ,
2845 2335 3041 2407 inquit,
3072 2335 3126 2388 in
3159 2325 3704 2400 inﬁrmitatiburmdmt

2227 2440 2478 2494 inhabitet
2529 2438 2583 2490 in
2611 2451 2692 2488 me
2716 2432 2880 2487 virtus
2909 2428 3130 2482 Christi.
3175 2425 3348 2481 Nemo
3377 2422 3518 2490 igitur
3542 2457 3554 2482 ,
3579 2416 3705 2469 fratres

2229 2530 2370 2595 mei,
2417 2543 2576 2583 nemo
2616 2534 2862 2581 nostrunt
2894 2519 3247 2596 inﬁrmitates
3277 2556 3292 2577 .
3327 2514 3547 2574 labores,
3571 2506 3708 2562 etimi-

2232 2624 2437 2680 ctiones
2463 2623 2652 2693 fugiat,
2681 2619 2764 2674 vel
2792 2634 2820 2670 a
2849 2632 2907 2672 se
2933 2610 3201 2670 removeri
3231 2611 3492 2678 deposcat,
3512 2601 3606 2671 quia
3625 2596 3708 2668 quod

2233 2714 2479 2770 caminus
2535 2727 2669 2767 auro
2702 2749 2718 2774 ,
2747 2708 2892 2779 quod
2941 2706 3068 2760 lima
3105 2703 3283 2764 ferro,
3329 2699 3459 2767 quod
3489 2692 3582 2764 gelu
3619 2699 3712 2750 sate,

2232 2808 2336 2864 hoc
2363 2807 2578 2862 confert
2633 2802 2907 2859 tribulatio
2962 2799 3133 2869 justo.
3187 2792 3372 2861 Quid?
3403 2790 3532 2844 Illum
3560 2791 3714 2855 purgat,

2234 2901 2420 2956 elimat
2452 2939 2466 2963 ,
2525 2897 2886 2969 splendilicat.
2919 2890 3075 2946 Unde
3121 2886 3332 2950 David,
3364 2884 3436 2938 Da
3459 2877 3717 2947 miltiittquit.

2237 2992 2501 3048 auxilium
2535 2991 2596 3044 de
2640 2986 2977 3041 tribulatione
3032 2980 3212 3053 (Psal.
3245 2978 3382 3044 ιιι),
3426 2974 3471 3029 id
3508 2983 3576 3027 est
3612 2969 3719 3022 trita-

2242 3087 2500 3144 lationem
2536 3081 2623 3136 fac
2664 3079 2794 3136 mihi
2842 3079 2896 3133 in
2935 3075 3198 3131 auxilium
3257 3068 3544 3143 provenire.
3577 3063 3727 3121 Oremus

2248 3179 2435 3250 itaque
2467 3173 2678 3232 fidelem
2723 3171 3026 3225 animarum
3061 3166 3465 3240 puriﬁcaterem
3487 3202 3499 3226 ,
3527 3170 3570 3212 ut
3593 3158 3726 3211 lectius

2241 3277 2482 3342 purget,
2534 3282 2632 3321 nos
2667 3264 2918 3336 purilicet
2949 3301 2965 3328 ,
2994 3273 3062 3315 ne
3093 3260 3145 3313 in
3180 3258 3372 3312 futuro
3399 3297 3414 3320 ,
3438 3255 3485 3308 in
3521 3254 3729 3305 lurorcsrto

2244 3369 2439 3434 arguat
2476 3376 2610 3424 nos,
2644 3374 2712 3414 ne
2737 3358 2797 3412 in
2833 3357 2908 3411 ira
2943 3371 3038 3411 sua
3080 3351 3358 3423 corripiat
3385 3363 3492 3409 nos,
3519 3345 3591 3398 sed
3614 3340 3728 3393 statim

2246 3463 2513 3510 exeuntes
2560 3452 2627 3506 de
2653 3448 2923 3520 corporali
2977 3447 3199 3502 miseria
3229 3485 3246 3510 ,
3285 3458 3384 3500 nos
3431 3441 3478 3495 in
3521 3438 3731 3492 thesaurum

2243 3563 2398 3603 suum
2424 3545 2653 3616 recipiat
2699 3544 2841 3598 Deus
2871 3549 2926 3597 et
2956 3539 3223 3596 Dominus
3253 3545 3437 3592 noster
3461 3537 3537 3602 qui
3563 3529 3602 3583 in
3623 3523 3733 3580 Trini-

2249 3647 2360 3694 tate
2387 3614 2625 3709 perfecta
2655 3633 2789 3689 vivit
2818 3642 2874 3688 et
2905 3640 3095 3703 regnat
3117 3631 3292 3696 Deus,
3325 3641 3419 3698 per
3439 3620 3589 3679 omnia
3615 3614 3735 3673 sartula

2248 3729 2586 3786 saeculorum.
2613 3729 2802 3782 Amen.

2790 3815 3072 3876 llOMlLlA
3114 3812 3321 3868 XXIX.

2671 3929 2931 3970 DOIINICA
2983 3925 3033 3965 ιιι
3084 3919 3442 3964 δειλαεειιιι.

2325 4012 2456 4067 Cum
2492 4008 2646 4064 turba
2682 4007 2913 4078 plurima
2955 4003 3300 4058 convenirent
3330 4039 3347 4066 ,
3393 3995 3518 4052 etde
3549 3986 3744 4047 cuitali-ia

2251 4113 2590 4177 properarent
2618 4103 2687 4156 ad
2711 4098 2918 4162 Iesum,
2948 4097 3082 4150 dixit
3113 4112 3208 4166 per
3239 4091 3607 4149 similitudinem
3628 4101 3640 4137 :
3662 4081 3743 4133 Eas

2255 4201 2345 4271 qui
2374 4199 2596 4253 seminat
2618 4194 2884 4249 seminare
2905 4207 3079 4246 semen
3109 4205 3271 4244 suum
3305 4185 3457 4253 (Luc.
3478 4189 3598 4240 riu).
3621 4186 3659 4230 et
3677 4169 3746 4224 reii-

2257 4305 2385 4360 qna.
2427 4286 2686 4343 Dominus
2707 4294 2761 4339 et
2789 4283 3116 4354 llcdemptor
3141 4287 3361 4343 noster,
3387 4275 3564 4330 fratres
3585 4262 3748 4323 charis;-

2263 4381 2362 4446 ltti,
2389 4395 2486 4450 per
2517 4380 2698 4434 omnia
2733 4392 2831 4431 nos
2861 4375 3156 4436 instruens,
3191 4381 3254 4426 ut
3281 4385 3342 4426 se
3370 4378 3588 4440 persche
3611 4361 3747 4427 ﬁgurate

2189 4500 2233 4555 D
2263 4474 2408 4543 loqui
2447 4476 2851 4527 ίίθηῖοηδιτετει
2879 4509 2895 4534 .
2945 4475 3200 4538 exposur'.
3228 4461 3538 4534 parabolam
3565 4457 3749 4508 islantpiét
3776 4497 3777 4504 η

2265 4572 2317 4626 in
2349 4566 2645 4641 parabolis,
2673 4581 2810 4636 quas
2833 4578 2927 4634 per
2948 4577 3007 4616 se
3038 4576 3143 4616 non
3169 4558 3500 4629 exponebat,
3527 4545 3750 4620 signium

2263 4662 2600 4735 spiritualetu
2630 4655 3040 4727 intelligentiam
3065 4652 3326 4708 similiter
3348 4663 3466 4705 esse
3494 4639 3749 4715 (ιιιίιδιτηείέῖέι

2263 4759 2356 4815 Εει
2382 4758 2566 4829 igitur.
2590 4763 2649 4808 υι
2673 4753 2785 4824 ipse
2803 4725 2904 4816 ait,
2934 4763 3117 4804 semen
3149 4744 3388 4800 verbum
3421 4739 3529 4802 Dei,
3550 4738 3740 4805 agetur-ﬁ:
3776 4725 3777 4774 Ῐ

2265 4854 2394 4917 dus,
2425 4849 2724 4906 seminator
2744 4847 2998 4902 Christus
3028 4883 3042 4905 ,
3073 4841 3164 4910 qui
3218 4840 3289 4894 de
3323 4839 3445 4892 sinu
3488 4829 3634 4888 Patris
3654 4819 3753 4874 etut.

2265 4954 2324 4998 ut
2356 4958 2539 4999 semen
2591 4940 2816 4994 verbum
2859 4936 2950 4991 Dei
2985 4935 3083 4989 hoc
3110 4932 3165 4987 in
3207 4928 3423 4985 mundo
3453 4911 3777 4982 sentinam.“

2268 5039 2434 5096 etiam
2461 5035 2694 5108 quilibet
2722 5032 3046 5104 praedicator
3065 5067 3082 5088 ,
3113 5026 3204 5097 qui
3225 5022 3529 5079 secundum
3572 5025 3685 5067 suum

2272 5132 2456 5187 dulum
2482 5131 2546 5185 de
2568 5134 2777 5183 secreto
2799 5120 3274 5191 contemplationis
3296 5132 3413 5172 suae
3436 5113 3499 5168 ad
3517 5100 3754 5164 crudicui-ra
3776 5100 3777 5176 1

2275 5224 2526 5292 homines
2553 5192 2916 5276 debet'exire.
2953 5214 3062 5270 Sed
3090 5210 3383 5267 hominum
3417 5247 3431 5271 ,
3473 5202 3639 5273 quibus
3657 5196 3756 5282 δείξει

2277 5316 2500 5372 verbum
2535 5313 2624 5368 Dei
2654 5309 2975 5384 proponitur
3002 5347 3017 5373 ,
3051 5307 3230 5361 inultze
3286 5299 3503 5372 species
3552 5295 3663 5346 sint.
3691 5279 3755 5384 ﬁt:

2288 5365 2499 5372 ""‘“"‘
2536 5365 2673 5384 _"s
2753 5365 2768 5381 ι
3004 5365 3015 5373 ,
3320 5365 3334 5372 _
3735 5369 3740 5374 ‘

2280 5411 2496 5482 quidem
2535 5418 2662 5461 sunt
2681 5447 2696 5473 ,
2722 5404 2814 5476 qui
2843 5419 2944 5458 nec
2974 5410 3029 5455 et
3071 5398 3197 5454 illud
3226 5395 3434 5449 audire
3461 5388 3647 5442 volunt.
3669 5385 3702 5427 ut
3727 5365 3758 5417 iii

2277 5504 2474 5574 quibus
2491 5465 2756 5556 Dominus
2776 5496 2887 5551 ait:
2924 5495 3029 5561 Qui
3055 5509 3119 5547 ex
3145 5490 3247 5545 Deo
3279 5498 3386 5552 est,
3406 5484 3549 5540 verba
3573 5476 3642 5532 Dei
3655 5465 3740 5558 ςῖέέ

2279 5608 2552 5668 propterea
2599 5611 2686 5650 eos
2741 5610 2844 5647 non
2904 5589 3100 5644 auditis
3129 5628 3144 5653 ,
3198 5585 3332 5654 quia
3377 5599 3443 5636 ex
3469 5580 3568 5632 Deo
3595 5589 3667 5626 non
3698 5571 3756 5613 ίεέε

2282 5658 2465 5763 lJtiair.
2498 5691 2616 5758 vni)
2643 5707 2656 5742 :
2688 5687 2753 5743 Et
2780 5685 3054 5757 Propheta
3086 5677 3402 5736 li'utorillis
3425 5669 3667 5730 secundum
3687 5658 3758 5707 ιὲιιί

2284 5783 2560 5838 litudinem
2586 5783 2834 5854 serpentis
2853 5820 2869 5845 ,
2899 5781 3034 5834 sicut
3085 5775 3285 5847 aspidis
3310 5773 3492 5826 surda:
3517 5777 3557 5821 et
3584 5757 3760 5815 atterit"

3776 4895 3777 4918 1

3753 4931 3777 4947 ,i

3776 4963 3777 4970 1

3776 5003 3777 5014 1

3753 5025 3777 5042 ’1

3776 5049 3777 5058 1

3776 5061 3777 5082 1

3776 5087 3777 5110 1

3753 5117 3777 5158 11

3776 5165 3777 5176 1

3753 5310 3755 5321 t

3753 5673 3758 5687 I
