3814 6346
47 486 74 542 Ι
93 486 189 542 769

820 477 1128 538 HOMILUE
1167 477 1233 535 IN
1273 475 1492 534 eetsr.
1529 462 1628 531 ET
1658 465 1908 532 ΕνΑΝϐ.
1940 475 2340 535 DOMlNlC.—-
2367 475 2544 532 PARS
2570 477 2608 532 l.

3180 481 3319 540 {710

38 618 333 657 auruum
361 641 376 666 ,
407 618 524 674 quae
567 617 672 656 non
735 601 979 655 exaudiet
1019 616 1190 655 vocem
1231 598 1619 654 incantantium
1649 594 1694 652 A
1721 593 2160 666 exstirpationcs,
2189 595 2460 649 arationes
2483 634 2498 659 ,
2533 593 2704 663 frigus
2751 605 2806 651 et
2841 596 3051 654 calores
3080 638 3095 664 ,
3119 596 3314 656 fructi-

38 691 216 764 (Psal.
244 694 391 764 ινιι).
452 693 615 762 Aspis
659 706 884 762 serpens
917 700 1002 748 est
1028 691 1338 748 incurabilis
1376 689 1564 746 veneni
1596 729 1612 754 ,

34 801 161 856 quae
195 801 259 843 ne
285 786 468 840 audiat
518 785 914 841 incantationes
940 825 956 849 ,
1009 784 1236 840 alteram
1283 799 1472 839 aurem
1499 781 1616 836 alli-

37 881 168 936 dere
195 887 385 944 terrae,
436 877 703 948 reliquam
739 878 1002 931 nbtnrarc
1049 878 1216 931 cauda
1271 876 1612 946 perhibetur.

35 970 195 1026 Tales
221 978 343 1026 sunt
371 969 621 1026 homines
661 967 880 1036 quidam
916 967 1228 1022 incurabilis
1261 965 1497 1028 malitiae,
1522 965 1616 1035 qui

32 1075 194 1118 aures
244 1059 546 1116 intellectus
586 1059 669 1113 sui
700 1057 957 1113 obturant
989 1097 1003 1122 ,
1035 1057 1166 1113 hinc
1221 1070 1406 1110 amore
1445 1066 1616 1110 terre-

28 1170 221 1208 norum
251 1196 269 1222 ,
315 1153 440 1210 binc
498 1168 685 1208 amore
734 1151 1056 1223 posterioris
1093 1150 1264 1220 partis
1289 1165 1420 1215 suae,
1452 1149 1503 1204 id
1530 1156 1615 1206 est

27 1246 234 1307 carnis.
275 1261 340 1302 ne
368 1246 592 1301 verbum
626 1244 722 1300 Dei
778 1246 968 1301 audire
1006 1244 1190 1300 velint.
1234 1243 1452 1299 Illorum
1479 1259 1613 1300 vero

19 1338 106 1404 qui
139 1337 360 1392 audiunt
391 1346 620 1407 quatuor
671 1337 884 1408 species
915 1347 1059 1392 sunt.
1094 1335 1228 1392 Nam
1269 1336 1359 1392 alii
1403 1337 1455 1392 in
1493 1348 1615 1392 tan-

17 1438 132 1483 tum
184 1429 408 1486 audiunt
450 1431 674 1486 verbum
727 1430 858 1497 Dei,
902 1440 960 1485 ut
994 1446 1092 1485 nec
1129 1429 1246 1500 ejus
1285 1445 1480 1502 sapore
1525 1429 1612 1486 vel

13 1537 184 1591 opere
215 1523 570 1588 delectantur,
595 1523 686 1594 qui
715 1523 853 1580 bene
882 1523 1262 1596 significantur
1285 1541 1382 1596 per
1406 1535 1608 1581 terram

13 1630 189 1672 secus
216 1617 356 1674 viam
389 1616 532 1672 nulla
565 1632 694 1687 sepe
728 1617 968 1673 clausam
998 1657 1014 1683 ,
1046 1617 1136 1674 tibi
1168 1633 1352 1674 semen
1384 1618 1607 1674 concul-

13 1717 212 1772 :atur,
245 1715 304 1761 et
353 1707 420 1762 ab
445 1707 634 1763 avibus
685 1709 948 1764 aufertur.
1007 1707 1180 1766 Corda
1227 1711 1371 1766 enim
1421 1710 1608 1768 talium

17 1797 204 1853 lausa
226 1815 330 1855 non
349 1809 499 1866 sunt,
521 1801 616 1857 sed
640 1801 883 1856 onmium
909 1801 1298 1858 tcntationibus
1321 1803 1606 1873 spirituum

13 1899 236 1945 tatent.
272 1888 426 1947 Venit
451 1893 676 1962 Spiritus
698 1892 958 1959 luxuriae,
985 1909 1090 1948 nou
1120 1893 1436 1964 prohibetur
1464 1935 1480 1963 ,
1511 1897 1608 1951 sed

1723 689 1888 744 licare
1918 705 2022 744 non
2072 699 2270 762 potest.
2302 689 2378 744 Ita
2410 690 2512 744 nisi
2546 690 2708 744 homo
2755 690 3026 760 patienter
3053 696 3314 766 exstirpet

1720 797 1750 836 a
1784 797 1844 838 se
1866 783 2049 852 spinas
2071 793 2125 838 et
2164 782 2393 838 tribulos
2449 783 2705 838 vitiorum
2730 824 2745 849 ,
2769 784 2872 839 nisi
2906 786 3161 843 duritiam
3187 805 3311 846 cor-

1720 874 1805 929 dis
1834 884 1973 939 aret,
2008 890 2229 930 vomere
2252 874 2584 945 poenitentia:
2621 887 2674 932 et
2703 879 3136 948 compunctionis
3162 922 3175 946 ,
3209 883 3311 943 nisi

1721 967 1990 1022 maceries
2042 968 2225 1022 carnis
2272 965 2594 1022 alllictiones
2645 979 2696 1024 et
2747 970 3156 1038 persecutiones
3212 963 3340 1046 pa-I

1721 1056 1918 1112 tienter
1941 1068 2120 1130 portet
2152 1099 2167 1124 ,
2201 1059 2426 1113 verbum
2461 1059 2554 1116 Dei
2605 1059 2656 1114 in
2708 1075 2773 1115 eo
2820 1061 3154 1118 fructificare
3205 1083 3308 1121 non

1719 1159 1920 1220 potest.
1959 1149 2238 1206 Semiuato
2287 1161 2468 1206 autem
2515 1166 2675 1222 agro,
2709 1168 2838 1206 cura
2875 1169 2980 1208 non
3018 1165 3102 1210 est
3133 1173 3298 1216 remo-

1717 1241 1891 1296 vemla
1922 1283 1938 1308 ,
1995 1244 2250 1311 quoniam
2309 1243 2410 1298 nisi
2443 1245 2894 1315 circumscpiatur
2945 1256 3159 1316 Saltim,
3207 1253 3307 1309 nisi

1717 1335 2029 1401 sarciatur,
2065 1335 2166 1391 nisi
2207 1352 2337 1392 aves
2366 1346 2749 1394 exterreamur
2783 1379 2798 1404 ,
2851 1340 2954 1396 nisi
3008 1349 3306 1412 temporum

1715 1427 2142 1498 opportunitasa
2169 1426 2280 1482 Dco
2307 1429 2629 1499 postuletur,
2649 1443 2755 1484 non
2781 1431 2964 1486 veniet
2983 1433 3050 1486 ad
3072 1432 3304 1487 i'ebitatu

1716 1520 2050 1576 tnaturitatis
2103 1522 2428 1577 ubertatem.
2490 1521 2758 1592 Suscepto
2807 1539 3023 1594 quoque
3061 1525 3115 1580 in
3147 1526 3304 1581 c0rd€

1717 1616 1886 1672 verbo
1921 1616 2012 1670 Dei
2047 1656 2063 1682 ,
2105 1615 2209 1670 nisi
2245 1617 2393 1688 vigili
2444 1617 2656 1673 cautela
2697 1633 2795 1700 cor
2842 1635 2872 1674 a
2919 1619 3303 1674 tentatioaibus

1715 1709 2082 1774 custodiatur,
2121 1708 2224 1764 nisi
2275 1712 2613 1765 renascentia
2651 1710 2779 1766 vitia
2833 1711 3118 1784 diligenter
3143 1715 3302 1769 extir-

1713 1812 1946 1872 pentur;
1968 1801 2070 1856 nisi
2107 1801 2380 1856 dwuiones
2405 1803 2718 1873 psalmodiis
2747 1811 2801 1858 et
2827 1805 3166 1859 orationibus
3195 1805 3300 1860 abi-

1717 1905 1937 1966 gantur,
1974 1893 2078 1948 nisi
2113 1894 2349 1950 assiduis
2379 1895 2518 1950 votis
2541 1897 2738 1964 incepti
2763 1896 2888 1951 boni
2915 1897 3302 1952 incrementum

13 1993 217 2039 ntrat.
247 1981 411 2038 Venit
439 1983 664 2054 spiritus
700 1984 976 2051 avaritiae,
1009 2002 1114 2040 non
1147 1988 1484 2057 prohibetur,
1513 1991 1608 2045 sed
1640 1969 1685 2026 Β
1714 1999 1772 2045 et
1825 1987 2212 2058 nmltipbcatio
2261 2004 2290 2042 a
2349 1991 2460 2043 Deo
2509 1987 2811 2058 postuletur
2841 2028 2856 2050 ,
2889 2001 2994 2042 non
3039 1987 3212 2042 veniet
3241 1989 3302 2041 ad

13 2081 213 2127 ntrat.
252 2070 406 2128 Venit
424 2073 647 2144 spiritus
683 2091 837 2132 vana:
864 2076 1050 2150 gloria:
1069 2117 1086 2142 ,
1115 2093 1222 2134 non
1250 2081 1566 2151 prohibetur
1588 2121 1607 2150 ,

13 2164 86 2218 ιιι
125 2163 334 2228 intrat;
370 2174 427 2218 et
464 2165 720 2222 similiter
767 2168 951 2223 caaeri
995 2169 1217 2225 veniunt
1249 2210 1265 2235 ,
1293 2187 1392 2227 nec
1419 2173 1608 2244 probi-

14 2268 234 2312 eatur.
262 2256 392 2325 Quia
421 2273 553 2314 vero
580 2259 748 2315 corda
771 2259 981 2328 taliutn,
1007 2259 1312 2332 frequentia
1342 2265 1606 2320 malarum

13 2351 397 2422 ogitationum
441 2349 571 2406 trita
603 2363 658 2410 et
695 2353 1010 2408 conculcata
1038 2365 1186 2420 sunt,
1209 2356 1453 2412 amlitum
1489 2373 1610 2414 ver-

14 2462 138 2500 rum
195 2444 290 2501 Dei
346 2445 398 2500 in
451 2447 533 2501 eis
587 2447 868 2503 adhaerere
890 2448 1113 2517 nequit,
1148 2449 1607 2520 sedaspiritibns

17 2537 292 2608 nalignis,
323 2538 413 2609 qui
442 2547 698 2609 tanquam
743 2553 874 2594 aves
909 2540 1044 2594 aerii
1084 2549 1141 2593 et
1169 2541 1340 2610 agiles
1367 2551 1491 2597 sunt
1520 2583 1537 2607 ,
1573 2557 1604 2597 a

21 2629 278 2684 nenturia
307 2639 671 2684 removentur.
695 2630 798 2686 Alii
829 2645 956 2685 vero
991 2630 1216 2686 amliunt
1241 2633 1460 2687 verbum
1485 2631 1603 2700 Dei,

19 2733 66 2776 ξι
101 2737 228 2778 cum
262 2721 529 2779 desiderio
578 2724 883 2795 percipiunt
907 2763 923 2787 ,
965 2735 1022 2778 et
1051 2725 1214 2779 etiaut
1245 2725 1448 2795 aliquid
1479 2724 1604 2780 boni

26 2829 176 2885 igere
199 2814 470 2884 incipiunt
499 2854 516 2879 ,
565 2817 659 2870 sed
690 2833 720 2869 a
773 2815 1234 2871 sollicitudinibus
1259 2825 1314 2870 ct
1361 2816 1608 2886 volupta-

32 2907 154 2962 ibus
180 2906 494 2962 divitiarum
552 2908 824 2978 occupati,
868 2908 1154 2963 desistunt.
1180 2906 1280 2975 Qui
1313 2908 1470 2973 bene,
1499 2908 1606 2962 fra-

31 3014 120 3056 ies
151 3001 286 3065 tnei,
309 3001 686 3072 significantur
711 3017 806 3070 per
837 3010 1037 3056 terram
1065 3001 1238 3070 spinis
1260 3011 1602 3072 occupatam.

27 3089 112 3150 ’cr
136 3088 330 3159 spinas
359 3093 556 3160 quippe
579 3091 710 3145 dicit
743 3091 1001 3146 Dominus
1031 3093 1250 3146 divitias
1280 3093 1600 3164 significari,

30 3183 136 3252 luia
162 3193 218 3240 et
247 3184 294 3239 si
332 3184 619 3241 videantur
668 3186 942 3242 delectare
979 3201 1177 3256 corpus
1203 3226 1218 3251 ,
1254 3197 1430 3242 tatnen
1480 3183 1603 3245 ani-

17 3293 149 3332 uatn
173 3275 377 3332 aculeis
403 3291 657 3332 curarum
681 3287 945 3348 pungunt.
961 3288 1014 3334 et
1035 3279 1272 3349 peccatis
1292 3289 1600 3346 cruentant,

1713 2082 1930 2136 fructus
1957 2079 2370 2152 perfectionem.
2424 2079 2618 2135 Reddit
2651 2069 2831 2134 autem
2858 2121 2873 2144 ,
2911 2089 3048 2136 teste
3077 2094 3303 2149 evange-

1712 2172 1838 2228 lista
1870 2171 1998 2235 alio,
2027 2185 2213 2226 semen
2248 2171 2299 2224 in
2353 2170 2492 2224 bona
2541 2179 2684 2224 terra
2715 2171 2950 2224 fructum
2982 2212 2999 2237 ,
3029 2169 3174 2224 aliud
3208 2172 3276 2226 tri
3325 2161 3334 2174 ’

1711 2263 1979 2319 cesimum
2007 2268 2048 2328 ,'
2079 2260 2226 2316 aliud
2273 2265 2670 2330 sexageslmum
2700 2301 2715 2326 ,
2751 2260 2899 2317 aliud
2949 2263 3302 2318 centesimum

1714 2354 1914 2422 (Marc.
1943 2357 2043 2424 iv).
2097 2351 2234 2408 Tres
2277 2353 2422 2407 enim
2479 2353 2700 2407 ordines
2744 2362 2873 2407 sunt
2922 2353 2974 2407 in
3020 2353 3256 2408 Ecclesia
3287 2394 3301 2419 ,

1714 2447 2019 2518 conjngati,
2052 2443 2204 2501 vidui
2229 2453 2284 2500 et
2326 2443 2588 2513 virgines.
2619 2443 2904 2516 fionjngati
2949 2443 3301 2510 tricesiumm,

1711 2542 1860 2598 vidui
1893 2539 2323 2611 sexagesimum,
2346 2537 2587 2608 virgines
2615 2537 2974 2592 centesimum
3007 2535 3301 2606 percipient
3327 2559 3332 2564 ·

1710 2634 1982 2698 fructum,
2019 2634 2064 2690 si
2095 2631 2564 2705 perseveraverint
2613 2632 2748 2685 bene
2771 2629 2824 2684 in
2850 2630 2931 2685 sui
2958 2629 3166 2685 ordinis
3207 2645 3294 2700 pu~

1712 2727 1898 2782 ritate.
1931 2727 1998 2780 Et
2042 2724 2340 2780 secumlmn
2369 2724 2595 2794 gradum
2630 2723 2947 2778 tncritorum
2981 2763 2997 2787 ,
3045 2723 3148 2777 erit
3171 2723 3300 2778 ordr

1712 2819 2092 2890 praemiorum.
2121 2819 2230 2875 Vos
2267 2819 2432 2892 igitur
2471 2815 2766 2887 conjnges,
2805 2815 2853 2870 si
2891 2820 3090 2885 gradus
3142 2815 3299 2872 vestri

1717 2913 1973 2966 ordinent
2003 2912 2146 2968 bene
2201 2911 2433 2967 servetis
2463 2951 2478 2969 .
2509 2910 2554 2964 si
2593 2925 2834 2962 amorem
2871 2907 2960 2962 Dei
2993 2899 3255 2964 uxoribus
3287 2949 3300 2975 ,

1721 3003 1849 3058 filiis
1894 3014 1953 3059 et
1999 3003 2215 3059 ca-tetis
2267 2999 2522 3057 munibus
2553 3001 2882 3071 praeponatis
2910 3039 2927 3067 ,
2973 3000 3018 3055 si
3054 3003 3299 3072 conjuge!

1712 3112 1839 3151 cum
1867 3095 2022 3151 freno
2055 3094 2332 3152 modestia:
2381 3093 2624 3166 diligatis
2645 3133 2660 3160 ,
2691 3092 2734 3147 si
2765 3093 2902 3147 filios
2952 3109 3008 3148 et
3045 3094 3298 3149 famdiam

1711 3193 2012 3247 secumlum
2036 3189 2206 3245 Deum
2241 3189 2482 3245 doceatis
2507 3230 2524 3254 ,
2558 3189 2602 3244 si
2631 3202 2889 3244 excessus
2930 3198 3139 3243 vestros
3165 3190 3298 3243 elec-

1712 3287 1956 3357 mosynis
1987 3285 2288 3352 redimatis,
2339 3284 2462 3340 siin
2497 3283 2768 3338 mandatis
2792 3282 2884 3337 Dci
2919 3283 3298 3353 perseveretis,

26 3381 45 3424 ι
77 3370 456 3441 volnpatibus
485 3381 781 3442 aggravant
812 3383 867 3426 et
897 3373 1267 3444 cxstiuguunt.
1294 3373 1430 3430 Cum
1455 3376 1599 3431 enim
1628 3348 1678 3409 (δ
1708 3348 1888 3442 magni
1930 3379 2060 3434 estis
2089 3387 2214 3432 ante
2243 3378 2433 3432 Deum.
2458 3375 2563 3432 Vos
2585 3386 2790 3441 autem,
2815 3348 2964 3429 vidui
2999 3348 3296 3441 vitiumque,

25 3463 206 3518 ivitia:
248 3479 377 3518 cunt
430 3463 614 3518 labore
658 3465 1013 3535 acquirantur
1039 3507 1054 3534 ,
1092 3482 1214 3521 cum
1251 3467 1444 3521 timore
1485 3483 1605 3524 ser-

16 3564 218 3622 entur,
247 3571 373 3612 cum
413 3556 714 3628 cupiditate
748 3567 1069 3628 augeantur,
1103 3574 1226 3614 cum
1257 3559 1442 3613 dolore
1477 3575 1604 3630 per-

16 3660 220 3712 antur,
246 3649 381 3720 quid
414 3649 556 3703 aliud
590 3659 718 3703 sunt
759 3649 937 3716 labor,
969 3650 1130 3704 timor
1157 3689 1172 3712 ,
1206 3651 1474 3721 cupiditas
1499 3691 1514 3716 ,
1547 3661 1604 3706 et

17 3740 195 3804 olor,
247 3740 354 3796 nisi
409 3741 732 3811 punctiones
775 3757 901 3797 vere
961 3742 1275 3797 cruciantes
1319 3743 1602 3798 animam?

27 3839 130 3888 itte
157 3841 212 3887 et
245 3833 318 3888 de
352 3833 457 3887 illis
481 3831 578 3904 qui
613 3833 756 3888 inter
783 3835 1087 3903 huiusmodi
1121 3837 1306 3904 spinas
1329 3836 1602 3891 delectan-

16 3942 92 3990 .r,
127 3927 407 3996 scriptum
442 3938 522 3983 est
549 3944 562 3980 :
593 3926 661 3981 Et
705 3944 816 3982 esse
843 3929 938 3982 sub
960 3929 1187 3983 sentibus
1211 3929 1416 3982 diritias
1452 3945 1599 3983 com-

15 4018 255 4072 utabuut
315 4017 466 4088 (Job.
496 4020 650 4089 nx).
701 4018 807 4073 Alii
849 4034 1067 4090 quoque
1107 4018 1335 4073 audiunt
1374 4023 1597 4074 verbum

18 4112 104 4171 ei,
137 4125 192 4166 et
226 4097 362 4166 cum
386 4113 588 4182 gaudio
621 4112 943 4182 sus'cipiunt,
979 4121 1032 4168 ct
1062 4112 1265 4181 aliquid
1291 4111 1416 4164 boni
1437 4126 1599 4182 agere

25 4204 304 4274 cipiunt,
363 4204 460 4260 sed
515 4204 956 4258 tribulationibus
1022 4214 1078 4257 et
1127 4203 1598 4273 persecutionibus

17 4297 179 4361 'cssi,
209 4297 524 4352 desistunt.
553 4298 655 4364 Qui
687 4299 821 4350 bene
850 4294 1227 4366 significantur
1248 4311 1344 4366 per
1361 4305 1592 4364 petram,

15 4389 98 4441 tia
134 4389 508 4444 altitudinem
559 4399 717 4444 terra:
755 4398 812 4444 et
857 4387 1136 4452 ltumoris,
1171 4386 1220 4440 id
1249 4398 1332 4440 cst
1360 4389 1516 4440 fidcut
1542 4397 1597 4443 et

16 4481 324 4537 .aritatetn
389 4480 717 4552 profundam
748 4497 855 4535 non
905 4478 1106 4534 habent
1137 4519 1151 4545 ,
1177 4488 1231 4532 et
1255 4477 1375 4532 idco
1419 4478 1595 4533 ferveo

16 4582 164 4630 ente
193 4574 331 4630 sole
357 4575 756 4645 persecutionis
777 4614 791 4640 ,
833 4581 1109 4637 arescunt,
1145 4582 1200 4626 et
1222 4588 1327 4627 non
1355 4572 1596 4628 referunt

16 4679 251 4726 ictum.
285 4667 456 4725 Tales
495 4677 653 4724 erant
683 4666 794 4733 illi,
835 4667 1032 4738 quibus
1062 4664 1320 4720 Dominus
1346 4679 1441 4733 per
1470 4679 1594 4735 pro-

18 4772 202 4819 retani
242 4763 574 4835 promittit:
607 4761 858 4832 Auferam
880 4801 896 4827 ,
930 4759 1126 4829 inquit,
1159 4773 1250 4811 cor
1275 4756 1542 4827 lapideum
1563 4774 1595 4811 a

17 4859 127 4924 bis,
147 4869 207 4914 et
223 4858 380 4912 dabo
397 4857 537 4912 vobis
554 4872 644 4910 cor
655 4869 904 4909 cameum
926 4851 1144 4922 (Eaeclt.
1167 4852 1377 4921 xxxvr}.
1396 4848 1597 4904 Omnes

17 4954 284 5024 pradicti
304 4970 416 5010 non
441 4953 676 5010 reddunt
690 4951 946 5016 fructum,
963 4947 1088 5018 quia
1103 4962 1290 5018 agrum
1307 4943 1486 5000 cordis
1512 4944 1596 5000 sui

17 5065 56 5105 ri
75 5049 244 5104 bene
255 5048 476 5105 colunt.
495 5047 568 5104 De
580 5045 776 5117 quibus
793 5042 1233 5117 perSalonionem
1247 5041 1444 5095 dicitur
1461 5057 1473 5092 :
1493 5035 1599 5093 Per

17 5159 150 5198 rum
183 5143 342 5215 pigri
367 5143 599 5199 hominis
622 5142 860 5204 transivi,
883 5149 930 5194 et
959 5154 1075 5192 ecce
1096 5147 1260 5190 totum
1280 5133 1597 5205 repleverant

18 5236 172 5301 παι,
192 5245 248 5290 et
273 5244 600 5302 aperuerant
619 5231 944 5302 superﬁciem
970 5228 1156 5297 apium,
1177 5236 1224 5281 et
1253 5225 1501 5279 maceries
1517 5223 1597 5277 la-

17 5307 140 5378 lunt
165 5326 463 5380 destructa
483 5335 594 5381 erat
624 5322 807 5395 (Prov.
834 5323 1008 5390 μιν).
1033 5320 1137 5374 Alii
1162 5333 1290 5373 vero
1319 5317 1598 5373 audientes

17 5417 194 5470 rbum
213 5417 350 5488 Dei,
369 5419 611 5473 retinent
626 5415 788 5472 corde
804 5413 1029 5486 Optimo,
1047 5421 1100 5468 et
1119 5411 1350 5467 fructum
1367 5409 1600 5465 afferunt

17 5512 346 5580 patientia.
367 5513 470 5582 Qui
493 5523 640 5568 recte
652 5510 1131 5583 stgnilicanturper
1149 5515 1352 5563 terram
1367 5506 1560 5560 bonam
1576 5540 1596 5572 ,

25 5606 80 5657 ia
101 5604 240 5662 sitzu
253 5617 275 5661 t
293 5615 448 5660 terra
465 5607 604 5659 bona
618 5601 1055 5659 commendatum
1073 5613 1256 5656 semen
1271 5596 1444 5652 reddit
1458 5593 1570 5651 mul

18 5698 324 5766 licatuni,
358 5700 437 5754 ita
462 5699 638 5754 bonus
664 5697 828 5753 homo
853 5695 1096 5750 auditum
1134 5694 1356 5748 verbum
1381 5731 1398 5758 ,
1447 5689 1597 5762 cogi-

18 5792 516 5868 ido,qoperando
543 5830 562 5858 ,
610 5798 668 5847 et
715 5777 996 5854 docendo,
1051 5786 1153 5842 sibi
1185 5794 1239 5842 et
1283 5783 1404 5840 aliis
1429 5782 1596 5856 profi-

18 5884 157 5938 'ndo
193 5926 213 5952 ,
277 5884 660 5956 multiplicare
708 5900 816 5939 non
874 5873 1109 5938 desistit.
1159 5877 1364 5935 Afferet
1412 5887 1594 5934 autem

23 5986 205 6035 ctum
248 5981 315 6036 in
361 5978 652 6052 patientia,
683 5978 832 6049 quia,
874 5977 978 6034 nisi
1001 5975 1136 6032 bona
1188 5983 1330 6030 terra
1357 5973 1595 6045 patiatur

323 6100 608 6165 Panos.
631 6093 786 6156 CLV
791 6138 808 6159 .

1709 3471 1756 3527 si
1797 3471 1998 3542 gradus
2023 3471 2188 3526 vestri
2217 3469 2537 3541 religionem
2569 3467 2880 3532 custoditis,
2922 3466 2966 3521 si
2989 3466 3125 3538 estis
3153 3475 3296 3521 tanto

1709 3567 1823 3622 Deo
1846 3566 2158 3619 devotiores
2179 3605 2194 3630 ,
2223 3573 2430 3634 quanto
2460 3562 2767 3624 liberiores,
2802 3559 2846 3615 si
2876 3568 3060 3615 mente
3099 3568 3154 3614 et
3182 3553 3320 3640 cori

1706 3675 1838 3730 pore
1870 3657 2294 3712 sanctimoniam
2339 3655 2574 3718 habetis,
2617 3654 2661 3709 si
2683 3652 2926 3722 jcjnniis,
2963 3651 3295 3709 orationibus

1705 3763 1763 3808 et
1791 3751 2150 3823 eleemosynis
2202 3749 2432 3811 vacatis.
2477 3746 2712 3816 majores
2741 3747 2894 3802 estis.
2935 3743 3040 3801 Vos
3085 3763 3295 3816 quoque

1706 3845 1966 3916 virgines,
2004 3844 2103 3897 viri
2129 3842 2212 3896 vel
2241 3841 2480 3907 feminte,
2513 3840 2557 3894 si
2583 3838 2716 3894 estis
2730 3839 2968 3910 virgines
2994 3837 3294 3904 voluntate,

1705 3955 1814 3993 non
1877 3939 2246 4002 necessitate,
2301 3935 2384 3988 vel
2450 3934 2684 4001 timore,
2734 3932 2779 3987 si
2858 3938 2973 3986 toto
3029 3931 3293 3987 desiderio

1703 4031 1910 4088 cmlesti
1937 4029 2149 4100 Sponso
2171 4027 2387 4099 placere
2415 4025 2766 4090 desideratis,
2797 4024 2842 4080 si
2879 4039 2977 4080 vos
3007 4025 3293 4082 virtutibus

1704 4123 1888 4193 potius
1916 4137 2080 4192 quam
2109 4120 2351 4176 vestibus
2375 4118 2675 4181 exornatis,
2711 4117 2754 4173 si
2793 4127 2849 4172 ιιι
2870 4119 3164 4188 prudentes
3187 4133 3293 4171 non

1709 4215 1872 4272 fatua:
1919 4216 2156 4286 virgines
2191 4214 2420 4283 gloriam
2472 4211 2600 4274 Dei,
2641 4229 2746 4266 non
2787 4213 2968 4266 tnundi
3010 4211 3252 4282 qnazritis
3277 4252 3292 4276 ,

1707 4309 1934 4365 maximi
1955 4309 2109 4364 estis.
2127 4307 2537 4370 Verumtamen,
2561 4307 2758 4362 fratres
2775 4305 2900 4370 mei,
2919 4306 3057 4360 sicut
3079 4307 3293 4380 aliquod

1700 4415 1984 4476 argentum
2016 4403 2136 4474 plus
2166 4403 2348 4466 valet,
2377 4417 2540 4473 quam
2584 4401 2800 4471 aliquod
2842 4417 3034 4456 aurum
3059 4442 3072 4465 ,
3101 4401 3171 4454 ita
3197 4399 3287 4454 ali-

1701 4497 1824 4567 quis
1881 4497 2246 4566 conjngatus,
2309 4493 2549 4564 aliquam
2617 4493 2835 4547 viduam
2888 4492 2969 4547 vel
3030 4493 3290 4562 virginem

1700 4589 1898 4644 tnerito
1928 4596 2106 4656 potest
2137 4600 2420 4656 superare.
2475 4584 2668 4640 Melior
2692 4584 2890 4654 quippe
2921 4591 3003 4636 est
3032 4581 3290 4652 conjuga-

1704 4692 1790 4739 tus
1823 4681 1880 4736 in
1915 4681 2027 4737 Deo
2055 4679 2273 4736 fervens
2294 4720 2308 4745 ,
2347 4695 2511 4750 quam
2540 4679 2734 4733 viduus
2762 4675 2845 4732 vel
2882 4673 3034 4746 virgo
3082 4686 3288 4745 tepens.

1699 4776 1886 4846 Itaque
1921 4817 1936 4840 ,
1964 4773 2164 4830 fratres
2195 4773 2300 4830 ntei
2325 4813 2342 4840 ,
2369 4788 2562 4828 omnes
2597 4784 2983 4827 convcrsemur
3011 4767 3240 4823 lione5te
3275 4809 3290 4833 ,

1701 4868 2074 4938 unusquisque
2133 4865 2186 4920 in
2229 4865 2422 4920 ordine
2481 4878 2600 4917 suo.
2637 4860 2935 4931 Diligamus
2985 4858 3150 4912 Deum
3183 4865 3290 4912 toto

1701 4958 2000 5024 desiderio,
2024 4957 2286 5014 muttdum
2319 4968 2660 5024 spernamus,
2693 4965 2910 5006 carnem
2940 4949 3289 5020 castigemus,

1702 5049 1832 5103 vitia
1856 5049 1922 5104 de
1946 5048 2107 5104 nobis
2135 5046 2500 5116 exstirpemus
2523 5083 2537 5108 ,
2569 5043 2730 5096 verba
2783 5040 2876 5096 Dei
2907 5041 3099 5095 devoto
3127 5037 3289 5092 corde

1700 5141 2107 5213 suscipiamus,
2157 5138 2432 5208 operando
2474 5144 2529 5190 et
2577 5133 2822 5190 docendo
2851 5133 2941 5188 illa
2966 5131 3287 5203 multiplice-

1701 5249 1862 5298 nms,
1920 5242 1980 5288 ut
2028 5235 2262 5286 fructum
2308 5225 2632 5284 aeternitatis
2677 5225 2915 5296 recipere
2959 5238 3286 5280 mereamur.

1701 5324 1854 5394 Quod
1880 5325 2037 5381 nobis
2062 5330 2325 5394 prmstare
2370 5320 2626 5388 dignetur
2653 5316 2744 5389 qui
2778 5319 2830 5372 itt
2865 5316 3131 5373 Trinitate
3165 5331 3285 5387 per-

1698 5420 1840 5477 fecta
1867 5418 2002 5474 vivit
2055 5424 2108 5472 et
2133 5421 2326 5488 regnat
2369 5411 2510 5468 Deus
2549 5425 2647 5483 per
2675 5408 2856 5492 omnia
2889 5410 3084 5466 secula
3115 5423 3285 5464 szecu-

1698 5513 1896 5570 lorum.
1928 5511 2123 5566 Amen.

2247 5587 2532 5646 HOMILIA
2572 5583 2744 5642 XXX.

2070 5697 2326 5740 DOIINICA
2363 5698 2419 5738 IN
2455 5693 2901 5746 QUINQUAGESIIA.

1768 5781 2205 5844 Excellentiorem
2241 5778 2381 5833 viam
2415 5774 2557 5830 vobis
2595 5771 2827 5827 ostemlo.
2859 5765 2918 5825 Si
2957 5766 3150 5838 linguis
3190 5766 3288 5822 lto-

1697 5884 1898 5939 minum
1927 5877 2116 5948 loquar
2157 5882 2206 5929 et
2237 5869 2544 5944 angelorum
2575 5907 2589 5933 ,
2635 5865 2943 5921 clmritatem
2976 5869 3286 5946 atttem‘riort

1694 5975 1914 6033 habeam
1939 6015 1954 6040 ,
1984 5973 2155 6047 (actus
2183 5981 2299 6025 sum
2344 5961 2479 6020 velut
2509 5980 2581 6020 at:
2612 5976 2805 6016 sonam
2861 5967 2948 6010 aut
2985 5952 3282 6026 cymbalum

2773 6073 2852 6138 56
