3822 6316
1621 275 1656 291 Δ

191 383 294 444 i773

925 370 1229 431 ilOMiLlE
1266 372 1333 431 IN
1373 372 1594 431 EPIBT.
1639 372 1729 430 ET
1766 374 2021 438 EVANG.
2058 381 2357 442 DOMINIC.
2390 414 2461 428 -
2487 383 2671 444 PARS
2693 386 2737 446 ῐ.

3196 369 3198 374 ’
3245 395 3389 457 t77t

190 497 325 558 Omnis
354 486 799 552 consutttmatiouis
829 486 935 543 uidi
966 487 1124 556 ﬁnem
1152 529 1166 549 ,
1199 488 1365 546 latum
1392 490 1702 544 mandatum
1735 489 1780 550 Δ
1809 506 1921 548 suat
1971 495 2405 566 desperationem
2459 497 2830 569 praemuniret.
2881 501 3061 571 Quare
3105 499 3387 564 duodecim

183 606 293 654 tuum
317 583 440 640 nimis
489 578 659 650 (Psai.
684 582 898 648 csvttt).
930 579 994 635 Et
1021 580 1282 636 Dominus
1311 620 1326 648 ,
1372 581 1427 636 In
1453 582 1556 638 hac
1585 589 1696 636 tota

185 687 246 748 [ex
265 679 420 750 pendet
443 681 490 730 et
521 672 804 742 Prophetze
829 670 1044 742 (Matth.
1071 674 1229 741 χχιι).

235 769 443 841 Sequitur
467 781 593 835 pars
615 765 803 835 quinta
825 805 841 831 ,
883 765 937 820 in
970 781 1076 835 qua
1127 766 1368 821 ostendit
1405 765 1696 838 Apostolus

183 865 289 939 quod
313 860 512 920 citaritas
545 873 812 927 nunquam
843 858 1060 912 excidit.
1088 858 1380 928 Propterea
1415 875 1694 931 nunquam

179 956 300 1014 cadet
319 951 396 1021 qui
424 947 667 1006 charitati
716 948 979 1005 adhaeret.
1022 947 1144 1004 Vita
1183 950 1328 1006 enim
1371 950 1552 1008 futura
1587 968 1693 1008 non

178 1049 357 1110 auferet,
391 1043 487 1100 imo
515 1041 764 1113 perficiet
801 1043 1146 1100 charitalcm.
1183 1045 1315 1112 Quae
1363 1047 1507 1100 enim
1551 1063 1696 1103 nunc

171 1143 264 1204 data
291 1137 444 1199 estad
471 1137 609 1192 bene
637 1137 953 1192 merendum
984 1175 1001 1202 ,
1037 1146 1165 1192 tunc
1213 1138 1433 1192 dahitttr
1465 1139 1516 1194 in
1556 1155 1696 1210 prte-

172 1236 319 1294 miutn.
346 1232 530 1288 Caetera
556 1243 683 1284 vero
718 1227 891 1293 bona,
935 1244 1055 1298 qua)
1084 1245 1228 1285 nunc
1249 1231 1452 1286 habent
1491 1231 1690 1298 locum,

170 1337 270 1386 tunc
287 1322 564 1386 cessabunt.
598 1322 906 1378 Cessabuut
926 1324 1231 1393 prophetiae
1256 1364 1272 1389 ,
1306 1325 1434 1394 quia
1459 1339 1563 1379 non
1587 1325 1696 1380 erit

169 1435 268 1486 tunc
288 1419 464 1476 absens
496 1415 579 1472 vel
624 1416 899 1478 occultum
941 1418 1084 1487 quod
1142 1419 1209 1473 de
1251 1419 1361 1474 Deo
1402 1420 1689 1476 videbitur.

163 1513 414 1574 cessabunt
446 1509 685 1582 linguae,
741 1511 869 1579 quia
918 1525 1006 1566 res
1061 1519 1117 1566 et
1167 1512 1424 1581 cogitatio
1463 1521 1691 1582 aperta,

160 1605 448 1671 manifestsri
497 1603 987 1672 significationibus
1017 1619 1122 1659 non
1146 1606 1400 1676 egebunt.
1447 1607 1696 1662 Cessabit

157 1697 368 1761 scientia,
395 1694 515 1766 quia
545 1705 674 1752 tunc
701 1711 808 1752 non
841 1697 946 1750 erit
971 1695 1274 1766 specularia
1303 1706 1361 1752 et
1389 1698 1696 1754 umbratilis

154 1788 362 1852 scientia;
389 1786 479 1842 sed
516 1794 704 1856 aperta
739 1785 833 1842 Dei
859 1785 1020 1840 visio.
1049 1785 1299 1841 Cessabit
1327 1787 1474 1842 enim
1505 1787 1640 1843 fides
1673 1806 1687 1842 :

1803 587 2062 640 tantum?
2095 587 2162 644 Ut
2208 589 2606 645 demonstraret
2653 600 2862 648 tantum
2911 598 3216 667 apostolicae
3260 602 3390 657 doc-

1804 678 1960 733 trinae
2001 695 2270 750 sequaces
2319 697 2437 736 esse
2469 682 2685 752 dignos,
2717 685 2964 740 humanm
3001 692 3388 760 redemptionis

1799 785 2096 840 agnoscere
2137 783 2194 828 et
2227 775 2558 845 participare
2613 787 3042 833 sacramentum.
3091 781 3272 849 Quare
3303 799 3388 841 sec

1797 865 1990 919 creto?
2033 864 2372 921 Utsanctum
2422 883 2528 923 uon
2573 869 2772 925 debere
2813 871 2928 925 dari
2963 872 3188 929 canibus
3221 916 3237 941 ,
3289 894 3388 935 nec

1800 956 2128 1026 margaritas
2174 956 2358 1026 porcis
2391 957 2794 1016 demonstraret
2834 961 3050 1032 (Matth.
3075 965 3197 1035 vtt).
3239 966 3388 1023 Unde

1798 1046 1942 1101 idem
1988 1048 2108 1102 ait:
2154 1047 2333 1118 Vobis,
2395 1051 2592 1121 inquit,
2638 1053 2823 1109 datum
2851 1066 2926 1110 est
2963 1073 3112 1112 nosse
3141 1059 3388 1128 mysteria

1755 1172 1759 1176 ι
1801 1140 1949 1210 regni
1970 1139 2088 1210 Dei,
2115 1144 2315 1196 tuteris
2340 1153 2515 1199 autem
2541 1147 2596 1200 in
2622 1147 2889 1224 parabolis
2917 1149 3113 1219 (Marc.
3139 1167 3191 1206 tv
3215 1168 3230 1218 ;
3257 1151 3386 1206 Luc.

1796 1232 1940 1301 vtu).
1958 1229 2236 1290 Moraliter
2250 1246 2458 1304 autem,
2484 1237 2682 1293 fratres
2701 1240 2826 1306 mei,
2847 1240 3068 1297 instruit
3085 1258 3184 1298 nos
3211 1243 3387 1298 Domi-

1799 1339 1902 1378 nus
1916 1323 2168 1395 exemplo
2187 1327 2291 1393 sui,
2313 1331 2583 1398 quomodo
2599 1345 2890 1400 supernam
2907 1331 3206 1390 Jerusalem
3235 1338 3386 1392 adire

1796 1413 2114 1472 debeamus.
2139 1417 2293 1472 Sicut
2308 1421 2452 1474 enim
2479 1420 2593 1485 ipse
2611 1424 2952 1481 ascendendo
2970 1424 3385 1500 Jerosolymam,

1796 1504 2079 1574 patiendo,
2109 1509 2414 1573 moriendo,
2445 1514 2810 1583 resurgendo,
2836 1518 3082 1571 ascendit
3109 1518 3160 1571 in
3191 1517 3387 1572 coelum

1761 1627 1763 1629 ι
1795 1598 1866 1653 ad
1892 1598 2130 1669 Patrem,
2159 1600 2231 1655 ita
2258 1618 2378 1669 nos,
2405 1603 2604 1660 fratres
2631 1605 2961 1675 charissimi,
2987 1609 3092 1664 ima
3131 1611 3386 1666 vitiorum

1797 1691 2023 1748 vitando
2049 1734 2064 1760 ,
2101 1692 2481 1749 tribulationes
2513 1695 2769 1764 patiendo
2792 1738 2808 1763 ,
2847 1700 3050 1754 mundo
3075 1701 3385 1768 moriendo,

1797 1785 1980 1840 anima
2013 1795 2070 1842 et
2094 1799 2328 1855 corpore
2359 1788 2712 1858 resurgendo,
2746 1789 2812 1843 ad
2843 1789 3118 1846 caelestem
3158 1794 3390 1863 patriam

152 1896 204 1940 ea
243 1879 370 1936 enim
397 1893 512 1949 quae
542 1878 706 1937 modo
744 1877 1034 1934 invisibilia
1068 1877 1360 1944 credimus,
1395 1888 1522 1934 tunc
1551 1895 1692 1950 prte-
1723 1865 1773 1926 Β
1805 1877 2104 1932 escendere
2129 1887 2366 1948 oportet.
2391 1878 2468 1934 Ac
2495 1879 2541 1933 si
2569 1879 2776 1934 diceret
2807 1881 3102 1937 Dominus:
3130 1883 3231 1948 Qui
3261 1886 3391 1939 mihi

146 1969 413 2034 sentialiter
441 1968 766 2026 videbimus.
791 1967 1043 2028 Cessabit
1067 1983 1211 2038 spes,
1236 1971 1452 2040 quando
1483 1971 1695 2025 obtine-

146 2045 295 2120 bimus
320 2061 455 2134 quod
478 2061 856 2130 sperabamus.
877 2061 1107 2116 (laeteris
1135 2062 1314 2132 itaque
1330 2064 1694 2131 cessantibus,

144 2165 250 2216 tunc
283 2153 512 2212 cbaritas
541 2151 829 2224 augebitur
877 2162 930 2208 et
966 2153 1299 2223 perficietur.
1352 2156 1506 2210 Tunc
1548 2156 1694 2211 enim

141 2248 201 2310 ita
225 2248 491 2319 diligemus
524 2245 722 2311 Deum,
746 2246 888 2316 quod
916 2246 985 2304 ab
1013 2247 1129 2315 eius
1156 2262 1342 2304 amore
1387 2248 1697 2305 nullatenus

133 2343 401 2416 poterimus
429 2340 674 2411 separari
716 2340 800 2398 vel
863 2349 1160 2412 tepescere.
1213 2342 1506 2400 Pensemus
1532 2359 1694 2415 ergo,

133 2435 306 2498 fratres
334 2434 437 2494 mei
469 2474 484 2500 ,
525 2448 818 2503 pensemus
847 2441 959 2490 toto
1012 2435 1176 2488 corde
1209 2474 1225 2500 ,
1255 2446 1457 2505 quanta
1485 2478 1500 2504 ,
1532 2453 1695 2508 quam

125 2525 438 2590 admirabilis
458 2526 569 2582 erit
590 2525 869 2586 beatitudo
899 2525 1011 2592 illa,
1043 2527 1131 2580 ubi
1163 2527 1336 2582 sancti
1369 2527 1521 2596 illud,
1550 2529 1696 2600 quod

127 2631 319 2688 semper
349 2617 402 2676 in
451 2617 560 2672 hac
593 2617 1030 2688 peregrinatione
1060 2617 1545 2683 desideraverant,
1575 2634 1698 2690 spe-

119 2716 369 2774 raverant,
393 2707 775 2778 exquisierant
797 2747 813 2773 ,
849 2707 1384 2779 contemplabuntur,
1414 2711 1696 2780 amplexa-

119 2801 325 2871 bantur,
351 2800 613 2862 frucntur
643 2801 766 2859 sine
797 2809 946 2862 metu
968 2841 982 2867 ,
1007 2802 1126 2856 sine
1149 2802 1386 2870 defectu,
1415 2804 1531 2860 sine
1558 2804 1696 2860 invi-

113 2891 204 2946 dia.
261 2891 357 2950 Ubi
404 2892 515 2954 etsi
550 2906 651 2962 par
693 2907 802 2952 non
850 2893 957 2965 erit
1033 2905 1356 2950 sanctorum
1431 2896 1648 2952 claritas
1679 2937 1694 2964 ,

115 2991 278 3040 tamen
314 2998 415 3055 par
459 2984 574 3038 erit
620 2985 896 3054 gaudium.
926 2984 1122 3042 Omnia
1153 2988 1300 3043 enim
1351 2987 1514 3044 faciet
1541 3004 1696 3045 com-

105 3075 271 3134 munia
303 3091 467 3132 amor
495 3091 643 3134 unus
668 3117 684 3144 .
715 3087 773 3137 st
813 3078 1062 3136 voluntas
1091 3095 1218 3136 una.
1252 3080 1437 3152 Itaque
1457 3121 1475 3149 ,
1502 3082 1698 3139 fratres

106 3169 218 3235 mei,
249 3169 612 3228 dilectionem
643 3171 740 3230 Dei
793 3179 852 3231 et
902 3173 1138 3243 proximi
1165 3213 1182 3240 .
1225 3189 1348 3245 quae
1396 3177 1554 3233 nobis
1591 3179 1698 3234 erit

1800 1966 2090 2032 ministrat,
2119 1983 2202 2022 me
2228 1977 2499 2038 sequatur.
2529 1968 2598 2023 Et
2629 1970 2717 2024 ubi
2741 1986 2856 2025 sunt
2890 1987 3004 2042 ego,
3031 1973 3142 2026 illic
3163 1983 3214 2028 et
3237 1975 3393 2028 miniv

1801 2067 1910 2112 ster
1930 2074 2074 2113 meus
2101 2061 2195 2113 erit
2228 2060 2411 2130 (Jonu.
2443 2063 2562 2134 ιιι).
2603 2063 2820 2134 itaque,
2855 2063 3053 2121 fratres
3073 2107 3088 2132 ,
3121 2068 3248 2122 totis
3265 2067 3393 2122 viri-

1802 2150 1904 2206 bus
1934 2151 2213 2212 nitendum
2247 2161 2350 2208 est.
2384 2151 2520 2208 Nam
2544 2154 2588 2209 si
2615 2169 2736 2208 cum
2767 2164 2917 2211 tanto
2938 2159 3135 2213 sudore
3156 2157 3390 2213 culmina

1802 2243 2071 2298 montium
2095 2247 2471 2312 ascendimus,
2506 2257 2708 2317 quanto
2736 2247 2922 2304 labore
2947 2264 3083 2320 opus
3104 2261 3188 2305 est
3211 2252 3392 2322 gravi-

1806 2337 1904 2390 tati
1933 2345 2132 2393 nostraa
2161 2337 2360 2393 nitenti
2389 2340 2455 2396 ad
2495 2340 2736 2396 corium?
2764 2339 2926 2397 Teste
2947 2345 3090 2397 enim
3121 2342 3347 2399 Domino
3371 2382 3388 2410 ,

1802 2428 1914 2486 lata
1940 2438 1995 2484 et
2023 2432 2263 2500 spatiosa
2294 2441 2378 2486 est
2411 2433 2524 2498 via,
2562 2447 2682 2503 quae
2712 2435 2860 2488 ducit
2901 2434 2968 2489 ad
2997 2437 3388 2506 perditionem,

1801 2530 1859 2577 et
1892 2522 2047 2577 multi
2073 2535 2301 2579 currunt
2331 2539 2429 2594 per
2451 2539 2570 2581 eam
2599 2541 2615 2592 ;
2657 2526 2752 2582 sed
2780 2537 3008 2600 angusta
3037 2537 3092 2583 et
3117 2530 3284 2585 ardua
3307 2542 3391 2588 eat

1804 2613 1911 2679 via,
1961 2629 2083 2685 qua;
2112 2615 2258 2670 ducit
2313 2617 2382 2672 ad
2413 2616 2576 2671 vitam
2609 2655 2624 2683 ,
2671 2626 2728 2672 et
2765 2619 2921 2687 pauci
2963 2621 3262 2675 ascendunt
3295 2629 3392 2694 per

1801 2722 1922 2761 eam
1956 2705 2179 2778 (Matth.
2218 2708 2340 2776 vtt).
2373 2707 2573 2764 Facilis
2592 2718 2676 2764 est
2700 2711 2876 2778 enim,
2908 2720 3042 2767 teste
3072 2724 3228 2792 poeta
3253 2715 3390 2784 (25).

1802 2797 2097 2854 descensus
2143 2798 2368 2854 Averni.
2403 2799 2692 2856 Facile’est
2731 2802 2929 2873 quippe
2953 2805 3280 2861 descendere
3327 2808 3393 2862 de

1801 2888 2042 2959 ingluvie
2071 2891 2139 2944 ad
2177 2887 2460 2944 libidinem
2485 2928 2499 2955 ,
2529 2891 2598 2946 de
2625 2889 2847 2947 libidine
2880 2893 2948 2947 ad
2998 2895 3348 2965 cupiditatem
3371 2937 3391 2964 ,

1800 2979 1870 3034 de
1898 2980 2197 3051 cupiditate
2216 2981 2285 3036 ad
2315 2981 2627 3049 avaritiam,
2656 2991 2712 3037 et
2749 2983 2824 3038 ita
2869 2984 2936 3041 de
2960 2985 3094 3042 vitio
3122 2988 3174 3042 in
3201 2991 3394 3044 vitium

1800 3087 1975 3143 usque
2000 3073 2054 3127 in
2077 3080 2338 3128 eternam
2378 3073 2806 3132 damnationem.
2836 3074 2942 3134 Sed
2971 3079 3125 3136 valde
3160 3080 3395 3137 laborio-

1800 3177 1924 3221 sum
1949 3175 2066 3230 est,
2097 3163 2297 3221 fratres
2319 3165 2428 3222 mei
2461 3206 2477 3233 ,
2525 3169 2826 3225 ascendere
2851 3173 2921 3225 ad
2963 3173 3346 3230 abstinentiam
3373 3212 3392 3242 ,

97 3264 368 3334 praemium
419 3265 477 3322 in
515 3265 697 3335 patria
729 3304 744 3334 ,
795 3235 920 3323 toto-
951 3267 1117 3323 corde
1151 3235 1431 3324 {canamus
1477 3271 1530 3326 ίη
1587 3273 1695 3328 vi...
1724 3235 1772 3299 (ἶ
1804 3257 1872 3310 de
1895 3257 2226 3312 abstinentia
2266 3259 2334 3314 ad
2381 3259 2776 3316 continentiam
2804 3302 2819 3328 ,
2877 3265 2944 3318 de
2965 3266 3296 3320 continentia
3323 3267 3394 3321 ad

96 3358 258 3426 Super
299 3359 495 3418 omnia
541 3358 834 3428 diligamus
870 3360 1038 3420 Deum
1071 3401 1086 3426 ,
1141 3361 1235 3430 qui
1265 3376 1553 3433 supernos
1589 3373 1693 3420 est.

85 3447 136 3508 In
160 3450 306 3508 bona
333 3453 654 3524 diligamus
678 3453 916 3508 animam
954 3461 1197 3510 nostram
1225 3493 1240 3522 ,
1274 3471 1395 3526 quae
1432 3456 1574 3512 intra
1599 3473 1698 3514 nos

85 3555 177 3600 est.
226 3546 387 3600 Sicut
416 3561 532 3604 nos
562 3586 579 3614 ,
625 3545 914 3617 diligamus
945 3548 1253 3616 proximum
1301 3558 1577 3618 nostrum,
1604 3553 1698 3622 qui

75 3631 212 3704 iuxta
245 3650 351 3698 nos
395 3644 514 3694 est.
570 3633 708 3694 Cum
758 3636 1086 3694 discretione
1132 3639 1438 3696 nutriamus
1475 3656 1698 3698 carnem

75 3735 317 3791 nostram
361 3743 500 3799 quae
562 3726 708 3788 infra
740 3743 840 3786 nos
869 3737 954 3786 est
979 3769 994 3795 ,
1022 3739 1292 3801 quatenus
1329 3734 1536 3803 pariter
1575 3751 1699 3806 per-

73 3821 252 3882 venire
287 3835 640 3878 mercamur
691 3821 756 3880 ad
819 3821 1111 3878 videndum
1160 3823 1329 3878 Deum
1370 3824 1594 3880 deorum
1641 3825 1698 3881 in

64 3910 187 3972 Sion
221 3951 240 3986 ,
272 3914 373 3985 ubi
404 3922 501 3974 est
546 3928 780 3984 regnum
825 3914 944 3972 sine
988 3915 1220 3974 termino
1249 3956 1266 3983 ,
1310 3918 1536 3974 satietas
1581 3919 1698 3975 sine

57 4001 307 4078 fastidio,
354 4008 605 4070 sanitas
634 4007 753 4068 sine
791 4009 984 4066 morbo
1007 4049 1023 4075 ,
1046 4010 1306 4079 juventus
1357 4011 1476 4068 sine
1505 4014 1693 4078 senio,

54 4095 250 4156 festum
279 4100 417 4156 sine
461 4112 720 4162 IIICBI'OI'B
746 4138 761 4163 ,
789 4099 1042 4170 gaudium
1080 4101 1198 4156 sine
1247 4101 1376 4166 ﬁne,
1435 4101 1698 4172 largiente

49 4185 286 4256 Domino
317 4200 548 4250 nostro
574 4189 704 4250 Jesu
735 4191 953 4249 Christo
978 4231 993 4257 ,
1019 4193 1110 4262 qui
1143 4207 1265 4248 cum
1305 4193 1469 4250 Patre
1499 4203 1554 4249 et
1576 4193 1700 4265 Spi-

44 4280 149 4336 ritu
183 4292 407 4340 sancto
443 4282 601 4338 vivit
631 4291 687 4338 et
723 4291 913 4352 regnat
948 4283 1093 4339 Deus
1149 4300 1246 4354 per
1282 4285 1465 4340 omnia
1498 4285 1694 4342 saecula

38 4375 415 4446 sucularum.
449 4376 674 4434 Amen.

652 4468 937 4532 HOMILIA
974 4468 1065 4524 XX
1076 4469 1163 4526 Xl.

430 4576 568 4624 ι)ομ
579 4577 720 4621 "ile
773 4578 826 4620 ΙΝ
883 4577 1330 4626 ρυιηρυλσεειηλ.

88 4653 436 4726 Assumpsit
488 4653 670 4716 Jesus
711 4653 986 4710 duodecim
1029 4655 1314 4725 discipulos
1338 4673 1492 4725 suos,
1533 4667 1578 4712 et
1623 4660 1696 4714 ait

15 4745 166 4816 illis:
203 4747 372 4806 Ecce
414 4747 786 4810 ascendimus
828 4745 1236 4817 Jerosulymum,
1276 4757 1323 4802 et
1370 4765 1700 4804 consumma.

11 4841 217 4906 buntur
268 4841 502 4902 οιηηὶα
571 4855 696 4908 qutv
751 4840 945 4910 scripta
994 4849 1113 4909 sunt
1163 4857 1257 4910 per
1307 4843 1585 4910 prophetas
1634 4843 1698 4898 de

11 4931 162 4990 Filio
211 4934 506 4997 hominis
579 4931 740 5003 (Luc.
793 4944 948 5002 xvut)
978 4973 995 4998 ,
1046 4941 1149 4989 etc.
1202 4935 1419 4990 Duobus
1449 4934 1698 5005 capitulis

8 5025 409 5099 iistinguitur
476 5022 674 5084 lectio
722 5021 826 5082 ista
854 5060 870 5087 .
920 5021 1123 5090 fratres
1163 5023 1492 5078 charissimi.
1526 5023 1698 5080 Porro

11 5136 38 5172 ω
69 5122 288 5193 primo
361 5114 882 5176 considerandum
938 5122 1023 5171 est
1066 5116 1360 5172 secundum
1415 5117 1696 5184 litteram,

5 5228 176 5282 luere
207 5212 560 5276 Dominus
607 5207 916 5278 passionem
954 5217 1009 5262 et
1048 5209 1502 5264 resurrectionem
1544 5225 1697 5266 suam

12 5305 328 5376 rit-dicere
370 5299 670 5362 voluerit
703 5339 719 5367 ,
772 5308 829 5358 et
867 5316 1038 5371 quare
1085 5301 1371 5357 duodecim
1421 5301 1701 5373 discipulis

0 5410 209 5456 mtnm
240 5442 260 5470 ,
305 5407 380 5454 ct
425 5408 653 5466 quare
689 5402 918 5450 secreto.
972 5393 1152 5460 Quare
1203 5410 1263 5452 se
1307 5410 1592 5466 passurum
1645 5407 1701 5455 et

5 5503 344 5558 :surrectu
356 5507 524 5550 rum
561 5487 868 5559 praedixit?
889 5487 968 5543 0b
985 5495 1101 5546 tres
1119 5503 1334 5556 causas,
1359 5498 1417 5543 ut
1445 5505 1504 5544 se
1531 5491 1700 5546 Deum

0 5588 490 5650 mniscientem
545 5580 974 5650 demonstraret
1004 5618 1019 5646 ,
1057 5585 1117 5632 ut
1149 5592 1210 5633 se
1238 5587 1534 5648 spontanee
1576 5596 1704 5650 pauo

0 5697 172 5756 trum
229 5680 632 5754 probaret.
681 5679 742 5746 ut
775 5672 1067 5742 discipulos
1111 5687 1241 5728 suos
1267 5682 1461 5729 contra
1513 5675 1705 5731 mortis

9 5866 154 5940 (25)
197 5861 469 5946 Virgil.
515 5853 774 5924 Euam.
806 5852 902 5915 lib.
925 5867 1004 5920 vt.
1027 5867 1169 5910 vers.
1198 5853 1320 5910 136.

1801 3351 1988 3407 mundi
2019 3357 2392 3420 contemptum
2417 3390 2436 3418 ,
2467 3361 2523 3408 et
2552 3353 2627 3408 ita
2677 3355 2746 3410 de
2782 3355 2981 3412 virtute
3035 3359 3087 3413 in
3138 3361 3391 3416 virtutem

1803 3453 1976 3508 usque
2015 3440 2081 3495 ad
2127 3442 2361 3510 patriam
2405 3442 2708 3500 calestem.
2764 3445 2917 3500 lianc
2975 3450 3390 3518 ascensionem,

1803 3531 2026 3596 fratres,
2053 3547 2160 3588 non
2203 3543 2378 3605 potest
2398 3535 2579 3591 facere
2607 3551 2706 3607 per
2733 3552 2792 3594 se
2816 3539 3010 3606 homo,
3040 3541 3139 3595 nisi
3177 3542 3394 3610 adjutus

1803 3640 1835 3678 a
1868 3624 1999 3679 Deo.
2034 3624 2190 3681 Unde
2219 3626 2482 3682 Dominus
2514 3641 2530 3681 :
2567 3627 2739 3683 Nemo
2775 3640 2963 3699 potest,
2993 3631 3186 3701 inquit,
3216 3633 3393 3689 venire

1803 3719 1872 3772 ad
1901 3735 2004 3783 me,
2038 3720 2140 3774 nisi
2165 3718 2328 3775 Pater
2358 3737 2504 3775 meus
2537 3721 2756 3777 cwlestis
2798 3725 3018 3778 traxerit
3039 3741 3155 3779 eum
3205 3726 3388 3799 (Joan.

1801 3814 1901 3884 vt).
1940 3813 2252 3870 Clamemus
2275 3816 2440 3886 igitur
2467 3817 2536 3872 ad
2559 3831 2682 3873 eum
2715 3859 2730 3885 ,
2759 3819 2980 3886 fratres,
3017 3822 3314 3878 clamentus
3334 3831 3392 3879 et

1803 3908 2051 3963 dicamus
2078 3909 2128 3966 ei
2161 3923 2175 3963 :
2214 3907 2385 3963 Trahe
2429 3926 2511 3966 me
2553 3923 2671 3982 post
2703 3923 2750 3967 te
2772 3954 2787 3979 ,
2817 3929 3086 3969 cut-remus
3127 3917 3183 3970 in
3231 3917 3394 3971 odore

1808 4011 2194 4071 unguentorum
2229 4011 2440 4056 tuorum
2474 4002 2653 4072 (Cant.
2683 4003 2746 4076 ι).
2779 4003 2912 4058 Nam
2935 4045 2950 4074 ,
2973 4003 3126 4074 juxta
3153 4005 3394 4082 Prophe-

1803 4101 1948 4148 tam:
1980 4092 2178 4148 Beatus
2200 4101 2277 4148 est
2301 4093 2398 4160 tir,
2423 4095 2574 4165 cujus
2603 4106 2678 4151 est
2701 4096 2974 4152 auxilium
3001 4100 3093 4154 abs
3114 4109 3182 4164 te,
3209 4115 3392 4155 ascen-

1801 4188 1974 4242 siones
2003 4187 2060 4242 in
2087 4188 2244 4242 corde
2277 4205 2373 4242 suo
2401 4188 2660 4257 disposuit
2697 4192 2924 4248 existens
2960 4194 3015 4247 in
3053 4194 3185 4250 valle
3213 4195 3391 4268 lacry-

1800 4297 2009 4335 marum
2035 4282 2090 4335 in
2123 4281 2236 4334 loco
2267 4297 2416 4353 quem
2455 4285 2626 4351 posuit
2670 4284 2842 4355 (Paul.
2887 4287 3138 4360 Lxxxm).
3173 4288 3240 4343 Et
3269 4304 3393 4359 pro-

1800 4371 1886 4426 cul
1934 4371 2097 4427 dubio
2134 4371 2382 4426 fidelibus
2415 4373 2549 4428 nihil
2579 4375 2646 4429 de
2683 4391 2764 4442 se,
2791 4377 2886 4433 sed
2931 4379 2997 4434 de
3044 4379 3152 4433 Deo
3181 4387 3391 4434 tantum

1799 4463 2257 4530 praesumentibus
2275 4503 2288 4526 ,
2315 4463 2721 4521 benedictioues
2742 4469 3034 4539 gratiarum
3061 4468 3203 4522 dabit
3235 4469 3393 4539 tegis-

1802 4555 1963 4621 iator,
2014 4565 2070 4611 et
2096 4557 2170 4610 ita
2205 4556 2356 4610 ibunt
2387 4559 2450 4611 de
2481 4559 2668 4613 virtute
2699 4561 2752 4613 in
2794 4562 3033 4615 virtutem
3055 4601 3069 4626 ,
3099 4571 3145 4615 et
3169 4563 3390 4616 tandem

1811 4650 2068 4704 uidebitur
2097 4650 2240 4706 Deus
2266 4653 2481 4707 deorum
2505 4657 2558 4708 in
2583 4654 2712 4709 Sion
2745 4653 2956 4724 (Ibid).
2987 4654 3390 4711 'l‘ribulationes

1803 4744 1992 4810 etiam,
2021 4743 2218 4799 fratres
2241 4745 2569 4809 cbarissimi,
2601 4761 2822 4801 necesse
2855 4756 2937 4801 est
2967 4761 3063 4800 nos
3097 4747 3230 4817 pati,
3261 4749 3387 4804 dtttn

1803 4838 2154 4893 ascendimus
2188 4840 2254 4894 ad
2285 4841 2517 4908 patriam
2545 4881 2560 4906 ,
2586 4838 2737 4908 iuxta
2767 4839 2895 4894 illud
2946 4840 3184 4908 Apostoli
3236 4860 3248 4895 :
3285 4841 3392 4896 Pcr

1802 4931 1998 4986 multas
2019 4932 2382 4986 tribulationes
2404 4941 2600 4999 oportet
2633 4947 2724 4984 nos
2749 4933 2946 5002 intrare
2967 4934 3019 4985 in
3052 4948 3268 5002 regnum
3293 4951 3392 4987 m2:

1803 5022 1977 5075 lorum
1999 5023 2136 5093 (Aet.
2160 5023 2295 5094 le).
2319 5021 2381 5076 Et
2409 5021 2534 5075 alibi
2559 5039 2572 5074 :
2602 5021 2792 5075 Omnes
2813 5023 2902 5090 qui
2923 5023 3005 5090 pie
3029 5023 3201 5076 volunt
3228 5024 3392 5079 virere

1801 5114 1858 5169 in
1879 5115 2088 5170 Christo
2109 5116 2258 5182 Iesu,
2297 5115 2708 5188 persecutionem
2731 5116 2994 5186 patientur
3016 5116 3102 5189 (II
3124 5115 3258 5172 Tim.
3279 5119 3392 5185 In).

1805 5207 1949 5264 Nam
1977 5210 2095 5264 siin
2136 5209 2290 5263 viridi
2325 5209 2465 5280 ligno
2502 5212 2597 5264 hoc
2622 5209 2739 5274 fuit,
2764 5209 2816 5264 id
2848 5219 2929 5265 est
2964 5211 3015 5264 in
3057 5211 3302 5281 Christo,
3331 5213 3388 5272 in

1805 5301 1956 5357 arido
1979 5302 2106 5371 quid
2135 5300 2259 5356 fiet?
2283 5300 2632 5373 (Luc.xxnt.)
2650 5302 2756 5358 llas
2778 5303 3154 5360 tribulationes
3174 5316 3390 5376 Oportet

1801 5393 2008 5465 justum
2031 5394 2163 5464 pati.
2195 5393 2428 5449 Necesse
2457 5401 2540 5448 est
2569 5393 2716 5449 illum
2739 5395 2870 5466 pati,
2903 5397 3063 5460 tradi,
3094 5396 3265 5461 illudi,
3297 5396 3390 5451 ila-

1805 5485 2018 5558 gellari,
2045 5486 2288 5556 conspui.
2316 5485 2474 5540 Tradi
2506 5483 2714 5540 Justum
2740 5494 2971 5556 oportet,
2994 5494 3050 5542 et
3073 5488 3186 5542 haec
3210 5486 3388 5540 multi-

1809 5583 1940 5636 tudo
1973 5581 2345 5651 exemplorum
2385 5589 2434 5636 te
2461 5581 2636 5661 docet.
2663 5582 2706 5635 A
2733 5581 3017 5653 principio,
3058 5581 3192 5637 Abel
3209 5580 3388 5650 justus

1807 5673 2039 5730 traditus
2058 5683 2141 5731 est
2167 5675 2220 5730 in
2248 5675 2495 5730 manibus
2518 5673 2651 5730 Cain
2678 5671 2831 5745 (Gen.
2861 5675 2968 5748 Iv);
2992 5673 3190 5748 loseph
3210 5675 3389 5746 justus
