3822 6316
497 426 638 486 1⁸175

1538 404 1882 463 ADDENDA.
1915 431 1983 442 —
2011 396 2368 454 RADULPHI
2391 389 2739 447 ABDENTIS
3594 387 3678 447 im

500 541 729 602 traditus
748 543 806 592 et
837 531 1085 590 venditus
1105 538 1188 588 est
1210 523 1496 585 lsmaelitis
1530 521 1682 593 (Gen.
1711 518 1921 590 xxxvn)
1950 535 1966 584 ;
1993 515 2094 572 Job
2123 520 2171 574 Α
2196 513 2265 568 ad
2321 509 2522 573 lucem,
2576 515 2632 560 ut
2677 501 3125 576 quemadmodum
3178 499 3414 556 Christus
3441 510 3679 565 manente

494 635 675 704 justus
711 628 942 683 traditus
996 631 1082 678 est
1131 623 1183 676 in
1234 633 1398 674 manu
1436 612 1634 668 diaboli
1665 628 1676 664 :
1707 619 1762 666 et
1817 617 1875 663 ut
1921 606 2092 674 magis

503 723 743 788 mireris,
770 721 838 778 ab
869 720 985 790 ipso
1014 716 1144 772 Deo.
1185 711 1350 776 Ecce,
1385 708 1580 778 inquit,
1611 721 1734 759 caro
1761 703 1874 774 ejus
1899 702 1953 754 in
1980 717 2093 753 ma-

501 837 571 875 nu
609 827 701 872 tua
736 825 847 878 est;
897 821 1250 868 verumtamen
1279 805 1510 858 animam
1533 800 1646 870 ejus
1667 814 1813 852 serva
1851 793 1993 865 (Job.
2027 792 2091 863 ι).

505 910 770 968 Dominus
824 907 1006 979 justus
1048 901 1280 956 traditus
1329 904 1414 951 est
1467 892 1718 965 gentibus
1767 903 1865 960 per
1904 902 2096 941 manus

499 1004 653 1060 Inda:
676 1013 731 1058 et
755 977 1087 1060 Judaeorum,
1113 1002 1166 1048 et
1187 992 1289 1046 hoc
1318 987 1394 1042 illi
1423 991 1758 1053 nonpossent
1781 979 1886 1035 nisi
1911 977 2093 1042 Pater,

503 1107 558 1152 ct
593 1097 758 1151 etiam
799 1093 912 1162 ipse
940 1087 1176 1157 seipsum
1235 1080 1494 1136 traderet.
1540 1076 1685 1131 Dicit
1727 1073 1869 1128 enim
1910 1071 1977 1125 de
2033 1084 2097 1124 eo

505 1186 797 1259 Apostolus
835 1201 848 1238 :
884 1181 988 1248 Qui
1008 1177 1232 1233 tradidit
1252 1173 1579 1242 semetipsum
1599 1185 1691 1239 pro
1709 1165 1854 1220 nobis
1881 1162 2096 1234 (Ep/tes.

507 1255 589 1347 ν).
625 1276 762 1343 Quia
794 1286 945 1343 ergo,
988 1270 1187 1323 fratres
1213 1266 1340 1329 mei,
1379 1278 1482 1318 non
1507 1269 1590 1316 est
1621 1255 1918 1326 discipulus
1937 1268 2100 1323 supra

507 1343 827 1439 magistrum
852 1404 868 1430 ,
909 1362 973 1420 si,
1002 1375 1102 1415 nos
1131 1356 1246 1413 veri
1274 1352 1521 1424 discipuli
1555 1349 1760 1406 Christi
1805 1361 2022 1410 smnus,
2055 1343 2102 1399 si

508 1457 788 1530 verejusti
835 1469 1044 1520 sumus,
1069 1467 1172 1508 nos
1201 1462 1421 1521 quoque
1458 1459 1680 1501 necesse
1717 1450 1800 1497 cst
1852 1437 1994 1494 tradi
2047 1437 2102 1492 in

509 1570 706 1612 manus
745 1551 1037 1624 impiorum
1064 1588 1079 1613 ,
1119 1543 1317 1600 diaboli
1359 1541 1610 1604 scilicet,
1645 1547 1700 1593 et
1741 1535 2102 1606 malignorum

509 1649 812 1706 hominum.
857 1642 965 1699 Sed
1022 1653 1122 1695 nos
1175 1634 1532 1705 respiciamus
1589 1631 1655 1686 ad
1688 1627 1963 1684 Christum
1999 1637 2107 1680 tra-

511 1743 703 1810 ditum,
735 1749 787 1794 et
821 1737 876 1791 in
922 1749 990 1790 eo
1043 1727 1471 1787 consolabimur.
1529 1722 1762 1778 Necesse
1809 1721 1972 1774 etiam
2023 1725 2108 1772 est

511 1835 724 1890 Justum
755 1828 926 1885 illudi.
959 1825 1149 1882 lllusus
1180 1830 1263 1877 est
1290 1819 1403 1874 Noe
1426 1818 1602 1887 justus
1629 1832 1658 1869 a
1689 1815 1800 1868 filio
1825 1812 1979 1884 (Gen.
2003 1816 2103 1881 ix),

513 1925 715 1996 Joseph
744 1940 775 1977 a
800 1919 1062 1976 fratribus
1085 1911 1391 1972 dicentibus
1423 1928 1438 1965 :
1467 1907 1603 1962 Ecce
1631 1882 1922 1962 somniatur
1972 1904 2104 1958 venit
2144 1882 2187 1936 Β

517 1995 674 2090 (Cen.
700 2013 933 2084 xxxvii).
963 2009 1187 2066 Elisaeus
1208 2020 1237 2059 a
1267 2001 1450 2074 pueris
1475 2000 1815 2055 dicentibus:
1849 1995 2106 2059 Ascende,

517 2111 660 2168 calve
692 2105 797 2182 (IV
831 2105 961 2176 Reg.
986 2103 1072 2171 ιι).
1096 2099 1348 2157 Christus
1371 2111 1401 2150 a
1421 2093 1685 2149 militibus
1711 2090 1932 2145 indutus
1959 2097 2109 2142 veste

517 2205 797 2264 coccinea,
825 2197 1000 2269 spinis
1028 2200 1320 2250 coronatus
1341 2229 1357 2254 ,
1388 2197 1442 2243 et
1470 2186 1739 2242 arundine
1769 2192 2107 2252 sceptratus,

517 2305 573 2353 et
625 2294 829 2348 dictum
885 2295 970 2344 est
1017 2286 1066 2341 ei
1117 2281 1381 2339 derisorie
1422 2295 1436 2333 :
1480 2277 1607 2342 Ave,
1644 2273 1758 2328 Rea:
1799 2273 2112 2328 Juda’ornm

520 2387 704 2456 (Jeaa.
737 2384 877 2452 xu).
904 2379 1034 2447 Nos,
1062 2377 1278 2439 fratres,
1309 2373 1354 2428 si
1375 2369 1674 2426 ascendere
1701 2367 1768 2423 ad
1796 2366 1993 2422 caelum
2021 2379 2114 2418 vo-

520 2478 699 2535 lumus
729 2516 746 2544 ,
787 2485 1011 2528 necesse
1035 2476 1139 2540 _est
1197 2479 1302 2521 nos
1341 2462 1494 2518 illudi
1532 2501 1547 2525 ,
1571 2459 1711 2514 vela
1752 2458 1966 2513 diabolo
2019 2471 2114 2526 per

521 2565 895 2643 phantasticas
916 2560 1215 2624 illusiones,
1241 2556 1374 2611 vela
1391 2553 1543 2609 falsis
1567 2552 1851 2613 fratribus,
1869 2561 2113 2604 nostram

522 2659 935 2731 simplicitatem
961 2651 1341 2713 irridentibus,
1365 2657 1419 2701 et
1444 2645 1757 2717 hypocritas
1788 2657 1887 2697 nos
1921 2654 2116 2695 vocan-

523 2757 689 2812 tibus.
708 2751 814 2808 Sed
840 2765 939 2805 nos
964 2745 1320 2816 respiciamus
1341 2741 1407 2794 ad
1423 2739 1701 2794 Christmn
1727 2735 2032 2796 illusum,et
2061 2731 2114 2784 in

524 2865 593 2907 eo
621 2843 1048 2904 consolabimur.
1078 2837 1316 2892 Necesse
1343 2831 1606 2888 estetiam
1633 2827 1846 2883 Iustum
1876 2823 2116 2896 ﬂagella-

527 2941 602 2997 ri.
629 2936 958 3007 Flagellatus
979 2938 1066 2986 est
1091 2928 1213 2994 Job,
1241 2924 1544 2996 flagellatus
1575 2933 1659 2978 est
1682 2919 1880 3007 Tobias
1897 2959 1912 2984 ,
1937 2914 2120 2986 flagel-

527 3033 671 3089 latus
703 2996 788 3086 est
816 3025 1096 3090 Dominus,
1137 3029 1193 3075 et
1227 3019 1422 3088 ligatus
1471 3018 1536 3072 ad
1579 2996 1907 3077 columnam,
1934 3012 1985 3065 in
2012 3024 2118 3080 qua

529 3138 704 3195 usque
758 3119 920 3176 hodie
959 3123 1225 3187 apparent
1266 3111 1495 3182 vestigia
1526 3107 1824 3179 sanguinis.
1878 3103 2120 3174 Apostoli

528 3231 746 3290 quoque
773 3210 1025 3283 ﬂagellati
1054 3217 1200 3264 sunt.
1229 3206 1340 3262 Nos
1365 3203 1633 3265 similiter,
1661 3199 1879 3264 fratres,
1906 3204 2122 3268 oportet

529 3308 786 3382 ﬂagellari
816 3347 832 3372 ,
881 3303 963 3359 vel
1003 3299 1410 3358 infirmitatibus
1434 3337 1450 3364 ,
1486 3295 1574 3350 vel
1613 3291 2078 3364 persecutionibus
2103 3329 2118 3354 ,

530 3405 619 3461 vel
644 3401 855 3471 injuriis
881 3440 895 3468 ε
935 3397 1022 3452 vel
1067 3395 1303 3450 damnis.
1337 3391 1446 3446 Sed
1471 3405 1571 3444 nos
1599 3429 1614 3455 ,
1641 3386 1839 3441 fratres
1865 3424 1880 3450 ,
1908 3396 2124 3452 semper

535 3494 895 3567 respiciamus
923 3490 990 3546 ad
1015 3489 1291 3544 Christum
1323 3483 1682 3555 ﬂagellatam,
1719 3487 1774 3534 et
1814 3477 1868 3532 in
1903 3490 2120 3532 eacon-

533 3588 855 3646 solabimur.
897 3581 1132 3637 Necesse
1186 3587 1271 3633 est
1318 3576 1480 3630 etiam
1525 3572 1738 3628 Juslum
1789 3567 2013 3636 conspui
2069 3573 2125 3620 et

536 3679 745 3750 respui.
799 3676 1027 3747 Spretus
1077 3680 1134 3727 et
1183 3676 1527 3738 contemptus
1585 3663 1687 3718 fuit
1739 3659 1936 3729 Joseph
1984 3659 2125 3712 inter

534 3773 737 3828 fratres
767 3786 782 3836 ;
812 3778 1027 3839 spretus
1063 3777 1278 3834 quoque
1324 3759 1492 3814 David
1543 3773 1573 3811 a
1626 3756 1741 3810 suis
1773 3751 2120 3810 dicentibus:

537 3861 682 3931 Quid
731 3860 878 3915 nobis
929 3867 979 3912 et
1016 3854 1130 3925 ﬁlio
1179 3850 1335 3906 Isai?
1396 3850 1625 3918 Spretus
1674 3854 1730 3901 ct
1783 3843 1883 3900 Job
1933 3857 1963 3896 a
2011 3840 2125 3896 suis

535 3955 682 4010 inter
737 3950 967 4005 adversa
1003 3962 1018 4000 :
1049 3944 1277 4016 Spretus
1330 3949 1384 3996 et
1443 3938 1742 4002 Dominus,
1804 3943 1860 3990 et
1904 3942 2126 3988 vocatus

537 4047 684 4103 filius
721 4042 887 4106 fabri,
916 4048 971 4095 et
997 4044 1314 4108 consputus,
1347 4041 1402 4088 et
1431 4032 1574 4087 inter
1599 4029 1812 4098 iniquos
1830 4024 2124 4098 proiectus.

536 4137 781 4210 Apostoli
839 4131 1087 4190 similiter
1132 4127 1298 4200 spreti
1348 4133 1404 4180 et
1453 4123 1583 4178 facti
1642 4132 1893 4192 tanquam
1929 4132 2129 4188 purga-

540 4239 785 4286 mentum
807 4235 860 4282 et
883 4225 1122 4281 omnium
1147 4220 1452 4292 peripsema
1483 4213 1537 4286 (Ι
1563 4213 1688 4269 Cor.
1726 4213 1826 4282 tv).
1855 4211 1965 4266 Nos
1993 4225 2130 4280 quo-

541 4338 666 4394 que,
697 4320 920 4386 fratres,
959 4319 1004 4374 si
1035 4315 1167 4385 justi
1190 4328 1399 4377 sutnus,
1426 4322 1650 4364 necesse
1672 4316 1756 4361 est
1784 4319 1883 4361 nos
1917 4319 1946 4358 a
1973 4317 2130 4358 mun-

541 4415 699 4471 danis
727 4411 952 4482 conspui
978 4419 1032 4465 et
1057 4406 1240 4477 expui.
1275 4405 1382 4459 Sed
1409 4417 1528 4467 nos,
1559 4400 1776 4464 fratres,
1808 4406 2127 4452 contemna-

549 4521 653 4563 nus
696 4519 798 4561 nos
853 4497 1168 4565 contemni,
1217 4504 1274 4552 et
1318 4492 1668 4564 respicientes
1712 4489 1781 4544 ad
1849 4485 2127 4543 Christum

2193 603 2438 668 mortuis,
2467 600 2541 654 ita
2563 608 2610 653 et
2640 614 2732 652 nos
2762 597 2818 651 in
2841 597 3074 651 novitate
3105 595 3228 649 vita:
3257 593 3548 649 ambulemus
3567 597 3681 667 (Rom,

2197 695 2296 766 vr).
2345 692 2577 748 Oremus
2623 689 2808 759 igitur,
2862 685 3067 740 fratres
3115 681 3446 746 charissimi,
3474 683 3684 757 Dominum,

2197 797 2258 843 ut
2309 788 2423 856 ipse
2473 783 2655 838 trahat
2708 795 2805 835 nos
2849 785 2974 850 post
3017 791 3098 841 se.
3145 775 3406 830 faciatab
3435 773 3535 830 imis
3559 779 3605 832 ad
3624 781 3689 835 alta

2198 890 2549 946 consurgere,
2588 875 2679 929 det
2707 870 2862 926 nobis
2899 885 3124 926 suarum
3155 867 3541 924 benedictiones
3562 875 3692 941 gratia-

2201 987 2345 1038 rum,
2394 977 2456 1023 ut
2482 967 2599 1036 ejus
2627 965 2959 1036 passionem,
3001 962 3479 1027 resurrectionem,
3503 972 3548 1017 et
3569 979 3696 1021 ascen-

2201 1064 2434 1124 sionem,
2464 1069 2727 1130 quantum
2760 1071 3050 1128 possumus
3076 1055 3377 1110 imitemur.

2277 1155 2574 1225 Sequitur:
2605 1155 2669 1207 At
2708 1151 2788 1205 illi
2841 1150 2975 1205 nihil
3003 1151 3194 1204 horum
3231 1147 3586 1203 intellexerunt.
3619 1149 3701 1205 Erat

2203 1247 2343 1301 enim
2382 1244 2595 1300 verbum
2650 1243 3018 1297 absconditum
3060 1241 3126 1294 ab
3173 1241 3271 1294 eis.
3307 1238 3451 1294 Idem
3480 1242 3602 1296 hodie
3624 1257 3705 1296 con-

2209 1338 2394 1410 tingit,
2455 1337 2652 1390 fratres
2703 1333 3036 1389 charissimi.
3065 1321 3220 1387 Nam
3264 1347 3389 1386 cum
3447 1334 3706 1402 pradicamus

2209 1430 2519 1487 carnalibus
2565 1427 2895 1493 hominibus,
2941 1427 3085 1496 quod
3123 1425 3301 1496 iustos
3333 1437 3558 1495 oporteat
3583 1429 3620 1483 in
3640 1431 3706 1486 hoc

2210 1525 2411 1580 mundo
2455 1523 2620 1586 tradi,
2671 1521 2860 1587 illudi,
2904 1518 3196 1590 flagellari,
3261 1519 3500 1589 conSpui,
3543 1524 3642 1577 mori
3679 1536 3710 1580 et

2212 1631 2502 1686 resurgere
2528 1632 2544 1670 :
2576 1615 2658 1671 vel
2688 1630 2795 1670 non
2826 1614 3157 1686 intelligunt.
3189 1613 3276 1666 vel
3304 1621 3630 1670 contemnunt.
3652 1616 3712 1673 Est

2211 1711 2358 1765 cnim
2393 1711 2633 1765 divinum
2654 1709 2918 1779 judicium
2946 1708 3030 1764 eis
3057 1707 3462 1763 absconditum.
3491 1709 3546 1763 Et
3568 1715 3714 1780 quando

2210 1803 2730 1872 videnthicjustum
2769 1802 2903 1873 pati,
2954 1811 3148 1871 putant
3193 1817 3319 1856 eum
3364 1800 3448 1856 vel
3475 1806 3715 1870 noncuran',

2215 1896 2299 1952 vel
2339 1895 2636 1968 reprobari.
2688 1893 2821 1949 Cant
2852 1905 3028 1948 autent
3081 1894 3516 1964 appropinquaret
3548 1895 3716 1961 Jericlio,

2213 1991 2429 2063 quidam
2476 2006 2644 2045 ca’cns
2691 1988 2903 2044 sedebat
2943 2004 3094 2042 secus
3137 1987 3276 2042 riam
3316 1989 3610 2042 mendicans.
3646 1988 3717 2045 lict:

2216 2093 2300 2140 est
2329 2083 2626 2138 secundum
2650 2081 2972 2151 capitulum,
3005 2080 3059 2134 in
3087 2095 3196 2149 quo
3229 2078 3488 2134 Dominus
3515 2088 3719 2151 postquam

2217 2175 2466 2248 pnedixit
2497 2173 2776 2245 discipulis
2800 2175 2916 2229 suis
2941 2173 3256 2242 passionem
3288 2182 3346 2226 et
3375 2183 3581 2226 mortem
3602 2189 3710 2228 suam

2219 2269 2488 2324 illuminat
2514 2283 2741 2322 caecum.
2780 2266 2838 2321 Ιιι
2868 2283 2997 2338 quo,
3046 2264 3248 2320 fratres
3275 2265 3587 2332 charissimi,
3607 2279 3713 2321 esten

2218 2363 2297 2416 dit
2322 2376 2379 2415 se
2415 2360 2550 2415 mori
2598 2369 2812 2429 sponte,
2870 2358 2960 2428 qui
3012 2372 3186 2412 caecos
3231 2367 3445 2428 poterat
3486 2357 3714 2413 illuminare

2217 2454 2674 2525 Appropinquans
2737 2465 2866 2506 vero
2922 2448 3186 2514 Jericho,
3259 2450 3522 2504 illuminat
3572 2465 3714 2505 acum

2218 2547 2391 2602 Porro
2416 2545 2637 2610 Jericho
2665 2544 2792 2598 luna
2823 2545 3242 2612 interpretatur,
3269 2557 3369 2612 per
3390 2557 3540 2612 quam
3559 2541 3724 2596 deiectu

2221 2651 2426 2694 nostra:
2470 2637 2824 2693 mortalitatis
2855 2635 3192 2706 intelligitur.
3227 2632 3369 2689 Dum
3401 2650 3522 2705 ergo
3559 2633 3666 2689 Deus
3688 2635 3727 2686 si

2220 2732 2469 2786 defectus
2535 2740 2737 2785 nostra:
2796 2727 3150 2784 mortalitatis
3205 2727 3459 2791 accedit,
3515 2729 3728 2783 humanum

2222 2837 2390 2894 genus
2438 2829 2660 2892 propter
2714 2820 2946 2891 primam
2996 2820 3503 2889 pravaricationem
3545 2831 3731 2886 exeunt,

2224 2913 2306 2967 vel
2337 2913 2404 2968 ad
2435 2912 2529 2968 Dei
2561 2912 2734 2968 lucem
2774 2911 3180 2983 intelligendam
3238 2912 3438 2967 reddit.
3481 2911 3590 2966 Fuit
3610 2921 3733 2966 autem

2225 3022 2329 3062 non
2362 3005 2519 3076 parvi
2560 3004 2743 3060 meriti
2788 3004 2892 3061 iste
2945 3019 3143 3070 caecus,
3194 3003 3399 3058 fratres
3446 3004 3564 3057 mei.
3598 3001 3734 3057 Habuit

2223 3099 2366 3155 enim
2403 3097 2749 3169 patientiam,
2791 3096 2975 3163 fidem,
3006 3096 3276 3152 orationis
3310 3095 3622 3159 instantiam,
3645 3093 3738 3164 peti-

2229 3191 2390 3245 tionis
2415 3189 2763 3256 electionem,
2795 3188 3254 3258 impetrationem,
3278 3188 3640 3250 obedientiam,
3661 3202 3737 3258 gra-
3806 3197 3807 3202 ‘

2228 3285 2424 3338 tiarum
2475 3283 2765 3338 actionem.
2799 3281 3128 3338 Patientiam
3177 3284 3382 3354 quippe
3422 3283 3612 3348 habuit,
3640 3282 3742 3351 quia,

2225 3375 2476 3446 quamvis
2507 3374 2708 3446 duplici
2733 3375 2978 3441 miseria,
3009 3386 3361 3447 paupertate,
3395 3377 3592 3432 scilicet
3617 3385 3658 3430 et
3678 3390 3743 3429 re
3806 3381 3807 3436 ξ

2227 3470 2391 3524 citate
2437 3478 2799 3539 premeretur,
2849 3485 2957 3525 non
3003 3470 3277 3540 desperat,
3313 3471 3410 3524 sed
3447 3470 3742 3524 innocentiam
3806 3507 3807 3514 η

2226 3575 2453 3616 servans
2497 3559 2704 3615 mavult
2753 3562 3088 3628 mendicare,
3121 3577 3286 3632 quam
3321 3562 3514 3627 furari,
3539 3577 3674 3632 quam
3695 3577 3748 3616 ης

2226 3667 2378 3724 pere,
2431 3667 2594 3723 quam
2642 3651 2928 3709 faenerari.
2970 3654 3041 3709 Et
3081 3627 3188 3712 hoc
3216 3667 3407 3711 contra
3437 3627 3672 3727 quosdam
3692 3654 3751 3725 qui

2226 3743 2455 3814 flagellis
2487 3744 2701 3800 Domini
2751 3745 3069 3814 abutuntur,
3117 3747 3267 3803 etde
3298 3725 3494 3817 quibus
3519 3747 3752 3802 debuerunt

2227 3836 2348 3893 ﬁeri
2391 3837 2666 3908 meliores,
2716 3838 2854 3894 fiunt
2894 3839 3127 3912 pejores.
3183 3841 3254 3896 Et
3303 3856 3428 3897 cum
3479 3841 3753 3913 exigentibus
3806 3836 3807 3908 ᾖ

2232 3929 2444 3986 meritis
2489 3931 2631 3997 suis,
2677 3911 3018 4002 aporiantur,
3063 3932 3147 3989 vel
3182 3943 3527 3990 esczecantur
3556 3911 3754 3998 exterius,

2230 4039 2336 4079 non
2370 4024 2740 4095 corriguntur,
2782 4025 2876 4080 sed
2906 4037 3278 4094 excaecantur,
3308 4035 3364 4082 et
3388 4027 3682 4097 aporiantur
3704 4027 3755 4078 ιιι⁴

2234 4117 2422 4183 terius,
2463 4127 2518 4172 et
2561 4117 2699 4172 fiunt
2730 4119 2989 4185 usurarii,
3027 4118 3269 4190 periuri,
3310 4135 3532 4191 rapaces
3569 4129 3620 4173 et
3639 4119 3755 4172 iuret

2230 4207 2306 4263 De
2346 4208 2602 4278 qualibus
2657 4209 2857 4265 dicitur
2884 4227 2898 4264 :
2929 4209 3244 4266 Curavimus
3273 4209 3613 4282 Babylonem,
3634 4219 3674 4263 et
3691 4224 3756 4260 stes

2229 4311 2306 4354 est
2329 4312 2519 4354 sanata
2547 4299 2724 4372 (Hier.
2752 4301 2849 4374 Li).
2875 4301 2944 4357 Et
2973 4302 3103 4358 alibi
3127 4320 3140 4357 :
3173 4303 3369 4358 Omnes
3396 4305 3484 4358 isti
3506 4320 3575 4358 tes
3598 4310 3644 4356 et
3664 4311 3757 4354 stet-

2233 4409 2378 4461 num,
2403 4393 2459 4446 in
2483 4393 2652 4447 medio
2685 4393 2919 4458 fornacis
2946 4393 3169 4465 (Ezech.
3201 4395 3360 4465 un).
3387 4393 3758 4452 Dominusenim.

2233 4496 2495 4556 quantum
2538 4486 2592 4541 in
2635 4501 2694 4542 se
2745 4493 2850 4554 est,
2889 4502 2986 4543 cos
3009 4503 3120 4558 per
3145 4486 3362 4558 ﬂagella
3394 4499 3574 4556 sanat,
3600 4486 3760 4553 sedilis

543 4606 891 4669 consputum,
917 4594 972 4650 in
999 4607 1066 4649 eo
1089 4588 1514 4645 consolabimur.
1544 4585 1780 4640 Necesse
1799 4591 1883 4638 est
1916 4595 2131 4651 quoque
2163 4603 2208 4658 υ
2233 4593 2339 4633 non
2396 4589 2657 4634 sanantur
2678 4619 2694 4644 ,
2747 4579 2844 4636 sed
2894 4588 3022 4635 sunt
3063 4589 3323 4650 tanquam
3365 4595 3443 4636 res
3469 4591 3526 4635 et
3551 4588 3762 4636 stantium.

541 4693 757 4750 Iustum
788 4689 857 4744 ad
887 4685 1057 4743 caelos
1083 4683 1392 4740 tendentem
1437 4675 1682 4746 crucifigi
1720 4682 1776 4730 et
1803 4671 1962 4728 mori.
1995 4669 2132 4728 Abel

539 4787 719 4860 justus
760 4782 829 4838 ab
862 4780 1030 4850 impio
1073 4777 1245 4832 fratre
1279 4772 1497 4829 occisus
1541 4778 1644 4823 est.
1684 4767 1849 4822 Isaias
1891 4774 2133 4821 serratus

545 4858 670 4944 est;
698 4873 969 4932 Jeremias
989 4869 1260 4940 lapidatus
1285 4873 1388 4930 est,
1427 4859 1677 4918 Christus
1712 4858 2002 4913 crucifixus
2027 4866 2130 4923 est,

548 4965 782 5040 apostoli
813 4974 868 5018 et
906 4960 1080 5018 sancti
1135 4964 1402 5026 martyres
1439 4951 1607 5005 variis
1655 4948 1938 5004 tormentis
1985 4948 2134 5020 passi

545 5069 692 5118 sunt.
725 5057 835 5113 Nos
860 5067 1096 5126 quoque,
1137 5049 1340 5105 fratres
1363 5086 1379 5114 ,
1413 5045 1459 5101 si
1491 5045 1559 5100 ad
1597 5043 1793 5100 coelum
1840 5043 2136 5099 ascendere

548 5154 848 5216 volumus,
919 5157 1142 5201 necesse
1199 5148 1285 5195 est
1363 5135 1606 5209 crucifigi
1665 5137 1910 5204 mundo,
1971 5144 2028 5191 et
2088 5132 2137 5190 si

549 5260 660 5300 non
695 5237 966 5298 materiali
991 5232 1254 5304 supplicio
1277 5271 1291 5296 ,
1331 5239 1512 5284 tamen
1551 5228 1856 5285 voluntario
1883 5268 1898 5288 .
1946 5235 2005 5282 ut
2031 5226 2139 5282 sei-

550 5335 677 5391 licet
734 5328 1128 5387 mortificemus
1163 5321 1405 5379 membra
1433 5331 1621 5377 nostra
1649 5336 1770 5392 qua:
1815 5327 1942 5376 sunt
1976 5333 2140 5390 super

551 5437 756 5484 terram
787 5464 803 5491 ,
855 5419 1149 5476 secundum
1206 5417 1336 5473 illud
1381 5415 1626 5487 Apostoli
1675 5433 1689 5470 :
1739 5413 1937 5470 Mortui
1974 5413 2136 5478 estis,

552 5535 600 5575 et
648 5521 754 5575 vita
803 5523 973 5572 vestra
1025 5511 1332 5568 abscondita
1385 5520 1459 5564 est
1513 5525 1632 5564 cum
1681 5506 1892 5563 Christo
1931 5507 1985 5560 in
2030 5505 2140 5561 Deo

557 5613 694 5686 (Col.
727 5613 833 5684 ιιι).
859 5610 967 5666 Sed
1009 5608 1200 5673 etiam,
1241 5605 1462 5686 fratres,
1509 5618 1655 5660 mors
1703 5599 1999 5670 corporalis
2042 5599 2140 5655 be-

557 5710 718 5779 nigne
747 5723 777 5759 a
812 5704 968 5760 nobis
1007 5683 1471 5771 exspectanda'et
1516 5696 1838 5763 excipienda
1880 5701 1983 5749 est.
2033 5691 2141 5747 Ne-

557 5816 710 5856 cesse
754 5806 840 5852 est
881 5797 1066 5861 etiam,
1101 5794 1297 5848 fratres
1328 5791 1431 5845 mei
1455 5831 1469 5857 ,
1510 5789 1712 5859 justum
1757 5800 2040 5856 resurgere
2075 5785 2142 5840 de

560 5891 706 5952 vitiis
749 5889 820 5945 ad
865 5887 1142 5956 virtutem,
1180 5887 1247 5942 de
1287 5891 1462 5942 morte
1492 5883 1560 5938 ad
1583 5882 1772 5951 vitam,
1804 5879 1871 5936 de
1904 5878 2141 5936 tenebris

2235 4686 2360 4726 cum
2408 4669 2657 4742 rubigine
2696 4685 2794 4727 sua
2827 4671 2883 4727 in
2922 4671 3102 4727 medio
3132 4672 3524 4728 tribulationis.
3555 4669 3764 4725 Siculas.

2237 4771 2347 4817 tem
2399 4761 2718 4831 abundans,
2750 4763 2806 4832 ,εἰ
2849 4762 3251 4837 eleemosynam
3301 4764 3585 4830 comedat,
3628 4758 3764 4815 dicitet

2237 4856 2528 4913 comedere
2573 4867 2796 4928 peccata
2851 4857 3073 4928 populi,
3135 4858 3211 4913 ita
3268 4873 3476 4929 pauper
3521 4860 3691 4912 virens
3729 4852 3766 4902 dt

2235 4949 2600 5021 eleemosyna,
2641 4949 2776 5004 vivit
2803 4949 2870 5005 de
2901 4951 3097 5021 gratia.
3143 4950 3336 5008 Fidem
3365 4966 3519 5018 vero,
3559 4944 3768 5004 testem:-

2238 5041 2412 5108 mino,
2460 5055 2638 5096 catcus
2664 5040 2881 5108 habuit,
2912 5038 3040 5112 quia
3063 5055 3207 5105 eum,
3237 5055 3405 5112 quem
3438 5051 3547 5096 tam
3572 5041 3769 5094 instante

2239 5140 2300 5188 ιιι
2321 5132 2405 5188 sui
2434 5133 2811 5196 misereretur,
2855 5142 2911 5188 et
2957 5148 3017 5189 se
3063 5111 3423 5200 illuminaret,
3465 5131 3684 5204 rogavit,
3710 5128 3770 5180 in:

2239 5241 2363 5282 eum
2411 5240 2571 5296 posse
2616 5241 2725 5281 non
2769 5224 3052 5280 dubitavit.
3107 5225 3174 5280 Et
3217 5225 3324 5281 hoc
3353 5236 3546 5280 contra
3581 5222 3687 5277 illos

2241 5320 2336 5392 qui
2386 5319 2548 5375 dubie
2589 5329 2645 5375 et
2690 5319 2990 5375 hmsitando
3026 5328 3240 5391 petunt.
3275 5318 3434 5375 Unde
3462 5313 3768 5374 Jac-obnxe:

2241 5414 2359 5484 quis
2398 5413 2600 5484 indiget
2650 5414 2928 5484 sapientia,
2951 5411 3178 5483 postulet
3199 5431 3230 5466 a
3263 5411 3486 5467 Domino
3513 5410 3644 5465 nihil
3669 5408 3769 5460 bes:-

2241 5515 2381 5560 tans.
2423 5504 2565 5558 Nam
2599 5506 2690 5577 qui
2726 5505 2955 5573 Inesitat,
2988 5505 3176 5560 similis
3199 5516 3275 5560 est
3303 5507 3490 5577 ﬂuctui
3536 5503 3766 5564 mariue»

2243 5616 2276 5653 a
2315 5608 2462 5653 vento
2486 5609 2741 5665 movetur,
2775 5607 2825 5654 et
2852 5599 3225 5668 circumfertur
3254 5599 3398 5669 (Jac.
3421 5599 3479 5671 ι).
3511 5597 3629 5653 Non
3649 5600 3762 5647 sibi

2244 5693 2474 5749 aestimet
2528 5693 2689 5749 homo
2742 5692 2884 5759 talis,
2937 5694 3080 5763 quod
3124 5694 3358 5765 accipiat
3404 5685 3760 5763 aliquidaDu‘I

2244 5785 2517 5854 Quantum
2551 5794 2734 5840 autem
2778 5799 2909 5840 vera
2939 5784 3076 5840 fides
3098 5785 3166 5839 ad
3197 5785 3600 5856 impetrandum
3630 5775 3750 5831 ηὶθ-ἒί

2245 5879 2483 5938 ostendit
2514 5877 2778 5936 Dominus
2815 5877 3002 5936 dicens
3033 5894 3046 5934 :
3075 5875 3137 5933 Si
3171 5877 3458 5935 habueritis
3471 5876 3630 5949 ﬁdem
3649 5878 3753 5941 εῖν·-
