3822 6316
116 384 132 435 l
144 377 230 436 777

109 510 204 556 tum
221 506 426 566 granum
447 485 662 556 sinapis,
686 483 868 540 dicetis
892 488 1056 541 monti
1067 487 1188 542 huic
1210 500 1227 541 :
1251 486 1501 560 Transfer
1520 499 1586 557 te,
1613 499 1660 545 et

99 595 232 665 jncta
257 597 301 642 te
322 585 375 638 in
392 599 550 646 mare,
582 591 628 635 et
651 581 738 650 ﬁet
776 578 992 652 (Matth.
1010 597 1122 638 xvn
1143 599 1157 648 ;
1179 580 1308 637 Luc.
1339 587 1492 654 xvn).
1518 584 1653 640 Cum

108 696 249 754 ergo.
276 677 488 741 fratres,
528 672 888 745 postulamus,
915 687 1038 728 cum
1068 689 1262 745 magna
1295 676 1487 730 fiducia
1512 676 1654 742 fidei,

109 771 232 847 quod
261 767 635 843 postulandum
675 775 777 834 est,
815 765 1172 836 postulemus.
1215 767 1486 824 Orationis
1525 783 1660 838 quo-

106 880 197 937 que
219 859 515 917 instantiam
548 858 756 924 habuit,
809 859 935 928 quia
975 869 1179 930 quanto
1229 860 1400 929 magis
1428 874 1457 913 a
1490 859 1661 915 turbis

105 952 443 1030 praceuntibus
481 950 884 1022 increpabatur,
931 959 992 1005 ut
1026 959 1246 1016 taceret,
1293 959 1444 1007 tanto
1491 951 1664 1022 magis

105 1047 381 1105 clamabat:
415 1042 524 1098 Fili
566 1043 758 1110 David,
804 1044 1051 1098 miserere
1090 1045 1225 1110 mei,
1275 1059 1560 1116 usquequo
1608 1052 1665 1100 et

108 1141 368 1198 tumultum
414 1139 693 1193 turbarum
740 1137 1005 1204 vinceret,
1045 1146 1102 1194 et
1128 1135 1314 1194 Iesum
1368 1147 1662 1194 transeun-

103 1249 219 1300 tem,
247 1237 312 1290 ad
355 1233 604 1289 standum
648 1240 703 1288 et
743 1235 811 1287 ad
859 1231 1228 1288 miserandum
1273 1238 1663 1288 commoveret.

104 1329 256 1396 Quem
302 1341 398 1382 nos
438 1325 736 1390 imitantes,
781 1323 980 1380 fratres
1013 1323 1340 1393 charissimi,
1370 1324 1669 1381 clamemus

102 1420 215 1476 totis
234 1418 530 1473 visceribus
557 1417 734 1472 cordis
765 1419 833 1472 ad
861 1430 982 1470 eum
1006 1433 1018 1470 :
1038 1413 1140 1470 Fili
1179 1415 1371 1481 David,
1403 1415 1670 1470 miserere

102 1513 258 1568 nobis.
303 1510 370 1565 Et
411 1510 455 1565 si
504 1509 695 1574 turbat,
747 1517 802 1564 et
856 1507 1116 1564 tumultus
1157 1522 1420 1562 vanarum
1461 1508 1670 1579 cogita-

102 1607 312 1672 tionum,
367 1603 450 1659 vel
500 1604 863 1674 malignorum
916 1601 1230 1672 spirituum,
1262 1610 1324 1656 ut
1357 1601 1670 1671 frequenter

99 1694 370 1763 contingit,
423 1707 522 1748 nos
557 1703 779 1748 orantes
817 1692 1128 1747 disturbant
1159 1700 1216 1745 et
1248 1691 1572 1762 impediunt,
1611 1699 1672 1745 ut

95 1792 156 1846 ab
182 1789 425 1845 oratione
450 1803 749 1852 cessemus,
789 1787 949 1844 Jesus
996 1798 1216 1859 prapter
1248 1795 1485 1856 teporem
1518 1800 1672 1841 men-

97 1883 158 1938 tis
203 1892 398 1938 nostrte
445 1880 602 1936 nobis
653 1880 865 1936 transit.
915 1878 1021 1934 Sed
1072 1895 1190 1945 nos,
1226 1879 1447 1944 fratres,
1479 1876 1665 1932 turbas

93 1984 141 2030 et
175 1975 553 2045 phantasmata
596 1972 1012 2042 cogitationum,
1041 1987 1072 2028 a
1106 1971 1262 2026 nobis
1301 1971 1427 2026 totis
1458 1971 1668 2026 viribus

95 2066 424 2136 repellamus.
476 2064 543 2119 Et
592 2073 795 2134 quanto
845 2063 964 2133 plus
1012 2078 1111 2118 nos
1165 2061 1469 2130 infestant,
1515 2071 1668 2118 tanto

93 2159 252 2230 magis
301 2159 602 2215 clamemus
631 2175 644 2212 :
677 2157 777 2212 Fili
826 2157 1016 2224 David,
1079 2157 1341 2212 miserere
1385 2156 1562 2212 nobis.
1601 2155 1670 2211 Et

97 2260 215 2306 tunc
257 2249 508 2322 profecto
560 2251 814 2307 Christus
857 2251 910 2306 in
951 2251 1206 2306 cordibus
1250 2251 1452 2305 nostris
1483 2249 1666 2316 stabit,

86 2351 136 2399 et
180 2358 278 2399 nos
329 2358 432 2414 per
478 2343 712 2414 gratiam
767 2359 918 2398 suam
982 2342 1327 2398 illuminabit.
1382 2341 1671 2397 Petitionis

88 2433 399 2489 electionem
448 2433 671 2498 habuit,
736 2434 859 2503 quia
909 2433 1276 2505 interrogatus
1325 2448 1356 2488 a
1402 2431 1668 2487 Domino:

91 2523 224 2593 Quid
247 2527 348 2590 vis,
377 2535 438 2580 ut
476 2524 671 2591 facium
705 2525 839 2579 tibi?
875 2523 989 2580 Non
1032 2525 1188 2596 petiit
1216 2541 1244 2578 a
1271 2524 1500 2580 Domino
1528 2524 1672 2578 sicut

85 2632 112 2672 a
149 2619 299 2688 puris
353 2617 670 2673 hominibus
717 2617 926 2672 solebat
973 2633 1168 2689 panem
1203 2617 1554 2690 temporalem
1587 2616 1671 2672 vel

84 2719 394 2779 argentum,
429 2710 512 2764 vel
545 2709 750 2780 aliquid
784 2709 912 2775 tale,
943 2710 1038 2765 sed
1065 2710 1262 2776 lucem,
1295 2720 1351 2766 et
1378 2722 1505 2782 puto
1527 2709 1671 2780 quod

81 2813 375 2875 utrumque
430 2805 606 2875 petiit,
665 2804 808 2860 sicut
860 2813 1150 2875 utrumque
1204 2805 1438 2876 accepit.
1497 2804 1668 2872 Quem

81 2912 197 2963 nos,
231 2897 464 2961 fratres.
496 2899 796 2964 imitantes,
829 2907 1082 2963 petamus
1109 2914 1138 2953 a
1174 2899 1282 2954 Deo
1312 2897 1474 2952 Patre
1512 2898 1671 2952 lumi-

78 3006 198 3044 num
251 3008 362 3046 non
418 2991 622 3060 aliquid
675 2992 1048 3046 transitminm
1081 3033 1096 3056 ,
1159 2991 1252 3047 sed
1296 2991 1512 3056 lucem;
1569 3006 1672 3046 nec

77 3083 245 3139 lucem
279 3100 410 3156 qua:
440 3085 558 3140 loco
607 3085 897 3152 clauditur,
939 3094 994 3140 et
1037 3094 1281 3156 tempore
1324 3087 1670 3151 terminatur,

75 3179 162 3232 sed
207 3179 397 3233 lucem
450 3179 646 3234 divina:
697 3179 944 3234 visionis.
991 3177 1425 3249 lmpetrationem
1464 3178 1668 3243 habuit,

75 3272 193 3340 quia
241 3271 395 3326 sicut
441 3270 815 3342 postulaverat
848 3280 904 3326 et
935 3270 1178 3326 exterius
1205 3283 1259 3324 et
1297 3270 1525 3325 interius
1555 3271 1676 3324 illu-
1704 3241 1752 3305 Ο

73 3365 313 3420 minatus
370 3364 507 3429 fuit,
549 3366 768 3436 quando
809 3364 1014 3419 dictum
1057 3375 1142 3418 est
1169 3363 1219 3418 ei
1251 3362 1514 3432 :Respice,
1544 3363 1676 3433 ﬁdes

74 3465 157 3508 tun
197 3466 247 3510 te
292 3457 510 3512 salvum
537 3456 682 3526 fecit,
727 3467 776 3511 et
815 3456 1090 3526 conjestim
1133 3455 1282 3510 vidit.
1338 3456 1507 3522 Quem
1553 3470 1674 3521 nos,

68 3547 290 3614 fratres,
326 3550 638 3615 imitantes.
671 3565 771 3606 nos
804 3549 1262 3605 illuminationem
1289 3559 1549 3604 :eteruam
1578 3550 1680 3604 im-

67 3647 398 3709 petraturos
447 3643 810 3710 confidamus,
854 3643 983 3700 siin
1037 3641 1270 3698 ferventi
1319 3641 1680 3713 postulatione

64 3736 636 3800 perseveraverimus.
666 3735 1044 3792 Obedientiam
1095 3735 1307 3803 habuit,
1343 3734 1490 3806 quia,
1531 3745 1681 3806 post-

65 3840 230 3895 quam
279 3828 452 3891 vidit,
499 3843 624 3882 eum
665 3838 884 3884 secutus
911 3839 1016 3886 est.
1051 3827 1212 3886 Videt
1237 3829 1386 3884 enim
1419 3836 1473 3882 et
1500 3827 1681 3898 sequi-

63 3926 174 3983 tur,
202 3917 304 3987 qui
343 3919 556 3972 bonum
605 3922 749 3989 quod
788 3919 1066 3991 intelligit,
1093 3928 1376 3992 Operatur.
1401 3918 1555 3986 Quod
1581 3933 1681 3974 nos

62 4006 327 4078 indignos
373 4011 770 4082 praedicatores
811 4013 1106 4082 redarguit,
1139 4014 1230 4082 qui
1268 4028 1366 4084 per
1397 4011 1680 4068 scientiam

56 4101 347 4172 videmus,
411 4112 471 4158 et
514 4113 695 4158 tamen
731 4120 826 4176 per
866 4106 1237 4176 operationem
1268 4107 1544 4164 Christum
1575 4122 1681 4162 non

54 4197 391 4265 sequimur.
431 4196 589 4252 Viam
623 4197 745 4252 aliis
775 4197 1245 4265 demonstramus,
1278 4211 1333 4256 et
1365 4210 1542 4255 tamen
1586 4214 1686 4254 nos

49 4302 300 4358 pergere
363 4304 484 4344 non
534 4303 810 4344 curamus.
861 4287 1179 4346 Moneamus
1236 4290 1402 4362 igitur
1449 4297 1683 4352 nosmet.

53 4378 270 4436 fratres
325 4380 680 4446 charissimi,
727 4382 793 4436 ad
841 4381 1150 4436 faciendum
1200 4383 1344 4450 quod
1373 4382 1592 4445 scimus,
1632 4389 1689 4436 et

44 4473 198 4541 quod
235 4473 630 4544 praedicamus
657 4512 672 4537 ,
705 4471 964 4541 quoniam
1003 4487 1194 4528 servus
1232 4472 1410 4527 sciens
1436 4471 1684 4526 volunta-

32 4573 160 4623 tem
196 4564 440 4620 domini
491 4563 594 4628 sui,
650 4571 707 4618 et
743 4579 849 4618 non
904 4562 1133 4629 faciens,
1189 4562 1362 4634 plagis
1407 4562 1688 4632 vapulabit

35 4656 250 4713 multis
286 4653 476 4727 (Luc.
503 4653 626 4715 ml.
675 4652 986 4709 Gratiarum
1019 4668 1233 4723 quoque
1269 4653 1538 4708 actionem
1581 4667 1686 4707 cte-

43 4765 146 4805 cus
208 4747 612 4804 illurninatori
669 4762 768 4803 suo
815 4747 947 4818 egit,
1003 4754 1058 4800 et
1111 4746 1250 4802 alios
1296 4743 1543 4814 exemplo
1586 4759 1686 4800 suo

36 4858 215 4914 agere
244 4841 430 4907 fecit,
455 4840 710 4912 quoniam
735 4839 1077 4911 subiungitur
1103 4854 1119 4894 :
1148 4837 1218 4893 Et
1240 4839 1550 4912 sequebatur
1568 4852 1687 4892 eum

38 4935 444 5006 magnificans
468 4932 658 4986 Deum.
699 4930 769 4986 Et
804 4931 972 4986 omnis
1017 4930 1184 5002 plebs,
1229 4939 1285 4984 ut
1334 4929 1486 4994 vidit,
1545 4926 1689 4982 dedit

44 5031 273 5086 eadem
334 5029 487 5085 Deo.
530 5027 640 5084 Nos
667 5042 904 5098 quoque,
946 5024 1143 5082 fratres
1168 5024 1293 5090 mei,
1325 5024 1390 5078 de
1412 5021 1691 5078 immensis

42 5123 365 5180 teneficiis
433 5135 540 5176 non
593 5121 765 5176 simus
820 5118 1040 5190 ingrati,
1106 5117 1201 5174 sed
1246 5132 1313 5173 ex
1359 5123 1473 5170 toto
1504 5113 1690 5180 corde,

44 5217 219 5273 rerbo
249 5225 322 5272 et
359 5228 540 5283 opere
569 5214 772 5286 gratias
797 5227 1042 5284 agamus,
1074 5211 1192 5283 eius
1215 5209 1491 5276 laudibus,
1521 5221 1694 5278 quan-

46 5321 153 5364 utn
219 5306 567 5379 possimus,
625 5305 678 5359 in
734 5305 837 5360 hoc
883 5301 1082 5358 sarculo
1131 5301 1467 5366 insistamus,
1527 5307 1588 5353 ut
1638 5298 1694 5354 in

47 5407 348 5458 uernum
392 5411 522 5453 eum
549 5395 731 5452 videre
752 5405 806 5452 et
835 5394 1058 5452 laudare
1086 5408 1417 5450 mereamur.
1451 5390 1558 5447 Per
1581 5388 1694 5445 Do-

49 5492 270 5550 hinum
308 5499 590 5547 nosuum
613 5488 798 5546 Jesum
827 5491 1134 5557 Christum,
1169 5487 1262 5559 qui
1293 5502 1414 5542 cum
1445 5485 1611 5541 Patre
1639 5491 1698 5568 et

51 5587 269 5662 'piritu
311 5594 538 5640 sancto
561 5584 693 5640 vivit
716 5593 773 5641 et
795 5593 988 5656 regnat
1009 5585 1154 5640 Deus
1175 5597 1273 5655 per
1293 5580 1475 5639 omnia
1499 5577 1694 5638 macula

53 5677 427 5740 'Bculorum
455 5676 652 5733 Amen.

901 368 1210 430 ΗΟΜΙΙΛᾸΞ
1251 371 1317 430 IN
1358 371 1575 432 EPIST.
1614 376 1665 433 E‘

1785 377 1988 440 VANG.
2023 377 2327 440 DOMINIC.
2365 413 2438 422 —
2461 379 2701 440 PARSI.

3209 381 3347 445 1778

1690 497 1735 555 Α
2288 494 2568 552 IIOMILIA
2614 494 2826 552 XXXII.

2061 604 2219 644 FERIA
2257 605 2472 654 QUARTA
2510 605 2560 644 IN
2598 605 2790 644 CAPITE
2829 603 3039 650 JEJUN".

1834 677 2208 735 Convertimini
2236 681 2304 734 ad
2327 698 2406 734 me
2430 681 2481 734 in
2506 689 2614 734 toto
2647 680 2802 734 corde
2831 693 3020 747 vestro,
3058 681 3114 736 in
3135 679 3346 752 jejunis

1763 783 1812 826 et
1837 773 1988 843 ﬂetu,
2027 783 2075 828 et
2105 773 2343 845 planctu,
2383 784 2432 828 et
2476 774 2700 828 scindite
2730 775 2891 829 corda
2919 784 3116 843 vestra,
3147 785 3195 829 et
3247 790 3350 829 non

1764 865 2068 920 vestimenta
2119 876 2285 920 restra
2331 865 2492 937 (Joel.
2542 868 2627 934 ll),
2659 875 2764 922 etc.
2800 865 2895 922 His
2923 866 3126 932 verbis,
3156 866 3352 921 fratres

1766 957 2101 1024 charissimi,
2131 956 2260 1012 olim
2279 958 2599 1013 hortabatur
2621 957 2883 1014 Dominus
2909 973 3008 1028 per
3031 957 3351 1028 prophetam

1766 1051 2023 1123 populum
2049 1067 2232 1117 suum,
2261 1051 2353 1122 qui
2379 1050 2654 1123 peccando
2708 1058 3016 1108 recesserat
3035 1065 3066 1105 a
3097 1065 3176 1116 se,
3225 1064 3354 1104 con-

1766 1143 1906 1197 verti
1939 1143 2006 1198 ad
2047 1158 2126 1199 se.
2159 1142 2335 1200 Porro
2388 1158 2511 1214 qua:
2565 1144 2695 1200 olim
2747 1143 2884 1199 dixit
2915 1141 3154 1208 'Judaeis,
3211 1155 3355 1195 nunc

1768 1249 1985 1306 quoque
2008 1236 2141 1292 dicit
2168 1235 2346 1290 nobis.
2375 1235 2515 1292 Sunt
2537 1242 2719 1292 autem
2753 1235 2918 1306 hujus
2945 1234 3195 1290 lectionis
3222 1247 3355 1300 qua-

1770 1337 1896 1382 tuor
1923 1337 2126 1399 partes.
2159 1327 2346 1383 Primo
2376 1328 2522 1383 enim
2564 1335 2746 1382 monet
2770 1326 3026 1397 populum
3048 1341 3204 1382 suum
3230 1339 3353 1394 pec-

1771 1427 2013 1474 catorem
2039 1415 2106 1471 ad
2148 1433 2207 1472 se
2259 1417 2502 1473 converti
2550 1434 2564 1471 :
2607 1419 2845 1473 secundo
2907 1417 3059 1487 ponit
3122 1428 3347 1471 causam

1771 1529 1939 1585 quare
1969 1513 2165 1568 debeat
2195 1513 2460 1567 converti.
2497 1511 2684 1568 Tertio
2726 1511 2964 1567 ostendit
3001 1510 3093 1581 qui
3126 1508 3356 1565 debeant

1773 1605 2038 1661 converti.
2072 1604 2280 1672 Quarto
2304 1619 2411 1674 qua
2429 1603 2681 1658 utilitate.
2705 1603 2891 1658 Primo
2921 1603 3110 1674 igitur,
3139 1601 3356 1661 fratres.

1773 1706 1956 1752 monet
1996 1711 2096 1752 nos
2150 1695 2410 1750 Dominus
2469 1696 2539 1750 ad
2575 1709 2634 1750 se
2687 1695 2960 1761 converti,
2996 1711 3120 1751 cum
3179 1693 3358 1750 dicit:

1773 1791 2148 1848 Convertimini
2179 1793 2247 1847 ad
2277 1810 2376 1848 me.
2413 1792 2574 1856 Ecce,
2610 1793 2808 1849 fratres
2853 1793 2982 1856 mei,
3012 1802 3212 1863 quanta
3234 1800 3360 1848 sunt

1769 1888 1978 1944 viscera
2010 1888 2234 1959 pietatis
2259 1889 2476 1944 divinae.
2503 1887 2682 1960 Rogat
2705 1905 2803 1944 nos
2825 1889 2916 1959 qui
2948 1888 3127 1958 rogari
3154 1886 3361 1943 debuit.

1769 1979 2019 2037 Oﬂ‘ensus
2047 1981 2310 2036 Dominus
2339 1990 2498 2052 rogat
2525 1997 2746 2038 servum
2781 1979 3090 2052 fugitivum.
3115 1977 3364 2034 Offensus

1771 2089 2002 2145 sponsus
2029 2083 2185 2144 rogat
2227 2075 2408 2130 redire
2457 2090 2715 2146 sponsam
2759 2074 3176 2130 adulterantem.
3212 2069 3367 2128 Unde

1773 2167 1890 2238 ipse
1907 2182 2000 2237 per
2017 2164 2308 2222 Jeremiam
2325 2166 2646 2237 prophetam
2668 2165 2852 2222 Judeze
2876 2181 3000 2221 cum
3023 2162 3366 2220 daemonibus

1773 2257 2104 2312 adulteranti
2127 2257 2326 2313 clamat
2353 2275 2367 2312 :
2398 2255 2458 2313 Si
2497 2257 2741 2312 recedens
2771 2273 2908 2312 uxor
2938 2274 2970 2311 a
2993 2256 3126 2320 viro,
3157 2252 3367 2308 duxerit

1772 2347 1942 2402 virum
1993 2347 2242 2412 alterum,
2297 2347 2532 2418 nunquid
2587 2356 2876 2403 revertetur
2910 2346 2980 2400 ad
3008 2361 3124 2400 eam
3169 2343 3313 2398 ultra
3339 2340 3366 2395 ?

1776 2438 2035 2510 Nunquid
2065 2455 2167 2493 non
2186 2439 2387 2509 polluta
2411 2449 2460 2493 et
2497 2440 2856 2494 contaminata
2879 2439 2977 2494 erit
3003 2437 3192 2492 mulier
3220 2434 3319 2490 illa
3340 2431 3369 2489 2

1778 2528 1857 2584 Tu
1887 2539 2062 2583 autem
2077 2529 2350 2600 fornicata
2371 2547 2426 2586 es
2446 2547 2565 2586 eum
2594 2531 2922 2586 amatoribus
2959 2529 3159 2594 multis,
3190 2538 3368 2583 tamen

1778 2631 2032 2676 revertere
2088 2621 2157 2675 ad
2199 2637 2282 2676 me
2335 2623 2465 2677 dicit
2515 2621 2774 2678 Dominus
2805 2621 2944 2694 (Jer.
2985 2632 3095 2692 tu).
3148 2620 3370 2690 Quoties

1777 2713 1950 2780 enim,
1974 2712 2176 2767 fratres
2205 2711 2334 2780 mei,
2359 2713 2540 2768 anima
2565 2713 2922 2769 criminaliler
2949 2714 3371 2786 transgreditur,

1779 2807 1940 2861 toties
1965 2805 2266 2877 legitimum
2306 2821 2569 2877 sponsum
2618 2807 2868 2868 dituittit.
2899 2815 2956 2862 et
3000 2822 3124 2863 cum
3157 2803 3372 2861 diabolo

1779 2897 2108 2952 mtecbatur.
2162 2895 2318 2952 Hanc
2361 2907 2543 2953 tamen
2575 2897 2741 2963 banc,
2787 2899 3017 2954 infinita:
3049 2899 3369 2956 misericor-

1778 2990 1881 3046 dia:
1914 2989 2175 3045 Dominus
2215 2989 2487 3057 hortatur,
2517 2991 2805 3053 utredeat.
2865 2999 2922 3046 et
2957 2990 3116 3062 juxta
3143 2992 3374 3063 proplteo

1781 3092 1893 3137 tam
1919 3087 2096 3149 rogat,
2128 3087 2186 3133 ut
2213 3079 2400 3134 audiat
2435 3095 2624 3136 vocem
2677 3089 2800 3152 post
2847 3089 3056 3153 tergum
3083 3081 3374 3138 monentis.

1785 3175 2180 3243 Convertimini,
2222 3177 2420 3244 inquit,
2479 3176 2550 3230 ad
2599 3191 2700 3230 me.
2733 3174 2800 3230 Et
2840 3175 2997 3245 quasi
3043 3190 3376 3247 quaeremus.

1783 3270 2055 3342 quomodo
2081 3270 2144 3325 ad
2172 3279 2225 3324 te
2258 3268 2674 3324 convertemur?
2728 3267 2943 3323 Modum
2983 3267 3230 3338 adjungit
3263 3285 3278 3324 :
3307 3266 3377 3324 In

1785 3377 1892 3420 toto
1923 3366 2080 3420 corde
2099 3379 2289 3420 vestro.
2323 3364 2555 3432 Quidam
2586 3371 2712 3418 sunt
2751 3362 2840 3431 qui
2873 3371 3267 3417 convertuntur
3308 3361 3378 3417 ad

1785 3459 1976 3525 Deum,
2001 3457 2095 3512 sed
2119 3471 2226 3511 non
2257 3456 2310 3510 in
2343 3464 2456 3510 toto
2476 3453 2659 3510 corde.
2688 3451 2805 3507 Non
2823 3451 2966 3506 enim
2991 3450 3044 3506 in
3073 3457 3190 3508 toto
3211 3450 3378 3507 corde

1785 3550 1852 3605 ad
1879 3550 2048 3605 Deum
2079 3549 2439 3614 convertitur,
2486 3547 2577 3617 qui
2626 3543 2900 3617 quoddam
2931 3544 3123 3600 vitium
3155 3552 3380 3616 propter

1785 3641 1954 3698 Deum
1972 3641 2194 3708 deserit,
2212 3642 2336 3695 etin
2358 3641 2464 3695 alio
2489 3639 2666 3694 adhuc
2689 3647 2952 3693 moratur.
2970 3636 3146 3706 Quod,
3173 3637 3375 3694 fratres

1789 3734 1920 3802 mei,
1949 3734 2172 3790 omnino
2224 3747 2534 3789 caveamus.
2571 3729 2705 3786 Nam
2761 3731 3013 3802 impietas
3049 3741 3133 3787 est
3161 3747 3191 3786 a
3243 3731 3380 3798 Deo,

1787 3827 1878 3896 qui
1908 3839 2120 3881 summa
2141 3824 2352 3893 justitia
2379 3833 2487 3891 est,
2517 3824 2733 3878 veniam
2761 3837 2982 3894 sperare
3012 3823 3379 3880 dimidiatam.

1789 3920 1932 3974 Deus
1957 3919 2100 3974 enim
2119 3928 2209 3972 aut
2232 3919 2414 3972 omnia
2450 3917 2702 3981 dimittit,
2745 3925 2840 3970 aut
2869 3916 3031 3972 nihil.
3080 3916 3380 3987 Propterea

1789 4012 1917 4081 quid
1955 4011 2195 4081 prodest,
2233 4011 2432 4065 fratres
2460 4010 2589 4076 mei,
2623 4007 2869 4064 sauciato
2923 4008 3107 4064 omnia
3154 4009 3381 4065 vulnera

1790 4118 2029 4170 curasse,
2066 4103 2112 4157 si
2139 4118 2304 4156 unum
2361 4109 2532 4156 restat
2566 4099 2944 4156 mortiferum?
2993 4101 3132 4169 Quid
3162 4101 3384 4172 prodest

1791 4197 1956 4254 etiam
1983 4211 2176 4252 omnes
2200 4196 2377 4251 aditus
2399 4195 2568 4251 castri
2600 4194 2908 4260 obserasse,
2947 4194 2994 4250 si
3041 4210 3181 4249 unus
3211 4201 3384 4249 restat

1793 4299 2014 4361 apertus
2038 4305 2134 4360 per
2159 4305 2319 4359 quem
2371 4289 2546 4344 irruat
2595 4288 2887 4344 inimicus?
2918 4287 3124 4359 Itaque,
3179 4287 3381 4344 fratres

1792 4383 1920 4448 mei,
1951 4383 2132 4437 omnia
2160 4392 2380 4453 peccata
2414 4397 2444 4436 a
2467 4381 2625 4437 nobis
2649 4391 2983 4444 avertamus.
3009 4391 3066 4435 ut
3097 4379 3384 4436 totocorde

1792 4473 1859 4528 ad
1887 4473 2057 4529 Deum
2089 4484 2492 4530 convertamur.
2535 4474 2642 4530 Sed
2688 4489 2788 4530 nec
2839 4475 2941 4530 hoc
2998 4471 3232 4538 sullicit,
3277 4471 3384 4526 nisi

1717 4606 1767 4666 ο
1795 4575 2108 4636 perpetrata
2131 4566 2296 4621 etiam
2319 4577 2545 4636 peccata
2567 4565 2620 4620 in
2646 4565 2802 4621 nobis
2825 4563 3135 4634 puniamus.
3161 4561 3314 4618 Unde
3329 4571 3386 4617 et

1795 4659 1980 4714 subdit
2013 4676 2026 4712 :
2072 4657 2141 4713 In
2184 4658 2416 4729 jejunio,
2444 4668 2491 4712 et
2521 4659 2670 4727 ﬂetu,
2701 4664 2751 4710 et
2782 4657 3016 4727 planctu.
3071 4654 3126 4709 In
3171 4653 3384 4710 duobus

1792 4749 1939 4803 enim
1969 4763 2099 4804 vera
2155 4749 2414 4805 consistit
2456 4748 2798 4819 poenitentia,
2830 4747 2883 4802 in
2931 4745 3224 4802 evitatione
3260 4760 3387 4816 pec-

1794 4843 1922 4910 cati,
1954 4850 2010 4898 et
2035 4842 2408 4898 satisfactione
2442 4841 2741 4898 commissi.
2773 4839 3098 4896 Pmnitentia
3126 4839 3272 4895 enim
3301 4848 3389 4896 est

1793 4943 2102 5007 perpetrata
2117 4935 2257 4991 mala
2286 4935 2563 5006 plangere,
2593 4944 2648 4989 et
2681 4933 2982 5006 plangentia
3005 4949 3112 4989 non
3135 4933 3386 4989 commit-

1799 5039 1934 5086 tere.
1977 5029 2061 5085 Ad
2098 5037 2392 5098 utrumque
2427 5029 2518 5084 hic
2553 5035 2866 5111 nionet.nos
2887 5041 2954 5082 ne
2976 5025 3386 5082 committamus

1795 5124 2123 5197 plangenda,
2152 5140 2277 5180 cttm
2305 5123 2383 5179 ait
2413 5141 2426 5178 :
2450 5120 2827 5178 Convertimini
2850 5121 2904 5176 in
2940 5129 3048 5175 toto
3077 5119 3276 5186 corde;
3325 5127 3383 5175 et

1798 5217 2120 5288 plangamus
2164 5224 2495 5288 perpetrata,
2547 5229 2669 5270 cum
2697 5214 2775 5268 ait
2803 5231 2817 5268 :
2846 5213 2915 5268 1n
2938 5212 3148 5284 jejunio
3177 5221 3224 5267 et
3254 5213 3384 5283 ﬂetu

1800 5318 1849 5364 et
1877 5307 2118 5379 planctu,
2145 5317 2193 5362 et
2236 5305 2455 5361 scindite
2482 5305 2644 5360 corda
2673 5315 2844 5360 uestra
2880 5313 2930 5359 et
2955 5321 3058 5358 non
3087 5303 3388 5359 uestimenta

1801 5411 1996 5462 vestra.
2027 5401 2132 5458 Per
2153 5401 2257 5458 hoc
2283 5400 2430 5456 enim
2462 5398 2768 5456 satisfactio
2811 5399 2879 5455 de
2913 5397 3222 5454 commissis
3264 5411 3387 5468 pec-

1803 5499 1942 5556 catis
1962 5498 2121 5555 nobis
2151 5499 2579 5564 demonstratur,
2611 5511 2731 5567 qua:
2758 5494 3009 5551 consistit
3038 5493 3091 5548 in
3115 5493 3308 5557 tribus,
3334 5490 3388 5546 in

1805 5587 2183 5648 satisfactione
2234 5589 2440 5659 operis,
2495 5587 2548 5643 in
2605 5585 3019 5659 compunctione
3066 5581 3288 5645 mentis,
3333 5579 3390 5634 in

1805 5683 2152 5742 confessione
2170 5683 2302 5739 oris.
2329 5681 2500 5738 Porro
2524 5680 2590 5736 ad
2615 5679 3042 5737 satisfactionem
3089 5675 3272 5746 operls
3292 5686 3394 5729 nos

1805 5777 2060 5834 hortatur
2087 5791 2212 5833 cum
2240 5775 2396 5843 dicit,
2432 5777 2485 5830 in
2519 5775 2745 5846 jejunio.
2799 5772 2866 5827 Et
2893 5771 3017 5842 quia
3044 5784 3150 5825 non
3196 5764 3392 5823 sufﬁcit

1810 5871 1934 5928 sine
1961 5872 2144 5929 cordis
2171 5871 2508 5944 ptenitudine
2526 5881 2580 5926 et
2600 5866 3040 5940 compunctione,
3060 5863 3396 5932 subsequen-

1697 1861 1741 1920 Β
