3822 6316
449 336 598 433 4³7·ῑὰ

1497 372 1841 433 ΑῡῡΕΝῡΑ.
1870 404 1942 421 ——
1965 373 2317 436 BADULPHI
2347 378 2692 439 ARDENTIS

3573 386 3661 450 πω

449 500 535 547 ter
564 489 629 542 ad
668 490 1143 561 compunctionem
1180 487 1378 546 mentis
1404 503 1503 546 nos
1524 489 1777 549 hortatur
1805 505 1930 547 cum
1954 492 2037 546 di-
2062 497 2113 556 Α
2139 513 2279 565 non;
2308 502 2444 555 sicut
2468 508 2524 555 et
2546 498 2638 554 ibt.
2683 495 2885 564 Quibus
2912 496 3097 567 iuravi
3140 496 3308 550 inira
3342 512 3458 551 meo
3482 508 3501 552 :
3523 497 3574 553 Si
3611 502 3660 557 is-

450 581 546 645 cit,
575 581 628 633 in
656 578 793 651 ﬂetu’
825 582 872 633 et
904 576 1143 655 planctu.
1170 577 1277 637 Per
1309 578 1495 635 ﬂetum
1544 580 1745 652 quippe
1796 591 1852 637 et
1880 582 2039 649 plan-

448 681 617 747 ctum,
648 658 878 725 interior
909 669 1254 741 compunctio
1272 669 1542 726 sacerdoti
1569 671 1903 743 propalatur.
1932 671 2040 728 Sed

447 762 578 839 quia
610 778 713 819 nec
739 761 922 835 operis
956 761 1281 830 satisfactio,
1305 777 1404 817 nec
1444 763 1642 821 mentis
1695 766 2041 836 compunctio

446 850 645 914 sufﬁcit
676 852 793 911 sine
823 855 936 910 oris
963 852 1310 910 confessione
1359 852 1578 909 habenti
1621 865 1835 926 tempus
1882 866 1933 911 et
1964 856 2041 912 lo-

446 965 597 1015 cuin,
649 944 716 1001 ad
746 942 1141 1003 confessionem
1186 960 1286 1001 nos
1340 944 1615 1011 hortatur,
1663 963 1785 1003 cum
1833 949 2037 1016 subdit,

443 1051 494 1096 et
523 1030 745 1097 scindile
779 1040 939 1097 corda
977 1049 1169 1096 vestra.
1225 1034 1456 1108 Quidam
1513 1041 1718 1097 etenim
1779 1052 1908 1098 sunt
1946 1043 2040 1113 qui

443 1145 667 1206 peccata
697 1150 795 1189 sua
851 1142 1036 1189 tenent
1070 1132 1391 1189 abscondita
1432 1133 1484 1189 in
1537 1134 1724 1202 corde,
1778 1147 2039 1202 tanquam

440 1210 784 1296 putredinetn
822 1223 875 1277 in
932 1212 1135 1279 uicere.
1178 1213 1283 1279 Sed
1313 1220 1486 1292 scitis,
1533 1223 1733 1282 fratres
1756 1228 1885 1296 mei,
1908 1230 2039 1298 quia

442 1300 596 1370 ulcus
648 1330 755 1370 non
812 1323 1070 1383 sanatur,
1129 1315 1233 1373 nisi
1284 1319 1516 1387 putredo
1564 1318 1716 1388 prius
1768 1320 2037 1391 ejiciatur.

442 1408 516 1468 Ut
539 1425 666 1479 ergo
690 1408 873 1465 ulcera
897 1400 1079 1466 cordis
1110 1409 1279 1465 nostri
1312 1421 1597 1477 sanentur,
1625 1412 1856 1482 putredo
1899 1429 2031 1484 pec-

439 1511 690 1561 catorum
735 1520 835 1575 per
865 1499 1266 1559 confessionem
1294 1501 1634 1575 propaletur.
1674 1505 1756 1561 Ad
1779 1506 1901 1571 hoc,
1930 1506 2043 1562 fra-

442 1590 557 1666 tres
611 1598 739 1664 mei,
773 1612 873 1653 nos
904 1597 1158 1661 hortatur
1189 1596 1442 1666 exemplo
1500 1597 1583 1653 sui
1615 1605 1671 1652 et
1716 1597 1854 1654 alius
1905 1615 2037 1670 pro-

440 1691 605 1761 pltct'a
632 1689 700 1746 ad
744 1688 1037 1765 jejunium,
1068 1704 1190 1744 cum
1231 1688 1307 1744 ait
1339 1705 1354 1742 :
1387 1685 1572 1744 Genua
1620 1706 1737 1745 mea
1769 1690 2040 1760 inﬁrmata

439 1792 560 1838 sunt
582 1800 613 1841 α
648 1778 848 1853 iejunio
879 1776 1051 1855 (Psal.
1084 1780 1269 1854 cvm);
1300 1791 1357 1840 et
1404 1778 1569 1837 alibi:
1606 1780 1745 1849 Quia
1788 1783 1922 1837 sicut
1956 1784 2037 1837 ci-

440 1890 617 1929 nerem
641 1882 892 1946 tanquam
916 1888 1102 1945 panem
1133 1866 1521 1929 manducabam
1554 1864 1727 1946 (Psal.
1753 1874 1860 1947 c1);
1893 1887 1945 1934 et
1968 1876 2039 1934 ad

441 1966 936 2035 cOmpunctionem,
962 1979 1087 2021 cum
1114 1960 1336 2031 subdit;
1381 1970 1431 2020 et
1465 1962 1709 2043 poculum
1736 1984 2038 2024 meumcum

438 2042 567 2131 ﬂetu
596 2056 871 2115 miscebum
902 2056 1093 2133 (Ibid)
1125 2057 1192 2115 Et
1226 2058 1352 2115 alibi
1391 2077 1406 2115 :
1441 2046 1480 2113 Α
1506 2076 1627 2114 voce
1670 2061 1892 2132 gemitus
1934 2060 2041 2127 mei

439 2148 663 2225 adhwsit
693 2168 753 2207 os
776 2168 946 2225 meum
980 2151 1131 2208 carni
1156 2170 1283 2208 mea:
1313 2149 1525 2225 (Ibid).
1586 2148 1751 2223 Quasi
1782 2152 1989 2209 diceret
2021 2162 2038 2209 ἐ

440 2244 652 2304 Tantus
679 2255 800 2303 erat
822 2246 976 2303 dolor
997 2236 1234 2320 gemitus
1268 2248 1398 2314 mei,
1444 2247 1588 2319 quod
1641 2263 1764 2305 ossa
1797 2248 2041 2311 adhaese-

436 2350 568 2397 runt
623 2355 761 2398 mea:
787 2342 969 2403 carni.
1004 2332 1071 2395 Et
1103 2338 1225 2410 quis
1286 2348 1534 2397 nostrum
1606 2340 2042 2399 miserrimorum

434 2438 788 2501 peccatorum
853 2427 981 2488 facit
1034 2422 1217 2501 hodie,
1270 2448 1391 2505 qua:
1423 2432 1511 2490 ille
1547 2442 1657 2491 tam
1705 2449 1936 2506 magnus
1984 2443 2043 2489 es

439 2531 547 2578 tam
578 2529 798 2579 sanctus
820 2520 950 2578 dicit
970 2538 1028 2580 se
1049 2510 1288 2580 fecisse?
1334 2521 1482 2579 Idem
1548 2539 1739 2587 rursus
1786 2523 2039 2593 exemplo

436 2614 520 2669 sui
549 2612 616 2670 ad
644 2613 1038 2671 Confessionem
1080 2631 1178 2672 nos
1227 2614 1497 2681 hortatur,
1529 2629 1652 2671 cum
1680 2614 1813 2670 dicit
1842 2633 1858 2670 :
1888 2613 2037 2669 Deli-

436 2704 578 2779 clum
605 2718 780 2760 meum
822 2698 1087 2778 cognitum
1127 2704 1224 2759 tibi
1272 2703 1394 2777 feci,
1438 2713 1487 2762 et
1515 2703 1834 2775 injustitiam
1866 2720 2037 2767 meum

436 2812 541 2851 non
583 2790 856 2855 abscondi.
914 2790 1044 2855 Dixi
1069 2813 1088 2851 :
1125 2792 1426 2868 Conﬁtebor
1487 2797 1812 2869 injustitiam
1866 2814 2037 2859 meam

433 2882 686 2952 Domino,
718 2895 765 2942 et
799 2896 856 2942 tu
887 2882 1137 2955 remisisti
1159 2889 1477 2961 impietatem
1499 2891 1701 2961 peccati
1724 2890 1826 2945 mei
1858 2878 2039 2961 (Psal.

434 2972 611 3049 x'xxr).
641 2970 813 3035 Porro
839 2966 894 3035 in
930 2978 1033 3037 hoc
1080 2979 1223 3052 quod
1272 2991 1556 3054 postquam
1610 2981 1688 3037 ait
1735 2996 1752 3035 :
1802 2979 2039 3039 Scindite

436 3069 601 3126 corda
627 3081 820 3141 vestra,
844 3068 1106 3147 adjungit,
1135 3082 1184 3131 et
1214 3092 1319 3130 non
1349 3074 1652 3130 vestimenta
1682 3085 1874 3141 vestra,
1920 3090 2042 3130 ιιιοα

2143 592 2375 646 troibunt
2401 592 2454 646 in
2480 590 2706 660 requiem
2735 605 2905 644 means
2939 587 3115 660 (Psel.
3142 588 3353 658 scus).
3386 588 3462 644 Ae
3480 589 3524 644 si
3564 590 3662 648 dies.

2143 694 2232 741 tur
2258 703 2272 740 :
2303 683 2492 739 Nullus
2519 683 2667 739 novit
2695 683 2838 752 quod
2863 680 3009 738 Deus
3047 696 3157 738 non
3211 689 3570 749 convertatur,
3597 684 3664 743 imo

2142 789 2357 845 semper
2378 775 2446 830 ad
2469 790 2569 831 nos
2588 789 2713 830 cum
2732 774 2975 830 converti
3001 782 3230 845 sperare
3252 774 3434 844 potius
3452 773 3666 844 debemus,

2143 868 2268 938 quia
2299 866 2450 937 piger
2476 867 2543 922 ad
2575 881 2783 937 pmnas,
2818 880 3064 937 praeceps
3125 866 3196 921 ad
3257 867 3504 936 premis,
3545 867 3666 935 vein,

2143 972 2247 1015 nec
2270 956 2625 1014 obliviscetur
2668 958 2915 1013 misereri
2962 957 3135 1024 Deus,
3168 970 3274 1012 nee
3326 956 3600 1013 continebit
3634 962 3669 1016 in

2145 1048 2223 1108 ira
2256 1064 2357 1106 sua
2395 1049 2803 1109 misericordias
2827 1065 2954 1113 suas
2982 1047 3163 1121 (Pent.
3192 1050 3407 1119 um).
3442 1048 3542 1105 Sed
3562 1050 3670 1109 relis-

2144 1147 2311 1209 qnent
2332 1146 2455 1210 post
2480 1154 2560 1204 se,
2587 1140 2640 1195 id
2668 1149 2776 1208 est,
2799 1140 3100 1206 conversis,
3151 1138 3592 1205 benedictionem,
3613 1158 3673 1199 st-

2143 1231 2409 1288 crificium
2434 1241 2489 1290 et
2509 1233 2769 1290 libamen.
2794 1233 3106 1291 Benedictio
3134 1232 3343 1289 dicitur
3366 1232 3572 1297 donum,
3598 1234 3674 1290 sive

2144 1324 2343 1393 gratia,
2372 1323 2621 1391 realiter,
2651 1325 2779 1396 quis
2804 1334 3028 1396 propter
3064 1339 3187 1381 eam
3225 1324 3447 1381 donans
3472 1323 3675 1382 benedici-

2144 1421 2256 1469 tur.
2280 1411 2618 1472 Sacrificium
2639 1430 2770 1472 vero
2799 1414 2966 1473 fiebat
2989 1415 3117 1471 olim
3175 1416 3245 1472 de
3271 1415 3553 1481 carnibus;
3576 1416 3671 1473 libs-

2142 1521 2272 1564 men
2312 1508 2381 1564 de
2403 1508 2648 1581 liquidis.
2674 1509 2865 1574 Porro,
2900 1508 3101 1565 fratres
3127 1509 3262 1574 mei,
3312 1509 3446 1564 dum
3491 1522 3677 1578 peccatu

2142 1607 2461 1669 perseverat
2491 1600 2544 1655 in
2572 1607 2817 1671 peccato,
2847 1592 2958 1657 Deo
2986 1614 3090 1656 nec
3122 1598 3480 1664 benedicere,
3521 1614 3681 1657 necs»

2144 1690 2419 1758 crificare.
2459 1707 2560 1749 nec
2590 1691 2761 1748 libare
2800 1701 3013 1764 potest;
3066 1691 3197 1764 quia
3250 1707 3348 1747 nec
3398 1701 3475 1746 est
3509 1694 3683 1761 spuisse

2144 1783 2263 1838 laus
2295 1784 2349 1837 in
2379 1800 2469 1840 ore
2491 1786 2784 1856 peccatoris
2813 1783 3007 1856 tEccli.
3056 1782 3175 1854 xv).
3206 1782 3279 1838 Et
3327 1780 3490 1852 juxta
3529 1785 3682 1854 sapien-

2067 1840 2117 1912 Β
2147 1886 2278 1946 tem,
2311 1840 2534 1934 victimis
2566 1840 2845 1950 impiorum
2868 1840 3252 1933 abominabiles
3282 1840 3474 1947 (ῥτοο.
3492 1840 3595 1947 xv):
3606 1877 3684 1933 Sed

2144 1968 2287 2025 Deus
2339 1982 2639 2024 conversus
2696 1967 2789 2024 dat
2848 1966 3124 2037 peccaturi
3181 1967 3446 2038 gratiam,
3497 1968 3688 2037 aperiens

2144 2060 2262 2131 eius
2291 2059 2454 2128 labia,
2500 2061 2651 2131 prius
2686 2060 2738 2116 in
2777 2060 2907 2127 vita,
2962 2067 3021 2115 ut
3067 2059 3185 2130 jam
3239 2073 3371 2115 eum
3428 2058 3686 2115 benedicere

2143 2151 2349 2222 possit;
2377 2152 2551 2207 datet
2578 2152 2627 2206 ei
2658 2150 3088 2219 sacrificium,id
3135 2156 3224 2206 est
3272 2150 3477 2206 mentis
3497 2151 3691 2206 devotio

2143 2260 2271 2301 nem
2297 2244 2422 2315 igne
2459 2244 2634 2299 sancti
2666 2243 2904 2316 Spiritus
2949 2252 3391 2310 concrematam,
3447 2244 3577 2299 unde
3613 2242 3692 2297 Des

2143 2334 2461 2391 sacriﬁcare
2482 2346 2537 2393 et
2559 2336 2772 2407 placere
2799 2336 2994 2409 possit.
3030 2334 3132 2390 Dat
3163 2349 3389 2407 quoque
3414 2335 3464 2389 ei
3487 2322 3695 2397 libantes,

2145 2431 2201 2488 id
2231 2441 2335 2497 est,
2373 2429 2733 2502 lacrymosam
2783 2429 3327 2501 contemplationem,
3367 2444 3473 2499 qua
3504 2428 3585 2485 bis
3612 2443 3694 2482 ete-

2143 2524 2303 2582 lestia
2333 2524 2670 2591 desiderare,
2700 2530 2756 2581 et
2780 2522 3186 2595 quodammodo
3226 2521 3513 2591 pralibare
3546 2521 3698 2590 possit.

2143 2616 2377 2673 Oremus
2400 2631 2530 2689 ergo
2559 2630 2707 2680 eum,
2737 2617 2935 2671 fratres
2966 2615 3098 2680 mei,
3129 2621 3192 2670 ut
3229 2613 3527 2670 secundum
3561 2610 3697 2667 inlini

2146 2718 2255 2765 tam
2313 2723 2468 2764 suam
2514 2706 2946 2767 misericordiam
2997 2713 3357 2762 convertatur
3395 2713 3451 2760 et
3502 2702 3703 2776 ignoscat

2143 2801 2290 2867 Deus
2317 2800 2495 2867 nobis,
2524 2810 2581 2857 et
2609 2800 2887 2870 relinquat
2908 2797 3066 2854 nobis
3094 2806 3222 2869 post
3242 2812 3306 2853 se
3334 2796 3600 2852 conversis
3634 2796 3700 2848 be

2145 2897 2516 2953 nedictionem
2566 2895 2753 2967 gratim
2803 2907 2940 2960 suat,
2993 2893 3163 2969 unde,
3194 2892 3379 2964 ipsum
3428 2888 3711 2944 benedicere

2148 2988 2536 3069 valeamus;et
2557 2985 2889 3042 sacrificium
2919 2983 3104 3040 cordis
3134 2982 3321 3039 devoti
3354 2990 3411 3037 et
3435 2976 3706 3051 compuncti
3802 3056 3803 3065 χ

2145 3094 2331 3136 amore
2361 3094 2461 3134 suo
2487 3075 2847 3142 concremati,
2875 3073 3019 3131 unde
3052 3074 3232 3145 ipsum
3262 3071 3541 3129 delectare
3566 3071 3710 3142 passio

436 3160 945 3249 reurreprebendd
1003 3164 1337 3236 Iudaeorum,
1377 3169 1469 3243 qui
1528 3166 1583 3224 in
1644 3158 2035 3227 afﬂictionibus
2061 3207 2107 3267 α
2143 3186 2305 3235 mus;
2360 3180 2416 3227 et
2463 3171 2702 3226 libamen
2743 3160 3112 3240 lacrymarum
3154 3164 3536 3238 contemplari,
3594 3163 3711 3218 unde
3802 3214 3803 3259 ἰ

433 3257 757 3340 scindebant
783 3256 1101 3336 vestimenta
1124 3278 1241 3329 sua,
1271 3261 1445 3333 magis
1493 3275 1656 3332 quam
1693 3259 1859 3319 corda
1907 3276 2030 3329 sua.

436 3350 677 3429 Quorum
705 3354 870 3409 etiam
902 3346 1063 3410 hodie
1091 3353 1296 3410 similes
1333 3362 1459 3410 sunt
1505 3352 1595 3424 qui
1649 3353 2039 3426 penitentiam

436 3444 612 3519 magis
636 3446 690 3517 in
715 3444 1083 3504 exterioribus
1100 3440 1293 3504 volunt
1314 3440 1616 3515 ostentare,
1658 3460 1822 3520 quam
1853 3440 1909 3502 in
1940 3446 2026 3502 in-

436 3538 729 3616 terioribus
762 3538 984 3596 habere.

472 3620 481 3635 ’
511 3632 769 3705 Sequitur
806 3649 934 3705 pars
958 3632 1224 3703 secunda,
1243 3633 1297 3693 in
1321 3649 1425 3705 qua
1450 3633 1603 3705 ponit
1624 3648 1847 3691 causam
1862 3648 2036 3706 quare

435 3725 729 3789 debeamus
753 3727 1020 3784 converti.
1047 3722 1187 3795 Quia
1234 3727 1504 3797 benignus,
1547 3726 1749 3799 inquit,
1794 3736 1841 3785 et
1871 3728 2033 3781 mise—

436 3815 603 3876 ricors
632 3832 729 3886 est,
754 3822 957 3890 patiens
987 3829 1038 3876 et
1073 3820 1294 3876 multum
1345 3818 1664 3884 misericors,
1718 3821 2036 3892 prastabilis

435 3929 592 3983 super
620 3915 850 3969 malitia.
872 3914 1034 3983 Quasi
1064 3912 1274 3969 diceret
1298 3929 1312 3968 :
1332 3900 1725 3969 Convertimini
1755 3913 1822 3969 ad
1841 3912 2035 3981 Deum,

436 4007 564 4077 quia
597 3998 685 4064 ille
729 4006 906 4064 facilis
940 4017 1024 4066 est
1050 4006 1115 4062 ad
1147 4006 1539 4077 recipiendum,
1591 4007 1720 4077 quia
1766 4005 2053 4079 benignus,

437 4109 525 4157 est
551 4100 889 4167 naturaliter,
921 4112 975 4156 et
995 4116 1157 4157 omne
1184 4103 1387 4157 bonum
1438 4098 1693 4171 diligens.
1731 4098 1797 4153 Et
1822 4098 2038 4155 miseri-

440 4190 565 4249 cors
589 4190 752 4246 etiam
776 4208 907 4264 erga
934 4202 1273 4264 peccatores,
1312 4191 1405 4263 qui
1451 4206 1557 4246 non
1599 4191 1643 4246 si
1692 4190 1875 4246 statim
1906 4204 2039 4253 cou-

440 4295 749 4352 vertantur,
782 4270 896 4357 ipse
926 4296 1104 4341 tamen
1129 4294 1215 4340 est
1243 4287 1486 4357 patiens,
1526 4298 1620 4340 eos
1651 4284 1718 4338 ad
1769 4270 2055 4354 poeniten-V

440 4375 570 4432 tiam
625 4388 966 4449 exspectans.
1018 4366 1122 4443 Qui
1175 4376 1220 4431 si
1270 4374 1562 4431 abutantur
1617 4366 1711 4430 Dei
1751 4374 2034 4444 patientia,

441 4468 670 4524 crimina
703 4466 1031 4524 criminibus
1055 4466 1342 4535 addentes,
1366 4462 1483 4537 ipse
1518 4473 1698 4522 tamen
1724 4481 1885 4537 super
1912 4451 2056 4536 pec-i

439 4556 565 4647 cata
591 4561 758 4617 multa
779 4571 865 4618 est
888 4562 1114 4618 multum
1132 4532 1536 4629 misericorsﬁn
1558 4568 1767 4615 tantum
1789 4532 1849 4619 ut
1871 4532 2037 4647 etiam
2074 4584 2121 4647 Β
2148 4564 2267 4630 sine,
2293 4561 2385 4632 qui
2423 4558 2749 4616 deberemus
2777 4571 2900 4613 esse
2928 4555 3019 4613 lux
3042 4551 3233 4608 mundi
3272 4532 3451 4625 .(qnod
3488 4550 3623 4607 sine
3654 4561 3733 4618 εει

440 4642 512 4735 sit
536 4657 864 4729 praestabilis
886 4672 1050 4728 super
1071 4655 1303 4723 malitia,
1338 4654 1389 4710 id
1415 4660 1501 4706 est
1526 4655 1640 4721 ejus
1664 4642 2037 4709 misericordia

440 4756 662 4817 prmstat
712 4759 769 4823 et
815 4748 1075 4821 praevalet
1119 4746 1269 4803 omni
1318 4744 1575 4808 malitiae,
1610 4744 1864 4815 quoniam
1891 4744 2037 4801 nulla

441 4854 863 4923 quantacunque
888 4843 1116 4904 malitia,
1159 4839 1402 4911 divinam
1435 4845 1611 4907 potest
1632 4836 1849 4903 vincere
1875 4836 2039 4894 misc-

443 4918 762 4994 ricordiam.
798 4938 961 5004 Ecce,
1010 4928 1212 4992 fratres
1240 4932 1370 4997 mei,
1403 4918 1533 5001 quid
1560 4928 1757 4991 sufficit
1806 4946 2056 5013 pensare

441 5030 654 5097 viscera
693 5030 891 5097 divinae
938 5024 1344 5095 misericordiae.
1388 5023 1550 5096 Ergo,
1608 5025 1826 5091 fratres,
1856 5024 2038 5083 nullus

442 5130 927 5193 quantumcunque
947 5108 1271 5192 ﬂagitiosus,
1318 5128 1803 5189 quantumcunque
1829 5115 2038 5203 facino—

449 5208 604 5283 rosus
631 5212 909 5281 desperet,
962 5204 1056 5264 sed
1105 5217 1295 5264 currat
1353 5208 1420 5275 ad
1450 5205 1652 5265 fontem
1697 5207 1885 5273 David,
1919 5207 2055 5287 qui,»

433 5315 590 5386 {usta
613 5300 958 5375 prophetam,
982 5310 1067 5359 est
1092 5311 1284 5381 patens
1304 5302 1358 5357 in
1387 5300 1665 5358 ablatione
1687 5302 2037 5366 menstruatas

435 5396 630 5472 (Zach.
658 5395 1083 5468 snt),‘qnoniam
1112 5393 1258 5467 omni
1293 5410 1579 5463 converso,
1637 5392 1779 5450 Deus
1808 5410 2055 5472 conver—_

441 5492 574 5557 titur
601 5488 703 5551 :Et
727 5490 799 5561 illi
825 5490 926 5548 soli
946 5489 1105 5546 venia
1136 5489 1454 5563 denegatur,
1488 5490 1580 5563 qui
1619 5480 1689 5546 ad
1712 5489 1883 5545 Deum
1906 5504 2037 5547 con-

441 5573 585 5649 verti
615 5580 962 5658 dedignatur.
994 5581 1101 5651 Qui
1121 5583 1242 5650 scit,
1272 5576 1471 5652 inquit,
1508 5583 1556 5638 si
1581 5593 1943 5647 convertatur,
1982 5593 2053 5659 et.

440 5679 675 5752 ignoscat
726 5670 884 5746 Deus,
938 5687 988 5733 et
1018 5678 1279 5749 relinquat
1324 5686 1436 5748 post
1481 5693 1535 5731 se
1584 5672 2041 5731 benedictionem?

441 5756 763 5840 sacriﬁcium
792 5782 839 5825 et
896 5770 1121 5824 libamen
1174 5766 1397 5823 Domino
1451 5760 1559 5823 Deo
1616 5778 1795 5823 nostro
1815 5760 1845 5822 ἶ
1876 5753 2037 5840 (μιθᾶ

443 5863 645 5926 nullus.
675 5861 1114 5958 Ponituwttem
1132 5859 1257 5952 haec
1290 5860 1621 5943 conjunctio,
1667 5859 1734 5937 si,
1762 5875 1865 5939 pro
1887 5844 2051 5948 Quod

2140 3264 2371 3339 gloriam
2396 3263 2657 3319 bonitatis
2688 3275 2799 3318 suae
2825 3261 2878 3318 in
2908 3260 3012 3317 hac
3037 3258 3178 3319 valle
3209 3260 3711 3330 lacrymarnmpn-

2141 3356 2339 3439 libare,
2366 3355 2781 3427 prtesuspirare,
2829 3364 2885 3409 et
2905 3352 3343 3424 praedesiderare
3366 3365 3637 3422 queamus.

2168 3518 2175 3522 _
2217 3448 2478 3518 Sequitur
2505 3461 2631 3518 pars
2657 3446 2839 3514 tertia,
2864 3445 2918 3503 in
2948 3460 3056 3514 qua
3087 3443 3182 3517 qui
3213 3443 3465 3500 converti
3483 3441 3718 3507 debeant.

2140 3539 2403 3601 ostendit.
2451 3535 2635 3595 Canite
2688 3538 2814 3593 tuba
2858 3537 2914 3592 in
2967 3536 3126 3601 Sion,
3156 3546 3293 3607 ‘Letc.
3348 3535 3567 3592 Fratres
3608 3533 3715 3597 mei,
3802 3570 3803 3623 ἐ

2139 3633 2303 3706 plaga
2332 3631 2605 3717 generalis
2633 3628 2874 3703 generali
2916 3629 3125 3699 indiget
3170 3627 3465 3685 medicina.
3508 3624 3722 3717 Si
3802 3628 3803 3643 ‘

2142 3739 2284 3797 unus
2312 3712 2615 3794 peccasset,
2653 3718 2918 3793 singulari
2946 3718 3192 3774 remedio
3232 3717 3412 3775 curari
3456 3716 3720 3787 potuisset.

2143 3818 2251 3875 Sed
2276 3818 2418 3873 sicut
2441 3802 2573 3870 olim
2602 3815 2655 3870 in
2679 3823 2934 3884 tempore
2961 3798 3302 3875 Judzeorum,
3328 3811 3400 3866 ita
3433 3818 3489 3864 et
3510 3823 3651 3863 nunc
3676 3808 3723 3859 in
3802 3806 3803 3843 έ

2148 3921 2396 3981 tempore
2427 3909 2862 3966 Christianorum
2888 3923 2905 3962 :
2931 3903 3127 3961 Omnes
3164 3904 3557 3958 declinaverunt
3584 3899 3726 3955 sit“!

2142 3999 2355 4057 inutiles
2378 4000 2664 4072 factisunt,
2692 4014 2796 4053 non
2828 4006 2902 4052 est
2927 3997 3018 4068 qui
3049 3995 3218 4066 faciat
3269 3994 3481 4059 bonum,
3509 4007 3616 4047 nos
3658 3997 3725 4043 est
3802 3994 3803 4043 ἲ

2143 4112 2306 4167 usque
2320 4094 2388 4150 ad
2409 4109 2572 4148 unum
2600 4086 2775 4162 (f’sal.
2798 4088 2942 4160 xm).
2972 4086 3037 4143 Et
3064 4088 3208 4142 sicut
3232 4086 3309 4141 ait
3329 4085 3493 4140 lsaias
3521 4098 3540 4139 :
3577 4081 3729 4137 Omne

2143 4197 2301 4257 caput
2325 4184 2657 4257 languidum,
2686 4193 2733 4239 et
2759 4199 2909 4238 omne
2940 4197 3032 4236 cor
3064 4195 3309 4245 merens,
3331 4196 3363 4231 ιι
3384 4177 3574 4248 planta
3594 4172 3723 4244 pedis

2145 4270 2309 4353 usque
2335 4281 2404 4335 ad
2430 4280 2676 4335 verticem
2698 4292 2802 4331 non
2825 4283 2902 4330 est
2925 4275 2978 4329 in
3000 4290 3060 4328 eo
3093 4270 3495 4341 sanitas.(lsai.
3525 4265 3733 4338 1).Fero
3802 4292 3803 4353 η

2147 4376 2351 4431 nullum
2384 4374 2436 4430 in
2462 4382 2575 4430 toto
2598 4385 2828 4442 corpore
2854 4367 3110 4425 Ecclesiae
3141 4366 3444 4425 membrum
3471 4370 3565 4419 est
3598 4358 3730 4432 quod

2145 4471 2215 4525 sit
2243 4482 2457 4525 sanum.
2496 4463 2605 4520 Nos
2626 4463 2774 4520 enim
2806 4465 3121 4519 sacerdotes
3160 4469 3215 4517 et
3260 4458 3515 4514 doctores
3549 4453 3733 4510 Eccle-

2150 4655 2284 4711 mitu
2307 4666 2520 4723 nequeo
2542 4650 2769 4719 dicere),
2804 4647 2987 4725 potius
3015 4661 3206 4705 sumus
3254 4642 3530 4700 fumantes
3582 4656 3737 4712 quan

2146 4747 2503 4803 llammantes.
2535 4743 2608 4799 Et
2631 4742 2679 4799 si
2712 4741 2889 4796 lumen
2908 4740 3053 4812 quod
3082 4740 3135 4795 in
3165 4737 3406 4795 Ecclesia
3448 4745 3557 4801 est,
3606 4743 3735 4786 tens-

2148 4844 2256 4898 brte
2281 4850 2425 4907 sunt,
2452 4840 2607 4910 ipsas,
2627 4837 2828 4909 inquit,
2851 4834 3077 4893 tenebat:
3096 4842 3311 4904 quanta
3336 4838 3482 4887 nunt
3520 4826 3737 4902 (leua.

2145 4937 2248 5009 vr).
2280 4935 2481 5004 Quales
2503 4941 2630 4991 sunt
2654 4931 2934 5005 principes
2960 4938 3233 4985 terrarum
3278 4935 3334 4983 et
3354 4924 3575 4997 iudices
3592 4923 3619 4975 ?
3640 4921 3739 4975 ﬂa-

2145 5040 2332 5101 ptores
2375 5034 2524 5096 sunt,
2554 5026 2714 5083 utait
2752 5023 3051 5100 Propheta,
3086 5021 3271 5094 impiis
3314 5018 3655 5088 vespertinis
3698 5022 3746 5068 ά

2146 5121 2384 5203 tributis,
2402 5129 2457 5175 et
2477 5117 2856 5175 exactionibus
2877 5116 3128 5171 deuorant
3163 5112 3365 5203 plebem
3382 5112 3523 5203 sicut

2146 5213 2297 5275 panis
2325 5196 2503 5283 (Psal.
2535 5208 2681 5278 xm).
2715 5207 2780 5263 Et
2812 5205 2990 5279 qualis
3017 5215 3104 5263 est
3124 5196 3395 5277 populus?
3434 5199 3655 5257 σιω
3695 5201 3743 5251 is

2143 5305 2403 5376 sanguine
2427 5302 2773 5365 insidiantur,
2791 5308 2840 5355 et
2876 5301 2954 5354 vir
2984 5297 3206 5369 fratrem
3234 5314 3391 5353 suum
3415 5305 3655 5352 acuatu
3680 5291 3741 5347 ei

2144 5404 2365 5457 mortem
2386 5393 2575 5467 εΜὶιΙι.
2593 5394 2713 5464 vn).
2733 5388 2789 5447 Ν
2791 5409 2856 5449 an
2868 5402 2945 5448 est
2976 5393 3193 5458 veritas,
3214 5400 3402 5447 nonest
3426 5389 3747 5444 miserius-

2147 5487 2266 5555 dia,
2288 5504 2389 5543 non
2412 5496 2489 5544 est
2508 5487 2726 5549 scientia
2742 5486 2859 5552 Dei,
2881 5486 2936 5541 in
2949 5496 3111 5542 terra.
3144 5483 3743 5547 statutam

2141 5581 2302 5646 cium,
2325 5580 2690 5647 homicidium,
2716 5578 2938 5649 furtum,
2958 5578 3286 5653 adulterinas
3313 5576 3747 5635 inundans-nl.

2142 5684 2191 5730 et
2208 5673 2425 5743 sanguis
2440 5674 2749 5743 sanguinem
2771 5672 2937 5743 tetigit
2961 5670 3216 5742 (Ose.tv).
3242 5671 3523 5740 Quiaergo
3551 5678 3745 5723 001215

2138 5766 2571 5832 declinaverunt,
2625 5780 2814 5821 onmes
2863 5764 3116 5819 hortatur
3162 5764 3418 5835 propheta
3443 5760 3530 5814 ad
3566 5759 3750 5829 prta}-

2138 5861 2385 5937 tentiam,
2413 5870 2474 5924 ut
2497 5875 2625 5923 cum
2654 5858 2895 5944 generali
2924 5857 3101 5920 edicto
3119 5872 3305 5919 omnes
3329 5857 3392 5914 ad
