3822 6316
519 294 661 354 I783
1516 295 1860 352 ABDENDA.
1890 327 1960 339 —-
1993 296 2078 353 ΒΑ

2190 297 2340 355 LPlll
2379 300 2731 357 ARDENTIS
3236 258 3261 265 Γ
3300 258 3301 261 Ἴ
3630 314 3713 374 πει

522 416 597 471 gis
628 413 906 467 habentur
943 411 1231 485 religiosis.
1279 411 1395 468 Non
1442 413 1693 483 prohibe:
1736 415 2000 485 siquidem
2046 431 2115 471 ne
2147 420 2189 480 Α
2226 418 2417 488 fmdere
2447 416 2620 488 (Rom.
2653 418 2714 488 t).
2758 415 2857 484 Qui
2902 413 3041 472 sicut
3074 414 3517 475 immisericordes
3542 434 3715 489 suntid

522 508 853 569 habeantur,
900 508 998 562 sed
1050 523 1116 561 ne
1164 507 1365 562 habere
1409 517 1753 577 appetantur.
1812 507 1965 563 Unde
2008 523 2111 562 non
2218 524 2488 563 summum
2559 506 2803 563 Judicetn
2852 509 2953 563 sibi
3012 509 3251 563 Sentient
3301 512 3697 578 immisericonlen.

520 601 598 653 ait
632 596 851 653 :Nolite
899 600 1011 653 ﬁeri
1066 602 1271 664 tristes,
1318 600 1411 653 sed
1457 598 1614 652 nolite
1639 600 1755 667 ﬁeri
1784 601 1917 654 sicut
1948 602 2113 671 Itypo-
2217 601 2490 671 Scriptum
2525 611 2609 655 est
2637 602 2805 665 enim,
2848 600 3125 655 Iudicium
3169 605 3283 656 sine
3324 606 3717 681 misericordiaﬁa

520 691 671 744 crita'
722 692 923 745 tristes.
967 692 1067 757 Qui
1099 692 1241 745 enim
1278 691 1526 745 tristatur
1552 692 1620 745 de
1662 708 1881 747 suorum
1933 709 2115 747 recor-
2215 697 2262 750 ei
2289 694 2378 767 qui
2407 712 2509 748 non
2538 695 2665 763 facit
2694 697 3115 749 misericordiam
3148 695 3289 761 (Jac.
3318 697 3397 764 II).
3434 696 3489 751 Et
3528 698 3712 763 Dominus

519 780 743 835 (latione
776 790 1141 848 peccatorum,
1180 780 1261 835 vel
1299 780 1365 835 de
1409 781 1587 837 alieno
1616 782 1776 847 malo,
1820 783 1904 837 vel
1937 784 2004 837 de
2033 784 2114 837 tli-
2222 784 2278 839 in
2339 784 2636 852 Evangelia
2670 799 2685 838 :
2725 784 2845 838 Nisi
2899 785 3206 838 remiseritis
3262 802 3325 838 e1:
3368 789 3511 840 corde
3534 789 3714 856 fratribu

522 872 725 926 latione
776 873 967 941 patria:
1021 873 1279 937 ccelestis,
1336 873 1473 927 bene
1522 876 1906 930 Contristatur.
1960 875 2113 932 Unde
2215 878 2422 941 vestris,
2451 892 2543 929 nec
2570 876 2731 929 Pater
2754 888 2917 930 rester
2937 877 3157 931 caelestis
3186 877 3401 929 remittet
3425 879 3551 931 vobis
3571 880 3717 945 (llam.

523 964 827 1033 l’rupbeta:
862 963 967 1017 Cor
999 963 1278 1017 contritum
1311 971 1361 1017 et
1404 964 1762 1030 ltumiliatnm,
1808 966 1966 1033 Deus,
2010 984 2113 1021 non
2216 970 2393 1036 xvttt).
2427 966 2744 1021 Eeoutrario
2774 983 2904 1022 vero
2930 971 2997 1023 de
3022 969 3124 1038 piis
3152 978 3207 1023 et
3234 968 3722 1031 misericortlihusbo.

521 1057 771 1123 despicies
815 1054 987 1125 (Psal.
1030 1058 1104 1125 ι).
1160 1055 1225 1108 Et.
1273 1055 1398 1111 alibi
1427 1075 1440 1109 :
1474 1055 1589 1110 lien
1611 1073 1692 1111 me
1716 1058 1847 1126 (29),
1879 1059 2004 1127 quia
2030 1058 2113 1111 in-
2216 1059 2397 1113 minus
2430 1060 2562 1112 dicit
2591 1078 2603 1112 :
2662 1058 2817 1113 Beati
2852 1062 3248 1125 misericordes,
3280 1064 3515 1131 quoniam
3549 1066 3627 1132 ipsi
3647 1084 3721 1123 con-

522 1156 727 1211 colatus
761 1173 905 1210 meus
944 1155 1290 1225 prolongatus
1326 1168 1398 1212 est
1427 1158 1448 1212 ,ν
1468 1158 1569 1227 Qui
1616 1176 1746 1214 vero
1776 1162 2021 1215 tristatur
2046 1162 2113 1217 de
2214 1162 2503 1222 sequentur
2539 1154 2958 1208 misericordiam
2995 1153 3213 1225 (Matth.
3245 1156 3320 1225 v).
3358 1154 3553 1224 Itaque,
3592 1157 3724 1217 fratres

519 1250 813 1303 amissione
870 1264 1056 1302 rerum
1109 1251 1512 1319 temporalium,
1572 1254 1656 1307 νει
1706 1255 1772 1310 de
1830 1255 2005 1325 aliqua
2051 1270 2113 1311 re
2215 1245 2344 1308 mei,
2376 1246 2728 1302 excludamus
2756 1263 2785 1300 a
2820 1249 2977 1301 nobis
3003 1263 3221 1303 onmem
3251 1249 3502 1303 duritiam
3540 1260 3587 1303 et
3619 1253 3723 1307 inhu-

518 1356 658 1395 vana
700 1342 782 1395 vel
822 1342 987 1408 mala,
1036 1344 1175 1398 male
1221 1347 1490 1401 tristatur.
1524 1346 1831 1419 llypocritae
1873 1366 2001 1406 vero
2028 1363 2078 1402 vr

2219 1338 2565 1404 rnanitatem,
2618 1348 2673 1393 et
2716 1339 3006 1394 induamus
3054 1340 3265 1394 viscera
3300 1341 3659 1396 misericordia.
3686 1343 3723 1398 Et

522 1450 631 1487 non
672 1434 983 1497 trislantur,
1034 1437 1126 1489 sed
1177 1437 1449 1493 tristitiam
1502 1441 1787 1505 simulant,
1828 1442 1912 1495 vel
1942 1444 1984 1496 si
2019 1442 2078 1495 tri

2220 1444 2343 1484 cum
2398 1432 2451 1483 in
2505 1431 2652 1485 onmi
2701 1441 2948 1502 tempore
2994 1432 3292 1487 debeamus
3316 1433 3726 1504 pinguescereoieo

525 1534 765 1588 stantur,
808 1526 1067 1585 simulant
1098 1529 1486 1586 intentionem:
1513 1533 1637 1602 quia
1672 1533 1930 1587 simulant
1955 1550 2013 1588 se
2043 1550 2072 1588 e

2216 1524 2627 1589 misericordize,
2654 1522 2808 1593 juxta
2860 1524 2990 1579 illud
3020 1543 3033 1579 :
3067 1524 3258 1579 Oleum
3304 1542 3336 1578 a
3374 1528 3536 1595 capite
3572 1538 3638 1580 tuo
3660 1547 3726 1584 eos

519 1614 658 1669 bona
720 1617 1020 1672 intentione
1074 1620 1419 1687 contristari;
1470 1638 1592 1677 cum
1625 1623 1728 1693 ipsi
1759 1625 1823 1679 de
1855 1624 2076 1679 dilation

2216 1614 2429 1673 deﬁciat
2481 1614 2681 1684 (Eccle.
2711 1618 2811 1679 ιχ).
2863 1626 3043 1670 tamen
3078 1616 3355 1685 praecipue
3380 1618 3431 1671 in
3462 1618 3710 1689 diebusjeju

521 1718 675 1762 Vana:
706 1709 917 1778 gloriae,
944 1726 1103 1780 titiam
1138 1710 1469 1779 desiderant,
1509 1716 1925 1771 contristantur.
1956 1716 2073 1784 Quo

2215 1705 2427 1760 niorum
2458 1706 2834 1760 misericordia
2866 1708 3130 1762 debemus
3160 1708 3559 1778 superemttere,
3583 1716 3727 1779 quando

514 1811 576 1853 υι
629 1800 821 1855 melius
865 1804 1075 1873 possint
1118 1805 1395 1873 simulare,
1432 1823 1460 1860 a
1510 1807 1740 1861 naturali
1772 1807 1973 1873 colore,
2018 1825 2078 1863 ex

2220 1799 2287 1853 de
2344 1799 2582 1868 peccatis
2648 1799 2851 1854 nostris
2910 1800 3344 1855 misericordiam
3414 1813 3718 1871 exspectamus

517 1896 813 1950 terminum
861 1896 1054 1951 faciem
1103 1914 1279 1963 suam,
1328 1907 1383 1953 et
1430 1900 1723 1956 artiﬁciose
1755 1918 1879 1956 eam
1912 1902 2078 1972 paller

2219 1888 2494 1959 Scriptum
2548 1898 2633 1945 est
2683 1892 2867 1955 enim,
2920 1890 3348 1946 Misericordiam
3412 1898 3539 1959 rolo,
3592 1906 3629 1948 et
3665 1913 3729 1950 rm

516 1986 740 2052 faciunt,
790 1989 883 2042 sed
920 2005 1040 2058 qua:
1084 1991 1165 2045 eis
1204 1990 1446 2047 utilitas?
1478 1992 1642 2046 Amen
1680 1994 1796 2047 dico
1833 1994 1993 2057 robis,
2039 2010 2078 2048 rt

2218 1981 2539 2050 sacri/icium
2603 1981 2762 2052 (Ore.
2817 1983 2928 2055 vr).
2989 1984 3365 2041 Misericordia
3442 1988 3549 2042 sine
3593 1988 3732 2057 jejunio

516 2090 760 2147 ceperunt
786 2082 1075 2135 mercedem
1097 2098 1274 2147 suam,
1310 2082 1521 2138 laudem
1549 2084 1760 2139 scilicet
1797 2086 2078 2139 lnunanam

2216 2071 2381 2127 valet.
2458 2071 2731 2143 Jejnnium
2813 2076 2933 2130 sine
3017 2077 3396 2133 misericordia
3460 2078 3621 2134 valere
3663 2097 3731 2136 nor

515 2181 737 2241 propter
774 2188 937 2242 quam
985 2184 1154 2230 totum
1215 2174 1344 2231 illud
1398 2176 1690 2232 iaciebant.
1752 2177 1885 2233 Cum
1926 2178 2078 2249 igitur

2216 2174 2420 2236 potest.
2503 2165 2637 2221 Cum
2704 2168 2871 2237 igitur
2940 2166 3292 2237 ieiunamus,
3377 2169 3567 2226 fratres
3634 2175 3730 2237 mei,

515 2262 711 2319 fratres
750 2266 877 2334 mei,
914 2265 1197 2334 jcjnnatis,
1230 2285 1355 2323 cum
1391 2270 1796 2339 eleemosynam
1825 2271 1986 2337 datis,
2029 2285 2078 2325 vt

2214 2262 2392 2332 primo
2456 2260 2893 2316 misericordiam
2960 2263 3263 2318 habeamus
3332 2264 3386 2319 in
3451 2280 3576 2327 nos,
3627 2264 3734 2333 juxta

510 2367 636 2410 cum
683 2355 886 2425 aliquid
929 2357 1074 2412 aliud
1117 2359 1314 2415 bonum
1362 2358 1559 2428 facitis,
1603 2379 1708 2415 nun
1737 2361 1954 2416 faciatis
1980 2361 2109 2416 illud
2216 2354 2383 2417 ίΙΙιιιιο
2454 2353 2705 2409 Μίδενενε
2752 2356 2949 2408 dum“?
3009 2364 3117 2409 “"13
3175 2354 3391 2425 Ρίατυη
3444 2355 3547 2411 Deo
3589 2356 3736 2427 (ίττίίο

512 2446 581 2499 atl
613 2449 829 2502 laudem
883 2450 1185 2516 hominum,
1230 2452 1325 2506 sed
1357 2454 1424 2506 ad
1462 2468 1703 2509 amorem
1768 2453 1859 2508 Dei
1898 2468 2111 2524 promc-
2213 2461 2321 2501 ιιι
2355 2448 2398 2515 )ο
2454 2448 2662 2501 Ᾱιιῖῐηω
2730 2456 2929 2502 Ιιοειτω
3003 2456 3130 2503 “mc
3198 2448 3557 2514 υιῖδετοῐηιιεν
3611 2466 3735 2521 ψιθι·

512 2540 766 2593 tendunt.
799 2538 935 2595 Nam
968 2556 1088 2611 qua:
1121 2542 1231 2597 vita
1260 2544 1625 2599 miserabilior
1659 2554 1741 2600 est
1773 2545 1898 2600 vita:
1938 2545 2111 2616 bypo-
2212 2538 2284 2594 do
2347 2554 2378 2593 a
2442 2539 2708 2594 servitute
2769 2540 3025 2593 vitiorum
3087 2556 3209 2595 eam
3273 2557 3372 2611 per
3431 2544 3739 2612 paenitentiam

510 2631 687 2695 eritte,
732 2632 822 2701 qni
874 2636 945 2689 υι›
992 2650 1163 2689 Vanos
1208 2637 1491 2691 ltOn.inutn
1525 2638 1866 2693 rumusculos
1890 2648 1945 2693 et
1971 2654 2078 2707 prte

2213 2646 2549 2688 revocamus.
2597 2630 2952 2689 Misereamur
2987 2644 3043 2690 et
3081 2636 3455 2707 proximorum
3500 2647 3740 2692 nostrorum

507 2733 723 2779 sentem
782 2726 951 2780 vitam
1005 2729 1197 2797 perdet
1253 2738 1307 2784 et
1359 2728 1617 2785 futuram.
1664 2729 1855 2795 Porro,
1908 2728 2108 2786 fratres
2211 2725 2265 2781 in
2315 2740 2415 2780 nos
2461 2725 2801 2795 peccantium
2852 2726 2935 2781 eis
2987 2727 3333 2784 dimittenda.
3369 2728 3741 2784 Misereamurct

508 2820 640 2885 mei,
669 2820 945 2888 perfectis,
980 2825 1069 2891 qui
1102 2822 1328 2893 gloriam
1359 2823 1637 2877 hominum
1671 2839 1775 2878 non
1818 2832 2103 2894 appetunt,
2211 2818 2477 2874 malorum
2533 2818 2833 2883 hominum,
2880 2835 2979 2890 pro
3027 2822 3109 2876 eis
3148 2822 3521 2892 supplicando.
3552 2821 3725 2877 Misere:

504 2918 564 2965 et
618 2911 859 2966 oblatam
909 2924 1283 2977 contemnunt,
1339 2931 1444 2969 non
1477 2926 1554 2971 est
1589 2929 1811 2969 necesse
1841 2916 2104 2984 pallorem
2208 2928 2333 2967 mur
2359 2910 2676 2969 amictorum
2706 2922 2760 2967 et
2785 2928 3082 2982 pauperum
3119 2916 3199 2970 eis
3240 2914 3745 2981 subveniendojuw

506 3004 709 3069 vultus,
757 3014 812 3059 et
859 3008 1170 3075 squalorem
1222 3008 1393 3063 vestis
1439 3008 1669 3073 evitare,
1716 3009 1800 3063 vel
1839 3024 1933 3063 sua
1964 3010 2104 3063 bona
2208 3005 2352 3073 quod
2390 3004 2554 3058 Isaias
2583 3004 2758 3059 dicit:
2790 3002 3004 3076 Frange
3032 3008 3287 3061 esurienti
3328 3025 3512 3078 panem
3552 3019 3744 3067 tunam:

506 3110 670 3164 opera
726 3098 1076 3161 abscondere.
1128 3099 1238 3155 imo
1282 3110 1337 3154 et
1384 3109 1693 3170 peccarent,
1725 3100 1769 3155 si
1800 3100 2104 3155 abscontle-
2133 3144 2175 3201 ϐ
2208 3109 2394 3163 egenos
2422 3111 2681 3167 uagosque
2710 3096 2871 3151 induc
2898 3098 2954 3151 in
2984 3099 3198 3152 domum
3240 3109 3406 3155 tuam.
3450 3098 3573 3155 Cum
3607 3104 3748 3157 εὶδιτὺ

506 3199 648 3254 rent,
697 3192 949 3260 quoniam
1009 3194 1203 3249 talibus
1250 3194 1452 3249 dictum
1504 3203 1629 3248 est:
1667 3191 1755 3248 Sic
1788 3194 1959 3247 luceat
2010 3194 2078 3249 lu:

2210 3188 2409 3240 nudum
2438 3189 2579 3256 aperi
2601 3205 2739 3254 cum,
2764 3198 2813 3242 et
2842 3206 3053 3244 carnem
3085 3202 3234 3245 tuam
3260 3209 3325 3248 ne
3344 3194 3625 3263 despexeris
3648 3194 3746 3263 (iss.

502 3296 677 3339 uestra
719 3301 897 3338 coram
939 3286 1257 3351 hominibus,
1302 3297 1358 3339 ut
1402 3285 1698 3355 gloriﬁcent
1754 3285 1969 3340 Patrem
2016 3303 2105 3341 ve—
2208 3283 2385 3353 LVIII).
2418 3280 2669 3353 Praecipit
2699 3298 2914 3354 quoque
2942 3284 3206 3341 Dominus
3238 3284 3571 3355 jejunantem
3600 3289 3746 3343 haben

502 3388 670 3429 strum
711 3379 804 3448 qui
839 3380 895 3432 in
928 3379 1069 3433 catis
1111 3387 1187 3431 est
1224 3376 1441 3447 (Matth.
1475 3378 1549 3447 v).
1582 3376 1919 3448 Imperfectis
1953 3392 2099 3442 vero,
2208 3375 2530 3428 munditiam
2576 3376 2630 3428 in
2677 3377 3034 3444 conscientia,
3068 3379 3114 3433 si
3146 3379 3509 3449 spiritualiter
3536 3382 3746 3452 inteliiga.

506 3471 597 3535 qtti
628 3468 854 3537 gloriam
884 3470 1167 3523 hominum
1203 3468 1443 3521 nondum
1476 3467 1691 3537 penitus
1722 3476 2099 3533 contemnunt,
2208 3482 2328 3520 mus
2355 3466 2457 3521 hoc
2480 3468 2621 3537 quod
2652 3469 2805 3533 dicit,
2831 3470 3019 3537 faciem
3045 3480 3190 3523 tuam
3222 3471 3361 3525 lava.
3393 3471 3577 3527 Facies
3601 3474 3735 3543 quipp

510 3568 563 3614 et
611 3561 823 3615 laudem
865 3561 1101 3618 oblatam
1158 3574 1416 3631 resintere
1466 3560 1756 3629 nesciunt,
1812 3560 2101 3615 evitandus
2205 3574 2303 3630 per
2350 3575 2513 3631 quam
2577 3578 2679 3616 nos
2737 3563 3016 3631 cognoscit
3073 3563 3257 3632 Deus,
3306 3567 3623 3620 conscientia
3678 3576 3737 3619 est

510 3663 593 3708 est
641 3653 832 3722 pallur,
891 3653 1112 3708 tristitia
1160 3663 1215 3706 et
1259 3652 1479 3723 squalor
1522 3654 1706 3717 vestis,
1740 3662 1797 3708 et
1822 3653 1962 3708 bona
2000 3666 2096 3707 sua
2205 3650 2356 3707 Hanc
2386 3670 2515 3721 ergo
2555 3656 2798 3726 praecipit
2843 3670 2940 3725 per
2985 3656 3367 3725 paenitentiam
3416 3658 3604 3721 lavari,
3640 3655 3747 3724 just:

507 3744 721 3799 occulte
745 3745 1015 3799 facienda.
1050 3743 1220 3805 Unde.
1247 3755 1300 3799 et
1320 3745 1470 3814 juxta
1502 3744 1761 3810 litteram,
1792 3744 2096 3813 ltujusmodi
2204 3745 2373 3799 illud:
2406 3744 2702 3809 Lavamini,
2738 3750 2921 3801 mundi
2961 3759 3143 3812 estate,
3174 3749 3382 3818 auferte
3414 3750 3553 3803 mala
3596 3752 3739 3819 cogite

506 3834 826 3905 imperfecto
856 3836 1039 3891 subdit
1072 3834 1349 3899 Dominus,
1392 3835 1579 3891 dicens
1606 3854 1620 3889 :
1649 3834 1729 3889 Tu
1756 3846 1954 3899 autem,
1979 3852 2096 3888 cum

500 3925 734 3995 jejunus,
779 3944 915 3998 unge
954 3937 1109 3998 caput
1153 3928 1287 3993 oleo,
1326 3928 1470 3997 quod
1501 3928 1711 3983 scilicet
1739 3927 2012 3982 Palwstini
2039 3926 2094 3982 in

501 4016 940 4071 solemnitatibus
989 4017 1282 4085 faciebant,
1315 4019 1583 4088 etfaciem
1636 4029 1781 4073 tuam
1828 4018 1969 4083 lava,
2033 4034 2096 4073 ne

499 4110 726 4162 uidearis
766 4112 1062 4165 hominibus
1097 4113 1375 4181 jejunans,
1430 4114 1520 4166 sed
1562 4110 1716 4165 Patri
1765 4123 1855 4165 tuo
1900 4113 1990 4183 qui
2021 4114 2094 4165 ui-

498 4202 582 4255 det
618 4202 730 4271 (50)
762 4204 816 4256 in
859 4205 1168 4259 abscondito
1203 4220 1220 4257 :
1249 4216 1295 4259 et
1350 4206 1511 4260 l’ater
1557 4216 1680 4259 tuus
1718 4207 1809 4277 qui
1856 4207 1990 4261 videt
2036 4208 2093 4261 in

500 4294 827 4361 abscondito,
867 4297 916 4350 id
949 4308 1032 4351 est
1061 4299 1111 4353 in
1141 4300 1497 4365 conscientia,
1541 4300 1717 4353 reddet
1757 4300 1872 4355 tibi.
1917 4300 2094 4370 Spiri-

500 4387 722 4443 tualiter
771 4405 898 4445 vero
939 4393 1184 4463 praecipit
1230 4394 1486 4448 Dominus
1535 4392 1588 4446 in
1628 4393 1713 4447 his
1750 4393 1929 4447 verbis
1948 4392 2091 4463 jeju-

2201 3838 2398 3892 tionunt
2442 3848 2733 3893 vestrarum
2765 3838 2900 3909 (Isa.
2934 3840 2996 3910 ι),
3031 3852 3138 3896 etc.
3188 3841 3256 3895 Et
3305 3841 3429 3896 illud
3459 3840 3749 3895 Psalmista'

2199 3932 2438 4001 Amplius
2460 3932 2579 3987 Iura
2622 3950 2704 3988 me
2737 3934 2801 3987 ab
2842 3934 3116 4005 iniquitate
3150 3950 3287 4002 mea,
3311 3946 3358 3989 et
3396 3953 3428 3988 a
3455 3946 3755 4006 peccemus:

2200 4026 2399 4079 munda
2428 4042 2507 4079 me
2538 4024 2712 4095 (Psal.
2743 4028 2815 4097 L).
2846 4024 3016 4080 Porro
3057 4027 3177 4082 sine
3226 4028 3420 4082 munda
3468 4026 3753 4082 conscienti:

2200 4134 2299 4173 nec
2338 4117 2604 4187 jejunium
2650 4135 2750 4174 nec
2796 4119 2940 4174 aliud
2992 4120 3192 4173 bonum
3242 4137 3377 4191 opus
3429 4122 3590 4175 valet.
3642 4120 3756 4175 Unde

2199 4213 2462 4267 Dominus
2517 4227 2615 4281 per
2662 4212 2852 4267 Isaiam
2885 4229 2900 4266 :
2936 4211 3193 4283 Nunquid
3244 4216 3344 4268 Itoe
3389 4225 3462 4268 est
3500 4213 3740 4285 jejunium

2196 4306 2322 4359 dicit
2370 4304 2675 4359 Dominus?
2733 4305 2886 4375 quasi
2931 4305 3187 4358 circulum
3251 4319 3591 4376 contorquere
3637 4314 3758 4371 ειμι

2195 4416 2367 4464 suum,
2416 4409 2463 4452 et
2503 4415 2715 4453 saccum
2752 4410 2797 4453 et
2829 4399 3052 4451 cinerem
3082 4408 3316 4452 sternere
3346 4400 3371 4451 1’
3395 4414 3565 4452 nonne
3592 4398 3677 4448 lto:
3704 4405 3757 4447 est

498 4492 722 4537 nantem
795 4484 998 4540 habere
1064 4487 1117 4540 in
1193 4496 1373 4541 mente
1440 4485 1891 4541 misericordiam.
1956 4485 2087 4542 Dleo
2123 4498 2358 4562 [imagis
2381 4491 2646 4562 jejunium
2673 4491 2813 4562 quod
2835 4491 3006 4563 elegi?
3032 4492 3273 4546 Dissolve
3299 4489 3659 4558 colligationes
3688 4487 3759 4538 is:-

498 4588 737 4643 namque
785 4576 926 4643 quod
981 4584 1298 4647 supernatat
1339 4577 1592 4630 omnibus
1622 4575 1945 4646 liquoribus,
1987 4578 2089 4632 mi-

498 4668 795 4721 sericordia
842 4669 1201 4739 signiﬁcatur,
1251 4686 1370 4739 qtne
1410 4668 2082 4738 superexaltatjudicium.

500 4756 655 4814 Unde
683 4768 739 4813 et
772 4759 920 4815 oleos
966 4760 1078 4831 (51)
1112 4761 1324 4825 (ἐτειιςθ,
1360 4759 1723 4813 misericordia
1756 4760 1956 4814 dicitur
1981 4759 2086 4815 La-

498 4851 632 4905 tine.
682 4851 788 4907 Per
815 4861 977 4921 caput
1013 4868 1144 4907 vero
1185 4866 1337 4906 mens
1370 4849 1857 4922 signiﬁcaturque:
1884 4853 1938 4906 in
1970 4863 2083 4909 toto

496 4943 715 4997 homine
750 4944 1113 5014 principatur.
1159 4942 1411 5011 Prmeipit
1457 4956 1585 5012 ergo
1639 4943 1899 4998 Dominus
1943 4943 2084 5013 jeju-

495 5046 722 5089 nautem
752 5036 871 5090 oleo
899 5044 1062 5104 caput
1093 5050 1315 5103 ungere,
1350 5034 1400 5088 id
1435 5045 1520 5089 est
1548 5037 1719 5104 gratia
1768 5037 2083 5093 misericor-

494 5126 593 5182 dia:
640 5139 876 5182 mentem
926 5128 1284 5197 impinguare.
1342 5127 1434 5182 Est
1482 5129 1625 5183 enim
1679 5145 1832 5185 mens
1890 5130 2078 5198 arida,

493 5234 611 5289 quae
658 5219 780 5274 oleo
828 5235 940 5273 non
988 5228 1072 5274 est
1121 5220 1479 5290 impinguata.
1533 5220 1733 5288 Quales
1763 5232 1891 5277 sunt
1916 5224 2081 5292 (unde

492 5312 776 5367 dolendmn
810 5319 914 5385 est)
966 5313 1125 5369 hodie
1168 5315 1320 5371 multi
1366 5317 1460 5387 qui
1514 5316 1835 5370 miserorum
1870 5314 2076 5379 dolore,

492 5407 713 5463 miseria
746 5418 801 5463 et
829 5409 1125 5477 anxietate,
1157 5426 1265 5466 non
1296 5409 1467 5479 magis
1502 5418 1790 5462 moventur
1826 5423 1987 5477 quam
2032 5412 2076 5465 si

491 5515 595 5556 non
630 5501 898 5568 homines,
932 5505 1026 5561 sed
1054 5505 1261 5570 lapides
1289 5512 1492 5560 essent.
1530 5502 1669 5557 Sunt
1694 5500 1860 5563 enim,
1903 5510 1961 5556 ut
1999 5503 2077 5558 ait

490 5592 794 5662 Apostolus,
835 5597 951 5653 sine
999 5598 1299 5668 a/fectione,
1351 5600 1463 5652 sine
1510 5591 1905 5659 misericordia,
1963 5595 2075 5651 sine

560 5711 669 5781 (‘29)
714 5711 868 5783 Vulg.
899 5715 1050 5770 nti/ti.

561 5785 669 5851 iam
713 5784 866 5850 Vulg.
895 5798 989 5839 est.

2189 4588 2422 4659 pietatis,
2447 4587 2645 4655 depone
2667 4586 2949 4655 fasciculos
2971 4585 3317 4655 deprimentes
3334 4582 3462 4652 (lsa.
3480 4582 3659 4647 mu).
3684 4576 3747 4631 Ls

2191 4694 2379 4734 vernus
2432 4693 2599 4749 ergo,
2667 4678 2864 4733 fratres
2921 4679 3069 4745 mei,
3133 4677 3376 4732 maculas
3437 4673 3761 4729 conscienti:

2189 4781 2411 4837 nostrze,
2438 4770 2785 4841 singultibus,
2812 4770 3062 4841 suspiriis
3090 4781 3144 4825 et
3172 4770 3427 4840 lacrymis
3450 4782 3600 4821 verae
3626 4764 3756 4836 peni-

2189 4865 2393 4929 tentite,
2449 4864 2705 4934 quoniam
2759 4864 3015 4934 lacrymee
3073 4862 3258 4917 lavant
3308 4862 3600 4927 delictum,
3646 4857 3757 4925 quo!

2186 4958 2361 5028 pudor
2404 4968 2487 5013 est
2532 4974 2627 5012 ore
2683 4957 2951 5012 conﬁteri.
3000 4955 3116 5012 Non
3165 4956 3312 5027 quod
3370 4954 3625 5024 lacryma:
3667 4951 3757 5003 sine

2186 5051 2525 5107 confessione
2568 5051 2867 5118 suﬁiciant,
2920 5052 3015 5107 sed
3066 5052 3191 5120 quia
3233 5050 3404 5121 pudor
3437 5064 3513 5104 ex
3564 5048 3759 5103 crimine

2184 5153 2347 5211 auget
2394 5144 2667 5214 lacrymas
2716 5144 2770 5197 in
2827 5142 3142 5199 conﬁtente.
3188 5140 3473 5197 Faciamus
3504 5182 3521 5203 ,
3569 5138 3754 5195 fratre!»

2183 5235 2325 5303 quod
2370 5233 2655 5289 Psalmista
2683 5233 2932 5303 exemplo
2970 5233 3049 5288 sui
3088 5247 3186 5287 nos
3217 5233 3395 5288 facere
3415 5244 3645 5286 monet:
3678 5228 3757 5281 Lc-

2183 5326 2361 5381 borat'i
2384 5328 2437 5381 in
2467 5328 2662 5399 gemitu
2704 5343 2839 5391 meo,
2875 5327 3063 5381 lavabo
3098 5342 3190 5396 per
3221 5325 3450 5395 singulas
3485 5335 3662 5377 noctes
3696 5324 3751 5371 lt-

2182 5430 2321 5473 ctum
2370 5437 2575 5485 meum,
2635 5420 2882 5491 lacrymis
2934 5420 3065 5473 meis
3104 5429 3327 5473 stratum
3375 5434 3549 5471 meum
3608 5414 3751 5485 rigas:

2180 5511 2357 5584 (Psal.
2389 5516 2483 5585 vr).
2528 5515 2780 5585 Praecipit
2824 5514 2989 5569 etiam
3020 5512 3285 5568 Dominus
3309 5511 3646 5583 jejunantem
3680 5510 3748 5560 lu-

2178 5607 2309 5662 bere
2342 5606 2393 5661 in
2425 5609 2561 5663 cmlo
2591 5608 2829 5664 thesauri
2852 5608 2935 5663 sui
2962 5607 3372 5675 repositionem,
3394 5619 3528 5660 cum
3558 5602 3744 5659 subdit:

2252 5720 2366 5792 (5|)
2406 5717 2588 5777 (ἔναντι
2619 5734 2792 5779 tamen
2819 5723 2955 5784 αλιος
2981 5732 3029 5776 et
3057 5738 3165 5777 non
3192 5722 3343 5783 αλιος.
