3822 6316
125 388 233 449 1785

753 372 1058 430 HOMILUE
1097 367 1166 430 IN
1194 368 1413 433 EPIST.
1443 369 1536 433 ET
1575 374 1833 435 EVANG.
1861 375 2163 436 DOMINIC.
2190 410 2260 421 —
2281 373 2464 434 PARS
2485 376 2528 432 l.

3209 373 3347 438 i786

124 503 271 563 Nolite
294 489 629 551 thesaurizare
659 489 798 544 vobis
827 491 882 544 in
910 500 1072 548 terra.
1105 491 1164 547 In
1194 503 1340 550 terra
1384 494 1652 550 thesauri-
1683 496 1731 555 Α
1759 495 1898 562 Quid
1933 495 2089 551 habes
2127 495 2268 568 quod
2317 511 2421 549 non
2448 492 2734 564 accepisti?
2760 493 2809 564 (I
2838 491 2960 550 Cor.
2985 494 3107 568 ιιι.)
3137 495 3344 568 Itaque,

117 590 286 663 utqui
313 585 382 641 vel
413 583 474 638 ad
508 581 738 636 litteram
773 582 992 638 divitias
1032 599 1157 640 snas
1206 586 1258 640 in
1307 599 1474 656 terra,
1499 596 1553 642 et
1581 589 1650 644 ob

101 685 339 746 ’terreuam
368 676 710 732 intentionem
738 676 1042 745 abscondit,
1080 678 1163 733 vel
1195 680 1286 750 qui
1315 695 1463 750 spem
1493 697 1648 736 suam

114 789 153 838 in
198 773 400 835 terrenis
443 769 606 842 ponit.
647 768 702 825 In
747 771 885 827 cmlo
921 787 1050 826 vero
1093 773 1428 830 thesaurizat
1455 777 1546 845 qui
1583 777 1650 831 ad

115 881 304 930 litteram
331 882 420 939 per
447 879 609 934 opera
645 864 1032 922 misericordiae
1073 877 1127 921 et
1153 868 1400 936 justitiae,
1432 869 1651 925 divitias

109 983 210 1023 suas
241 965 284 1017 in
307 961 489 1016 caelum
521 959 800 1024 transfert,
832 959 912 1014 vel
939 961 1164 1032 mystice
1184 962 1274 1031 qui
1305 971 1469 1017 totam
1499 978 1646 1032 spem

109 1075 228 1116 suam
260 1056 306 1110 in
344 1052 645 1110 caelestibus
682 1050 915 1106 confert.
962 1053 1142 1120 Quare
1181 1064 1363 1109 autem
1408 1055 1460 1109 in
1504 1065 1647 1110 terra

105 1169 186 1206 non
223 1148 284 1204 sit
322 1145 785 1200 thesaurizandum
837 1145 1079 1201 ostendit
1122 1163 1246 1201 cum
1290 1148 1512 1204 subd”:
1546 1146 1648 1203 Ub;

102 1261 247 1314 arugo
271 1251 314 1295 et
335 1241 466 1294 tinea
492 1237 789 1301 demolitur,
823 1248 871 1293 et
914 1238 1058 1308 [ures
1097 1239 1353 1309 effodiunt
1379 1251 1425 1296 et
1455 1239 1647 1310 furan-

99 1345 182 1387 tur.
228 1329 382 1384 Porro
425 1342 603 1396 aerugo
661 1328 904 1383 corrodit
947 1328 1184 1395 metalla,
1218 1330 1363 1385 tinea
1411 1340 1638 1398 vestes;

101 1421 216 1491 quod
243 1420 302 1474 ab
331 1418 408 1473 his
437 1431 542 1472 non
575 1417 836 1488 tangitur,
866 1417 1012 1474 fures
1064 1419 1336 1475 furantur.
1390 1421 1496 1476 Per
1529 1421 1645 1476 haec

97 1527 203 1582 ergo
224 1513 334 1576 tria,
366 1509 538 1565 onmis
572 1524 860 1565 avarorum
889 1511 1174 1567 thesaurus
1195 1513 1499 1582 perdendus
1521 1527 1644 1570 esse

94 1603 413 1673 significatur;
442 1609 535 1654 attt
565 1602 708 1655 enim
745 1600 1052 1671 relinquent
1097 1603 1316 1658 divitias
1365 1620 1512 1671 suas,
1550 1613 1644 1660 aut

95 1697 424 1765 relinquentur
445 1693 514 1748 ab
544 1692 666 1748 illis.
699 1692 855 1749 Unde
895 1695 1156 1766 scriptum
1201 1705 1326 1752 est:
1361 1696 1467 1764 Qui
1513 1715 1646 1752 con-

89 1789 279 1862 gregavit
325 1787 551 1853 divitias,
603 1789 744 1841 misit
788 1804 876 1842 eas
927 1790 981 1842 in
1041 1789 1310 1844 sacculutn
1371 1801 1640 1860 pertusum

1755 587 1972 652 fratres,
2005 589 2264 660 quidquid
2305 603 2513 651 sumus,
2543 587 2799 658 quidquid
2847 605 3145 659 possumus.
3189 593 3343 660 quid-

1760 682 1888 751 quid
1914 681 2274 751 possidemus,
2306 680 2400 736 Dei
2429 681 2629 736 donum
2660 689 2716 735 et
2745 680 2834 736 Dei
2867 682 3038 751 gratia
3070 694 3175 739 est.
3209 683 3342 741 lior-
3399 735 3405 740 .

1754 779 1900 826 tatur
1938 773 2102 844 igitur
2148 788 2246 828 nos
2292 772 2585 843 Apostolus
2631 783 2691 827 ut
2741 788 3118 846 quamcunque
3163 792 3192 830 a
3231 775 3341 834 Deo

1753 874 2030 936 acceptam
2060 865 2290 936 gratiam
2322 881 2427 921 non
2481 866 2534 920 in
2585 881 2813 920 vacuum
2845 865 3161 924 habeamus.
3206 870 3340 927 Sunt

1751 965 1932 1012 autem
1962 967 2194 1027 quatuor
2232 957 2375 1013 modi
2409 957 2606 1028 quibus
2650 958 2821 1029 gratia
2870 957 2964 1014 Dei
3011 958 3066 1014 in
3113 975 3340 1016 vacuum

1751 1048 2000 1104 habetur.
2035 1049 2248 1106 Primus
2273 1060 2376 1115 est,
2410 1050 2627 1121 quando
2667 1053 2734 1106 de
2777 1059 2997 1121 accepta
3031 1054 3206 1122 gratia
3239 1053 3340 1108 ali-

1751 1139 1874 1208 quis
1913 1137 2022 1194 Deo
2065 1140 2310 1209 ingratus
2356 1141 2564 1206 existit,
2613 1140 2680 1198 de
2725 1157 2832 1212 quo
2874 1142 3134 1197 Dominus
3167 1147 3341 1216 arguit

1749 1247 1944 1287 novem
1973 1233 2252 1304 leprosos:
2287 1232 2496 1296 Nonne,
2523 1235 2714 1304 inquit,
2737 1236 2909 1289 decem
2934 1237 3178 1291 mundati
3198 1247 3342 1302 sunt,

1749 1331 1797 1375 et
1821 1338 2000 1377 novem
2022 1322 2110 1376 ubi
2131 1323 2291 1377 sunt?
2319 1321 2444 1378 Non
2470 1334 2544 1378 est
2567 1325 2803 1380 inventus
2824 1326 2914 1398 qui
2951 1327 3143 1382 rediret
3166 1338 3214 1382 et
3248 1329 3339 1381 da-

1749 1422 1825 1467 ret
1845 1412 2067 1485 gloriam
2098 1413 2226 1481 Deo,
2253 1416 2356 1469 nisi
2380 1417 2462 1470 hic
2481 1417 2774 1487 alienigena
2798 1417 2948 1488 (Luc.
2975 1420 3133 1492 xvn).
3167 1419 3337 1474 Porro

1747 1507 1840 1579 qui
1873 1508 1940 1563 dc
1975 1517 2196 1578 accepta
2228 1509 2403 1580 gratia
2437 1509 2546 1567 Deo
2577 1511 2818 1581 ingratus
2854 1511 3056 1575 existit.
3099 1521 3338 1567 meretur

1747 1613 1854 1652 non
1891 1597 2065 1652 solum
2108 1612 2215 1652 non
2249 1598 2498 1669 accipere
2544 1600 2772 1670 gratiam
2822 1600 3214 1672 accipiendam,
3241 1599 3337 1656 sed

1746 1690 1910 1746 etiam
1938 1691 2166 1762 perdere
2196 1700 2527 1762 perceptam.
2561 1691 2697 1748 Hinc
2727 1701 2810 1747 est
2837 1694 2980 1763 quod
3020 1709 3161 1764 saepe
3187 1693 3337 1750 vide-

1748 1799 1869 1840 mus
1919 1785 2206 1840 nonnullos
2237 1784 2351 1854 qui,
2382 1799 2505 1840 cum
2555 1786 2864 1856 acceperint
2910 1802 2939 1840 a
2982 1787 3091 1842 Deo
3135 1788 3334 1842 bonum

89 1883 213 1952 (Agg.
244 1881 298 1950 t).
326 1880 386 1933 Et
412 1878 538 1934 alibi
566 1896 580 1933 :
614 1877 956 1934 Thesaurisat
994 1889 1042 1934 et
1068 1881 1273 1951 ignorat
1299 1881 1386 1935 cui
1425 1899 1640 1954 congre-
1671 1881 1718 1941 Β
1749 1877 2024 1951 ingenium
2049 1877 2134 1933 vel
2170 1892 2421 1949 magnam
2447 1876 2752 1943 scientiam,
2777 1877 2902 1949 quia
2935 1886 3115 1934 tamen
3148 1894 3338 1948 super-

85 1977 194 2044 gaoit
219 1990 274 2028 ea
294 1992 314 2040 ;
342 1973 611 2044 quoniam,
652 1988 771 2026 cum
807 1975 1084 2039 interierit,
1109 1991 1212 2028 non
1246 1985 1411 2030 sumet
1437 1977 1635 2044 omnia,

85 2084 217 2136 neque
238 2082 344 2121 cunt
379 2083 438 2120 co
467 2066 838 2121 condescendet
861 2067 1030 2137 gloria
1059 2065 1635 2141 ejus(Psal.xxxvm).

82 2159 268 2232 Mystice
282 2174 406 2214 vero
419 2158 692 2230 .erugo,id
709 2169 795 2214 est
817 2159 1092 2230 superbia,
1106 2170 1160 2216 et
1185 2161 1350 2227 tinea,
1370 2161 1422 2217 id
1454 2172 1536 2218 est
1561 2163 1641 2218 in-

81 2253 272 2314 vidia.et
303 2251 465 2314 fures,
483 2252 537 2307 id
563 2260 647 2314 est
673 2253 968 2317 daemones,
986 2253 1272 2311 thesauros
1298 2255 1635 2324 spcrantiunt

78 2345 120 2399 in
143 2347 353 2401 terrenis
374 2345 643 2416 dissipant
671 2353 727 2399 et.
755 2345 1004 2416 perdunt.
1021 2345 1185 2417 Spem
1209 2362 1338 2402 vero
1361 2347 1637 2403 thesauri-

79 2438 286 2493 zautitnu
312 2437 364 2492 in
396 2437 564 2503 cmlo,
598 2453 694 2494 ucc
719 2438 993 2505 superbia,
1022 2453 1121 2494 nec
1147 2438 1369 2504 invidia,
1398 2455 1499 2495 nec
1525 2439 1636 2495 dtu-

72 2543 229 2582 moues
272 2543 626 2598 corrumpere
669 2536 914 2598 possunt.
955 2528 1129 2583 Aliam
1169 2529 1334 2584 etiam
1385 2544 1633 2597 causam,

70 2621 126 2675 ob
150 2636 294 2692 quam
327 2635 429 2676 non
478 2622 535 2676 in
569 2631 732 2687 terra,
757 2622 850 2678 sed
883 2621 935 2676 in
977 2621 1119 2678 cutio
1151 2622 1630 2678 thesaurizandum

67 2723 153 2779 est,
193 2714 334 2780 ponit
375 2730 503 2770 cum
551 2717 774 2772 subdit:
811 2713 913 2770 Ubi
955 2725 1031 2772 est
1067 2717 1346 2771 thesaurus
1387 2727 1529 2784 tuus,
1560 2715 1634 2770 ibi

67 2816 126 2860 est
146 2816 188 2860 et
211 2823 294 2863 cor
323 2818 495 2864 tuum.
526 2809 604 2865 Ac
629 2808 674 2865 si
701 2807 905 2865 diceret
929 2826 945 2864 :
969 2808 1238 2877 Quoniam
1261 2825 1359 2866 cor
1385 2819 1632 2865 nostrum

65 2899 108 2954 iu
135 2900 452 2967 caelestibus,
487 2916 596 2957 non
636 2903 688 2956 in
731 2903 961 2958 terrenis
998 2902 1162 2972 ligere
1193 2902 1476 2969 debemus,
1510 2903 1632 2958 ideo

66 2989 345 3046 thesaurum
384 2993 502 3063 spei
563 3003 762 3048 nostra:
805 3009 1021 3063 semper
1067 2993 1120 3047 in
1170 2993 1310 3048 caelo
1364 2993 1633 3049 collocare

61 3083 312 3154 debemus,
341 3094 401 3140 ttt
429 3085 601 3139 multa
635 3079 927 3156 antequam
960 3085 1259 3142 moriamur
1281 3101 1378 3156 per
1397 3085 1632 3142 electio-

59 3187 199 3245 synas
230 3177 293 3230 ad
327 3176 532 3232 coelum
576 3177 1026 3233 lransmittamus.
1076 3177 1209 3232 Nam
1255 3178 1300 3234 si
1350 3179 1630 3250 recolliga-

1744 1972 1919 2038 biunt,
1944 1980 1998 2026 et
2025 1971 2136 2027 Deo
2163 1971 2373 2025 auctori
2403 1969 2600 2040 ingrati
2627 1969 2888 2036 existunt,
2919 1978 3138 2038 accepta
3162 1971 3338 2042 gratia

1743 2066 1796 2123 in
1827 2067 1907 2122 eis
1935 2081 2040 2120 non
2073 2073 2473 2135 augmentatur,
2505 2067 2602 2122 sed
2643 2065 2821 2136 potius
2852 2064 3177 2120 minoratur.
3206 2063 3340 2132 Qui-

1741 2158 1864 2214 dam
1891 2173 2018 2213 verc
2041 2165 2167 2212 sunt
2191 2158 2305 2228 qui,
2343 2158 2444 2214 etsi
2488 2158 2540 2212 in
2585 2158 2857 2229 prosperis
2902 2156 3105 2229 gratias
3152 2164 3335 2228 agant,

1741 2249 2036 2305 secundum
2083 2249 2210 2305 illud
2245 2248 2690 2318 :Conﬁtebuntur
2727 2248 2823 2302 tibi
2864 2263 2982 2302 cum
3023 2247 3338 2318 benefeceris

1739 2343 1813 2398 eis
1837 2341 2013 2414 (Psal.
2039 2341 2252 2413 xum),
2283 2351 2463 2398 tamen
2490 2339 2543 2396 in
2577 2339 2820 2396 adversis
2849 2345 3051 2403 tacent,
3075 2337 3158 2394 vel
3190 2353 3336 2395 mur-

1740 2444 1977 2498 murant,
2010 2434 2093 2489 vel
2123 2435 2312 2500 etiam,
2344 2434 2486 2506 quod
2515 2431 2668 2505 pejus
2697 2441 2802 2498 est,
2827 2431 3074 2503 ﬂagellis,
3102 2431 3335 2503 tempori

1738 2536 1795 2582 et
1839 2526 2168 2582 ordinationi
2218 2527 2338 2591 Dei,
2385 2533 2441 2582 et
2487 2525 2558 2580 ita
2607 2525 2797 2594 gratia:
2838 2523 2930 2580 Dei
2981 2521 3337 2579 maledicunt.

1740 2616 1880 2673 Sunt
1902 2618 2102 2690 quippe
2127 2616 2338 2689 ﬂagella
2367 2615 2564 2687 quibus
2592 2631 2690 2672 nos
2716 2615 2860 2670 Deus
2885 2614 3132 2686 corripit,
3161 2613 3335 2686 gratia

1737 2724 1933 2783 magna
1963 2720 2012 2766 et
2045 2709 2434 2767 misericordia:
2461 2725 2574 2766 suae
2602 2725 2810 2782 magna:
2860 2709 3037 2781 signa.
3069 2705 3336 2778 Flagellat

1739 2801 1879 2856 enim
1937 2811 2090 2872 pater
2126 2802 2299 2874 ﬁlium
2355 2818 2507 2874 quem
2549 2801 2720 2872 diligit
2769 2799 2962 2872 (Hebr.
3017 2800 3141 2872 XII).
3182 2797 3336 2857 Sicut

1739 2910 1771 2949 e
1795 2895 2071 2950 contrario
2098 2911 2204 2952 non
2245 2893 2519 2966 ﬂagellare
2564 2893 2963 2964 delinquentem
3008 2891 3206 2949 divina:
3235 2890 3332 2947 ira:

1734 2991 1948 3061 signum
1999 2997 2102 3057 est,
2145 2990 2260 3060 ipso
2305 2995 2597 3044 attestante
2640 3002 2737 3058 per
2779 2986 3105 3057 Prophetatn
3132 3002 3152 3044 :
3179 2985 3329 3052 Jam,

1733 3081 1928 3151 inquit,
1947 3099 2049 3137 non
2065 3082 2272 3135 irascar
2288 3079 2399 3146 tibi,
2420 3079 2562 3134 zelus
2583 3095 2728 3133 meus
2753 3079 2961 3134 recessit
2985 3095 3018 3133 a
3040 3087 3091 3133 te
3113 3075 3334 3148 (Ezech.

1732 3174 1870 3246 xvt.)
1887 3172 2000 3230 lloc
2022 3173 2326 3242 intelligens
2347 3171 2576 3244 Sapiens
2600 3210 2617 3237 ,
2640 3172 2706 3226 de
2727 3170 2890 3226 illatis
2913 3169 3136 3243 ﬂagellis
3164 3168 3335 3224 Deum

59 3241 158 3322 tuus
185 3278 312 3338 quot
337 3270 590 3341 quotidie
630 3270 682 3325 in
707 3251 892 3328 usibtis
921 3271 1186 3342 corporis,
1211 3281 1342 3342 quot
1372 3272 1426 3327 in
1455 3241 1630 3339 vanis,
1660 3241 1702 3301 θ
1737 3241 2026 3334 benedicit,
2053 3276 2109 3324 et
2144 3241 2217 3323 ei,
2238 3241 2442 3338 gratias
2474 3265 2605 3337 agit.
2649 3265 2785 3321 llinc
2811 3273 2896 3328 est
2923 3241 3066 3335 quod
3112 3272 3336 3321 sanctus

57 3369 168 3428 qu0t
205 3359 255 3414 in
299 3360 458 3416 malis
512 3361 908 3432 expendamus,
936 3362 1048 3418 fere
1088 3361 1232 3416 nulla
1283 3362 1634 3430 videbuntur,

54 3464 153 3518 qua
177 3465 270 3521 pro
299 3453 480 3508 salute
511 3455 710 3509 anima:
739 3463 939 3510 nostra:
961 3453 1276 3520 fecerimus,
1299 3469 1422 3510 cum
1452 3456 1635 3511 omnia

53 3556 135 3612 pro
169 3545 336 3601 salute
389 3543 516 3616 ejus
556 3548 740 3602 facere
773 3545 1114 3603 deberemus.
1165 3545 1444 3602 Ploremus
1481 3561 1632 3615 ergo,

49 3632 242 3701 fratres,
271 3637 409 3693 nihil
448 3638 540 3693 vel
574 3653 766 3709 parum
805 3654 904 3693 nos
944 3637 999 3692 in
1041 3637 1180 3694 caelo
1213 3638 1632 3706 thesaurizasse,

50 3730 252 3798 etquod
298 3732 486 3788 minus
521 3730 776 3797 fecimus,
807 3731 986 3786 facere
1031 3729 1368 3786 festinemus.
1419 3732 1636 3802 Cogilev

46 3836 153 3878 mus
194 3834 398 3895 quanta
453 3823 703 3896 quotidie
749 3839 848 3896 pro
901 3838 1130 3895 corpore
1174 3824 1551 3896 expendimus,
1581 3833 1636 3880 et

44 3915 182 3986 plura
221 3935 320 3991 pro
363 3920 555 3975 salute
598 3919 795 3974 anima:
837 3919 1145 3988 expendere
1175 3928 1505 3990 satagamus.
1543 3917 1635 3974 illa

42 4025 145 4080 qua:
191 4028 290 4084 pro
336 4027 584 4086 corpore
627 4013 1004 4084 expendimus,
1044 4013 1254 4082 perdita
1304 4022 1632 4082 reputemus.

40 4102 118 4159 Illa
144 4121 260 4175 qua:
286 4122 392 4177 pro
437 4107 626 4161 anima
673 4105 1050 4174 expendimus,
1078 4108 1212 4163 bene
1263 4107 1455 4162 collata
1507 4121 1638 4176 gau-

37 4192 262 4262 deamus,
292 4207 582 4267 quatenus
611 4205 716 4252 tam
749 4199 1038 4254 thesaurus
1067 4214 1228 4268 qttam
1261 4213 1358 4253 cor
1389 4206 1634 4254 nostrum

34 4283 95 4338 sit
134 4287 185 4341 in
233 4289 379 4344 ets-lo
410 4303 427 4343 :
460 4301 524 4344 et.
568 4303 692 4343 cum
731 4287 857 4342 illuc
904 4289 955 4342 in
1003 4287 1402 4344 resurrectione
1447 4304 1638 4344 ascen-

34 4379 274 4446 derimus,
325 4383 739 4438 indeticientem
781 4381 1093 4437 thesaurum
1148 4382 1507 4447 inveniamus,
1541 4395 1638 4453 per

30 4468 300 4528 Dominmn
342 4485 604 4530 nostrum
645 4472 829 4529 Jesum
860 4472 1156 4541 Christum,
1181 4473 1272 4543 qui
1315 4489 1439 4529 cum
1471 4472 1636 4528 Patre

1735 3361 1859 3430 Job,
1901 3375 2072 3417 uxore
2111 3361 2216 3417 sibi
2265 3361 2596 3430 imperante,
2626 3367 2685 3413 ut
2723 3357 3066 3414 benediceret
3105 3357 3238 3419 Deo.
3271 3362 3330 3412 et

1739 3463 2062 3518 moreretur,
2091 3452 2204 3508 ait:
2233 3451 2293 3508 Si
2314 3452 2448 3506 bona
2469 3451 2790 3521 suscepimus
2820 3450 2885 3504 de
2903 3465 3066 3504 manu
3092 3445 3332 3515 Domini,

1737 3541 1883 3596 ntala
1917 3551 2091 3597 autem
2115 3557 2279 3613 quare
2318 3558 2423 3596 non
2449 3539 2986 3613 sustineamus.’(.lob
3031 3538 3120 3612 tt.)
3154 3539 3332 3594 Domi-

1738 3648 1838 3688 nus
1875 3633 2039 3698 dedit,
2087 3632 2342 3688 Dominus
2384 3632 2617 3698 abstulit,
2657 3631 2790 3686 sicut
2841 3627 3068 3686 Domino
3113 3630 3333 3702 placuit.

1738 3723 1811 3779 ita
1839 3723 2036 3794 factum
2065 3734 2175 3779 est:
2198 3724 2265 3778 sit
2291 3739 2476 3778 nomen
2515 3722 2727 3778 Domini
2750 3724 3073 3780 benedictum
3099 3723 3244 3795 (Job,
3267 3723 3333 3790 ι).

1737 3815 1848 3872 Nos
1881 3818 2084 3888 itaque,
2119 3816 2316 3871 fratres
2346 3815 2678 3882 charissimi,
2719 3817 2878 3887 hujus
2917 3815 3190 3887 exetuplo,
3224 3823 3333 3870 tam

1737 3908 1793 3964 in
1820 3908 2095 3979 prosperis
2120 3923 2282 3979 quam
2317 3908 2369 3962 in
2404 3908 2670 3976 adversis,
2702 3908 2812 3964 Deo
2835 3907 3039 3980 gratias
3080 3921 3329 3978 agamus.

1738 4001 1796 4057 in
1819 4003 2078 4058 adversis
2099 4002 2245 4058 enim
2273 4002 2443 4057 laetari
2476 4009 2532 4056 et
2564 4001 2730 4058 Deum
2768 4002 3097 4058 benedicere
3124 4009 3333 4056 tantum

1737 4105 1822 4151 est
1842 4097 2127 4161 bonorum,
2157 4111 2278 4150 cum
2309 4095 2360 4150 in
2384 4096 2661 4166 prosperis
2683 4095 3004 4152 benedicere
3021 4094 3187 4167 possit
3213 4107 3333 4150 esse

1737 4189 1902 4244 etiam
1945 4187 2231 4243 malorum.
2271 4187 2444 4244 Porro
2491 4205 2682 4259 parum
2711 4189 2889 4259 placet
2922 4188 3032 4243 Deo
3059 4202 3164 4244 vox
3201 4202 3320 4243 con-

1740 4281 2016 4347 fessionis,
2052 4295 2214 4351 quam
2243 4279 2444 4336 format
2481 4281 2772 4336 exsultatio
2794 4279 3190 4352 prosperitatis.
3224 4277 3333 4337 Sed

1738 4374 1794 4428 in
1832 4373 1916 4427 die
1959 4373 2226 4427 mandavit
2265 4372 2523 4428 Dominus
2580 4374 2999 4428 misericordiam
3051 4389 3203 4428 suam
3229 4413 3246 4440 ,
3283 4381 3332 4428 et

1740 4477 1892 4522 nocte
1913 4468 2174 4521 canticum
2195 4465 2308 4536 ejus
2337 4463 2510 4537 (Psal.
2554 4468 2692 4536 xu),
2724 4476 2783 4522 ut
2808 4466 3012 4523 scilicet
3035 4464 3087 4520 in
3111 4478 3331 4536 prospe-

28 4574 69 4616 et
92 4563 294 4635 Spiritu
325 4575 533 4623 sancto
557 4565 686 4620 vivit
718 4574 773 4620 et
819 4574 1009 4636 regnat
1057 4566 1197 4620 Deus
1238 4563 1292 4618 in
1345 4576 1630 4620 aeternum.
1663 4598 1714 4659 Β
1741 4560 1817 4615 ris
1841 4559 2242 4630 eleemosynam
2267 4556 2555 4624 faciamus,
2577 4567 2633 4614 et
2665 4560 2718 4614 in
2743 4559 2986 4614 adversis
3011 4556 3122 4612 Deo
3144 4556 3330 4627 psalla-

25 4657 202 4715 Amen.

541 4749 825 4808 liOMILiA
875 4749 1115 4807 XXXIV.

348 4861 627 4902 DOIINICA
667 4861 828 4901 PBIIIA
869 4861 968 4911 QUA
978 4860 1311 4902 θηλαεεικι.

83 4933 385 4991 Hortamur
411 4957 510 4994 vos
545 4955 609 4992 ne
640 4941 693 4993 in
728 4956 946 4994 vacuum
993 4940 1223 5009 gratiam
1251 4937 1347 4992 Dei
1368 4937 1634 5007 recipiatis

21 5025 87 5092 ῖιι
109 5027 235 5084 Cor.
265 5033 371 5102 vt).
398 5030 632 5084 Duobus
661 5030 912 5100 capitulis
937 5029 1290 5101 distinguitur
1313 5029 1427 5086 haec
1449 5029 1633 5095 lectio,

22 5118 208 5179 ’ratres
253 5123 644 5178 charisssimi.
693 5125 746 5177 In
795 5123 970 5194 primo
999 5125 1104 5179 duo
1136 5123 1266 5178 facit
1301 5124 1630 5195 Apostolus:

20 5218 175 5270 trimo
233 5217 519 5273 hortatur
566 5229 633 5271 ne
683 5216 910 5285 gratiam
963 5215 1054 5270 Dei
1105 5232 1327 5270 vacuant
1379 5218 1430 5270 in
1479 5217 1634 5272 nobis

25 5309 329 5375 iubeamus,
363 5308 626 5364 secundo
652 5308 887 5364 ostendit
910 5325 1072 5379 qttam
1105 5309 1333 5379 gratiam
1363 5311 1632 5379 prmcipue

25 5417 52 5452 u
87 5417 328 5459 vacuum
361 5417 486 5458 non
516 5399 810 5458 debeamus
833 5401 1054 5457 habere.
1085 5400 1318 5456 Hortans
1349 5402 1632 5472 igiturnos

27 5489 181 5548 )t’illlO
213 5508 291 5548 ne
320 5506 519 5548 vacua
552 5493 623 5546 sit
653 5493 706 5547 in
741 5491 895 5549 nobis
920 5493 1093 5565 gratia
1129 5492 1246 5556 Dei,
1286 5493 1395 5547 ait:
1429 5491 1631 5548 Horta-

19 5595 113 5636 nur
135 5601 230 5640 vos
256 5603 328 5641 ne
353 5586 418 5639 in
445 5599 676 5639 vacuum
705 5585 931 5655 gratiam
971 5583 1070 5638 Dei
1107 5583 1391 5655 recipiatis.
1421 5583 1630 5652 Gratia,

19 5674 198 5734 ‘ratres
259 5678 624 5744 charissimi,
682 5679 880 5735 dicitur
927 5680 1184 5750 quidquid
1231 5680 1402 5751 gratis
1450 5680 1630 5734 datur.

19 5770 110 5842 losj
138 5781 340 5829 autem
392 5768 551 5826 nihil
583 5770 707 5827 boni
749 5771 1032 5838 habemus,
1064 5773 1206 5842 quod
1249 5787 1280 5826 a
1325 5771 1434 5827 Deo
1459 5772 1631 5842 gratis

19 5880 98 5920 tun
142 5863 581 5936 acceperimus.
611 5861 766 5922 Unde
812 5863 953 5921 idem
997 5864 1286 5935 Apostolus
1332 5864 1408 5919 ait
1455 5863 1579 5920 alibi
1614 5881 1627 5918 :

1741 4667 1880 4708 mus.
1913 4650 2194 4707 Secundus
2233 4650 2427 4707 modus
2469 4660 2578 4716 est,
2625 4650 2843 4721 quando
2885 4650 3007 4720 quis
3051 4656 3331 4719 acceptam

1739 4744 1970 4816 gratiam
2028 4743 2294 4799 inutiliter
2349 4742 2668 4808 abscondit,
2722 4742 2790 4796 de
2847 4756 2955 4812 quo
3013 4739 3331 4804 damnatur,

1730 4836 1890 4907 juxta
1922 4837 2295 4911 evangelicam
2325 4834 2662 4908 parabolam,
2687 4834 2840 4906 piger
2883 4833 2974 4890 ille
2999 4847 3210 4896 servus,
3239 4833 3332 4903 qui

1738 4939 2019 5002 acceptum
2048 4928 2331 4985 abscondit
2373 4927 2428 4982 in
2455 4933 2599 4983 terra
2635 4926 2896 4982 talentum
2927 4923 3146 4996 (Matth.
3176 4928 3330 4994 xxv).

1739 5021 1891 5090 Quod
1942 5022 2083 5078 enim
2137 5020 2210 5076 ibi
2259 5019 2542 5085 talentum,
2600 5018 2690 5074 hic
2742 5017 2914 5089 gratia
2959 5023 3331 5087 nuncupatur.

1739 5115 2036 5170 Damnatur
2063 5114 2247 5186 igitur,
2292 5116 2511 5180 fratres,
2543 5111 2852 5182 quicunque
2883 5118 3160 5182 acceptam
3205 5125 3331 5181 gra-

1741 5211 1866 5266 tiam
1898 5227 1928 5266 a
1957 5211 2066 5267 Deo
2101 5211 2215 5266 sive
2244 5210 2584 5281 sapientiam,
2613 5207 2730 5264 sive
2773 5206 3012 5275 divitias,
3040 5206 3156 5262 sive
3179 5216 3331 5278 pote-

1737 5315 1954 5372 statem,
1979 5305 2094 5360 sive
2124 5303 2510 5367 ministerium,
2536 5302 2650 5357 sive
2676 5299 3153 5372 quamlibetaliam
3184 5313 3330 5370 rem,

1737 5410 1844 5452 non
1877 5396 2046 5450 utitur
2068 5405 2122 5451 et
2145 5394 2441 5462 distribuit,
2481 5393 2547 5448 ad
2575 5392 2876 5464 profectum
2917 5392 3243 5448 animarum.
3267 5389 3328 5448 lu

1737 5503 1847 5561 quo
1879 5488 2009 5544 illud
2056 5487 2390 5559 pensandum
2432 5495 2534 5557 est,
2579 5486 2834 5558 quoniam
2876 5485 3134 5543 talentum
3181 5484 3326 5555 quod

1734 5581 1890 5652 pigro
1924 5580 2187 5646 aufertur,
2221 5581 2310 5635 alii
2350 5581 2442 5652 qui
2474 5582 2742 5652 perceptis
2779 5581 2915 5636 bene
2944 5587 3152 5646 egerat,
3186 5591 3322 5633 con-

1737 5667 1929 5729 fertur.
1958 5673 2111 5740 Quod
2152 5674 2414 5744 quotidie,
2466 5675 2664 5729 fratres
2704 5671 3033 5736 charissimi,
3077 5669 3324 5724 videmus

1735 5768 1990 5840 quoniam
2035 5768 2208 5839 gratia
2239 5768 2390 5840 pigro
2416 5765 2682 5831 aufertur,
2728 5775 2783 5822 et
2811 5765 2861 5820 ei
2892 5762 2982 5833 qui
3013 5761 3068 5818 in
3109 5760 3320 5816 caeteris

1735 5863 1938 5931 probus
1976 5861 2172 5930 fuerat,
2202 5861 2500 5919 confertur.
2545 5859 2752 5930 Itaque,
2785 5859 3000 5924 fratres,
3030 5855 3259 5926 gratiam
3287 5867 3318 5911 ι
