3822 6316
473 350 612 406 ΓΞ87

1463 345 1810 402 ΔΒΒΕΝὓΔ.
1847 375 1916 388 --
1945 341 2297 402 RADULPHI
2320 343 2668 400 ARDENTIS

3571 355 3666 416 im

465 465 575 518 Deo
604 469 880 534 acceptam
914 479 1019 520 non
1059 464 1325 520 inutiliter
1350 463 1767 530 abscondamus,
1799 463 1889 518 sed
1930 481 2050 520 eam
2079 469 2127 528 Α
2151 465 2358 532 Itaque,
2392 462 2588 516 fratres
2612 460 2848 530 mei,qui
2879 461 3112 531 primam
3138 462 3388 532 gratiam,
3415 465 3462 519 id
3485 479 3557 522 est
3577 487 3667 540 peo-

463 561 583 616 aliis
617 561 1103 626 communicemus,
1133 570 1192 616 ut
1217 561 1340 614 inde
1371 569 1424 614 et
1464 559 1618 615 nobis
1647 569 1699 614 et
1731 560 1851 614 aliis
1880 560 2044 631 profi-

461 652 702 707 ciamus:
731 651 1002 723 Scriptum
1026 661 1112 707 est
1132 655 1274 707 enim
1297 669 1310 705 :
1333 652 1435 717 Qui
1463 652 1730 705 abscondit
1759 651 2045 721 frumenta,

459 745 802 801 maledicetur
831 749 884 800 in
907 747 1112 817 populis
1143 743 1382 815 (l’roser.
1427 746 1510 811 ιι).
1540 745 1604 798 Et
1630 744 1786 798 alibi:
1823 743 1945 798 Non
1969 762 2050 800 re-

461 839 626 892 tineas
651 838 859 892 verbum
890 837 943 892 in
976 847 1202 907 tempore
1231 836 1417 891 salutis
1447 833 1639 907 (Eccli.
1667 836 1742 904 tv)
1764 852 1778 899 ;
1803 845 1857 890 et
1881 835 2004 891 alibi
2028 851 2045 891 :

461 928 762 986 Thesaurus
802 931 1133 985 absconditus
1181 938 1228 984 et
1273 929 1898 1000 sapientiaabscondita,
1930 947 2047 1000 qua

459 1021 662 1076 utilitas
692 1024 743 1078 iu
784 1023 1017 1093 utrisque
1047 1021 1238 1092 (Eccli.
1265 1021 1379 1094 xx).
1417 1021 1695 1092 Sapientia
1725 1023 1870 1076 enim
1897 1023 2050 1079 nobi-

459 1111 522 1166 iis
562 1113 864 1184 possessio,
913 1113 1197 1168 distributa
1252 1113 1480 1183 suscipit
1521 1113 1946 1180 incrementum,
1993 1123 2050 1170 et

458 1216 679 1258 avarum
711 1204 1000 1272 dedignata
1028 1217 1420 1273 possessorem,
1463 1205 1565 1259 nisi
1595 1203 1915 1275 publicetur,
1937 1205 2049 1260 ela-

457 1291 618 1346 bitur.
677 1293 890 1348 Tertius
944 1294 1135 1349 modus
1183 1303 1266 1350 est
1315 1295 1534 1366 quando
1580 1296 1777 1366 aliquis
1824 1305 2046 1365 accepta

457 1385 627 1454 gratia
656 1385 914 1452 abutitur,
961 1394 1018 1442 ut
1046 1385 1138 1442 ille
1177 1387 1269 1458 qui
1313 1387 1562 1451 scientia,
1597 1389 1681 1443 vel
1715 1389 1933 1454 divitiis,
1963 1387 2046 1443 vel

458 1485 742 1545 potestate,
771 1478 855 1534 vel
887 1477 1128 1550 qualibet
1156 1478 1261 1535 alia
1287 1495 1368 1547 re,
1401 1479 1542 1536 male
1564 1482 1752 1547 utitur,
1780 1482 1902 1536 inde
1924 1496 2048 1552 per-

457 1571 731 1640 sequendo
767 1573 936 1628 Deum
967 1582 1020 1630 et
1045 1573 1376 1645 proximum,
1407 1575 1550 1629 unde
1579 1573 1691 1630 Deo
1717 1584 1771 1630 et
1799 1576 2046 1646 proximo

457 1661 640 1718 debuit
677 1665 908 1722 servire.
945 1664 1096 1722 Unde
1137 1667 1428 1731 Dominus,
1465 1680 1562 1736 per
1600 1665 1817 1731 Oscam,
1869 1667 2049 1736 arguit

457 1755 726 1812 lsraelitas
762 1759 905 1829 quod
936 1773 1153 1823 aurum,
1189 1759 1331 1828 quod
1373 1767 1676 1830 argentum,
1711 1758 2044 1814 frumentum

2151 567 2394 614 calorum
2449 555 2826 611 remissionem
2872 554 2987 625 jam
3040 557 3307 626 percepit,
3359 558 3576 629 ingratus
3609 570 3671 624 vel

2152 651 2356 707 inutilis
2383 649 2698 719 existendq,
2732 659 2919 706 caveat
2949 665 3017 704 ne
3052 650 3108 705 in
3138 665 3365 704 vacuum
3392 665 3506 706 eam
3538 670 3672 723 peros.

2151 746 2315 816 perit;
2341 745 2433 814 qui
2470 758 2599 798 vero
2626 752 2875 797 neutram
2907 741 3087 797 adhuc
3107 742 3160 796 in
3194 752 3418 811 peccato
3436 749 3674 812 perdurant

2149 838 2376 908 accepit,
2394 838 2582 893 timeat
2610 852 2677 890 ne
2706 845 2916 905 tempus
2943 835 3277 905 acceptabile
3305 843 3362 890 et
3382 836 3514 890 diem
3537 839 3677 898 salutis

2154 940 2396 987 transeat
2426 931 2622 997 otiose,
2651 930 2746 984 sed
2786 931 2966 1000 potius
2997 939 3244 1008 tempore
3272 937 3489 997 accepto
3515 930 3678 1000 clamet,

2150 1035 2210 1080 ut
2233 1025 2374 1079 Deus
2399 1025 2651 1079 exaudiat
2672 1038 2820 1088 eum,
2843 1031 2898 1078 et
2923 1023 3105 1077 trahat
3128 1037 3254 1076 eum
3279 1022 3346 1076 de
3367 1021 3481 1077 lacu
3506 1023 3682 1080 miseris

2149 1127 2205 1173 et
2233 1117 2300 1173 de
2322 1117 2432 1171 luto
2459 1116 2607 1171 faucis
2636 1114 2810 1186 (Psal.
2845 1116 3060 1184 xxxix).
3083 1113 3314 1182 Clamet,
3347 1114 3566 1183 inquam,
3590 1119 3681 1172 dum

2149 1207 2296 1273 licet,
2321 1216 2378 1264 et
2407 1207 2668 1279 paeniteat
2708 1207 2834 1262 dum
2869 1216 3081 1276 tempus
3113 1207 3300 1261 habet.
3339 1205 3582 1272 Quoniam
3602 1222 3684 1277 ptr-

2151 1300 2380 1356 nitentia
2423 1299 2477 1354 in
2514 1300 2618 1354 hac
2658 1298 2768 1354 vita
2820 1307 3030 1354 tantum
3063 1298 3249 1353 valere
3290 1306 3486 1366 potest,
3513 1307 3556 1351 et
3579 1298 3687 1353 salus

2150 1393 2450 1464 promereri
2473 1392 2682 1463 'potest.
2719 1391 2776 1447 In
2800 1392 2904 1446 alia
2933 1391 3042 1446 vita
3069 1406 3224 1457 vero,
3271 1404 3381 1445 non
3412 1389 3690 1462 erittemput

2149 1483 2474 1548 seminandi,
2517 1484 2614 1539 sed
2644 1483 2906 1548 metendi,
2939 1498 3047 1538 non
3082 1482 3462 1553 promerendi,
3483 1483 3559 1535 sed
3581 1486 3690 1538 seci-

2149 1575 2350 1646 piendi.
2385 1576 2700 1647 PrOpterea,
2733 1577 2934 1632 fratres
2960 1575 3302 1641 charissimi,
3348 1573 3500 1629 omni
3520 1574 3692 1645 vigilan-

2151 1667 2223 1722 tia
2258 1680 2550 1721 caveamus
2586 1681 2655 1721 ne
2707 1677 2920 1737 tempus
2966 1666 3124 1722 nobis
3163 1665 3470 1737 praestitum
3510 1666 3564 1718 ad
3587 1665 3692 1719 salu-

2151 1767 2260 1813 tem
2307 1759 2746 1829 promerendam,
2797 1762 2850 1816 in
2909 1774 3140 1815 vacuum
3191 1757 3573 1828 expendamus.
3617 1757 3695 1812 Sed

458 1859 511 1906 et
533 1852 738 1916 vinum,
768 1828 946 1908 lanam
970 1862 1024 1908 et
1057 1854 1250 1920 linum,
1280 1868 1311 1908 a
1339 1828 1457 1909 Deo
1482 1853 1584 1908 sibi
1623 1854 1890 1924 praestita,
1921 1853 2048 1907 Baal
2076 1828 2128 1893 Β
2152 1851 2285 1906 hcul
2309 1828 2520 1906 fratres
2546 1849 2714 1921 (quod
2760 1852 2878 1907 sine
2906 1851 3111 1922 gemitu
3141 1850 3328 1904 dicere
3360 1848 3576 1918 nequeo)
3608 1863 3695 1918 spa-

460 1944 567 2000 Deo
596 1959 696 2001 suo
732 1945 1035 2001 offerebant
1073 1945 1222 2018 (Ose.
1265 1949 1352 2017 ιι).
1393 1946 1545 2014 Quod
1581 1947 1747 2002 etiam
1780 1947 1938 2002 hodie
1968 1949 2048 2002 fa-

459 2036 606 2093 ciunt
629 2038 722 2107 qui
758 2039 1102 2108 sapientiam,
1131 2040 1216 2095 vel
1239 2040 1625 2111 eloquentiam,
1655 2039 1739 2095 vel
1771 2039 2048 2095 abundan-

459 2129 606 2196 tiam,
651 2130 738 2186 vel
783 2138 977 2186 caetera
1022 2132 1163 2187 bona
1204 2131 1308 2187 sibi
1352 2147 1382 2186 a
1427 2131 1536 2187 Deo
1585 2131 1803 2196 collata,
1857 2141 2046 2186 contra

460 2219 624 2276 Deum
655 2221 708 2276 in
755 2236 855 2277 usu
897 2221 1190 2276 criminum
1231 2231 1288 2277 et
1335 2222 1534 2278 diaboli
1580 2222 1804 2278 servitio
1845 2238 2047 2293 expen-

459 2314 604 2370 dunt.
653 2311 763 2370 Nos
804 2329 952 2387 ergo,
993 2314 1216 2382 fratres,
1254 2317 1368 2373 Deo
1395 2316 1464 2372 de
1497 2318 1652 2373 donis
1680 2317 1795 2373 suis
1835 2317 2044 2372 servia-

458 2423 594 2474 mus,
627 2418 682 2464 et
713 2408 783 2464 ad
820 2424 970 2476 enin,
999 2425 1028 2464 a
1071 2427 1178 2482 quo
1219 2411 1335 2467 solo
1361 2412 1654 2478 habemus,
1693 2411 1874 2466 omnia
1905 2411 2047 2467 refe-

459 2516 658 2570 ramus,
691 2501 783 2572 qui
819 2501 967 2558 solus
991 2514 1076 2558 est
1105 2503 1266 2574 alpha
1296 2512 1350 2558 et
1384 2519 1602 2576 omega,
1631 2527 1667 2563 si
1693 2514 1747 2560 et
1776 2528 1816 2560 ω
1854 2505 2042 2576 (Apoc.

459 2615 498 2666 ι,
525 2600 684 2670 xxn),
709 2601 952 2656 omnium
997 2601 1208 2658 scilicet
1243 2602 1510 2658 bonorum
1553 2601 1769 2658 initium
1799 2610 1853 2658 et
1896 2601 2040 2658 linis.

459 2694 691 2760 Quartus
729 2693 922 2750 modus
963 2703 1078 2761 est,
1120 2697 1341 2764 quando
1372 2694 1568 2764 aliquis
1613 2706 1890 2766 acceptam
1921 2709 2044 2766 gra-

460 2787 586 2841 tiam
614 2799 1028 2859 perseveranter
1069 2804 1173 2844 non
1218 2790 1475 2845 custodit.
1519 2789 1732 2845 Nullum
1766 2791 1918 2861 enim
1948 2791 2046 2846 bo-

459 2897 605 2945 uuln,
635 2885 781 2951 quod
826 2884 1228 2954 perseverantia
1257 2894 1440 2952 caret,
1473 2885 1581 2941 Deo
1623 2886 1841 2956 placere
1879 2885 2042 2941 valet.

460 2957 609 3027 Unde
636 2973 688 3028 in
711 2973 828 3044 lege
855 2975 1190 3046 praecipitur,
1217 2985 1275 3031 ιιι
1298 2988 1462 3048 caput
1485 2978 1735 3033 animalis
1757 2993 1879 3033 cum
1912 2992 2046 3032 cau-

461 3059 524 3115 da
552 3062 604 3116 in
643 3063 926 3119 sacriﬁciis
965 3063 1224 3120 oﬂ‘eratur
1268 3064 1457 3138 (Leuit.
1507 3083 1589 3130 ut,
1633 3066 1730 3137 ix).
1776 3066 2045 3134 Quoniam

461 3153 545 3209 Ille
572 3156 710 3210 bene
736 3158 1028 3224 sacrificat,
1059 3159 1150 3229 qui
1180 3160 1316 3216 bene
1352 3160 1538 3228 incipit
1558 3169 1614 3216 et
1634 3159 1771 3216 bene
1795 3169 2047 3215 consum-

461 3256 588 3304 mat.
617 3247 754 3304 Hinc
796 3251 958 3306 etiam
987 3253 1249 3310 Dominus
1281 3269 1379 3324 per
1414 3253 1678 3310 Joannem
1709 3255 1838 3310 dicit
1869 3273 1880 3308 :
1917 3253 2043 3308 Esto

460 3338 624 3400 ﬁdelis
659 3357 820 3412 usque
845 3343 914 3396 ad
956 3355 1202 3408 mortem,
1235 3356 1280 3400 et
1327 3345 1467 3401 dabo
1511 3346 1604 3400 tibi
1635 3361 1886 3401 coronam
1927 3348 2046 3401 rita:

461 3434 640 3506 (Apoc.
670 3434 752 3502 ιι).
783 3437 861 3492 Ae
903 3438 948 3493 si
987 3437 1234 3494 diceret:
1265 3439 1416 3495 Alias
1465 3453 1570 3495 non
1599 3440 1756 3496 dabo.
1792 3438 1927 3494 Hine
1951 3455 2049 3508 per

461 3527 796 3586 Ezechielem
821 3530 1054 3588 dicitur:
1081 3531 1141 3588 Si
1162 3549 1374 3588 auersus
1399 3532 1555 3600 fuerit
1576 3533 1774 3602 justus,
1794 3543 1839 3588 et
1867 3533 2047 3603 fecerit

461 3621 810 3690 iniquitatem,
839 3624 895 3678 in
920 3625 1197 3695 iniquitate
1232 3642 1330 3681 sua
1362 3628 1640 3693 morietur,
1674 3635 1722 3680 et
1757 3644 1933 3681 omnes
1949 3627 2045 3698 ju-

461 3715 618 3768 stitire
641 3716 756 3784 ejus
795 3733 928 3785 quas
965 3717 1182 3787 fecerat,
1235 3735 1337 3773 non
1376 3719 1792 3774 recordabuntur
1825 3719 2045 3790 (Ezeclt.

460 3805 562 3872 tu).
612 3805 718 3862 Vos
761 3825 912 3879 ergo,
950 3809 1148 3865 fratres
1189 3811 1320 3876 mei,
1365 3810 1457 3880 qul
1491 3826 1588 3880 per
1618 3821 1842 3881 peccata
1874 3827 1904 3865 a
1939 3811 2048 3866 Deo

461 3897 632 3953 aversi
661 3899 816 3964 estis,
835 3916 932 3970 per
957 3903 1336 3972 paenitentiam
1361 3903 1469 3958 cito
1499 3903 1906 3958 convertimini.
1945 3903 2049 3958 Vos

462 4005 585 4044 vero
629 3993 718 4061 qui
755 3994 807 4046 in
859 3993 1000 4050 bono
1045 3996 1324 4065 proposito
1363 3997 1525 4060 estis,
1568 4007 1934 4066 perseverate,
1981 3997 2050 4052 ds

461 4091 600 4140 bono
631 4084 685 4139 in
723 4086 942 4154 melius,
969 4089 1022 4143 in
1056 4089 1216 4144 linem
1249 4105 1422 4160 usque
1454 4101 1890 4161 perseverantes.

530 4176 781 4236 Secundo
838 4184 1077 4239 ostendit
1119 4185 1406 4254 Apostolus
1453 4199 1616 4256 quam
1671 4186 1902 4257 gratiam
1947 4198 2048 4242 nos

461 4270 708 4326 hortetur
740 4289 844 4328 non
895 4275 950 4330 in
990 4291 1220 4332 vacuum
1269 4280 1488 4342 habere,
1538 4293 1662 4333 cum
1713 4278 1915 4332 suhdit.
1959 4278 2049 4332 Ait

461 4363 595 4417 enim
647 4363 933 4435 Dominus,
981 4370 1188 4426 scilicet
1233 4387 1330 4440 per
1374 4371 1569 4426 Isaiam
1620 4372 1938 4441 prophetam
1980 4370 2048 4426 de

462 4462 704 4527 tempore
745 4462 962 4528 gratim:
1001 4461 1251 4534 Tempore
1289 4473 1500 4535 accepto
1539 4464 1783 4519 exaudiri
1811 4474 1878 4531 te,
1909 4474 1958 4519 et
1991 4465 2048 4519 in

2153 1945 2288 1999 tium
2327 1938 2586 2014 temporis
2610 1945 2795 1998 datum
2822 1946 2891 2001 ad
2919 1943 3301 2015 pteniteutiam
3333 1943 3698 2014 negligimuset

2146 2036 2364 2108 quando
2394 2035 2720 2093 deberemus
2760 2038 2894 2093 flere
2936 2046 3187 2109 peccata,
3212 2051 3279 2092 ea
3323 2052 3593 2108 augemus.
3615 2035 3697 2089 Is-

2147 2144 2309 2200 gnam
2361 2131 2620 2200 temporis
2667 2139 2880 2200 partem
2929 2131 3229 2186 transimus
3270 2129 3702 2195 dormiendo,ma-

2147 2236 2308 2290 gnam
2358 2222 2472 2276 otio
2521 2224 2797 2288 vacando,
2843 2237 3097 2293 magnam
3145 2222 3293 2277 male
3331 2221 3551 2292 agendo.
3580 2222 3701 2288 Ecce,

2147 2311 2368 2379 fratres,
2409 2315 2675 2384 praeteriit
2703 2315 2822 2370 dies
2860 2316 3152 2381 hesterna,
3200 2328 3312 2370 non
3360 2313 3584 2384 amplius
3611 2314 3706 2368 red.

2146 2405 2309 2469 itura,
2343 2416 2396 2461 et
2438 2421 2679 2476 praesens
2715 2407 2852 2463 hora
2878 2405 2991 2474 jam
3017 2423 3121 2462 non
3165 2406 3298 2462 erit.
3321 2405 3496 2462 Omne
3533 2416 3704 2476 tempus

2147 2515 2298 2556 more
2342 2499 2495 2554 fluvii
2540 2500 2959 2556 irremeabiliter
2995 2501 3212 2555 transit.
3263 2499 3480 2570 Itaque,
3532 2499 3709 2564 fratres,

2148 2593 2281 2650 illud
2339 2595 2609 2650 modicum
2642 2595 2924 2666 temporis,
2964 2595 3110 2666 quod
3147 2595 3310 2650 nobis
3341 2610 3374 2648 a
3419 2594 3525 2649 Deo
3566 2596 3709 2659 datur,

2148 2701 2260 2744 non
2308 2686 2577 2741 inutiliter
2633 2695 3001 2742 transeamus.
3055 2686 3344 2742 Perdimus
3391 2686 3534 2740 enim
3582 2699 3710 2739 omne

2148 2788 2361 2850 tempus
2383 2780 2532 2845 illud,
2573 2781 2626 2835 in
2655 2796 2765 2851 quo
2786 2781 2852 2835 de
2881 2781 3021 2846 Deo,
3047 2789 3105 2834 et
3122 2780 3194 2836 de
3220 2779 3409 2835 anima
3435 2787 3610 2864 rursm
3633 2794 3714 2831 non

2147 2873 2469 2942 cngitamus.
2487 2871 2778 2927 Videamus
2802 2873 2968 2942 igitur
2985 2888 3054 2927 ne
3081 2873 3248 2940 diem,
3282 2887 3351 2927 ne
3374 2873 3559 2927 horam
3585 2871 3714 2924 aruit-

2150 2973 2346 3019 tamus.
2401 2964 2528 3028 Sed,
2580 2966 2720 3019 sicut
2753 2964 3003 3019 solebant
3041 2965 3252 3035 antiqui
3291 2962 3508 3027 Patres,
3544 2964 3591 3018 iu
3619 2979 3718 3018 sera

2149 3073 2365 3115 omnem
2405 3059 2662 3114 diurnum
2707 3057 2976 3127 laborem,
3022 3069 3080 3114 et
3123 3059 3181 3113 iu
3235 3075 3401 3114 mane
3432 3069 3719 3114 nocturnam

2151 3148 2564 3220 cogitationem,
2588 3147 2672 3202 vel
2704 3147 3118 3203 delectationem
3146 3147 3214 3201 ad
3247 3149 3566 3204 memoriam
3597 3162 3721 3201 revo-

2150 3253 2356 3296 CCmus.
2390 3241 2457 3296 Et
2486 3241 2530 3296 si
2554 3241 2685 3312 quid
2715 3240 2840 3295 tnali
2870 3242 3269 3307 contraximus,
3294 3243 3613 3312 penitentia
3638 3253 3718 3294 ter-

2151 3351 2372 3404 gatnus;
2404 3335 2446 3390 si
2471 3335 2598 3404 quid
2643 3335 2793 3400 boni,
2819 3336 2994 3406 magis
3024 3350 3350 3405 augeamus,
3381 3343 3437 3390 et
3462 3345 3660 3405 tempus
3681 3336 3721 3387 iu

2151 3445 2259 3499 quo
2296 3428 2430 3484 nihil
2460 3428 2585 3484 boni
2615 3427 2876 3493 fecimus,
2921 3443 3023 3484 nos
3051 3426 3306 3483 amisisse
3350 3427 3651 3497 ploremus;
3674 3433 3720 3478 et

2151 3523 2206 3578 in
2257 3532 2498 3593 tempore
2549 3523 2698 3593 quod
2747 3529 3000 3593 superest
3029 3523 3218 3586 nobis,
3268 3522 3455 3576 amissi
3499 3523 3726 3576 damnum

2157 3618 2418 3688 temporis
2444 3632 2798 3686 recompensa
2810 3632 2868 3672 re
2895 3627 3230 3689 satagamus.
3270 3615 3406 3670 Cum
3429 3621 3612 3668 autem
3632 3613 3727 3666 uni-

2152 3725 2366 3765 versum
2398 3722 2608 3781 tempus
2628 3711 3028 3766 observandum
3051 3711 3124 3765 sit
3154 3709 3333 3772 nobis,
3368 3709 3607 3762 maxime
3626 3722 3731 3778 qua.

2151 3803 2512 3873 dragesimale
2549 3815 2763 3873 tempus
2803 3804 3100 3858 observare
3131 3801 3416 3858 debemus.
3458 3801 3578 3855 Hoc
3607 3801 3728 3853 enim

2153 3897 2304 3965 quasi
2337 3895 2545 3951 decima
2575 3896 2741 3951 totius
2777 3895 2905 3951 anni
2949 3896 3059 3950 Deo
3094 3894 3534 3950 consecrandum
3561 3904 3657 3956 est,
3681 3901 3732 3944 ut

2155 4005 2206 4041 in
2237 3989 2342 4043 hoc
2363 3988 2711 4044 emendemus
2733 3991 2876 4058 quod
2897 3989 2951 4041 in
2975 3988 3192 4042 caeteris
3206 3987 3552 4057 temporibus
3575 3993 3732 4038 trs»

2151 4082 2322 4148 gressi
2349 4096 2556 4136 sumus.
2585 4081 2874 4138 Celebrate
2901 4082 3103 4152 itaque,
3129 4081 3332 4135 fratres
3360 4081 3495 4144 mei,
3529 4081 3732 4133 inchoa-

2155 4180 2207 4225 ta
2239 4171 2464 4243 ieiunia,
2498 4188 2604 4226 non
2627 4171 2993 4242 qualicunque
3015 4173 3197 4238 modo,
3229 4173 3325 4226 sed
3356 4172 3500 4226 sicut
3531 4172 3604 4225 ait
3625 4185 3731 4239 pra-

2152 4265 2312 4336 pheta
2341 4263 2493 4320 Joel:
2525 4263 2869 4332 Sanctiﬁoate
2899 4264 3159 4335 iejum‘um
3201 4263 3371 4334 (laet,
3415 4265 3504 4334 ιι).
3539 4265 3734 4317 Sancti-

2152 4357 2351 4413 ficatur
2406 4358 2553 4413 enim
2587 4355 2856 4428 jejunium
2887 4373 2985 4428 per
3012 4359 3426 4428 pmnitentiam,
3479 4371 3584 4427 per
3609 4356 3730 4410 eice.

2153 4467 2457 4522 mosyuam,
2488 4460 2543 4505 et
2578 4463 2678 4522 per
2713 4450 3043 4506 oratiouém.
3075 4450 3166 4506 Sic
3205 4460 3524 4505 meeretur
3559 4463 3735 4518 corpus

461 4545 547 4603 die
573 4549 759 4606 salutis
793 4553 974 4620 adiiwi
1015 4566 1084 4621 te,
1134 4556 1363 4626 gratiam
1404 4557 1617 4612 scilicet
1664 4565 2044 4627 couperautcm

2154 4559 2249 4615 per
2273 4543 2461 4614 jejunii
2506 4544 2913 4606 abstinentiam,
2953 4543 3095 4612 quod
3143 4541 3486 4607 humilietur,
3521 4553 3579 4596 et
3606 4541 3732 4610 puri-

461 4641 808 4700 confereudo.
843 4646 997 4714 Quod
1025 4649 1315 4719 Apostolus
1353 4665 1633 4722 exponens
1661 4651 1878 4706 suhdit:
1910 4647 2046 4707 Ecce

461 4746 598 4786 nunc
628 4744 827 4803 tempus
857 4739 1193 4808 aeeeptabile,
1218 4756 1334 4794 ecce
1372 4755 1509 4794 nunc
1535 4741 1646 4794 dies
1668 4739 1878 4806 salutis,
1901 4741 2049 4796 scili-

460 4834 546 4877 cet
593 4829 985 4895 promerendae.
1035 4830 1201 4903 Ergo,
1249 4831 1451 4888 fratres
1498 4832 1625 4894 mei,
1666 4833 1839 4902 gratia
1885 4849 2046 4904 quam

462 4915 712 4972 hortatur
743 4937 840 4976 nos
885 4923 1198 4992 Apostolus,
1245 4941 1351 4981 non
1397 4926 1448 4979 in
1496 4940 1726 4980 vacuum
1781 4927 2044 4997 recipere,

459 5019 542 5063 est
571 5013 744 5078 gratia
773 5028 1034 5082 operans,
1060 5031 1166 5085 qua
1198 5015 1342 5070 Deus
1377 5027 1636 5086 operatur
1663 5019 1839 5088 primo
1869 5019 1922 5073 in
1951 5031 2050 5075 no-

460 5099 544 5159 bis
563 5105 682 5158 sine
713 5108 890 5171 nobis,
922 5109 1106 5178 cordis
1130 5108 1512 5164 contritionem
1544 5110 1722 5167 dando
1743 5118 1798 5168 et
1826 5123 2046 5182 peccata

459 5193 802 5255 dimittendo.
827 5198 922 5262 Est
945 5199 1120 5270 gratia
1149 5213 1472 5270 eooperans,
1493 5216 1597 5272 qua
1621 5204 1762 5258 Deus
1785 5213 1906 5274 post
1926 5219 2051 5273 ope-

459 5298 612 5362 ratur
641 5289 693 5342 iu
739 5290 895 5344 nobis
921 5299 978 5346 et
1002 5308 1126 5348 cut
1171 5296 1348 5364 nobis,
1389 5296 1524 5352 dans
1550 5297 1706 5353 nobis
1735 5297 2047 5354 facultatem

461 5392 519 5434 ut
557 5381 818 5438 faciamus
855 5383 1079 5441 bonum.
1109 5387 1286 5458 Ipsum
1319 5389 1481 5444 etiam
1516 5399 1731 5460 tempus
1758 5391 1968 5462 gratiae,
1994 5391 2046 5446 in

459 5489 568 5545 quo
609 5476 750 5532 Deus
797 5495 902 5536 non
932 5481 1107 5538 solum
1151 5483 1376 5553 gratias,
1423 5485 1518 5539 sed
1561 5485 1725 5540 etiam
1768 5484 2048 5556 proprlum
2107 5517 2110 5520 ~

459 5571 776 5641 sanguinem
809 5575 957 5632 dedit
997 5577 1051 5632 in
1093 5579 1521 5650 redemptionem
1562 5581 1772 5650 generis
1801 5581 2048 5648 humani,

458 5665 630 5735 gratia
676 5677 852 5738 potest
900 5670 1185 5743 appellari,
1227 5673 1427 5744 inquo
1472 5674 1616 5729 Deus
1667 5673 1949 5744 plusquam
1996 5673 2048 5726 in

459 5761 674 5816 caeteris
720 5763 1052 5833 temporibus
1095 5766 1360 5835 propitius
1395 5774 1480 5819 est
1531 5765 1827 5835 peccaturi,
1881 5764 2052 5834 gratis

464 5849 684 5923 impium
705 5855 1072 5928 iustificando,
1088 5866 1144 5917 et
1167 5857 1370 5930 gratias
1383 5856 1678 5930 adiutrices
1697 5857 2049 5915 conferendo.

2154 4639 2348 4694 licetur
2399 4639 2578 4692 anima
2627 4653 2724 4706 per
2771 4637 3173 4706 ptenitentiam,
3225 4635 3317 4690 Dei
3377 4637 3736 4691 misericordia

2153 4730 2478 4801 imploretur‘
2515 4745 2610 4800 per
2653 4729 3094 4799 eleemosynam,
3140 4728 3283 4783 mala
3338 4728 3674 4798 repellantur
3695 4735 3737 4778 et

2152 4824 2291 4878 bona
2345 4824 2700 4893 impetrentur
2767 4837 2864 4892 per
2920 4823 3250 4878 orationem.
3305 4819 3738 4887 Consecrateje-

2147 4916 2360 4987 juniuni
2378 4924 2644 4982 vestrum,
2669 4915 2797 4985 quia
2824 4925 3047 4986 propter
3073 4931 3172 4970 vos
3193 4914 3458 4984 ieiunavit
3487 4913 3735 4969 Dominus

2152 5020 2340 5066 noster
2366 5007 2524 5064 Jesus
2549 5007 2820 5072 Christus,
2845 5009 2938 5077 qui
2962 5022 3087 5062 cum
3115 5007 3278 5062 Patre
3305 5016 3364 5062 et
3384 5005 3602 5075 Spiritu
3629 5017 3740 5058 sano

2153 5112 2240 5160 clo
2263 5103 2394 5158 vivit
2432 5112 2487 5156 et
2526 5107 2720 5172 regnat
2751 5100 2918 5166 Deus,
2943 5109 3043 5171 per
3064 5100 3249 5155 omnia
3286 5097 3487 5155 secula
3527 5094 3741 5152 seculo-

2154 5211 2294 5252 rum.
2321 5197 2514 5250 Amen.

2688 5287 2968 5343 HOMILIA
2992 5284 3212 5341 XXXV.

2483 5397 2738 5438 DOIINICA
2761 5397 2920 5437 ηιιι
2961 5389 3410 5446 ρυλιιιιιοιειιι.

2228 5477 2443 5534 Nemini
2483 5478 2666 5531 dantes
2710 5475 2873 5530 ultam
2917 5473 3282 5542 viendo-em,
3311 5483 3368 5528 ut
3401 5488 3514 5527 non
3544 5473 3738 5540 sit-pe-

2155 5583 2301 5629 retitr
2339 5570 2686 5627 ministerium
2715 5579 2983 5637 nostrum,
3007 5569 3099 5622 sed
3137 5570 3196 5622 in
3233 5568 3474 5622 οηιπῆιη
3506 5566 3739 5621 exhibe!-

2107 5711 2110 5714 .
2154 5683 2271 5720 mus
2299 5665 2640 5736 nosmetipsos
2663 5665 2798 5718 sicut
2832 5662 2926 5718 Dei
2948 5666 3216 5719 ministros
3243 5663 3330 5736 (Il
3354 5660 3481 5718 Cor.
3521 5660 3622 5732 vi),
3643 5669 3735 5714 etc.

2155 5760 2213 5815 In
2250 5761 2351 5815 hoc
2387 5758 2626 5815 secundo
2669 5758 2930 5827 capitulo,
2964 5756 3164 5812 fratres
3192 5757 3530 5820 charissimi,
3565 5757 3742 5810 horta-

2157 5863 2248 5912 tur
2273 5867 2372 5912 nos
2399 5851 2687 5927 Apostolus
2725 5860 2788 5908 ut
2821 5847 3330 5926 inreprehensibiles
3363 5859 3634 5924 tauquam
3659 5843 3739 5902 Μ
