3814 6346
41 369 164 429 I789

728 364 1032 424 HOMILUE
1060 363 1127 422 ιιι
1156 363 1374 424 nrtsr.
1399 357 1486 422 ετ
1525 333 1605 405 Ei

1717 356 1791 420 [ϐ.
1824 363 2123 428 οοιιιιιισ.
2151 401 2221 416 -
2245 371 2424 440 ΡΑΒὸ
2462 370 2505 430 l.

3155 365 3288 430 £790

45 488 290 543 nmistros
317 498 414 539 nos
441 481 814 538 exhibeanms.
844 483 978 538 Cum
1020 491 1198 540 autem
1228 481 1460 540 ministri
1487 466 1594 534 Dei
1622 483 1672 546 Α
1698 485 1904 544 sionem
1927 504 2141 561 quoque
2164 505 2263 546 suo
2279 490 2525 560 exemplo
2553 489 2676 552 aliis
2703 490 2877 562 ponit,
2903 490 2994 562 qui
3017 490 3104 548 vel
3143 491 3283 548 male

44 579 388 636 mirersalitcr
415 576 626 647 possint
669 576 774 632 dici
811 576 1121 647 quicunque
1148 576 1376 646 gratiam
1417 592 1445 632 a
1481 574 1598 630 Deo

41 675 119 729 libi
152 675 320 726 datam
369 680 516 726 recte
544 669 953 735 administrant,
999 678 1179 726 tamen
1213 669 1280 724 ad
1314 669 1598 724 ministros

41 776 216 820 aucta:
255 763 506 822 Ecclesia:
535 763 846 833 specialiter
872 762 1125 818 refertur.
1147 762 1259 820 Nos
1295 777 1448 834 ergo,
1487 761 1596 818 fra-

48 875 130 914 res
157 857 279 926 mei,
306 858 394 928 qui
428 872 619 914 sumus
659 857 894 913 ministri
923 855 1144 924 altaris,
1175 865 1231 911 et
1260 856 1597 926 dispensato-

42 968 105 1007 tes
129 952 273 1008 verbi
304 951 418 1019 Dei,
461 961 645 1008 monet
668 950 957 1022 Apostolus
995 950 1130 1004 utin
1159 949 1412 1004 omnibus
1441 948 1595 1004 exhi-

41 1059 240 1099 ieamus
264 1042 618 1112 nosmetipsos
651 1042 793 1097 sicut
822 1041 916 1096 Dei
946 1041 1245 1096 ministros.
1271 1038 1424 1094 Sicut
1448 1039 1596 1092 enim

41 1144 164 1194 uxta
195 1136 558 1200 Salomonem,
591 1135 764 1191 malus
794 1135 1048 1205 princeps
1077 1133 1273 1204 impios
1301 1131 1464 1188 habet
1493 1132 1599 1186 mi-

41 1235 216 1288 nistros
239 1231 418 1303 (Prov.
455 1229 630 1296 uix),
655 1230 728 1284 ita
754 1228 1031 1285 contrario
1057 1227 1388 1284 conveniens
1409 1234 1513 1285 est.
1539 1231 1598 1278 ut

43 1335 236 1380 anctus
281 1324 534 1379 Dominus
579 1331 798 1379 sanctos
847 1317 1047 1377 habeat
1092 1320 1390 1375 ministros.
1444 1316 1599 1372 Unde

41 1436 132 1490 pse
175 1419 294 1473 ait:
333 1416 515 1472 Sancti
564 1426 747 1480 estote,
791 1414 1046 1483 quoniam
1087 1430 1180 1484 ego
1225 1421 1437 1468 sanctus
1479 1428 1596 1467 sunt

41 1511 206 1568 Levit.
221 1510 448 1579 XIX°XX).
463 1507 686 1562 Multum
703 1507 847 1562 enim
863 1505 1029 1561 Deum
1043 1507 1336 1561 exacerbat
1353 1504 1599 1559 minister

42 1602 213 1658 mins.
242 1600 512 1656 Peccatori
541 1608 718 1654 autem
755 1597 913 1652 dicit:
955 1596 1132 1663 Quare
1161 1606 1218 1650 tu
1249 1612 1468 1650 enarras
1501 1596 1598 1665 ju~

41 1695 189 1750 titias
241 1710 399 1759 meas,
441 1699 494 1746 et
530 1691 756 1746 assuntis
805 1699 1168 1745 testamentum
1207 1705 1380 1744 meum
1415 1705 1506 1759 per
1541 1703 1600 1740 os

41 1804 165 1841 eum
209 1783 376 1857 (l’sal.
423 1783 596 1855 χιιι).
629 1782 1114 1853 Enumeratigitur
1155 1779 1442 1850 Apostolus
1475 1794 1594 1846 sex,

42 1897 64 1932 ,ι
98 1878 292 1948 quibus
318 1877 586 1948 praecipue
629 1891 729 1931 nos
765 1882 1022 1944 tanquam
1070 1871 1163 1926 Dei
1202 1872 1482 1926 ministros
1505 1872 1597 1924 dc-
1628 1847 1673 1908 Β

42 1984 208 2024 elixus
241 1968 593 2024 exhiberezin
624 1966 915 2022 cvitatione
940 1964 1276 2030 offensionis,
1302 1964 1356 2017 in
1389 1963 1600 2032 patien-

41 2063 87 2116 ia
138 2060 456 2126 aﬂlictionis,
489 2057 542 2115 in
573 2059 829 2130 operibus
875 2059 1054 2125 bonis,
1109 2057 1162 2111 in
1196 2056 1510 2121 virtutibus,
1543 2057 1598 2112 in

47 2155 186 2210 erbo
217 2164 370 2209 recta:
413 2153 836 2224 praedicationis,
887 2152 940 2208 in
963 2151 1110 2222 justo
1138 2167 1237 2207 usu
1265 2149 1600 2221 prosperita-

41 2247 86 2301 is
121 2254 171 2301 ct
201 2243 558 2302 adversitatis.
590 2243 774 2300 Primo
804 2243 969 2316 igitur
1015 2251 1198 2297 monet
1243 2249 1300 2295 ut
1342 2240 1600 2296 exhibea-

47 2363 140 2402 ius
182 2362 277 2402 nos
316 2347 456 2402 sicut
495 2344 591 2401 Dei
623 2343 906 2400 ministros
935 2343 990 2398 in
1026 2342 1324 2398 evitatioue
1348 2341 1602 2398 oﬂ'ensio-

51 2443 123 2506 is,
154 2456 274 2496 cum
304 2441 453 2504 dicit,
499 2440 693 2494 nemini
728 2440 910 2494 dantes
942 2437 1108 2504 ullam
1143 2437 1518 2508 eiensionent,
1544 2447 1601 2491 ut

47 2551 126 2587 ore
163 2533 477 2602 vituperetur
519 2531 868 2586 ministerium
915 2538 1174 2592 nostrum,
1221 2527 1497 2594 videlicet,
1543 2537 1604 2580 ut

45 2641 118 2680 cc
147 2640 243 2696 per
269 2623 717 2687 inohedientiam,
763 2636 866 2677 nec
891 2635 990 2692 per
1025 2618 1406 2690 negligentiam
1431 2616 1602 2673 offen-

43 2733 211 2772 amus
256 2717 447 2782 Deum,
499 2730 601 2771 nec
650 2715 889 2784 laesione,
943 2729 1046 2770 nec
1091 2713 1234 2778 malo
1284 2711 1472 2777 verbo,
1502 2726 1606 2766 nec

42 2811 159 2865 talo
182 2809 427 2880 exemplo
457 2808 784 2880 proximum.
809 2807 981 2862 Porro
1001 2821 1125 2862 cum
1151 2819 1342 2860 omnes
1369 2803 1606 2858 debeant

41 2919 232 2968 avere,
282 2919 349 2958 ne
385 2901 553 2958 Deum
599 2915 697 2972 per
726 2899 1094 2956 obedientiam
1134 2896 1431 2960 offendant,
1465 2910 1607 2965 pran-

41 2999 172 3068 ipue
223 3011 320 3052 nos
367 2995 604 3051 ministri
633 2993 867 3060 Christi,
906 2992 1001 3063 qui
1045 2991 1208 3048 etiam
1241 3005 1340 3062 pro
1371 2990 1622 3052 aliorum,

41 3067 238 3142 li‘ensis
261 3087 598 3142 intercedere
627 3086 909 3141 debemus.
936 3067 1072 3138 Nam
1102 3083 1145 3138 si
1178 3080 1375 3151 aliquis
1404 3080 1472 3136 de
1509 3094 1606 3148 pec

41 3179 138 3236 nlo
171 3171 417 3245 offendit,
445 3178 624 3234 orabit
653 3191 752 3248 pro
775 3190 840 3232 eo
880 3175 1154 3232 sacerdos.
1193 3172 1251 3228 Si
1281 3183 1463 3230 autem
1509 3187 1605 3226 sa-

44 3273 209 3330 erdos
235 3269 543 3338 oiienderit,
579 3271 704 3342 quis
730 3269 909 3324 orabit
953 3283 1051 3339 pro
1076 3283 1164 3324 eo.
1207 3266 1276 3321 Et
1311 3266 1358 3321 si
1407 3266 1600 3320 incan-

43 3374 155 3419 thl‘
175 3377 470 3433 percussus
490 3377 524 3417 a
547 3371 805 3432 serpente
833 3358 1018 3420 fuerit.
1045 3360 1168 3429 quis
1193 3357 1496 3414 medehitur
1517 3356 1602 3410 ei?

43 3457 215 3512 “lecte.
247 3456 370 3528 xu.)
393 3455 694 3512 Careamus
725 3454 917 3520 etiam,
952 3452 1172 3517 fratres,
1208 3465 1276 3505 ne
1313 3466 1410 3520 per
1435 3451 1606 3521 negli-

43 3550 250 3606 zntiam
268 3549 436 3604 Deum
453 3547 814 3613 oﬂendamus,
830 3545 1111 3616 quoniam,
1120 3542 1269 3612 juxta
1289 3541 1601 3609 Jeremiam,

44 3642 340 3698 ialedictus
383 3642 475 3712 qui
523 3655 661 3710 opus
697 3637 792 3694 Dei
844 3639 1177 3710 negligenter
1226 3637 1335 3705 agit
1380 3633 1604 3707 (larem.

44 3737 225 3800 .vm).
252 3733 597 3804 Corripiebat
620 3733 839 3803 quidem
868 3730 984 3785 iieli
1019 3729 1157 3784 filios
1187 3743 1336 3794 suos,
1362 3727 1458 3782 sed
1477 3726 1606 3797 quia

52 3829 191 3899 pide
215 3837 274 3884 et
297 3827 635 3898 negligenter
657 3825 710 3896 (Ι
746 3824 872 3896 Reg.
902 3824 990 3894 ιι),
1029 3823 1131 3878 hoc
1157 3820 1283 3878 fecit
1310 3821 1454 3890 quod
1484 3834 1608 3889 per-

51 3922 276 3975 tionem
315 3935 440 3976 cum
472 3921 552 3976 eis
596 3918 826 3974 incurrit
857 3915 908 3988 (I
951 3915 1080 3986 Reg.
1126 3916 1220 3985 tv).
1261 3913 1374 3969 Hoc
1415 3920 1608 3969 contra

44 4014 278 4069 iosdam
311 4021 562 4070 nostrum
609 4020 710 4080 est,
740 4012 960 4076 fratres,
989 4010 1082 4080 qui
1111 4010 1164 4064 iu
1193 4009 1377 4063 divino
1407 4006 1608 4073 cilicio,

91 4109 502 4179 pmdicatione
524 4118 578 4162 et
609 4107 966 4172 correctione,
997 4107 1049 4162 in
1076 4105 1322 4161 oratione
1341 4111 1396 4159 et
1424 4103 1610 4162 lectio-

43 4216 82 4266 ι,
133 4209 198 4256 et
242 4200 300 4255 in
333 4199 550 4256 caeteris
579 4199 745 4268 tepidi
775 4206 831 4254 et
862 4198 1193 4270 negligentes
1227 4211 1439 4261 sumus,
1462 4210 1608 4260 cum,

44 4302 145 4348 xta
176 4290 479 4358 Joannem,
510 4292 764 4348 Christus
789 4291 997 4361 tepidos
1026 4297 1244 4345 evomat
1273 4288 1458 4361 (Apoc.
1491 4289 1610 4359 tu):

87 4393 272 4462 juxta
323 4393 684 4463 Sapientem:
716 4391 890 4448 Homo
945 4392 1232 4448 distolutus
1276 4392 1332 4445 in
1373 4390 1614 4461 operibus

45 4485 120 4548 is,
154 4489 231 4540 sit
263 4500 428 4554 super
443 4484 558 4556 (δί)
577 4495 738 4554 opera
763 4499 860 4540 sua
883 4483 1192 4554 dissipantis
1219 4481 1402 4553 (Prov.
1432 4482 1608 4549 avm).

1700 580 1785 638 vel
1825 582 2116 640 indiscrete
2155 583 2287 653 agit.
2321 583 2613 652 Propterea
2661 584 2909 644 minister
2942 584 3150 654 Christi
3191 599 3278 641 ca.

1699 685 1840 737 veat,
1885 691 1955 730 ne
1994 676 2209 746 penitus
2239 675 2378 730 mala
2423 675 2609 744 faciat,
2643 691 2742 732 nec
2776 677 2941 734 etiam
2977 679 3118 736 bona
3145 679 3278 735 indi.

1698 776 1897 824 screto.
1931 769 2085 836 Quod
2112 768 2241 824 facit
2262 768 2356 838 qui
2385 768 2466 824 vel
2487 783 2582 840 per
2603 769 2806 834 cibum,
2829 770 2916 825 vel
2937 785 3034 840 per
3059 771 3280 842 aliquod

1699 861 1972 918 mediocre
2001 861 2200 916 bonum
2231 859 2547 916 scandalum
2579 861 2750 931 ponit.
2776 860 2930 917 Unde
2957 861 3281 932 Apostolus.

1700 951 1758 1008 Si
1781 952 1904 1006 cibo
1923 953 2142 1023 fratrem
2165 962 2313 1010 tuum
2337 953 2559 1024 o/fendis
2579 953 2718 1024 (33),
2732 953 2850 1024 jam
2875 969 2978 1008 non
2995 955 3282 1008 secundum

1700 1045 2010 1110 charitalem
2040 1045 2278 1102 ambulas
2300 1045 2474 1118 (Rom.
2505 1047 2640 1117 xiv).
2670 1046 2902 1117 Propter
2931 1044 3284 1101 offensionem

1701 1138 1847 1194 enim
1871 1137 2125 1206 fratrum,
2156 1153 2261 1194 non
2289 1139 2464 1214 solum
2490 1139 2652 1206 mala,
2687 1140 2783 1196 sed
2809 1139 2975 1196 etiam
3005 1139 3148 1196 bona
3171 1153 3262 1194 om

1699 1231 1789 1286 nia
1833 1231 1948 1299 illa,
1979 1232 2096 1288 sine
2135 1231 2332 1304 quibus
2372 1233 2558 1290 haberi
2607 1241 2787 1304 potest
2825 1233 2995 1300 salus,
3031 1233 3285 1289 evitanda

1702 1335 1850 1380 sunt.

1775 1418 2027 1474 Secundo
2081 1418 2328 1490 pracipit
2369 1427 2432 1474 ut
2467 1417 2822 1476 exhibeamus
2865 1432 2966 1474 nos
3009 1417 3152 1474 sicut
3192 1417 3286 1474 Dei

1703 1514 2002 1580 ministros,
2047 1513 2098 1567 in
2141 1513 2422 1581 patientia.
2473 1511 2602 1580 Quae
2645 1514 2698 1570 in
2748 1512 2946 1583 quibus
2984 1511 3286 1569 necessaria

1703 1607 1796 1673 sit,
1819 1605 2095 1677 subiungit
2119 1623 2136 1660 :
2169 1603 2199 1659 1
2205 1622 2238 1659 ιι
2258 1605 2710 1671 tribulationibus,
2729 1605 2937 1662 scilicet
2953 1605 3286 1676 persecutio-

1704 1715 1852 1765 num,
1897 1699 2052 1769 juxta
2102 1697 2266 1754 illud:
2302 1695 2433 1764 Fili,
2462 1697 2711 1754 accedens
2749 1698 2817 1753 ad
2843 1699 3138 1754 servitutem
3169 1697 3292 1764 Dei,

1703 1807 1944 1861 ιιι-ὡραῖα
1966 1791 2200 1846 animam
2235 1802 2382 1846 tuam
2409 1793 2479 1846 ad
2523 1793 2861 1848 tentatiouem
2885 1790 3076 1862 (Eccli.
3105 1792 3185 1862 ιι).
3224 1791 3289 1846 Ει

1704 1883 1809 1939 hoc
1843 1893 2034 1940 contra
2067 1883 2188 1938 illos
2215 1893 2300 1940 est
2339 1884 2432 1954 qui
2475 1885 2660 1942 volunt
2683 1895 2804 1940 esse
2828 1883 3088 1954 episcopi,
3115 1897 3311 1938 sacci».

1702 1975 1856 2030 dotes
1887 1983 1942 2032 et
1967 1975 2204 2031 ministri
2230 1975 2456 2040 Christi,
2483 1985 2542 2031 ut
2566 1976 2655 2032 hic
2681 1989 2868 2047 pacem
2899 1984 2955 2029 et
2977 1973 3286 2043 tranquilliv

1701 2075 1869 2122 tatem
1926 2067 2191 2135 habeant,
2249 2083 2373 2124 cum
2417 2067 2678 2124 Dominus
2721 2069 2946 2124 mittens
2997 2065 3294 2136 discipulos

1702 2169 1829 2208 suos
1859 2152 1927 2207 ad
1973 2154 2400 2225 praedicandum,
2447 2156 2527 2208 eis
2557 2154 2787 2209 dixerit:
2821 2151 2957 2207 Ecce
3005 2169 3100 2222 ego
3141 2153 3294 2206 mitto

1702 2262 1790 2300 ros
1811 2247 1948 2301 sicut
1980 2262 2144 2316 agnos
2178 2246 2314 2300 inter
2339 2245 2490 2314 lupos
2522 2244 2677 2316 (Luc.
2714 2245 2794 2316 κ).
2815 2273 2887 2286 -—
2909 2243 2977 2298 In
3009 2243 3294 2298 necessita-

1705 2337 1866 2404 tibus,
1895 2337 2124 2393 subaudi
2157 2335 2339 2403 famis,
2367 2335 2588 2406 frigoris
2627 2344 2682 2392 et
2711 2335 3066 2407 paupertatis.
3093 2335 3163 2390 Et
3190 2335 3294 2392 hoc

1705 2440 1896 2486 contra
1942 2430 2065 2485 illos
2117 2429 2214 2500 qui
2260 2430 2522 2500 episcopi.
2580 2430 2918 2494 sacerdotes,
2963 2437 3021 2486 et
3063 2428 3310 2486 ministri:

1705 2523 1906 2580 Christi
1938 2523 2126 2580 volunt
2165 2525 2312 2592 fieri,
2339 2531 2398 2577 ut
2425 2523 2516 2578 hic
2543 2523 2822 2580 abundent
2850 2522 3054 2578 divitiis
3079 2529 3133 2577 et
3161 2521 3297 2576 deli-

1705 2594 1827 2680 ciis.
1859 2613 1994 2670 Cum
2029 2621 2254 2670 econtra
2283 2612 2544 2683 Magister
2571 2623 2777 2679 noster,
2800 2612 2896 2683 qui
2921 2612 3008 2668 hic
3031 2611 3134 2668 fuit
3163 2627 3298 2682 pau-

1705 2721 1821 2786 per,
1850 2722 1958 2762 non
1998 2707 2204 2762 habens
2241 2706 2330 2761 ubi
2371 2716 2534 2777 caput
2575 2706 2869 2772 reclinaret
2897 2703 3056 2775 (Luc.
3086 2702 3187 2774 is),
3214 2703 3312 2757 dio.

1707 2789 1796 2854 cat
1821 2818 1834 2854 :
1863 2797 1967 2864 Qui
1989 2799 2118 2854 ιιιίώὶ
2144 2799 2432 2863 ministrat,
2457 2816 2538 2854 me
2558 2808 2807 2870 sequatur
2825 2798 3010 2869 (Joan.
3039 2799 3164 2868 att).
3189 2795 3299 2854 Sed

1706 2897 1997 2966 quomodo,
2021 2895 2236 2959 fratres,
2264 2895 2466 2958 divitiis
2479 2906 2737 2952 oneratus
2765 2894 3065 2966 discipulus
3096 2895 3320 2950 nudum.

1707 2999 1762 3046 ct
1792 2991 2101 3061 expeditum
2137 2991 2455 3062 magistrum
2485 3000 2666 3062 potest
2693 2990 2877 3061 sequi?
2905 2989 2975 3045 In
3003 2991 3300 3059 angustiis,

1707 3082 1916 3142 scilicet
1935 3083 2320 3152 periculorum.
2347 3082 2415 3139 Et
2437 3084 2542 3140 hoc
2569 3093 2759 3140 contra
2791 3083 2909 3140 illos
2929 3091 3015 3140 est
3040 3082 3133 3155 qui
3161 3097 3300 3154 prtu-

1708 3174 1802 3230 lati
1820 3184 1876 3230 et
1892 3175 2126 3232 ministri
2145 3176 2508 3232 Ecclesium
2529 3177 2600 3234 ed
2623 3177 2727 3234 hoc
2747 3176 2934 3232 volunt
2957 3176 3097 3243 fieri,
3116 3185 3175 3231 ιιι
3191 3177 3302 3232 sint

1709 3269 1911 3336 securi.
1957 3268 2059 3335 Qui
2081 3269 2228 3332 enim
2253 3269 2550 3340 plurimum
2585 3279 2670 3325 est
2707 3279 2892 3326 custos
2917 3268 3038 3340 plus
3062 3268 3206 3324 unde
3229 3268 3324 3323 ιι--

1710 3368 1874 3425 meat,
1907 3361 2090 3416 habet.
2133 3360 2372 3418 Persona
2411 3362 2614 3431 quippe
2657 3361 2868 3431 privata
2899 3359 2967 3414 de
2997 3371 3055 3414 se
3085 3359 3200 3415 sola
3231 3359 3303 3413 ti-

1709 3465 1842 3512 met.
1873 3456 1945 3510 At
1973 3465 2176 3526 pastor,
2201 3465 2259 3513 et
2301 3457 2346 3512 si
2381 3456 2450 3512 de
2475 3473 2536 3512 se
2563 3459 2792 3512 securas
2825 3463 2931 3522 cst,
2966 3463 3146 3510 tamen
3176 3449 3304 3508 eum

1710 3550 1777 3606 de
1803 3549 1997 3606 ovibus
2026 3561 2239 3618 semper
2265 3549 2458 3606 timere
2493 3560 2717 3606 necesse
2743 3556 2828 3604 est
2851 3555 2867 3603 ‘:
2893 3549 2987 3614 qui
3019 3543 3181 3601 toties
3206 3556 3330 3616 per

1711 3641 2004 3707 riclitatur,
2025 3641 2455 3711 quotiesaliqua
2482 3646 2663 3698 ovium
2689 3653 2910 3697 etiamm
2943 3637 3326 3707 periclitatur;

1711 3733 1782 3789 In
1809 3733 2002 3803 plagis,
2034 3732 2241 3788 scilicet
2279 3732 2588 3786 verberum.
2626 3729 2696 3785 In
2736 3729 3052 3796 carceribus,
3093 3727 3328 3785 scilicet

1711 3828 2072 3890 vinculorum.
2101 3825 2172 3881 In
2197 3825 2544 3882 seditionibus
2571 3823 2914 3895 populorum,
2938 3823 3144 3879 scilicet
3173 3829 3304 3878 cons

1713 3931 1792 3976 tra
1819 3936 1879 3978 se
1915 3919 2392 3976 commotionibus.
2422 3919 2490 3974 Et
2526 3918 2631 3974 hoc
2655 3919 2845 3974 contra
2875 3915 3019 3981 illos,
3049 3917 3150 3987 qui
3180 3917 3302 3970 ideo

1714 4016 1902 4071 volunt
1948 4015 2066 4070 fieri
2111 4014 2374 4084 primates
2421 4019 2476 4068 et
2519 4013 2771 4069 doctum
2815 4010 3206 4076 Ecclesiarutn,
3245 4009 3332 4064 ut"

1715 4109 1834 4164 sine
1861 4108 2056 4178 injuria
2095 4107 2216 4163 sine
2258 4105 2612 4170 contumelia,
2641 4103 2762 4160 sine
2793 4104 3186 4174 inquietatione
3225 4103 3305 4156 για

1715 4211 1864 4256 vent.
1902 4200 2100 4256 Verum
2147 4200 2196 4255 si
2237 4200 2353 4255 veri
2385 4197 2633 4270 discipuli
2663 4195 2867 4254 Christi
2897 4203 3042 4262 sunt,
3080 4195 3336 4265 intortas

1715 4305 1772 4350 et
1800 4282 2156 4351 contumelias
2193 4293 2505 4362 patientur,
2533 4305 2658 4347 cum
2689 4290 2805 4362 ipse
2849 4287 3106 4359 logister
3127 4288 3304 4344 dicat!

1721 4385 1844 4443 Non
1867 4396 1944 4443 est
1970 4386 2265 4457 discipulus
2299 4397 2458 4456 super
2485 4381 2795 4454 magistrum
2821 4380 2977 4452 (Luc.
3003 4380 3103 4450 vt).
3135 4377 3197 4433 Si
3226 4386 3308 4431 me

1717 4481 1976 4552 persecuti
2003 4489 2146 4545 sunt,
2171 4489 2219 4534 et
2249 4489 2337 4534 eos
2356 4486 2730 4548 persequentur
2757 4473 2942 4545 (Joan.
2968 4473 3094 4541 xv);
3128 4471 3186 4524 et
3207 4469 3306 4524 ali.

43 4578 258 4634 esiono
289 4583 516 4648 queque
533 4577 840 4648 proximum
878 4593 994 4637 nos.
1023 4576 1256 4631 ministri
1280 4575 1502 4643 Christi,
1529 4574 1612 4629 ofa
1639 4583 1692 4644 ι)
1715 4575 1808 4631 bi:
1839 4576 2004 4631 Amen
2034 4575 2154 4628 dlce
2184 4574 2354 4639 vobis,
2387 4571 2513 4644 quin
2553 4571 2826 4643 plorabitis
2871 4576 2920 4624 et
2958 4566 3151 4638 ﬂebitis
3184 4569 3295 4634 vos,

44 4671 227 4727 odere
265 4687 390 4727 non
414 4671 696 4738 debemus,
739 4672 870 4742 quin
907 4673 1086 4743 potius
1134 4669 1388 4725 iacientes
1428 4669 1615 4740 prohi-

47 4777 118 4817 re
149 4763 438 4821 debemus
465 4771 522 4820 et
557 4779 766 4820 arcere.
813 4762 950 4819 Nam
988 4761 1362 4834 [percussorem
1403 4762 1616 4831 εξρὶιοοι

49 4871 116 4911 m
141 4869 288 4911 esse
306 4855 606 4929 Aposttilus
624 4856 876 4928 prohibet
901 4855 1030 4927 (Tit.
1057 4858 1120 4927 ι),
1142 4864 1197 4911 et
1225 4855 1318 4912 me
1335 4865 1458 4910 eum
1484 4865 1613 4910 coua

46 4958 256 5014 mnat,
298 4951 396 5020 qui
432 4953 656 5008 dorsum
693 4967 850 5007 suum
894 4951 1148 5020 exposuit
1178 4949 1246 5004 ad
1283 4947 1516 5020 ﬂagella,
1559 4955 1615 5002 et

45 5039 344 5098 “edictus
391 5043 500 5098 non
555 5043 900 5100 remstedixit
949 5044 1092 5113 (Act.
1147 5044 1340 5112 χχιιι).
1401 5040 1616 5098 Carere

45 5133 172 5189 iam
204 5151 319 5192 stos
343 5139 578 5194 nrioistri
605 5139 808 5195 Christi
827 5138 1120 5204 debemus,
1151 5149 1222 5195 ne
1256 5137 1402 5193 dicto
1429 5131 1616 5208 praxis

46 5238 154 5278 um
194 5224 575 5296 oﬂ'endsmos,
627 5239 691 5287 ut
725 5230 932 5286 scilicet
969 5239 1078 5286 non
1119 5227 1291 5286 simus
1338 5229 1611 5298 maledici,

45 5328 102 5370 ec
125 5314 448 5389 iuratores,
475 5329 575 5381 nec
613 5323 978 5389 detractor-es,
1003 5333 1104 5378 nec
1121 5329 1346 5390 scurra,
1371 5335 1474 5379 nee
1495 5332 1614 5379 tura

46 5405 246 5479 loqui,
275 5415 378 5470 sed
407 5416 578 5489 magis
600 5432 781 5474 sermo
809 5427 997 5474 noster
1033 5416 1148 5473 sale
1173 5418 1458 5488 sapientia
1477 5429 1611 5475 cono

46 5509 148 5558 rtus
181 5507 290 5572 sit,
327 5519 390 5564 nt
416 5521 637 5580 prastat
659 5511 892 5584 gratiam
922 5511 1290 5568 audientibus.
1315 5511 1620 5571 Caveamttl

46 5593 168 5651 iam
201 5616 280 5657 ne
305 5603 453 5662 maio
472 5606 724 5680 exemplo
751 5607 886 5665 alios
911 5615 1102 5665 errare
1125 5604 1412 5666 faciamus.
1433 5605 1619 5667 (Men-‘-

60 5781 190 5926 25?)
233 5788 405 5858 Vulg.
435 5791 621 5858 frater.

87 5854 193 5926 55)
236 5857 410 5926 Vulg.
444 5861 505 5918 Si
537 5864 619 5918 eui

1718 4671 1952 4724 mundus
1996 4676 2176 4723 autem
2214 4665 2458 4738 gaudebit
2493 4662 2675 4735 (Joan.
2717 4660 2854 4728 ιιι).
2899 4659 2999 4728 Qui
3039 4665 3222 4714 autem
3247 4659 3304 4713 in
3339 4681 3342 4686 -

1718 4763 1820 4820 hoc
1849 4761 2047 4819 saeculo
2076 4761 2250 4818 nescit
2281 4761 2392 4832 pati
2435 4758 2520 4815 vel
2563 4759 2805 4830 plorare,
2835 4754 3028 4826 probat
3064 4749 3304 4823 seipsum
3335 4753 3342 4759 ‘

1718 4856 2044 4927 discipulum
2080 4853 2284 4912 Christi
2316 4859 2422 4910 non
2463 4861 2607 4908 esse.

1766 4949 1976 5007 Tertio
2005 4950 2248 5021 praecipit
2273 4957 2336 5002 ut
2357 4945 2710 5001 exhibemus
2732 4953 2832 4999 nos
2857 4943 2998 4998 sicut
3021 4940 3115 4996 Dei
3149 4931 3309 4995 mini-

1723 5054 1884 5111 stros,
1929 5045 1983 5099 in
2021 5041 2178 5098 bonis
2221 5039 2492 5110 operibus.
2534 5037 2591 5092 In
2638 5035 2868 5106 quibus?
2913 5032 2983 5088 In
3019 5029 3305 5087 laboribus.

1724 5138 1791 5192 Et
1814 5140 1918 5193 hoc
1944 5137 2132 5191 contra
2167 5133 2286 5190 illos
2326 5141 2411 5188 cst
2436 5130 2526 5202 qui
2556 5128 2799 5199 magistri
2829 5123 3195 5183 Eccleslarum
3242 5117 3311 5178 ad
3339 5133 3344 5140 ‘

1723 5233 1828 5288 hoc
1853 5231 2043 5285 'volunt
2069 5235 2214 5290 esse,
2243 5234 2302 5280 ut
2331 5225 2488 5281 otiosi
2519 5229 2575 5277 et
2603 5219 2816 5278 desides
2842 5220 2996 5274 fiant;
3031 5215 3167 5274 Cum
3196 5213 3316 5288 ipse

1721 5325 1814 5395 qui
1845 5326 1949 5379 hoc
1978 5321 2108 5377 dicit
2133 5309 2442 5390 Apostolus,
2483 5318 2718 5390 propriis
2748 5311 3000 5370 manibus
3029 5309 3314 5366 laborave-

1720 5421 1815 5487 rit,
1838 5425 1892 5475 et
1917 5416 2053 5474 alitis
2075 5416 2323 5472 laberarc
2344 5413 2556 5476 fecerit,
2574 5417 2629 5468 et
2649 5409 2848 5466 dixerit
2873 5425 2886 5462 :
2908 5400 3014 5474 Qui
3036 5415 3142 5460 non
3164 5399 3314 5455 laba-

1723 5519 1804 5570 ral
1827 5527 1931 5570 non
1951 5510 2232 5567 manducet
2247 5507 2332 5582 (II
2360 5506 2540 5564 Thess.
2567 5515 2675 5576 tu).
2698 5495 2765 5560 Et
2786 5501 3075 5561 Psa’lmista
3099 5515 3115 5554 :
3140 5492 3318 5552 Labra;

1723 5625 1806 5668 res
1824 5613 2078 5665 manuum
2096 5615 2306 5663 tuarum
2319 5603 2444 5676 quia
2456 5593 3032 5660 rnandueabis.Bsotus
3043 5609 3098 5652 es
3116 5599 3170 5652 et
3192 5590 3320 5666 bene
3344 5602 3347 5604 ·

87 5854 193 5930 55)
236 5854 410 5936 Vulg.
435 5854 505 5918 'Si
537 5862 914 5936 enimipropter
943 5862 1118 5918 cibum
1153 5861 1466 5935 {rotertuus
1492 5865 1852 5934 contristatur.
1919 5889 1924 5892 ·
2029 5887 2038 5894 ε
