3822 6316
524 345 655 407 1791

1494 343 1840 405 anesum.
1880 336 1951 391 ς-
1984 343 2337 403 HADULPHI
2364 345 2713 407 ARDENTIS
3033 322 3094 373 ιαε

3630 358 3644 416 l
3655 360 3714 422 illi

523 464 1631 540 tibierit(Psa-l.cxxvn).Etliieronymus
1655 465 1766 538 (Si)
1793 464 2112 537 :tSemper,
2142 466 2192 527 Λ
2218 474 2270 520 et
2297 464 2481 521 delicit
2524 466 2578 521 in
2611 466 2874 524 adversis.
2914 464 3027 523 Hoc
3069 477 3258 524 contra
3312 466 3427 527 illos
3469 473 3551 544 qui
3585 477 3714 541 blandis

521 556 722 627 inquit,
746 558 946 627 aliquid
972 561 1150 630 operis
1174 574 1294 630 age,
1326 567 1386 613 ut
1408 558 1653 613 diabolus
1680 559 1920 613 inveniat
1946 568 1995 612 te
2018 573 2111 614 oc-

517 659 799 719 eupatnm.
832 671 851 703 ι
882 651 1138 708 Otiositas
1163 653 1306 707 enim
1337 651 1551 706 inimica
1575 658 1658 706 est
1683 651 1897 706 animai.
1927 651 1992 705 Et
2014 653 2117 707 hoc

518 753 710 799 eontra
735 743 854 800 illos
879 746 1240 800 Ecclesiarum
1270 745 1554 815 magistros
1573 745 1683 814 qui,
1702 745 2117 801 relictislabori-

517 839 621 894 bus
650 843 995 907 necessariis,
1025 844 1417 909 venationibus,
1444 846 1597 913 aleis,
1630 847 1770 902 ludis
1804 857 1858 902 et
1899 846 2114 902 caeteris

517 934 853 989 vanitatibus
884 936 1186 990 intendunt.
1212 936 1266 990 In
1298 937 1492 1008 vigiliis
1514 939 1710 995 debent
1731 954 1852 996 esse
1877 939 2114 995 ministri

521 1024 750 1092 Christi,
780 1027 967 1097 vigiles
997 1044 1211 1098 semper
1238 1043 1379 1095 esse,
1420 1046 1524 1085 non
1561 1031 1731 1086 solum
1771 1032 1824 1086 in
1854 1031 2117 1086 orationi-

520 1118 643 1181 lius,
671 1118 763 1173 sed
793 1119 957 1173 etiam
988 1119 1040 1174 in
1069 1120 1335 1191 regimine
1368 1124 1731 1178 subditorum.
1758 1124 1824 1179 Et
1860 1126 1960 1180 hoc
1984 1139 2116 1179 con-

519 1217 599 1263 tra
633 1210 751 1265 illos
780 1212 892 1280 qui,
920 1213 1007 1267 vix
1043 1213 1209 1269 etiam
1238 1224 1362 1271 orto
1389 1217 1522 1280 sole,
1566 1218 1630 1272 ad
1674 1218 1957 1273 ecclesiam
1989 1232 2107 1272 sur-

518 1313 645 1366 gere
672 1302 878 1369 volunt,
910 1303 1001 1372 qui
1029 1306 1081 1358 in
1126 1320 1256 1361 cura
1306 1308 1757 1364 salsamentorum
1788 1318 1843 1364 et
1867 1309 2115 1379 volupta-

521 1398 633 1443 tum
665 1390 787 1460 plus
815 1393 1041 1464 vigilant
1077 1410 1237 1464 quam
1288 1397 1343 1451 in
1387 1401 1633 1455 custodia
1678 1400 2002 1454 animarum.
2047 1398 2116 1455 In

516 1480 750 1551 iejuniis.
781 1483 1035 1555 Jejunare
1064 1487 1224 1544 debet
1261 1491 1508 1546 minister
1547 1492 1767 1558 Christi,
1799 1503 1851 1547 et
1886 1502 1943 1547 ut
1968 1492 2114 1548 desi-

516 1576 666 1630 deria
702 1577 882 1632 carnis
912 1580 1203 1635 mortiﬁcet
1231 1580 1283 1635 in
1312 1598 1393 1643 se.
1421 1590 1475 1638 et
1504 1592 1561 1638 ut
1589 1583 1725 1639 alios
1755 1584 2001 1654 exemplo
2030 1586 2123 1641 sui

517 1667 709 1723 doceat
725 1668 993 1739 jejunare.
1021 1670 1155 1725 Nam
1182 1676 1436 1729 sacerdos
1462 1676 1789 1746 praepinguis
1813 1685 1865 1731 et
1890 1678 2111 1743 rubens,

517 1772 622 1827 qua
645 1759 821 1815 fronte
840 1762 962 1815 aliis
985 1762 1367 1819 abstinentiam
1401 1776 1456 1821 et
1477 1768 1658 1821 carnis
1684 1768 2107 1823 macerationcm

514 1850 736 1905 audebit
764 1852 1094 1920 prtedicare?
1128 1853 1332 1921 Quarto
1368 1858 1624 1927 prmeepit
1660 1867 1718 1912 ut
1752 1859 2111 1916 exhibeamus

516 1954 619 1997 nos
644 1942 786 1997 sicut
812 1942 905 1998 Dei
937 1944 1234 2009 ministros.
1265 1946 1318 2001 in
1342 1949 1653 2003 virtutibus.
1687 1947 1744 2002 In
1784 1950 2015 2019 quibus?
2042 1950 2110 2006 1η

517 2034 782 2088 castitate.
826 2034 962 2092 Cum
1013 2039 1239 2094 castitas
1286 2055 1502 2095 omnem
1561 2042 1746 2098 deceat
1795 2060 2105 2114 personam,

516 2124 787 2195 prmcipue
824 2127 982 2183 decet
1008 2132 1369 2187 sacerdotem.
1402 2132 1555 2189 Unde
1582 2145 1637 2188 et
1666 2136 1717 2189 in
1753 2135 1867 2208 lege
1893 2139 2109 2208 quando

516 2219 1254 2278 sacerdotesministrabant
1305 2225 1357 2280 in
1405 2227 1626 2297 templo,
1673 2231 1913 2299 separari
1946 2230 2109 2300 jube-

515 2306 716 2365 bantur
744 2319 801 2367 et
826 2312 897 2368 ab
932 2314 1193 2370 uxoribus
1223 2324 1277 2371 et
1308 2332 1338 2371 a
1359 2317 1503 2373 vino.
1534 2319 1633 2389 Ipsi
1666 2321 1832 2376 etiam
1856 2322 2107 2390 gentiles,

514 2403 733 2460 nonnisi
783 2414 966 2461 castos
1017 2408 1424 2466 constituebant
1474 2414 1807 2469 sacerdotes.
1863 2414 2104 2482 Quorum

512 2492 558 2548 si
585 2493 783 2565 aliquis
828 2496 911 2551 vel
951 2498 1129 2569 aliqua
1160 2501 1229 2555 de
1256 2500 1615 2559 fornicatione
1660 2507 2105 2577 convinceretur,

514 2583 708 2641 vivens
732 2587 1178 2646 interﬁciebalur.
1210 2592 1398 2661 Qualis
1426 2610 1556 2665 ergo
1581 2596 1745 2654 debet
1769 2614 1889 2656 esse
1916 2613 2104 2657 sacer-

513 2671 615 2731 dOs
647 2679 1014 2750 evangelicus,
1060 2682 1151 2753 qui
1206 2685 1423 2741 assidue
1474 2696 1687 2745 tenetur
1726 2706 1831 2745 non
1877 2690 2103 2760 animal,

510 2781 620 2853 non
645 2768 942 2837 incensum,
969 2776 1063 2831 sed
1096 2775 1187 2833 Dei
1216 2776 1407 2834 Filium
1455 2779 1773 2839 immolare?
1802 2782 1943 2841 lleu!
1995 2801 2103 2857 quo

510 2858 714 2926 animo,
747 2878 852 2933 qua
898 2865 1123 2923 audacia
1171 2872 1431 2928 sacerdos
1468 2876 1910 2944 concubinarins,
1939 2880 2104 2938 corde

510 2961 835 3042 agt-“corpore
890 2957 1143 3028 pollutus,
1197 2965 1359 3020 audet
1406 2967 1724 3037 contingere
1776 2971 2101 3042 virginitatis

508 3038 731 3110 Filium,
758 3048 1132 3105 mundatorem
1161 3053 1503 3110 animarum?
1523 3056 1589 3110 In
1624 3038 2102 3126 scientia,vdivina-

509 3147 632 3188 rum
664 3136 871 3194 scilicet
904 3151 961 3195 et
1014 3145 1407 3202 mundanarum
1461 3164 1667 3216 rerum,
1707 3168 1827 3222 qua:
1880 3156 1925 3208 si
1972 3170 2094 3210 cum

509 3226 777 3284 charitate
802 3231 1081 3301 habeatur,
1115 3238 1302 3308 utique
1326 3240 1499 3296 virtus
1530 3253 1635 3297 est.
1670 3243 1733 3299 Et
1776 3245 1876 3301 hoc
1904 3254 2094 3302 contra

506 3317 628 3375 illos
655 3322 748 3392 qui
779 3323 963 3380 dicunt
1015 3343 1236 3397 parvam
1286 3331 1571 3388 scientiam
1625 3334 1870 3392 sucere
1912 3352 2089 3393 sacer-

505 3409 639 3466 doti.
673 3412 845 3480 Quem
870 3418 1015 3471 enim
1038 3418 1159 3489 plus
1184 3432 1268 3476 est
1296 3438 1518 3479 necesse
1542 3440 1733 3496 sapere
1762 3443 1923 3498 quam
1948 3429 2097 3496 judi-

504 3515 624 3559 cem
654 3504 999 3562 animarum?
1030 3510 1198 3567 Debet
1224 3513 1388 3585 igitur
1409 3524 1700 3588 utrumque
1731 3520 1871 3575 scire
1902 3518 2094 3576 Testa-

504 3606 770 3663 mentum,
800 3608 857 3652 ιιι
878 3609 1110 3670 utroque
1155 3618 1323 3660 cornu
1367 3607 1591 3663 ventilet
1638 3609 1889 3667 inimicos
1912 3614 2093 3671 crucis

502 3683 699 3741 Christi
730 3685 904 3757 (Psal.
942 3692 1121 3761 mn).
1152 3692 1220 3747 Et
1247 3695 1321 3749 sit
1354 3710 1572 3768 semper
1614 3710 1837 3770 paratus
1868 3702 2093 3759 reddere

501 3779 765 3836 rationem
812 3782 880 3836 de
918 3782 1007 3838 illa
1054 3784 1159 3839 ﬁde
1217 3796 1272 3842 et
1308 3803 1405 3858 spe
1446 3806 1566 3861 quae
1616 3793 1668 3849 in
1714 3795 1870 3852 nobis
1906 3805 1990 3851 est
2036 3796 2087 3869 (ι

500 3869 651 3927 Petr.
680 3873 797 3945 ut);
827 3882 884 3930 et
908 3876 979 3931 sit
1007 3877 1200 3935 similis
1222 3880 1623 3951 patrifamilias,
1656 3886 1748 3956 qui
1779 3888 1989 3959 profert
2024 3890 2092 3946 de

500 3960 754 4019 thesauro
785 3980 885 4021 suo
913 3981 1049 4022 nova
1087 3978 1143 4024 et
1177 3980 1360 4027 vetera
1393 3972 1612 4045 (Matth.
1634 3978 1778 4047 xm).
1812 3978 1878 4033 In
1907 3980 2093 4052 longa-

498 4056 754 4123 nimitate,
787 4059 1060 4129 patientia;
1090 4063 1297 4120 scilicet
1338 4074 1394 4121 et
1433 4067 1570 4136 spei,
1613 4078 1673 4123 ut
1720 4071 1863 4126 nulla
1904 4086 2094 4144 grave-

498 4145 626 4203 dine
654 4148 736 4203 vel
755 4149 1089 4222 longitudine
1111 4155 1498 4214 adversitatum
1523 4176 1555 4215 a
1586 4161 1786 4218 virtute
1815 4165 2092 4235 patientiae

498 4244 553 4292 et
601 4240 716 4309 spei
767 4241 1003 4301 fatiscat.
1032 4246 1101 4301 Et
1148 4248 1252 4305 hoc
1299 4260 1487 4306 contra
1539 4252 1662 4308 illos
1716 4256 1807 4325 qui
1852 4257 2090 4325 quolibet

498 4329 697 4388 damno
747 4335 908 4389 etiam
972 4339 1253 4409 temporali
1314 4350 1599 4398 moventur
1652 4353 1708 4399 et
1754 4346 2092 4405 muliebriter

497 4419 730 4490 plorant,
758 4441 881 4481 eum
929 4429 1237 4486 ministrum
1284 4432 1489 4489 Christi
1533 4444 1677 4491 tanta
1721 4438 1911 4494 deceat
1939 4440 2091 4496 forti-

2218 556 2423 626 verbis,
2457 556 2772 615 liberalibus
2810 560 3097 630 promissis
3122 569 3178 616 et
3205 561 3345 617 lictis
3386 563 3718 636 obscquiisrlivi.
3796 608 3799 615 ι

2220 655 2298 702 tes
2321 659 2668 717 venerantur,
2696 666 2857 721 quam
2904 668 3010 707 non
3057 653 3260 709 habent
3288 656 3503 711 interius
3521 700 3534 723 ,
3563 668 3716 723 exterius

2222 741 2565 798 dilectionem
2604 744 2944 801 simulantes.
2971 746 3175 813 Quinto
3206 750 3445 821 praecipit
3472 761 3527 806 ut
3549 756 3717 813 exhibea-

2218 852 2339 892 mus
2374 839 2735 909 nosmetipsos
2769 839 2915 895 sicut
2948 840 3042 897 Dei
3076 843 3356 899 ministros
3396 844 3446 899 in
3472 847 3610 903 verba
3631 857 3718 906 veri-

2220 930 2370 992 tatis.
2401 932 2695 986 secundum
2730 932 2859 986 illud
2900 930 3054 989 Isaia:
3082 947 3097 987 :
3130 932 3341 1000 Clama,
3369 953 3432 991 ne
3454 950 3719 1013 cessenqsati

2220 1019 2344 1073 tuba
2373 1021 2549 1075 exaltu
2577 1038 2755 1077 vocem
2785 1034 2952 1089 tuam,
2985 1033 3033 1077 et
3062 1027 3323 1080 annuntia
3352 1030 3533 1096 populo
3559 1048 3641 1087 meo
3655 1053 3721 1091 ue-

2219 1112 2329 1164 lera
2359 1128 2563 1177 eorum,
2586 1123 2635 1167 et
2657 1115 2837 1168 domui
2858 1114 3023 1170 Jacob
3044 1129 3259 1187 peccata
3290 1135 3466 1174 eorum
3491 1120 3604 1193 (Isa.
3623 1142 3719 1195 tvm,

2218 1203 2333 1274 38);
2362 1214 2418 1258 et
2448 1205 2574 1260 alibi
2604 1220 2619 1259 :
2652 1204 2745 1261 Va:
2771 1208 2931 1275 mihi,
2959 1211 3086 1279 quia
3116 1213 3261 1265 tacui
3289 1212 3425 1282 (Isa.
3456 1216 3545 1285 vt).
3573 1216 3723 1291 Ellis)-

2219 1296 2390 1351 stolns
2410 1313 2423 1349 :
2446 1294 2711 1361 Pra'dica,
2747 1300 2942 1370 inquit,
2966 1303 3177 1356 verbum
3202 1302 3326 1368 Dei,
3348 1306 3485 1360 insta
3502 1322 3721 1379 opportune,

2219 1389 2516 1458 importune
2548 1389 2630 1461 (II
2668 1390 2804 1447 Tim.
2852 1396 2949 1466 tv).
2997 1394 3164 1450 Debet
3213 1406 3395 1451 autem
3430 1401 3618 1456 verbum
3639 1422 3723 1474 prt-

2220 1481 2428 1535 tlicator
2479 1482 2775 1553 prtedicare
2826 1499 2931 1539 non
2983 1500 3181 1551 suum,
3230 1490 3328 1543 sed
3374 1491 3611 1560 veritatis,
3644 1501 3721 1567 qui;

2218 1573 2477 1642 scriptum
2511 1583 2633 1631 est:
2666 1577 3011 1631 Annuntiabis
3050 1580 3126 1632 eis
3157 1595 3224 1633 ea:
3259 1597 3341 1635 me
3370 1581 3572 1650 (Ezeclt.
3596 1589 3725 1657 milli

2217 1664 2407 1721 Petrus
2436 1683 2452 1721 :
2480 1666 2541 1722 Si
2583 1669 2702 1738 quis
2738 1669 2989 1739 loquitur,
3026 1670 3220 1741 inquit,
3246 1675 3403 1743 quasi
3432 1682 3724 1738 sermonest

2218 1759 2266 1829 (l
2304 1756 2449 1813 Petr.
2479 1762 2576 1828 tv).
2602 1759 2670 1815 lu
2702 1762 2890 1817 virtute
2912 1761 3029 1829 Dei,
3056 1765 3341 1829 subaudis,
3370 1768 3530 1822 verbo
3563 1773 3726 1829 veritatis

2214 1850 2533 1919 proliciente
2560 1869 2573 1905 :
2602 1850 2739 1919 Quia
2768 1852 2871 1907 nisi
2898 1853 2969 1907 sit
2997 1854 3145 1909 intus
3167 1855 3263 1924 qui
3294 1856 3509 1923 doceat,
3530 1858 3574 1913 in
3598 1876 3724 1918 unum

2213 1942 2394 2012 lingua
2452 1942 2661 1997 laborat
2709 1945 2966 2010 doctoris,
3016 1945 3147 2014 quia
3194 1962 3290 2001 nec
3321 1950 3414 2018 qui
3456 1950 3643 2018 plantat,
3674 1972 3726 2010 net

2211 2036 2301 2106 qui
2335 2036 2467 2106 rigat
2494 2036 2685 2107 aliquis
2723 2046 2819 2103 est,
2868 2039 2960 2091 sed
3003 2041 3094 2109 qui
3138 2039 3514 2095 incrementum
3543 2044 3614 2096 dat
3640 2045 3726 2099 Dr:-

2213 2128 2264 2197 (l
2294 2128 2417 2184 Cor.
2449 2134 2558 2195 ιιι).
2590 2131 2649 2184 Et
2686 2131 2789 2187 hoc
2821 2142 3007 2186 contra
3046 2132 3167 2189 illos
3204 2144 3290 2189 est
3316 2135 3410 2204 qui
3438 2150 3553 2191 sunt
3576 2140 3728 2194 stultiet

2212 2224 2451 2295 superbi,
2476 2234 2531 2279 et
2551 2224 2641 2295 qui
2666 2239 2726 2279 se
2748 2223 2961 2293 jactant
2992 2226 3045 2280 in
3070 2226 3255 2282 verbis
3284 2228 3422 2289 suis,
3447 2240 3498 2284 et
3522 2230 3570 2284 in
3594 2234 3727 2289 virtute

2210 2330 2330 2381 sua,
2360 2325 2414 2369 et
2450 2316 2503 2369 in
2543 2315 2808 2385 sapientia
2835 2330 2955 2383 sua,
3004 2332 3113 2373 non
3166 2327 3227 2373 ut
3274 2320 3572 2390 proﬁciant,
3600 2324 3667 2376 sed
3694 2332 3729 2376 ut

2210 2408 2428 2481 gloriosi
2466 2417 2783 2479 appareant.

2286 2502 2454 2556 Sexto
2485 2500 2733 2572 praecipit
2768 2510 2827 2556 ut
2854 2502 3193 2557 exhibeamus
3230 2521 3327 2560 nos
3352 2507 3490 2560 sicut
3520 2506 3603 2563 Dei
3630 2510 3728 2563 nisi

2207 2604 2367 2657 stros,
2400 2592 2453 2647 in
2482 2602 2631 2648 recto
2656 2608 2755 2648 usu
2780 2594 3159 2664 prosperitatis
3187 2604 3246 2650 et
3268 2596 3732 2667 adversitatis.()uul

2214 2686 2325 2749 fiet,
2356 2685 2401 2740 si
2434 2683 2627 2739 minuti
2675 2684 2957 2751 fuerimus,
2986 2704 3081 2758 per
3103 2704 3259 2744 arma
3295 2689 3527 2760 justitia
3549 2694 3733 2746 ademit

2206 2789 2253 2835 et
2284 2796 2316 2832 a
2360 2778 2608 2842 sinistris,
2642 2787 2701 2833 ut
2730 2778 2981 2835 videlicet
3021 2779 3235 2851 justitia
3284 2798 3573 2853 armemur,
3598 2796 3731 2840 contra

2205 2885 2463 2941 prospera
2502 2878 2559 2924 et
2602 2880 2795 2925 contra
2840 2871 3091 2937 adversa,
3125 2880 3183 2926 ut
3231 2870 3323 2926 illa
3359 2874 3613 2929 valeamus
3636 2877 3731 2943 justi

2206 2962 2499 3029 moderari,
2551 2970 2606 3017 et
2652 2962 2757 3017 ista
2807 2963 3188 3034 aequanimiter
3219 2967 3358 3032 pati.
3413 2967 3735 3037 Eximit-nsque

2205 3056 2445 3112 dextera:
2484 3067 2666 3127 partes
2690 3067 2742 3111 et
2782 3058 3036 3123 sinistrae,
3080 3060 3368 3131 subiungit
3400 3080 3412 3115 :
3446 3060 3541 3116 Per
3574 3063 3735 3132 gloriae

2201 3160 2249 3203 et
2278 3149 2674 3218 ignobilitatem,
2700 3150 2979 3216 subaudis,
3001 3150 3364 3208 exbibeamus
3404 3169 3497 3209 nos
3534 3155 3657 3209 sicut
3678 3155 3738 3208 Dei

2204 3242 2505 3306 ministros,
2536 3250 2596 3297 ut
2624 3241 2836 3297 scilicet
2867 3258 2964 3298 nec
3003 3258 3100 3314 per
3127 3259 3331 3299 vanam
3360 3245 3575 3316 gloriam
3599 3246 3725 3301 nobili

2204 3333 2331 3386 tatis
2364 3331 2445 3386 vel
2477 3330 2699 3387 virtutis
2734 3333 3085 3400 extollantur,
3118 3350 3219 3390 nec
3267 3350 3367 3406 per
3406 3337 3739 3408 ignobilitatem

2198 3420 2360 3491 hujus
2391 3422 2472 3478 vel
2510 3424 2655 3479 illius
2694 3423 3035 3495 dejiciamur.
3075 3425 3230 3493 Quod
3274 3437 3427 3484 certe.
3464 3440 3635 3484 contra
3658 3430 3737 3484 illc:

2198 3517 2402 3587 estqui
2440 3517 2777 3575 nobilitatem
2820 3530 3106 3589 parentum
3156 3537 3380 3577 suorum
3415 3523 3741 3593 jactitantnci

2198 3610 2592 3680 ignobilitatem
2635 3611 2848 3668 illorum
2901 3614 3250 3669 erubescunt.
3286 3611 3392 3668 Per
3425 3614 3673 3685 infamiam
3708 3628 3739 3666 et

2197 3703 2385 3758 bonam
2416 3704 2638 3774 famam,
2675 3714 2735 3759 ut
2774 3705 3022 3760 videlicet
3064 3705 3349 3761 infamiam
3383 3707 3625 3761 bonorum
3649 3723 3741 3778 ope-

2199 3812 2320 3852 rum
2352 3798 2639 3867 splendore
2691 3814 3031 3869 superemus.
3057 3799 3153 3855 Vel
3186 3799 3233 3855 si
3269 3815 3366 3855 ora
3409 3802 3739 3866 detracturum,

2194 3903 2296 3944 nec
2322 3904 2420 3959 per
2460 3891 2599 3944 bona
2648 3905 2812 3961 opera
2862 3891 3071 3946 obstrui
3117 3902 3374 3961 possunt,
3419 3894 3743 3962 aquanimitet

2193 3980 2459 4047 feramus,
2485 3980 2721 4037 scientes
2756 3983 2882 4052 quia
2912 3981 3165 4038 Christus
3194 3984 3373 4040 dictus
3396 3984 3487 4039 fuit
3510 3985 3741 4040 seductor-

2192 4086 2383 4135 vorax,
2411 4080 2629 4142 potator
2656 4073 2765 4127 vini
2790 4082 2846 4128 et
2872 4082 3086 4128 amator
3117 4075 3486 4141 meretricum,
3522 4086 3580 4129 ut
3601 4074 3743 4128 Maris

2192 4164 2543 4236 Magdalenae,
2568 4176 2623 4220 et
2644 4164 3077 4236 publicanorum,
3106 4177 3166 4220 ut
3204 4166 3435 4223 Matthxi
3458 4166 3655 4235 (Matth.
3679 4168 3727 4233 ιι)

2190 4258 2394 4313 Bonam
2414 4274 2541 4314 vero
2567 4258 2768 4313 famam
2784 4269 2839 4315 et
2858 4260 3116 4329 operibus
3132 4262 3444 4329 probemus,
3464 4270 3512 4315 et
3536 4276 3629 4330 per
3645 4273 3739 4312 ean

2190 4366 2297 4406 non
2318 4360 2582 4417 nostram,
2599 4353 2691 4407 sed
2716 4352 2808 4406 Dei
2825 4352 3052 4423 gloriam
3072 4368 3401 4422 quaeramus,
3416 4364 3465 4409 et
3484 4353 3741 4423 profectam

2191 4442 2583 4512 proximorum,
2621 4443 2773 4513 juxta
2818 4443 2947 4498 illud
2983 4461 2997 4497 :
3040 4443 3128 4498 Sic
3171 4444 3378 4499 luceant
3420 4462 3564 4514 opera
3608 4452 3744 4497 castra

498 4514 646 4582 lude,
676 4527 735 4573 ut
764 4522 946 4576 omnia
980 4525 1294 4595 temporalia
1337 4528 1521 4583 ridens
1552 4529 1786 4585 amittat.
1814 4530 1882 4586 In
1911 4535 2088 4587 suavi.
2112 4558 2166 4619 ι)
2193 4531 2326 4583 bona
2381 4546 2559 4584 coram
2608 4531 2929 4597 hominibus,
2974 4542 3031 4585 ut
3080 4533 3375 4603 glori/irent
3430 4532 3626 4587 Patrem
3675 4547 3741 4584 re

496 4612 622 4674 late,
647 4610 857 4667 scilicet
885 4623 944 4669 ut
972 4617 1221 4675 minister
1246 4620 1447 4677 Christi
1482 4637 1589 4678 non
1611 4634 1947 4693 exsecretur,
1979 4642 2085 4682 non

497 4701 717 4759 lrrideat
746 4710 1079 4779 peccatores,
1129 4712 1223 4768 sed
1272 4714 1451 4782 potius
1498 4716 1765 4772 suavitate
1810 4720 1986 4787 verbi,
2029 4729 2086 4776 et

495 4794 747 4865 exempli,
778 4808 829 4853 et
861 4800 1050 4865 venite.
1083 4801 1205 4858 illos
1231 4804 1345 4858 alat
1384 4813 1442 4859 et
1475 4805 1700 4862 alliciat.
1727 4808 1794 4863 Et
1821 4811 1924 4867 hoc
1949 4827 2083 4869 con-

497 4892 578 4938 tra
605 4887 723 4944 illos
745 4891 836 4960 qui
879 4901 1202 4964 arroganter
1250 4894 1502 4951 intonant
1548 4907 1604 4953 et
1652 4911 2004 4958 exsecrantur
2028 4904 2082 4960 in

495 4977 748 5046 populum
793 4981 895 5037 sibi
935 4986 1305 5052 commissum,
1347 4987 1612 5045 calamum
1664 5006 2081 5064 conquassatum

494 5078 876 5138 conterentes,
940 5082 995 5128 et
1066 5074 1270 5145 lignum
1340 5076 1611 5150 fumigans
1678 5086 2083 5156 exstinguentes

497 5157 714 5227 (Matth.
746 5163 866 5232 xu).
905 5162 973 5218 In
1014 5163 1213 5235 Spiritu
1240 5180 1440 5225 sancto.
1470 5171 1571 5245 Ac}
1592 5174 1639 5230 si
1674 5175 1881 5231 diceret
1912 5196 1927 5232 :
1957 5178 2079 5234 Non

495 5251 666 5305 solum
697 5254 893 5310 habeat
923 5258 1171 5315 minister
1196 5260 1395 5317 Christi
1439 5262 1581 5322 hanc
1613 5265 1697 5322 vel
1722 5268 1870 5324 illam
1904 5270 2080 5327 virtu-

497 5349 626 5406 tem,
660 5344 753 5398 sed
794 5347 967 5417 etiam,
990 5349 1162 5420 ipsum
1215 5350 1419 5409 fontem
1472 5358 1791 5427 gratiarum,
1817 5360 2113 5432 Spiritum.

496 5444 743 5492 sanctum
774 5455 789 5493 ε
822 5439 890 5496 1η
910 5444 1166 5500 charitate
1190 5463 1293 5501 non
1314 5447 1461 5517 ﬁcta,
1486 5458 1546 5505 ut
1570 5451 1799 5519 scilicet,
1827 5470 1931 5509 non
1958 5455 2085 5509 dili-
2112 5512 2116 5519 ,

494 5540 679 5595 gamus
694 5534 845 5589 verbo
865 5552 1027 5608 neque
1049 5537 1253 5610 lingua,
1268 5542 1359 5595 sed
1379 5558 1531 5612 opere
1553 5554 1599 5599 et
1619 5545 1834 5599 veritate
1851 5545 1905 5616 (Ι
1917 5544 2081 5604 Joau.

494 5623 599 5694 tu).
626 5622 778 5683 Ficta
807 5640 890 5685 est
915 5631 1153 5689 charitas
1182 5648 1304 5689 cum
1326 5634 1450 5704 quis
1480 5635 1657 5706 diligit
1694 5636 1751 5695 in
1779 5640 2080 5712 prosperis,

2188 4631 2354 4675 stram
2384 4623 2473 4690 qui
2508 4622 2564 4675 in
2591 4621 2730 4675 caelis
2768 4632 2842 4676 est
2881 4621 3096 4691 (Matth.
3136 4627 3213 4692 ν).
3246 4623 3398 4690 Quod
3445 4639 3560 4679 vero
3622 4622 3741 4678 dile-

2189 4722 2274 4769 rat
2320 4731 2411 4784 per
2440 4713 2720 4783 infamiam
2748 4721 2797 4768 et
2845 4714 3033 4768 bonam
3082 4714 3305 4784 famaue,
3343 4729 3601 4786 exponens
3631 4713 3741 4767 sab-

2188 4805 2308 4860 dit:
2348 4803 2417 4859 Ut
2463 4806 2762 4859 seductores
2800 4814 2848 4859 et
2892 4822 3118 4861 veraces.
3158 4807 3208 4860 Α
3254 4808 3559 4877 quibusdam
3614 4806 3741 4860 enim

2189 4898 2452 4953 habemur
2501 4908 2562 4953 ut
2625 4899 2970 4966 seductores,
3028 4909 3083 4954 et
3142 4909 3327 4957 tamen
3390 4900 3647 4956 habemur
3680 4898 3740 4949 ab

2189 4986 2309 5042 aliis
2336 4997 2392 5042 et
2425 5002 2613 5043 sumus
2642 5003 2884 5045 veraces.
2917 4988 3066 5044 Sicut
3096 4990 3189 5060 qui
3224 4991 3387 5061 ignoti
3409 4999 3463 5045 et
3490 4986 3735 5059 reprobati

2186 5082 2469 5148 habemur,
2507 5098 2538 5137 a
2591 5083 2911 5153 quibusdam
2937 5124 2953 5149 ,
3006 5093 3056 5139 et
3098 5093 3283 5140 tamen
3334 5100 3509 5141 sumus
3554 5082 3741 5151 cogniti

2186 5176 2318 5236 Deo.
2353 5176 2521 5243 Quasi
2562 5178 2861 5245 morientes,
2887 5178 2939 5233 id
2978 5187 3064 5233 est
3090 5179 3235 5251 digni
3268 5192 3445 5236 molle
3478 5178 3698 5235 dicimur
3718 5190 3739 5227 ι

2186 5271 2529 5341 quibusdam,
2566 5280 2616 5326 et
2651 5288 2768 5327 ecce
2802 5272 3043 5327 vivimus.
3070 5274 3137 5329 Et
3176 5275 3269 5331 hic
3313 5276 3421 5330 vita
3472 5275 3734 5335 virtutum,

2185 5372 2241 5419 et
2266 5363 2321 5419 in
2357 5362 2542 5419 futuro
2569 5364 2682 5419 vita
2712 5372 2939 5421 aeterna.
2985 5362 3051 5419 Ut
3081 5368 3348 5439 castigati,
3386 5375 3583 5439 propter
3614 5375 3730 5435 pce

2190 5463 2310 5510 cata
2354 5466 2542 5511 nostra
2600 5455 2835 5512 dicimur
2876 5472 2907 5511 a
2939 5458 3291 5528 quibusdam,
3343 5469 3398 5515 et
3437 5470 3597 5513 tamen
3642 5469 3737 5509 uel

2190 5564 2379 5604 sumus
2413 5548 2749 5604 mortificati.
2792 5548 3097 5605 Notandum
3128 5566 3260 5607 vero
3284 5559 3386 5616 est,
3405 5549 3582 5605 fratres
3606 5544 3725 5607 tua}

2188 5642 2332 5712 quod
2370 5641 2448 5697 ait
2482 5640 2795 5712 Apostolus,
2842 5652 2898 5697 ut
2920 5643 3263 5709 (seductores,
3284 5642 3413 5698 sicut
3436 5642 3513 5712 qui
3546 5638 3715 5708 ἕω

569 5823 681 5891 (δι)
706 5825 925 5890 Hiertn.
958 5833 1118 5899 epist.
1157 5833 1262 5890 ηδ
1301 5834 1367 5892 ad
1408 5834 1568 5893 Rust.
1604 5838 1885 5904 monaeh..
1912 5839 2119 5901 Patro].
2146 5851 2275 5901 tom.
2309 5841 2506 5911 XXXI,
2533 5843 2637 5902 col.
2668 5844 2825 5905 1078.
