3822 6316
93 370 203 434 1795

734 352 1042 413 HOMILIE
1065 352 1132 411 IN
1163 352 1382 412 EPIST.
1413 352 1501 411 ET
1543 350 1801 410 EVANG.
1826 351 2126 411 DOMlNlC.
2158 385 2234 402 -
2258 354 2442 413 PARS
2466 355 2508 414 ἰ.

3161 361 3299 421 1791

87 487 210 564 quasi
241 479 515 541 morientes,
559 481 614 531 et
657 475 964 530 econtrario
1012 474 1149 530 dixit
1197 475 1315 530 sine
1353 484 1434 542 ut,
1489 475 1610 532 sine
1636 477 1685 535 Α
1713 479 1930 550 rapitur
1964 491 2150 532 curru.
2182 474 2402 546 Jejunat
2423 475 2593 533 etiam
2630 477 2906 550 Christus,
2935 492 2994 539 et
3034 483 3290 540 acceden-

83 585 211 644 sicut,
237 574 341 630 sine
388 567 556 641 quasi,
609 582 834 633 veraces,
887 568 1002 622 noti
1057 568 1296 635 vivimus,
1343 568 1599 638 quoniam

87 681 201 730 tanta
227 667 368 723 debet
395 677 512 718 esse
539 661 590 716 in
629 660 986 731 praedicatore
1008 661 1295 726 sanctitas,
1320 662 1462 733 quod
1493 677 1600 718 non

78 763 216 839 possit
240 757 418 828 aliquis
477 753 615 808 mala
661 754 842 811 dicere
889 754 956 810 de
1005 770 1094 821 eo,
1125 756 1230 812 nisi
1267 755 1598 812 mentiendo.

80 854 214 926 Quasi
260 851 436 910 tristes,
471 846 696 902 snbaudi
741 862 930 903 sumus
970 847 1113 905 inter
1148 849 1397 906 miserias
1429 851 1594 922 hujus

74 945 241 1012 saeculi,
265 951 316 999 et
341 950 514 996 tamen
574 940 628 995 in
683 955 780 1011 spe
819 941 944 996 vita:
974 941 1214 999 cmlestis
1243 957 1434 999 sumus
1471 960 1604 1016 gau-

75 1043 250 1095 dentes.
301 1032 441 1089 Sicut
484 1040 708 1102 egentes,
741 1031 902 1089 rebus
944 1034 1153 1090 scilicet
1189 1034 1598 1106 temporalibus,

71 1142 216 1190 tamen
243 1127 424 1183 multos
449 1124 652 1183 divitiis
669 1125 985 1183 coelestibus
1014 1127 1427 1198 locupletantes.
1458 1127 1601 1185 Tan-

69 1239 193 1296 quam
217 1219 339 1276 nihil
362 1218 623 1285 habentes,
669 1226 721 1274 et
756 1219 935 1273 omnia
981 1219 1322 1290 possidentes.
1357 1220 1601 1276 Pensan-

67 1315 168 1370 dum
196 1324 392 1383 quoque
424 1317 503 1364 est
549 1306 658 1374 hic,
717 1306 915 1364 fratres
971 1309 1102 1376 mei,
1155 1309 1416 1380 quoniam
1462 1311 1599 1364 sicut

67 1406 233 1465 tristes.
255 1403 379 1458 sicut
401 1408 641 1470 egentes,
661 1409 914 1471 tanquam
941 1402 1076 1456 nihil
1105 1403 1446 1472 possidentes
1469 1402 1600 1459 dicit

64 1495 328 1570 Apostolus.
357 1493 679 1550 Etabsolute
705 1495 834 1549 dicit
862 1496 1170 1566 gaudentes,
1198 1495 1598 1568 locupletantes,

64 1589 206 1645 omnia
227 1586 556 1658 possidentes,
581 1587 875 1642 ostendens
899 1587 1042 1656 quod
1097 1587 1280 1643 omnia
1326 1596 1600 1658 tempora-

63 1682 117 1738 lia
143 1694 236 1735 non
264 1692 380 1734 vere
406 1687 549 1741 sunt,
587 1678 681 1733 sed
722 1677 879 1749 quasi
928 1678 984 1734 in
1040 1679 1252 1734 sonmio
1300 1689 1586 1751 apparent.

61 1773 184 1829 Sicut
226 1772 362 1827 enim
405 1770 645 1841 loquitur
673 1772 766 1842 qui
823 1772 878 1828 in
926 1787 1119 1829 somno
1170 1773 1373 1846 aliquid
1432 1775 1596 1842 vidit;

1711 577 1795 626 tes
1827 569 2005 641 angeli
2033 568 2082 624 ei
2121 568 2455 625 ministrant.
2503 569 2609 626 Sed
2652 585 2775 626 cum
2812 572 3024 646 Moyses
3059 582 3116 631 et
3153 575 3295 633 Elia:

1704 662 1951 720 homines
1979 661 2167 733 utique
2195 661 2340 734 puri,
2379 669 2502 734 post
2541 664 2900 733 quadraginta
2943 667 3155 724 dierum
3203 667 3293 737 jo-

1697 754 1934 826 junium,
1961 771 2068 812 non
2097 755 2348 826 legantur
2368 756 2627 822 esurisse,
2652 772 2821 827 quare
2837 756 3108 828 Christus,
3135 775 3293 817 verus

1703 850 1866 919 Deus,
1898 850 2070 906 voluit
2117 849 2362 906 esurire?
2416 849 2638 921 Triplici
2687 850 2754 906 de
2802 866 3000 918 causa,
3052 863 3112 909 ut
3152 855 3292 910 scili-

1702 954 1790 1001 cet
1850 960 1910 1002 se
1965 958 2155 1000 verum
2232 942 2506 998 hominem
2577 943 3011 1011 demonstraret,
3071 955 3130 1001 ut
3198 963 3293 1005 sua

1701 1035 1882 1092 esurie
1934 1034 2236 1090 voluntaria
2282 1043 2529 1092 nostram
2562 1035 2929 1091 necessariam
2977 1037 3293 1105 redimeret,

1702 1139 1763 1186 ut
1783 1128 2094 1194 esuriendo,
2124 1128 2367 1185 tentandi
2397 1127 2744 1184 occasionem
2775 1127 2988 1185 diabolo
3009 1129 3293 1200 praeberet.

1703 1223 1788 1282 Ob
1819 1223 2153 1294 triumphum
2187 1237 2406 1294 quoque
2444 1221 2617 1276 voluit
2648 1221 2910 1278 Dominus
2944 1221 3194 1291 jejunare
3239 1229 3292 1277 et

1703 1315 1922 1384 tentari,
1957 1323 2015 1370 ut
2058 1313 2270 1371 scilicet
2315 1313 2474 1372 nobis
2511 1315 2579 1370 de
2623 1329 2812 1381 carne,
2861 1315 2928 1370 de
2963 1315 3200 1379 diabolo,
3237 1321 3290 1370 et

1702 1409 1770 1464 de
1821 1407 2024 1464 mundo
2081 1406 2467 1478 triumpharet.
2509 1403 2730 1462 Vicerat
2781 1407 2982 1478 quippe
3038 1407 3289 1466 diabolus

1704 1499 1945 1571 primum
1981 1498 2257 1556 hominem
2281 1509 2564 1571 parentem
2584 1510 2853 1563 nostrum,
2885 1503 3146 1556 tentando
3166 1516 3289 1556 eum

1703 1593 1773 1648 de
1803 1593 1997 1661 tribus,
2023 1593 2091 1649 de
2119 1591 2264 1664 gula,
2299 1591 2367 1647 de
2393 1593 2713 1661 cupiditate,
2738 1593 2806 1649 de
2828 1608 2964 1648 vana
2995 1592 3184 1661 gloria.
3216 1593 3289 1651 De

1701 1686 1828 1758 gula
1872 1701 1995 1742 eum
2049 1684 2281 1742 tentavit
2321 1693 2378 1740 et
2431 1685 2586 1752 vicit,
2633 1686 2852 1757 quando
2898 1701 3023 1742 eum
3076 1687 3286 1744 ambire

1703 1776 1992 1832 scientiam
2023 1776 2149 1832 boui
2199 1785 2258 1831 et
2308 1773 2436 1830 mali
2469 1777 2758 1847 persuasit.
2808 1776 2885 1833 De
2921 1791 3064 1831 vana
3117 1777 3288 1849 gloria
3387 1801 3394 1809 η

60 1865 183 1937 quasi
212 1864 531 1936 equitahain,
584 1865 739 1936 quasi
791 1866 1101 1932 currebam,
1147 1875 1204 1922 et
1263 1844 1593 1938 hujusmodi.
1631 1844 1675 1901 Β
1701 1870 1818 1926 sive
1857 1869 2110 1942 superbia
2138 1883 2262 1924 eum
2295 1844 2526 1926 tentavit
2554 1878 2608 1924 et
2633 1868 2785 1935 vicit,
2814 1869 3036 1939 quando
3069 1844 3147 1925 ut.
3169 1885 3287 1925 am.

58 1958 326 2031 Spiritualia
357 1973 484 2014 vero
510 1966 566 2013 et
594 1958 838 2014 cmlestia
887 1958 1056 2026 bona,
1085 1974 1214 2015 vere
1261 1969 1408 2027 sunt,
1457 1975 1596 2032 quo-

56 2051 170 2105 niam
199 2049 536 2120 setnpiterna.
587 2050 800 2108 Divitias
843 2052 1066 2122 quippe,
1114 2051 1313 2108 fratres
1361 2052 1488 2119 mei,
1540 2063 1598 2109 et

53 2142 204 2209 gloria
221 2151 272 2198 et
303 2142 539 2199 honores
567 2142 726 2216 hujus
753 2143 965 2208 mundi,
997 2144 1070 2200 ita
1100 2143 1208 2200 cito
1237 2154 1591 2211 evanescunt,

52 2236 168 2305 quod
208 2243 322 2305 post
383 2245 638 2302 mortem,
691 2253 793 2294 nec
843 2238 1010 2294 etiam
1061 2237 1238 2295 fuisse
1287 2239 1591 2296 videantur.

53 2326 174 2382 Unde
195 2325 469 2384 Psalmista
493 2343 509 2382 :
529 2328 892 2398 Dormierunt,
926 2329 1121 2402 inquit,
1150 2347 1394 2386 somnum
1413 2349 1590 2399 suum,

48 2427 85 2471 et
113 2418 227 2472 nihil
250 2418 553 2475 invenerunt
594 2421 696 2476 uiri
751 2421 1057 2477 diuitiarum
1084 2423 1138 2478 in
1179 2422 1422 2478 manibus
1477 2425 1587 2480 suis

46 2506 188 2579 (Psal.
213 2512 390 2582 uxr).
422 2510 661 2569 Econtra
685 2528 813 2587 vero
839 2512 1076 2582 tristitia,
1099 2527 1335 2586 egestas,
1359 2525 1412 2572 et
1433 2515 1588 2587 igno-

45 2602 210 2670 bilitas,
255 2619 388 2674 quas
442 2605 725 2676 patiuntur
768 2607 942 2664 sancti
995 2608 1048 2666 in
1100 2608 1204 2664 hoc
1245 2608 1464 2675 saeculo,
1509 2609 1591 2666 sic

44 2693 131 2748 cito
155 2695 472 2760 transibunt,
511 2701 572 2749 ut
621 2705 742 2768 post
785 2683 942 2767 quasi
991 2713 1243 2755 somnum
1291 2698 1459 2755 fuisse
1499 2700 1580 2756 vi-

44 2786 256 2842 deantur.
284 2788 337 2843 In
373 2787 564 2844 futuro
593 2804 722 2845 vero
751 2790 972 2846 dabitur
997 2791 1306 2847 econtrario
1335 2792 1592 2850 divitibus

39 2894 117 2950 pro
142 2881 286 2936 vanis
315 2882 527 2938 divitiis
579 2896 709 2937 vera
763 2893 820 2938 et
865 2891 1068 2939 aterna
1111 2900 1438 2956 paupertas;
1491 2901 1590 2956 pro

38 2986 149 3026 vana
175 2972 374 3040 laetitia,
415 2989 550 3032 vera
571 2983 628 3032 et
653 2986 856 3031 aeterna
889 2975 1136 3044 tristitia,
1165 2993 1264 3047 pro
1295 2977 1449 3034 vanis
1492 2978 1592 3034 he-

37 3068 248 3136 noribus,
296 3085 422 3125 vera
467 3078 529 3126 et
565 3079 766 3127 acterna
819 3070 1140 3144 ignominia.
1192 3070 1410 3128 Sanctis
1458 3088 1590 3130 vero

35 3159 236 3224 dabitur,
284 3177 384 3232 pro
417 3177 564 3217 vana
620 3161 778 3232 hujus
813 3162 996 3218 saeculi
1048 3162 1293 3230 tristitia,
1345 3178 1474 3221 vera
1527 3173 1582 3220 et
1618 3204 1660 3263 ϐ

31 3259 198 3307 aeterna
226 3251 436 3323 laetitia,
458 3270 560 3325 pro
583 3271 718 3310 vana
741 3263 1004 3326 egestate,
1022 3270 1164 3311 verte
1187 3264 1241 3310 et
1259 3266 1479 3312 internae
1500 3256 1553 3311 di
1569 3285 1589 3299 ο

32 3344 177 3409 vitiaa;
208 3361 304 3416 pro
325 3363 468 3403 vana
498 3347 834 3420 ignobilitate
861 3363 1023 3404 verus
1044 3357 1099 3403 et
1127 3358 1366 3403 aeternus
1393 3349 1588 3404 honor.

29 3432 202 3502 Quibus
233 3454 332 3498 nos
376 3441 641 3512 adjungat
680 3441 823 3496 Deus
851 3449 906 3496 et
950 3440 1212 3496 Dominus
1236 3455 1306 3496 no
1333 3450 1467 3506 ster,
1498 3441 1592 3513 qui

26 3527 70 3584 in
93 3527 341 3591 Triuitate
366 3535 616 3605 perfecta
644 3534 777 3590 vivit
801 3542 857 3590 et
889 3542 1082 3604 regnat
1111 3533 1271 3590 Deus.
1303 3535 1498 3590 Amen.

511 3627 798 3684 llUMlLlA
837 3626 1079 3684 XXXVI.

309 3737 582 3779 DOIINICA
619 3735 780 3776 PBIIA
821 3735 1265 3785 QUADBAGESIIIE.

73 3813 264 3870 Ductus
289 3824 366 3870 est
395 3813 433 3869 Ι
437 3831 562 3869 esus
589 3813 642 3868 in
671 3814 932 3868 desertum
959 3830 991 3868 a
1015 3809 1242 3882 Spiritu,
1271 3822 1327 3868 ut
1357 3820 1590 3868 tentare-

17 3918 88 3961 tur
108 3925 136 3962 a
158 3909 395 3965 diabolo.
433 3905 510 3962 Et
541 3924 660 3962 cum
699 3907 998 3979 jejunasset
1026 3907 1381 3978 quadraginta
1407 3907 1590 3962 diebus

14 4009 53 4054 et
73 4001 418 4074 quadraginta
467 4000 734 4065 noctibus,
763 4008 943 4070 postea
985 3999 1168 4054 esuriit
1217 3997 1434 4069 (Matth.
1489 4001 1587 4069 tv).

13 4091 249 4160 Quoniam
298 4091 798 4166 quadragesimale
839 4090 1042 4148 Christi
1091 4089 1356 4162 jejunium
1405 4091 1584 4156 hodie,

12 4183 182 4241 fratres
205 4183 564 4250 charissimi,
613 4182 960 4248 inchoamus,
997 4181 1387 4237 convenienter
1422 4198 1589 4238 evan-

11 4276 156 4348 gelica
180 4277 346 4335 lectio
377 4278 680 4335 historiam
705 4278 866 4348 hujus
887 4275 1081 4349 jejunii
1107 4275 1399 4333 continens
1427 4277 1588 4334 hodie
1635 4325 1640 4332 .

13 4368 272 4426 recitatur.
305 4370 370 4427 lu
421 4386 539 4442 qua
569 4369 800 4426 lectione
846 4369 937 4426 hic
976 4369 1212 4439 primum
1251 4368 1410 4426 nobis
1443 4385 1589 4440 quae-

12 4464 212 4520 rendum
244 4466 478 4522 videtur
529 4479 700 4534 quare
751 4462 1003 4520 Christus
1043 4463 1188 4520 Deus
1230 4470 1286 4519 et
1328 4463 1589 4519 Dominus

1697 1961 1858 2026 biret,
1901 1968 1962 2017 ut
2005 1961 2150 2017 Deus
2195 1970 2363 2027 esset,
2408 1961 2458 2017 ei
2483 1959 2776 2033 persuasit.
2823 1959 2883 2014 ln
2936 1959 3025 2016 his
3090 1960 3290 2027 tribus,

1701 2056 1905 2112 fratres
1942 2053 2290 2118 charissimi,
2316 2064 2427 2111 tota
2465 2055 2652 2111 mundi
2691 2053 2900 2110 malitia
2945 2053 3290 2123 continetur,

1697 2162 1730 2205 a
1770 2149 1969 2218 quibus
2005 2163 2106 2204 nos
2153 2146 2470 2204 dehortatur
2505 2144 2766 2212 Joannes,
2804 2145 2992 2202 dicens
3043 2162 3058 2200 :
3111 2143 3290 2202 Nolite

1695 2239 1916 2312 diligere
1943 2239 2219 2306 mundum,
2244 2255 2337 2294 nec
2363 2255 2425 2294 ea
2454 2253 2572 2310 quae
2612 2239 2669 2293 in
2713 2239 2909 2292 mundo
2957 2247 3112 2300 sunt;
3159 2253 3287 2308 quo-

1697 2333 1841 2388 niam
1907 2331 2165 2404 quidquid
2233 2331 2288 2386 in
2348 2329 2545 2384 mundo
2597 2336 2706 2395 est,
2768 2338 2845 2385 est
2919 2329 3287 2399 concupiscen-

1696 2423 1772 2478 tia
1816 2424 2013 2488 carnis,
2065 2432 2157 2476 aut
2207 2419 2504 2485 oculorum,
2550 2429 2642 2474 aut
2689 2419 2935 2490 superbia
2978 2421 3120 2486 uiue,
3167 2435 3288 2491 quat

1699 2530 1804 2570 non
1835 2523 1910 2570 est
1947 2529 2012 2569 ea:
2047 2511 2156 2568 Deo
2184 2510 2350 2568 Patre
2377 2511 2427 2585 (Ι
2457 2509 2621 2567 Joan.
2665 2516 2749 2576 tt).
2774 2509 2868 2567 His
2901 2510 3077 2567 tribus
3110 2510 3287 2567 victus

1695 2606 1862 2663 homo
1899 2605 2003 2661 fuit
2047 2603 2326 2675 subjectus
2374 2603 2524 2660 omni
2556 2603 2813 2669 malitiae,
2845 2604 3051 2670 carnis,
3100 2603 3286 2660 tnundi

1695 2708 1749 2770 et
1775 2698 1997 2756 diaboli.
2034 2695 2292 2767 Jejunare
2332 2697 2500 2770 igitur
2523 2706 2579 2753 et
2600 2700 2799 2760 tentari
2818 2696 2986 2754 voluit
3009 2695 3286 2765 Christus,

1698 2801 1760 2848 ut
1803 2791 1960 2848 nobis
2013 2791 2372 2862 triumpharet
2421 2793 2490 2846 de
2537 2788 2776 2859 diabolo,
2811 2805 2982 2848 carne
3026 2790 3188 2848 simul
3227 2801 3285 2848 et

1695 2884 1918 2940 mundo.
1972 2882 2228 2938 Diabolus
2279 2882 2523 2953 quidem,
2569 2881 2628 2939 in
2673 2882 2866 2938 iisdem
2899 2883 3072 2938 tribus
3119 2891 3268 2938 tenta

1693 2984 1846 3031 verat
1873 2984 1927 3030 et
1955 2975 2157 3030 vicerat
2187 2975 2386 3040 Adam,
2417 2975 2653 3030 tentavit
2679 2985 2734 3030 et
2756 2973 3056 3042 Christum,
3083 2974 3180 3032 sed
3213 2973 3286 3030 ab

1695 3081 1764 3124 eo
1803 3067 2054 3123 devictus
2075 3074 2178 3122 est.
2219 3066 2295 3122 De
2321 3066 2447 3138 gula
2477 3068 2677 3138 quippe
2704 3066 2935 3122 tentavit
2985 3081 3111 3121 eum
3157 3080 3281 3122 cum

1694 3159 1881 3216 dixit:
1917 3158 1980 3216 Si
2009 3157 2188 3214 Filius
2241 3157 2340 3214 Dei
2369 3176 2444 3226 es,
2492 3161 2576 3214 dic
2619 3169 2674 3214 ut
2736 3159 2935 3229 lapides
2988 3160 3078 3214 isti
3123 3177 3286 3230 panes

1695 3251 1849 3321 ﬁant.
1879 3251 1987 3308 Sed
2015 3251 2069 3306 in
2112 3251 2413 3307 tentatione
2441 3266 2539 3308 sua
2580 3250 2833 3306 Christus
2865 3267 2990 3307 eum
3031 3265 3285 3310 succum-

1697 3344 1802 3410 bit,
1841 3361 1965 3399 cum
2003 3343 2052 3398 ci
2087 3343 2224 3398 dicit
2254 3361 2266 3397 :
2294 3341 2418 3397 Non
2450 3345 2506 3396 in
2534 3341 2647 3398 solo
2674 3358 2810 3413 pane
2838 3343 2955 3398 vivit
2993 3343 3171 3409 homo,
3192 3343 3286 3399 sed

1696 3438 1751 3494 in
1786 3440 1926 3492 onmi
1956 3440 2108 3492 verba
2133 3435 2272 3508 quod
2302 3436 2537 3506 procedit
2562 3437 2626 3490 de
2652 3451 2740 3490 ore
2785 3434 2903 3490 Dei.
2945 3435 3025 3490 Ac
3055 3433 3104 3490 si
3137 3435 3284 3492 dice-

1695 3539 1824 3586 ret:
1857 3529 1912 3584 lu
1953 3528 2232 3592 tentando,
2283 3528 2348 3583 de
2388 3527 2504 3582 solo
2530 3542 2688 3598 pane,
2732 3525 3004 3596 corporali
3051 3527 3284 3584 mentio-

1695 3635 1819 3674 nem
1843 3619 1980 3675 facis
2001 3659 2016 3685 ,
2054 3633 2178 3674 cum
2211 3618 2419 3673 homini
2447 3618 2621 3688 magis
2646 3617 2717 3673 sit
2744 3615 3088 3674 necessarius
3117 3618 3283 3690 spiri-

1698 3712 1876 3769 tualis.
1923 3711 2001 3768 De
2056 3711 2354 3782 cupiditate
2407 3711 2637 3766 tentavit
2688 3711 3000 3776 Christum,
3062 3726 3187 3767 cum
3229 3712 3281 3769 ei

1694 3806 1833 3863 dixit
1855 3823 1869 3862 :
1890 3803 2022 3862 Herc
2047 3806 2224 3860 omnia
2255 3804 2348 3858 tibi
2377 3804 2536 3873 dabo,
2561 3806 2606 3859 si
2627 3805 2821 3859 cadens
2846 3805 3148 3860 adoraveris
3175 3822 3276 3863 me.

1695 3897 1802 3954 Sed
1842 3898 1896 3953 in
1928 3897 2044 3970 ipsa
2075 3897 2374 3952 teutatione
2404 3913 2434 3952 a
2473 3897 2692 3953 Christo
2724 3909 3038 3966 superatur,
3075 3913 3197 3952 cum
3229 3899 3280 3955 ei

1693 3990 1894 4046 dicitur
1929 4008 1943 4045 :
1974 3990 2246 4061 Scriptum
2277 3998 2354 4044 est
2390 4005 2410 4044 :
2457 3989 2739 4046 Dominum
2769 3989 2937 4045 Deum
2966 4000 3114 4044 tuum
3145 3990 3280 4046 ado-

1693 4085 1855 4151 rabis,
1890 4095 1937 4140 et
1959 4083 2040 4139 illi
2066 4084 2166 4138 soli
2197 4085 2410 4139 servies.
2435 4084 2514 4140 Ac
2546 4086 2592 4140 si
2641 4083 2848 4140 diceret
2883 4101 2897 4137 :
2925 4082 3080 4138 Nulla
3129 4099 3281 4140 crea-

1697 4185 1816 4232 tura
1853 4191 1922 4234 eo
1977 4175 2125 4233 cultu
2173 4191 2281 4246 quo
2310 4175 2475 4242 Deus,
2523 4176 2802 4231 adoranda
2858 4186 2962 4231 est.
3018 4175 3093 4230 De
3137 4191 3280 4233 vana

1695 4271 1868 4344 gloria
1897 4270 2011 4326 sive
2043 4271 2110 4326 de
2141 4271 2398 4341 superbia
2421 4271 2655 4325 tentavit
2676 4285 2822 4335 eum,
2856 4285 2979 4325 Clllll
3011 4269 3147 4325 dixit
3171 4270 3220 4325 ei
3261 4286 3278 4326 :

1693 4365 1755 4422 Si
1775 4361 1930 4418 Flius
1950 4363 2048 4418 Dei
2069 4379 2147 4428 es,
2171 4363 2316 4418 mitte
2337 4371 2386 4418 te
2399 4363 2665 4418 deorsum.
2696 4362 2967 4434 Scriptum
2992 4373 3069 4419 est
3098 4366 3277 4421 enim:

1694 4455 1834 4524 Quia
1857 4456 2055 4526 angelis
2082 4454 2192 4509 suis
2221 4453 2362 4509 Deus
2388 4456 2662 4511 mandavit
2687 4457 2752 4510 de
2775 4464 2842 4522 te,
2881 4464 2935 4510 ut
2975 4457 3277 4512 custodiant

12 4564 189 4640 uoster,
218 4557 314 4628 qui
345 4557 405 4613 in
447 4570 553 4613 sua
599 4553 946 4612 sanctissima
992 4569 1160 4610 carne
1199 4552 1402 4608 nullam
1435 4552 1588 4624 peni—
1619 4567 1666 4624 υ
1691 4561 1740 4605 te
1764 4551 1820 4605 in
1845 4548 2087 4604 omnibus
2119 4548 2212 4603 viis
2238 4548 2365 4604 tuis.
2407 4547 2478 4603 In
2520 4549 2765 4604 manibus
2790 4549 3075 4618 portabunt
3109 4561 3182 4618 te,
3214 4567 3278 4608 ne

18 4664 71 4704 us
107 4653 279 4708 sensit
309 4651 709 4716 rebellionem,
749 4649 1000 4721 jejunare
1045 4645 1216 4702 voluit
1263 4654 1319 4702 et
1367 4645 1587 4702 tentari.

21 4740 232 4810 ejunarc
258 4746 440 4818 igitur
467 4755 530 4800 et
558 4743 757 4800 tentari
795 4741 968 4799 voluit
993 4739 1064 4797 ob
1101 4749 1211 4798 tres
1239 4755 1476 4796 causas:
1516 4739 1586 4794 ob

12 4835 378 4905 uinisterium,
418 4837 498 4894 ob
533 4835 889 4907 triumphum,
919 4835 990 4890 ob
1011 4833 1337 4903 exemplum.
1368 4829 1457 4903 ,Ob
1485 4830 1589 4886 mi-

12 4925 291 4995 :isterium,
323 4929 602 4999 quoniam
639 4926 811 4982 voluit
833 4926 1207 4983 demonstrare
1237 4938 1300 4980 se
1343 4935 1398 4979 et
1428 4938 1586 4980 suum

11 5017 230 5089 :juuium
267 5037 376 5092 per
401 5021 590 5092 legem
624 5028 679 5075 et
705 5019 1003 5090 prophetas
1041 5017 1217 5074 fuisse
1270 5015 1588 5088 praefigura-

12 5125 110 5165 tlltt.
132 5109 422 5182 Jejunavit
449 5111 658 5182 quippe
685 5108 962 5182 legislator
983 5107 1196 5180 Moyses
1223 5106 1586 5179 quadraginta

19 5204 196 5272 iebus;
228 5203 524 5278 jejunavit
559 5217 776 5275 quoque
805 5211 860 5258 et
889 5203 1038 5259 Elias
1056 5243 1072 5269 ,
1099 5201 1330 5258 eximius
1354 5201 1588 5272 prophe-

12 5312 164 5364 irum,
197 5300 441 5354 totidem
473 5297 691 5354 diebus.
714 5296 989 5368 Jejunavit
1026 5296 1190 5351 etiam
1226 5305 1281 5352 et
1306 5293 1581 5360 Christus,

12 5389 102 5459 sgis
127 5401 184 5446 et
213 5391 638 5464 prophetarum
673 5389 956 5454 Dominus,
990 5387 1215 5444 totidem
1263 5385 1474 5442 diebus.
1521 5383 1580 5439 lu

10 5483 158 5540 uibus
186 5495 247 5542 et
273 5482 526 5557 prmmia
561 5480 930 5554 jejunantium
973 5479 1200 5551 pariter,
1241 5477 1462 5545 fratres,
1501 5484 1587 5530 at-

9 5577 278 5636 :udamus.
303 5576 608 5648 Jejunavit
638 5574 852 5648 Moyses
888 5570 1248 5644 quadraginta
1273 5568 1484 5636 diebus,
1529 5575 1610 5657 et.

10 5682 172 5729 uentus
217 5682 313 5730 est
357 5685 499 5728 cum
551 5670 698 5735 Deo,
747 5677 803 5724 et
857 5664 1067 5736 accepit
1116 5663 1312 5736 legem.
1367 5659 1584 5732 Jejunat

8 5784 175 5840 neque
205 5779 266 5826 et
300 5767 469 5824 Elias
496 5805 514 5832 ,
543 5774 596 5820 et
623 5779 745 5820 cum
780 5763 890 5818 Deo
920 5759 1158 5829 loquitur
1185 5798 1200 5825 ,
1239 5768 1295 5814 et
1329 5754 1582 5811 ﬂammeo

32 5884 147 5952 (55)
188 5885 364 5952 Vulg.
423 5879 646 5948 Anqeli,
672 5884 1000 5938 accesserunt
1024 5884 1072 5932 et
1103 5872 1470 5934 ministrabant
1503 5871 1571 5928 ei.

1691 4658 1924 4714 unquam
1969 4641 2210 4711 o/I‘endas
2254 4640 2323 4696 ad
2375 4639 2606 4711 lapidem
2656 4641 2840 4711 pedem
2878 4651 3047 4696 tuum.
3075 4640 3181 4698 Sed
3220 4643 3277 4699 in

1689 4735 1806 4807 ipsa
1854 4749 1953 4791 sua
2009 4735 2308 4790 teutatioue
2349 4749 2382 4789 a
2433 4732 2652 4790 Christo
2696 4741 3005 4804 superatur,
3052 4749 3175 4790 cum
3224 4736 3277 4793 ci

1688 4830 1892 4886 dicitur
1925 4847 1940 4884 :
1971 4827 2098 4884 Non
2137 4827 2359 4884 tentabis
2393 4825 2681 4882 Dominum
2722 4825 2890 4882 Deum
2921 4836 3088 4882 tuum.
3123 4828 3201 4884 Ac
3227 4829 3275 4885 si

1693 4922 1940 4979 diceret:
1973 4919 2089 4976 Non
2134 4929 2218 4989 est
2251 4919 2394 4975 Deus
2423 4918 2736 4984 tentandus,
2781 4933 2906 4974 cum
2948 4919 3014 4974 de
3064 4920 3276 4978 ratione

1687 5015 1952 5072 habemus
1993 5013 2122 5086 quid
2161 5013 2445 5068 faciamus.
2503 5011 2675 5068 Porro
2701 5027 2823 5068 cum
2862 5010 3113 5068 diabolus
3167 5014 3274 5069 hac

1685 5106 1959 5181 praecipue
1986 5105 2293 5161 intentione
2327 5103 2605 5161 Christum
2628 5111 2888 5170 tentaret,
2919 5115 2978 5160 ut
3012 5106 3274 5163 tentando

1687 5216 1758 5256 an
1787 5199 1957 5256 Filius
1986 5199 2085 5256 Dei
2115 5205 2262 5254 esset
2293 5197 2460 5270 (quod
2506 5197 2744 5252 maxime
2788 5197 2928 5254 scire
2972 5199 3272 5271 cupiebat),

1687 5291 2022 5363 exploraret,
2071 5288 2337 5345 Dominus
2401 5289 2475 5345 ita
2519 5287 2636 5358 ejus
2671 5291 2996 5349 tentationes
3047 5308 3276 5365 respon-

1687 5384 1864 5442 dendo
1893 5392 2140 5456 superat,
2191 5391 2252 5438 ut
2297 5397 2424 5440 eum
2464 5397 2679 5454 semper
2709 5383 2932 5439 dubium
2979 5384 3267 5456 relinquat.

1687 5477 1802 5534 Non
1828 5478 1974 5534 enim
2001 5477 2099 5544 ait,
2127 5491 2215 5533 me
2237 5475 2491 5532 adorabis
2515 5475 2598 5531 vel
2633 5491 2720 5531 me
2748 5492 2854 5532 non
2886 5479 3140 5543 tentabis,
3173 5478 3270 5534 sed

1689 5580 1899 5628 tantum
1937 5571 1990 5626 in
2021 5570 2182 5626 tertia
2213 5585 2447 5640 persona
2492 5568 2802 5625 testimonia
2853 5568 2986 5640 legis
3035 5567 3267 5624 induxit.

1687 5665 1782 5721 Sic
1812 5664 1976 5735 igitur
2004 5662 2250 5719 diabolus
2279 5661 2456 5718 vietus
2479 5670 2536 5718 et
2566 5660 2826 5717 confusus
2853 5660 3007 5732 fugit.
3056 5659 3123 5715 Et
3154 5677 3270 5716 ecce

1683 5758 1857 5820 anaeli
1883 5757 2184 5817 accedentes
2213 5757 2282 5816 ad
2303 5753 2572 5823 Christum
2605 5753 2742 5828 (55),
2783 5753 3153 5820 ministrabant
3195 5756 3266 5816 ei.
