3822 6316
556 384 580 439 I
593 381 695 440 795

1516 379 1857 440 ADDENDA.
1899 410 1968 423 —
1997 372 2350 434 RADULPHI
2389 370 2742 452 ARDENTIS
3623 385 3702 444 ,πθ

551 503 705 572 Quod
730 502 973 559 victoriae
993 502 1205 575 signum
1229 509 1312 559 est
1332 500 1490 558 simul
1514 511 1566 557 et
1586 502 1825 556 deitatis.
1851 498 1932 555 Ob
1956 514 2139 556 exem-
2167 507 2214 564 Λ
2251 513 2407 554 nere.
2436 497 2702 554 Debemus
2746 496 2933 565 etiam,
2967 494 3167 551 fratres
3196 497 3318 566 mei,
3352 500 3593 554 secundum
3625 502 3699 562 init,

554 597 702 668 plum
732 593 900 652 "etiam
933 596 1182 668 jejunare
1207 605 1262 650 et
1301 595 1499 651 tentari
1555 593 1727 648 voluit
1754 593 2025 656 Christus,
2084 600 2143 644 nt

554 689 811 744 videlicet
843 689 1093 758 exemplo
1127 702 1224 742 suo
1270 687 1544 756 quomodo
1598 685 1864 755 jejunare,
1914 693 1968 736 et
2006 697 2140 753 quo-

550 783 714 837 modo
745 781 1140 836 tentationibus
1171 781 1423 834 resistere
1454 778 1733 844 debemus,
1760 787 2144 847 prmmonstra-

551 879 661 928 ret.
691 870 803 928 Nec
837 873 890 927 in
919 872 1180 926 faciendis
1208 871 1379 924 solum
1424 870 1680 924 instruxit
1709 883 1828 934 nos,
1857 870 1951 923 seti
1990 875 2044 922 et
2089 868 2141 922 in

548 966 744 1021 ordine
795 965 1192 1021 faciendorum.
1248 965 1432 1019 Primo
1487 965 1688 1034 quippe
1730 964 2038 1033 baptizatur
2084 963 2136 1016 in

553 1057 781 1127 Spiritu,
816 1066 872 1112 et
897 1073 1018 1111 mox
1050 1072 1077 1110 a
1109 1055 1313 1127 Spiritu
1343 1055 1557 1109 dtu-itur
1587 1055 1638 1108 in
1669 1055 1964 1110 desertmn.
1997 1053 2146 1124 Jeju-

552 1160 646 1205 nat
668 1191 682 1216 ,
714 1152 906 1211 esurit,
945 1157 1208 1214 tentatur,
1237 1156 1456 1218 superat
1493 1155 1549 1200 et
1578 1147 1921 1201 ministratur
1940 1146 2008 1200 ei.
2037 1145 2144 1201 Nos

550 1256 810 1309 quoque,
865 1240 1061 1294 fratres
1105 1240 1438 1304 charissimi,
1493 1247 1783 1308 sequentes
1835 1237 2143 1308 exemplum

552 1331 851 1385 Salvatoris
889 1331 1083 1396 nostri,
1117 1332 1162 1384 si
1209 1347 1344 1401 pure
1376 1330 1625 1398 jejnnare
1679 1329 1950 1393 volumus,
1994 1330 2144 1398 prius

553 1421 607 1476 in
639 1423 830 1493 spiritu
873 1423 1232 1493 baptizemur.
1261 1423 1365 1476 Sed
1395 1423 1654 1492 quoniam
1689 1437 1787 1476 nos
1812 1431 1934 1490 post
1969 1420 2143 1490 baptio

553 1531 730 1571 sutum
782 1516 939 1585 lapsi,
1011 1517 1206 1571 iterum
1270 1516 1599 1586 rebaptiaari
1645 1529 1752 1568 non
1818 1529 2141 1583 possumus,

551 1609 743 1666 saltem
776 1610 858 1666 vel
887 1625 984 1679 per
1027 1609 1437 1680 paenitentiam,
1487 1624 1610 1678 qua!
1661 1617 1748 1666 est
1799 1607 1853 1662 in
1899 1607 2143 1663 Ecclesia

553 1699 854 1766 lavacrum,
887 1701 1245 1756 emundentur
1275 1699 1432 1768 juxta
1467 1699 1599 1753 illud
1626 1698 1778 1753 Isaiae
1804 1716 1816 1751 :
1845 1696 2141 1764 Lavamini,

553 1793 737 1848 nmndi
759 1801 945 1859 estote,
970 1792 1177 1862 auferte
1200 1791 1398 1846 malum
1439 1792 1815 1861 cogitationum
1852 1799 2141 1845 vestrarum

2248 595 2588 650 sanetillearc
2610 594 2874 664 jejunium
2900 591 3063 664 (Joel.
3088 607 3125 655 ι,
3158 592 3241 663 ιι),
3267 595 3396 663 quod
3422 596 3571 665 utique
3599 600 3701 671 lllp-ct

2246 703 2409 759 opera
2465 689 2682 758 pictatis
2725 699 2782 743 et
2845 688 3257 742 misericordiae.
3305 687 3599 760 Eieemnsyna
3635 711 3700 751 rem

2246 781 2364 835 sine
2386 779 2595 850 jejunio
2626 780 2801 842 valet;
2849 779 3115 851 jejunium
3163 795 3290 833 vero
3323 781 3430 834 sine
3475 782 3702 855 θξθρωοεξω

2248 887 2353 926 non
2391 872 2553 926 valet.
2592 871 2748 927 Unde
2779 871 3040 926 Dominus
3068 886 3165 940 per
3192 871 3486 940 pmphetam
3514 890 3525 924 :
3561 871 3704 946 Cttmje-

2237 966 2468 1034 junatis,
2499 966 2735 1033 nunquid
2766 967 2893 1019 mihi
2923 963 3233 1036 jejunatis.’
3265 964 3326 1017 Et
3350 981 3456 1017 cum
3478 971 3706 1025 manducau-

2248 1057 2343 1110 stis
2368 1066 2416 1109 et
2449 1056 2672 1124 bibistis,
2706 1072 2878 1110 nonne
2904 1056 3156 1109 vobismet
3185 1053 3556 1109 mandarat-istis
3582 1069 3614 1110 et
3633 1063 3705 1113 illi.

2245 1148 2341 1200 stis
2361 1146 2387 1200 .9
2416 1145 2610 1216 (Zaeh.
2640 1147 2762 1214 vn.)
2789 1145 2905 1201 Sibi
2937 1154 2992 1199 ct
3022 1159 3130 1199 non
3161 1145 3271 1200 Deo
3292 1143 3500 1213 jejunat,
3528 1157 3568 1218 et
3592 1151 3654 1204 sibi
3679 1165 3706 1209 ει

2248 1253 2355 1294 non
2390 1239 2498 1293 Deo
2525 1241 2818 1293 manducat
2856 1246 2910 1292 et
2940 1238 3093 1302 bibit,
3121 1237 3213 1306 qui
3243 1235 3380 1305 quod
3411 1237 3706 1304 jejuuandosihi
3778 1269 3779 1290 i

2247 1332 2540 1396 subtrahit,
2598 1347 2705 1386 non
2760 1330 3093 1401 Pauperibus
3125 1339 3334 1398 erogat,
3378 1327 3461 1382 sed
3499 1329 3576 1384 sibi
3607 1338 3708 1402 perci-

2246 1425 2502 1492 piendum
2535 1433 2798 1480 reservat.
2832 1423 2942 1479 Nos
2971 1437 3123 1496 ergo,
3155 1423 3350 1477 fratres
3375 1423 3488 1488 mei,
3511 1439 3600 1478 cum
3629 1426 3708 1496 jrjq.

2245 1532 2455 1580 namus,
2491 1516 2601 1571 Deo
2637 1531 2742 1570 non
2793 1515 2950 1571 nobis
2989 1514 3322 1585 jejunemus.
3367 1513 3484 1580 Qua:
3507 1516 3708 1574 nobissub

2246 1613 2530 1676 trahimus,
2553 1612 2880 1682 pauperibus
2897 1610 3227 1676 tribuamus,
3245 1610 3313 1664 ad
3336 1624 3546 1666 mensam
3559 1622 3707 1672 nostram

2249 1706 2533 1761 Christum
2595 1706 2647 1759 ln
2705 1704 3706 1775 pauperibuS'reciplamus,nudostestia-

2243 1813 2386 1857 mus.
2423 1797 2673 1852 infirmos
2702 1797 3007 1860 visitemns,
3035 1798 3283 1868 captivos
3310 1798 3609 1862 redimamus,
3630 1800 3710 1854 sicut

553 1882 616 1934 ab
669 1883 835 1936 oculis
878 1884 1033 1949 ineis,
1065 1883 1319 1952 quiest-ite
1349 1898 1503 1952 agere
1554 1897 1813 1950 perverse,
1865 1891 1914 1936 et
1958 1883 2144 1937 discite
2175 1879 2216 1938 Β
2250 1887 2508 1942 Dominus
2537 1896 2722 1943 monet
2769 1903 2866 1958 per
2913 1887 3110 1943 Isaiam
3156 1904 3170 1942 :
3216 1887 3446 1952 Dimitte,
3493 1889 3634 1959 inquit,
3663 1909 3710 1947 ea
3778 1919 3779 1924 η

555 1972 1029 2045 benefacereUsai.
1059 1974 1120 2045 ι).
1141 1974 1468 2028 Pcenitentia
1487 1975 1629 2027 enim
1658 1973 1963 2044 prmcedere
1986 1975 2144 2029 debet

553 2063 836 2135 jejunium,
863 2069 977 2121 sine
998 2082 1122 2137 quia,
1152 2082 1250 2120 nec
1267 2067 1554 2136 jejunium,
1575 2081 1674 2121 nec
1696 2066 1915 2134 aliquod
1943 2066 2140 2120 bonum

555 2158 768 2228 placere
797 2169 997 2228 potest.
1034 2159 1099 2214 Ut
1126 2174 1257 2229 ergo
1283 2159 1395 2213 Deo
1416 2167 1662 2213 nostrum
1710 2159 1881 2227 possit
1924 2157 2144 2228 placere

555 2249 842 2319 jejunium,
870 2266 994 2304 mox
1030 2251 1080 2304 in
1110 2251 1376 2321 principio
1420 2250 1879 2322 Quadragesimae,
1919 2250 2145 2305 festiue-

556 2357 680 2396 mus
727 2341 796 2400 ad
854 2342 1128 2396 lavacrum
1183 2342 1538 2412 poenitentiae.
1590 2342 1832 2397 Muudati
1873 2358 2004 2397 vero
2047 2356 2144 2412 per

558 2434 901 2504 pauitantia:
925 2435 1204 2504 spiritum,
1249 2452 1357 2490 non
1404 2449 1501 2506 per
1545 2451 1661 2499 nos,
1706 2436 1799 2490 sed
1856 2435 1911 2489 in
1960 2437 2143 2505 seipso

553 2527 689 2579 (luce
711 2525 916 2595 Spiritu
949 2527 1292 2580 ducamuriu
1313 2526 1610 2591 desertum,
1651 2525 1702 2579 id
1746 2532 1830 2580 est
1875 2526 1926 2579 in
1971 2527 2140 2580 vitam

556 2618 852 2688 religionis.
879 2618 1010 2686 Quae
1038 2621 1194 2686 bene,
1223 2621 1441 2686 fratres,
1467 2621 1668 2676 dicitur
1689 2622 1987 2682 desertum,
2025 2632 2142 2676 tum

555 2714 680 2780 quia
723 2729 753 2767 a
799 2714 984 2769 multis
1021 2715 1314 2779 deseritur,
1348 2725 1402 2770 et
1456 2729 1486 2770 a
1531 2715 1718 2785 paucis
1758 2715 1975 2778 colitur,
2025 2723 2137 2769 tum

553 2806 678 2875 quia
719 2821 826 2859 non
863 2807 1031 2863 habet
1071 2807 1231 2861 luxus
1267 2817 1322 2861 et
1367 2807 1609 2861 luxurias
1649 2807 2003 2878 voluptatum,
2045 2805 2142 2862 sed

553 2900 798 2967 sequitur
820 2901 1168 2969 asperitatem
1203 2901 1487 2964 virtutum,
1527 2903 1752 2956 tendens
1799 2917 2014 2956 sursum
2045 2916 2144 2971 per

555 2990 780 3044 arduum
817 2993 961 3046 viam
992 3001 1046 3046 et
1095 3002 1404 3063 angustam.
1458 2993 1514 3047 In
1559 2994 1661 3048 lioe
1703 2993 1887 3065 igitur,
1946 2993 2141 3051 fratres

556 3081 891 3148 charissimi,
918 3085 1149 3146 deserto,
1175 3082 1484 3153 jejunemus
1517 3084 1880 3156 quadraginta
1925 3085 2138 3152 diebus,

555 3173 612 3230 id
655 3184 739 3230 est
774 3191 872 3246 per
897 3186 1067 3230 totam
1108 3177 1252 3231 hanc
1289 3176 1454 3231 vitam
1498 3188 1842 3248 praesentem,
1883 3193 2003 3249 quae
2044 3195 2142 3250 per

2249 1980 2337 2049 qui
2396 1979 2655 2049 confracti
2709 1990 2828 2035 sunt
2888 1979 3114 2044 liberos,
3173 1989 3221 2032 et
3289 1995 3434 2034 omne
3501 1997 3598 2035 onus
3640 1985 3705 2037 dit-

2247 2087 2446 2140 rumpe.
2477 2069 2688 2141 Frange
2721 2073 2969 2127 esurienti
3013 2087 3206 2142 panem
3241 2079 3407 2138 tuum,
3446 2082 3487 2126 et
3510 2091 3711 2144 egenom-
3778 2111 3779 2116 η

2245 2178 2436 2231 gosque
2464 2163 2622 2216 induc
2648 2163 2701 2216 in
2724 2163 2939 2218 domum
2970 2175 3116 2218 tuam
3159 2183 3172 2219 :
3205 2164 3339 2218 Cum
3384 2167 3548 2219 rideri:
3576 2170 3711 2232 nudae,

2247 2255 2393 2323 operi
2416 2271 2558 2316 eum,
2589 2264 2637 2308 et
2661 2271 2872 2309 carnem
2892 2263 3039 2310 tuam
3072 2269 3136 2311 ne
3157 2258 3446 2323 despexeris
3465 2257 3588 2330 (ltiti.
3605 2263 3712 2329 tun).

2248 2343 2470 2398 Esurire
2521 2359 2739 2415 quoque
2791 2343 2858 2400 ad
2915 2347 3233 2418 exemplum
3282 2348 3480 2403 Domini
3524 2351 3713 2415 debemus,

2246 2437 2444 2492 fratres
2488 2439 2824 2505 charissimi,
2855 2447 2910 2494 et
2960 2441 3326 2510 corporaliter
3362 2451 3414 2496 et
3453 2441 3713 2511 spiritualilu.
3778 2511 3779 2514 η

2244 2526 2612 2596 Corporaliter
2637 2531 2846 2586 esurire
2875 2532 3155 2596 debemus,
3182 2543 3242 2586 ut
3270 2531 3499 2587 videlicet
3534 2549 3612 2587 non
3635 2550 3717 2602 pre-
3778 2515 3779 2518 η

2245 2619 2526 2673 veniamus
2558 2621 2814 2685 esuriem,
2848 2637 2950 2678 nec
2979 2625 3031 2677 in
3069 2622 3351 2678 fastidium
3391 2633 3630 2688 vertamus,
3653 2641 3712 2680 ne:

2249 2709 2389 2764 ultra
2437 2712 2659 2766 modum
2715 2715 3092 2770 extendamus.
3143 2715 3405 2782 Esuriem,
3449 2716 3608 2772 fratres
3633 2719 3711 2784 nisi,

2242 2805 2546 2874 pmvenire
2569 2820 2675 2860 non
2699 2806 2982 2873 debemus,
3008 2808 3153 2879 quod
3182 2807 3405 2875 faciunt,
3426 2812 3718 2880 quicomcdnnt

2245 2903 2538 2964 antequam
2583 2897 2868 2963 esuriant,
2923 2901 3016 2969 qui
3067 2900 3269 2955 horam
3321 2903 3586 2957 canonicam
3625 2918 3720 2957 com-
3778 2897 3779 2969 ᾗ

2244 2987 2436 3042 edendi
2484 3005 2590 3044 non
2635 3000 2976 3062 exspectant.
3035 2993 3114 3047 De
3165 3010 3276 3065 quo
3330 2994 3453 3052 vitio
3497 2998 3720 3066 repullulat

2245 3077 2411 3143 Esau,
2451 3080 2544 3149 qui
2595 3081 2868 3136 modicum
2921 3083 3121 3137 esuriei
3179 3083 3326 3140 ferre
3368 3101 3464 3141 non
3495 3088 3649 3150 valens,
3679 3089 3721 3141 ob

2247 3171 2516 3226 modicum
2548 3171 2816 3228 lenticula:
2847 3189 2999 3230 suam
3047 3176 3289 3232 vendidit
3327 3180 3716 3251 primogenitum.

555 3231 792 3340 quatuor
831 3279 1075 3339 tempora
1128 3270 1456 3342 proteletur.
1498 3231 1778 3340 .Jejnnitttn
1822 3231 2003 3327 aulem
2045 3231 2136 3328 lest

2248 3261 2357 3318 Nos
2375 3278 2526 3329 vero,
2544 3263 2760 3332 fratres,
2778 3265 3013 3322 esuriem
3037 3268 3270 3324 viriliter
3291 3280 3549 3340 portemus,
3566 3285 3640 3324 nec
3657 3271 3719 3324 nisi

554 3371 662 3418 tam
695 3362 976 3433 spirituale
1009 3377 1172 3431 quam
1203 3363 1504 3432 corporale.
1539 3362 1834 3432 Spirituale
1869 3363 2141 3433 jejunium

553 3453 906 3524 estjejunare
938 3470 966 3508 a
996 3464 1250 3524 peccato;
1284 3455 1564 3525 corporale
1580 3455 1868 3526 jejunium,
1899 3467 1980 3512 est
2021 3458 2146 3512 abs-

556 3552 729 3604 tinere
764 3566 793 3602 a
830 3549 973 3603 cibo.
1027 3547 1199 3604 Porro
1237 3549 1520 3618 spiritualc
1557 3549 1822 3620 jejunium
1857 3552 1975 3606 sine
2022 3565 2145 3605 cor-

553 3642 726 3714 porali
756 3657 974 3711 semper
1002 3642 1146 3697 valet
1179 3660 1193 3697 :
1219 3643 1514 3712 Corporale
1538 3658 1667 3698 vero
1707 3644 1814 3698 fine
1846 3645 2141 3714 spirituali,

554 3749 832 3803 nunquam
866 3733 1028 3788 valet.
1078 3733 1230 3790 Unde
1270 3734 1531 3789 Dominus
1570 3750 1666 3806 per
1699 3735 1890 3790 Isaiam
1928 3754 1939 3788 :
1987 3736 2145 3802 Quod

554 3834 658 3894 est,
698 3827 898 3896 inquit,
929 3826 1195 3898 jejunium
1231 3829 1372 3897 quod
1401 3827 1572 3898 elegi?
1600 3825 1860 3898 Nunquid
1891 3839 2143 3898 tanquam

554 3921 806 3975 circulum
837 3931 1174 3992 contorquere
1199 3930 1354 3991 caput
1382 3937 1559 3985 suum,
1599 3931 1648 3974 et
1671 3938 1884 3974 suerunt
1925 3931 1972 3974 et
2005 3923 2142 3974 ciue-

556 4031 664 4068 rent
707 4015 971 4070 sternere?
1024 4012 1214 4068 Nonne
1253 4014 1348 4068 hoc
1393 4024 1465 4068 est
1502 4013 1770 4084 jejunium
1814 4015 1950 4084 quod
1984 4014 2137 4083 elegi,

559 4109 686 4162 dicit
712 4107 1009 4163 Dominus?
1033 4106 1266 4161 Dissolve
1288 4105 1645 4176 colligationes
1669 4107 1974 4176 impietatis,
2008 4122 2142 4175 pone

555 4201 836 4272 fasciculos
867 4201 1208 4270 deprimentes
1235 4201 1388 4273 (Isni.
1415 4202 1589 4270 Lvtn).
1613 4199 1924 4272 Jejnncmus
1954 4202 2138 4274 igitur,

557 4293 782 4357 fratres,
818 4293 1125 4362 dupliciter,
1160 4304 1213 4347 et
1243 4309 1270 4347 a
1305 4305 1527 4364 peccato
1559 4294 1611 4348 in
1648 4303 1848 4359 mente,
1881 4303 1932 4349 et
1960 4310 1989 4348 a
2013 4296 2135 4350 cibo

557 4387 610 4441 in
636 4402 882 4456 corpore.
916 4386 1136 4451 Verum,
1163 4384 1381 4452 fratres,
1408 4387 1563 4442 nobis
1586 4387 1678 4460 qui
1710 4403 1804 4458 per
1837 4387 2002 4443 multa
2031 4386 2143 4442 illi-

555 4480 660 4536 cita
693 4478 1038 4544 offendimus,
1075 4494 1180 4533 non
1204 4477 1401 4534 sufiicit
1435 4480 1537 4534 nisi
1569 4481 1734 4535 etiam
1759 4497 1786 4535 a
1814 4481 2139 4551 quibusdam

555 4571 718 4626 licitis
750 4571 1139 4626 abstineamus.

626 4667 808 4738 Itaque
840 4676 896 4721 ut
919 4681 1015 4738 per
1040 4664 1425 4721 abstinentiam
1464 4679 1492 4718 a
1531 4665 1694 4721 licitis
1727 4667 2028 4738 expiemus,
2069 4683 2133 4724 ea

554 4775 674 4831 quin
705 4759 1078 4814 commisimus
1104 4757 1157 4811 in
1210 4756 1415 4811 illicitis
1445 4757 1718 4822 omnibus,
1765 4758 1860 4812 sed
1908 4758 2069 4813 etiam
2105 4776 2137 4816 a

557 4853 720 4908 licitis
749 4852 1070 4922 quibusdam
1088 4849 1415 4922 jejunemus,
1469 4857 1547 4911 ut,
1581 4863 1702 4902 cum
1753 4849 1916 4904 liceat
1972 4853 2129 4908 nobis

553 4947 714 5003 edere
745 4946 939 5017 pisces,
963 4945 1149 4999 bibere
1169 4943 1378 5008 vinum,
1403 4941 1635 4996 molliter
1661 4941 1811 4998 indui
1850 4955 1903 4999 et
1927 4944 2134 5013 jacere,

557 5038 948 5092 abstineamus.
978 5034 1046 5089 Et
1072 5031 1214 5102 quod
1243 5033 1315 5085 ita
1346 5033 1524 5086 facere
1557 5032 1872 5103 debeamus,
1901 5037 2138 5092 ostendit

559 5129 837 5195 Dominus,
872 5129 962 5197 qui
998 5125 1307 5198 jejunantes
1339 5125 1632 5192 lsraelitas,
1687 5143 1792 5184 non
1845 5128 2019 5184 solum
2069 5130 2136 5185 de

557 5219 783 5285 illicitis,
821 5219 916 5273 sed
946 5218 1112 5273 etiam
1141 5218 1208 5272 de
1245 5217 1566 5287 quibusdam
1593 5219 1759 5276 licitis
1790 5221 2138 5291 reprehendit

554 5329 650 5385 per
673 5313 887 5380 Isaiam,
917 5311 1142 5366 dicens:
1172 5310 1237 5366 In
1271 5310 1453 5365 diebus
1478 5311 1807 5382 jejuniorum
1846 5323 2134 5368 vestrorum

553 5405 891 5462 inveniuntur
919 5402 1210 5460 voluntates
1262 5413 1466 5458 uestrae.
1517 5403 1654 5458 Ecce
1685 5404 1753 5458 ad
1789 5405 1908 5460 lites
1933 5416 1980 5460 et
2011 5423 2135 5461 cons

553 5501 805 5556 tentiones
847 5497 1143 5569 jejuuat-is,
1198 5506 1246 5552 et
1311 5497 1583 5568 percutitis
1629 5514 1802 5568 pugno
1854 5500 2030 5568 impie,
2085 5508 2137 5555 et

554 5613 729 5654 omnes
750 5595 1007 5650 debitores
1037 5602 1230 5648 vestros
1268 5595 1497 5663 repetitis
1524 5591 1739 5664 (lbid.l.
1774 5593 1913 5648 Ecce
1958 5597 2138 5666 arguit

552 5706 647 5747 eos
668 5691 734 5746 de
754 5690 855 5746 hoc
877 5687 1020 5760 quod
1050 5687 1320 5743 debitores
1342 5701 1469 5742 suos
1501 5687 1834 5756 repetebant,
1863 5703 1970 5742 non
1993 5688 2136 5758 quod

555 5785 659 5840 hoc
691 5799 797 5840 non
831 5784 902 5839 sit
929 5782 1162 5847 licitum,
1196 5781 1290 5836 sed
1318 5781 1444 5850 quia
1473 5780 1564 5850 qui
1593 5779 1710 5834 vult
1747 5779 1885 5835 bene
1924 5780 2138 5849 jejuna-

559 5892 636 5943 re,
665 5877 822 5933 debet
845 5876 1010 5932 etiam
1046 5890 1076 5931 a
1119 5873 1289 5951 licito,
1319 5882 1372 5928 et
1400 5889 1428 5927 a
1463 5871 1783 5943 quibusdam
1823 5871 1944 5928 aliis
1971 5873 2137 5928 absti-

2167 4587 2220 4647 D

2248 3355 2304 3410 in
2340 3369 2484 3411 nona
2517 3357 2599 3412 vel
2627 3367 2750 3428 post
2786 3373 2981 3414 nonam
3007 3375 3204 3430 panem
3253 3363 3607 3418 inauducemus.
3631 3362 3719 3415 Rur-

2248 3465 2340 3507 sus
2367 3465 2466 3506 nec
2495 3453 2731 3507 esuriem
2761 3453 2814 3507 in
2838 3451 3116 3508 fastidiunt
3141 3464 3424 3519 vertamus,
3449 3459 3566 3528 quod
3586 3456 3722 3510 iaciunt

2247 3543 2338 3611 qui
2367 3543 2496 3598 viles
2526 3545 2676 3600 cibos
2705 3545 2994 3616 fugientes,
3045 3546 3321 3604 deliciosis
3357 3559 3405 3603 et
3431 3549 3719 3620 exquisitiss-

2247 3634 2348 3697 bis,
2385 3635 2466 3689 vel
2497 3636 2542 3689 si
2576 3637 2675 3691 hos
2727 3653 2834 3692 non
2868 3639 3197 3706 invenerint,
3253 3641 3508 3694 vilioribus
3545 3648 3719 3694 accurate

2245 3734 2300 3780 et
2343 3727 2598 3783 deliciose
2639 3730 2867 3799 paratis,
2945 3730 3084 3800 gula:
3120 3731 3244 3802 plus
3287 3731 3581 3786 satisfaciunt
3612 3746 3719 3798 quam

2247 3828 2476 3875 natura.
2507 3819 2587 3874 0b
2624 3819 2858 3890 primum
2896 3822 3086 3875 vitium
3137 3824 3482 3894 reprobentur
3520 3822 3720 3883 lsnelia,

2246 3916 2339 3983 qui
2373 3913 2711 3970 fastidientes
2739 3929 2959 3980 manna,
2996 3930 3193 3972 carnes
3233 3919 3372 3972 ntalo
3390 3933 3476 3972 suo
3501 3915 3719 3987 postulare-

2247 4013 2390 4059 ruut.
2440 4004 2522 4061 0b
2573 4008 2871 4062 secundum
2917 4021 3048 4063 vero
3086 4010 3315 4075 vitium,
3361 4012 3626 4064 damnantur
3661 4007 3719 4058 filii

2245 4097 2386 4164 Heli,
2417 4099 2510 4168 qui
2557 4115 2876 4156 communes
2919 4115 3118 4157 carnes
3167 4105 3414 4160 sacriﬁcii
3455 4103 3717 4161 fastidit-stes.

2245 4203 2504 4246 accurate
2529 4191 2632 4245 sibi
2663 4192 2918 4247 deorsum
2947 4196 3333 4261 procurabant.
3362 4197 3423 4250 At
3454 4211 3549 4261 nos,
3571 4195 3715 4248 fratres.

2245 4297 2461 4353 semper
2489 4284 2564 4338 ita
2598 4286 2925 4351 esuriamus,
2962 4295 3022 4341 nt
3068 4288 3202 4343 viles
3233 4289 3381 4345 cibos
3421 4305 3512 4344 non
3555 4289 3718 4341 fastidi:-

2245 4392 2386 4439 mus,
2418 4378 2513 4432 sed
2537 4378 2690 4432 cibos
2725 4379 2860 4433 viles
2888 4387 2942 4434 et
2977 4381 3210 4435 viriliter
3238 4392 3463 4452 paratos,
3491 4382 3604 4451 quasi
3631 4376 3715 4429 deﬁ-

2244 4470 2360 4526 cias
2385 4471 2763 4526 comedamus.
2799 4470 3012 4528 Rursus
3034 4488 3135 4529 nec
3165 4477 3395 4529 esuriem
3421 4484 3604 4530 nostrain
3624 4471 3714 4522 uizn

2245 4564 2466 4618 modum
2506 4563 2923 4633 protendamus;
2956 4567 3100 4635 quod
3129 4569 3336 4622 faciunt
3357 4568 3423 4622 illi
3445 4569 3519 4637 qui
3542 4567 3636 4620 illius
3664 4563 3714 4614 rei

2246 4666 2356 4711 tres
2367 4657 2482 4711 dies
2507 4657 2623 4710 sine
2641 4657 2761 4712 cibo
2775 4667 3080 4723 manentes,
3108 4661 3324 4715 tandem
3344 4662 3537 4715 nimium
3549 4656 3714 4713 esuries

2245 4757 2324 4804 tes
2346 4750 2567 4803 nimiam
2594 4751 2810 4819 rapiunt
2831 4749 3279 4822 refectionem,’,iu
3304 4749 3713 4823 utraquenimietu

2243 4852 2529 4912 peccantes
2560 4843 2784 4912 pariter.
2819 4844 2972 4910 Quod
3002 4859 3120 4911 nos,
3153 4846 3481 4912 eharissimi,
3505 4844 3711 4898 devium:

2241 4937 2480 5008 quotidie
2509 4952 2696 5006 parum
2737 4935 3116 5006 cuinedamus,
3158 4941 3287 5008 quia
3313 4938 3501 5008 Intelius
3531 4948 3588 4990 εει
3619 4947 3710 5001 ψιθ-

2245 5028 2374 5084 tidie
2430 5044 2621 5098 parum
2665 5045 2827 5099 quant
2874 5044 2998 5084 raro
3040 5031 3270 5086 nimium
3333 5032 3604 5087 manducare.
3658 5024 3708 5076 lli

2241 5120 2406 5193 igitur
2417 5125 2636 5178 comedo
2647 5138 2788 5188 mus,
2803 5132 2860 5176 ut
2881 5138 3096 5193 semper
3112 5126 3430 5191 esuriamus,
3448 5135 3492 5180 et
3503 5123 3554 5176 ita
3565 5129 3707 5185 semp?!

2243 5216 2568 5284 esuriamus,
2596 5219 2736 5287 quod
2767 5219 3006 5287 quotidie
3049 5234 3242 5288 parum
3271 5219 3574 5274 comedamus.
3601 5205 3706 5277 Quid

2241 5310 2430 5380 utique
2451 5309 2716 5381 jejunium
2741 5321 2890 5367 tanto
2913 5323 2993 5366 est
3020 5314 3283 5376 sanctius,
3309 5322 3487 5383 quanto
3507 5307 3614 5363 habet
3629 5317 3704 5355 ta»!-

2241 5407 2324 5476 gis
2355 5406 2742 5477 temperantiae,
2781 5415 2835 5462 et
2861 5421 3014 5462 vanae
3039 5405 3226 5478 gloria:
3243 5408 3428 5461 minus.
3451 5397 3705 5474 Spiritnaiilﬂ‘

2240 5498 2406 5552 etiam
2428 5497 2636 5552 esurire
2659 5499 2916 5553 debemus
2937 5499 3026 5553 illa
3044 5500 3518 5570 utiqueiameqnam
3531 5492 3701 5548 licinius;

2241 5591 2490 5662 promisit
2501 5607 2558 5648 se
2572 5594 2860 5648 missurum
2875 5594 2928 5648 in
2942 5602 3171 5663 terram,
3185 5594 3374 5651 famem
3387 5591 3546 5649 scilicet
3557 5598 3624 5640 non
3645 5596 3700 5648 ξω-

2241 5686 2348 5750 nis,
2367 5702 2472 5741 non
2491 5687 2622 5753 vini,
2646 5687 2738 5742 sed
2764 5687 2956 5744 famem
2976 5688 3125 5744 verbi
3151 5691 3262 5757 Dei,
3280 5691 3340 5742 de
3359 5703 3446 5758 qua
3465 5685 3644 5737 Desinas
3662 5674 3697 5726 in

2243 5779 2755 5848 EvangeliozBeati,
2787 5782 3090 5854 iuquit,qui
3119 5785 3347 5837 esuriant
3381 5769 3698 5834 stridunt/IK?-

2245 5875 2397 5942 εἰσιν),
2423 5875 2672 5944 quoniam
2707 5874 3223 5943 ipsisaturabutuur
3259 5871 3523 5946 (Matth).
3551 5863 3691 5930 Ιιειὶατ
