3822 6316
124 355 235 414 1797

779 343 1083 403 HOMIle
1125 345 1195 406 IN
1219 346 1438 408 EPIST.
1480 349 1571 407 ET
1602 344 1853 406 EVANG.
1893 343 2194 404 DOMINIC.
2230 379 2301 390 —
2327 347 2508 406 PARS
2545 353 2584 406 1.

3200 352 3338 411 i798

121 461 711 531 fratresmei,esuriamus
726 459 950 512 verbum
977 458 1092 525 Dei,
1118 458 1358 523 lectioni,
1386 461 1641 527 orationi,
1674 467 1719 527 Α
1751 475 1847 517 nes
1877 462 1943 516 de
1969 461 2141 518 salute
2169 477 2288 528 sua,
2315 465 2408 519 sed
2439 465 2504 520 de
2527 473 2735 520 nostra.
2773 465 2829 522 In
2856 481 2964 538 quo
3004 470 3242 526 ostendit
3277 487 3338 528 se

117 573 310 620 etsacrte
329 555 602 625 Scripturac
620 548 952 606 meditationi
979 549 1135 604 avide
1152 549 1496 616 insistentes;
1524 565 1649 605 esu-

117 654 289 708 riamus
327 654 377 701 et
421 642 659 700 sitiamtis
695 640 960 712 justitiam
990 649 1044 695 et
1073 639 1160 695 hic
1183 654 1308 696 eam
1357 641 1514 697 avide
1563 658 1649 697 se-

117 736 316 807 ctanlcs,
342 746 391 792 et.
422 736 486 790 ad
509 733 620 803 ejus
651 733 882 787 futuram
908 734 959 786 in
988 731 1091 786 alia
1120 731 1231 787 vita
1259 733 1646 802 perfectionem

118 845 211 892 toto
258 828 506 886 desiderio
543 826 881 882 festinantes.
938 822 1160 878 Tentari
1191 826 1352 879 etiam
1393 826 1643 897 exemplo

118 925 285 982 Christi
313 937 405 976 nos
443 927 674 989 oportet,
723 917 923 972 fratres
955 917 1293 982 charissitni,
1346 933 1375 972 a
1409 918 1643 984 diabolo,

112 1021 182 1089 qui
199 1022 314 1071 bene
332 1014 700 1084 incipientibus
724 1012 922 1066 invidet
941 1020 993 1066 et
1007 1012 1242 1066 obsistit.
1267 1012 1464 1067 Contra
1485 1027 1647 1082 quem

112 1111 291 1179 sapiens
318 1120 406 1159 nos
435 1105 680 1159 hortatur
709 1117 723 1157 :
754 1101 881 1168 Fili,
924 1102 1120 1172 inquit,
1157 1102 1407 1157 accedens
1439 1103 1507 1155 ad
1541 1117 1650 1156 ser-

112 1206 285 1256 ritutem
314 1198 422 1264 Dei,
451 1214 688 1268 pra'para
739 1197 973 1251 animam
1017 1207 1162 1250 tuam
1202 1199 1270 1252 ad
1305 1198 1644 1251 tentationem

112 1292 270 1356 tEccli.
302 1292 378 1358 ιι).
409 1289 610 1360 Quippe
640 1289 887 1359 Iquandiu
913 1289 1128 1344 diabolo
1158 1305 1262 1344 non
1291 1290 1521 1353 resistis,
1551 1290 1650 1342 ob-

111 1388 270 1440 sistere
297 1399 393 1438 non
418 1391 592 1447 curat,
616 1380 709 1436 sed
750 1397 873 1436 cum
903 1381 1162 1436 resistere
1198 1380 1418 1450 incipis,
1459 1381 1643 1434 statim

113 1479 321 1532 absistit.
353 1476 592 1544 Qttaudiu
624 1475 768 1530 enim
801 1473 895 1528 filil
942 1473 1103 1528 Israel
1138 1474 1356 1528 fuerunt
1394 1474 1446 1527 in
1479 1471 1644 1542 Egy-

113 1579 186 1638 pto
212 1569 301 1623 sub
331 1566 630 1630 Pharaone,
664 1579 769 1618 non
819 1563 1071 1636 leguntur
1101 1565 1290 1618 tentati
1323 1562 1513 1628 fuisse,
1557 1561 1650 1616 sed

109 1677 163 1716 ex
183 1675 276 1731 quo
299 1660 634 1728 increperunt
659 1657 764 1710 iter
785 1671 881 1726 per
904 1671 1052 1710 tnare
1080 1654 1349 1720 Rubrum,
1376 1663 1652 1709 tentantur

109 1754 160 1808 de
192 1751 300 1821 gula
339 1765 454 1804 cum
486 1756 737 1818 quaerunt
788 1761 983 1802 carnes
1024 1746 1077 1800 in
1131 1747 1367 1812 deserto,
1413 1746 1467 1799 in
1506 1755 1649 1800 terra

1753 562 1811 608 ιιι
1877 569 2062 610 verum
2115 557 2453 624 magistrum,
2509 567 2562 611 et
2614 573 2800 614 verum
2852 572 3058 631 patrem
3109 574 3338 633 paterno

1753 645 1945 701 affectu
1983 647 2048 701 de
2079 657 2262 703 nostra
2291 649 2467 704 salute
2505 650 2795 706 sollicitum
2844 668 2983 708 esse.
3022 655 3195 723 Quem
3240 675 3338 714 nos

1752 756 1983 812 quoque,
2021 743 2329 798 citatissimi
2381 742 2602 808 fratres,
2639 746 2786 801 filiali
2837 748 3030 804 affectu
3078 752 3338 809 debemus

1752 833 1941 887 audire
1965 842 2020 888 et
2060 834 2279 889 imitari.
2323 835 2440 890 Non
2469 845 2650 891 autem
2685 838 2882 893 sufiicit
2912 854 3039 894 vero
3083 844 3220 912 patri
3251 860 3338 898 se-

1750 922 1855 976 mel
1886 922 2051 976 iilium
2101 924 2422 993 admonere,
2451 927 2544 980 sed
2579 936 2802 997 paterna
2838 929 3201 986 sollicitudine
3246 949 3339 988 ca'

1752 1011 1871 1066 dem
1900 1012 1948 1067 ei
1989 1014 2211 1068 reiterat
2239 1030 2402 1086 saepe.
2431 1015 2580 1071 Sicut
2607 1018 2722 1087 ipse
2746 1018 2869 1072 alibi
2903 1021 3033 1074 dicit
3068 1037 3081 1072 :
3115 1021 3336 1088 Eadem,

1752 1103 1962 1172 fratres,
1995 1116 2223 1175 repetere
2242 1109 2401 1172 vobis,
2427 1111 2554 1164 mihi
2574 1111 2784 1181 quidem
2811 1127 2913 1165 non
2941 1113 3169 1183 pigrum,
3199 1115 3340 1169 vobis

1751 1207 1923 1250 autem
1953 1200 2306 1254 necessarium
2337 1198 2565 1270 (Philip.
2609 1204 2716 1274 ιιι).
2748 1202 2886 1260 Hinc
2922 1213 3005 1259 est
3036 1221 3164 1273 ergo
3195 1209 3337 1277 quod

1753 1291 2222 1360 admonitionem,
2272 1309 2432 1363 quam
2487 1296 2637 1365 prius
2684 1295 2912 1364 fecerat,
2968 1300 3164 1369 repetit
3213 1315 3338 1356 cum

1754 1383 1942 1438 subdit
1975 1401 1988 1436 :
2020 1383 2087 1438 Ut
2112 1388 2548 1456 quemadmodum
2577 1390 2846 1459 accepistis
2876 1408 2908 1444 a
2939 1393 3086 1447 nobis
3110 1394 3338 1462 qualiter

1754 1483 1988 1543 oporteat
2021 1491 2110 1529 vos
2142 1476 2412 1531 ambulare
2453 1487 2504 1531 et
2523 1478 2756 1548 Eplacere,
2799 1481 2850 1534 id
2889 1490 2972 1536 est
3013 1483 3338 1539 ambulando

1753 1563 1966 1632 placere
1998 1565 2124 1629 Deo,
2160 1567 2235 1620 sic
2271 1577 2318 1620 et
2368 1568 2666 1635 ambuletis,
2723 1579 2783 1624 ut
2825 1571 3099 1627 abundetis
3144 1575 3337 1645 magis.

1754 1657 2050 1728 Comparat
2079 1669 2256 1712 autem
2299 1660 2385 1714 hic
2417 1661 2708 1732 Apostolus
2742 1663 2907 1718 vitam
2955 1665 3338 1722 ambulationi.

1756 1747 1857 1815 Qtti
1908 1749 2054 1803 enim
2088 1759 2237 1805 recte
2284 1750 2542 1815 ambulat,
2595 1753 2698 1806 tria
2751 1752 2898 1818 facit,
2942 1758 3192 1825 proponit
3239 1757 3340 1810 sibi

109 1842 477 1915 promissionis;
537 1840 606 1895 tle
662 1840 899 1905 luxuria,
955 1854 1079 1893 cum
1133 1838 1476 1893 fornicantur
1529 1854 1651 1892 cum
1683 1834 1728 1895 Β
1759 1847 1958 1893 metam
1982 1839 2048 1892 ad
2076 1854 2239 1908 quam
2268 1838 2507 1915 festinet,
2539 1841 2680 1895 viam
2720 1841 2910 1909 intrat,
2942 1855 3119 1897 movet
3147 1859 3205 1899 se
3248 1844 3334 1899 ad-

107 1923 407 1999 Iladiattitis;
433 1934 498 1988 de
521 1931 847 1997 idololatria,
867 1947 988 1986 cum
1015 1931 1282 1986 fabricant
1303 1931 1560 1997 vitulum;
1585 1931 1652 1987 de

109 2028 273 2097 gloria,
297 2042 412 2080 cum
434 2035 627 2096 petunt
650 2025 1012 2080 sacerdotium
1037 2033 1090 2078 et
1116 2025 1501 2095 principatum.
1530 2023 1656 2077 Ilaec

105 2121 274 2185 omnia,
300 2119 510 2174 fratres
541 2119 669 2180 mei.
696 2119 748 2172 in
784 2117 954 2186 figura
977 2117 1364 2186 contingebant
1391 2116 1514 2171 illis.
1547 2115 1654 2172 Nos

105 2226 307 2280 quoque,
331 2209 529 2265 fratres
554 2211 680 2274 mei,
708 2210 834 2262 dum
860 2208 1072 2263 diabolo
1099 2208 1389 2274 servimus,
1424 2223 1523 2264 nos
1548 2224 1652 2262 non

107 2313 269 2366 tentat,
301 2302 390 2357 sed
417 2317 542 2356 eum
575 2302 863 2371 incipimus
892 2304 960 2355 ab
1010 2315 1076 2355 eo
1125 2300 1426 2366 discedere,
1459 2311 1514 2356 et
1557 2315 1655 2372 per

103 2395 391 2464 baptismum
418 2395 774 2464 pmnitentitc,
801 2402 858 2448 et
873 2391 1140 2462 jejunium
1171 2393 1371 2447 deserti
1403 2393 1471 2448 ab
1498 2403 1657 2448 mter-

104 2503 204 2540 natn
234 2485 460 2555 patriam
497 2487 744 2552 tendere,
783 2487 968 2540 statim
1015 2499 1114 2540 nos
1165 2493 1358 2540 tentat.
1399 2483 1506 2540 Sed
1559 2501 1656 2541 nos

105 2587 362 2646 sequentes
409 2576 713 2643 Christum,
747 2578 837 2647 qui
885 2593 990 2631 non
1041 2592 1138 2647 per
1191 2576 1512 2648 potentiam,
1563 2576 1657 2631 sed

102 2685 184 2740 per
210 2670 455 2725 humilem
488 2672 898 2741 responsionem
922 2685 1045 2725 cum
1075 2671 1296 2734 devicit,
1323 2684 1421 2738 per
1442 2669 1658 2724 humili-

105 2773 244 2815 tatem
273 2763 317 2816 ei
353 2764 699 2818 resistamus.
731 2762 786 2816 Si
837 2777 933 2817 nos
981 2763 1174 2816 suadet
1216 2763 1520 2825 comedere,
1573 2761 1658 2816 vel

101 2863 205 2908 ante
255 2861 490 2923 tempus,
534 2855 619 2908 vel
657 2853 936 2919 deliciose,
972 2853 1054 2908 vel
1103 2854 1550 2923 intemperanter,
1605 2855 1654 2908 ei

100 2948 491 3013 respondeamus
520 2929 692 2999 {Non
722 2947 775 2999 iu
819 2947 930 2999 solo
958 2961 1094 3013 parte
1122 2944 1242 2998 vivit
1274 2946 1450 3008 homo,
1475 2947 1564 2998 sed
1601 2945 1657 2999 in

98 3039 221 3091 omni
252 3039 400 3092 verbo
427 3039 572 3110 quod
609 3039 840 3107 procedit
869 3040 932 3092 de
965 3053 1052 3091 ore
1077 3036 1168 3091 Dei
1202 3034 1421 3108 (Matth.
1464 3039 1558 3105 tv).
1595 3037 1655 3092 Si

98 3129 267 3184 suadet
300 3140 355 3184 ut
377 3131 506 3195 sibi,
533 3129 616 3184 vel
644 3129 903 3200 pecuniae,
937 3129 1022 3184 vel
1059 3129 1284 3184 luxuriae
1330 3129 1653 3197 serviamus,

97 3223 517 3290 respondeamus.
545 3220 810 3292 Scriptum
837 3231 918 3276 est
947 3239 966 3276 :
994 3221 1274 3275 Dominum
1307 3220 1472 3276 Deum
1503 3232 1652 3275 tuum
1683 3199 1728 3261 (ἶ

95 3316 331 3380 adorabis,
356 3315 511 3369 etilli
538 3316 638 3369 soli
664 3316 852 3369 servies
894 3313 1106 3386 (Ibid).
1158 3312 1214 3368 Si
1259 3324 1428 3369 tentat
1462 3331 1561 3369 nos
1591 3315 1660 3370 de

94 3404 262 3476 gloria,
311 3415 370 3460 ut
431 3407 487 3460 in
539 3415 784 3474 apertum
847 3421 944 3458 nos
992 3403 1297 3473 praecipitet
1334 3403 1658 3474 periculum,

93 3513 196 3551 cum
230 3499 533 3554 habeamus
562 3500 629 3553 de
679 3498 886 3552 ratione
931 3498 1060 3566 quid
1097 3496 1166 3551 sit
1210 3495 1540 3559 faciendum,
1576 3511 1664 3550 re-

93 3593 481 3661 spondeamus:
527 3590 649 3645 Non
692 3590 912 3644 tentabis
962 3589 1244 3643 Dominum
1289 3588 1457 3642 Deum
1510 3597 1658 3641 tuum

97 3683 294 3754 (Ibid);
337 3687 382 3739 si
449 3692 626 3739 tentat
673 3698 772 3737 nos
801 3683 866 3736 de
913 3681 1149 3748 luxuria,
1200 3681 1661 3750 respondeamus;

91 3779 330 3847 scriptum
382 3787 468 3831 est.
516 3794 528 3830 :
580 3775 863 3828 Adulteros
912 3783 961 3828 et
1011 3774 1358 3844 fornicatores
1397 3771 1664 3841 judicabit

89 3867 212 3924 Deus
243 3869 433 3942 (Hebr.
481 3868 634 3938 xnt);
665 3867 711 3922 si
744 3866 810 3920 de
857 3866 1160 3929 mendacio,
1189 3863 1612 3933 respondeamus
1646 3879 1661 3917 :

89 3961 267 4018 Perdes
304 3980 487 4018 omnes
539 3963 628 4033 qui
669 3963 954 4033 loqttuntur
991 3960 1320 4014 mendacium
1374 3955 1546 4028 (Psal.
1574 3958 1660 4026 v);

88 4057 124 4108 si
159 4059 219 4111 de
253 4058 399 4122 odio,
429 4056 896 4126 respondeamus;
931 4052 1192 4122 scriptum
1222 4060 1305 4106 est
1345 4063 1360 4103 :
1411 4050 1515 4116 Qui
1555 4050 1664 4103 odit

87 4156 286 4223 fratrem
334 4171 529 4223 suum,
572 4153 837 4207 homicida
890 4161 966 4206 est
1015 4149 1078 4222 (Ι
1119 4148 1282 4202 Joan.
1321 4148 1450 4220 ttt);
1497 4157 1550 4202 et
1599 4147 1665 4201 ad

87 4247 277 4302 similes
311 4245 668 4311 teutationes,
721 4243 917 4299 similia
960 4242 1282 4296 inducamus
1312 4241 1378 4295 de
1423 4239 1669 4308 Scriptu-

93 4339 159 4394 ris
187 4339 526 4395 testimonia.
565 4337 622 4393 Si
653 4337 731 4392 sic
757 4338 978 4400 fratres,
1009 4335 1054 4389 si
1083 4334 1162 4388 sic
1203 4333 1517 4398 fecerimus,
1558 4330 1668 4386 Deo

85 4433 394 4497 auxiliante,
413 4423 699 4485 vincemus
725 4437 780 4482 et
809 4427 1114 4498 fugabimus
1151 4425 1450 4489 diabolum,
1482 4432 1534 4477 et
1567 4425 1666 4477 ad-

85 4533 231 4576 erunt
265 4523 437 4578 nobis
477 4531 736 4590 tanquam
776 4519 1077 4572 victoribus
1106 4516 1317 4586 angeli,
1349 4525 1404 4571 et
1435 4515 1667 4570 admini-

83 4617 314 4671 stratorii
371 4616 623 4687 spiritus,
674 4612 926 4668 concives
979 4621 1033 4666 et
1091 4611 1430 4680 coadjutores
1472 4611 1663 4676 nostri,

90 4711 273 4778 quibus
307 4709 571 4780 gaudium
611 4716 692 4760 est
729 4706 783 4760 in
817 4705 971 4760 caelis
1007 4720 1191 4760 coram
1242 4704 1471 4759 Domino
1507 4719 1670 4774 super

82 4818 183 4856 uno
215 4811 510 4873 peccatore
537 4800 914 4870 pmniteutiam
951 4810 1166 4870 agente,
1201 4813 1361 4868 quam
1405 4811 1502 4852 nos
1535 4811 1670 4866 pure

83 4907 238 4961 agere
315 4893 607 4955 concedat,
674 4893 763 4960 qui
827 4907 924 4962 pro
983 4891 1140 4946 nobis
1194 4889 1461 4961 jejunavit
1513 4888 1670 4945 Jesus

79 4984 323 5041 Christus
357 4983 621 5039 Dominus
650 4994 868 5053 noster,
892 4985 982 5053 qui
1017 5000 1137 5039 cum
1168 4984 1328 5038 Patre
1367 4991 1420 5037 et
1461 4982 1668 5052 Spiritu

77 5084 265 5131 sancto
293 5074 433 5129 vivit
467 5084 521 5128 et
554 5085 744 5142 regnat
780 5075 938 5128 Dens.
969 5077 1161 5128 Amen.

585 5164 868 5220 IIOMILIA
905 5163 1168 5222 XXXVII.

369 5275 627 5316 DOIINICA
669 5275 901 5316 SECUNDA
939 5275 1381 5324 ρυλοιιιιςεειιιλε.

146 5351 396 5418 Fratres,
433 5369 676 5423 rogamus
735 5369 821 5406 vos
867 5363 915 5405 et
965 5354 1299 5404 obsecramus
1333 5355 1388 5405 in
1445 5351 1666 5408 Domino

75 5447 219 5513 Jesu,
266 5457 323 5502 ut
365 5445 807 5518 quemadmodum
852 5444 1123 5513 accepistis
1168 5460 1199 5497 a
1251 5444 1397 5498 nobis
1443 5447 1668 5516 qualiter

79 5558 158 5596 res
189 5552 436 5614 oporteat
460 5539 728 5593 ambulare
754 5549 800 5592 et
825 5539 1027 5608 placere
1057 5537 1184 5603 Deo,
1215 5539 1290 5591 sic
1317 5549 1364 5592 et
1396 5539 1667 5594 ambuletis

80 5645 128 5686 ut
168 5636 455 5688 abundetis
481 5633 643 5704 magis
669 5632 716 5704 (I
745 5630 925 5686 Thess.
958 5631 1057 5702 tv),
1091 5641 1195 5687 etc.
1226 5633 1280 5686 In
1310 5635 1481 5702 prima
1513 5632 1669 5702 hujus

79 5725 332 5784 lectionis
366 5735 536 5797 parte,
572 5729 767 5782 fratres
815 5726 1147 5792 charissitni,
1179 5733 1330 5798 rogat
1389 5741 1486 5781 nos
1518 5727 1667 5796 Apo-

80 5823 271 5886 stolus,
302 5831 360 5875 et
385 5821 634 5877 obsecrat
660 5823 710 5875 in
745 5821 971 5876 Dotuino
997 5819 1148 5887 .Iestt,
1177 5821 1228 5876 id
1255 5831 1339 5874 est
1365 5835 1460 5892 per
1481 5822 1664 5878 Domi-

81 5933 208 5971 nuut
231 5915 424 5973 Jesum
449 5917 676 5981 adiurat.
706 5915 779 5971 De
801 5914 947 5984 quo?
976 5930 1081 5970 non
1114 5926 1171 5970 nt
1199 5915 1454 5970 mundani
1487 5916 1664 5972 homi-

1758 1931 1933 1986 deudo
1965 1945 2180 1999 passum
2214 1932 2424 2001 passui,
2455 1933 2665 1988 leucam
2697 1933 2886 2000 leucze,
2927 1937 3124 1990 dictam
3161 1937 3341 2002 dictae,

1757 2037 2038 2092 quousque
2068 2023 2135 2077 ad
2165 2025 2440 2095 propriam
2492 2036 2692 2081 metam
2735 2028 3032 2098 perveniat.
3075 2028 3187 2094 Sic,
3240 2027 3343 2082 fra-

1760 2121 1873 2168 tres
1905 2114 2030 2177 mei,
2056 2115 2137 2168 sic
2183 2116 2492 2185 quicunque
2524 2117 2637 2171 vult
2682 2127 2831 2172 recte
2880 2119 3084 2184 vivere,
3138 2130 3339 2176 metam

1757 2202 1858 2257 sibi
1891 2211 2093 2257 statuat
2125 2203 2317 2270 Dettm,
2343 2207 2484 2259 viam
2517 2205 2703 2274 intret,
2731 2208 2782 2262 id
2812 2215 2920 2274 est,
2949 2209 3111 2264 fidem
3138 2217 3344 2265 teneat.

1759 2295 2099 2353 Proliciendo
2127 2298 2289 2352 addat
2326 2297 2528 2354 bonum
2571 2314 2708 2369 opus
2753 2299 2897 2355 bono
2937 2303 3110 2371 operi,
3145 2302 3343 2357 bonum

1759 2390 1993 2444 studium
2020 2389 2163 2444 bono
2192 2389 2390 2452 studio,
2419 2389 2616 2444 bonam
2641 2391 2845 2446 dictam
2887 2393 3041 2446 bona:
3069 2393 3248 2458 tlieue,
3282 2401 3344 2449 ut

1759 2485 1839 2537 sic
1890 2484 1956 2537 ad
2002 2483 2168 2537 Deum
2217 2483 2392 2538 valeat
2444 2484 2752 2552 pervenire.
2792 2481 2908 2538 Non
2949 2487 3095 2538 enim
3147 2485 3341 2540 suliicit

1761 2576 1894 2630 fides
1918 2575 2033 2630 sine
2059 2575 2315 2644 operibus
2349 2576 2567 2630 habenti
2596 2575 2771 2630 loetnu
2815 2586 2870 2630 et
2922 2585 3154 2648 tempus,
3204 2579 3344 2634 sicut

1759 2681 1863 2720 nec
1901 2668 1983 2720 via
2026 2667 2143 2721 sine
2172 2679 2484 2737 progressu,
2524 2665 2671 2735 quia,
2713 2673 2773 2720 ιιι
2805 2666 2883 2720 ait
2917 2665 3172 2732 Jacobus,
3211 2667 3344 2734 ﬁdes

1758 2758 1872 2810 sine
1903 2757 2144 2826 operibus
2176 2767 2378 2810 mortua
2406 2766 2479 2811 est
2504 2757 2646 2826 (Jac.
2673 2758 2732 2828 ιι)
2762 2773 2774 2809 :
2802 2765 2856 2812 et
2886 2757 3032 2823 item,
3058 2757 3193 2812 dicis
3217 2758 3344 2827 quia

1761 2850 1959 2914 credis,
1992 2857 2045 2901 et
2080 2852 2353 2904 daemones
2385 2851 2616 2904 credunt
2645 2858 2700 2903 et
2747 2850 3196 2904 contremiscunt.
3237 2849 3344 2904 Sed

1762 2957 1862 2996 nec
1905 2941 2181 2997 sufiiciunt
2219 2957 2384 3012 opera
2411 2943 2531 2998 sine
2562 2941 2690 3008 fide,
2723 2941 2868 2996 sicut
2898 2957 2996 2997 nec
3025 2943 3345 2998 celerrimus

1763 3051 1957 3092 cursus
1983 3044 2138 3092 extra
2163 3035 2329 3089 viam.
2355 3035 2563 3104 itaque,
2593 3033 2792 3090 fratres
2827 3035 2956 3100 mei,
2987 3035 3032 3090 si
3063 3045 3210 3090 recte
3232 3034 3345 3089 vul-

1765 3127 1831 3182 tis
1873 3127 1971 3193 ire,
2012 3127 2297 3198 proponite
2337 3125 2489 3181 vobis
2536 3126 2588 3180 in
2633 3126 2884 3182 omnibus
2948 3126 3110 3182 finem
3154 3127 3344 3182 Deum.

1761 3220 1864 3288 Qui
1907 3219 2051 3274 enim
2106 3219 2257 3272 vadit
2301 3227 2357 3274 et
2397 3219 2571 3273 nescit
2621 3234 2748 3289 quo,
2784 3235 2888 3274 non
2938 3219 3199 3286 ambulat,
3251 3221 3346 3276 sed

1766 3323 1940 3369 errat.
1975 3311 2179 3368 Tenete
2210 3312 2333 3368 fidei
2375 3314 2540 3380 viam,
2574 3315 2698 3383 quia
2729 3315 2848 3369 sine
2874 3313 2978 3368 fide
3019 3315 3346 3384 impossibile

1762 3412 1845 3460 est
1872 3405 2167 3474 quidquam
2194 3402 2411 3472 placere
2437 3403 2545 3459 Deo
2577 3403 2766 3474 (Hebr.
2791 3407 2876 3474 ιι).
2904 3403 3156 3458 Proficite
3182 3405 3346 3462 etiam

1766 3499 1818 3552 in
1842 3497 2118 3568 operibus,
2149 3497 2266 3550 sine
2294 3497 2488 3566 quibus
2512 3508 2617 3552 n'ou
2641 3506 2725 3552 est
2755 3512 3102 3568 promovere,
3129 3499 3226 3552 sed
3249 3514 3342 3554 re-

1766 3604 2009 3644 manere.
2042 3589 2172 3656 Qua:
2203 3598 2383 3643 autem
2431 3591 2501 3643 sit
2535 3600 2678 3644 recta
2712 3590 3011 3645 ambulatio
3059 3597 3114 3645 et
3144 3589 3345 3660 placita

1765 3681 1896 3746 Deo,
1931 3681 2153 3750 exponit
2179 3695 2302 3736 cum
2334 3681 2515 3735 subdit
2557 3697 2573 3735 :
2614 3679 2742 3735 flare
2779 3693 2853 3736 est
2891 3692 3066 3735 autem
3104 3682 3346 3738 voluntas

1765 3774 1891 3839 Dei,
1918 3773 2267 3842 sanctiﬁcatio
2317 3783 2506 3828 vestra.
2563 3774 2618 3827 In
2664 3774 2861 3843 quibus
2904 3791 3034 3829 vero
3078 3775 3346 3830 consistat

1766 3868 2145 3928 sanctificatio.
2179 3867 2415 3922 ostendit
2447 3884 2566 3922 cum
2595 3867 2782 3921 subdit
2815 3885 2827 3921 :
2857 3865 2923 3920 Ut
2956 3869 3264 3922 abstineatis
3316 3887 3346 3925 a

1768 3959 2138 4029 fornicatione,
2168 3970 2222 4012 ut
2250 3959 2383 4013 sciat
2407 3960 2769 4030 unusquisque
2794 3961 3060 4029 possidere
3086 3977 3171 4014 ras
3197 3979 3347 4017 suum

1767 4053 1820 4107 in
1844 4053 2262 4122 sanctiﬁcatione
2293 4063 2340 4108 et
2366 4055 2580 4119 honore,
2611 4064 2716 4108 etc.
2743 4055 3003 4109 Consistit
3023 4063 3202 4109 autem
3229 4072 3328 4113 san

1768 4147 2028 4202 ctificatio
2075 4147 2127 4200 in
2164 4145 2403 4212 duobus;
2437 4148 2490 4200 in
2523 4148 2815 4202 evitatione
2843 4151 3151 4220 passionum
3208 4143 3346 4206 desi-

1773 4241 1934 4306 derii,
1964 4254 2061 4309 per
2110 4238 2451 4304 munditiam,
2501 4249 2556 4294 et
2607 4239 2658 4293 in
2697 4239 2993 4296 evitatione
3039 4240 3346 4297 offensionis

1768 4333 1999 4404 proximi
2040 4347 2138 4402 per
2177 4332 2565 4386 innocentiam.
2613 4331 2784 4388 Porro
2808 4333 3145 4402 spiritualem
3186 4334 3327 4388 furni

1772 4424 2043 4479 cationem
2076 4421 2314 4476 ostendit
2344 4423 2657 4477 evitandam
2686 4437 2809 4477 cum
2841 4427 2935 4487 ait,
2967 4433 3020 4477 ut
3049 4424 3354 4479 abstineam

1774 4535 1804 4572 a
1829 4517 2198 4588 [arnicatione
2238 4514 2446 4570 Dicitur
2473 4526 2652 4571 autem
2697 4515 3000 4570 idololatria
3027 4525 3172 4570 recte
3196 4516 3342 4572 forni

1774 4611 1939 4676 catio,
1998 4611 2125 4679 quia
2177 4609 2319 4663 sicut
2381 4623 2480 4679 per
2537 4607 2887 4678 temporalem
2938 4607 3353 4662 fornicationem

1771 4719 1971 4774 sponsa
2000 4721 2029 4758 a
2061 4719 2260 4775 sponso
2292 4710 2601 4772 separatur,
2627 4702 2697 4754 ita
2721 4716 2820 4771 per
2847 4699 3208 4755 idololatriam
3234 4697 3353 4754 aui-

1774 4815 1856 4852 ma
1913 4813 1959 4852 a-
1993 4797 2262 4868 spirituali
2309 4808 2512 4865 sponso
2569 4793 2679 4848 Deo
2725 4793 3046 4864 sejungitur.
3099 4791 3354 4864 Ideoque,

1771 4891 1990 4955 fratres,
2044 4905 2260 4960 semper
2310 4889 2466 4942 firma
2517 4887 2620 4942 fide
2669 4887 2780 4942 Deo
2809 4887 3202 4950 adhaereamus,
3231 4901 3354 4942 cum

1773 4986 2039 5041 nullorum
2085 4985 2347 5039 maiorum
2386 4981 2482 5038 sed
2524 4983 2790 5037 bonorum
2836 4989 3114 5034 auctorem
3167 4981 3356 5036 creda-

1771 5093 1912 5135 mus.
1949 5078 2244 5133 Credamus
2272 5090 2371 5130 nos
2411 5075 2593 5130 omnia
2636 5076 2779 5130 bona
2819 5088 2941 5144 qua:
2981 5073 3246 5127 habemus
3289 5072 3356 5128 ab

1769 5190 1834 5230 eo
1861 5174 2139 5244 accipere;
2170 5171 2284 5228 sola
2315 5185 2447 5226 vero
2476 5170 2616 5225 mala
2649 5185 2678 5223 a
2708 5168 2866 5224 nobis
2890 5182 3027 5223 esse.
3057 5165 3358 5223 Credamus

1771 5283 1892 5330 eum
1923 5282 2141 5338 quoque
2176 5273 2643 5320 remuneratoretn
2679 5261 2921 5318 omnium
2954 5262 3242 5327 bonorum,
3277 5259 3358 5315 ul-

1773 5371 1944 5416 torem
1977 5373 2104 5412 vero
2130 5357 2414 5410 malorum.
2442 5354 2744 5411 Credamus
2771 5361 2826 5408 et
2850 5362 3044 5408 caetera
3070 5369 3188 5422 quae
3213 5352 3346 5407 fides

1773 5451 1988 5508 tradidit
2035 5448 2326 5507 catholica.
2363 5449 2650 5503 Passimtes
2697 5460 2914 5519 quoque
2946 5445 3203 5501 desiderii
3241 5458 3348 5497 mo-

1770 5553 1862 5600 net
1891 5561 1987 5617 per
2014 5544 2334 5598 munditiam
2357 5541 2742 5606 excludendas,
2769 5556 2892 5596 cum
2918 5539 3122 5600 subdit,
3142 5547 3194 5589 ιιι
3220 5536 3352 5591 sciat

1771 5637 2127 5707 unusquisque
2152 5634 2418 5706 possidere
2457 5649 2545 5688 ras
2577 5649 2732 5688 suum
2761 5634 2816 5687 in
2859 5629 3274 5699 sanctiﬁcatione
3302 5636 3352 5682 et

1771 5732 1988 5797 honore,
2020 5747 2121 5783 non
2147 5729 2200 5782 in
2231 5728 2564 5798 passionibus
2591 5726 2839 5782 desiderii
2875 5725 3010 5779 sicut
3039 5731 3214 5793 gentes
3234 5736 3353 5790 qua!

1771 5826 2012 5892 ignorant
2038 5823 2223 5877 Deum.
2250 5821 2418 5878 Vocat
2441 5831 2619 5877 autem
2640 5831 2734 5877 cor
2751 5820 2867 5875 sine
2887 5833 3084 5888 corpus
3108 5825 3353 5870 nostrum

1777 5930 1892 5985 vas,
1921 5930 1986 5971 eo
2015 5919 2155 5986 quod
2188 5916 2239 5969 in
2275 5914 2631 5970 ministerium
2691 5914 2781 5969 Dei
2837 5920 3081 5970 creatum
3134 5916 3234 5966 est.
3281 5909 3353 5963 De
