3822 6316
504 401 642 461 i799

1480 394 1825 453 ADDENDA.
1870 424 1940 436 —
1971 394 2323 454 RADULPHI
2350 396 2699 456 ARDENTIS

3596 409 3690 463 l8€NJ

502 540 607 594 quo
636 520 759 577 alibi
796 521 936 577 idem
968 518 1257 590 Apostolus
1290 537 1302 572 :
1335 514 1525 571 Nonne
1557 515 1677 569 licet
1710 515 1871 586 ﬁgulo
1903 517 2076 584 facere
2105 529 2151 588 Α
2181 516 2247 571 ad
2280 516 2682 587 purgationem,
2731 518 2813 573 vel
2859 518 3191 573 :eternaliler
3235 520 3301 573 ad
3339 520 3688 585 damnationem.

498 618 563 670 de
588 615 768 669 eadem
794 630 969 668 massa
995 612 1143 667 aliud
1170 611 1378 683 quidem
1414 626 1506 662 vas
1535 608 1589 661 in
1619 608 1891 672 honorem,
1925 609 2076 663 aliud

498 724 619 766 vero
663 708 716 760 in
745 705 1116 760 contumeliam
1157 703 1327 773 (Rom.
1366 702 1465 769 ix).
1506 700 1567 755 Et
1596 700 1836 769 quidem,
1880 701 2078 757 fratres

499 797 626 862 mei,
659 798 802 852 Deus
832 796 1012 851 omnia
1045 795 1208 851 corda
1239 802 1294 848 et
1319 807 1547 861 corpora
1576 802 1782 848 nostra.
1816 801 2076 860 quantum

498 891 552 948 in
583 890 698 962 ipso
723 898 827 953 est,
860 888 985 943 fecit
1016 891 1067 941 in
1096 887 1377 941 honorem.
1410 885 1500 939 Ille
1521 898 1648 939 vero
1677 898 1873 954 corpus
1895 894 1950 940 et
1976 900 2075 940 cor

496 995 678 1047 suum,
707 994 803 1034 vas
830 978 1281 1035 contumeliosum
1314 976 1466 1043 facit,
1508 976 1624 1045 qui,
1656 992 1753 1049 per
1786 976 2075 1046 turpitudi-

498 1086 620 1126 nem
650 1080 702 1125 et
732 1069 1030 1126 foeditatem
1070 1068 1348 1131 vitiorum,
1390 1081 1449 1122 se
1478 1076 1687 1138 turpem
1739 1077 1795 1123 ct
1838 1068 2075 1123 immun-

499 1164 623 1219 dutn
652 1162 847 1219 reddit.
879 1161 1056 1218 Monet
1074 1176 1205 1233 ergo
1233 1176 1329 1217 uos
1353 1161 1643 1231 Apostolus
1669 1173 1724 1215 ut
1754 1164 1884 1216 sciat
1909 1178 2075 1217 unus-

496 1256 711 1326 quisque
738 1255 1001 1325 possidere
1026 1272 1117 1309 vas
1146 1271 1301 1308 suum
1331 1256 1385 1308 in
1415 1254 1858 1323 sanctiﬁcatione,
1903 1255 1953 1309 itl
1983 1264 2071 1312 est

494 1346 897 1403 emundatione.
947 1354 1006 1401 ut
1049 1327 1256 1401 scilicet
1308 1346 1484 1401 omnis
1522 1347 1693 1415 turpis
1737 1346 1996 1418 cogitatio
2040 1362 2070 1401 a

496 1447 699 1503 mente,
730 1446 785 1492 et
815 1439 991 1493 omnis
1048 1420 1220 1509 ttirpis
1265 1439 1408 1493 actio
1446 1453 1476 1492 a
1528 1452 1776 1508 corpore,
1830 1438 2066 1495 tollatur.

496 1526 647 1581 Sciat
674 1529 839 1583 etiam
873 1529 1151 1599 possidere
1179 1544 1275 1584 vas
1305 1544 1460 1584 suum
1498 1530 1552 1583 in
1572 1529 1790 1593 honore,
1824 1540 1881 1584 ttt
1922 1531 2067 1585 scili-

493 1627 577 1673 cet
607 1634 701 1674 cor
726 1634 1031 1692 corpusque
1060 1630 1305 1676 nostrum
1333 1621 1624 1677 virtutibus
1650 1632 1874 1677 ornetur
1899 1633 1958 1677 ut
1988 1625 2063 1677 ita

492 1710 792 1767 habitatore
816 1711 1021 1781 Spiritu
1050 1722 1242 1768 sancto
1267 1713 1585 1768 honoretur.
1618 1712 1741 1767 Non
1777 1716 1832 1769 in
1856 1715 2064 1783 passio-

490 1803 668 1868 nibus,
724 1803 920 1873 inquit,
953 1804 1221 1858 desiderii.
1271 1804 1563 1861 Passiones
1606 1806 1861 1861 desiderii
1909 1820 2070 1861 vocat

490 1909 675 1951 omnes
707 1904 891 1965 turpes
922 1896 1249 1958 voluntates,
1274 1896 1472 1965 quibus
1504 1906 1692 1968 gentes
1726 1901 1888 1952 Deum
1913 1898 2069 1970 iguo-
2099 1891 2146 1951 Β

491 1996 673 2043 rantes
720 1987 1085 2054 involvuntur,
1151 1990 1322 2059 ignari
1378 1988 1469 2044 Dei
1522 1999 1577 2045 et
1628 1990 1753 2045 vita:
1806 2000 2065 2057 arteriae;

490 2094 643 2136 more
674 2079 851 2134 ferino
881 2080 947 2134 ad
977 2095 1168 2135 omnes
1196 2080 1379 2136 carnis
1428 2079 1755 2151 voluptates,
1809 2090 2068 2153 tanquam

487 2172 557 2227 ad
587 2186 782 2242 magna
813 2172 975 2236 bona,
1001 2172 1206 2243 absque
1230 2172 1385 2228 freno
1416 2183 1663 2227 currunt.
1699 2174 1806 2229 Sed
1846 2174 1891 2229 si
1940 2182 2069 2228 sunt

492 2262 799 2333 passiones,
830 2264 1104 2333 quomodo
1130 2274 1260 2319 sunt
1287 2264 1576 2321 desiderii?
1611 2264 1702 2321 Vel
1731 2266 1776 2322 si
1821 2276 1948 2321 sunt
1984 2267 2071 2323 de-

487 2354 691 2417 siderii,
730 2356 1002 2425 quomodo
1034 2366 1159 2411 sunt
1187 2355 1483 2427 passiones.
1509 2356 1797 2413 Passioues
1822 2358 2066 2429 quidem,

489 2446 687 2503 fratres
714 2447 841 2513 tnei,
869 2457 1134 2517 quantum
1164 2448 1232 2504 ad
1263 2449 1513 2518 Spiritum
1552 2458 1699 2517 sunt,
1732 2451 1822 2521 qui
1853 2468 1948 2520 per
1973 2468 2065 2508 cas

497 2542 722 2613 patitur,
754 2550 1060 2597 excaieatur
1099 2550 1155 2597 et
1211 2558 1241 2596 a
1293 2542 1403 2597 Deo
1458 2554 1761 2614 separatur.
1806 2546 2067 2602 Desiderii

489 2648 619 2688 vero
660 2643 807 2700 sunt,
844 2644 1106 2704 quantum
1132 2631 1200 2687 ad
1228 2648 1469 2699 carnem,
1503 2650 1622 2705 qua:
1649 2634 1702 2690 in
1749 2636 1831 2690 eis
1864 2646 2070 2704 tempo-

490 2728 679 2782 raliter
705 2728 1030 2784 delectatur.
1061 2726 1261 2783 Contra
1294 2727 1397 2783 hoc
1426 2737 1547 2783 orat
1573 2726 1858 2784 Psalmista
1892 2744 1905 2782 :
1936 2729 2061 2783 Non

488 2819 693 2882 tradas,
719 2817 917 2889 inquit,
947 2834 1028 2874 me
1059 2836 1093 2873 a
1128 2818 1391 2873 desiderio
1428 2834 1541 2872 meo
1577 2820 1839 2887 peccatori
1888 2819 2062 2890 (Psal.

487 2915 733 2981 cxxxtx‘).
760 2915 805 2967 Α
834 2912 1106 2967 desiderio
1136 2927 1235 2966 suo
1258 2912 1531 2982 peceatori
1563 2912 1817 2979 traditur,
1850 2915 1941 2984 qui
1968 2930 2064 2985 per

487 3000 851 3071 iutpletionem
882 3001 1173 3059 desiderati
1198 3003 1404 3072 peccati
1438 3002 1651 3057 diabolo
1694 3005 2058 3075 mancipatur.

487 3093 625 3150 lline
651 3094 815 3149 etiam
850 3109 945 3165 per
965 3094 1217 3150 eumdem
1245 3094 1561 3165 prophetam
1594 3094 1855 3151 Dominus
1885 3097 2054 3151 dicit:

488 3182 556 3236 Et
578 3183 751 3240 dimisi
773 3200 859 3239 eos
879 3184 1164 3238 secundum
1187 3182 1448 3238 desideria
1475 3184 1648 3237 cordis
1669 3200 1881 3261 eorum;
1918 3186 2067 3241 ibunt

2180 608 2290 665 Nos
2315 626 2465 679 ergo,
2496 608 2717 675 fratres,
2742 612 2870 665 dum
2912 612 3059 675 licet,
3108 622 3323 679 peccata
3365 623 3526 670 nostra
3562 618 3691 691 lacry-

2183 702 2288 755 mis
2326 701 2729 772 abstergamns,
2764 701 2869 755 fide
2906 711 2961 755 et
2993 703 3302 755 obedientia
3346 704 3446 758 Deo
3482 709 3692 765 adicere:-

2184 802 2458 853 mus,‘vas
2485 801 2731 847 nostrum
2784 807 2881 862 per
2906 793 3231 847 munditiam
3266 795 3639 863 sanctificentus,
3661 817 3695 857 el

2182 880 2551 937 innocentiam
2577 885 2842 953 proximis
2864 885 3245 949 exhiheamus,
3266 888 3527 957 quoniam,
3548 901 3594 942 ut
3610 896 3695 945 sub.

2176 970 2355 1043 jungit
2381 973 2713 1042 Apostolus:
2744 972 2868 1027 Non
2898 977 3101 1029 vocavit
3131 993 3225 1029 nos
3274 978 3409 1030 Deus
3442 980 3493 1031 in
3531 982 3691 1038 immuta

2177 1064 2388 1129 ditium,
2420 1066 2512 1119 sed
2530 1082 2584 1119 sn
2611 1066 3099 1135 sanctiﬁcationem
3123 1078 3169 1122 et
3203 1069 3469 1134 honorem,
3501 1083 3547 1125 ut
3576 1076 3696 1131 simtu

2175 1158 2363 1218 sancti,
2393 1158 2527 1211 sicut
2556 1168 2604 1212 et
2643 1159 2756 1229 ipse
2798 1168 3015 1213 sanctus
3058 1170 3133 1213 est
3156 1201 3171 1224 ,
3212 1162 3569 1219 misericordes
3604 1167 3696 1221 sicut

2175 1248 2290 1319 ipse
2322 1251 2635 1306 misericors
2664 1260 2767 1316 est,
2793 1251 2924 1321 justi
2958 1252 3099 1306 sicut
3130 1252 3245 1322 ipse
3271 1253 3448 1322 justus
3493 1266 3577 1316 est,
3603 1268 3644 1312 et
3664 1261 3697 1312 in

2175 1340 2363 1396 futuro
2392 1342 2609 1413 gloriosi
2651 1344 2793 1398 sicut
2825 1343 3035 1413 ettipse
3072 1343 3345 1415 gloriosus
3373 1357 3453 1400 est
3472 1387 3485 1410 ,
3511 1349 3573 1402 dii
3602 1352 3696 1403 sicut

2175 1433 2290 1503 ipse
2314 1434 2454 1488 Deus
2477 1444 2580 1489 est.
2606 1432 2778 1501 Quam
2804 1434 3318 1503 sanctificationetn,
3349 1446 3403 1491 ct
3422 1454 3561 1507 quem
3581 1441 3696 1495 llOllD-

2174 1540 2289 1579 rem
2339 1526 2431 1581 det
2482 1527 2644 1582 nobis
2692 1529 2781 1595 qui
2835 1529 3155 1584 inhonorari
3193 1530 3365 1584 voluit
3408 1543 3601 1601 propter
3631 1549 3697 1589 nos

2174 1617 2436 1674 Dominus
2479 1630 2667 1675 uoster
2696 1618 2858 1675 Jesus
2886 1620 3161 1687 Christus,
3198 1622 3295 1693 qui
3341 1638 3461 1677 cum
3505 1623 3634 1681 Patre
3662 1636 3697 1685 et

2173 1705 2380 1780 Spiritu
2409 1721 2599 1767 sancto
2631 1711 2762 1765 vivit
2787 1721 2842 1766 et
2871 1722 3060 1783 regnat
3091 1712 3255 1767 Deus.
3288 1714 3483 1768 Amen.

2660 1802 2946 1859 HOMILIA
2989 1803 3273 1860 XXXVI".

2461 1910 2715 1950 DOIINICA
2755 1909 2993 1952 SECURDA
3030 1913 3477 1961 ρωυιιλαεδιιι.

2249 1983 2510 2056 Egressus
2535 1986 2690 2040 Jesus
2722 1989 2928 2041 secessit
2956 1990 3011 2041 in
3042 2000 3217 2056 partes
3264 1988 3389 2058 Tyri
3417 2000 3463 2043 et
3496 1988 3699 2061 Spionia,

2169 2085 2219 2131 et
2250 2094 2365 2132 ecce
2394 2077 2583 2132 mulier
2612 2078 2944 2145 Cltanantea,
2972 2081 3037 2135 de
3060 2080 3256 2149 ﬁnibus
3283 2083 3390 2135 illis
3416 2098 3618 2151 egresso,
3644 2100 3698 2141 rt-

2170 2169 2326 2239 gabat
2361 2185 2480 2223 eunt
2528 2170 2705 2225 dicens
2758 2170 2978 2238 (Matth.
3032 2173 3145 2240 xv),
3178 2182 3245 2239 et
3283 2173 3505 2243 reliqua.
3549 2175 3594 2229 lu
3629 2178 3700 2233 hac

2171 2259 2349 2315 sancti
2380 2259 2652 2331 Evangelii
2702 2260 2957 2329 lectione,
2986 2260 3185 2316 fratres
3218 2261 3542 2327 charissitui,
3570 2266 3700 2335 primo

2171 2368 2291 2421 qua:
2317 2354 2383 2406 ad
2416 2352 2677 2422 litteram,
2700 2355 2941 2410 secundo
2980 2371 3102 2424 qua:
3128 2357 3197 2410 ad
3226 2355 3553 2424 allegoriam,
3583 2362 3699 2413 tertio

2178 2457 2300 2513 qua:
2346 2442 2413 2497 ad
2471 2442 2823 2514 tmpologiam
2874 2446 3178 2514 pertinent,
3224 2447 3518 2501 videamus.
3568 2447 3702 2503 Primo

2181 2534 2350 2605 igitur
2377 2532 2538 2603 juxta
2569 2535 2829 2601 litteram,
2861 2538 3321 2593 commendantur
3350 2540 3503 2594 nobis
3547 2558 3703 2613 magna

2173 2627 2409 2682 virtutes
2435 2626 2596 2682 istius
2632 2629 2894 2685 mulieris.
2936 2628 3103 2699 Cujus
3131 2645 3200 2685 eo
3228 2634 3403 2701 magis
3440 2634 3703 2688 admiranda

2175 2728 2261 2777 est
2291 2720 2530 2790 devotio,
2557 2720 2683 2791 quia
2710 2737 2834 2777 cum
2861 2732 3011 2777 esset
3036 2726 3256 2793 gentilis
3286 2734 3343 2780 et
3390 2742 3573 2797 expers
3609 2728 3703 2798 legis

2169 2820 2224 2866 et
2256 2812 2667 2882 prophetarum,
2700 2822 2883 2868 tamen
2910 2826 3251 2877 sanctarum,
3286 2833 3409 2886 qua:
3438 2818 3488 2871 itt
3521 2820 3589 2874 eis
3606 2835 3703 2873 conc

2174 2903 2438 2968 tinentur,
2470 2919 2575 2958 non
2606 2903 2703 2959 fuit
2740 2920 2963 2978 exspers
2986 2908 3274 2963 virtutum.
3322 2909 3521 2964 llabuit
3555 2913 3703 2982 quippe

2174 2995 2373 3059 ﬁdem,
2428 2995 2695 3052 fervorem
2750 3007 2807 3053 et
2862 2998 3256 3065 humilitatem;
3317 3000 3481 3055 ﬁdem
3533 3002 3704 3068 habuit,

2170 3087 2387 3157 quando
2412 3088 2686 3143 Christum
2720 3099 2776 3145 ut
2808 3089 2972 3145 Deum
3005 3093 3280 3158 adoravit,
3316 3104 3373 3147 et
3404 3110 3519 3149 eum
3552 3094 3703 3149 absen-

2173 3190 2280 3236 tetu
2341 3180 2508 3237 tiliam
2552 3182 2666 3239 sola
2709 3184 2989 3241 voluntate
3045 3203 3243 3243 sanare
3298 3203 3459 3258 posse
3501 3189 3703 3244 credidit.

484 3279 541 3333 in
585 3278 1038 3332 adinventionibus
1084 3278 1193 3331 suis
1240 3274 1413 3348 (Psal.
1460 3278 1648 3346 Lxxx).
1690 3247 1824 3345 iioc,
1868 3279 2064 3336 fratres
2092 3246 2138 3311 Ο
2168 3273 2461 3331 Fervorem
2497 3278 2697 3333 utentis
2731 3278 2945 3343 habuit,
2982 3296 3101 3349 qua:
3131 3290 3241 3335 tam
3282 3284 3473 3337 devote
3509 3298 3601 3336 non
3627 3283 3705 3335 ini-

490 3372 617 3435 mei,
644 3381 728 3427 est
750 3372 961 3443 signum
990 3385 1197 3442 magna:
1224 3370 1315 3425 ira:
1346 3369 1464 3435 Dei,
1497 3372 1717 3440 quando
1754 3374 2064 3441 peccatoris

481 3464 804 3521 desiderium
860 3480 966 3520 non
1018 3463 1283 3534 impedit,
1336 3464 1431 3519 sed
1471 3478 1593 3519 eum
1641 3466 1697 3521 in
1755 3466 2060 3523 desiderata

484 3570 709 3631 peccata
743 3563 941 3616 cadere
978 3559 1263 3631 permittit.
1295 3559 1503 3629 Itaque,
1533 3560 1751 3627 fratres,
1781 3562 1894 3617 haec
1917 3562 2060 3618 mala

478 3654 746 3709 desideria
779 3652 1082 3723 fugiamus,
1106 3660 1161 3707 et
1194 3653 1511 3709 munditiam
1549 3653 1747 3708 mentis
1778 3654 1923 3725 (qua:
1944 3655 2057 3710 sola

476 3748 679 3803 videbit
706 3748 923 3818 Deum),
951 3747 1101 3802 omni
1130 3746 1407 3818 vigilantia
1448 3747 1837 3814 custodiamus,
1879 3758 1938 3803 ut
1962 3764 2059 3805 vas

480 3840 664 3896 cordis
693 3848 749 3895 ct
799 3840 1047 3909 corporis
1097 3840 1269 3894 nostri
1300 3839 1692 3910 possideatnus,
1734 3850 1786 3895 et
1838 3856 1945 3895 non
1990 3843 2055 3897 ab

472 3931 553 3986 eis
582 3930 981 4001 possideamur,
1024 3930 1118 3986 sed
1170 3944 1357 3987 eorum
1404 3946 1600 4002 pravos
1652 3940 1829 3987 motus
1872 3941 2051 3988 retun-

472 4019 686 4087 damus,
734 4031 807 4091 ut_
848 4022 1211 4077 inhabitatore
1264 4020 1376 4076 Deo
1426 4022 1680 4078 honorari
1728 4039 2051 4080 mereamur.

472 4112 835 4170 Olfeusionetn
854 4131 1068 4187 quoque
1092 4113 1327 4186 proximi
1358 4115 1666 4169 evitandum
1692 4116 1845 4170 nobis
1870 4126 2053 4172 monet

470 4205 782 4274 Apostolus,
813 4222 935 4261 cum
965 4208 1185 4262 subdit:
1230 4206 1313 4261 Ne
1342 4208 1463 4279 quis
1494 4209 1939 4279 supergrediatur,
1975 4210 2049 4263 rel

470 4297 838 4351 circumveniat
870 4298 923 4351 in
947 4300 1150 4367 negotio
1174 4298 1394 4367 fratrem
1422 4315 1600 4364 suum,
1632 4300 1683 4352 id
1713 4309 1794 4353 est
1826 4315 1923 4354 nec
1952 4315 2048 4369 per

470 4386 809 4452 violentiam,
843 4403 942 4443 nec
977 4404 1072 4459 per
1118 4387 1384 4454 fraudein,
1418 4404 1516 4443 nec
1565 4398 1769 4457 aperte,
1825 4404 1923 4444 nec
1961 4405 2048 4445 oc-

468 4479 612 4536 culte
634 4480 685 4535 oi
714 4490 930 4537 noceat.
960 4482 1075 4536 lloc
1104 4482 1376 4551 praecipue
1408 4482 1777 4552 negotiatores
1817 4492 1872 4537 et
1904 4498 2047 4538 mer-

2167 3384 2270 3424 nls
2301 3381 2485 3425 mente
2515 3387 2681 3441 quam
2706 3388 2841 3428 voce
2878 3373 3155 3441 clamavit,
3195 3376 3341 3445 quod
3378 3377 3625 3445 apostolos
3656 3379 3704 3431 ad

2165 3462 2619 3533 interpellandum
2661 3480 2761 3535 pro
2792 3480 2850 3521 se
2881 3469 3261 3522 commoverit.
3288 3469 3704 3525 Perseverantiaai

2164 3555 2380 3622 habuit,
2436 3556 2653 3626 quando
2707 3558 2883 3627 primo
2928 3569 2985 3613 et
3030 3562 3271 3617 secundo
3333 3564 3484 3633 quasi
3529 3573 3703 3633 spreta.

2164 3657 2343 3705 tamen
2375 3665 2406 3703 a
2439 3651 2690 3721 precibus
2719 3666 2826 3705 nou
2856 3653 3085 3718 destitit,
3118 3655 3295 3709 donec
3319 3657 3538 3725 petitum
3574 3658 3706 3727 impe-

2162 3742 2343 3797 travit.
2374 3740 2739 3797 Ilumilitatetn
2784 3743 2993 3811 habuit,
3044 3761 3165 3814 qua:
3202 3762 3312 3800 non
3366 3748 3533 3803 solum
3581 3747 3703 3801 esui-

2158 3834 2278 3898 bus,
2297 3835 2391 3890 sed
2415 3835 2577 3888 etiam
2597 3834 2792 3889 catulis
2813 3851 2932 3890 sesc
2950 3840 3309 3907 comparavit,
3332 3850 3390 3893 et
3408 3840 3705 3911 scinding

2157 3924 2403 3980 indicans
2440 3941 2601 3995 pane,
2649 3928 2823 3983 micas
2866 3929 3124 3983 cadentes
3164 3933 3471 4000 postulavit.
3514 3931 3568 3985 Et
3601 3933 3704 4000 quia

2156 4019 2279 4073 talis
2314 4028 2575 4089 tantaque
2611 4020 2734 4085 fuit,
2763 4020 2885 4076 ideo
2915 4036 2945 4074 a
2976 4020 3205 4077 Domino
3265 4026 3317 4077 in
3369 4025 3471 4079 fide
3508 4026 3702 4089 laudari,

2152 4122 2207 4164 ct
2246 4111 2299 4165 in
2339 4112 2616 4181 postulato
2646 4112 2845 4168 meruit
2884 4114 3151 4167 exaudiri.
3188 4114 3418 4185 MyStice
3457 4132 3578 4171 vero
3612 4132 3705 4170 tuu-

2152 4202 2255 4258 lier
2302 4204 2404 4258 ista
2427 4206 2709 4260 collectam
2739 4206 2808 4261 de
2837 4206 3087 4275 gentibus
3112 4208 3385 4278 siguilicat
3421 4211 3697 4265 Ecclesium.

2154 4296 2286 4365 Quae
2310 4298 2377 4351 de
2404 4312 2591 4352 errore
2615 4298 2930 4353 idololatria:
2957 4310 3013 4353 et
3040 4300 3202 4356 sorde
3226 4302 3477 4356 vitiorum
3499 4318 3699 4374 egressa.

2148 4400 2304 4460 rogat
2354 4390 2642 4445 Dominum
2692 4406 2793 4460 pro
2851 4392 3092 4461 qualibet
3137 4411 3249 4448 sua:
3306 4400 3698 4467 congregationis

2145 4496 2377 4551 persona
2414 4499 2444 4537 a
2476 4482 2695 4537 diabolo
2728 4484 3058 4539 dementata.
3093 4486 3195 4553 Qui
3225 4489 3372 4542 enim
3411 4490 3604 4543 laborat
3634 4492 3700 4541 ia~

472 4585 688 4631 catores
719 4573 983 4643 coufutat,
1013 4584 1068 4631 et
1096 4591 1285 4631 omnes
1317 4576 1408 4647 qni
1436 4575 1643 4631 faciunt
1684 4573 1893 4630 lucrum
1940 4575 2042 4631 sibi
2078 4610 2125 4671 υ
2152 4574 2332 4646 gluvie
2356 4575 2439 4630 vel
2470 4575 2709 4642 luxuria,
2738 4578 2820 4632 vel
2862 4578 3111 4642 avaritia,
3144 4580 3228 4635 vel
3254 4581 3358 4647 ira,
3384 4582 3466 4638 vel
3507 4583 3695 4641 invidia,

463 4682 589 4724 cum
642 4667 839 4722 danmo
884 4667 1150 4737 proximi,
1206 4684 1329 4723 cum
1382 4669 1468 4723 lex
1527 4668 1673 4721 dicat
1729 4665 2042 4723 naturalis:

469 4779 489 4813 ι
523 4759 639 4815 Νοιι
670 4760 841 4816 facias
870 4760 959 4815 alii
992 4763 1134 4830 quod
1167 4761 1261 4816 tibi
1311 4778 1417 4815 non
1451 4762 1534 4815 vis
1564 4760 1713 4823 tieri;
1746 4778 1765 4811 ι
1812 4760 1906 4830 qui
1948 4762 2045 4817 ha-

462 4854 591 4910 bent
621 4854 761 4925 apud
792 4868 851 4908 se
882 4854 1092 4923 pondus
1124 4860 1178 4906 et
1208 4853 1438 4923 pondus,
1472 4865 1780 4906 mensuram
1812 4862 1863 4905 et
1888 4867 2045 4907 mett-

462 4960 670 5009 suram,
707 4942 885 4997 ulnam
910 4952 965 4995 et
998 4941 1204 5005 ulnam,
1234 4956 1358 4994 cum
1403 4941 1547 4994 dicat
1574 4939 1834 4994 Salomon
1862 4958 1874 4993 :
1902 4939 2045 4995 Pon-

459 5040 558 5093 dus
598 5048 645 5091 et
677 5036 905 5105 pondus,
936 5043 1135 5087 statera
1172 5042 1219 5086 et
1255 5042 1472 5096 statera,
1512 5043 1787 5103 utrumque
1816 5044 1890 5087 est
1917 5034 2045 5087 abo-

458 5129 677 5184 minutio
699 5127 839 5194 apud
864 5124 1030 5179 Deunt
1069 5122 1253 5195 (Prov.
1279 5138 1392 5195 χι).
1416 5122 1516 5189 Qui
1541 5126 1731 5195 jurant
1755 5134 1811 5179 ttt
1832 5123 2040 5192 fallant,

454 5220 608 5290 juxta
636 5217 779 5287 quod
807 5218 945 5271 idem
978 5213 1231 5270 Salomon
1265 5216 1393 5270 dicit
1420 5233 1433 5269 :
1466 5214 1672 5269 Malum
1696 5214 1898 5270 malum
1939 5226 2037 5284 est,

457 5312 585 5366 dicit
621 5311 787 5365 omnis
815 5311 1065 5380 emptor,‘
1080 5325 1198 5364 cum
1231 5320 1405 5365 autent
1446 5311 1734 5376 recesserit,
1772 5318 1897 5364 tunc
1928 5309 2041 5382 glo-

458 5404 683 5459 riabitur
708 5400 917 5474 (Ibid.).
938 5401 1371 5458 Confutatetiam
1405 5402 1760 5457 nihilominus
1788 5400 1909 5457 illos
1940 5401 2036 5472 qui

457 5498 513 5554 in
555 5495 762 5568 judicio
798 5496 1112 5567 opprimunt
1155 5510 1448 5566 pauperem
1503 5510 1663 5565 prece
1706 5494 1791 5550 vel
1838 5495 2034 5566 pretio,

452 5590 578 5663 jura
601 5588 1001 5654 subvertentes,
1030 5596 1088 5642 ut
1128 5587 1358 5658 jungant
1414 5586 1632 5642 domum
1680 5586 1748 5641 ad
1794 5587 2033 5652 domum,

455 5686 673 5741 vineam
700 5684 767 5739 ad
794 5684 1034 5748 vineam,
1060 5696 1247 5752 agrum
1286 5680 1354 5735 ad
1376 5696 1590 5752 agrum.
1630 5678 1809 5762 Quod,
1836 5679 2035 5733 fratres

456 5780 586 5846 mei,
614 5778 924 5835 omnimodo
953 5786 1163 5842 cavete,
1187 5774 1463 5846 quoniam,
1496 5783 1556 5829 ut
1586 5771 1859 5845 subiungit
1886 5775 2030 5845 Apo-

456 5868 653 5937 stolas,
678 5868 821 5925 Deus
860 5870 1057 5925 vindex
1076 5876 1162 5924 est
1188 5866 1374 5923 talium
1401 5864 1452 5937 (1
1489 5864 1669 5919 Thess.
1693 5865 1791 5935 tv).
1836 5864 2034 5922 Puniet

456 5959 709 6043 videlicet
729 5958 821 6036 qui
860 5962 1117 6035 praedicta
1167 5968 1485 6035 operantur,
1526 5956 1626 6034 vel
1658 5956 2033 6033 temporaliter

2152 4664 2435 4720 caaterisve
2468 4666 2637 4730 vitiis,
2670 4683 2699 4721 a
2724 4665 2942 4720 diabolo
2974 4679 3223 4723 vexatur.
3264 4670 3333 4724 Et
3387 4680 3530 4726 lauto
3554 4670 3695 4740 pejus,

2150 4769 2353 4828 quanto
2387 4760 2627 4815 scienter
2655 4770 2711 4814 et
2740 4770 3039 4829 spontanee
3066 4764 3114 4817 ei
3146 4761 3461 4819 famulatur.
3490 4765 3619 4831 Quod
3656 4764 3693 4815 si

2148 4863 2341 4909 sancta
2372 4854 2613 4908 Ecclesia
2661 4871 2760 4924 pro
2801 4854 3107 4923 hujusniodi
3147 4873 3402 4926 persona,
3449 4858 3693 4913 Dominum

2149 4957 2270 4997 cum
2307 4942 2461 4996 firma
2491 4944 2619 5011 fide,
2649 4960 2773 4999 cum
2808 4961 3003 5015 magna
3046 4948 3362 5011 devotione,
3394 4965 3509 5003 cum
3546 4963 3693 5017 persc-

2146 5034 2393 5087 verautia
2420 5045 2473 5088 et
2496 5035 2810 5090 humilitate
2834 5038 3127 5107 rogaverit,
3163 5055 3263 5109 per
3288 5040 3690 5094 intercessiOnem

2146 5126 2511 5195 apostolorum
2543 5128 2885 5199 aliorumque
2912 5139 3224 5185 sanctorum
3270 5134 3515 5186 exaudiet
3544 5132 3690 5186 Domi-

2148 5231 2279 5284 nus,
2303 5231 2360 5273 et
2390 5234 2702 5289 personam,
2730 5236 2830 5290 pro
2861 5237 2966 5289 qua
3008 5232 3299 5294 rogaturus
3328 5221 3521 5286 fuerat,
3554 5238 3578 5274 a
3606 5236 3687 5290 po-

2145 5317 2339 5366 testate
2366 5312 2565 5367 diaboli
2594 5312 2864 5369 liberabit.
2908 5314 3204 5383 Propterea
3226 5357 3240 5380 ,
3270 5314 3466 5371 fratres
3512 5317 3687 5370 charis-

2144 5399 2290 5467 simi,
2317 5404 2534 5471 quando
2563 5403 2811 5459 videmus
2841 5404 2896 5459 in
2936 5405 3179 5462 Ecclesia
3209 5423 3500 5477 personam
3534 5406 3684 5461 diabe-

2140 5492 2262 5548 lica:
2291 5496 2540 5550 servituti
2589 5497 2976 5567 mancipatam,
3008 5514 3115 5553 non
3154 5514 3429 5555 cessemus
3476 5516 3504 5554 a
3541 5502 3659 5567 preci

2141 5585 2260 5651 ιλυε,
2304 5586 2397 5640 Sed
2421 5585 2717 5642 clamemus
2747 5590 2932 5656 corde,
2965 5590 3264 5646 clamemus
3313 5606 3461 5657 voce,
3514 5590 3675 5644 Clause-

2140 5700 2259 5741 mus
2289 5686 2672 5751 communiter,
2695 5688 2993 5745 clamemus
3019 5688 3391 5759 singulariter,
3417 5687 3667 5741 clamatus;

2138 5785 2574 5846 perseveranter.
2607 5777 2713 5833 Sed
2755 5779 2801 5834 si
2848 5788 2985 5835 teste
3028 5777 3251 5845 Jacobo,
3308 5779 3516 5833 multum
3564 5773 3673 5827 refe:

2137 5866 2437 5935 deprecatio
2460 5866 2595 5936 justi
2642 5870 2859 5925 assidua
2891 5870 3035 5943 (Jac.
3066 5872 3142 5942 v),
3182 5870 3350 5925 multo
3377 5870 3533 5938 magis
3569 5866 3669 5936 pler

2144 5958 2348 6018 valebit
2378 5960 2674 6022 multorum
2702 5964 2918 6023 assidua
2951 5964 3260 6038 deprecatio
3291 5963 3548 6021 iustorum.
3568 5958 3663 6011 ἃδέ
