3822 6316
78 362 181 420 iw!
718 337 1024 396 llOMlLIIE
1051 337 1116 393 ΙΝ
1150 338 1367 395 EPIST.
1410 337 1497 393 ET
1528 336 1581 394 Ε

1685 335 1785 394 NG.
1819 335 2115 395 DOMINIC.
2145 369 2217 380 --
2246 338 2425 397 PARS
2450 338 2491 394 Ι.
3137 342 3301 411 1801,

70 483 228 538 simus,
256 472 455 523 lratres,
486 457 552 513 de
587 471 811 513 numero
838 457 1078 521 illorum,
1120 458 1213 527 qui
1255 454 1413 510 malis
1447 454 1592 508 chri-
1620 464 1668 518 Α
1699 455 1989 522 petendum
2047 455 2143 521 sit,
2170 471 2291 525 qua:
2315 470 2437 511 cum
2487 455 2611 524 liae,
2657 471 2778 512 cum
2815 458 3107 526 desiderio,
3130 462 3297 523 _cnm’

67 566 240 628 stianis,
265 568 315 615 et
338 554 479 611 falsis
516 550 796 618 fratribus,
844 567 951 606 non
992 551 1167 606 soluat
1215 564 1320 605 non
1368 563 1580 618 compaa

68 663 258 717 tiuntur,
289 648 376 704 sed
422 644 579 699 etiam
622 652 1000 698 exsecrantur.
1039 642 1106 697 Et
1134 655 1240 697 non
1283 641 1458 697 solum
1488 655 1585 696 eo-

65 765 159 805 rum
182 736 568 799 conversionem
594 748 698 788 non
732 743 945 803 rogant,
979 734 1072 788 sed
1097 734 1262 788 etiam
1295 733 1504 794 timent,
1531 740 1587 788 et

62 833 187 907 quasi
214 833 512 901 peccatores
557 834 835 891 nunquam
884 820 1105 884 fuerint,
1152 828 1461 891 peccatores
1500 821 1584 874 in-

64 926 221 982 venire
270 916 474 974 veniam
526 913 735 969 nolunt.
794 913 859 968 Et
918 928 1085 983 quare
1132 914 1270 968 hoc?
1313 913 1580 982 Quoniam

60 1022 234 1075 viscera
275 1008 547 1067 eharitatis
614 1022 719 1062 non
791 1008 1014 1071 habent,
1072 1022 1176 1062 non
1239 1008 1581 1062 attendentes

56 1108 268 1181 quoniam
331 1100 596 1156 Judicium
650 1101 761 1154 sine
819 1098 1180 1155 misericordia
1237 1097 1325 1167 [iet
1389 1100 1436 1152 ei
1489 1098 1581 1169 qui

52 1218 134 1256 non
160 1196 268 1267 fecit
291 1191 695 1248 miscricordiam
738 1189 877 1261 (Jac.
908 1191 990 1261 tt).
1032 1189 1141 1246 Nos
1165 1204 1316 1261 ergo,
1354 1188 1578 1256 fratres,

52 1296 225 1346 viscera
275 1284 550 1341 eharitatis
599 1292 653 1338 et
703 1282 1090 1339 misericordiae
1131 1297 1346 1351 semper
1381 1282 1580 1337 habea-

49 1399 164 1448 mue,
191 1377 447 1451 prcecipue
493 1383 809 1446 peccatores
868 1375 934 1430 ad
975 1374 1407 1431 emendationem
1453 1388 1579 1445 pre-

48 1475 172 1528 cibus
210 1479 260 1525 et
302 1466 754 1524 admonitionibus
806 1481 1062 1522 revocare
1119 1474 1453 1537 salagamns.
1521 1465 1578 1520 Si

44 1565 180 1628 enim,
212 1561 397 1616 fratres
420 1560 550 1624 mei,
578 1559 755 1629 magis
785 1560 1222 1629 compatiendnm
1247 1567 1330 1615 est
1354 1560 1579 1624 misero,

46 1654 182 1721 magis
207 1650 635 1723 compatiendum
659 1659 741 1705 est
776 1649 965 1721 iniquo
994 1664 1154 1719 quam
1180 1664 1369 1720 egeno.
1417 1649 1483 1704 Et
1533 1651 1580 1706 si

41 1744 155 1799 Deus
178 1758 273 1797 non
298 1743 441 1797 venit
466 1755 664 1797 vocare
679 1742 880 1813 justas,
905 1743 1000 1797 sed
1024 1751 1341 1811 peccatores
1360 1740 1577 1811 (Matth.

40 1836 119 1905 is),
146 1849 233 1889 nos
256 1832 501 1902 exemplo
552 1831 666 1901 ejus
718 1843 1034 1902 peceatores
1063 1834 1130 1889 ad
1171 1835 1581 1892 conversionem

38 1940 254 1980 vocemus
286 1965 301 1991 ,
378 1924 619 1980 scientes
677 1926 926 1994 quoniam
972 1925 1063 1997 qui
1120 1927 1349 1979 converti
1401 1926 1583 1999 fecerit

35 2028 320 2087 peccatorem
360 2018 425 2070 ab
480 2032 660 2072 errore
723 2018 820 2072 nia:
859 2033 969 2071 sua:
1002 2058 1016 2080 ,
1066 2016 1294 2071 salvabit
1350 2019 1581 2071 animam

31 2110 124 2177 ejus
159 2125 191 2162 a
231 2119 414 2170 morte,
469 2118 520 2162 et
578 2109 742 2176 aperit
805 2106 1192 2162 multitudinem
1251 2116 1582 2177 peccatorum

32 2201 163 2265 (Jac.
195 2199 301 2271 v),
346 2214 455 2254 non
509 2199 685 2254 solum
746 2199 1064 2263 alienorum,
1107 2199 1200 2254 sed
1248 2199 1410 2254 etiam
1454 2211 1580 2267 pro-

27 2292 251 2360 priorum.
292 2290 655 2363 Tropologlce
690 2292 852 2346 etiam
903 2292 1017 2346 iure
1056 2290 1249 2344 mulier
1287 2290 1446 2345 docet
1481 2304 1581 2345 nos

27 2381 133 2450 quid
175 2395 516 2451 unaquaeque
557 2395 784 2452 persona
806 2395 904 2451 pro
932 2380 1041 2434 ﬁlia
1072 2394 1191 2449 sua,
1224 2378 1275 2434 id
1298 2389 1381 2435 est
1401 2379 1581 2435 anima

25 2487 134 2537 sua,
167 2488 195 2527 a
233 2472 451 2529 diabolo
504 2474 647 2528 male
689 2482 885 2528 vexata
918 2514 931 2538 ,
984 2472 1265 2527 Dominum
1328 2479 1577 2543 rogatura

25 2566 175 2622 facere
226 2566 440 2632 debeat,
498 2567 631 2636 quid
682 2576 904 2638 petere,
935 2574 989 2620 et
1039 2565 1329 2635 quomodo,
1372 2571 1428 2617 et
1483 2576 1582 2632 per

25 2670 134 2723 quos
172 2654 464 2725 impetrare
513 2655 713 2709 valeat.
769 2655 1042 2724 llogatnra
1095 2654 1240 2708 enim
1294 2653 1408 2708 haec
1460 2667 1580 2705 tnu—

25 2748 100 2804 |ier
122 2763 211 2820 pro
239 2749 349 2804 lilia
383 2764 485 2804 sua
518 2765 551 2805 a
578 2749 845 2804 daemonio
893 2757 1107 2813 vexata,
1137 2747 1270 2802 exiit
1292 2747 1355 2800 de
1379 2743 1579 2800 ﬁnibus

25 2842 132 2907 suis,
160 2850 212 2896 et
239 2844 305 2897 ad
338 2843 517 2899 Deum
549 2843 796 2897 accessit.
829 2841 1099 2896 Exeamus
1123 2839 1297 2908 primo
1320 2839 1387 2894 de
1408 2837 1578 2894 veteri

25 2943 59 2986 ξι
93 2932 219 2987 mala
251 2935 686 2989 conversatione
726 2943 909 2987 nostra
941 2947 1038 3003 per
1084 2930 1476 3001 paenitentiam,
1526 2937 1580 2984 et

25 3033 169 3077 tuente
213 3024 551 3079 accedamus
576 3024 644 3078 ad
678 3023 1001 3088 Dominum;
1037 3022 1350 3077 deseramus
1400 3029 1579 3075 mente

25 3113 117 3166 lilia
144 3122 196 3168 et
220 3124 452 3185 peccata
485 3124 696 3175 nostra,
721 3123 775 3169 et
807 3115 930 3180 lide,
960 3127 1053 3182 spe
1079 3123 1137 3168 et
1172 3127 1356 3167 amore
1381 3125 1577 3182 sequa-
1606 3149 1650 3210 Ο

26 3218 114 3256 aur
140 3204 454 3260 Dominum.
488 3205 634 3261 Hinc
659 3206 772 3276 ipse
807 3205 940 3260 dixit
969 3205 1035 3259 ad
1060 3203 1331 3259 Abraham
1361 3220 1373 3255 :
1406 3202 1577 3272 Egre-

25 3292 108 3347 lere
128 3296 190 3350 de
214 3304 360 3351 terra
389 3307 441 3351 et
470 3298 544 3352 de
571 3295 881 3367 cognatione
903 3306 1017 3361 tua,
1051 3304 1098 3349 et
1129 3294 1193 3348 de
1232 3293 1386 3347 domo
1411 3292 1579 3362 patris

27 3383 90 3449 ui,
108 3394 209 3440 etc.
238 3385 403 3457 (Gen.
430 3389 567 3457 xu),
597 3386 648 3441 id
675 3395 780 3454 est,
826 3387 1086 3456 egredere
1112 3385 1179 3439 de
1206 3398 1391 3439 amore
1415 3391 1583 3440 terre-

25 3491 191 3542 turum,
234 3487 291 3533 et
326 3479 400 3534 de
432 3478 767 3549 cognatione
797 3475 1098 3532 carnalium
1132 3474 1408 3538 vitiorum,
1433 3480 1489 3530 et
1516 3475 1583 3528 de

25 3577 247 3625 otestate
272 3571 517 3636 diaboli,
540 3579 599 3625 et
626 3570 782 3626 bonis
809 3567 1181 3638 spiritualibus
1204 3575 1256 3621 te
1281 3567 1489 3621 ditabo.
1516 3564 1584 3620 Et

25 3660 280 3727 'salmista,
311 3663 489 3729 Audi,
514 3661 657 3733 filia,
679 3672 725 3716 et
745 3661 886 3726 vide,
914 3669 963 3715 et
985 3661 1183 3714 inclina
1209 3674 1390 3713 aurem
1410 3667 1578 3723 tuam,

25 3752 369 3807 toblioiscere
415 3754 684 3823 populum
733 3762 882 3806 tuum
927 3762 975 3806 et
1024 3752 1237 3805 domum
1284 3750 1451 3819 patris
1503 3748 1580 3803 tui

25 3840 147 3897 Psal.
176 3847 354 3916 xuv).
390 3845 504 3913 Qui
533 3844 681 3901 enim
711 3845 891 3899 adhuc
938 3853 1120 3900 mente
1150 3844 1202 3897 in
1227 3851 1452 3913 peccato
1487 3840 1583 3896 ha-

27 3933 131 4000 itat,
172 3936 225 3991 in
249 3952 465 3993 vanum
502 3937 739 3994 laborat.
779 3936 932 3994 Unde
962 3936 1160 3993 dicitur
1191 3933 1579 3989 :Cumleuave-

25 4026 91 4081 itis
112 4028 184 4081 ad
218 4045 306 4085 me
329 4046 541 4085 manus
566 4039 784 4094 vestras,
818 4045 921 4084 non
941 4027 1223 4083 exaudiam
1260 4043 1369 4092 vos,
1392 4039 1580 4078 manus

28 4118 109 4172 tim
130 4132 322 4176 uestra:
353 4123 637 4194 sanguine
675 4123 846 4191 plenw
879 4130 1001 4176 sunt
1033 4119 1170 4184 (lsa.
1208 4119 1269 4190 t).
1299 4118 1463 4174 Petiit
1483 4131 1581 4170 au-

25 4224 78 4261 ‘ttl
117 4211 321 4267 mulier
353 4226 475 4267 non
510 4226 734 4275 aurum,
764 4226 868 4267 non
921 4220 1230 4281 argentum,
1257 4222 1362 4263 non
1413 4209 1581 4263 hono-

25 4315 81 4365 es,
107 4307 202 4358 sed
230 4313 462 4360 tantum
501 4304 630 4358 tiliae
666 4318 778 4359 suae
817 4302 1066 4359 salutem.
1093 4303 1346 4358 Petamus
1365 4307 1421 4356 et
1457 4314 1578 4365 nos,

25 4403 184 4459 att-es,
216 4410 249 4450 τι
310 4395 568 4453 Domino
597 4409 704 4449 non
733 4393 1067 4460 transitoria,
1099 4394 1192 4450 sed
1216 4402 1438 4455 aeterna,
1472 4404 1579 4445 non

1694 544 2122 612 perseverantia,
2152 560 2277 601 eum
2318 546 2622 602 humilitate
2654 547 2967 616 postulavit.
3017 549 3275 607 Petamus

1691 641 1747 687 et
1778 649 1898 700 nos,
1923 634 2139 699 fratres,
2168 651 2289 691 cum
2325 636 2478 692 firma
2500 635 2604 692 ﬁde
2625 676 2641 703 ,
2666 646 2727 692 ut
2756 638 2954 694 bonum
2984 651 3271 708 aeternum,

1689 727 1831 794 quod
1861 728 2158 797 poscimus,
2206 730 2371 785 Deum
2406 737 2677 800 potentem
2712 732 2846 786 dare
2877 734 3182 801 credantus,
3217 746 3274 790 et

1690 830 1788 870 nos
1823 825 2212 874 consecuturos
2248 810 2372 874 enin
2412 830 2559 875 certa
2599 835 2695 890 spe
2726 820 3119 890 praestolcmnr.
3165 822 3270 892 Qui

1687 906 1834 960 enim
1890 909 1940 961 in
1972 909 2412 980 aliquo‘istorum
2443 911 2671 976 dubitat,
2695 912 2779 966 vel
2817 912 2884 967 de
2909 927 2967 967 se
2998 913 3268 1005 desperat,

1687 997 1772 1051 vel
1805 1014 1909 1052 non
1941 1001 2078 1056 bene
2126 1002 2323 1066 credit,
2368 1001 2450 1057 vel
2489 1019 2595 1057 non
2642 1002 2776 1059 bene
2797 1015 3004 1075 sperat,
3054 1013 3108 1059 et
3148 997 3270 1061 ide'o

1687 1104 1793 1146 non
1846 1103 2205 1162 consequetur
2251 1095 2400 1186 quod
2442 1105 2615 1166 rogat.
2670 1096 2824 1152 Unde
2871 1095 3109 1154 Jac-obus
3153 1099 3270 1186 :.Si

1684 1187 1821 1254 quis,
1872 1188 2065 1257 inquit,
2110 1174 2308 1260 indiget
2352 1191 2629 1260 sapientia,
2670 1192 2894 1262 postulet
2937 1212 2969 1248 a
3018 1194 3126 1248 Deo
3174 1174 3268 1266 aui

1685 1280 1774 1333 (lat
1802 1280 2037 1334 omnibus
2067 1281 2351 1352 afﬂuenter,
2403 1292 2453 1337 et
2495 1300 2598 1338 non
2644 1286 2978 1356 improperat.
3025 1277 3263 1343 Postulet

1684 1378 1858 1424 autem
1888 1372 1942 1424 in
1970 1370 2072 1440 [ide
2102 1373 2230 1427 nihil
2255 1376 2523 1441 ha'sitaus,
2568 1394 2686 1430 nam
2727 1380 2815 1449 qui
2838 1380 3045 1433 Itwsitat
3068 1381 3291 1439 similis.

1683 1473 1757 1519 est
1787 1464 1975 1534 ﬂuctui
2009 1468 2192 1531 maris,
2217 1472 2306 1537 qui
2349 1485 2380 1522 a
2410 1480 2557 1523 vento
2593 1472 2966 1540 circumfertur
3019 1472 3161 1543 (Jac.
3196 1474 3260 1544 ι).

1686 1555 1800 1612 Non
1824 1572 1953 1628 ergo
1974 1558 2204 1613 arstimet
2235 1559 2324 1615 ille
2374 1576 2434 1615 se
2464 1571 2810 1632 accepturum
2842 1565 3045 1635 aliquid
3067 1582 3096 1621 a
3126 1566 3264 1624 Deo.

1685 1645 1942 1703 Pctamus
1987 1656 2043 1703 et
2087 1664 2209 1703 cum
2239 1649 2530 1715 desiderio,
2565 1650 2762 1708 fratres
2808 1656 2933 1719 mei.
2963 1656 3267 1714 clamantes

1687 1737 1808 1808 plus
1844 1737 2008 1793 corde
2064 1753 2226 1809 quam
2287 1754 2437 1805 voce,
2473 1741 2613 1795 sicut
2671 1742 2881 1814 Moyses
2930 1755 2985 1801 et
3014 1746 3266 1804 Susanna

1617 1806 1660 1866 Β
1692 1806 1932 1882 tacentes
1970 1827 2298 1883 clamabant.
2332 1829 2448 1884 Non
2476 1846 2694 1886 oremus
2739 1832 2868 1887 solis
2914 1834 3092 1902 labiis,
3125 1837 3267 1893 sicut

1686 1919 1760 1974 illi
1783 1933 1917 1989 quos
1944 1930 2166 1976 accusat
2198 1922 2480 1987 Dominus,
2516 1923 2704 1979 dicens
2736 1943 2749 1977 :
2789 1924 3022 1994 Papulas
3069 1929 3153 1982 hic
3184 1929 3267 1983 ta-

1684 2005 1781 2065 biis
1824 2027 1905 2065 me
1956 2010 2203 2079 honorat,
2234 2029 2326 2066 cor
2364 2024 2539 2067 autent
2571 2031 2750 2069 eorum
2783 2017 2935 2089 longe
2974 2029 3052 2074 est
3104 2037 3138 2075 a
3185 2037 3269 2075 me

1683 2099 1899 2168 (Matth.
1945 2099 2054 2173 xv).
2086 2099 2201 2155 Non
2250 2116 2468 2157 oremus
2506 2106 2703 2175 tepide,
2754 2108 3009 2176 quoniam
3057 2111 3269 2182 tepidos

1682 2207 1834 2249 vanae
1859 2193 2217 2265 cogitationes
2263 2192 2544 2261 infestant,
2590 2204 2646 2251 et
2686 2197 2841 2267 juxta
2894 2200 3264 2273 Salomonem,

1682 2300 1876 2341 musca:
1897 2287 2173 2341 morientes
2199 2289 2423 2357 perdunt
2449 2289 2758 2344 suavitatem
2784 2295 3033 2362 uugttenti
3060 2294 3262 2366 (Eccle.

1682 2378 1758 2447 x).
1793 2378 1860 2433 Et
1906 2378 1951 2434 si
2001 2392 2100 2434 nos
2135 2377 2514 2435 iufestaverint
2560 2397 2825 2437 vanorum
2873 2385 3263 2453 phantasmata

1681 2468 2094 2539 cogitationum,
2127 2484 2225 2525 nos
2261 2485 2456 2541 magno
2499 2471 2710 2527 fervore
2747 2488 2841 2529 eas
2892 2491 2920 2528 a
2976 2477 3133 2532 nobis
3177 2494 3264 2533 re-

1682 2559 1963 2630 pellamus,
1994 2562 2137 2616 sicut
2192 2562 2452 2631 scriptum
2508 2572 2593 2618 est
2624 2581 2637 2617 :
2678 2563 2940 2629 Quoniam
2979 2567 3262 2637 descende-

1682 2663 1803 2708 runt
1848 2654 2082 2709 volucres
2128 2654 2243 2709 coeli
2282 2670 2439 2724 super
2483 2655 2769 2725 sacri/icio,
2799 2666 2851 2711 et
2899 2659 3135 2730 abigebat
3171 2678 3262 2716 eas

1681 2743 1950 2799 Abraham
1984 2742 2138 2815 (Gen.
2186 2746 2298 2816 xv).
2342 2745 2459 2801 Non
2492 2761 2709 2802 oremus
2747 2747 3082 2820 multiloquio
3123 2751 3265 2807 sicut

1681 2835 1999 2906 hypocrita,
2059 2836 2153 2892 sed
2201 2837 2341 2893 sicut
2389 2836 2650 2894 Dominus
2689 2840 2765 2893 ait
2801 2856 2814 2893 :
2847 2838 2979 2895 Cum
3029 2845 3264 2900 oraveris

1682 2928 1825 2981 intra
1858 2930 1914 2981 in
1940 2927 2237 2982 cubiculum
2264 2938 2430 2991 tuum,
2457 2938 2505 2983 et
2528 2928 2710 2984 clauso
2741 2931 2895 2999 ostio,
2934 2948 3029 2986 ora
3057 2945 3265 3003 patrem

1682 3028 1827 3071 tuum
1860 3017 2077 3089 (Matth.
2107 3021 2204 3091 vi).
2237 3020 2317 3072 Ad
2346 3019 2607 3086 litteram,
2634 3019 2853 3088 fratres,
2879 3038 3146 3080 secretum
3176 3042 3267 3082 sa-

1682 3119 2002 3180 cratumque
2027 3111 2204 3165 locum
2233 3111 2433 3182 eligere
2455 3112 2715 3167 debemus
2740 3115 2808 3168 ad
2835 3116 3119 3171 orandum.
3154 3118 3264 3174 Sed

1684 3209 1737 3255 et
1762 3202 1987 3273 mystice
2019 3204 2158 3255 intra
2185 3212 2455 3257 secretum
2481 3203 2660 3259 cordis
2692 3205 2860 3259 nostri
2885 3221 2984 3261 nos
3006 3207 3266 3264 debemus

1684 3290 2028 3355 concludere,
2063 3300 2172 3345 tam
2204 3291 2503 3347 intentione
2532 3309 2695 3364 quam
2724 3296 3072 3366 cogitatione,
3100 3314 3167 3353 ne
3195 3299 3266 3354 ad

1684 3380 1955 3435 exteriora
1984 3395 2361 3449 pervagemur,
2418 3390 2473 3437 et
2494 3382 2696 3437 ostium
2742 3381 3117 3444 sensualitatis
3160 3402 3264 3442 no-

1684 3482 1813 3527 strze
1859 3472 2114 3528 obserere
2163 3473 2443 3538 debemus,
2492 3488 2560 3530 ne
2615 3489 2767 3531 vanae
2803 3478 3163 3549 cogitationes
3207 3492 3265 3537 et

1683 3564 1962 3621 diabolicae
1991 3567 2337 3631 tentationes,
2361 3581 2482 3636 quae
2504 3568 2738 3623 maxime
2760 3580 2980 3627 orantes
3004 3571 3264 3629 infestare

1684 3655 1903 3724 solent,
1964 3656 2032 3712 ab
2075 3658 2338 3713 orationis
2393 3659 2850 3731 contemplatione
2900 3678 2998 3719 nos
3048 3664 3265 3724 valeant

1683 3749 2023 3819 perturbare.
2054 3748 2308 3804 Petaurus
2341 3758 2395 3805 et
2440 3766 2561 3805 cum
2595 3756 3021 3820 perseverantia.
3048 3756 3182 3812 Nam
3208 3769 3265 3815 et

1682 3841 1726 3894 si
1760 3839 1901 3895 Deus
1956 3840 2225 3908 postulata
2258 3838 2471 3905 diilcrt,
2522 3856 2627 3897 non
2682 3853 2860 3899 tamen
2890 3847 3088 3902 aufert.
3124 3847 3265 3906 Deus

1682 3930 1825 3986 enim
1856 3945 1960 3987 non
1988 3932 2197 4002 spernit
2222 3946 2415 4001 preces
2455 3947 2777 4005 pauperum,
2815 3938 2910 3992 sed
2936 3939 3056 3995 ideo
3083 3938 3266 3999 differt

1683 4031 1743 4078 ut
1771 4023 1894 4093 plus
1923 4038 2197 4094 rogemus,
2229 4033 2283 4079 et
2309 4024 2429 4093 plus
2463 4034 2737 4097 rogantes,
2765 4027 2884 4099 plus
2931 4046 3261 4088 mereamur.

1685 4112 1839 4170 Unde
1861 4115 1976 4185 ipse
2003 4115 2055 4169 in
2080 4115 2373 4185 Evangelio
2393 4118 2549 4188 jubet
2578 4133 2675 4174 nos
2706 4134 3122 4191 perseveranter
3161 4142 3263 4195 po-

1684 4206 1906 4263 stulare.
1934 4205 2124 4272 Petite,
2156 4208 2349 4278 inquit,
2376 4218 2424 4264 et
2469 4211 2769 4280 accipietis;
2790 4215 3038 4284 quierite,
3088 4226 3136 4272 et
3181 4220 3265 4273 in-

1683 4299 1916 4354 venietis.
1966 4298 2198 4365 Quwrite
2240 4302 2548 4371 operando,
2593 4302 2796 4371 pulsate
2842 4312 3263 4375 perseverando.

1685 4389 1871 4447 Omnis
1909 4393 2045 4445 enim
2069 4393 2160 4462 qui
2188 4393 2313 4461 petit
2355 4404 2788 4461 perseveranter,
2830 4397 3043 4466 accipit,
3082 4410 3130 4454 et
3172 4405 3264 4472 qui

30 4498 241 4539 rreuam
302 4487 718 4548 substantiam,
762 4484 857 4540 sed
903 4492 1111 4538 tantum
1158 4482 1352 4537 anima:
1382 4490 1582 4537 eoum
1614 4490 1659 4546 D
1681 4487 1894 4557 quaerit,
1923 4486 2137 4547 invenit,
2164 4497 2210 4540 et
2231 4485 2462 4556 pulsanti
2485 4487 2751 4555 aperietur
2775 4487 2929 4561 (Luc.
2961 4505 3060 4559 xu).
3099 4493 3263 4548 Peta-

33 4572 212 4633 lutem.
262 4576 368 4634 Sic
416 4577 583 4634 enim
634 4577 895 4631 Dominus
950 4576 1004 4631 in
1052 4573 1344 4646 Evangelio
1387 4572 1582 4642 jubet:

26 4667 165 4733 alite,
210 4670 429 4741 inquit,
465 4669 694 4724 solliciti
723 4685 857 4732 esse,
884 4668 1116 4722 dicentes
1148 4680 1167 4718 :
1196 4664 1340 4731 Quid
1367 4666 1588 4718 mandu-

30 4756 228 4824 bimus,
258 4768 361 4813 aut
405 4758 554 4830 quid
577 4757 806 4812 bibemus
821 4758 846 4810 1’
864 4758 953 4811 sed
971 4756 1197 4825 primum
1222 4754 1442 4826 quierite
1478 4769 1587 4823 reg-

25 4865 84 4901 Im
114 4850 217 4906 Dei
240 4864 294 4908 et
324 4852 630 4923 justitiam
657 4852 794 4921 ejus,
821 4860 870 4905 ct
913 4850 1024 4905 haec
1053 4850 1230 4904 omnia
1269 4847 1587 4917 adﬁcientur

26 4938 101 4994 bis
122 4940 361 5012 (Matth.
396 4945 511 5005 vt).
545 4941 647 5009 Qui
677 4944 821 4998 enim
855 4957 990 4996 vana
1019 4939 1324 5012 postulabat
1346 4947 1398 4993 et
1427 4952 1582 5001 vane,

27 5048 125 5088 nus
152 5045 266 5095 eet.
299 5036 474 5091 Vane
520 5045 704 5089 autem
736 5033 856 5089 ideo
880 5035 1023 5097 dico,
1052 5032 1306 5101 quoniam
1335 5044 1457 5084 cum
1485 5028 1584 5084 Ec-

25 5126 116 5181 :sia
144 5137 312 5200 rogat
347 5143 464 5198 pro
495 5125 769 5182 fructibus
805 5135 984 5190 terrae,
1009 5133 1064 5179 et
1089 5137 1187 5193 pro
1213 5120 1426 5177 caeteris
1458 5131 1586 5175 tem-

26 5220 239 5277 ralibus
270 5222 481 5286 bonis,
511 5219 772 5289 quoniam
820 5233 925 5272 non
968 5231 1106 5271 vana
1131 5215 1452 5277 intentione,
1488 5211 1586 5267 sed

34 5310 149 5367 Deo
177 5323 239 5369 et
281 5314 358 5368 ad
393 5313 583 5367 Deum
611 5310 711 5367 hoc
740 5308 996 5382 postulat,
1026 5323 1133 5362 non
1169 5306 1291 5361 ideo
1321 5320 1458 5359 vana
1478 5312 1582 5358 est.

25 5405 55 5457 ιι
82 5407 177 5474 qui
212 5421 402 5471 vana,
435 5413 505 5459 et
522 5417 658 5457 vana
680 5403 982 5459 intentione
1009 5398 1374 5470 postulat,ille
1400 5398 1589 5467 utique

25 5516 118 5556 ous
141 5510 257 5558 est.
295 5502 417 5569 Qui
457 5509 658 5555 autem
685 5508 913 5554 mortem
940 5496 1293 5552 veldamnum
1319 5492 1403 5548 vel
1428 5492 1589 5546 ultio-

26 5611 64 5645 n
91 5595 320 5651 inimici
350 5595 450 5650 sui
476 5593 644 5663 petit,
667 5592 837 5648 malus
859 5601 964 5647 est.
984 5590 1062 5645 De
1083 5589 1335 5659 qualibus
1356 5585 1589 5641 Jacobus

49 5703 65 5738 :
101 5685 185 5742 Pe
211 5689 314 5741 itis
346 5690 515 5741 enim
543 5692 591 5738 et
633 5702 734 5739 non
777 5684 1036 5754 accipitis,
1068 5698 1130 5736 eo
1159 5680 1299 5751 quod
1337 5678 1475 5733 male
1501 5692 1589 5747 pe-

25 5781 61 5835 is
87 5782 250 5854 (Jac.
292 5798 353 5836 iv
365 5788 416 5848 ).
447 5777 715 5834 Ostendit
735 5792 953 5849 quoque
971 5777 1087 5833 haec
1109 5773 1303 5830 mulier
1321 5770 1590 5842 quomodo

231 5902 558 5964 PATBOL.
604 5895 780 5959 CLV.

1688 4592 1809 4632 mus
1834 4586 1888 4631 et
1916 4592 2037 4631 cum
2071 4577 2391 4639 humilitate,
2424 4575 2622 4632 fratres
2652 4579 2983 4647 cltarissimi,
3010 4593 3266 4653 reputan-

1690 4678 1771 4725 tes
1793 4684 1891 4725 nos
1930 4669 2235 4724 immundos
2283 4685 2469 4735 canes,
2518 4681 2574 4726 ct
2618 4672 2684 4725 ad
2733 4676 2990 4727 vomitum
3024 4677 3262 4733 sordium

1687 4770 1994 4815 nostrarum
2026 4774 2170 4829 saepe
2204 4773 2454 4814 reversos
2483 4777 2496 4813 :
2529 4774 2668 4829 pane
2700 4758 2958 4827 ﬁliorum,
2990 4765 3264 4831 apostolo-

1688 4867 1804 4906 runt
1855 4851 2067 4907 scilicet
2123 4861 2175 4906 et
2224 4860 2520 4923 martyrum
2565 4859 2619 4906 et
2663 4851 2890 4907 aliorum
2943 4865 3264 4914 sanctorum

1686 4942 1861 5011 gratia
1886 4942 2159 5012 indignos.
2192 4940 2297 4995 Sed
2328 4939 2636 5012 ﬂagitamus
2662 4939 3025 5011 aliquantulas
3048 4943 3266 5015 largita-

1686 5036 1756 5090 tis
1796 5050 1906 5090 sute
1955 5031 2230 5090 minucius
2279 5035 2433 5088 nobis
2489 5032 2774 5089 immeritis
2803 5031 3110 5104 impertiri.
3163 5038 3265 5094 Per

1684 5139 1915 5194 quorum
1969 5138 2095 5179 vero
2136 5122 2552 5178 intercessiones
2599 5136 2631 5177 a
2677 5121 2906 5178 Domino
2955 5138 3269 5183 mereamur

1685 5215 1885 5283 audiri,
1920 5214 2326 5269 demonstratur
2360 5214 2515 5268 nobis
2579 5213 2631 5268 in
2690 5212 2918 5270 muliere
2967 5214 3092 5282 ista,
3143 5232 3266 5285 quae

1685 5321 1783 5377 per
1812 5305 2264 5361 intercessionem
2313 5303 2679 5377 apostolorum
2708 5319 2738 5359 a
2774 5306 3003 5361 Domino
3028 5309 3267 5376 postula-

1689 5407 1802 5453 tum
1837 5397 2168 5467 impetravit,
2197 5396 2491 5450 dicentium
2528 5413 2541 5448 :
2573 5395 2788 5451 Dimitte
2810 5396 2983 5461 illum,
3009 5400 3131 5464 quin
3158 5399 3266 5452 cla-

1687 5500 1794 5544 mat
1840 5499 1957 5559 post
2003 5504 2117 5542 nos.
2170 5486 2478 5542 Clamemus
2500 5493 2556 5541 et
2581 5501 2699 5554 nos,
2746 5486 2965 5569 fratres~
2985 5489 3111 5553 mei,
3143 5500 3266 5559 post

1690 5583 1999 5646 Dominum,
2049 5590 2104 5636 et
2149 5588 2273 5651 post
2300 5579 2572 5648 apostolos
2614 5590 2948 5650 exterasque
2997 5592 3263 5640 sanctos:

1690 5676 1986 5731 clamamus
2017 5673 2288 5742 suspiriis,
2307 5672 2601 5727 clamemns
2620 5681 2673 5726 et
2698 5672 2973 5744 lacrymis,
2997 5682 3268 5743 quatenus

1692 5767 1979 5824 devotione
2018 5765 2198 5823 cordis
2252 5778 2436 5820 eorum
2473 5763 2677 5819 viscera
2708 5778 3166 5833 coiumoveamus,
3210 5773 3269 5827 ut

2814 5877 2889 5938 57
