3822 6316
562 304 700 371 i803

1524 296 1871 363 XDDENDA.
1926 326 1997 346 -δ-
2036 292 2383 360 RADULPMI
2421 296 2766 363 ARDENTI‘S
3586 318 3664 377 tto;

558 447 656 499 pro
686 430 843 483 nobis
867 426 1042 497 sancti
1073 424 1214 495 apud
1252 416 1429 478 Deum
1458 421 1812 475 intercedant.
1849 406 2000 488 Quod
2037 419 2142 473 uti-
2169 421 2218 480 Α
2320 418 2578 487 Sequitur
2598 429 2731 489 pars
2758 402 3018 488 secunda,
3063 421 3114 476 in
3138 438 3246 492 qua
3268 424 3473 479 ostendit
3497 427 3670 496 Λιιοςιοιιις

559 530 686 589 que,
714 518 936 583 fratres,
966 517 1075 582 liet,
1105 516 1151 571 si
1185 514 1352 569 Deum
1378 512 1428 567 in
1454 511 1659 565 sanctis
1690 511 1803 566 suis
1834 511 2136 565 honorave-

558 611 758 674 rimus,
788 610 831 664 si
863 624 1049 664 eorum
1098 605 1287 660 altaria
1329 603 1483 658 donis
1514 611 1569 657 et
1625 602 1989 658 iuminaribus
2018 600 2141 655 illu-

557 704 938 767 straverimus,
966 702 1011 758 si
1035 697 1405 755 solemuitates
1457 710 1643 751 eorum
1669 696 1861 751 dev0te
1899 693 2142 751 celebra-

557 793 819 852 verimus.
842 793 884 847 si
904 807 1089 847 eorum
1114 790 1403 844 memorias
1426 789 1477 844 in
1500 787 1704 843 litaniis
1728 796 1783 843 et
1803 787 2141 843 orationibus

558 882 1113 951 frequentaverimus,
1146 890 1205 935 ut
1234 880 1452 935 tandem
1484 889 1670 935 nOStra
1700 880 1988 936 devotione
2017 894 2141 951 pro-

559 968 717 1040 moti,
742 974 981 1029 clamant
1007 981 1062 1028 et
1094 973 1195 1042 ipsi
1244 987 1342 1042 pro
1375 973 1531 1027 nobis
1581 990 1596 1028 :
1651 973 1899 1037 Domine,
1928 973 2140 1028 dimitte

560 1067 702 1127 illos.
734 1067 859 1136 quia
883 1066 1123 1121 clamant
1147 1074 1267 1133 post
1289 1079 1406 1119 nos.
1437 1065 1660 1120 Dimitte
1688 1065 1806 1121 illos
1836 1066 2140 1120 exaudien-

559 1158 648 1221 do,
676 1158 803 1225 quia
848 1155 1101 1226 precibus
1156 1155 1370 1225 pulsant
1411 1172 1525 1212 nos.
1581 1158 1650 1211 At
1699 1157 1912 1214 illorum
1956 1156 2141 1226 procul

558 1248 719 1303 dubio
741 1248 1137 1302 interventione
1166 1248 1549 1318 propitiabitur
1592 1250 1872 1316 Dominus,
1903 1250 2137 1307 animam

556 1349 797 1394 nostram
830 1339 1065 1395 liberans
1095 1355 1124 1394 a
1176 1340 1441 1395 itacntonio
1472 1356 1483 1390 :
1516 1350 1568 1394 et
1592 1341 1696 1404 hic,
1729 1349 1785 1394 ut
1814 1341 2141 1395 tentationes

557 1431 674 1501 ejus
703 1446 1044 1501 superemus,
1072 1442 1127 1486 et
1159 1431 1210 1485 in
1251 1430 1435 1485 futuro
1467 1445 1533 1485 ne
1559 1432 1792 1502 amplius
1818 1432 1888 1487 ab
1916 1447 1982 1487 eo
2016 1441 2138 1488 ten-

559 1522 661 1575 tari
702 1511 999 1588 valeamus,
1034 1522 1150 1590 ipso
1178 1530 1470 1589 przestante
1513 1521 1603 1591 qui
1635 1523 1685 1576 in
1718 1520 1988 1577 Trinitate
2017 1536 2142 1592 pcr-

554 1610 700 1665 fecta
733 1611 862 1664 vivit
887 1622 941 1665 et
971 1620 1160 1682 regnat
1186 1611 1349 1677 Deus,
1391 1627 1487 1682 per
1515 1612 1696 1667 omnia
1735 1612 1931 1667 saecula
1970 1627 2140 1668 saecu-

556 1701 755 1757 lorum.
796 1703 990 1758 Amen.

1073 1794 1352 1851 llOMlLlA
1386 1794 1626 1851 XXXIX.

878 1903 1127 1943 DOIINICA
1160 1905 1356 1944 TERTIA
1383 1903 1829 1952 QUADRAGESIME.

632 1980 813 2034 Estote
843 1980 1136 2035 imitatores
1172 1979 1289 2044 Dei,
1320 1982 1453 2034 sicut
1477 1980 1580 2049 ﬁlii
1603 1982 1924 2048 charissimi,
1952 1991 2000 2036 et
2026 1999 2139 2035 ams

558 2072 733 2125 bulate
772 2071 827 2124 in
876 2070 1150 2126 dilectione
1176 2072 1310 2126 sicut
1352 2082 1398 2127 et
1447 2072 1688 2127 Christus
1737 2073 1919 2128 dilexit
1952 2091 2065 2139 nos,
2090 2085 2137 2129 et

556 2165 774 2218 tradidit
803 2164 1131 2231 semetipsum
1157 2180 1251 2231 pro
1284 2165 1450 2228 nobis,
1493 2163 1806 2221 oblationem
1834 2178 1881 2221 et
1912 2167 2137 2222 hostiam

554 2254 667 2310 Deo
687 2257 739 2309 in
760 2257 971 2311 odorem
989 2255 1288 2322 suavitatis,
1305 2264 1412 2310 etc.
1430 2252 1647 2324 (Ep/tes.
1677 2259 1751 2327 v.)
1775 2256 2033 2328 Bipertita
2055 2267 2138 2313 est

555 2348 717 2403 lectio
762 2348 888 2416 ista,
932 2347 1128 2402 fratres
1188 2347 1493 2403 charissimi
1526 2348 1750 2405 :Primo
1790 2350 1932 2405 enim
1984 2348 2139 2404 nobis

554 2437 804 2508 praecipit
840 2435 1132 2507 Apostolus
1162 2445 1221 2491 ιιι
1245 2435 1528 2492 Dominum
1558 2439 1853 2493 imitemur.
1886 2437 2137 2493 Secundo

552 2529 787 2585 Ostendit
841 2529 897 2583 in
944 2527 1138 2599 quibus
1196 2543 1320 2583 eum
1387 2529 1588 2584 imitari
1645 2530 1926 2585 debemus.
1981 2530 2131 2585 Prie-

553 2622 763 2692 cipiens
801 2620 967 2692 igitur
1011 2620 1191 2690 primo
1238 2636 1338 2676 nos
1385 2621 1584 2677 imitari
1646 2622 1956 2688 Dominum,
2015 2625 2133 2678 ait:

553 2712 737 2769 Estote
786 2714 1082 2768 imitatores
1126 2711 1243 2767 Dei.
1290 2711 1397 2769 Sed
1454 2714 1579 2784 quia
1626 2716 1844 2784 quidam
1886 2730 2137 2785 perverse

553 2806 843 2861 voluerunt
874 2806 1077 2860 imitari
1130 2807 1299 2860 Deum
1325 2846 1339 2870 ,
1370 2806 1716 2861 attribuendo
1747 2808 1846 2862 sibi
1878 2807 2135 2862 divinita-

557 2905 685 2961 tem,
714 2896 1112 2962 auctoritatem,
1161 2903 1217 2951 et
1248 2910 1311 2949 ea
1360 2911 1480 2967 qua:
1507 2896 1673 2952 solius
1714 2898 1802 2952 Dei
1874 2909 2021 2966 sunt,
2080 2908 2139 2953 ut

553 2985 783 3056 Jupiter,
836 2985 1045 3053 Simon,
1090 2995 1147 3042 et
1174 2985 1435 3056 Cosdroe,
1488 2996 1544 3043 ct
1600 2988 1776 3045 adhuc
1803 2991 2021 3061 quidam
2054 2991 2135 3047 fa-

553 3080 726 3144 ciunt,
752 3078 841 3146 qui
873 3084 1064 3147 putant
1089 3092 1148 3133 se
1193 3078 1394 3148 aliquid
1428 3077 1555 3135 boni
1583 3080 1662 3135 vel
1706 3096 1868 3151 posse
1908 3082 1993 3138 vel
2041 3084 2131 3138 ba-
2162 3106 2208 3171 ρ

553 3169 684 3223 bere
714 3183 779 3222 ex
821 3183 903 3233 se,
937 3167 1060 3224 ideo
1098 3169 1340 3241 adiungit
1386 3171 1699 3241 Apostolus,
1730 3174 1863 3229 sicut
1882 3175 1985 3243 ﬁlii
2010 3178 2136 3230 clla»

554 3258 773 3313 rissimi.
802 3259 973 3315 Filius
1025 3261 1224 3331 quippe
1254 3262 1608 3320 cbarissimus
1664 3265 1905 3323 imitatur
1935 3269 2132 3323 bonum

552 3359 784 3420 patrem,
817 3367 921 3405 non
947 3360 1004 3405 ut
1031 3362 1254 3423 usurpet
1276 3353 1704 3423 ejusdominium
1737 3365 1792 3412 et
1822 3359 2126 3414 auctorita-

555 3453 687 3506 tetn,
717 3443 810 3499 sed
842 3455 900 3499 ut
947 3443 1272 3514 respondeat
1328 3445 1377 3500 ei
1438 3444 1490 3500 in
1533 3448 1795 3513 moribus,
1838 3458 1897 3503 ut
1927 3448 2135 3505 scilicet

554 3534 744 3607 diligat
792 3547 1001 3606 patrem
1050 3551 1233 3601 suum,
1276 3538 1413 3592 sicut
1453 3537 1695 3610 diligitur
1726 3541 1793 3595 ab
1820 3555 1910 3605 eo,
1960 3552 2017 3596 ut
2060 3543 2133 3599 sit

557 3626 822 3698 prudens,
845 3628 1132 3694 honestus,
1151 3628 1332 3700 justus
1370 3638 1423 3685 ct
1452 3631 1691 3687 moribus
1718 3634 1963 3701 ornatus,
1990 3634 2133 3690 sicut

550 3730 730 3790 pater.
760 3720 913 3786 Quis,
964 3718 1162 3775 fratres
1206 3722 1537 3790 charissimi,
1565 3724 1686 3794 quis
1730 3725 1906 3795 potuit
1941 3727 2131 3783 melius

550 3811 751 3865 imitari
784 3811 952 3866 Deum
983 3810 1198 3866 Patrem
1252 3814 1304 3867 in
1336 3814 1669 3885 aequalitate,
1712 3827 1765 3871 et
1798 3820 2045 3887 potentia
2077 3830 2133 3876 ct

550 3903 891 3971 auctoritate,
922 3918 1081 3973 quam
1141 3904 1257 3975 ejus
1302 3906 1494 3961 unicus
1545 3916 1597 3961 et
1650 3909 2131 3967 consubstantialis

548 3991 744 4059 Filius,
770 3992 1031 4048 Dominus
1059 4005 1240 4049 noster
1270 3994 1427 4050 Jesns
1453 3996 1741 4052 Christus?
1772 3997 1974 4053 Tamen
2014 4000 2128 4063 ille,

549 4094 610 4139 nt
634 4084 709 4138 ait
739 4084 1043 4154 Apostolus,
1092 4102 1194 4140 non
1228 4087 1464 4156 rapinam
1511 4088 1799 4143 arbitratus
1827 4098 1904 4143 est
1939 4107 2048 4145 esse
2075 4109 2129 4146 se

551 4175 804 4245 aqualem
832 4174 939 4230 Deo
969 4174 1189 4246 (Philip.
1220 4179 1300 4248 ιι).
1341 4177 1455 4233 Non
1500 4181 1643 4235 enim
1673 4181 1809 4235 dixit
1859 4199 1918 4237 se
1947 4198 2069 4239 esse.
2098 4200 2128 4238 a

549 4266 809 4335 se,seda
864 4266 1046 4322 Patre.
1089 4267 1204 4323 Non
1255 4270 1388 4325 dixit
1445 4286 1504 4325 se
1559 4272 1772 4327 venisse
1826 4288 1853 4326 a
1897 4288 1977 4341 se,
2034 4277 2128 4331 sed

550 4382 582 4419 a
632 4362 813 4419 Patre.
863 4363 981 4419 Non
1043 4364 1182 4419 dixit
1229 4379 1287 4420 se
1336 4355 1586 4436 quaerere
1644 4366 1872 4438 gloriam
1923 4386 2074 4426 suam
2106 4412 2121 4435 ,

2243 506 2298 562 in
2326 508 2522 577 quibus
2563 509 2732 566 Deum
2764 511 2964 566 imitari
3006 513 3327 578 debeamus,
3357 529 3457 568 cum
3478 518 3670 579 sithlitzlit

2244 598 2509 654 ambulate
2528 601 2584 655 in
2607 600 2909 667 dilectione,
2947 604 3084 657 sicut
3131 587 3433 658 et°Cltristns
3465 606 3673 681 diluuia,

2243 697 2349 746 etc.
2383 690 2555 747 Porro
2583 693 2636 747 in
2675 694 2847 751 tribus
2890 695 3151 767 praecepit
3179 696 3349 750 Deum
3391 696 3676 761 itttilsriJitleli-

2242 789 2329 836 cet
2351 790 2410 837 ut
2437 781 2703 839 faciamus
2724 800 2823 853 pro
2848 801 2915 841 eo
2943 787 3087 855 quod
3139 788 3258 858 ipse
3284 786 3497 860 fecitpro
3522 793 3680 859 muttiant

2244 889 2305 930 ea
2335 890 2454 945 quae
2486 877 2599 947 ipse
2644 878 2769 933 odio
2799 879 2986 948 habet,
3023 881 3148 935 odio
3189 881 3481 944 habeamus.
3506 894 3682 956 uisaque

2244 966 2361 1036 ipse
2405 968 2601 1039 diligit,
2653 970 2961 1040 diligamus.
3001 972 3188 1027 Primo
3223 973 3388 1042 igitur
3429 991 3504 1029 nos
3533 976 3684 1033 hortatur

2242 1059 2551 1130 Apostolus,
2581 1072 2639 1116 ut
2689 1062 2955 1119 faciamus
3007 1081 3105 1135 pro
3133 1065 3471 1135 Christoque
3509 1068 3684 1137 ipseiecit

2246 1152 2544 1219 pro-nobis,
2580 1168 2703 1207 cum
2731 1153 2868 1209 dixit
2902 1171 2918 1209 :
2949 1155 3014 1208 Et
3035 1154 3376 1225 antl/ulatein
3394 1157 3593 1214 dilectione
3607 1163 3685 1215 sint

2242 1254 2288 1299 et
2319 1242 2558 1300 Christus
2580 1233 2763 1301 dile‘arit
2790 1249 2984 1302 nos.1n
3007 1249 3303 1305 dilectione
3340 1251 3546 1320 ambulat,
3565 1258 3623 1323 qui
3643 1258 3687 1313 di-

2243 1333 2379 1403 ligit,
2427 1344 2483 1390 et
2530 1351 2694 1407 opera
2750 1339 3054 1394 dilectionis
3083 1339 3241 1394 facit.
3269 1339 3495 1396 Hortatur
3514 1358 3683 1416 ergonot

2242 1435 2303 1481 ut
2332 1429 2788 1496 quemadmodum
2814 1431 3066 1486 Christus
3090 1431 3283 1487 dilexit
3307 1448 3418 1500 nos,
3436 1435 3573 1490 ethoc
3590 1452 3689 1507 opere

2242 1517 2478 1587 probans
2510 1519 2730 1573 tradidit
2757 1521 3114 1591 semetipsum
3160 1538 3261 1593 pro
3293 1525 3452 1587 nobis,
3495 1526 3549 1580 ita
3577 1536 3610 1581 et
3634 1544 3691 1583 nos

2242 1624 2365 1664 eum
2400 1609 2717 1679 diligamus,
2751 1621 2807 1666 et
2846 1613 3131 1670 tradamus
3185 1616 3519 1686 nosmetipsos
3548 1633 3613 1687 pro
3641 1635 3690 1674 eo.

2247 1696 2512 1766 Tradidit,
2541 1702 2735 1771 inquit,
2768 1705 2995 1774 seipsum
3022 1722 3120 1775 pro
3146 1707 3299 1761 nobis
3325 1708 3694 1765 oblationestttte

2245 1790 2400 1843 stium
2444 1790 2574 1846 Deo.
2629 1792 2991 1862 Oblationem,
3024 1799 3242 1867 quando
3268 1799 3450 1855 obtulit
3471 1815 3517 1856 se
3546 1801 3592 1855 sti
3621 1803 3697 1859 alte

2246 1878 2501 1935 diendum
2526 1882 2676 1938 Patri
2702 1900 2798 1954 pro
2826 1886 2999 1941 nobis.
3026 1885 3295 1952 Hostiam,
3320 1891 3507 1958 quando
3524 1906 3567 1947 se
3581 1892 3625 1946 ad
3641 1909 3698 1961 tuo

2246 1979 2507 2042 ticndum,
2536 1986 2591 2033 et
2638 1977 2740 2033 hoc
2774 1979 2840 2031 in
2867 1978 3081 2032 odorem
3118 1979 3421 2046 suscitatis,
3452 1983 3634 2050 quoniam
3666 1984 3697 2036 in

2246 2069 2349 2123 hoc
2391 2068 2666 2125 sacriﬁcio
2698 2067 2987 2138 plusquam
3040 2071 3094 2124 in
3144 2072 3359 2127 caatcris
3387 2073 3617 2128 delectatus
3651 2086 3699 2128 est

2245 2162 2424 2216 Pater.
2461 2162 2614 2218 Unde
2642 2169 2697 2216 et
2741 2161 2808 2215 de
2837 2162 3028 2217 eodem
3061 2162 3201 2217 dixit
3230 2181 3245 2217 :
3284 2163 3353 2218 In
3374 2181 3466 2232 quo
3508 2166 3601 2218 milii
3629 2166 3700 2219 im

2243 2251 2535 2321 contplacni
2562 2250 2783 2323 (Matth.
2815 2252 2971 2321 xvu).
3015 2253 3126 2308 Nos
3155 2269 3394 2324 quoque,
3422 2254 3596 2317 fratres,
3626 2254 3704 2310 olc-

2247 2356 2429 2396 ranms
2451 2343 2812 2411 nosmetipsos
2848 2340 2995 2395 Patri
3028 2357 3126 2412 pro
3165 2344 3319 2413 ipso,
3362 2345 3424 2398 ad
3455 2346 3705 2400 obedientium

2241 2445 2295 2488 et
2322 2433 2758 2502 compatictnhun
2784 2447 2882 2502 pro
2931 2434 3070 2503 ipso.
3105 2434 3175 2488 Et
3226 2434 3273 2488 si
3325 2435 3467 2490 deest
3489 2443 3704 2504 persecutor

2242 2526 2332 2596 qui
2373 2540 2471 2579 nos
2510 2540 2609 2594 pro
2638 2525 2765 2595 ipso
2820 2534 3049 2590 mactet,
3087 2541 3188 2580 nos
3220 2534 3400 2581 tamen
3439 2527 3709 2582 mactemssin

2242 2619 2397 2674 nobis
2454 2616 2707 2673 carnales
2760 2618 3283 2687 concupiscentias,
3338 2629 3397 2673 et
3439 2618 3710 2688 cmciligtuns

2242 2712 2484 2766 membra
2512 2721 2693 2767 nostra
2719 2726 2842 2766 cum
2870 2711 3017 2766 vitiis
3044 2721 3097 2766 et
3117 2714 3547 2784 concupiscentiis
3566 2712 3710 2781 (Gelu,

2242 2812 2303 2856 ut
2332 2802 2544 2857 scilicet
2574 2816 2771 2856 manus
2800 2801 3220 2872 crucifigantur,
3266 2820 3337 2858 ne
3366 2805 3715 2860 extendantursl-

2242 2905 2324 2949 tra
2351 2895 2419 2948 ad
2446 2894 2716 2963 agendum
2745 2892 2903 2949 male.
2940 2893 3119 2950 Pedes
3169 2896 3557 2966 crucifigantur.
3596 2912 3643 2950 ne
3676 2896 3715 2948 ile

2241 2992 2437 3041 caetero
2455 2984 2595 3040 male
2616 2983 2913 3040 ambulent.
2929 2985 3331 3056 Cruciligamus
3341 3002 3520 3057 corpus
3534 2998 3716 3047 nuarum,

2241 3090 2309 3130 ne
2338 3074 2405 3130 de
2453 3085 2652 3130 caetero
2699 3075 2839 3129 male
2878 3073 3202 3142 delectetur,
3250 3086 3307 3132 et
3354 3077 3573 3132 similiter
3594 3086 3717 3131 calet:

2241 3168 2508 3226 membra.
2544 3167 2798 3224 Secundo
2825 3178 3012 3224 mouet
3042 3184 3143 3224 nos
3170 3170 3473 3241 Apostolus,
3502 3179 3619 3224 utea
3641 3184 3716 3237 qui!

2240 3260 2383 3317 Deus
2404 3260 2529 3316 odio
2552 3259 2734 3327 habet,
2758 3259 2886 3315 odio
2901 3260 3071 3316 etiam
3102 3261 3415 3325 habeamus,
3440 3277 3548 3316 cum
3566 3260 3716 3315 subdit:

2238 3350 2550 3408 Fornicatio
2569 3362 2744 3407 autem
2765 3362 2813 3407 et
2851 3353 3021 3407 omnis
3068 3354 3426 3414 inmunditia,
3449 3363 3527 3407 aut
3544 3352 3715 3429 'araritilv

2235 3463 2332 3502 nec
2361 3447 2659 3501 nominetur
2678 3446 2732 3500 in
2758 3444 2916 3508 vobis,
2955 3445 3095 3498 sicut
3123 3446 3268 3499 decet
3299 3455 3516 3500 sanctos.
3536 3443 3721 3498 Fontiu-

2240 3550 2336 3607 ιιι),
2377 3539 2597 3602 fratres.
2653 3538 2855 3593 dicitur
2902 3536 3083 3593 omnis
3114 3539 3426 3608 complexus
3458 3532 3723 3591 marisstic-

2237 3629 2399 3685 minus
2436 3638 2632 3700 pra'ter
2662 3627 2960 3699 legitimum
2990 3627 3420 3687 matrimonium,
3458 3626 3723 3695 compressa—

2238 3723 2373 3779 deus
2413 3721 2715 3793 simplicem
2757 3720 3195 3785 fornicationem,
3247 3720 3554 3776 adulterium
3576 3729 3726 3772 etae-

2236 3811 2866 3869 cbiannlmrnundiliam
2916 3829 3048 3868 vero
3078 3821 3241 3867 vorat
3286 3812 3560 3883 Apostolus
3579 3822 3727 3864 omnem

2237 3904 2502 3959 incestum
2539 3902 2932 3958 Sodomiticum
2961 3944 2975 3967 ,
3016 3912 3074 3958 et
3101 3903 3383 3959 bestialem
3411 3904 3609 3958 coitum.
3633 3900 3728 3952 suo

2236 3995 2418 4049 ritiam
2445 4007 2574 4048 vero
2604 4003 2762 4049 vocat
2784 4009 2998 4048 onmem
3027 3993 3389 4050 inordinatam
3427 3993 3731 4060 concepim-

2236 4087 2366 4140 tiam
2399 4084 2712 4154 acquirendi
2753 4084 2837 4139 vel
2858 4085 3128 4140 retinendi
3161 4085 3303 4140 ultra
3347 4084 3553 4140 modum
3586 4100 3601 4137 :
3634 4094 3729 4148 qui“.

2234 4184 2295 4231 ut
2318 4184 2506 4246 postea
2531 4175 2830 4245 subiungit,
2859 4186 2933 4229 est
2959 4176 3222 4230 idolon
3253 4177 3493 4244 servitus,
3515 4176 3622 4244 quia
3638 4172 3731 4239 eaad

2233 4268 2356 4337 quis
2393 4266 2514 4337 plus
2558 4266 2739 4337 diligit
2775 4275 2831 4321 et
2864 4267 2985 4338 plus
3010 4269 3163 4333 colit,
3196 4269 3337 4325 Deus
3377 4270 3494 4339 ejus
3527 4278 3619 4322 est.
3641 4264 3731 4331 Elge

2233 4361 2356 4430 quis
2386 4356 2503 4429 plus
2547 4357 2723 4429 diligit
2757 4374 3036 4414 nummutn
3081 4376 3247 4430 quam
3298 4362 3482 4426 Deum,
3529 4368 3732 4414 nam“

548 4457 642 4511 sed
710 4456 937 4527 gloriam
996 4455 1192 4510 Patris.
1250 4454 1365 4511 Non
1425 4457 1563 4512 dixit
1617 4436 1771 4513 suam
1828 4459 2127 4518 doctrinam
2162 4453 2644 4517 DsibiCOHSliWil
2677 4454 2857 4509 deum.
2905 4453 3007 4521 Qui
3049 4456 3171 4524 plus
3202 4456 3330 4511 colit
3354 4436 3588 4510 ventrem
3625 4463 3733 4520 φιε

548 4562 669 4602 esse
720 4563 910 4615 suam,
944 4548 1037 4603 sed
1068 4546 1243 4602 Patris
1270 4588 1284 4611 ,
1327 4549 1449 4619 quia
1497 4547 1660 4604 Pater
1683 4592 1699 4617 ,
1756 4551 1968 4621 inquit,
2008 4570 2127 4608 rna-

542 4640 633 4707 jor
657 4656 735 4693 me
755 4649 829 4693 est
854 4638 1037 4709 (Joan.
1060 4639 1195 4709 xw).
1226 4639 1368 4709 Ergo
1397 4646 1474 4702 tu,
1502 4641 1732 4707 superbe
1763 4642 1958 4710 pulvis,
1994 4659 2128 4714 quo-

547 4733 709 4785 modo
740 4732 909 4785 audes
946 4730 1029 4785 vel
1056 4730 1372 4801 potentiam,
1427 4728 1508 4782 \el
1534 4730 1854 4798 dominium,
1907 4736 1987 4790 vel
2032 4751 2131 4791 au-

547 4823 853 4878 ctoritatem
889 4821 984 4877 tibi
1038 4821 1332 4891 arrOgare?
1383 4820 1669 4886 Quomodo
1722 4833 1878 4891 potes
1924 4828 2127 4883 sentire

549 4912 750 4983 aliquid
787 4912 913 4969 boni
944 4927 1010 4967 ex
1044 4922 1097 4967 te
1119 4912 1361 4967 habere?
1399 4913 1679 4979 Quomodo
1705 4919 1988 4984 praesumis
2020 4935 2124 4975 non

551 5005 665 5069 Dei,
680 5005 773 5058 sed
797 5012 941 5056 tuam
962 5003 1188 5073 gloriam
1214 5001 1295 5057 vel
1318 5004 1644 5060 voluntatem
1671 5009 1955 5075 quaerere?
1973 5009 2126 5067 lianc

549 5094 732 5165 igitur,
759 5092 1089 5156 charissimi,
1113 5106 1419 5161 perversam
1453 5094 1808 5151 imitationem
1830 5108 1881 5152 et
1906 5100 2127 5156 idolola-

551 5185 711 5236 triam
738 5182 1029 5253 fugiamus,
1051 5180 1301 5238 ct'Deutn
1335 5186 1469 5241 bona
1497 5186 1796 5243 imitatione
1826 5190 2122 5247 imitemur.

547 5273 793 5328 lmitemu
806 5288 830 5328 r
844 5288 968 5328 eum
985 5274 1274 5332 virtutibus
1294 5286 1348 5332 et
1364 5278 1625 5334 moribus.
1653 5278 1953 5337 Virtutibus
1971 5283 2125 5353 quip-

548 5382 636 5435 pe,
665 5383 771 5422 non
802 5368 1124 5425 auctoritate
1169 5369 1271 5425 sibi
1321 5371 1550 5426 similem
1579 5374 1786 5429 creavit
1823 5374 2120 5441 hominem,

548 5457 639 5513 sed
669 5457 833 5514 homo
860 5459 1133 5529 peccando
1164 5475 1224 5516 se
1262 5461 1401 5515 male
1429 5476 1459 5515 a
1491 5461 1600 5516 Deo
1647 5463 1989 5518 dissimilavit
2017 5504 2031 5530 ,
2070 5475 2124 5520 et

546 5552 605 5603 ee
638 5549 780 5605 male
809 5549 859 5605 ei
884 5549 1164 5604 similavit.
1193 5550 1297 5605 Sed
1319 5556 1373 5604 et
1404 5564 1522 5616 nos,
1557 5549 1785 5619 fratres,
1812 5568 2121 5625 perversam

461 5700 468 5707 ,
545 5642 810 5697 evitemus
845 5641 1229 5709 imitationem,
1260 5650 1315 5696 et
1339 5643 1405 5698 ad
1436 5644 1632 5699 bonam
1685 5645 1971 5704 redeamus
2001 5647 2123 5703 imi-

546 5732 829 5788 tationem.
1102 5750 1106 5756 λ
1490 5758 1493 5761 λ

2231 4547 2402 4602 Deum
2430 4586 2446 4611 ,
2488 4551 2737 4601 ventrem
2775 4544 2879 4601 sibi
2905 4546 3191 4602 constituit
3232 4548 3411 4603 deum.
3441 4546 3538 4614 Qui
3561 4544 3657 4614 plu
3678 4554 3735 4593 ω-

2231 4638 2291 4693 l‘it
2309 4638 2651 4693 meretricem
2674 4652 2837 4709 quam
2852 4637 3045 4704 Deum,
3062 4641 3402 4695 meretricem
3416 4632 3736 4696 sibieomtiwit

2229 4730 2522 4785 dominam.
2552 4729 2677 4785 Haec
2707 4739 2911 4795 autem,
2935 4731 3132 4788 fratres
3156 4734 3287 4799 mei,
3322 4735 3393 4788 ita
3415 4724 3733 4788 evitaredebt-

2232 4824 2320 4887 tis,
2349 4833 2406 4876 ut
2449 4836 2550 4876 nec
2578 4822 2928 4877 nominentur
2971 4824 3023 4877 in
3071 4824 3248 4888 vobis,
3284 4827 3511 4880 necdum
3556 4823 3602 4876 iu
3630 4816 3735 4871 vobis

2229 4913 2357 4978 sint,
2387 4912 2519 4965 sicut
2567 4913 2712 4965 decet
2761 4922 2994 4967 sanctos.
3024 4912 3116 4970 Sic
3146 4924 3355 4982 sancte,
3403 4917 3483 4971 sic
3525 4907 3737 4975 castas:

2223 5006 2369 5076 juste
2398 5004 2582 5057 vivere
2609 5004 2841 5066 debetis.
2881 5013 2940 5059 ut
2968 5006 3145 5060 nullus
3171 5009 3367 5063 audeat
3393 5008 3619 5076 aliquam
3651 4998 3741 5052 inli-

2229 5098 2393 5153 miam
2425 5096 2629 5167 lingere
2653 5096 2719 5151 de
2751 5096 2924 5151 vobis.
2970 5098 3037 5152 Et
3070 5114 3177 5153 non
3221 5100 3399 5155 solum
3441 5101 3557 5154 base
3594 5091 3739 5159 mitis!

2229 5189 2461 5244 crimina
2499 5174 2738 5241 vitentur
2778 5202 2809 5240 a
2848 5188 3027 5254 nobis,
3073 5191 3169 5245 sed
3218 5192 3381 5246 etiam
3414 5191 3529 5246 hac
3554 5186 3739 5240 nam:

2230 5279 2548 5348 Turpitudo,
2602 5277 3009 5349 stultiloquium,
3039 5291 3088 5337 et
3115 5283 3437 5349 scurrilitas,
3458 5293 3577 5352 qua!
3596 5275 3655 5329 σά
3675 5281 3741 5323 πε

2228 5389 2331 5427 non
2381 5374 2662 5442 pertinent.
2715 5372 3134 5443 Turpitudinem
3164 5377 3327 5431 etiam
3382 5369 3646 5444 loquendi.
3678 5361 3743 5415 in"

2228 5472 2361 5528 tres,
2401 5478 2715 5530 caveamus,
2762 5465 2890 5535 quia
2937 5481 3045 5521 non
3073 5481 3365 5536 possumus
3417 5458 3741 5534 turpibus!“gn

2227 5569 2435 5620 amare,
2466 5564 2522 5610 et
2567 5557 2740 5625 ipsam
2794 5557 3189 5628 turpitudinem
3242 5560 3493 5615 horrere.
3542 5545 3743 5637 Publi?

2226 5647 2370 5702 enim
2410 5662 2510 5715 per
2539 5648 2866 5717 turpiloquia
2896 5652 3073 5718 pudor
3099 5652 3393 5717 excutitur,
3424 5645 3745 5704 clamem”

2231 5736 2429 5793 transit
2479 5751 2662 5794 sermo
2704 5740 2756 5792 in
2802 5737 3080 5810 ell‘cctum,
3137 5743 3183 5798 si
3227 5744 3447 5799 honesta
3496 5733 3739 5805 W‘
