3822 6316
110 337 224 399 1805

732 319 1037 379 llOMILIAZ
1074 322 1139 379 IN
1181 323 1399 403 EPIST.
1438 323 1526 380 ΕΤ
1563 324 1814 381 EVANG.
1856 324 2149 383 DOMINIC.
2192 356 2265 365 —
2297 325 2479 383 PARS
2517 324 2558 384 l.

3174 334 3310 392 1806

109 439 478 514 Stultiloquium
506 448 630 491 vero
671 434 872 491 dicitur
899 434 1160 505 quidquid
1196 451 1296 492 nec
1331 446 1635 507 opportuno
1663 440 1711 500 Α
1742 435 1848 495 Nos
1870 454 2021 511 ergo,
2046 439 2264 506 fratres,
2294 441 2469 521 primo
2498 456 2619 514 qua:
2645 442 2711 499 ad
2743 443 3050 514 historiam,
3076 452 3313 507 secundo

104 551 338 613 tempore,
359 547 454 589 nec
483 537 786 601 opportuno
814 529 952 594 loco,
980 541 1081 586 nec
1126 530 1273 602 iusta
1312 547 1474 588 causa
1501 533 1635 589 dici—

101 646 191 690 tur.
226 622 528 686 scurrilitas
574 619 772 676 dicitur
800 619 1064 691 quidquid
1108 634 1232 676 cum
1283 621 1516 693 quadam
1539 638 1635 677 nr-

100 722 314 781 banitate
357 712 645 787 profertur,
703 726 866 767 causa
926 713 1177 769 movendi
1223 713 1412 770 risum.
1462 714 1634 771 Porro

96 819 195 871 luec
220 807 427 872 similia,
472 805 687 870 fratres,
724 819 920 861 cavere
953 806 1213 861 debemus
1234 847 1251 873 ,
1284 808 1540 875 quoniam
1587 807 1635 864 si

96 911 234 977 (teste
255 898 494 969 Domino)
511 898 576 953 de
598 898 746 953 omni
770 896 934 955 verbo
955 898 1130 955 otioso
1158 898 1366 955 redditu
1376 900 1419 954 ri
1449 914 1646 970 sumus,

92 997 326 1055 rationem
353 990 562 1061 (Matth.
593 991 721 1059 xu),
752 990 879 1061 quid
904 1005 1033 1061 ergo
1058 992 1167 1047 erit
1191 992 1256 1048 de
1281 991 1636 1048 scurrilitate?

92 1086 202 1162 quid
224 1087 286 1141 de
318 1081 688 1138 detractione?
723 1081 851 1151 quid
897 1080 964 1135 de
1009 1081 1352 1139 adulatione?
1393 1083 1522 1154 quid
1569 1082 1636 1139 de

89 1174 503 1245 mendacio?qnid
518 1175 582 1229 de
604 1172 842 1244 periurio
856 1175 880 1228 ?
896 1173 1109 1237 Perdes,
1126 1174 1318 1247 inquit,
1339 1174 1633 1246 Propheta,

88 1285 238 1326 omnes
253 1267 633 1338 quiloquuntur
659 1265 989 1321 mendacium
1008 1263 1181 1337 (Psal.
1212 1266 1288 1336 v).
1312 1265 1470 1333 Et,os
1495 1267 1636 1338 quod

84 1360 327 1423 mentitur,
375 1355 563 1411 occidit
595 1357 828 1411 animam
883 1355 1060 1430 (Sap.
1096 1356 1180 1426 t).
1228 1358 1359 1427 Quae
1403 1374 1533 1429 ergo
1558 1359 1638 1415 lo-

86 1450 219 1504 cutio
256 1446 414 1503 debet
452 1460 571 1502 esse
600 1446 651 1500 in
678 1446 1220 1514 nobis?Gratiarum,
1246 1450 1439 1520 inquit,
1471 1451 1636 1519 actio,

81 1540 385 1607 benedictio,
419 1540 619 1607 oratio,
650 1548 930 1595 ctcmtera
988 1541 1127 1596 bona
1181 1542 1366 1598 verba.
1427 1543 1639 1602 Suntne

81 1633 365 1705 supradicta
389 1632 665 1687 cavenda?
687 1630 903 1701 Utique.
944 1632 1081 1700 Quia
1111 1641 1170 1688 ut
1200 1634 1268 1690 de
1294 1637 1509 1692 caeteris
1540 1638 1639 1693 mi-

79 1724 280 1779 noribus
313 1730 546 1790 taceam,
590 1721 703 1777 Hoc
726 1724 908 1779 scitote
946 1723 1071 1795 quia
1120 1726 1290 1780 omnis
1324 1726 1634 1795 fornicator,

80 1824 157 1866 aut
178 1812 498 1875 immundus,
524 1820 616 1866 aut
636 1829 848 1879 avarus,
869 1814 1009 1885 quod
1029 1825 1103 1869 est
1124 1815 1384 1870 idolorum
1395 1817 1637 1885 servitus,

78 1922 169 1959 non
198 1903 346 1958 habet
370 1902 737 1959 hwreditatem
764 1906 817 1958 in
838 1922 995 1973 regno
1024 1906 1219 1962 Christi
1249 1920 1294 1962 et
1327 1908 1443 1963 Dei.
1471 1908 1639 1966 Nemo

73 2012 148 2050 ros
164 1995 372 2051 seducet
397 1996 648 2051 inanibus
668 1996 1052 2061 eerbis,dicens
1069 1998 1152 2054 vel
1170 1999 1286 2055 htec
1308 2015 1429 2056 esse
1452 2002 1640 2057 venia-

73 2087 153 2151 lia,
190 2087 269 2143 vel
310 2088 511 2158 impios
562 2103 668 2144 non
701 2103 822 2145 esse
868 2089 1213 2159 iudicandos.
1270 2090 1497 2165 Propter
1544 2094 1653 2156 hoc,

69 2182 192 2235 enim
243 2181 383 2235 venit
427 2182 535 2248 ira,
586 2181 970 2239 excmcationis
1028 2184 1237 2240 scilicet
1289 2194 1346 2241 et
1387 2186 1643 2258 reproba-

72 2269 243 2335 tionis,
274 2272 327 2324 in
356 2271 503 2341 ﬁlios
554 2273 872 2344 difﬁdentite,
900 2274 952 2330 id
986 2284 1067 2331 est
1096 2276 1353 2346 perﬁdiae.
1386 2277 1491 2334 Sed
1522 2294 1640 2344 vos,

66 2361 272 2429 lratres,
299 2362 468 2419 nolite
496 2364 616 2434 ﬁeri
639 2380 738 2436 per
769 2366 1150 2434 imitationem,
1180 2368 1264 2425 vel
1291 2382 1387 2439 per
1411 2385 1643 2426 consen-

66 2469 173 2507 sum
200 2456 489 2526 participes
516 2472 716 2511 eorum.
767 2455 950 2513 Eratis
978 2459 1119 2513 enim
1167 2458 1453 2531 aliquando
1496 2471 1644 2542 tene;

61 2547 177 2612 bne,
204 2547 255 2603 id
289 2558 376 2604 est
420 2548 699 2606 tenebrosi
747 2550 931 2618 vitiis,
963 2550 1173 2607 scilicet
1199 2552 1341 2608 sicut
1390 2552 1640 2624 praedixi,

63 2653 189 2692 nunc
223 2648 404 2694 autem
458 2639 556 2695 lus:
593 2642 647 2696 in
675 2639 922 2708 Domino,
971 2642 1025 2698 id
1070 2654 1326 2700 estnunc
1354 2645 1486 2701 estis
1522 2644 1645 2700 illu—

58 2729 235 2786 niinati
290 2732 347 2787 in
403 2731 661 2789 Domino.
716 2732 900 2791 Tertio
948 2743 1132 2793 monet
1164 2736 1458 2807 Apostolus
1493 2746 1642 2794 utea

58 2835 167 2887 qua:
186 2821 331 2878 Deus
350 2822 564 2895 diligit,
586 2823 870 2897 diligamus
895 2835 951 2883 et
971 2826 1253 2895 faciamus,
1284 2845 1408 2886 cum
1439 2830 1637 2887 subdit:

55 2905 116 2962 Ut
161 2909 267 2978 filii
317 2910 460 2967 lucis
498 2912 780 2970 ambulate.
811 2913 948 2983 Quia
1002 2915 1097 2973 lilii
1128 2917 1221 2974 Dei
1245 2920 1399 2986 estis,
1436 2921 1530 2991 qui
1559 2928 1646 2979 est

56 2999 158 3065 lux,
190 3016 361 3071 opera
396 3002 546 3060 lucis
601 3002 785 3061 facite.
832 3004 972 3062 Mala
1002 3022 1165 3078 opera
1195 3008 1452 3068 dicuntur
1476 3027 1643 3083 opera

53 3092 431 3162 tenebrarum,
463 3105 579 3151 tum
602 3097 727 3167 quia
759 3098 828 3154 ad
855 3106 1087 3155 aeternas
1123 3101 1376 3163 tenebras
1412 3104 1640 3173 ducunt,
1670 3127 1716 3189 ρ

52 3193 172 3240 tunc
194 3186 327 3256 quia
371 3196 622 3244 mentem
651 3199 967 3256 excaecant,
1021 3201 1131 3247 tum
1161 3193 1285 3263 quia
1344 3192 1551 3251 faciens
1578 3212 1642 3254 ea

47 3276 154 3332 vult
206 3277 413 3346 latere,
470 3279 629 3350 iuxta
687 3281 837 3350 illud,
882 3284 975 3354 qui
1006 3285 1143 3339 male
1173 3287 1306 3357 agit,
1331 3288 1438 3342 odit
1476 3288 1641 3345 lucem

46 3367 248 3439 (Joan.
293 3387 359 3427 ιη
392 3371 437 3444 ).
472 3371 798 3430 Econtrario
828 3389 956 3431 vero
996 3376 1136 3432 bona
1186 3390 1350 3446 Opera
1394 3378 1648 3437 dicuntur

40 3474 200 3531 opera
230 3460 402 3530 lucis,
451 3475 569 3518 tum
600 3464 723 3534 quia
771 3466 837 3520 ad
882 3475 1145 3521 aeternam
1199 3465 1374 3522 lucem
1421 3468 1647 3535 ducunt,

42 3560 148 3607 tum
175 3554 463 3623 quoniam
517 3553 805 3612 hominem
836 3555 982 3612 intus
1009 3555 1338 3622 illuminant,
1371 3565 1482 3612 tum
1520 3560 1646 3630 quia

38 3643 272 3718 diligunt
300 3645 525 3703 lucem.
552 3645 725 3704 Porro
754 3648 808 3704 in
840 3647 1037 3718 quibus
1079 3663 1244 3719 opera
1278 3647 1416 3705 lucis
1467 3652 1650 3707 consi—

35 3746 201 3804 stant,
224 3740 492 3797 ostendit
515 3754 636 3795 cum
669 3739 874 3807 subdit,
912 3739 1117 3810 {ructus
1136 3750 1312 3797 autem
1335 3740 1467 3797 lucis
1495 3754 1570 3799 est
1595 3745 1650 3799 in

32 3832 177 3886 omni
208 3832 491 3898 bonitate,
505 3833 719 3904 justilia
744 3843 792 3890 et
814 3836 1045 3889 ueritate.
1073 3834 1294 3891 Bonitas
1316 3845 1398 3891 est
1421 3836 1473 3891 in
1499 3850 1651 3891 men-

34 3931 105 3990 te,
131 3923 366 3995 iustitia
412 3926 476 3981 in
503 3940 689 3996 opere,
722 3926 924 3982 veritas
953 3926 1007 3982 in
1035 3941 1151 3983 ore.
1187 3927 1243 3983 In
1285 3927 1370 3983 his
1397 3942 1530 3999 ergo
1554 3928 1651 3985 tri-

24 4013 148 4085 bus,
183 4025 310 4074 tota
349 4017 637 4089 perfectio
669 4019 978 4075 sanctitatis
1005 4020 1506 4091 comprehenditur.
1538 4019 1652 4075 Hoc

26 4121 111 4167 est
136 4113 297 4182 quod
335 4111 647 4169 Psalmista
689 4112 845 4181 dicit,
889 4111 1130 4178 Domine,
1157 4113 1274 4184 quis
1318 4113 1571 4167 habitabit
1596 4113 1651 4167 in

23 4201 397 4259 tabernaculo
429 4212 548 4267 tuo,
580 4216 670 4257 aut
691 4204 809 4275 quis
846 4203 1129 4271 requiescet
1172 4203 1226 4257 in
1254 4213 1427 4259 monte
1467 4214 1651 4258 sancto

21 4295 158 4350 tuo?
205 4293 326 4361 Qui
368 4293 679 4365 ingreditur
728 4294 839 4349 sine
869 4291 1100 4361 macula,
1131 4302 1179 4348 et
1210 4302 1457 4363 operatur
1486 4293 1651 4364 justi-

19 4386 177 4443 tiam.
215 4386 338 4453 Qui
364 4386 617 4456 loquitur
644 4386 909 4440 ueritatem
951 4386 1006 4440 in
1052 4385 1208 4441 corde
1243 4401 1364 4453 suo,
1397 4394 1503 4441 etc.
1546 4384 1650 4440 Ita-

1736 547 1856 603 quae
1889 534 1956 588 ad
1990 534 2397 598 mortalitatem,
2428 535 2591 592 tertio
2616 551 2736 608 quae
2757 540 2823 592 ad
2846 538 3316 615 allegoriamhper-

1740 628 1914 684 tinent
1969 626 2333 700 inquiramus.
2367 630 2775 687 Consideranda
2807 642 2936 688 sunt
2964 634 3130 704 igitur
3157 635 3314 707 juxta

1736 719 2020 778 historiam
2048 732 2324 795 quatuor:
2362 725 2543 781 Primo
2566 739 2800 795 namque
2833 724 3096 784 Dominus
3116 729 3317 785 daemo-

1738 811 1949 867 niacum
1982 823 2178 879 curat;
2211 815 2453 871 secundo
2500 816 2842 873 detractores
2884 817 3164 886 confutat;
3204 828 3318 878 ter-

1740 900 1814 956 tio
1840 902 1969 971 quid
2000 905 2463 976 contemptoribus
2495 906 2800 979 contingat,
2829 909 3088 975 ostendit,
3124 919 3321 981 quarto

1740 991 2024 1048 mulierem
2059 1008 2118 1049 se
2146 994 2454 1051 laudantem
2510 996 2753 1068 corrigit.
2808 996 2991 1052 Primo
3023 997 3186 1067 igitur
3216 998 3322 1053 Do~

1740 1083 1919 1140 minus
1951 1086 2286 1157 compatiens
2307 1086 2661 1154 daemoniaco,
2693 1088 2914 1159 expellit
2933 1088 3003 1144 ab
3028 1104 3094 1144 eo
3121 1089 3323 1146 daemo-

1740 1174 1913 1240 nium,
1951 1179 2099 1246 quod
2131 1178 2200 1233 ab
2228 1177 2427 1234 effectu
2462 1178 2746 1234 dicebatur
2773 1187 3002 1246 mutum,
3049 1179 3177 1249 quia
3224 1179 3323 1236 ho-

1738 1264 1940 1321 minem
1964 1277 2191 1331 .mutum
2232 1267 2519 1325 elliciebal.
2550 1268 2722 1325 Porro
2761 1270 2867 1326 iste
2927 1270 3320 1336 daemoniacus,

1740 1369 1847 1410 non
1878 1356 2069 1427 :solum
2101 1366 2283 1415 mutus
2308 1399 2325 1424 ,
2353 1359 2447 1416 sed
2471 1361 2634 1416 etiam
2658 1362 2821 1431 (teste
2842 1360 3173 1433 evangelista
3205 1362 3314 1417 alio

1743 1445 1938 1518 illam.
1965 1447 2064 1521 vn]
2091 1449 2108 1519 )
2138 1450 2334 1505 surdus
2364 1460 2504 1505 erat.
2534 1450 2659 1506 Tria
2683 1467 2812 1524 ergo
2844 1452 3103 1509 miracula
3135 1454 3188 1509 in
3210 1468 3320 1508 uno

1741 1539 1961 1596 homine
1990 1555 2020 1595 a
2064 1539 2294 1596 Domino
2324 1540 2467 1597 facta
2500 1550 2647 1598 sunt.
2693 1544 2901 1600 Surdus
2940 1545 3111 1612 audit,
3140 1553 3323 1601 mutus

1741 1626 1998 1699 loquitur,
2035 1644 2320 1700 possessus
2347 1646 2377 1685 a
2400 1632 2645 1686 daemone
2685 1630 2969 1699 liberatur,
2992 1643 3048 1689 et
3073 1634 3255 1689 divina
3267 1651 3324 1691 ιιι

1744 1720 1799 1774 in
1848 1719 2068 1776 Christo
2106 1720 2405 1792 potentiam
2458 1721 2802 1777 admirantur
2843 1724 3030 1780 turbas.
3071 1722 3323 1780 Secundo

1743 1811 2082 1867 detractores
2117 1811 2362 1869 cunfutat
2389 1822 2442 1866 et
2488 1812 2685 1866 erudit.
2736 1812 3105 1869 Detrahebant
3126 1814 3325 1884 quippe.

1741 1900 1895 1967 ei,et
1927 1900 2001 1954 illi
2025 1901 2116 1970 qui
2166 1902 2422 1957 dicebant
2451 1888 2468 1954 τ’
2500 1899 2565 1955 In
2597 1899 2884 1957 Beelzebub
2935 1904 3168 1973 principe
3209 1904 3324 1957 da:—

1742 1993 2040 2046 moniorum
2088 1992 2231 2062 ejicit
2262 1992 2547 2056 dmmonia,
2575 1994 2832 2061 quoniam
2857 2009 2977 2064 qua:
3019 1994 3112 2050 Dei
3143 2002 3325 2058 erant,

1744 2082 1956 2139 diabolo
1979 2082 2343 2148 ascribebant,
2374 2093 2429 2137 et
2456 2085 2528 2140 illi
2561 2086 2650 2156 qui
2676 2095 2955 2142 tentantes
3004 2086 3217 2158 signum
3254 2086 3325 2139 de

1744 2175 1884 2245 ctelo
1912 2177 2261 2245 quaerebant,
2292 2177 2550 2246 quoniam
2600 2181 2714 2233 haec
2744 2194 2864 2248 quae
2907 2179 3166 2235 Dominus
3190 2193 3325 2250 ope-

1745 2266 1966 2322 rabatur
1988 2282 2155 2336 parva
2186 2267 2268 2321 vel
2319 2266 2489 2335 nulla
2516 2282 2645 2323 esse
2677 2276 2947 2337 putantes,
2990 2285 3115 2324 eum
3156 2271 3329 2341 impo-

1747 2367 1948 2413 tentem
1975 2358 2106 2415 dare
2131 2359 2344 2431 signum
2384 2359 2451 2414 de
2475 2359 2615 2415 coelo
2641 2359 2914 2417 dicebant.
2963 2361 3018 2416 In
3050 2376 3178 2432 quo,
3209 2362 3325 2417 fra-

1747 2459 1858 2506 tres
1890 2451 2017 2516 mei,
2042 2450 2379 2520 pensandum
2407 2461 2511 2517 est,
2542 2460 2746 2523 quanta
2778 2451 2851 2508 sit
2901 2451 3108 2508 malitia
3138 2454 3326 2509 detra-

1746 2550 1976 2607 ctorum,
2005 2543 2119 2613 qui,
2142 2557 2265 2597 cum
2298 2558 2511 2614 semper
2537 2545 2648 2601 sint
2696 2545 3001 2615 suspiciosi,
3029 2556 3085 2601 et
3108 2546 3178 2602 ad
3205 2564 3327 2602 om-

1747 2632 1837 2688 nia
1869 2632 2009 2687 mala
2037 2633 2267 2699 creduli,
2304 2643 2483 2691 tamen
2528 2637 2595 2692 ad
2643 2635 2783 2691 bona
2828 2636 3059 2692 aliorum
3112 2653 3329 2709 semper

1748 2735 1875 2780 sunt
1924 2725 2208 2795 increduli,
2259 2743 2479 2800 semper
2514 2744 2576 2785 ea
2612 2738 2894 2801 negantes.
2928 2729 3024 2785 Vel
3058 2732 3103 2788 si
3129 2747 3330 2803 negare

1749 2833 1856 2889 non
1911 2829 2158 2890 possunt,
2204 2835 2370 2892 parva
2422 2821 2507 2878 vel
2566 2821 2708 2877 nulla
2755 2838 2875 2881 esse
2921 2827 3183 2896 dicentes,
3237 2826 3328 2883 vel

1750 2912 1910 2967 linem
1941 2909 2025 2968 vel
2056 2912 2275 2969 modum
2306 2914 2433 2971 facti
2464 2925 2855 2986 perverteutes.
2903 2916 3008 2974 Sed
3038 2919 3153 2989 qui,
3185 2920 3334 2989 quod

1747 3002 1914 3059 solius
1962 3001 2202 3074 Spiritus
2254 3006 2430 3062 sancti
2483 3014 2588 3072 est,
2623 3007 2842 3063 diabolo
2896 3011 3146 3077 ascribit,
3190 3020 3333 3067 teste

1749 3094 1855 3150 alio
1884 3095 2248 3166 evangelista,
2279 3096 2332 3151 in
2379 3096 2642 3165 Spiritum
2695 3109 2942 3155 sanctum
2993 3112 3214 3171 peccat,~
3245 3102 3332 3159 vel

1757 3187 1865 3253 vis,
1913 3189 1997 3242 vel
2033 3203 2308 3260 nunquam
2357 3188 2483 3245 inde
2538 3190 2751 3246 veniam
2809 3203 3200 3252 consecuturus
3248 3205 3335 3253 est

1753 3279 1970 3353 (Matth.
2004 3280 2125 3351 sn).
2167 3281 2484 3351 Propterea,
2526 3281 2751 3350 fratres,
2778 3286 2928 3340 onmi
2969 3285 3337 3345 sollicitudine

1752 3371 1941 3427 vitiant
2001 3371 2217 3441 invidiae
2263 3380 2315 3428 et
2348 3373 2707 3429 detractionis
2740 3375 3057 3433 studeamus
3100 3379 3333 3436 evitare.

1753 3459 1924 3516 Porro
1954 3475 2076 3516 cum
2112 3461 2392 3527 Donninus,
2431 3462 2678 3519 cordium
2710 3463 3005 3535 inspector,
3037 3467 3209 3523 malas
3237 3468 3334 3525 de-

1756 3552 2084 3607 trahentium
2113 3552 2472 3622 cogitationes
2503 3554 2853 3624 inspexisset,
2909 3570 3005 3612 eos
3033 3565 3216 3615 tamen
3245 3573 3333 3615 se-

1754 3642 1988 3698 cundum
2043 3643 2466 3700 misericordiam
2498 3660 2651 3700 suam
2697 3645 2985 3702 confutare
3031 3656 3085 3703 et
3113 3649 3334 3705 erudire

1755 3749 1859 3790 non
1880 3733 2202 3803 dedignatus
2229 3743 2333 3789 est.
2365 3734 2624 3791 Confutat
2658 3746 2840 3793 autem
2869 3753 2963 3795 eos
2986 3754 3108 3795 cum
3140 3741 3334 3811 probat

1754 3826 1882 3881 illud
1911 3827 2054 3898 quod
2078 3826 2330 3882 dicebant
2360 3827 2552 3884 falsum
2575 3844 2722 3895 esse,
2758 3839 2814 3886 et
2840 3846 2936 3888 eos
2968 3832 3097 3889 illud
3125 3848 3224 3905 per
3250 3835 3335 3890 in~

1753 3921 1957 3977 vidiam
1999 3920 2222 3975 dixisse.
2258 3920 2431 3977 Porro
2483 3921 2613 3978 illud
2646 3924 2787 3993 quod
2843 3924 3099 3981 dicebant
3138 3928 3336 3997 probat

1754 4027 1876 4069 esse
1906 4011 2099 4068 falsum
2129 4026 2250 4068 cum
2276 4013 2411 4068 dicit
2446 4030 2460 4067 :
2490 4012 2658 4070 Omne
2679 4031 2895 4087 regnum
2918 4017 2974 4071 in
2996 4018 3224 4088 seipsum
3248 4020 3335 4075 di-
3433 4081 3438 4087 _

1753 4106 1917 4160 visum
1944 4104 2283 4171 desolabitur,
2327 4116 2375 4159 et
2402 4106 2589 4162 domus
2617 4123 2777 4178 supra
2807 4109 3020 4164 domum
3060 4112 3234 4167 cadet.
3262 4112 3336 4168 Et

1753 4200 1798 4252 si
1849 4197 2081 4254 Satanas
2106 4199 2164 4253 in
2207 4215 2264 4254 se
2291 4199 2490 4254 divisus
2514 4208 2616 4264 est,
2642 4202 2901 4272 quomodo
2935 4201 3090 4258 stabit
3116 4221 3336 4276 regnum

1752 4289 1890 4360 ejus,
1926 4290 2049 4361 quia
2078 4289 2254 4344 dicitis
2276 4305 2359 4343 me
2384 4289 2438 4343 in
2474 4288 2756 4346 Beelzebub
2780 4293 3017 4364 principe
3048 4294 3338 4351 (lanionia-

1755 4398 1871 4435 rum
1917 4381 2106 4451 ejicere
2148 4382 2461 4437 daemonia!
2512 4383 2682 4439 Vocat
2717 4393 2899 4440 autem
2933 4385 3022 4440 hic
3076 4387 3335 4443 Dominus

14 4494 151 4550 que,
177 4478 414 4538 fragres
430 4478 569 4545 mei,
592 4492 714 4533 cum
738 4478 887 4534 omni
906 4478 1175 4535 desiderio
1197 4479 1649 4536 siudeamusimi-
1680 4475 1727 4535 D
1757 4489 1978 4544 regnum
2018 4474 2234 4528 Satanas
2258 4473 2541 4541 malitiam,
2570 4491 2677 4545 qua
2708 4491 2870 4532 omne
2916 4477 3140 4546 maligni
3170 4478 3333 4548 spiri-

16 4576 121 4631 tari
146 4590 371 4632 verum
389 4574 579 4630 Deum
590 4582 647 4629 et
657 4571 875 4629 Patrem
891 4581 1136 4629 nostrum
1148 4571 1333 4631 Jesum
1346 4572 1650 4638 Christum,

9 4670 336 4742 diligamus
371 4682 517 4724 eum
538 4706 554 4732 ,
591 4669 735 4722 sicut
782 4665 898 4736 ipse
925 4665 1115 4724 dilexit
1142 4680 1270 4736 nos,
1294 4665 1422 4722 odio
1453 4666 1653 4722 habea—

8 4778 142 4820 mus
165 4760 587 4835 turpitudines
628 4768 684 4814 et
725 4759 878 4825 vitia,
924 4772 1048 4828 quae
1090 4757 1205 4829 ipse
1230 4757 1365 4814 odit.
1395 4757 1654 4813 Amemus

5 4857 377 4923 bonitatem,
406 4852 712 4924 justitiam,
740 4862 795 4910 et
822 4852 1131 4921 veritatem,
1156 4868 1294 4924 quas
1318 4852 1435 4923 ipse
1481 4859 1650 4906 amat.

5 4948 391 5021 Satagamus
420 4947 547 5019 eius
568 4948 686 5004 vias
704 4954 758 5003 et
787 4946 1033 5017 exempla
1055 4945 1232 5017 sequi,
1262 4956 1320 5000 ut
1345 4960 1411 5001 eo
1440 4945 1578 5002 duce
1598 4953 1656 5001 et

5 5045 286 5113 adiutore
343 5041 433 5096 ad
476 5041 651 5111 ipsum
701 5039 989 5110 pervenire
1041 5052 1374 5104 mereamur,
1405 5037 1655 5108 quicum

5 5135 180 5193 Patre
201 5144 270 5193 et
307 5132 550 5205 Spiritu
575 5142 765 5189 sancto
790 5133 924 5189 vivit
944 5141 1002 5189 et
1027 5139 1220 5202 regnat
1244 5135 1387 5186 Deus
1412 5130 1656 5185 in'azter-

5 5247 165 5287 num.
204 5230 459 5287 Amen.

673 5310 953 5368 HOMILIA
979 5310 1092 5368 XL.

311 5420 606 5465 DOIINICA
638 5420 839 5462 TERTIA
872 5420 926 5461 IN
959 5415 1389 5468 QUADBAGESIIA.

64 5505 229 5562 Erat
255 5501 464 5559 Iasus
498 5499 716 5570 ejiciens
750 5498 1088 5565 ﬂamonium,
1131 5504 1183 5551 et
1211 5494 1344 5550 illud
1386 5503 1498 5548 erat
1542 5509 1660 5548 ntu-

10 5616 138 5666 um,
176 5606 323 5654 etc.
369 5588 546 5663 (Luc.
577 5590 681 5662 ιι.)
714 5587 838 5646 llam
862 5588 1047 5655 lectio,
1078 5585 1277 5642 fratres
1325 5583 1656 5674 charissimi,

6 5704 167 5746 tanto
202 5683 419 5743 nobis
457 5679 667 5738 avidius
699 5688 785 5736 est
803 5677 1093 5745 audienda,
1118 5683 1324 5747 quanto
1363 5674 1537 5745 magis
1564 5688 1660 5729 ne-

5 5780 355 5841 :essariam
418 5771 711 5829 animabus
768 5770 972 5827 nostris
1026 5768 1269 5827 continet
1309 5764 1655 5823 medicinam.

269 5899 300 5918 σι

1757 4576 1843 4622 tus
1878 4567 1954 4626 ita
1978 4564 2228 4620 obdurati
2277 4574 2333 4620 et
2361 4563 2629 4633 coniurati
2662 4575 2813 4632 sunt,
2835 4575 2896 4621 ut
2922 4567 3056 4623 nihil
3084 4568 3187 4623 nisi
3221 4583 3337 4624 ma-

1754 4656 1864 4712 lum
1916 4654 2095 4710 facere
2128 4653 2315 4719 velint,
2344 4655 2425 4710 vel
2454 4658 2683 4725 possint.
2713 4657 2868 4724 Quod
2894 4659 2940 4713 si
2977 4658 3210 4717 Satanas
3233 4662 3337 4718 Sa-

1757 4755 1938 4801 tanam
1958 4744 2136 4814 eiicit,
2167 4746 2372 4815 aliquid
2423 4746 2550 4800 boni
2604 4747 2758 4813 facit,
2785 4763 2910 4803 cum
2958 4747 3215 4806 Satanam
3267 4753 3338 4810 de

1755 4838 1981 4894 obsesso
2009 4835 2209 4904 ejicere
2234 4836 2419 4905 utique
2461 4836 2662 4893 bonum
2694 4838 2785 4895 sit.
2810 4838 2963 4907 Quod
2992 4839 3038 4896 si
3064 4856 3204 4898 unus
3230 4840 3336 4899 Sa-

1757 4939 1917 4987 tanas
1962 4929 2186 4995 malum,
2217 4936 2272 4983 et
2321 4928 2460 4983 alter
2496 4928 2697 4985 bonum
2758 4930 2933 4997 facit,
2952 4933 3242 4989 concordia
3280 4944 3339 4990 et

1757 5019 2088 5090 coniuratio,
2139 5033 2302 5090 quam
2346 5020 2619 5078 habebant
2664 5022 2718 5076 in
2769 5022 2930 5087 malo,
2989 5038 3095 5081 non
3144 5024 3335 5086 stabit.

1758 5113 1902 5185 quod
1942 5113 2128 5182 utique
2155 5111 2352 5169 falsum
2397 5120 2502 5167 est.
2532 5111 2735 5169 Probat
2780 5123 2962 5170 autem
3022 5115 3153 5172 illud
3191 5117 3336 5188 quod

1712 5260 1715 5265 ,
1758 5204 2011 5260 dixerant
2036 5202 2156 5259 illos
2191 5218 2287 5274 per
2312 5201 2571 5259 invidiam
2600 5204 2824 5274 dixisse,
2856 5220 2981 5263 cum
3006 5207 3190 5265 subdit
3222 5207 3339 5265 εει

1759 5298 1806 5353 si
1860 5311 1954 5367 ego
1978 5295 2037 5350 in
2059 5293 2347 5351 Beelzebub
2375 5296 2608 5366 principe
2642 5296 3023 5354 damoniorum
3048 5298 3205 5369 ejicio
3226 5299 3340 5355 da:-

1760 5392 1961 5458 monia,
1991 5389 2090 5460 ﬁlii
2110 5389 2265 5444 vestri
2310 5389 2366 5444 in
2385 5405 2490 5460 quo
2510 5389 2727 5460 ejiciunt
2748 5392 2781 5447 .2
2803 5390 2882 5448 Ae
2906 5392 2951 5449 si
2977 5393 3181 5450 diceret
3220 5411 3237 5451 :
3277 5393 3340 5452 Si

1761 5486 2081 5558 eiectionem
2106 5484 2495 5540 daemoniorum
2525 5499 2558 5540 a
2576 5484 2701 5541 ﬁliis
2729 5486 2929 5544 vestris
2950 5487 3238 5544 exorcistis
3256 5487 3341 5543 fa-

1762 5586 1905 5636 ctam
1943 5577 2054 5632 Deo
2082 5582 2137 5631 et
2180 5589 2288 5630 non
2332 5574 2551 5635 diabolo
2595 5576 2890 5644 ascribitis,
2937 5593 3036 5633 cur
3089 5575 3338 5632 eamdem

1763 5687 1880 5728 rem
1924 5686 1954 5726 a
2002 5683 2089 5726 me
2131 5667 2329 5726 factam
2374 5669 2624 5737 diabolo,
2656 5682 2712 5727 et
2740 5686 2846 5727 non
2875 5670 2986 5726 Deo
3029 5668 3345 5726 ascribitisi
3426 5707 3441 5719 .

1766 5763 1903 5832 Quia
1933 5762 2000 5820 de
2032 5773 2118 5818 me
2165 5774 2270 5817 non
2303 5761 2648 5835 simpliciter,
2687 5763 2780 5821 sed
2811 5776 2909 5834 per
2966 5761 3219 5818 invidiam
3253 5758 3337 5815 lo-
