3822 6316
481 386 613 442 ιεοτ

1436 360 1779 421 sponsos.
1824 389 1893 399 -
1932 350 2280 411 RABULPHI
2318 345 2669 407 ARDENTIS
2768 414 2773 415 ί
3570 343 3659 401 ηδε

473 498 737 574 quintiui;
770 498 908 561 ideo,
938 492 1131 561 inquit,
1160 489 1258 557 ipsi
1281 484 1487 556 judices
1515 479 1668 536 vestri
1710 484 1881 532 erunt.
1914 472 2052 539 Quia
2082 476 2129 536 Α
2159 471 2383 541 corrigit
2413 485 2510 548 pet:
2530 467 2842 551 adverbium
2871 463 3239 521 corremivem
3271 463 3389 517 imo.
3417 463 3518 517 Non
3560 468 3663 523 enim

479 592 693 649 scilicet
718 587 793 643 illi
815 586 993 642 sciunt
1013 594 1119 636 tam
1145 595 1231 635 me
1250 591 1409 648 quam
1437 586 1623 627 senon
1648 570 1699 623 in
1729 563 2050 628 Beelzebub,

475 686 569 740 sed
595 684 650 738 itt
702 681 907 751 Spiritu
936 684 1123 732 sancto
1148 672 1345 742 ejicere
1370 662 1661 725 daemonia,
1692 660 1811 713 ideo
1841 656 1938 726 ipsi
1967 668 2055 708 ve-

483 776 584 833 stri
618 772 886 830 mendacii
927 768 1139 838 jndices
1165 771 1343 819 erunt.
1391 758 1682 824 Postquam
1721 765 1850 806 vero
1880 747 2059 802 Domi-

479 882 579 921 nus
606 865 909 920 invidorum
946 854 1271 913 calumniam
1319 844 1638 907 confutavit,
1689 857 1809 896 mox
1859 847 1917 892 ttt
1968 839 2058 891 be-

480 958 681 1027 nignus
726 953 983 1007 Dominus
1020 960 1113 1000 eos
1146 940 1354 1001 erudit,
1403 951 1526 990 cum
1557 932 1738 987 subdit
1772 946 1784 981 :
1819 926 1972 993 Quod
2014 926 2058 979 si

480 1020 572 1116 ego
597 1046 649 1097 in
676 1043 878 1112 Spiritu
897 1037 993 1091 Dei
1009 1034 1163 1103 ejicio
1182 1026 1441 1084 da’mouia
1465 1065 1478 1087 ,
1497 1020 1641 1091 quod
1662 1020 1847 1087 utique
1872 1027 2058 1068 verum

482 1104 585 1197 est,
637 1104 867 1202 profecto
893 1124 1120 1196 pervenit
1154 1122 1205 1172 itt
1233 1134 1320 1171 vos
1355 1128 1567 1184 regnum
1595 1110 1717 1173 Dei,
1749 1107 1878 1161 illttd
1910 1104 2061 1159 vide-

485 1196 608 1278 licet
637 1196 859 1288 regnum
893 1216 957 1269 de
987 1227 1093 1282 quo
1120 1225 1215 1281 per
1245 1205 1435 1262 Isaiam
1463 1203 1659 1258 dicitur
1687 1216 1701 1252 :
1733 1196 2063 1263 Multiplice-

484 1317 624 1368 bitur
669 1311 785 1380 ejtts
837 1306 1132 1376 imperium,
1190 1310 1236 1354 et
1291 1298 1433 1367 regni
1478 1295 1592 1365 ejus
1642 1307 1745 1346 non
1788 1291 1885 1345 trit
1915 1287 2064 1355 ﬁnis.

484 1406 619 1476 (lsa.
671 1379 773 1471 ix).
818 1398 897 1454 Ac
930 1398 977 1451 si
1016 1396 1220 1449 diceret
1248 1389 1544 1445 Dominus:
1587 1384 1723 1451 Quia
1754 1380 1925 1448 sijant
1961 1379 2066 1433 dte-

484 1512 671 1555 mones
699 1494 897 1561 ejicere
926 1490 993 1544 ab
1018 1484 1323 1542 hominibus
1355 1478 1577 1548 incmpi,
1603 1477 1715 1546 jatn
1746 1478 1800 1528 in
1828 1472 1960 1541 ipsis
1987 1472 2067 1524 in-

485 1589 625 1658 cipio
650 1596 871 1655 regnare
895 1577 1226 1642 hominibus,
1257 1571 1470 1629 diabolo
1495 1576 1816 1636 usurpatum
1843 1574 2067 1631 regnum

486 1653 761 1744 auferens,
794 1684 850 1729 et
881 1671 1014 1727 mihi
1059 1668 1371 1724 restituens.
1400 1663 1476 1717 De
1505 1676 1613 1731 quo
1639 1672 1735 1713 vos
1778 1653 2069 1725 participes

487 1790 607 1828 esse
632 1767 883 1842 possetis,
915 1765 959 1820 si
991 1758 1304 1819 crederetis.
1332 1753 1614 1823 Quomodo
1643 1760 1825 1804 autem
1853 1744 2069 1803 diabolo

2159 562 2284 618 inde
2327 571 2502 615 mater
2539 561 2658 631 ejus
2696 560 2853 616 beata
2891 567 3013 621 est,
3044 556 3171 626 quia
3230 570 3352 608 eunt
3383 558 3667 624 corporaliter

2158 654 2395 725 portavit
2427 664 2482 708 et
2512 651 2752 715 lactavit,
2785 652 2878 707 sed
2911 651 3054 705 sicut
3106 647 3379 703 Elisabetlt
3415 648 3485 700 ait
3513 667 3526 700 :
3551 648 3669 703 Beata

2159 761 2275 815 qua!
2303 744 2550 808 credidit,
2574 744 2822 813 quoniam
2846 740 3193 811 perﬁcientur
3221 755 3283 791 ea
3302 754 3415 807 qua:
3443 739 3566 790 dicta
3587 752 3671 793 sunt

2160 838 2207 890 ei
2241 852 2272 887 α
2304 833 2546 889 Domino.
2606 833 2668 887 Et
2698 834 2838 886 sicut
2873 831 3134 885 Dominus
3158 827 3449 897 subjungit,
3479 828 3606 882 beata
3635 846 3677 884 es

2162 924 2349 988 Maria,
2377 934 2430 979 et
2446 922 2629 979 θεειονί
2650 938 2840 977 omnes
2859 922 3022 986 beati,
3042 922 3133 990 qui
3154 920 3376 973 audiunt
3394 920 3575 973 verbum
3594 920 3678 986 Dei,

2161 1029 2209 1072 et
2243 1018 2542 1071 custodiunt
2573 1016 2729 1069 illud.
2763 1015 3041 1096 Moraliter
3067 1022 3275 1075 autem,
3310 1015 3495 1066 fratres
3519 1016 3622 1081 mei,
3641 1016 3681 1071 iu

2163 1120 2400 1179 quatuor
2448 1107 2669 1161 instruit
2709 1121 2807 1159 nos
2852 1105 3137 1159 Dominus.
3167 1103 3351 1158 Primo
3375 1106 3552 1172 quippe
3577 1121 3685 1157 com-

2165 1200 2382 1269 patiens
2409 1209 2464 1251 et
2491 1212 2692 1251 curans
2717 1195 3002 1257 dannonia,
3034 1209 3159 1247 cum
3187 1194 3346 1247 docet
3375 1208 3467 1246 nos
3488 1194 3681 1262 exemplo

2170 1291 2252 1345 sui
2287 1290 2469 1344 itidem
2494 1304 2675 1357 agere.
2706 1287 2974 1341 Debemus
2994 1287 3218 1356 quippe,
3250 1284 3445 1339 fratres
3467 1285 3572 1349 mei,
3612 1286 3685 1340 bo-

2166 1382 2401 1446 minibus
2429 1382 2675 1452 malignis
2702 1381 2966 1435 diabolica
3000 1380 3190 1434 fraude
3219 1379 3460 1441 irretitis,
3503 1388 3551 1432 et
3588 1381 3687 1434 cha-

2170 1476 2328 1529 ritate
2348 1474 2572 1528 multum
2598 1475 2857 1543 compati,
2883 1483 2937 1528 et
2963 1489 3079 1536 eos,
3101 1474 3155 1525 in
3180 1480 3440 1540 quantum
3457 1473 3690 1537 possimus,

2168 1567 2658 1632 exhortationibus,
2688 1566 2868 1629 minis,
2896 1575 2952 1621 ct
2977 1565 3266 1638 promissis
3288 1573 3343 1618 et
3366 1565 3689 1621 orationibus:

2167 1658 2435 1713 diabolica
2470 1658 2732 1713 servitute
2769 1658 3025 1720 liberare,
3064 1668 3121 1711 ct
3154 1656 3385 1709 Domino
3413 1655 3690 1721 lucrifacere,

2170 1757 2226 1804 ttt
2249 1751 2397 1804 auris
2431 1749 2631 1812 cordis,
2677 1748 2824 1819 prius
2861 1750 3049 1811 surda,
3082 1746 3150 1799 ad
3190 1744 3579 1811 intelligendum
3624 1746 3691 1800 ltei

492 1879 717 1934 regnum
752 1859 839 1914 diu
866 1867 1176 1927 possessum
1207 1848 1438 1909 auferat,
1462 1843 1682 1912 exponit
1710 1856 1834 1895 cum
1861 1837 2061 1893 subdit:
2095 1828 2140 1888 Β
2170 1841 2391 1896 verbum
2416 1880 2431 1905 ,
2453 1848 2507 1894 et
2530 1855 2590 1893 os
2610 1839 2759 1909 prius
2782 1850 2990 1893 tantum
3020 1840 3085 1891 ad
3114 1835 3532 1891 benedicendum
3563 1838 3687 1892 Deum

496 1955 627 2009 Cum
670 1953 820 2023 fortis
856 1955 1093 2003 armatus
1142 1941 1363 1997 custodit
1395 1941 1588 1993 utrium
1632 1949 1807 2000 suum,
1844 1933 1899 1985 in
1943 1944 2068 2000 pace

490 2055 609 2100 sunt
629 2041 810 2097 'omuia
831 2052 948 2109 quae
973 2034 1220 2100 possidet.
1254 2028 1356 2083 Sed
1387 2029 1431 2080 si
1459 2028 1647 2095 fortior
1707 2039 1766 2076 eo
1816 2034 2067 2090 superue-

492 2136 637 2190 niens
665 2129 841 2186 vicerit
868 2142 1006 2191 eum,
1050 2122 1288 2177 universa
1320 2134 1469 2171 arma
1499 2116 1612 2185 ejus
1663 2114 1856 2182 aufert,
1896 2111 1947 2165 id
1986 2117 2069 2165 est

492 2239 683 2282 omnes
707 2218 975 2276 versutias
1001 2214 1118 2284 ejus
1146 2221 1394 2270 evacuat,
1421 2211 1473 2262 itt
1506 2209 1705 2277 quibus
1740 2201 2067 2258 conlldebat.

496 2317 558 2369 Et
589 2314 757 2385 spolia
788 2311 903 2381 ejus
943 2304 1238 2369 distribuet,
1297 2302 1349 2357 id
1380 2309 1464 2354 est
1515 2297 1760 2367 captivos
1813 2295 2068 2356 liberans,

494 2404 629 2463 alios
668 2402 832 2458 faciet
870 2397 1177 2471 apostolos,
1223 2393 1357 2447 alios
1398 2388 1784 2461 evangelistas,
1817 2385 1952 2440 alios
1978 2399 2077 2454 pa-

492 2513 668 2555 stores
700 2505 755 2551 et
794 2495 1043 2549 doetores
1070 2486 1286 2560 (Ep/tes.
1321 2488 1421 2552 tv),
1452 2494 1555 2538 etc.
1582 2482 1684 2547 Qui
1713 2495 1817 2533 non
1861 2486 1957 2542 est,
1993 2478 2075 2531 in-

494 2593 630 2663 quit,
659 2602 880 2651 mecum,
912 2592 1091 2637 contra
1123 2596 1204 2633 me
1233 2588 1332 2640 est,
1364 2577 1415 2630 id
1447 2582 1550 2641 est,
1581 2573 1673 2643 qui
1707 2585 1811 2625 non
1837 2582 2070 2635 consen-

498 2687 560 2740 tit
599 2695 808 2737 mecum
852 2678 956 2731 fide
994 2684 1048 2729 et
1085 2686 1303 2732 amore,
1350 2684 1455 2722 non
1502 2675 1584 2720 est
1620 2666 1685 2719 de
1728 2676 1899 2732 regno
1933 2673 2072 2724 meo,

496 2777 591 2831 sed
618 2776 685 2830 de
717 2784 881 2843 regno
904 2764 1223 2822 adversarii.
1261 2761 1325 2814 Et
1351 2759 1442 2829 qui
1480 2753 1821 2824 non-colligit
1846 2766 2072 2815 mecum,

496 2865 768 2935 dispergit.
792 2862 848 2915 ld
896 2865 977 2913 cst
1007 2857 1096 2927 qui
1136 2868 1241 2909 non
1278 2861 1425 2906 amat
1462 2864 1671 2903 mecum
1704 2843 2073 2907 concordiam,

499 2965 646 3012 amat
670 2969 790 3009 eum
823 2949 1036 3007 diabolo
1074 2945 1466 3002 dissensionem
1498 2951 1552 2994 et
1588 2936 2001 3006 dispersiouem.

572 3048 757 3102 Tertio
805 3045 1139 3098 demonstrat
1186 3036 1445 3090 Dominus
1489 3030 1617 3101 quid
1671 3026 2073 3098 negligentibus

501 3142 799 3208 contingat,
857 3150 978 3189 cum
1030 3130 1211 3186 subdit
1253 3143 1266 3182 :
1319 3126 1447 3181 Cum
1511 3121 1809 3176 immundus
1860 3120 2075 3187 spiritus

502 3233 685 3288 exierit
711 3228 1017 3290 abltomine,
1042 3222 1275 3278 ambuiut
1299 3235 1392 3290 per
1416 3218 1527 3271 loco
1556 3214 1707 3268 arida
1725 3222 1770 3266 et
1798 3213 2076 3280 inaqttosa,

501 3338 739 3396 quwreus
788 3317 1035 3387 requiem,
1075 3324 1121 3368 et
1154 3331 1255 3368 non
1286 3310 1500 3365 invenit.
1529 3307 1582 3361 In
1615 3306 1871 3362 cordibus
1910 3302 2080 3357 aridis

507 3395 560 3470 et
599 3411 881 3483 inaqttosis
916 3423 1020 3462 non
1065 3413 1269 3476 potest,
1303 3402 1498 3456 fratres
1555 3399 1685 3462 mei,
1736 3395 2083 3464 requiescere

503 3506 780 3568 diabolus,
804 3502 927 3572 quia
965 3507 1172 3554 tantum
1223 3493 1389 3549 corda
1445 3490 1650 3552 mollia,
1687 3488 2001 3556 voluptuosa
2025 3496 2081 3541 et

507 3601 647 3655 fluxa
674 3597 864 3667 diligit.
892 3592 1129 3649 Proinde
1150 3590 1384 3659 rigorem
1398 3583 1622 3653 justitia:
1650 3590 1699 3637 et
1727 3581 2081 3650 asperitatem

508 3690 787 3760 religionis
822 3728 834 3749 ,
869 3695 923 3739 et
971 3684 1232 3737 virtutum
1285 3678 1608 3731 arduitatetn
1664 3687 1977 3742 sequamur,
2028 3678 2087 3724 ut

509 3783 754 3838 diabolus
787 3776 1025 3857 in_nobis
1050 3772 1289 3841 requiem
1313 3768 1555 3822 invenire
1596 3780 1702 3819 non
1758 3765 1952 3834 possit.
1987 3761 2087 3815 lie-

513 3888 702 3939 νοτίαν,
736 3854 929 3940 inquit,
954 3869 1006 3922 in
1030 3867 1239 3919 domum
1260 3877 1428 3916 meum
1450 3860 1587 3913 unde
1610 3858 1763 3912 exivi.
1794 3855 1857 3909 Et
1882 3854 2087 3908 veniens

508 3969 701 4024 invenit
746 3965 961 4019 domum
1015 3967 1302 4021 vacantem,
1350 3952 1559 4008 scilicet
1609 3966 1638 4002 a
1700 3949 1875 4011 bono,
1918 3945 2089 4013 scopis

512 4060 823 4113 mandatam
861 4065 909 4107 et
962 4059 1223 4105 ornatam.
1274 4043 1639 4114 Metapltorice
1666 4037 1928 4109 loquitur,
1962 4034 2090 4105 quia

514 4151 721 4205 invenit
741 4147 843 4203 sibi
875 4146 1101 4199 domum
1129 4139 1384 4195 mundam
1412 4146 1467 4190 et
1500 4141 1766 4204 paratam,
1802 4140 1849 4184 et
1873 4128 2091 4183 assumit

514 4240 648 4295 otios
673 4244 862 4306 septem
886 4235 1101 4303 spiritus
1130 4244 1302 4282 secum
1344 4226 1637 4296 nequiores,
1670 4231 1716 4275 et
1739 4220 1960 4291 ingressi
1998 4217 2094 4271 ha-

516 4336 679 4385 bitant
730 4329 839 4392 ibi,
870 4336 917 4379 et
950 4325 1084 4393 ﬁunt
1132 4318 1412 4373 novissima
1450 4312 1674 4369 hominis
1716 4309 1861 4364 illius
1909 4310 2093 4378 pejora

514 4420 796 4494 prioribus.
820 4416 911 4472 Sic
926 4416 1045 4480 erit,
1069 4412 1262 4480 inquit,
1283 4419 1328 4464 ct
1343 4405 1665 4478 generationi
1681 4403 1803 4456 huic
1830 4403 2089 4471 pessimae.

2172 1934 2504 2002 aperiantur.
2548 1930 2679 1998 Quae
2734 1928 2910 1997 major
2956 1928 3104 1984 enim
3149 1927 3401 1997 probitas
3434 1938 3695 1995 potestesss

2172 2024 2225 2077 in
2243 2021 2556 2077 Christiano
2576 2036 2737 2090 quam
2761 2019 2963 2075 Christi
2991 2020 3328 2088 triumphum
3356 2019 3567 2072 imitari?
3581 2021 3694 2074 Citri-

2173 2120 2292 2167 stus
2320 2112 2519 2166 virtute
2556 2112 2773 2182 propria
2807 2110 3050 2180 alligavit
3101 2110 3299 2164 fortem
3353 2120 3612 2176 armatum,
3637 2112 3694 2164 iu-

2175 2204 2390 2259 fernunt
2424 2202 2603 2271 fregit,
2637 2216 2764 2256 vasa
2813 2202 3151 2271 captivitatis
3192 2201 3385 2256 eduxit
3425 2212 3478 2254 et
3520 2204 3695 2255 reduxit.

2174 2294 2283 2351 Nos
2311 2310 2545 2366 quoque,
2606 2294 2803 2348 fratres
2855 2294 2983 2357 mei,
3023 2308 3090 2348 eo
3138 2294 3462 2358 auxiliante,
3492 2303 3695 2361 quantum

2176 2386 2446 2446 valemus.
2477 2384 2750 2439 infernum
2781 2383 3120 2453 frangamus,
3157 2392 3386 2438 catenas
3406 2382 3581 2436 diaboli
3602 2398 3697 2436 coa-

2180 2475 2498 2546 iringantus,
2531 2473 2728 2529 fratres
2752 2483 2972 2528 nostros
3010 2472 3260 2543 captivos
3283 2472 3357 2525 ab
3383 2473 3538 2540 ipsius
3572 2472 3699 2525 fanci-

2176 2572 2277 2625 bus
2306 2568 2622 2639 eripientcs,
2672 2567 2739 2622 ad
2786 2566 3061 2621 Christum
3089 2581 3215 2621 cum
3250 2566 3471 2618 victoria
3518 2575 3699 2618 revertr

2178 2677 2316 2724 mur,
2363 2670 2441 2716 tot
2485 2674 2716 2715 coronas
2768 2659 3058 2729 recepturi,
3116 2667 3251 2727 quot
3301 2674 3398 2727 per
3437 2672 3525 2711 nos
3556 2667 3699 2710 sunt:

2178 2752 2397 2809 diabolo
2442 2751 2677 2806 liberati.
2730 2751 2933 2805 Deinde
2968 2751 3266 2803 ostendens
3294 2749 3539 2804 Dominus
3581 2748 3699 2802 Sata.

2179 2859 2302 2899 nam
2347 2844 2413 2897 ad
2465 2842 2565 2897 sibi
2593 2842 2808 2897 oblatas
2837 2855 3109 2910 personas
3141 2855 3367 2911 semper
3395 2841 3518 2895 velle
3544 2841 3697 2903 redire,

2180 2932 2376 2988 incutit
2405 2932 2510 2991 illis
2542 2932 2807 2994 timorem,
2856 2938 2913 2985 ct
2941 2946 3194 2999 magnam
3230 2930 3479 3000 vigilandi
3518 2930 3704 2984 necari-

2183 3034 2366 3080 tatetn.
2396 3023 2517 3077 Illos
2536 3023 2682 3077 enim
2707 3038 2845 3092 quos
2867 3021 3113 3077 diabolus
3144 3023 3409 3076 tentando
3436 3023 3621 3088 vicit,ct
3640 3022 3706 3072 vi-

2182 3127 2302 3172 ctor
2330 3116 2420 3170 diu
2465 3115 2657 3177 tenuit,
2703 3114 2929 3168 multum
2977 3115 3123 3169 dolet
3178 3116 3449 3168 amittere.
3499 3115 3601 3168 lude
3641 3124 3707 3167 est

2184 3210 2326 3280 quod
2359 3209 2487 3263 totis
2514 3208 2791 3262 fraudibus
2826 3216 2879 3260 et
2924 3207 3317 3261 tentationibus
3346 3208 3410 3260 ad
3438 3209 3540 3261 illos
3557 3222 3709 3259 arma-

2185 3313 2274 3357 tur
2302 3302 2716 3372 impugnandos.
2756 3298 2860 3355 Vos
2884 3316 3042 3364 vero,
3074 3299 3290 3363 fratres,
3327 3301 3414 3368 qui
3479 3297 3712 3351 fraudibus

2185 3395 2383 3450 diaboli
2421 3396 2509 3447 ditt
2541 3395 2736 3463 captivi
2780 3395 2979 3460 fuistis,
3016 3397 3108 3449 sed
3156 3408 3305 3448 nunc
3338 3410 3433 3463 per
3457 3391 3711 3447 tttiscriem-

2186 3488 2330 3542 diam
2368 3487 2459 3541 Dei
2495 3503 2523 3540 a
2552 3475 2799 3541 faucibus
2824 3485 3023 3540 diaboli
3050 3486 3225 3554 erepti
3255 3485 3412 3548 estis,
3440 3484 3647 3551 vigilate,
3671 3490 3717 3535 et

2186 3589 2377 3635 contra
2428 3576 2546 3647 ejus
2583 3578 2909 3632 teutatioues
2943 3577 3172 3631 viriliter
3208 3592 3304 3631 vos
3342 3586 3552 3637 armate,
3584 3572 3713 3640 juxta

2187 3676 2329 3745 quod
2353 3674 2584 3743 Sapiens
2615 3681 2796 3742 mouet
2830 3689 2843 3725 :
2877 3670 3007 3736 Fili,
3053 3672 3307 3725 accedens
3360 3672 3427 3724 ad
3467 3671 3720 3723 seruitutem

2192 3765 2307 3831 Dei,
2333 3780 2574 3835 prtcpara
2598 3763 2831 3817 animum
2856 3771 3003 3815 tuom
3031 3763 3102 3814 ad
3126 3762 3457 3816 tetttatiouem
3477 3759 3629 3830 (Eccl.
3652 3766 3719 3817 ιι).

2191 3859 2247 3914 Si
2282 3860 2425 3913 enim
2457 3857 2624 3927 (quod
2657 3855 2855 3925 absit!)
2882 3855 3121 3923 aliquem
3155 3869 3480 3925 reoccupare
3503 3851 3723 3911 valueri‘.

2190 3965 2313 4007 cum
2346 3949 2532 4018 majori
2590 3948 2876 4020 tyrannide
2926 3947 2980 4001 in
3017 3963 3142 4001 eum
3178 3948 3367 4001 saeviet
3393 3961 3536 4016 quam
3576 3944 3727 4012 prius,

2191 4053 2250 4099 ut
2281 4045 2391 4097 sint
2414 4041 2707 4096 novissima
2732 4038 2919 4094 miseri
2954 4039 3193 4093 hominis
3219 4039 3365 4094 illius
3412 4037 3578 4107 pejora
3606 4035 3728 4105 prio-

2195 4138 2363 4193 ribus.
2392 4135 2748 4204 Respondens
2783 4147 3004 4203 quoque
3055 4132 3321 4188 Dominus
3373 4130 3733 4187 detractoribus

2192 4230 2327 4296 suis,
2365 4230 2454 4298 qui
2483 4228 2630 4283 illum
2662 4229 2715 4282 in
2753 4226 3065 4283 Beelzebub
3091 4226 3297 4296 ejicere
3333 4225 3579 4280 davntonia
3609 4238 3731 4275 uten-

2196 4321 2486 4386 ticbantnr,
2519 4319 2741 4375 instruit
2770 4334 2869 4374 nos
2916 4319 3174 4386 exemplo
3228 4317 3333 4383 sui,
3363 4316 3617 4385 quomodo
3659 4325 3739 4364 nos

2196 4413 2396 4466 habere
2425 4425 2553 4481 erga
2583 4410 2922 4465 detractores
2958 4419 3176 4463 nostros
3199 4417 3255 4461 et
3278 4406 3402 4475 quid
3426 4405 3496 4459 eis
3537 4416 3735 4469 respon-

519 4513 776 4571 l’iaDOltls
806 4509 1004 4580 quippe
1031 4512 1248 4574 propter
1273 4503 1444 4573 legem
1473 4515 1502 4553 ³
1536 4496 1763 4551 θοιηίηθ
1784 4494 1965 4548 dum“
1990 4505 2087 4545 ‘3"
2124 4524 2168 4579 ι)
2197 4504 2325 4557 dere
2360 4502 2673 4556 debeamus.
2727 4501 2985 4555 Dominus
3040 4501 3244 4569 quippe
3280 4497 3539 4568 patienter
3576 4507 3741 4547 eorum

518 4608 725 4676 pulsus,
758 4602 985 4673 primoa
1023 4591 1226 4648 Iudaeis
1266 4588 1486 4643 transiit
1526 4587 1592 4641 ad
1617 4595 1826 4656 gentes,
1859 4582 1953 4637 sed
1992 4596 2091 4651 po-

519 4674 634 4753 stea
665 4694 771 4749 illis
792 4691 1010 4747 Christo
1060 4683 1429 4745 credentibus,
1478 4692 1600 4731 cntn
1631 4675 1744 4743 jam
1778 4674 1954 4726 locum
2004 4684 2092 4724 re-

521 4789 665 4860 quiei
697 4802 801 4840 non
835 4780 1103 4838 inveniret
1132 4778 1184 4832 itt
1215 4776 1315 4838 eis,
1349 4770 1510 4826 rediit
1557 4767 1624 4820 ad
1653 4764 1866 4820 Judaeos
1886 4802 1901 4831 ,
1931 4772 1985 4816 et
2014 4763 2099 4815 itt-

519 4881 671 4936 venit
694 4879 746 4933 in
774 4876 854 4931 eis
898 4874 1114 4929 domum
1141 4873 1423 4920 vacantem
1451 4860 1522 4914 ab
1541 4857 1686 4912 omni
1718 4857 1878 4922 bono,
1911 4854 2097 4924 secpis

525 4972 861 5031 tmtndatam,
912 4965 967 5018 id
1022 4969 1105 5017 est
1150 4956 1411 5027 legalibus
1468 4949 1883 5021 purgationibus
1944 4946 2099 5014 quasi

526 5061 860 5120 ntnndatam,
890 5048 1229 5109 etsimulatis
1252 5043 1538 5098 virtutibus
1552 5040 1709 5112 quasi
1741 5035 2099 5093 orttatant.Et

525 5152 743 5209 assumit
771 5158 962 5218 septem
1000 5141 1132 5195 alios
1158 5139 1372 5209 spiritus
1396 5140 1665 5207 nequiores
1695 5150 1768 5197 se,
1809 5144 1854 5187 et
1878 5130 2100 5200 ingressi

526 5246 764 5301 habitant
809 5240 903 5301 ibi,
945 5245 993 5290 et
1026 5234 1157 5304 ﬁunt
1202 5230 1481 5285 novissima
1522 5227 1702 5298 populi
1743 5224 1887 5279 illius
1921 5222 2103 5292 pejora

484 5364 487 5367 λ
527 5332 812 5406 prioribus.
830 5328 1049 5397 chores
1072 5325 1217 5379 enim
1247 5332 1372 5376 sunt
1394 5319 1562 5375 Judaei
1594 5319 1647 5372 itt
1672 5315 1963 5388 synagogis
1988 5313 2104 5369 suis

528 5429 985 5496 blaspltetnantes,
1012 5436 1173 5491 quam
1203 5428 1328 5473 ante
1355 5418 1526 5487 legem
1570 5415 1737 5469 Deutn
1762 5413 2101 5483 ignorantes.

530 5523 735 5589 Quarto
781 5517 1039 5574 Dominus
1069 5528 1128 5569 se
1157 5510 1463 5567 laudantem
1509 5507 1738 5578 corrigit
1792 5504 2099 5567 mulierem,

530 5630 635 5669 non
660 5613 789 5684 quin
816 5625 1000 5666 verum
1024 5617 1079 5662 et
1105 5620 1232 5660 vera
1258 5603 1560 5658 intentione
1597 5598 1797 5654 dixerit
1831 5613 1844 5651 :
1879 5596 2101 5658 Beatus,

435 5725 447 5736 -
529 5704 725 5774 quippe
766 5702 875 5756 imo
934 5698 1281 5756 beatissimus
1309 5703 1394 5750 est
1440 5700 1639 5756 venter,
1688 5690 1777 5761 qui
1817 5687 2136 5743 Dominum.

530 5796 774 5863 portavit,
805 5793 1036 5847 etnbcra
1057 5805 1173 5861 qutc
1209 5802 1332 5842 eum
1375 5785 1716 5847 lactaveruttt,
1758 5783 1850 5838 scd
1879 5792 2105 5835 causam

2201 4592 2565 4647 detractiones
2595 4592 2893 4655 sustinens,
2923 4590 3094 4644 multa
3131 4590 3261 4643 vitia
3283 4604 3399 4658 quze
3425 4588 3469 4640 in
3504 4601 3568 4640 se
3602 4585 3741 4638 habe

2199 4685 2349 4748 bant,
2375 4685 2456 4738 eis
2487 4685 2860 4752 improperare
2885 4681 3080 4745 noluit,
3107 4680 3204 4735 sed
3231 4688 3433 4733 tantum
3466 4676 3598 4730 illud
3624 4673 3744 4743 quod

2202 4776 2268 4830 de
2294 4791 2353 4829 se
2381 4776 2653 4839 dixerant,
2686 4773 2881 4826 falsum
2909 4786 3030 4826 esse
3053 4772 3312 4826 ostendit.
3341 4769 3402 4823 Et
3427 4766 3568 4837 quod
3608 4763 3744 4817 mira-

2204 4865 2365 4922 bilius
2393 4875 2494 4927 cst,
2541 4864 2765 4917 verbum
2801 4861 2995 4916 salutis
3028 4862 3112 4914 eis
3142 4846 3461 4929 pra-dicavit.
3486 4854 3605 4909 Nos
3630 4867 3743 4923 quo-

2203 4971 2331 5027 quc.
2373 4956 2570 5008 lratrcs
2601 4953 2727 5019 mei,
2761 4952 3065 5005 invidorum
3099 4960 3402 5005 nostrorum
3425 4943 3746 5000 detractioni-

2212 5050 2313 5104 bus
2350 5063 2456 5103 non
2485 5058 2945 5107 commoveamus,
2988 5057 3090 5097 nec
3114 5043 3197 5097 eis
3244 5041 3431 5096 malum
3455 5053 3566 5107 pro
3606 5034 3743 5095 male,

2210 5156 2309 5196 nec
2341 5139 2685 5193 maledictum
2704 5150 2802 5206 pro
2817 5133 3123 5197 maledicto,
3148 5134 3424 5188 reddamus
3438 5127 3493 5199 (1
3502 5128 3646 5181 Petr.
3664 5130 3742 5188 tul.

2205 5232 2300 5287 sed
2330 5244 2451 5285 cum
2482 5228 2629 5283 omni
2661 5225 2924 5296 patientia
2950 5264 2966 5289 ,
3006 5222 3280 5293 objectatn
3325 5221 3467 5276 nobis
3501 5228 3746 5273 mutums-

2206 5322 2333 5376 liatn
2359 5320 2550 5374 falsam
2577 5330 2696 5371 esse
2717 5314 3085 5378 ostendentes,
3111 5314 3273 5368 etiam
3295 5313 3403 5367 illos
3418 5310 3684 5363 instruere
3702 5317 3742 5357 et

2208 5410 2407 5467 lucrari
2432 5410 2542 5463 Deo
2564 5418 2902 5476 satagamus.
2928 5404 3287 5475 Respondeas
3308 5404 3491 5457 etianr
3508 5400 3737 5477 Dominus

2209 5501 2421 5558 mulieri
2442 5516 2501 5556 se
2527 5497 2788 5564 laudanti,
2807 5500 3082 5566 quomodo
3101 5512 3230 5565 erga
3246 5495 3554 5549 laudatores
3574 5502 3629 5547 et
3643 5489 3741 5543 sevi-

2216 5597 2418 5650 latores
2448 5597 2666 5647 nostros
2694 5603 2794 5642 nos
2822 5588 3023 5641 habere
3043 5628 3060 5653 ,
3085 5596 3142 5640 et
3176 5588 3300 5655 quid
3331 5585 3404 5638 eis
3452 5579 3742 5653 respiatth

2212 5686 2530 5746 debeamus,
2547 5677 2957 5734 demonstravit.
2981 5676 3098 5732 Non
3121 5677 3264 5732 enim
3278 5673 3739 5728 laudantemsemr-

2211 5777 2398 5833 liercm
2449 5772 2717 5838 laudavit,
2761 5780 2817 5825 ut
2868 5770 3090 5840 quidam
3141 5767 3328 5829 solent,
3358 5779 3463 5819 nec
3494 5765 3565 5819 ad
3597 5763 3739 5817 assa
