3822 6316
528 373 659 429 1811

1571 363 1912 420 ADDENDA.
1952 391 2023 400 —
2059 356 2406 416 RADULPIII
2445 352 2787 410 ARDENTIS
3579 354 3663 411 ηις

527 489 651 558 plus
678 489 874 555 saevit,
901 486 1021 558 plus
1049 484 1214 541 nobis
1243 482 1545 544 insidiatur,
1565 488 1701 535 etut
1728 477 1909 533 acrior
1934 477 2000 530 ad
2029 473 2108 528 lo-
2138 485 2189 535 Λ
2219 472 2283 526 de
2312 471 2505 526 ancilla
2558 469 2848 524 secundum
2868 483 3083 522 carnem
3112 474 3265 521 natus
3287 476 3377 532 est,
3405 465 3525 523 idest
3543 484 3663 527 secun-

527 594 652 634 cum
696 592 857 633 suum
909 578 1119 643 redeat,
1156 574 1518 630 machinatur.
1547 569 1789 624 Primum
1827 568 1990 639 igitur
2029 574 2115 621 est

530 683 653 723 cum
695 677 921 738 peccata
953 675 1139 724 nostra
1175 663 1328 728 flere,
1366 660 1638 732 jejunare,
1674 668 1728 716 et
1770 658 1910 715 bene
1953 670 2115 728 agere

528 761 893 830 eruperimus;
919 774 1016 816 nos
1047 773 1149 829 per
1180 770 1274 811 ora
1306 753 1567 809 malorum
1594 751 1833 814 deridet,
1867 748 2114 820 hypocri-

530 860 617 908 tas
645 868 748 909 nos
773 862 951 909 vocat.
977 851 1204 919 Quibus,
1240 848 1438 901 fratres
1469 846 1594 907 mei,
1625 853 1751 900 sunt
1773 844 1859 899 isti
1884 842 2110 907 similes,

530 948 637 1002 nisi
675 946 967 1003 Pharisaeis
1005 944 1095 1015 qui
1128 942 1382 997 dicebant
1405 941 1469 995 de
1494 938 1718 995 Domino
1745 952 1759 991 :
1789 935 1855 991 In
1880 936 2113 1007 principe

539 1040 928 1095 dccntoniorum
972 1035 1110 1105 ejicit
1142 1032 1446 1088 dtcmonia?
1477 1030 1554 1085 Illi
1596 1026 1938 1084 ascribebant
1968 1026 2114 1096 quod

532 1140 651 1186 erat
681 1131 917 1200 Spiritus
946 1125 1118 1182 sancti
1148 1124 1382 1180 diabolo.
1408 1122 1499 1178 Isti
1547 1135 1790 1192 quoque,
1824 1120 1952 1177 dum
1995 1132 2109 1184 eos,

531 1235 669 1291 quos
686 1219 920 1289 Spiritus
950 1224 1172 1273 sanctus
1202 1230 1295 1285 per
1318 1213 1692 1285 paenitentiam
1722 1220 1934 1282 purgat,
1965 1208 2111 1265 deri-

529 1309 660 1365 dent
688 1317 746 1364 et
780 1317 975 1364 vocant
1004 1308 1065 1378 h)
1079 1306 1333 1376 pocritas,
1358 1312 1413 1359 et
1443 1317 1593 1358 vanae
1620 1301 1795 1357 laudis
1816 1309 2109 1363 amatores,

529 1402 661 1472 quid
696 1399 841 1456 aliud
879 1415 1042 1471 quam
1083 1399 1225 1469 quod
1270 1396 1507 1467 Spiritus
1543 1396 1715 1450 sancti
1756 1402 1861 1460 est,
1898 1391 2112 1463 spiritui

531 1492 837 1566 hypocrisis
868 1502 925 1548 et
968 1507 1120 1547 vana:
1150 1488 1334 1562 gloria:
1378 1487 1698 1544 attribuunt.
1741 1485 1875 1541 Dum
1926 1485 2109 1557 igitur,

534 1595 641 1641 tam
674 1586 727 1641 hi
758 1599 921 1656 quam
952 1583 1063 1650 illi,
1109 1583 1251 1654 quod
1292 1580 1526 1652 Spiritus
1568 1578 1742 1636 sancti
1782 1588 1866 1634 est
1902 1576 2111 1648 spiritui

528 1674 770 1745 maligno
806 1673 1144 1737 attribuunt,
1183 1669 1368 1741 procul
1410 1668 1574 1724 dubio
1599 1676 1823 1738 peccant
1862 1666 1914 1720 in
1943 1664 2112 1735 Spiri-

529 1776 645 1822 tum
669 1775 939 1822 sancttnn.
968 1765 1033 1821 Et
1070 1765 1136 1832 si,
1173 1763 1388 1832 fratres,
1420 1779 1483 1817 ea
1518 1777 1638 1832 qua:
1673 1760 1795 1830 plus
1822 1774 1882 1814 se
1912 1759 2112 1813 habent

2217 563 2342 618 dum
2367 561 2816 618 consuetudinem
2843 557 3053 625 carnis,
3082 555 3379 615 secundum
3402 572 3525 627 quem
3546 559 3665 627 juven-

2214 650 2334 706 cula
2359 665 2424 706 ex
2456 665 2586 707 sene
2610 650 2899 720 concipere
2924 657 3128 719 potest,
3152 656 3209 702 et
3238 660 3439 716 parere.
3462 646 3537 713 Qui
3561 659 3667 705 utea

2214 742 2279 795 de
2306 740 2491 805 libera,
2523 757 2614 811 per
2636 741 3091 809 repromissionent
3125 736 3221 792 Dei
3244 746 3394 792 natus
3420 749 3479 792 est
3497 736 3670 810 (Gelu),

2217 847 2322 887 non
2365 834 2663 888 secundum
2694 830 2880 886 carnis
2910 827 3382 892 consuetudinem,
3414 828 3513 897 quia
3536 844 3674 889 anuset

2216 925 2417 980 sterilis
2445 933 2502 979 et
2542 923 2610 979 de
2646 922 2828 978 vetulo
2859 922 3153 991 concipere
3176 928 3233 976 et
3270 933 3455 990 parere
3481 935 3556 975 non
3576 923 3673 979 solet.

2214 1018 2350 1072 Cum
2397 1027 2577 1071 autem
2625 1015 2929 1071 crevissent
2969 1011 3131 1067 ambo
3179 1020 3235 1067 et
3281 1010 3524 1074 luderent,
3557 1011 3677 1070 lsmsrl

2213 1108 2365 1178 prior
2392 1117 2545 1173 natu,
2577 1104 2732 1162 lsaac
2763 1103 2921 1176 quasi
2952 1102 3403 1174 persequebatur.
3421 1100 3540 1168 om
3556 1102 3680 1159 intelli-

2215 1211 2346 1270 gens
2393 1197 2528 1254 Sara
2549 1238 2564 1262 ,
2608 1197 2685 1252 ait
2723 1195 2956 1251 Abrahae
2985 1211 2999 1247 :
3033 1192 3183 1264 Ejice
3230 1191 3471 1247 ancillast
3506 1203 3543 1247 et
3574 1194 3680 1262 ﬁlim

2214 1291 2327 1360 ejus
2343 1307 2367 1354 ς
2391 1305 2493 1345 non
2532 1289 2668 1344 enim
2693 1289 2859 1345 nterea
2891 1289 2989 1343 erit
3030 1287 3175 1356 [ilius
3204 1283 3414 1340 ancilla
3440 1300 3531 1338 sunt
3550 1285 3622 1352 lilio
3638 1286 3683 1340 li-

2216 1376 2368 1437 [γεναεῖ
2403 1381 2574 1450 Ejecit
2610 1395 2742 1452 ergo
2763 1380 3039 1436 Abraham
3069 1376 3323 1433 ancillam
3353 1392 3469 1434 cum
3496 1376 3686 1443 lilio,dans
3786 1376 3787 1452 ἦ

2216 1488 2382 1545 super
2416 1472 2695 1545 scapulam
2726 1487 2881 1528 suam
2913 1471 3074 1527 ollam
3098 1484 3288 1541 aquae;
3320 1467 3476 1523 ﬁlium
3491 1468 3687 1525 verolihe-

2217 1580 2292 1620 rte
2322 1563 2591 1620 lueredem
2639 1563 2926 1619 constituit
2962 1558 3118 1634 (Gen.
3159 1560 3299 1623 ut).
3332 1559 3489 1628 Hujus
3516 1558 3688 1626 historia,

2216 1655 2415 1710 fratres
2442 1653 2748 1710 charissimi
2767 1693 2783 1719 ,
2811 1652 3104 1724 Apostolus
3143 1650 3367 1722 exponit
3405 1650 3535 1705 nobis
3564 1659 3692 1721 myste-

2217 1744 2377 1809 rium,
2408 1743 2542 1797 et-in
2574 1742 2679 1798 hoc
2708 1742 2887 1798 innuit
2916 1741 3073 1798 nobis
3111 1749 3346 1796 caeteras
3374 1736 3553 1794 Veteris
3571 1737 3693 1793 Testa-

528 1858 597 1912 ad
626 1857 847 1922 malum,
871 1822 1205 1912 debemns'iu
1234 1822 1431 1909 bonum
1457 1822 1825 1921 interpretari,
1850 1850 1977 1921 quid
2007 1847 2113 1903 erit
2142 1822 2189 1882 Β
2219 1836 2382 1891 men“
2430 1834 2687 1890 lliSW'iaS
2736 1834 2966 1905 mystice
3025 1827 3552 1922 ἱηιθυίεεηιιέιεηηοε
3587 1844 3693 1895 W0.

528 1949 598 2003 de
625 1949 705 2003 eis
734 1949 1007 2017 quietiam
1031 1962 1093 2003 ea
1122 1962 1240 2015 qua:
1259 1960 1319 2001 se
1342 1946 1543 2002 habent
1569 1944 1635 1998 ad
1663 1941 1887 2007 bonum,
1917 1941 1969 1994 in
1995 1954 2110 1994 ma-

532 2043 643 2095 lum
681 2038 1141 2109 interpretantur?
1183 2037 1411 2099 Cavete,
1448 2035 1674 2099 fratres,
1723 2032 1885 2103 igitur
1922 2041 2113 2087 cavete

528 2130 636 2187 hoc
663 2139 965 2201 peccatum,
1000 2131 1256 2202 quoniam
1285 2128 1585 2201 pergrande
1613 2136 1723 2192 est;
1747 2127 1841 2183 sed
1874 2124 1996 2181 cum
2030 2123 2110 2179 vi-

529 2221 720 2278 deritis
768 2231 1110 2291 peccatorem
1161 2220 1227 2277 ad
1277 2220 1447 2276 Deum
1486 2227 1914 2283 convertentem,
1962 2225 2113 2273 orate

528 2324 629 2382 pro
656 2327 741 2377 eo,
781 2321 841 2368 ut
876 2312 1019 2368 Deus
1053 2312 1142 2367 det
1167 2310 1217 2366 ei
1249 2308 1712 2381 perseverantiam
1746 2308 1965 2364 bonam.
2006 2306 2113 2361 Vos

527 2417 742 2473 quoque
772 2403 1120 2474 pmnitentes,
1153 2400 1319 2457 nolite
1358 2409 1581 2471 propter
1617 2399 1888 2455 derisores
1917 2396 2114 2453 erube-

527 2507 701 2557 scere,
752 2502 805 2548 et
847 2503 1086 2549 vestrum
1139 2492 1472 2563 propositum
1514 2490 1843 2560 relinquere,
1884 2489 2009 2559 quia
2056 2496 2115 2543 ut

527 2587 605 2640 ait
650 2586 945 2641 Salomon:
983 2585 1076 2641 Est
1124 2584 1362 2655 confusio
1415 2584 1681 2640 adducens
1725 2591 2018 2653 peccatum,
2064 2589 2112 2634 et

527 2688 603 2733 est
634 2678 875 2749 confusio
903 2677 1170 2732 adducens
1193 2676 1439 2732 honorem
1466 2684 1515 2731 et
1540 2674 1765 2747 gloriam
1791 2671 1983 2743 (Eccli.
2012 2671 2109 2741 Iv).

526 2768 725 2824 Malum
767 2768 951 2839 igitur,
987 2783 1094 2825 non
1136 2768 1368 2834 bonum,
1404 2765 1731 2823 erubescite.
1758 2763 1891 2821 Cum
1928 2772 2110 2819 autem

528 2863 634 2917 hoc
669 2862 831 2917 modo
858 2876 967 2918 non
1008 2869 1187 2931 potest
1213 2859 1458 2916 diabolus
1485 2858 1704 2914 vincere
1734 2856 2109 2928 pmuitentem.

532 2961 711 3006 teutat
736 2966 857 3007 cum
888 2967 984 3023 per
1010 2951 1340 3019 adulatores,
1364 2951 1551 3006 dicens
1579 2967 1591 3003 :
1616 2947 1814 3004 Beatus
1832 2956 2004 3003 venter
2020 2947 2108 3018 qui

528 3049 579 3092 te
605 3040 848 3108 portavit,
877 3049 927 3095 et
961 3040 1121 3096 ubera
1150 3058 1265 3113 qua:
1290 3040 1499 3095 suxisti.
1540 3037 1705 3106 Quasi
1737 3037 1941 3092 diceret
1966 3053 1977 3090 :
2016 3035 2111 3090 Vir

528 3137 752 3185 sanctus
780 3144 841 3185 es
871 3139 926 3186 et
964 3131 1138 3187 victor
1175 3131 1404 3195 diaboli,
1440 3139 1496 3185 et
1540 3130 1748 3185 amicus
1788 3129 1880 3183 Dei
1908 3145 1921 3182 :
1948 3136 2005 3183 ut
2035 3127 2105 3182 ita

530 3234 656 3274 eum
703 3220 771 3274 ad
814 3220 1105 3276 elationem
1152 3229 1207 3276 et
1252 3220 1463 3274 inanem
1502 3218 1730 3291 gloriam
1769 3218 1974 3272 invitet.
2001 3216 2109 3274 Sed

527 3322 649 3375 nos,
681 3309 902 3377 lratres,
931 3322 987 3366 ut
1020 3310 1377 3375 detractores,
1410 3309 1483 3363 ita
1515 3320 1570 3364 et
1610 3307 1920 3363 adulatores
1948 3306 2111 3363 forti-

529 3406 614 3452 ter
639 3408 1071 3465 contemnamus,
1102 3407 1157 3453 et
1188 3398 1305 3469 plus
1335 3397 1486 3454 nobis
1516 3413 1678 3470 quam
1710 3396 1830 3454 aliis
1863 3398 1930 3454 de
1954 3399 2110 3453 nobis

531 3489 838 3555 credamus,
868 3486 921 3543 ei
945 3504 1161 3558 seraper
1186 3489 1252 3544 de
1280 3488 1515 3559 peccatis
1540 3489 1741 3545 nostris
1771 3488 2058 3543 timeamus
2092 3505 2105 3542 :

531 3579 676 3634 Nam
719 3580 911 3634 delicta
952 3579 1069 3650 quis
1108 3580 1390 3649 intelligit?
1421 3576 1594 3649 (Psnl.
1635 3577 1814 3650 xvtn.)
1848 3578 1954 3634 Sed
1983 3587 2036 3635 et
2062 3577 2108 3634 si

529 3671 776 3740 quaedam
806 3678 1025 3741 peccata
1064 3678 1248 3727 nostra
1291 3686 1396 3725 non
1431 3670 1809 3741 intelligimus,
1840 3670 2110 3741 quomodo

527 3763 734 3818 scimus
755 3778 816 3817 ea
833 3763 986 3817 nobis
998 3777 1118 3818 esse
1130 3762 1378 3817 dimissa?
1396 3761 1684 3833 Propterea
1701 3762 1832 3817 dicit
1849 3762 2103 3832 Sapiens:

528 3854 610 3909 De
643 3856 920 3925 propitiato
959 3864 1169 3925 peccato
1198 3854 1307 3909 noli
1346 3872 1455 3909 esse
1491 3855 1602 3910 sine
1631 3864 1767 3909 metu
1811 3852 2002 3925 (Eccli.
2033 3857 2107 3924 v).

530 3944 633 4001 Ubi
665 3946 835 4010 enim,
867 3944 1085 4012 fratres,
1126 3954 1300 4001 metus
1333 3960 1436 4000 non
1468 3955 1572 4010 est,
1603 3953 1687 4001 est
1712 3944 1875 4001 stulta
1900 3946 2107 4002 securi-

530 4046 633 4091 tas.
662 4035 760 4092 Ubi
786 4047 864 4092 est
896 4036 1060 4091 stulta
1096 4038 1381 4103 securitas,
1406 4046 1489 4093 est
1515 4041 1876 4107 comemptus.
1903 4036 2005 4093 Ubi
2025 4046 2110 4093 est

531 4138 901 4199 contemptus,
929 4139 1013 4184 est
1043 4130 1340 4199 periculum
1380 4140 1435 4184 et
1472 4129 1651 4185 ruina.
1684 4130 1741 4185 Si
1776 4130 1920 4185 enim
1960 4130 2110 4186 inve-

531 4217 677 4271 nerit
707 4232 806 4272 vos
845 4217 1089 4273 diabolus
1135 4220 1464 4291 negligentes
1500 4230 1557 4275 et
1593 4236 1622 4274 a
1660 4220 1801 4276 bono
1830 4229 2105 4286 vacantes,

531 4307 767 4362 reintrat
801 4307 854 4362 in
897 4308 1053 4364 vobis
1081 4308 1328 4364 diabolus
1369 4325 1491 4363 cum
1525 4310 1646 4364 aliis
1671 4319 1876 4380 septem
1906 4311 2111 4381 spiriti-

530 4400 635 4454 bus
680 4399 1050 4469 nequioribus.
1079 4399 1344 4468 Quoniam
1387 4401 1611 4456 redeunt
1662 4411 1879 4473 peccata
1927 4415 2110 4474 septu-

2216 1924 2436 1993 fratres,
2466 1925 2837 1996 intelligentia
2854 1924 3178 1996 simplicium
3210 1920 3697 1991 subscrvientes,quod

2216 2016 2505 2088 Apostolus
2546 2018 2768 2073 brevius
2811 2024 2866 2073 et
2905 2016 3213 2080 obscurius,
3260 2028 3364 2069 nos
3401 2011 3536 2067 latius
3563 2013 3697 2082 etpla.

2219 2110 2364 2177 nius,
2394 2108 2505 2165 Deo
2532 2109 2821 2180 largiente,
2848 2107 3003 2164 vobis
3025 2120 3388 2179 exponemus.
3409 2104 3624 2160 Abraham
3640 2105 3699 2174 isi.
3786 2100 3787 2180 ᾗ

2218 2210 2322 2263 tur,
2357 2199 2582 2265 fratres,
2617 2201 2758 2255 Deus
2789 2196 3131 2270 intelligitur,
3163 2197 3260 2267 qui
3287 2204 3373 2251 est
3412 2194 3548 2249 Pater
3573 2195 3701 2249 inulta-

2217 2307 2334 2347 rum
2360 2293 2632 2364 gentium,
2665 2292 2773 2347 imo
2798 2291 3065 2346 omnium.
3095 2288 3188 2345 Sic
3229 2289 3369 2345 duos
3408 2288 3527 2344 lilios
3550 2287 3701 2349 habet,

2214 2385 2469 2454 quoniam
2520 2384 2656 2439 duos
2702 2381 2928 2454 populos
2978 2380 3190 2436 creavit
3236 2379 3307 2435 de
3357 2379 3527 2434 eadem
3567 2393 3702 2431 massa.

2219 2474 2395 2531 Unum
2418 2475 2634 2546 quidem
2663 2490 2761 2545 per
2793 2473 3060 2530 occultam
3070 2472 3342 2544 justitiam
3364 2472 3544 2528 creavit
3566 2470 3607 2525 in
3623 2486 3704 2524 conc

2218 2568 2516 2631 tumeliam,
2548 2567 2777 2623 alterum
2819 2581 2917 2637 per
2956 2566 3127 2622 solam
3173 2565 3575 2622 misericordiam
3605 2578 3705 2618 snarl

2216 2659 2268 2712 in
2310 2658 2595 2713 honorem.
2642 2656 2820 2712 Unum
2872 2656 2926 2711 in
2971 2639 3438 2726 reprobationem,
3473 2653 3706 2708 alterum'm

2213 2751 2553 2808 electionem.
2584 2750 2724 2806 Sunt
2761 2760 2942 2806 autem
2983 2748 3075 2805 hic
3115 2748 3296 2815 nobis,
3329 2746 3514 2803 fratres
3536 2747 3709 2802 careles-

2214 2847 2383 2901 randa
2426 2855 2679 2915 quatuor.
2726 2844 2910 2901 Primo
2945 2858 3067 2915 qua:
3116 2842 3208 2900 sit'
3226 2843 3443 2910 ancilla,
3479 2851 3526 2898 et
3552 2856 3641 2912 qua
3666 2841 3709 2894 li-

2213 2939 2366 3001 bera,
2408 2937 2473 2991 tle
2511 2937 2706 3007 quibus
2735 2936 2821 2991 isti
2852 2936 2958 2991 duo
3001 2934 3184 3006 populi
3220 2935 3335 2989 nati
3374 2944 3507 2990 sunt.
3533 2930 3712 2989 Secundo

2211 3029 2480 3100 quomodo
2512 3027 2702 3083 ancilla
2745 3026 2972 3083 fecunda
3006 3025 3192 3091 fuisse,
3222 3034 3280 3080 et
3310 3026 3460 3101 prius
3484 3024 3710 3101 peperiszt;

2218 3121 2382 3176 libera
2409 3136 2539 3176 vero
2571 3120 2721 3191 prius
2749 3118 2952 3177 sterilis
2973 3162 2988 3188 ,
3027 3127 3312 3193 postremo
3348 3136 3591 3194 peperisse
3619 3122 3717 3175 dica-

2217 3222 2324 3269 tur.
2355 3212 2538 3269 Tertiu
2561 3214 2832 3285 quomodo
2855 3213 2995 3269 filius
3018 3215 3250 3279 ancillze,
3280 3215 3447 3270 lilium
3469 3214 3619 3270 liberat
3633 3228 3717 3283 per-

2212 3306 2477 3377 sequitur.
2505 3305 2710 3374 Quarto
2746 3307 3019 3377 quomodo
3052 3307 3249 3363 ancilla
3295 3323 3419 3363 eum
3446 3306 3543 3362 ﬁlio
3571 3315 3614 3361 et
3635 3320 3717 3359 cun

2213 3398 2319 3454 olla
2342 3414 2496 3470 aqum
2519 3398 2790 3467 ejiciatur,
2817 3409 2875 3455 et
2911 3398 3053 3455 illius
3077 3399 3265 3456 liberte
3292 3400 3464 3456 bzeres
3491 3398 3720 3455 constitua-

2214 3499 2321 3544 tur.
2364 3488 2456 3545 Est
2490 3489 2674 3559 igitur,
2710 3488 2908 3545 fratres
2942 3491 3080 3556 mei,
3108 3490 3305 3546 ancilla
3336 3491 3403 3546 de
3428 3505 3524 3560 qua
3558 3487 3721 3559 potione

2214 3581 2611 3653 reprobationis
2650 3590 2811 3638 natus
2840 3590 2951 3648 est,
2988 3597 3159 3638 caro:
3194 3597 3319 3653 quae
3355 3582 3547 3638 idcirco
3586 3577 3722 3633 ancilla

2213 3673 2435 3743 dicitur,
2460 3675 2586 3745 quia
2610 3684 2853 3746 peccato,
2882 3673 3098 3731 diabolo
3124 3674 3486 3745 mancipatur,
3507 3682 3555 3729 et
3568 3681 3725 3727 eterna

2213 3765 2464 3821 miseria}.
2498 3766 2602 3833 Qui
2629 3766 2773 3821 enim
2801 3767 2929 3838 facit
2956 3776 3248 3836 peccatum,
3275 3783 3452 3822 seruus
3479 3775 3547 3820 est
3585 3763 3727 3835 peccati

2212 3854 2396 3926 tloan.
2423 3859 2565 3927 vin).
2602 3857 2678 3913 De
2718 3859 2820 3913 hac
2849 3858 3043 3913 ancilla
3068 3899 3084 3925 ,
3123 3859 3179 3914 id
3215 3868 3302 3914 est
3339 3871 3521 3923 carne,
3558 3854 3728 3927 populi:

2212 3947 2607 4019 reprobatiouis
2638 3949 2901 4014 nascitur,
2927 3949 3226 4005 secundum
3259 3964 3503 4013 carnem,
3524 3947 3572 4002 id
3593 3956 3730 4000 estse-

2210 4040 2446 4095 cundum
2489 4038 2766 4095 carnalem
2813 4039 3334 4111 concupiscentiam.
3386 4041 3451 4095 Et
3490 4038 3644 4110 qualis
3676 4043 3732 4088 est

2209 4139 2392 4198 natus,
2435 4131 2559 4186 talis
2597 4140 2916 4202 permanet;
2960 4130 3133 4187 solum
3176 4146 3400 4187 carnem
3447 4114 3733 4202 sapiens,§r-

2210 4224 2448 4277 cundum
2476 4237 2696 4279 carnem
2727 4223 2934 4287 vivens,
2966 4223 3018 4278 iu
3060 4237 3230 4278 carne
3254 4225 3544 4287 seminans,
3574 4219 3734 4273 nudati

2211 4322 2381 4370 metet
2421 4315 2847 4385 corruptionem.
2892 4313 3179 4384 Manifesta
3214 4324 3414 4381 autem,
3448 4313 3610 4383 inquit
3636 4310 3734 4377 Ape-

2209 4404 2401 4470 stolus,
2432 4416 2555 4458 sunt
2582 4420 2742 4475 opera
2790 4405 2991 4470 carnis,
3025 4421 3145 4475 qua
3186 4415 3311 4460 sunt
3349 4401 3731 4475 fornicatio,il«

527 4491 751 4562 plicata,
782 4501 835 4547 et
866 4491 999 4548 estis
1029 4491 1527 4581 septuplopcjorcs
1561 4508 1721 4563 quam
1760 4494 1955 4565 primo.
1984 4494 2105 4549 Tri-
2142 4515 2187 4570 ι)
2212 4495 2499 4561 munditia,
2540 4494 2756 4550 luxuria
2777 4537 2793 4562 ,
2831 4494 3094 4549 idolorum
3136 4497 3359 4550 seruitus
3398 4492 3538 4568 (Gal.
3567 4494 3631 4563 v).
3661 4500 3736 4543 etc.

527 4585 745 4657 pliciter
771 4595 951 4641 autem
996 4586 1250 4641 dicuntur
1277 4597 1498 4655 peccata
1543 4586 1743 4651 redire,
1782 4586 1865 4642 vel
1893 4587 2109 4657 quando

529 4678 599 4733 ad
631 4678 890 4733 vomitum
925 4678 1188 4743 redimus,
1220 4677 1303 4732 vel
1332 4678 1548 4746 quando
1576 4687 1895 4747 spernentes
1935 4679 2111 4751 injun-

529 4776 674 4823 ctam
731 4768 1103 4837 parnitentiam
1176 4769 1530 4837 torpescimus
1578 4784 1591 4821 :
1641 4768 1723 4822 vel
1779 4771 1994 4839 quando
2056 4773 2107 4826 in

528 4859 907 4917 recordatione
947 4858 1206 4930 praeteriti
1253 4859 1459 4928 peccati
1507 4857 1860 4914 delectamur.
1901 4860 2113 4916 llabea-

528 4967 653 5008 mus
680 4951 866 5023 igitur,
890 4950 1113 5016 fratres,
1135 4962 1351 5020 seraper
1375 4959 1597 5019 peccata
1626 4961 1807 5007 nostra
1831 4962 1955 5009 ante
1982 4969 2110 5010 ocu-

526 5042 613 5098 los
641 5051 879 5110 nostros,
908 5049 964 5096 et
990 5040 1059 5096 de
1087 5040 1167 5096 eis
1192 5055 1405 5111 semper
1433 5042 1707 5111 timentes,
1742 5056 2037 5116 gementes,
2056 5054 2111 5101 ct

528 5135 805 5202 plorantes
834 5142 891 5189 et
928 5133 1183 5204 operibus
1220 5131 1605 5191 misericordia:
1642 5150 1706 5191 ea
1760 5137 2109 5205 redimentes,

529 5225 674 5295 quod
701 5231 921 5295 praestet
956 5224 1112 5281 nobis
1155 5224 1298 5283 Deus
1341 5226 1433 5298 qui
1477 5227 1529 5282 in
1561 5225 1829 5284 Trinitate
1872 5226 2109 5300 perfecta

526 5315 663 5372 vivit
687 5325 742 5372 et
766 5327 972 5390 regnat.
999 5317 1191 5374 Amen.

508 5416 511 5419 ’
1096 5410 1377 5468 HOMILIA
1406 5411 1540 5468 XLI.

832 5516 1084 5559 DOIIINICA
1122 5519 1331 5569 QUARTA
1367 5518 1808 5567 QUADRAGESIIE.

506 5595 511 5599 ⁴
606 5590 873 5662 Scriptum
900 5603 974 5648 est
1009 5609 1028 5648 :
1064 5592 1327 5659 Quoniam
1358 5592 1628 5648 Abraham
1665 5594 1797 5651 duos
1835 5593 1977 5664 ﬁlios
2009 5594 2106 5648 ha-

528 5683 637 5736 buit
691 5700 889 5750 unum,
937 5685 1189 5741 videlicet
1230 5684 1456 5752 lsmael,
1500 5685 1564 5740 de
1609 5686 1802 5740 ancilla
1851 5686 2015 5757 Agar,
2059 5696 2108 5739 et

528 5787 712 5842 unum,
742 5774 948 5832 scilicet
977 5775 1147 5842 Isaac,
1176 5777 1239 5833 de
1266 5776 1446 5844 libera,
1473 5775 1678 5834 scilicet
1701 5776 1862 5833 Sara.
1893 5775 1994 5831 Sed
2020 5778 2106 5847 qui

2211 4588 2406 4643 Libera
2452 4601 2606 4653 vero,
2643 4588 2710 4642 de
2746 4601 2849 4656 qua
2895 4586 3126 4658 populus
3167 4586 3449 4643 electionis
3484 4595 3633 4639 natus
3667 4589 3737 4635 ὢν

2211 4686 2296 4732 est
2332 4676 2507 4744 gratia
2541 4675 2805 4732 cmlestis.
2843 4674 2977 4743 Quae
3022 4675 3147 4730 ideo
3185 4675 3392 4731 dicitur
3427 4673 3622 4735 libera,
3650 4667 3738 4737 quia

2212 4771 2409 4824 liberat
2457 4775 2734 4824 hominem
2789 4782 2819 4822 a
2876 4768 3140 4823 servitute
3201 4768 3442 4837 peceati,
3495 4759 3672 4819 diaboli
3704 4767 3742 4811 ει

2213 4861 2577 4919 damnationis
2605 4870 2844 4917 ceterum.
2878 4859 2941 4916 Si
2976 4858 3167 4924 Filius,
3197 4860 3393 4930 inquit,
3432 4875 3523 4914 eos
3544 4856 3741 4909 literne-

2211 4953 2280 5006 rit
2301 4993 2316 5017 ,
2356 4967 2471 5007 vere
2500 4951 2652 5005 liberi
2680 4951 2827 5006 eritis
2858 4950 3043 5021 (Joan.
3081 4951 3224 5022 vur).
3268 4950 3346 5007 De
3375 4950 3474 5005 hac
3511 4956 3673 5001 autem
3701 4941 3745 4992 li-

2211 5045 2364 5110 bera,
2397 5043 2449 5099 id
2489 5050 2572 5099 est
2605 5043 2801 5114 gratia,
2845 5043 3090 5099 nascitur
3130 5045 3317 5107 homo,
3354 5055 3457 5096 non
3496 5033 3741 5094 secundae

2213 5152 2434 5193 carnem
2450 5178 2467 5203 ,
2499 5136 2595 5193 sed
2619 5137 2923 5191 secundum
2950 5134 3422 5208 repromissionern
3440 5173 3460 5197 ,
3491 5130 3550 5185 id
3574 5136 3649 5184 est
3670 5122 3734 5176 Dei

2212 5229 2555 5286 electionem.
2590 5228 2720 5296 Quae
2746 5227 2932 5300 utique
2959 5227 3214 5283 nativitas
3246 5225 3386 5282 ﬂt‘in
3407 5221 3682 5294 baptismo.
3702 5213 3736 5264 il

2212 5337 2321 5394 quo
2347 5321 2437 5393 qui
2467 5332 2625 5375 natus
2645 5328 2763 5375 erat
2789 5333 2855 5373 ex
2878 5332 3044 5373 carne
3067 5316 3211 5374 filius
3241 5318 3356 5381 ine,
3390 5311 3739 5394 renascitertx

2213 5392 2388 5482 gratia
2418 5425 2514 5481 per
2544 5408 2804 5480 Spiritum
2829 5406 2997 5463 Filius
3022 5407 3423 5462 misericordia.
3461 5400 3615 5457 Dedit
3635 5392 3737 5449 em

2211 5507 2286 5560 eis
2332 5502 2620 5567 Dominus,
2665 5501 2816 5570 juxta
2867 5498 3253 5572 Evangelinm,
3304 5506 3605 5568 potestates:
3637 5484 3737 5555 βίω

2213 5595 2311 5650 Dei
2338 5596 2483 5665 ﬁeri,
2512 5594 2592 5648 his
2620 5595 2710 5664 qui
2728 5595 2943 5647 credunt
2967 5592 3023 5646 in
3057 5594 3268 5647 nomine
3290 5596 3415 5661 ejus,
3438 5587 3555 5658 qui.
3588 5588 3733 5635 ιωα

2212 5686 2577 5757 sanguinibus,
2607 5700 2769 5756 neque
2792 5700 2857 5740 ea:
2886 5683 3152 5738 voluntate
3180 5684 3370 5745 carnis,
3398 5691 3565 5745 neque
3590 5686 3647 5725 et
3667 5679 3729 5717 ἴθ’

2214 5776 2412 5832 luntate
2449 5777 2564 5842 viri,
2597 5776 2686 5830 scd
2714 5791 2776 5829 ea:
2814 5774 2918 5829 Deo
2957 5763 3069 5828 nati
3102 5784 3224 5828 sunt
3262 5771 3436 5843 (Iona.
3478 5766 3537 5835 t),
3571 5761 3618 5814 id
3646 5759 3727 5808 εἰει
