3826 6338
65 382 196 437 1815

761 379 1064 436 animus
1101 377 1170 436 m
1215 377 1432 442 Eplsr,
1476 362 1569 429 ET
1609 364 1865 428 EVANG.
1909 373 2205 430 DOMINIC.
2247 405 2318 418 -
2355 375 2534 431 PARS
2571 376 2610 430 l.

3185 372 3321 428 1814

63 501 251 555 renati.
278 499 370 552 lllc
403 513 529 569 ergo
563 497 789 568 populus
828 506 986 552 natus
1023 505 1104 552 est
1142 513 1205 552 es
1250 512 1413 554 carne
1444 508 1640 551 secun-
1667 499 1714 558 A
1749 490 2088 561 Ττίριὲοἰιετ.
2136 489 2280 544 malo
2341 491 2618 560 exemplo,
2677 489 2898 546 subdola
2947 490 3336 561 suggestioneo.

60 591 185 644 dum
227 605 479 653 carnem;
525 591 626 644 iste
666 599 826 644 natus
862 598 940 643 est
991 604 1056 643 ex
1091 592 1296 661 gratia,
1325 587 1634 645 secundum

59 681 390 734 electionem.
423 679 513 733 ille
535 687 618 732 est
651 678 794 732 ﬁlius
821 677 1051 739 ancillze,
1073 678 1123 730 id
1150 688 1232 733 est
1253 679 1492 734 carnalis
1520 693 1636 733 ser-

58 772 269 831 vitutis;
302 771 402 825 iste
429 778 514 825 est
542 771 683 824 ﬁlius
718 769 921 833 liberte,
956 768 1112 824 idest
1141 771 1442 838 spiritualis
1473 770 1636 825 liber-

60 863 205 918 tatis.
250 862 339 918 Ille
379 873 459 918 est
510 863 650 917 ﬁlius
694 862 930 928 diaboli;
986 864 1114 926 iste,
1163 861 1334 916 Filius
1385 864 1500 918 Dei.
1546 861 1637 918 Ille

58 956 200 1008 filius
241 955 449 1009 Veteris
493 955 856 1020 Testamenti,
910 955 1003 1007 ubi
1048 971 1145 1025 pro
1193 956 1384 1010 timore
1439 964 1494 1010 et
1540 972 1638 1026 pro

57 1045 445 1112 temporalibus
471 1045 666 1110 servit;
697 1045 798 1100 iste
829 1054 911 1099 est
945 1044 1088 1097 ﬁlius
1114 1043 1248 1100 Novi
1279 1045 1636 1110 'festamcnti,

58 1135 150 1188 ubi
179 1150 276 1203 pro
299 1151 483 1190 amore
508 1143 559 1190 et
588 1151 684 1205 pro
711 1135 930 1190 teternis
961 1135 1150 1202 servit,
1181 1136 1273 1190 sed
1299 1135 1404 1190 Deo
1431 1136 1638 1192 servire

51 1234 140 1278 est
169 1240 414 1294 regnare.
448 1225 557 1280 Nos
583 1242 734 1294 ergo,
768 1225 964 1281 fratres
996 1229 1134 1291 mei,
1180 1226 1270 1282 ﬁlii
1305 1227 1509 1294 liberm,
1542 1227 1635 1282 ﬁlii

53 1317 357 1382 electionis,
410 1327 466 1371 ει
506 1318 600 1371 ﬁlii
647 1318 738 1372 Dei
766 1333 1002 1383 smnus,
1052 1319 1096 1373 si
1145 1327 1322 1373 tamen
1365 1319 1416 1372 in
1463 1318 1635 1387 gratia

52 1406 305 1476 baptismi
335 1424 765 1478 perseveramus,
807 1410 850 1463 si
894 1409 1170 1464 diabolum
1214 1419 1267 1464 et
1298 1408 1413 1478 ejus
1449 1425 1634 1481 opera,

55 1500 257 1567 quibus
308 1501 846 1567 abrenuntiavimus,
898 1502 1119 1556 Omnino
1173 1503 1539 1567 detestamur,
1592 1503 1635 1556 si

55 1589 232 1644 Deum
262 1599 314 1644 et
351 1591 468 1660 eius
504 1601 772 1662 prtecepta
812 1601 919 1645 tota
955 1591 1243 1647 dilectione
1283 1592 1557 1663 diligimus
1585 1601 1640 1646 et

48 1680 353 1749 sequimur.
383 1679 538 1747 Quod
568 1681 611 1735 si
653 1689 870 1751 pactum
901 1681 1149 1752 baptismi
1179 1682 1460 1751 fregimus,
1489 1691 1543 1738 et
1572 1683 1638 1736 ad

50 1771 256 1826 diaboli
289 1772 604 1827 servitutem
640 1773 844 1828 reversi
885 1789 1072 1828 sumus
1093 1815 1107 1838 ,
1147 1777 1276 1846 quid
1309 1777 1415 1830 erit
1443 1775 1510 1828 de
1543 1791 1638 1829 no-

1741 593 1926 656 apcrta
1964 584 2361 654 persecutione.
2396 581 2536 636 Malo
2577 582 2846 652 exemplo,
2881 584 3005 637 dum
3051 583 3240 639 ﬁerent
3270 597 3332 640 et

1740 685 2131 747 prosperantur
2178 675 2230 728 in
2261 675 2344 728 via
2398 690 2492 729 sua
2527 675 2690 739 mala,
2722 677 2979 744 quoniam
3008 693 3194 732 eorum
3221 679 3333 746 [illi

1740 776 1868 822 sunt
1889 768 2022 821 sicut
2047 766 2264 821 novella:
2281 765 2623 835 plantationis
2647 768 2702 821 in
2719 769 2992 836 juventute
3018 787 3135 825 sua.
3165 771 3325 825 Filia-

1739 875 1915 912 eorum
1947 858 2268 924 compositae,
2294 858 2694 913 circumarnatce
2722 869 2776 912 ut
2804 859 3093 915 similitudo
3123 865 3321 928 templi.

1743 949 2117 1018 Promptuaria
2141 965 2322 1001 eorum
2349 948 2522 1017 plena,
2567 951 2860 1003 eructantia
2882 967 2948 1004 ex
2969 953 3063 1004 hoc
3094 955 3146 1005 in
3169 954 3321 1008 illud.

1743 1038 1872 1093 Ores
1912 1055 2092 1092 eorum
2139 1039 2349 1108 (etesia,
2389 1039 2717 1094 abundantes
2761 1043 2813 1094 in
2855 1043 3141 1111 egressibus
3183 1046 3320 1109 suis,

1741 1128 1887 1181 boves
1915 1145 2093 1181 eorum
2119 1145 2330 1181 crasste.
2379 1127 2499 1181 Non
2543 1140 2616 1182 est
2662 1132 2817 1184 ruina
2846 1133 3120 1200 maceria',
3165 1152 3326 1206 neque

1741 1219 2014 1284 transitus,
2035 1236 2197 1288 neque
2210 1219 2432 1283 clamor,
2450 1220 2504 1272 in
2523 1220 2709 1288 plateis
2729 1238 2905 1275 eorum
2925 1223 3091 1292 (Paul.
3112 1231 3322 1295 exuti).

1741 1307 1846 1362 Sed
1877 1318 2064 1364 contra
2097 1311 2211 1364 hrec
2235 1323 2333 1364 nos
2353 1319 2527 1362 armat
2559 1309 2748 1377 David,
2771 1313 2955 1368 dicens
2982 1329 2995 1368 :
3027 1317 3151 1368 Noli
3166 1333 3330 1370 a'mu-

1741 1399 1841 1453 lari
1881 1401 1936 1454 in
1979 1400 2409 1470 malignantibus,
2443 1417 2605 1469 neque
2638 1403 2885 1459 zelavcris
2926 1407 3176 1475 facientes
3219 1411 3328 1462 mi-

1739 1494 1990 1562 quitatem
2015 1509 2032 1545 :
2054 1494 2302 1562 quoniam
2332 1504 2582 1564 tanquam
2613 1495 2795 1564 fenum
2825 1499 3066 1554 velociter
3094 1519 3328 1558 arescens

1743 1581 1915 1654 (Psal.
1970 1587 2177 1646 xxxvi).
2219 1584 2455 1640 Subdola
2500 1590 2876 1660 suggestione,
2913 1606 3037 1648 curn
3081 1594 3322 1649 dicitur:

1742 1676 1969 1748 Semper
2007 1677 2107 1733 fuit
2139 1680 2390 1744 mundus,
2432 1679 2504 1733 ita
2538 1697 2754 1752 semper
2777 1683 3019 1739 orientur
3059 1686 3324 1749 homines,

1743 1777 1800 1823 et
1831 1769 2154 1824 morientur.
2187 1769 2320 1836 Quis
2346 1777 2432 1824 est
2462 1787 2712 1827 reversus
2738 1773 2805 1828 ab
2836 1774 3043 1841 inferis,
3068 1777 3158 1844 qui
3195 1791 3328 1829 ιιιιιι-

51 1860 144 1914 bis
181 1861 410 1928 miseris,
442 1864 544 1918 nisi
583 1865 906 1930 quantocius
942 1880 1039 1932 per
1071 1841 1443 1934 plenitentiam
1478 1875 1534 1920 et.
1564 1866 1639 1920 la-
1672 1841 1716 1899 Β
1751 1861 1847 1915 lict
1873 1861 2035 1914 aliam
2075 1861 2239 1915 vitam
2279 1864 2435 1918 esse?
2463 1863 2698 1918 Stultum
2724 1873 2806 1918 est
2845 1865 3010 1934 igitur
3039 1868 3326 1934 prmseutia

49 1964 273 2019 crymas
303 1952 671 2016 reconciliari,
703 1954 827 2007 dum
855 1952 1002 2018 licet,
1027 1971 1354 2022 quaaramus.

129 2041 408 2108 Secundo,
465 2043 686 2107 fratres,
721 2045 1175 2102 considerandum
1240 2057 1321 2103 est
1367 2049 1648 2119 quomodo.

43 2132 250 2186 ancilla
300 2133 452 2202 prius
498 2133 725 2190 fecunda
788 2136 960 2193 fuisse
1007 2148 1060 2194 ει
1103 2141 1409 2210 peperisse,
1470 2141 1636 2196 libera

43 2241 187 2280 vero
243 2227 392 2297 prius
450 2229 683 2294 sterilis,
737 2241 1015 2300 postremo
1071 2234 1286 2288 dicatur
1337 2235 1633 2304 peperisse.

44 2318 482 2376 Porrocarualis
506 2324 785 2394 generatio
817 2325 967 2396 prius
999 2328 1050 2382 in
1078 2328 1281 2382 mundo
1319 2329 1629 2398 multiplici-

47 2419 139 2464 ter
162 2411 471 2480 abundavit,
505 2415 720 2482 quando
742 2417 920 2488 ignari
951 2418 1043 2472 Dei
1078 2427 1131 2474 ει
1158 2419 1282 2474 vita:
1313 2419 1633 2490 spiritualis,

42 2510 266 2556 tantum
301 2507 675 2576 prepagationi
719 2518 772 2562 et
807 2510 1135 2564 successioni
1169 2511 1350 2565 carnis
1392 2512 1637 2566 intende-

41 2595 210 2648 bant.
235 2596 542 2665 Spiritualis
567 2615 698 2655 vero
719 2601 1058 2670 regeneratio
1097 2602 1194 2657 diu.
1215 2603 1412 2673 ignota,
1437 2603 1636 2658 sterilis

39 2686 375 2750 permansit.
401 2687 468 2740 Et
499 2689 615 2744 lucc
642 2699 850 2744 tantum
885 2700 1126 2762 tempore
1148 2695 1335 2763 gratia:
1358 2694 1635 2749 abundan-

41 2785 143 2826 ter
189 2774 549 2834 fruetilicavit.
602 2779 724 2835 Nan
758 2783 929 2849 enim,
973 2793 1030 2837 ιιι
1071 2786 1147 2838 ait
1194 2784 1520 2855 Apostolus,
1559 2795 1642 2841 est

33 2867 282 2933 primum
305 2871 444 2940 quod
472 2882 544 2926 est
571 2874 875 2942 spirituale,
907 2876 997 2928 sed
1039 2879 1190 2946 prius.
1221 2878 1362 2948 quod
1404 2889 1479 2932 est
1525 2880 1637 2934 aui-

33 2956 215 3019 male,
244 2970 289 3012 et
316 2971 493 3029 postea
517 2967 654 3033 quod
684 2975 758 3018 est
782 2967 1051 3036 spirituale
1075 2969 1133 3036 (l
1166 2968 1288 3024 Cor.
1331 2971 1442 3042 xv).
1480 2971 1636 3028 Unde

31 3049 262 3104 Isaias:
298 3050 520 3118 Ltetm‘e,
560 3057 753 3110 sterilis
794 3076 910 3129 qua:
947 3077 1048 3114 non
1077 3061 1254 3131 paris,
1291 3063 1344 3117 id
1383 3074 1468 3119 est
1511 3079 1632 3134 qua:

25 3140 230 3206 primo
265 3141 348 3195 vel
390 3144 594 3208 nullos,
637 3147 718 3201 vel
747 3163 966 3217 paucos,
1007 3151 1276 3218 pariebas,
1325 3170 1540 3224 erumpe
1583 3164 1629 3210 et
1662 3187 1704 3244 ο

28 3229 224 3285 clastra
248 3248 364 3301 qua:
385 3249 488 3288 non
514 3239 764 3303 par-turis,
786 3241 911 3309 quia
936 3242 1092 3294 multi.
1113 3242 1210 3311 ﬁlii
1238 3243 1437 3312 libera",
1463 3248 1636 3318 magis

29 3325 279 3379 subaudi
311 3325 462 3382 electi
495 3344 526 3384 a
561 3330 685 3394 Deo,
719 3349 875 3402 quam
911 3334 1012 3402 filii
1037 3336 1171 3404 ejus,
1201 3336 1249 3389 id
1279 3347 1362 3392 est
1393 3339 1634 3396 carnalis

28 3417 443 3488 generationis,
465 3437 582 3491 qua:
607 3423 762 3476 habet
799 3427 967 3479 virum
997 3427 1109 3496 (36)
1135 3427 1269 3496 (lsa.
1305 3430 1435 3498 Liv),
1467 3431 1519 3485 id
1551 3440 1635 3487 est

26 3503 440 3578 corruptorem'
460 3514 752 3569 diabolum.
796 3516 904 3571 Nos
937 3531 1092 3587 ergo,
1135 3518 1329 3574 fratres
1361 3521 1499 3588 mei,
1540 3537 1635 3591 po-

28 3603 158 3656 tius
190 3601 524 3670 spiritualem
559 3621 718 3674 quam
750 3608 1022 3683 carnalem
1063 3612 1460 3668 successionem
1491 3628 1638 3683 quae-

27 3707 264 3752 ramus.
314 3692 506 3749 Melius
549 3705 632 3752 est
689 3699 833 3752 enim
886 3680 1191 3770 relinquere
1245 3718 1408 3758 unum
1461 3705 1635 3760 solum

27 3787 255 3839 bonum
284 3786 450 3842 ﬁlium
471 3805 632 3858 quam
659 3791 855 3846 multos
880 3794 1068 3850 malos.
1096 3793 1163 3848 Et
1188 3794 1376 3850 melius
1395 3805 1478 3850 εει
1500 3795 1636 3851 mori

22 3878 172 3932 sine
213 3877 338 3934 tiliis
366 3894 527 3949 quam
566 3882 872 3952 relinquere
904 3885 1103 3940 malum
1141 3887 1328 3941 ﬁlium.
1363 3886 1463 3954 Qui
1506 3902 1638 3958 ergo

20 3970 193 4025 alios
219 3969 444 4040 habent,
469 3975 521 4028 in
549 3977 890 4032 correctione
912 3979 1038 4034 etin
1069 3980 1427 4036 instructione
1447 3996 1636 4036 eorum

16 4062 314 4134 vigilant,
339 4066 594 4134 quoniam
631 4069 771 4122 sicut
793 4070 1048 4140 gaudium
1079 4081 1162 4126 est
1187 4083 1471 4142 parentum
1498 4073 1639 4129 ﬁlius

17 4155 309 4224 sapiens,
352 4157 426 4211 ita
466 4159 711 4214 confusio
756 4171 812 4216 et
862 4162 1168 4218 maledictio
1213 4173 1298 4218 est
1351 4175 1637 4234 parentum

19 4246 198 4300 filius
249 4246 447 4302 stultus
489 4247 672 4318 (Prov.
712 4267 770 4314 x,
812 4257 927 4323 xv).
969 4254 1070 4320 Qui
1107 4270 1234 4312 vero
1264 4255 1388 4310 ﬁliis
1419 4265 1635 4323 carent,

17 4351 158 4388 non
217 4333 471 4400 doleant,
513 4339 606 4392 sed
644 4338 920 4395 Christum
962 4342 1232 4398 litercdem
1277 4345 1637 4412 constituant,

13 4437 325 4494 pauperes
354 4436 407 4479 et
445 4427 673 4495 pupillos
709 4429 761 4483 in
801 4429 937 4485 ﬁlios
968 4432 1260 4502 adoptem,
1300 4435 1550 4504 exemplo
1587 4444 1642 4490 et

1743 1951 1938 2020 gaudia
1961 1952 2206 2020 perdere,
2239 1966 2459 2024 propter
2487 1957 2730 2024 qumdam
2763 1956 2901 2011 forte
2933 1973 3207 2026 nunquam
3241 1959 3324 2012 fu-

1744 2051 1883 2096 tura.
1921 2043 2016 2110 Ita,
2053 2042 2268 2108 fratres,
2294 2047 2407 2101 vult
2439 2047 2686 2118 decipere
2727 2047 2868 2102 ﬁlius
2907 2048 3116 2104 ancillte
3157 2049 3338 2103 ﬁlium

1743 2133 1958 2189 liberm.
2020 2135 2095 2190 Ita
2141 2137 2444 2200 insidiatur,
2497 2148 2551 2191 ut
2603 2139 2772 2207 rapiat
2818 2155 3128 2208 pauperem,
3188 2141 3326 2210 rapit

1741 2239 1912 2283 autem
1937 2245 2215 2299 pauperem
2246 2230 2372 2283 dum
2405 2230 2617 2283 attrahit
2645 2246 2763 2284 eum
2797 2230 2970 2302 (Psal.
3016 2232 3070 2301 χ)
3099 2233 3334 2287 subdola-

1741 2320 2107 2390 snggestione.
2135 2321 2334 2376 Contra
2372 2321 2486 2376 hzec
2518 2337 2615 2375 uos
2639 2330 2814 2374 armat
2840 2320 3129 2391 Apostolus
3159 2341 3172 2376 :
3198 2323 3328 2376 Cor—

1742 2417 1986 2478 rumpunt
2040 2410 2210 2473 enim,
2270 2410 2385 2473 ait,
2431 2409 2589 2464 bonos
2639 2425 2806 2463 mores
2858 2396 3116 2481 colloquia
3165 2429 3325 2481 prata

1743 2497 1792 2568 (I
1822 2497 1944 2553 Cor.
1981 2501 2092 2565 xv).
2127 2500 2252 2555 Ideo
2275 2501 2435 2555 nolite
2453 2501 2820 2570 omnispiritui
2843 2502 3050 2556 credere
3076 2502 3124 2573 (1
3156 2502 3323 2557 Joan.

1741 2593 1837 2658 tv).
1873 2591 2030 2645 Fides
2055 2591 2200 2646 enim
2233 2604 2420 2646 nostra
2458 2593 2783 2647 testimoniis
2807 2594 3233 2663 patriarcharum
3273 2604 3325 2650 et

1741 2681 2127 2751 prophetarum
2170 2683 2449 2748 fmulatur,
2495 2683 2801 2748 nativitale,
2835 2687 3104 2755 passione,
3139 2704 3342 2744 resur-~

1742 2778 1986 2832 rectione
2022 2787 2077 2833 et
2127 2779 2448 2834 ascensione
2485 2778 2688 2834 Christi
2731 2780 3065 2850 completum;
3110 2793 3344 2853 aposto-~

1741 2868 1916 2924 lorum
1949 2870 2274 2927 testimoniis
2313 2871 2551 2938 fulcitur,
2593 2871 2855 2942 sanguine
2892 2884 3192 2946 martyrum
3237 2892 3324 2931 ro-

1740 2960 1986 3027 horatur,
2007 2963 2096 3034 qui
2129 2963 2404 3018 miraculis
2432 2965 2658 3032 probant
2685 2981 2744 3022 se
2773 2966 2965 3021 melius
2994 2967 3174 3021 vivere
3201 2979 3324 3036 post

1739 3061 1996 3108 mortem.
2037 3054 2239 3124 Aperta
2291 3056 2672 3122 persecutione
2721 3068 3142 3128 persequuntur,
3191 3059 3344 3119 dum

1741 3145 1884 3202 ﬁlios
1923 3146 2106 3202 liberte
2135 3148 2399 3213 spoliant,
2445 3151 2558 3206 suis
2592 3151 2867 3207 lacescunt
2899 3153 3194 3216 conviciis,
3239 3154 3342 3205 af-'

1737 3237 1930 3309 ﬁignnt
1977 3235 2218 3308 injuriis,
2267 3242 2505 3310 exsiliis,
2560 3233 2872 3310 tormentis,
2915 3254 3118 3310 morte,
3165 3243 3344 3312 juxta'

1739 3329 1869 3385 illud
1902 3348 1917 3385 :
1948 3330 2136 3386 Sancti
2173 3332 2401 3388 ludibria
2443 3345 2491 3388 et
2532 3336 2740 3392 verbera
2767 3336 2968 3404 experti
2989 3377 3002 3400 ,
3033 3337 3244 3404 insuper
3273 3346 3320 3389 et

1739 3424 1944 3478 vincula
1973 3434 2020 3479 et
2053 3442 2306 3481 carceres.
2343 3425 2591 3494 Lapidati
2611 3439 2766 3494 sunt,
2796 3430 2920 3482 secti
2949 3440 3068 3482 sunt
3089 3470 3101 3489 ,
3135 3432 3318 3482 tentati

1738 3525 1880 3580 sunt,
1906 3517 1962 3569 in
1989 3519 2246 3571 occisione
2270 3517 2436 3586 gladii
2466 3520 2659 3571 mortui
2682 3530 2802 3573 sunt
2836 3519 3024 3590 (llebr.
3053 3521 3150 3589 xl).
3179 3520 3321 3574 Cou-

1739 3615 1820 3661 tra
1853 3609 1954 3662 hoc
1982 3623 2080 3663 nos
2123 3608 2382 3664 Dominus
2415 3619 2624 3674 armat,
2657 3612 2840 3667 dicens
2870 3625 2884 3664 :
2931 3611 3109 3666 Nolite
3138 3614 3322 3666 timere

1739 3714 1824 3752 eos
1851 3699 1940 3768 qui
1971 3699 2211 3753 occidunt
2259 3715 2476 3769 corpus,
2506 3703 2734 3754 animam
2758 3714 2929 3756 autem
2968 3719 3069 3756 non
3106 3713 3322 3772 possunt

1739 3791 1972 3844 occidere
2003 3804 2020 3842 :
2051 3791 2143 3844 sed
2178 3791 2350 3860 potius
2379 3809 2496 3847 eum
2534 3793 2706 3848 timete
2745 3795 2833 3860 qui
2872 3795 3102 3848 animum
3128 3805 3175 3849 et
3206 3813 3323 3850 cor-

1738 3897 1834 3950 pus
1859 3891 2021 3950 potest
2059 3883 2273 3951 perdere
2305 3885 2356 3937 in
2387 3884 2674 3953 gehennam
2697 3886 2906 3955 (Matth.
2944 3887 3021 3959 χ).
3048 3889 3113 3942 Ει
3150 3889 3276 3943 alibi
3307 3908 3319 3943 :

1738 3971 1888 4026 Beati
1916 3974 2007 4043 qui
2035 3975 2444 4043 persecutionem
2485 3977 2760 4046 patiuntur
2787 3988 2994 4048 propter
3023 3979 3318 4049 justitiam',

1739 4064 1986 4133 quoniam
2035 4065 2265 4133 ipsorum
2312 4076 2386 4120 est
2428 4083 2641 4137 regnum
2693 4069 2938 4122 caelorum
2985 4069 3198 4140 (Matth.
3247 4072 3322 4139 ν).

1815 4153 2021 4222 Quarto
2060 4169 2296 4225 quoque,
2333 4156 2552 4222 fratres,
2591 4158 3042 4214 considerandum
3079 4170 3162 4216 est
3193 4176 3328 4230 quo-

1744 4246 1906 4301 modo
1937 4246 2130 4301 ancilla
2153 4255 2209 4302 et
2239 4247 2382 4303 ﬁlius
2421 4247 2536 4316 ejus
2577 4263 2698 4302 cum
2731 4249 2835 4304 olla
2864 4266 3017 4320 aqua:
3055 4250 3324 4319 ejiciatur,

1744 4344 1799 4390 ει
1828 4335 1970 4392 illius
1998 4337 2181 4392 liberae
2217 4337 2392 4392 hazrcs
2428 4339 2819 4404 constituatur;
2853 4340 2945 4393 ﬁlii
2993 4341 3189 4411 quippe
3228 4357 3324 4395 au-

1746 4428 1914 4495 cillte,
1961 4430 2087 4498 quia
2136 4437 2342 4484 tantum
2389 4437 2661 4485 terrenam
2704 4433 3327 4502 luercditatem.dqeside-

13 4517 226 4573 verbo
267 4515 406 4572 ﬁlios
437 4520 746 4586 spirituales
775 4524 1033 4593 gignant,
1069 4536 1126 4586 ut
1162 4527 1283 4596 jure
1314 4526 1381 4583 de
1417 4528 1496 4583 eis
1530 4529 1635 4584 dici
1671 4525 1718 4584 ο
1746 4528 1869 4571 rant
1892 4526 1947 4572 et
1978 4519 2396 4588 amplectuntur,
2437 4521 2618 4578 divino
2650 4521 2856 4589 judicio
2895 4539 2922 4575 a
2963 4524 3171 4578 caelesti
3203 4535 3344 4579 sunt.

11 4611 222 4680 possit
257 4627 269 4662 :
303 4609 534 4680 La'tare,
581 4618 776 4670 sterilis
817 4635 934 4688 quae
980 4637 1082 4674 non
1128 4623 1300 4688 paris,
1340 4639 1548 4690 crmnpe
1589 4633 1637 4677 et

9 4700 226 4753 clama
273 4716 388 4769 qua:
424 4691 526 4757 non
559 4709 822 4773 parturis,
856 4711 1101 4776 quoniam
1137 4712 1240 4778 ﬁlii
1281 4713 1457 4766 libera:
1488 4713 1638 4766 multi

7 4808 210 4861 quam
258 4792 372 4861 ejus
414 4811 529 4863 qua:
567 4797 718 4852 habet
761 4802 928 4853 cirum
967 4800 1108 4868 (Gal.
1146 4806 1242 4872 Iv).
1280 4803 1429 4858 Adeo
1469 4806 1637 4873 enim,

8 4885 288 4949 fratres,
329 4889 565 4942 excrevit
609 4889 766 4945 hodie
806 4891 1006 4946 malitia
1048 4894 1278 4948 ﬁliorum
1317 4897 1639 4966 carnalium,

8 4991 291 5046 quorum
318 4979 456 5034 alter
483 4990 566 5035 est
596 4993 884 5050 scortator,
929 4986 1065 5040 alter
1103 4987 1332 5055 aleator,
1367 4989 1503 5044 alter
1534 4990 1640 5059 lur,

8 5072 190 5126 alter
250 5081 455 5142 raptor,
491 5074 630 5129 alter
655 5078 848 5145 quterit
877 5086 932 5132 et
973 5078 1248 5136 desiderat
1289 5091 1516 5136 mortem
1549 5097 1644 5152 pa-

9 5168 309 5222 rentum;
341 5163 484 5230 quod
511 5164 672 5218 hodie
701 5179 826 5220 vere
855 5165 960 5220 dici
993 5171 1165 5238 possit
1196 5188 1209 5222 :
1241 5171 1416 5226 Beatce
1444 5171 1644 5226 steriles

7 5269 162 5324 quc:
214 5268 322 5305 non
363 5263 685 5323 genuerunt,
729 5266 778 5310 et
823 5258 982 5312 ubera
1018 5277 1137 5330 quis
1177 5279 1281 5316 non
1317 5257 1664 5317 lactaver‘unt

7 5344 212 5417 (Luc.
255 5347 433 5413 mu).
481 5343 664 5401 Tertio
698 5362 864 5414 vero,
910 5348 1135 5416 fratres,
1188 5353 1644 5408 considerandum

7 5450 118 5496 est
148 5481 168 5504 ,
205 5439 504 5507 quomodo,
538 5450 595 5495 ut
625 5442 704 5516 ait
737 5442 1026 5513 Apostolus
1049 5485 1062 5507 ,
1101 5445 1196 5499 lilii
1227 5447 1434 5501 ancillte
1463 5462 1645 5517 perse-

7 5536 306 5601 quuntur
333 5527 474 5586 ﬁlios
509 5530 711 5586 liberae.
736 5530 1144 5601 Persequuntur
1174 5536 1371 5604 quippe
1405 5534 1497 5588 ﬁlii
1525 5550 1644 5588 car-

7 5625 126 5677 nis
163 5618 321 5675 ﬁlios
342 5622 592 5690 spiritus;
623 5623 718 5677 ﬁlii
749 5625 956 5690 mundi,
985 5625 1124 5680 ﬁlios
1150 5625 1294 5679 caeli.
1327 5626 1645 5692 Quomodo"

103 5778 244 5850 ('56)
288 5763 440 5848 Vulg.
485 5782 672 5836 cadent
705 5799 808 5837 non
842 5783 1046 5852 precise
1079 5785 1266 5840 iisdem
1302 5786 1494 5842 verbis.

1747 4609 2062 4666 hrercditale
2089 4612 2340 4682 sejuncti.
2374 4613 2439 4666 Et
2481 4614 2611 4667 nihil
2642 4614 2721 4669 eis
2751 4615 3047 4679 confertur,
3082 4617 3184 4671 nisi
3212 4632 3328 4670 ειη-η

1747 4700 1915 4770 phora
1961 4719 2114 4773 aqua:-
2148 4720 2309 4776 super
2355 4706 2888 4776 scapulam.‘Aqua,
2941 4707 3138 4764 fratres
3187 4710 3346 4775 mei,’

1749 4794 2021 4848 mundana
2051 4795 2281 4850 felicitas
2310 4805 2408 4851 εει.
2435 4797 2588 4866 Aqua
2616 4799 2758 4852 enim
2782 4807 2865 4854 est
2893 4799 3088 4864 labilis,
3117 4802 3348 4869 potabit

1749 4885 1846 4952 lis,
1880 4886 2097 4941 nabilis.
2144 4887 2412 4941 Mundana
2463 4905 2676 4959 quoque
2719 4890 2951 4946 felicitas
2988 4903 3070 4947 est
3115 4893 3346 4960 labilis,

1749 4978 1872 5046 quia
1919 4977 2030 5031 cito
2077 4978 2292 5043 transit,
2334 4995 2434 5033 nec
2483 4979 2658 5044 redit;
2704 4981 2956 5048 potabilis
3001 4993 3107 5049 est,
3152 4984 3332 5040 id‘est

1749 5079 1872 5138 apta
1907 5069 1973 5123 ad
2000 5071 2282 5136 utendum,
2319 5071 2364 5125 si
2395 5071 2633 5126 modeste
2657 5082 2931 5139 sumatur;
2966 5075 3008 5130 si
3032 5071 3350 5150 Sttperﬁue,‘

1751 5159 1902 5215 inﬂat
1945 5161 2253 5227 hominem,
2287 5171 2342 5215 et
2377 5161 2606 5228 occidit;
2650 5163 2846 5220 nabilis
2875 5173 2996 5229 est,
3035 5168 3159 5236 quia
3204 5151 3351 5222 cunr

1744 5248 1893 5319 justo
1927 5252 2190 5323 regimine
2211 5291 2226 5318 ,
2257 5259 2439 5322 potest
2469 5253 2665 5324 aliquis
2695 5270 2793 5325 per
2831 5271 2950 5311 eam
2991 5261 3224 5316 transire
3251 5255 3332 5317 ad

1749 5350 1980 5411 portum.
2001 5344 2223 5410 salutis,
2264 5344 2401 5400 alias
2433 5344 2485 5399 in
2515 5347 3004 5416 superabundantia
3043 5351 3172 5420 ejus
3203 5352 3350 5416 subs

1751 5435 2014 5506 mergitur
2043 5445 2096 5492 et
2135 5438 2296 5508 perit.
2334 5436 2486 5492 Hanc
2522 5426 2703 5494 autem
2735 5441 3063 5497 mundanam
3098 5442 3328 5497 felicita-

1752 5533 1856 5580 tem
1900 5526 2100 5595 accipit
2141 5526 2280 5582 ﬁlius
2313 5526 2524 5583 ancilla:
2549 5543 2724 5598 super
2764 5545 2843 5595 se,
2881 5531 3007 5600 quia
3046 5531 3096 5585 ei
3138 5533 3326 5597 servit,

1750 5631 1858 5672 non
1889 5616 1977 5672 illa
2015 5617 2138 5674 sibi.
2167 5618 2224 5675 In
2252 5619 2360 5674 alia
2392 5635 2521 5678 vero
2545 5621 2655 5677 vita
2683 5637 2910 5695 prorsus
2949 5638 2979 5678 a
3009 5622 3214 5684 catlesti
3244 5633 3348 5680 εει·
3404 5685 3409 5706 ξ
