3822 6316
534 346 670 403 1815

1588 342 1938 399 ADDENDA.
1972 372 2041 381 --
2082 341 2100 396 1

2206 340 2428 397 lULPHI
2461 335 2806 396 ARDENTIS
3590 347 3673 406 l8ll

526 459 901 531 questrahitur
931 459 1278 524 haereditate,
1317 456 1451 512 nihil
1489 456 1761 523 accipiens
1807 456 1906 510 nisi
1943 463 2104 509 aeter—
2136 468 2182 526 Α
2213 462 2413 517 tentat,
2443 460 2500 506 ιιι
2525 451 2703 506 discat
2740 448 2886 518 quod
2929 447 3165 517 ignorat.
3190 445 3350 501 Juxta
3386 464 3498 503 vero
3523 460 3673 525 ιιοροιο.

528 568 652 609 nam
707 553 1149 618 damnationem,
1190 552 1446 623 quoniam
1495 550 1549 604 in
1604 550 1704 603 hac
1749 548 1859 602 vita
1904 548 2107 616 recepit

525 647 668 700 bona
689 658 805 700 sua.
844 644 1080 715 Populus
1097 659 1230 701 vero
1251 643 1473 709 electus,
1513 642 1603 711 qui
1629 650 1714 697 est
1736 640 1878 696 filius
1899 640 2103 704 liberae,

526 737 883 793 constituitur
915 738 1088 792 haeres
1114 735 1317 806 patris,
1343 742 1398 787 et
1442 747 1585 786 nunc
1629 732 1913 795 electione,
1958 740 2012 786 et
2051 731 2104 785 in

526 828 709 885 futuro
755 828 1186 883 confirmatione.
1230 825 1382 881 Nunc
1416 823 1777 895 spiritualium
1819 822 2102 887 bonorum,

526 930 581 976 et
634 922 687 975 in
735 921 918 975 futuro
967 918 1271 975 ccelestium
1318 916 1691 987 praemiorum.
1738 913 1850 970 Nos
1900 915 2104 983 itaque,

527 1012 729 1066 fratres
770 1011 895 1074 mei,
934 1008 1137 1063 Christi
1171 1007 1432 1078 sanguine
1456 1006 1697 1073 liberati,
1718 1005 1833 1075 jam
1870 1021 1972 1059 non
2014 1021 2103 1057 su-

526 1116 643 1153 mus
663 1099 765 1167 ﬁlii
790 1097 1021 1162 ancillas,
1048 1098 1138 1151 sed
1163 1096 1360 1162 liberte,
1390 1096 1435 1149 si
1465 1105 1649 1150 tamen
1675 1109 1779 1148 non
1810 1095 2106 1150 secundum

527 1204 767 1251 carnem,
799 1189 893 1245 sed
922 1187 1216 1244 secundum
1259 1186 1510 1257 spiritum
1542 1185 1804 1250 vivimus;
1843 1185 1887 1240 si
1914 1184 2104 1248 Deum,

527 1296 633 1337 non
671 1282 931 1336 mundum
979 1279 1274 1351 diligimus,
1326 1279 1371 1333 si
1422 1279 1697 1343 caelestia,
1743 1292 1848 1332 non
1893 1287 2106 1332 terrena

525 1371 923 1435 desideramus,
964 1373 1011 1427 si
1051 1373 1366 1428 servitutem
1410 1371 1665 1426 vitiorum
1713 1369 2000 1440 fugientes,
2046 1369 2108 1422 li-

524 1463 787 1521 bertatem
844 1466 1106 1521 virtutum
1154 1459 1470 1521 sectamur.’
1532 1463 1980 1533 Accipiemnsqne
2053 1461 2105 1515 in

525 1555 710 1610 futuro
738 1566 999 1613 aeternam
1028 1558 1424 1619 hereditatem,
1449 1554 1910 1625 incorruptibilem
1933 1564 1988 1608 et
2026 1554 2109 1608 iu-

524 1647 947 1702 eontatninatam
988 1657 1363 1703 conservatam
1395 1648 1448 1702 in
1494 1646 1672 1711 cmlis,
1712 1654 1770 1700 ut
1804 1647 1973 1701 simus
2001 1647 2107 1700 Iur-

524 1736 672 1791 redes
716 1736 926 1807 quidem
966 1735 1087 1804 Dei,
1119 1739 1415 1792 coheredes
1472 1747 1644 1791 autem
1682 1733 1881 1789 Christi
1923 1734 2100 1803 (Rom.

522 1832 662 1897 vni).
701 1831 955 1898 quoniam
988 1831 1054 1885 ad
1095 1830 1375 1885 dexteram
1416 1830 1572 1885 nobis
1615 1828 1803 1897 positis
1845 1828 2101 1882 dicetur:
2137 1814 2177 1873 Β

530 1919 733 1981 Venite,
763 1922 1014 1975 benedicti
1058 1921 1236 1978 Patris
1269 1924 1396 1986 mei,
1439 1922 1688 1991 percipite
1721 1935 1936 1989 regnum
1964 1919 2103 1989 quod

522 2010 665 2065 uobis
696 2020 942 2080 paratum
995 2022 1071 2066 est
1112 2012 1176 2066 ab
1226 2013 1426 2081 origine
1473 2012 1654 2064 mundi
1695 2009 1912 2080 (Matth.
1953 2010 2101 2079 xxv).

521 2101 693 2168 Quam
734 2103 1100 2157 haereditatem
1135 2103 1391 2173 largiatur
1432 2104 1588 2158 nobis
1614 2112 1671 2159 et
1712 2102 2011 2172 promereri
2049 2110 2104 2157 et

522 2194 778 2263 consequi
831 2193 989 2250 Jesus
1019 2193 1265 2249 Christus
1304 2194 1562 2249 Dominus
1596 2204 1801 2259 noster,
1846 2194 1937 2264 qui
1979 2210 2103 2249 cmn

518 2284 680 2341 Patre
704 2293 757 2342 et
798 2285 1001 2357 Spiritu
1035 2297 1223 2342 sancto
1252 2287 1382 2341 vivit
1410 2297 1464 2341 et
1497 2296 1686 2359 regnat
1723 2286 1882 2343 Deus.
1910 2288 2101 2342 Amen.

1064 2377 1342 2435 HOMILIA
1384 2377 1539 2434 XLII.

819 2484 1070 2525 DOIINICA
1106 2485 1320 2532 QUARTA
1360 2485 1802 2534 ρυιιιιιιιςιεειιιιε.

590 2560 898 2615 Abiitlesus
920 2571 1065 2616 trans
1084 2579 1228 2617 mare
1244 2560 1500 2628 Galiltete,
1523 2564 1663 2632 quod
1683 2572 1760 2616 est
1789 2562 2104 2625 Tiberiadis;

517 2660 566 2705 et
612 2651 922 2721 sequebatur
958 2668 1074 2706 eum
1116 2653 1397 2708 multitudo
1434 2670 1660 2725 magna,
1701 2654 1827 2724 quia
1864 2654 2104 2708 ridebant

516 2744 667 2812 signa
715 2758 834 2809 (μιαν
878 2742 1099 2810 faciebat
1144 2745 1327 2814 (Joan.
1372 2746 1486 2815 vi),
1525 2755 1581 2801 et
1638 2747 1861 2816 reliqua.
1904 2746 1963 2800 ln
2005 2747 2105 2801 hac

516 2834 692 2890 sancti
723 2833 999 2907 Evangelii
1039 2836 1301 2902 lectione,
1337 2853 1501 2908 quam
1530 2838 1722 2901 modo,
1751 2838 1951 2893 fratres
1974 2838 2104 2893 cha-

517 2925 741 2989 rissimi,
775 2926 1099 2989 audivimus,
1135 2928 1311 2997 primo
1335 2944 1455 2998 qum
1485 2929 1551 2982 ad
1580 2928 1839 2993 litteram,
1864 2930 2105 2984 secundo

516 3016 661 3085 quod
686 3018 751 3071 ad
791 3017 1142 3089 tropologiam
1160 3060 1174 3085 ,
1200 3020 1363 3075 tertio
1388 3022 1531 3088 quod
1569 3021 1636 3073 ad
1666 3021 1951 3091 mysticum
1975 3035 2102 3076 sen-

520 3124 641 3163 sum
669 3109 924 3175 pertinet,
952 3111 1251 3165 videamus.
1278 3111 1552 3178 Quantum
1581 3113 1744 3182 igitur
1770 3111 1835 3165 ad
1865 3112 2101 3166 litteram

483 3218 487 3222 ι
518 3174 772 3266 pertinet.
808 3196 1005 3252 fratres
1038 3199 1164 3263 mei,
1194 3174 1453 3253 Dominus
1479 3208 1533 3253 et
1560 3174 1889 3267 Redemptor
1917 3212 2103 3256 noster
2132 3174 2175 3233 C

517 3287 676 3343 Jesus
708 3288 958 3344 Christus
997 3290 1234 3346 ostendit
1283 3293 1335 3346 ia
1386 3293 1486 3347 hac
1531 3292 1762 3347 lectione
1807 3307 1866 3347 se
1921 3308 2104 3348 veram

519 3382 933 3446 lnnnanitatem,
968 3394 1022 3437 et
1051 3398 1234 3437 veram
1276 3382 1476 3438 habere
1504 3383 1862 3438 divinitatem.
1904 3382 2106 3438 Huma-

518 3471 745 3530 nitatem
776 3474 977 3545 quippe
1008 3484 1065 3529 et
1101 3474 1355 3543 pietatem
1385 3489 1568 3528 veram
1594 3489 1656 3529 se
1692 3475 1891 3530 habere
1923 3484 2106 3531 osten-

516 3565 617 3633 dit,
657 3569 874 3635 quando
908 3567 1139 3621 infirmis
1180 3579 1235 3621 et
1275 3567 1641 3622 esurientibus
1680 3568 2012 3637 compatitur
2050 3553 2133 3623 et.

517 3658 923 3714 eondescendit.
948 3659 1295 3714 Divinitatem
1323 3675 1450 3714 vero
1482 3675 1540 3715 se
1570 3660 1772 3716 habere
1804 3677 1985 3716 veram
2011 3661 2104 3718 dc-

517 3760 826 3816 monstrat,
885 3750 1400 3834 quando.infirmos
1448 3751 1563 3806 solo
1615 3762 1746 3807 nutu
1806 3762 1994 3819 sanat,
2049 3762 2104 3809 et

516 3842 737 3910 quando
755 3841 820 3897 de
841 3840 1080 3911 quinque
1113 3840 1343 3911 p::nibus
1376 3851 1431 3896 et
1455 3842 1665 3898 duobus
1689 3843 1929 3914 piscibus
1950 3847 2104 3915 quin-

516 3948 624 4004 que
667 3933 832 3990 millia
883 3935 1193 4000 homiumu,
1235 3933 1461 3990 sublatis
1493 3935 1656 3989 etiam
1689 3935 1972 3992 duodecim
2014 3952 2106 3992 co-

514 4026 697 4097 phinis
727 4026 1191 4098 fragmentorum,
1236 4038 1465 4082 saturat.
1493 4026 1703 4091 Nonne,
1733 4028 1931 4085 fratres
1962 4030 2099 4096 mei,

516 4120 565 4175 si
596 4119 665 4174 de
694 4121 931 4191 quinque
963 4121 1193 4187 panibus
1233 4122 1473 4192 quinque
1501 4121 1668 4177 millia
1711 4122 1989 4178 hominum
2022 4124 2104 4178 ni-

517 4209 630 4265 hilo
657 4221 978 4267 remanente
1008 4212 1288 4277 satiasset,
1318 4228 1574 4282 tnagnum
1604 4225 1658 4269 et
1688 4214 1928 4269 divinum
1956 4224 2102 4271 esset

518 4300 881 4358 miraculum?
939 4302 1094 4359 Nunc
1148 4320 1277 4360 vero
1321 4321 1483 4376 quam
1538 4306 1840 4363 mirabilius
1889 4318 1944 4362 et
1993 4307 2102 4363 Deo

518 4396 737 4468 dignius
760 4396 1083 4452 miraculum
1115 4410 1370 4470 apparet,
1400 4414 1524 4454 cum
1551 4409 1606 4455 et
1639 4401 1708 4456 de
1736 4401 1976 4472 quinque
2008 4418 2100 4472 pa-

2207 543 2382 614 giam,
2415 543 2633 612 quando
2678 541 2933 597 Christus
2974 541 3079 597 hoc
3120 540 3282 604 facit,
3331 541 3453 610 quid
3484 544 3673 611 Christiani

2207 634 2389 692 facere
2419 636 2653 692 debeant
2678 635 2941 690 ostendit.
2984 631 3124 690 Octo
3169 633 3330 704 igitur
3359 634 3441 690 hic
3471 639 3585 695 nobis
3605 644 3676 700 ini

2210 731 2372 784 tanda
2415 739 2825 801 proponuntur:
2852 729 3016 786 Maris
3048 730 3432 793 transfretatio,
3466 732 3511 788 iu
3529 750 3674 797 nouam

2208 821 2479 885 ascensio,
2528 823 2806 878 miseratio
2855 826 3108 879 humana:
3154 822 3486 891 lectationis,
3520 828 3677 899 illicitis,

2207 911 2405 982 quibus
2425 923 2477 966 et
2506 928 2667 982 quam
2699 914 3099 987 eleemosynam
3129 913 3414 978 faciamus,
3442 920 3681 985 quomodoei

2207 1017 2315 1072 quo
2366 1004 2503 1068 line,
2551 1004 2827 1073 quomodo
2883 1005 3230 1076 eleentosyna
3285 1004 3619 1077 multiplicetur,
3650 1026 3683 1069 et
3774 1016 3775 1047 ³

2208 1104 2410 1165 quanta
2456 1096 2624 1165 gloria
2673 1095 2798 1151 inde
2842 1094 3014 1152 Deum
3045 1105 3330 1167 sequatur.
3369 1094 3683 1167 Itaqueiam:

2210 1188 2337 1249 mei,
2374 1203 2496 1241 cum
2538 1187 2800 1244 Dominus
2840 1189 2975 1245 abiit
3017 1197 3169 1243 trans
3206 1202 3359 1243 mare
3401 1185 3685 1257 Galilaeam

2210 1288 2394 1333 monet
2429 1289 2850 1348 tempestuosnm
2892 1278 3055 1347 hujus
3105 1279 3292 1333 mundi
3344 1293 3483 1351 mare
3510 1282 3686 1341 desiderio

2215 1368 2477 1432 transire,
2535 1380 2591 1423 et
2643 1370 2713 1425 ad
2760 1370 3039 1425 caelestem
3079 1369 3315 1440 patriam
3367 1371 3689 1439 suspintt

2209 1461 2353 1514 (‘ltim
2394 1461 2482 1517 hic
2520 1462 2752 1517 mundus
2775 1462 2969 1531 justis,
3002 1462 3095 1531 qui
3129 1460 3368 1517 fututam
3391 1463 3533 1517 vitam
3554 1466 3687 1523 deside-

2212 1559 2358 1614 rant,
2391 1550 2663 1612 exsilium.
2692 1565 2840 1605 mare
2869 1559 3321 1622 tempestuosum,
3354 1551 3498 1605 vallis
3517 1551 3690 1625 tarqui-

2211 1659 2349 1697 rum.
2378 1642 2533 1699 Unde
2561 1651 2617 1697 et.
2644 1643 2772 1698 illud
2795 1643 3108 1698 desiderant
3129 1641 3242 1699 cito
3271 1643 3509 1705 transire,
3529 1645 3687 1701 etalian

2210 1737 2378 1790 vitam
2416 1736 2693 1793 advenire.
2730 1736 2856 1791 Inde
2883 1735 3195 1802 Psalmisla,
3229 1733 3346 1789 Ileu
3371 1735 3507 1798 mihi,
3528 1734 3691 1803 Dauniae,

2204 1831 2328 1898 quia
2351 1828 2609 1884 incolatus
2634 1846 2780 1884 meus
2800 1829 3144 1899 prolongatus
3163 1837 3243 1883 est
3268 1831 3287 1895 (
3299 1827 3436 1881 Psal.
3460 1830 3593 1897 cm).
3609 1829 3691 1883 Nam

2207 1922 2648 1992 quemadmodum
2679 1922 2942 1976 desiderat
2970 1937 3152 1975 cerrus
3194 1921 3266 1974 ad
3309 1921 3471 1989 fontes
3505 1938 3692 1989 manu,

2206 2016 2282 2068 ita
2314 2015 2576 2068 desiderat
2609 2015 2789 2067 anima
2813 2030 2928 2067 mea
2958 2014 3029 2067 ad
3052 2023 3120 2075 te,
3147 2012 3287 2067 Dens
3311 2011 3476 2080 (Prol.
3503 2013 3599 2081 ιιι).
3611 2012 3692 2067 Nam

2210 2106 2351 2160 idem
2379 2105 2505 2160 alibi
2538 2105 2669 2159 dicit
2701 2124 2713 2158 :
2744 2104 2848 2171 Qui
2880 2104 3141 2158 seminam
3164 2104 3222 2157 in
3243 2095 3503 2173 larryritis,
3528 2105 3570 2157 in
3584 2105 3692 2157 trial-

2209 2199 2407 2253 tatioue
2437 2208 2649 2251 metent.
2686 2194 2885 2251 Euntcs
2917 2197 3061 2250 ibant
3098 2206 3146 2249 et
3181 2195 3395 2264 ﬁebant,
3423 2190 3627 2249 utillima
3647 2213 3696 2248 ιι-

2209 2288 2351 2340 mina
2378 2303 2500 2340 sua.
2542 2282 2814 2340 Venientes
2845 2295 3022 2339 autem
3058 2285 3266 2338 venient
3307 2299 3423 2337 runt
3451 2285 3695 2338 exsultatione

2209 2389 2472 2444 portantes
2509 2377 2805 2446 manipulos
2846 2393 2971 2430 suos
3002 2373 3179 2443 (Psal.
3211 2376 3394 2444 (ζειν).
3429 2375 3493 2429 At
3523 2376 3694 2430 mundani

2211 2470 2457 2524 homines
2483 2469 2574 2539 qui
2606 2468 2804 2523 habent
2834 2468 2923 2522 hic
2942 2468 3177 2538 patriam
3210 2481 3383 2532 suam,
3408 2475 3463 2521 et
3479 2468 3697 2520 durunthic

2211 2560 2264 2614 in
2294 2560 2449 2615 bouis
2474 2561 2593 2616 dies
2620 2574 2770 2621 suos.
2807 2573 3085 2627 nunquam
3125 2556 3328 2612 vellent
3355 2557 3510 2611 vitam
3540 2569 3698 2623 prasta-

2211 2660 2318 2706 tem
2356 2653 2610 2707 transire.
2654 2652 2885 2714 Tamen,
2929 2650 3120 2716 velint,
3171 2650 3367 2715 nolint,
3406 2656 3696 2705 transeunt.ct

2210 2744 2275 2799 ad
2336 2752 2565 2800 mortem
2628 2744 2946 2814 rapiuntur;
3008 2742 3100 2811 qui
3154 2751 3336 2795 tamen
3386 2750 3549 2795 meme
3587 2751 3699 2792 usus-
3774 2742 3775 2814 ᾗ

2207 2839 2468 2894 euntibus
2514 2838 2826 2903 adhaerent,
2878 2837 3027 2893 velut
3077 2839 3172 2906 qui
3226 2837 3435 2906 rapitur
3477 2842 3699 2888 stertente

2208 2930 2443 2986 adhaarct
2473 2932 2644 3002 spinis
2674 2942 2729 2985 et
2759 2930 2988 3000 asperis.
3021 2930 3243 2997 Itaque,
3272 2928 3491 2993 fratres,
3518 2925 3702 2981 desiderio

2210 3024 2276 3077 ad
2324 3022 2602 3078 cmlestem
2655 3023 2821 3078 vitam
2874 3032 3250 3086 transeamus,
3310 3022 3434 3075 illuc
3483 3036 3562 3090 per
3594 3033 3699 3088 operi

2210 3114 2597 3170 misericordia:
2656 3130 2994 3185 qmecunque
3064 3128 3391 3184 possumus.
3461 3112 3705 3166 transmitti.
3774 3112 3775 3185 ἦ

2208 3220 2349 3260 mus.
2392 3206 2506 3261 Illic
2536 3207 2608 3261 sit
2658 3207 2944 3261 thesaurus
2986 3215 3173 3260 noster
3210 3214 3263 3259 et
3300 3220 3396 3260 cor
3429 3200 3703 3259 ttostmm.ll~

2208 3296 2295 3352 lue
2359 3298 2639 3369 proximos
2701 3306 2917 3353 nostros
2976 3297 3121 3353 bono
3185 3296 3430 3367 exemplo
3481 3306 3531 3351 et
3569 3294 3704 3350 exhor-

2210 3390 2448 3455 tatione,
2478 3390 2760 3461 promissis
2797 3399 2851 3445 et
2898 3406 3123 3455 amore,
3160 3391 3437 3447 nobiscum
3471 3389 3702 3450 trahimus,

2207 3488 2266 3534 ut
2301 3480 2750 3550 quemadmodum
2797 3479 3118 3546 Dominum,
3157 3481 3231 3535 ita
3280 3490 3337 3536 et
3381 3495 3477 3536 nos
3512 3486 3701 3548 sequatur
3774 3479 3775 3550 ξ

2209 3573 2495 3629 multitudo
2528 3588 2742 3643 magna.
2781 3572 2935 3639 Quod
2968 3572 3168 3642 ubique
3201 3573 3315 3638 fiet,
3346 3573 3391 3627 si
3432 3571 3705 3626 viderintve

2207 3666 2390 3726 facere
2414 3668 2566 3737 signa
2596 3682 2760 3736 super
2791 3666 2875 3721 his
2906 3667 2996 3736 qui
3035 3666 3400 3721 inlirmantur.
3426 3664 3576 3720 Porro
3596 3676 3707 3730 super

2207 3758 2421 3813 infirma
2448 3758 2598 3826 signa
2642 3757 2892 3823 facimus,
2918 3759 2961 3812 si
3015 3759 3096 3811 vel
3128 3757 3375 3812 inﬁrmos
3426 3768 3619 3824 corpore
3647 3754 3706 3805 be-

2208 3847 2416 3903 neliciis
2450 3848 2759 3912 visitannts,
2786 3846 2870 3901 vel
2903 3846 3150 3903 infirmos
3186 3856 3367 3902 mente
3395 3844 3705 3904 conturbatus,

2205 3938 2288 3992 vel
2318 3937 2564 3995 inﬁrmos
2604 3948 2827 4008 peccato
2858 3938 3209 4009 corripimus,
3249 3938 3330 3993 vel
3372 3937 3579 3993 furiosos
3610 3933 3707 3988 aliis

2206 4030 2288 4084 vel
2332 4030 2545 4100 injuriis
2584 4041 2772 4085 contra
2814 4045 2912 4084 nos
2938 4030 3210 4098 patienter
3238 4030 3566 4092 sustinemus,
3588 4024 3651 4080 vel
3675 4023 3708 4078 si

2203 4125 2393 4178 omnes
2447 4122 2606 4191 hujus
2652 4122 2835 4178 mundi
2891 4121 3137 4177 infirmos
3188 4123 3513 4177 orationibus
3559 4118 3706 4174 nostris

2203 4214 2342 4285 apud
2373 4214 2537 4269 Deum
2569 4214 2995 4269 curanms.Cnm
3026 4230 3160 4270 vero
3185 4214 3436 4270 Dominus
3454 4214 3502 4268 in
3528 4220 3705 4267 montem

2201 4305 2463 4370 ascendit,
2492 4315 2547 4358 et
2574 4304 2646 4358 ibi
2679 4305 2829 4359 sedet
2852 4319 2975 4358 cum
3002 4304 3285 4374 discipulis
3305 4305 3431 4370 suis,
3457 4310 3619 4357 mouet
3641 4312 3707 4353 nat

2202 4407 2260 4451 ut
2291 4398 2357 4452 de
2382 4398 2579 4451 virtute
2609 4398 2660 4451 in
2694 4397 2950 4451 virtutem
2984 4412 3156 4467 usque
3188 4398 3257 4452 ad
3288 4395 3599 4452 altitudinem
3632 4391 3707 4443 τιτι

514 4487 680 4544 nibus
702 4489 940 4560 quinque
965 4490 1128 4546 millia
1158 4492 1436 4548 hominum
1461 4492 1817 4560 satientur,et
1836 4504 2097 4564 praeterea
2130 4519 2177 4579 ο
2205 4490 2335 4544 tutis
2370 4498 2426 4543 et
2469 4488 2939 4560 cmitemplatiouis
2986 4490 3369 4546 ascendamus.
3412 4488 3470 4543 Et
3501 4488 3566 4543 ibi
3607 4487 3709 4539 inter

517 4574 744 4648 decuplo
776 4579 896 4647 plus
937 4580 1238 4635 sustollitur
1267 4595 1427 4650 quam
1457 4581 1764 4651 appositum
1794 4588 1894 4637 est.
1933 4582 2096 4649 Quasi

515 4682 625 4725 non
665 4669 805 4725 idem
834 4671 1153 4728 miraculum
1193 4672 1455 4728 Dominus
1485 4672 1726 4741 quotidie
1770 4673 1970 4741 faciat,
2006 4675 2096 4744 qui

515 4771 691 4828 pauca
735 4762 960 4819 seminis
1007 4778 1174 4833 grana
1225 4764 1278 4816 in
1328 4772 1529 4818 terram
1567 4761 1711 4829 jacta
1752 4765 2096 4833 centuplicat.

515 4846 625 4905 Sed
668 4850 850 4907 nullus
895 4853 1130 4909 miratur
1181 4855 1327 4922 quod
1386 4852 1631 4923 quotidie
1675 4853 1860 4921 videt;
1903 4858 2101 4911 raritas

513 4955 645 4999 vero
695 4943 774 5000 rei
816 4945 1074 5015 majorem
1106 4954 1329 5013 praestat
1362 4944 1800 5001 admirationem.
1833 4947 2098 5003 Caeterum

515 5033 661 5102 quod
702 5034 793 5091 hic
827 5034 1025 5105 legitur
1058 5034 1319 5090 Dominus
1355 5034 1660 5106 Philippum
1703 5047 1959 5104 tentasse,
1992 5055 2098 5096 non

516 5136 601 5183 est
627 5127 962 5182 contrarium
993 5128 1042 5181 ei
1079 5124 1223 5197 quod
1260 5142 1289 5182 a
1331 5127 1536 5184 Jacobo
1567 5130 1764 5186 dicitur
1792 5146 1809 5185 :
1841 5131 1978 5186 Deus
2005 5149 2096 5187 ne-

514 5219 707 5272 minem
737 5228 900 5273 tentat
926 5218 1071 5287 (Jac.
1103 5222 1162 5290 l).
1198 5219 1505 5290 Tripliciter
1528 5222 1728 5292 quippe
1761 5225 1990 5279 tentatio
2014 5224 2095 5279 fit.

514 5309 693 5366 Aliter
743 5310 889 5364 enim
949 5310 1093 5367 Deus
1152 5321 1358 5380 tentat,
1417 5313 1574 5369 aliter
1622 5314 1898 5383 diabolus,
1942 5315 2099 5372 aliter

514 5399 699 5463 homo.
746 5399 889 5456 Deus
917 5402 1113 5473 quippe
1151 5411 1324 5459 tentat
1347 5445 1363 5470 ,
1396 5414 1457 5460 ut
1498 5404 1720 5475 probet,
1749 5407 2098 5476 quemadmo-

514 5490 645 5543 dum
672 5493 896 5546 tentavit
920 5492 1290 5563 Abraham,ut
1311 5494 1431 5564 ejus
1457 5497 1616 5550 fidem
1641 5494 1897 5566 probaret
1919 5495 2081 5567 (Gen.

513 5582 688 5655 uti);
711 5593 766 5640 et
794 5584 879 5640 hic
903 5585 1232 5659 Philippum,
1256 5597 1314 5642 ut
1337 5588 1453 5658 ejus
1482 5586 1853 5644 infirmitatem
1875 5588 2098 5645 demon-

2206 4585 2474 4640 miseriam
2515 4584 2671 4653 hujus
2703 4584 2889 4639 mundi
2929 4584 3232 4641 sessionem
3274 4593 3329 4639 ct
3368 4584 3581 4653 requiem
3618 4593 3705 4633 an

2203 4674 2432 4731 Domino
2470 4686 2525 4729 et
2564 4676 2767 4730 sanctis
2800 4675 2942 4745 ejus,
2985 4683 3251 4743 quantum
3285 4688 3551 4746 possumus
3586 4670 3703 4725 habe.

2204 4782 2351 4832 mus;
2380 4767 2574 4822 talibus
2594 4768 2790 4839 quippe
2813 4768 3119 4838 proximum
3140 4776 3226 4821 est
3247 4767 3439 4837 pascha
3457 4765 3563 4819 dies
3580 4759 3703 4817 festus

2201 4858 2527 4915 indecorum.
2556 4858 2820 4926 Quoniam
2864 4859 2997 4914 tales
3025 4860 3118 4929 qui
3146 4875 3244 4930 per
3274 4857 3704 4928 contemplationem

2202 4965 2324 5005 cum
2379 4951 2606 5006 Domino
2643 4961 2700 5005 et
2745 4950 2950 5005 sanctis
2990 4950 3110 5019 ejus
3158 4952 3503 5022 requiescunt,
3550 4958 3704 5004 amun‘.

2202 5056 2320 5111 spe,
2348 5050 2403 5096 et
2432 5041 2627 5095 merito
2650 5039 2762 5107 jam
2793 5040 3022 5110 proximi
3049 5050 3179 5095 sunt
3212 5041 3301 5095 die
3328 5039 3451 5095 festo
3476 5052 3592 5093 vere
3614 5050 3706 5088 cm-

2204 5129 2469 5186 fitentium
2499 5129 2832 5199 angelorum.
2877 5128 3012 5185 Cum
3060 5139 3244 5185 autem
3290 5128 3525 5185 Dominus
3558 5128 3706 5180 sedas

2202 5222 2257 5277 in
2303 5232 2509 5286 monte,
2554 5220 2905 5277 inferioribus
2951 5222 3125 5277 turbis
3173 5222 3520 5278 esurientibus
3560 5217 3708 5273 euade-

2202 5313 2412 5370 scendit
2454 5323 2510 5369 et
2544 5312 2857 5379 miseretur,
2889 5314 3111 5369 instruit
3154 5331 3274 5382 nos,
3303 5326 3360 5370 ut
3394 5315 3455 5368 ita
3499 5325 3587 5383 per
3614 5322 3705 5363 cuu-

2204 5404 2603 5475 templationem
2629 5405 2681 5460 in
2708 5406 3024 5461 coelestibus
3046 5408 3405 5477 quiescamus,
3422 5407 3554 5475 quod
3578 5402 3706 5457 turbis

2202 5496 2551 5551 inferioribus
2606 5510 2702 5566 per
2759 5498 3190 5567 compassionem
3256 5494 3701 5554 condescendamas.

2196 5587 2350 5658 juxta
2391 5587 2535 5657 quod
2566 5584 2680 5656 ipse
2712 5584 2971 5642 Dominus
2999 5588 3168 5643 dicit:
3199 5589 3373 5644 Estote
3405 5580 3703 5640 miseride

514 5684 732 5732 straret.
764 5675 1022 5733 Diabolus
1054 5694 1181 5735 vero
1223 5687 1391 5733 tentat
1414 5720 1429 5745 ,
1467 5689 1526 5734 ut
1555 5678 1786 5749 decipiat
1824 5696 1837 5733 :
1873 5694 1982 5750 quo
2005 5694 2099 5750 ge:
2199 5681 2333 5735 sicut
2360 5689 2408 5734 et
2442 5678 2605 5733 Pater
2639 5688 2800 5735 uester
2824 5680 3044 5736 cmlestis
3070 5682 3359 5737 misericors
3378 5692 3440 5735 est
3475 5677 3610 5749 (Luc.
3632 5680 3697 5727 "l-

515 5778 644 5821 uere
685 5770 995 5826 tcntatiouis
1034 5771 1177 5826 Deus
1221 5772 1492 5827 neminem
1539 5780 1730 5827 tentat.
1764 5770 1936 5828 Homo
1968 5786 2096 5829 vero

2200 5772 2507 5839 lnduamus,
2532 5772 2749 5838 fratres,
2784 5775 3175 5831 misericordia:
3203 5775 3394 5830 viscera
3429 5787 3479 5827 et
3502 5780 3699 5836 compar
