3822 6316
125 367 242 428 1817

791 356 1096 414 ΗΟΜΙΙΛᾸΞ
1139 357 1204 412 IN
1247 358 1466 415 EPIST.
1508 361 1595 416 ET
1637 362 1651 416 l

1756 361 1891 418 tNG.
1941 363 2237 422 DOMINIC.
2269 396 2342 404 —
2374 363 2558 421 PARS
2594 366 2632 421 I.

3211 377 3347 434 I8I8

121 476 285 539 sionis,
307 479 356 525 et
389 467 601 539 quando
632 465 877 522 videmus
912 467 1145 536 aliquem
1179 469 1310 537 pati,
1349 471 1397 524 ei
1431 487 1652 540 compa.
1685 479 1734 534 Α
1767 482 1866 534 tes.
1895 473 1960 528 da
1985 476 2245 532 orationis
2268 477 2554 530 auxilium.
2583 477 2774 533 Munus
2795 481 3056 552 siquidem
3091 502 3347 558 maguum

121 575 310 628 tiamur.
332 560 552 630 Quando
581 558 821 614 videmus
847 557 1082 627 aliquem
1122 560 1326 626 dolere,
1358 563 1652 618 condolea-

119 675 241 720 mus.
262 653 475 724 Quando
497 652 736 707 videmus
762 650 992 720 aliquem
1024 665 1206 720 egere,
1232 652 1306 719 ei,
1335 662 1495 722 prout
1526 670 1656 723 pos-

117 763 300 812 sumus,
337 743 732 800 subveniamus.
760 740 892 796 Nam
929 742 1063 795 beati
1091 743 1478 810 misericordes,
1521 763 1656 814 qua.

116 844 239 897 niam
281 834 686 892 misericordiam
731 843 1111 902 consequentur
1159 833 1376 902 (Matth.
1401 837 1554 906 xxv).
1595 837 1659 892 Et

115 940 310 989 econtra
335 946 350 984 :
379 927 647 981 Iudicium
690 927 800 980 sine
837 925 1198 979 misericordia
1235 926 1323 994 ﬁet
1350 930 1397 982 ei
1423 931 1512 998 qui
1553 946 1658 984 non

113 1023 268 1095 fecerit
296 1018 700 1074 misericordiam
729 1015 871 1087 (Jac.
895 1020 977 1081 ιι).

171 1114 292 1168 Cum
321 1124 445 1164 vero
471 1108 726 1162 Dominus
746 1107 1040 1177 diseipulos
1067 1109 1242 1164 adhuc
1269 1112 1431 1166 rudes
1454 1111 1522 1168 de
1554 1113 1656 1167 liii-

109 1219 248 1261 mana
296 1199 584 1256 tcntatione
618 1199 872 1254 lentando
902 1202 1198 1273 redarguit,
1248 1219 1348 1257 nos
1391 1203 1555 1260 docet
1599 1215 1658 1260 ut

110 1297 375 1352 humanam
410 1293 776 1355 tentationcm,
802 1302 1062 1361 quantum
1093 1309 1401 1362 possumus,
1436 1312 1657 1365 supere-

106 1400 228 1441 mus.
261 1383 552 1436 IIumanam
597 1382 795 1452 quippe
837 1384 1187 1440 tentationem
1220 1386 1360 1454 passi
1403 1397 1528 1441 sunt
1573 1389 1655 1442 di-

105 1473 294 1544 scipnli,
317 1473 526 1540 quando
550 1471 616 1526 de
646 1471 802 1540 panis
832 1473 1150 1528 suﬂicientia
1183 1473 1494 1532 dubitantes
1519 1479 1655 1534 alter

104 1564 296 1618 dicebat
338 1578 352 1614 :
399 1559 750 1615 Ducentorum
795 1564 1131 1617 denariorum
1176 1582 1334 1633 panes
1384 1584 1486 1622 nan
1515 1570 1656 1639 sufi-

103 1659 228 1711 riunt
267 1656 358 1721 eis,
397 1663 449 1708 ut
479 1655 831 1724 unusquisque
862 1657 1120 1710 modicum
1156 1659 1282 1728 quid
1318 1661 1562 1729 accipiat.
1591 1662 1655 1716 Et

101 1749 219 1803 alter
247 1747 490 1802 dicebat:
524 1745 620 1800 Est
654 1763 783 1816 puer
824 1764 956 1802 unus
985 1749 1090 1811 hic,
1118 1752 1206 1818 qui
1245 1751 1395 1806 habet
1428 1753 1655 1824 quinque

1759 572 1872 628 est,
1905 566 2125 620 verbum
2157 568 2401 632 consilii,
2437 571 2658 622 verbum
2699 575 3088 642 correctionis,
3127 590 3177 632 ct
3219 597 3346 635 ver-

1758 653 1884 709 bum
1934 658 2216 713 orationis.
2265 657 2398 713 Nam
2445 670 2650 728 quanto
2696 664 2984 729 pretiosior
3029 678 3114 722 est
3165 672 3345 728 anima

1758 759 1920 812 quam
1972 761 2206 816 corpus,
2238 759 2392 804 tanto
2442 751 2732 820 pretiosius
2778 753 3098 812 beneficium
3147 764 3346 819 anima:

1758 835 1960 892 factum
2009 854 2170 910 quam
2205 843 2439 910 corpori.
2490 842 2774 910 Quomodo
2805 861 2934 902 vero
2979 859 3033 903 et
3081 867 3189 920 quo
3237 854 3344 908 [ine

1757 929 2101 1002 eleemosyna
2142 933 2320 988 danda
2365 934 2466 1001 sit,
2502 935 2760 992 Dominus
2806 940 3075 1007 ostendit,
3114 945 3201 1011 qui
3235 947 3345 1014 pri-

1759 1038 1905 1077 mum
1937 1025 2140 1094 gratias
2179 1025 2323 1095 egit,
2355 1037 2408 1082 et
2439 1037 2558 1097 post
2591 1029 2881 1086 distribuit.
2916 1032 3023 1088 Nos
3053 1049 3182 1105 ergo
3211 1038 3341 1091 dan-

1759 1121 1873 1175 tes,
1921 1115 2029 1168 Deo
2049 1157 2064 1181 ,
2098 1132 2162 1170 ex
2194 1133 2302 1186 quo
2333 1133 2494 1173 omne
2525 1124 2722 1176 bonum
2750 1131 2863 1188 est,
2897 1141 3113 1197 semper
3139 1129 3344 1198 gratias

1759 1202 2084 1266 referamus,
2108 1216 2158 1260 et
2186 1217 2408 1276 propter
2428 1223 2550 1263 eum
2579 1211 2987 1271 distribuamus.
3013 1217 3170 1272 Juxta
3199 1221 3341 1289 quod

1757 1292 2046 1382 Apostolus
2078 1296 2194 1349 ait:
2237 1296 2377 1362 Quid
2424 1300 2579 1354 habes
2621 1304 2760 1371 quod
2805 1321 2907 1359 non
2951 1311 3239 1378 accepisti?
3285 1309 3340 1382 (I

1757 1381 1880 1438 Car.
1911 1386 2014 1456 tv.)
2046 1386 2111 1441 Et
2155 1388 2278 1442 alibi
2312 1407 2326 1443 :
2362 1389 2466 1456 Qui
2495 1393 2676 1446 tribuit
2708 1396 2762 1449 in
2793 1397 3122 1466 simplicitate
3155 1400 3334 1473 (Rom.

1757 1476 1878 1544 xu).
1903 1474 1958 1529 Si
1991 1477 2161 1541 enim,
2191 1476 2405 1543 fratres,
2434 1495 2546 1534 rem
2576 1483 2714 1539 bene
2743 1489 3164 1555 consideremus,
3197 1491 3338 1546 eleco

1758 1581 1983 1636 mosyna
2019 1577 2200 1622 nostra
2231 1585 2335 1624 non
2368 1580 2452 1625 est
2485 1575 2735 1629 meritum
2783 1591 3064 1643 nostrum,
3103 1581 3196 1636 sed
3241 1578 3341 1638 Dei

1756 1659 1951 1726 gratia.
1983 1657 2155 1727 Ipsam
2187 1661 2386 1729 quippe
2417 1678 2552 1728 rem,
2581 1681 2740 1734 quam
2772 1666 2985 1733 damus,
3017 1686 3122 1724 non
3154 1687 3218 1726 ex
3245 1688 3346 1728 no-

1757 1747 1868 1813 bis,
1901 1750 1993 1803 sed
2026 1765 2091 1804 ex
2138 1751 2246 1805 Deo
2278 1753 2566 1818 habemus;
2599 1770 2698 1810 nec
2729 1757 2897 1826 ipsam
2926 1758 3120 1814 bonam
3153 1762 3342 1816 volun-

99 1855 237 1907 panes
263 1837 575 1892 hordeaceo:
609 1847 657 1890 et
685 1837 817 1892 duas
848 1840 1032 1907 pisces.
1080 1838 1183 1894 Sed
1228 1843 1338 1896 lm'c
1363 1843 1490 1912 quid
1528 1853 1650 1898 sunt
1685 1852 1728 1906 Β
1759 1847 1922 1894 tatem
1954 1840 2178 1904 habere,
2213 1857 2312 1896 nec
2341 1859 2559 1898 manum
2594 1845 2660 1898 ad
2693 1846 2930 1900 dandum
2954 1851 3246 1907 extendere
3270 1867 3339 1907 ex

99 1932 218 1984 inter
250 1929 458 1984 tantas?
491 1928 643 1984 IIanc
673 1929 1047 1993 tentationem,
1081 1931 1298 1997 fratres,
1333 1934 1569 2004 patimur
1597 1943 1652 1990 et

99 2038 204 2087 nos,
229 2037 348 2077 cum
377 2021 622 2076 videntes
652 2021 1050 2078 multitudinem
1101 2039 1426 2094 pauperum,
1461 2043 1653 2081 causa-

99 2130 206 2170 mur
228 2129 322 2170 nos
348 2114 617 2169 modicum
653 2130 880 2171 annonm
911 2117 1114 2172 habere
1147 2119 1198 2172 in
1231 2119 1448 2185 horreo,
1481 2122 1653 2177 modi-

97 2222 204 2263 cum
228 2208 375 2276 panis
412 2207 463 2261 in
494 2223 644 2272 arca,
685 2217 738 2264 et
764 2209 1031 2263 dicimus:
1069 2229 1087 2260 ι
1118 2209 1192 2264 Ite
1221 2210 1360 2266 viam
1394 2223 1649 2269 vestram.

94 2297 196 2354 Non
234 2297 501 2354 subiceret
538 2300 683 2369 quod
729 2301 902 2355 habeo
936 2301 1063 2355 mihi
1095 2311 1150 2357 et
1181 2303 1352 2358 vobis.
1377 2323 1396 2355 ι
1449 2304 1649 2358 lluma-

95 2405 202 2444 nam
231 2389 392 2444 etiam
428 2391 780 2446 tentationem
811 2392 1069 2460 patimur,
1093 2408 1216 2446 cum
1245 2393 1491 2448 videntes
1519 2395 1651 2448 cha-

93 2495 196 2534 rum
228 2489 432 2551 tempus
455 2490 507 2535 et
535 2489 651 2535 sata
677 2481 934 2543 deficere,
957 2482 1187 2537 dicimus
1212 2501 1225 2537 :
1261 2483 1402 2549 Quid
1425 2487 1654 2539 mandu-

90 2576 326 2640 cabimus,
352 2576 482 2644 quid
510 2575 765 2640 bibemus,
795 2585 885 2629 aut
923 2593 1024 2645 quo
1063 2578 1398 2646 aperientur?
1429 2578 1651 2646 (Matth.

88 2667 176 2737 vt.)
210 2665 328 2722 Ilaec
356 2667 746 2736 proculdubio.
782 2666 978 2723 fratres
1007 2669 1132 2733 mei,
1161 2669 1396 2724 humana
1426 2671 1652 2727 tentatio

87 2767 177 2822 est,
203 2773 317 2827 qua:
352 2759 420 2813 de
450 2758 575 2813 fidei
611 2758 855 2813 nascitur
883 2759 1313 2828 iinperfectionc.
1359 2761 1510 2818 Unde
1548 2763 1652 2817 Do—

87 2849 248 2904 minus
279 2849 434 2904 nobis
483 2850 664 2904 dicere
704 2859 923 2919 potest:
959 2850 1100 2916 Quid
1148 2853 1322 2905 timidi
1361 2853 1502 2916 estis,
1542 2870 1653 2908 ino-

83 2940 201 2993 dica
242 2940 408 3002 ﬁdei?
457 2939 678 3011 (Matth.
709 2943 850 3009 vni.)
917 2941 974 2998 Si
1027 2946 1172 2998 enim
1228 2945 1438 2999 firmam
1488 2946 1649 3000 fidem

82 3040 127 3084 et
169 3031 488 3088 cbaritatem
537 3033 590 3086 in
645 3034 752 3088 Deo
796 3035 1151 3100 haberemus,
1212 3037 1340 3092 nihil
1407 3037 1651 3106 profecto

81 3123 220 3177 nobis
249 3123 443 3179 deesse
485 3124 830 3180 crederemus
859 3143 872 3179 :
909 3125 1136 3180 Domino
1162 3129 1275 3183 suis
1307 3129 1647 3198 providente,

80 3217 160 3285 qui
207 3217 368 3270 etiam
416 3217 725 3271 infidelibus
771 3233 877 3272 non
927 3218 1137 3274 desistit
1181 3194 1486 3290 providere.
1545 3222 1648 3276 I.e-
1680 3194 1722 3250 θ

77 3307 235 3376 ginnis
282 3309 429 3363 enim
484 3310 764 3364 Dominum
815 3325 1004 3365 servos
1050 3329 1177 3367 suos
1225 3313 1342 3367 sine
1393 3313 1515 3370 cibo
1555 3332 1653 3386 per

82 3397 261 3452 multos
308 3400 429 3454 dies
488 3411 838 3455 sustentasse.
903 3399 1156 3471 Legimus
1203 3405 1346 3458 enim
1405 3416 1649 3460 sanetmn

75 3486 338 3546 Nicolaum
409 3494 697 3562 sexaginta
768 3495 1013 3549 homines
1062 3495 1129 3549 de
1187 3497 1358 3552 tribus
1424 3501 1650 3568 panibus

75 3583 334 3638 refecisse.
384 3585 642 3654 Idemque
697 3585 923 3655 legimus
960 3588 1027 3641 de
1075 3588 1319 3655 pluribus
1351 3589 1494 3644 aliis.
1525 3590 1646 3645 Vidi

71 3671 276 3740 fratres,
311 3675 519 3731 multos
540 3676 888 3732 charitativos
910 3679 1148 3747 quotidie
1171 3679 1517 3736 abundanter
1552 3683 1647 3736 do-

71 3779 192 3821 nare
211 3809 226 3832 ,
251 3778 301 3822 et
333 3769 512 3824 Deum
555 3769 635 3823 eis
662 3769 1004 3823 abundanter
1030 3771 1342 3826 ministrare
1364 3813 1378 3836 ,
1412 3783 1468 3824 ut
1494 3775 1646 3842 quasi

69 3869 271 3916 certare
315 3862 659 3924 viderentur,
702 3859 881 3928 justus
928 3863 1234 3934 eroganda,
1281 3873 1335 3918 et
1389 3864 1648 3920 Dominus

69 3953 414 4007 subministra
425 3952 550 4007 ndo.
579 3951 784 4020 Quibus
805 3962 983 4008 autem
1009 3955 1276 4024 praicipue
1298 3955 1370 4010 sit
1388 3955 1642 4021 dandum,

64 4039 317 4099 Dominus
333 4043 598 4106 ostendit,
614 4045 830 4113 quando
847 4045 1266 4113 multitudinem,
1284 4063 1403 4116 qua:
1419 4063 1541 4102 eum
1569 4064 1649 4102 se-

63 4135 341 4201 quebatur,
367 4152 434 4202 pa
445 4136 540 4189 vit.
564 4135 696 4190 Nam
715 4137 806 4192 Dei
826 4137 978 4208 jussu
1004 4139 1354 4206 sequentibus
1371 4153 1492 4194 esse
1512 4140 1646 4194 dan-

64 4225 181 4280 dum
208 4229 480 4282 ostendit.
517 4229 654 4282 Alibi
686 4238 866 4284 tamen
901 4230 1160 4284 Dominus
1187 4231 1336 4294 dicit,
1369 4231 1527 4286 Omni
1554 4249 1644 4300 pe-

60 4318 174 4369 tenti
199 4328 247 4371 te
277 4319 458 4372 tribue
479 4317 628 4385 (Luc.
661 4319 758 4387 vi).
787 4318 882 4373 (ini
913 4320 1248 4374 contrarium
1282 4321 1494 4376 videtur
1517 4323 1644 4377 illud

59 4403 254 4460 dictum
290 4407 608 4476 Sapientis:
640 4407 869 4476 Benefac
887 4409 1060 4478 justo,
1083 4419 1129 4461 et
1163 4426 1265 4463 nan
1298 4412 1512 4465 dederis
1543 4413 1644 4464 im-

55 4497 133 4562 pia
181 4496 386 4564 (Eccli.
430 4499 554 4568 xu).
594 4498 658 4553 Et
702 4499 871 4555 illud;
914 4519 932 4551 ι
965 4500 1060 4555 Cui
1106 4501 1202 4556 des
1231 4503 1435 4557 videto.
1476 4524 1495 4556 ι
1529 4503 1642 4558 Non
1681 4536 1724 4590 ο

56 4597 132 4642 est
167 4603 300 4643 vero
331 4590 705 4654 contrarium,
738 4589 957 4644 fratres.
990 4591 1147 4647 Omni
1178 4592 1322 4646 enim
1352 4593 1641 4664 indigenti,

53 4679 93 4728 si
124 4694 461 4748 possumus,
495 4679 811 4734 benefacere
847 4681 1105 4736 debemus
1125 4721 1141 4746 ,
1168 4698 1272 4736 ιιυιι
1302 4683 1518 4751 quidem
1548 4684 1649 4737 im-

52 4769 311 4836 pietatem
343 4770 502 4839 ejus,
545 4772 638 4826 sed
666 4780 912 4826 naturam
949 4782 1334 4828 sustentantes.
1367 4775 1422 4828 Si
1469 4783 1645 4829 tamen

51 4873 154 4915 non
179 4861 450 4916 omnibus
475 4861 605 4916 dare
637 4861 923 4932 possimus,
955 4863 1220 4928 fidelibus,
1247 4866 1572 4934 pauperibus
1591 4875 1648 4920 et

51 4949 376 5016 iustioribus
395 4953 600 5008 donare
622 4953 900 5022 debemus,
914 4954 1068 5021 juxta
1093 4955 1219 5011 illud
1239 4957 1479 5027 Apostoli
1505 4976 1516 5011 :
1541 4957 1648 5011 Fa-

47 5044 241 5098 cientes
275 5046 480 5100 bonum
507 5046 576 5098 ad
611 5061 816 5112 omnes,
852 5048 1079 5102 maxime
1103 5060 1280 5102 autem
1305 5049 1374 5103 ad
1399 5050 1646 5104 domesti-

47 5150 130 5188 cos
158 5136 293 5202 ﬁdei
327 5133 479 5206 (Gal.
511 5142 606 5207 γι).
634 5137 770 5206 Quid
791 5181 808 5206 ,
845 5139 1041 5209 quibus
1072 5141 1382 5196 donandum
1410 5144 1516 5206 sit,
1545 5143 1648 5197 Do-

47 5227 232 5284 minus
251 5229 527 5292 ostendil,
556 5232 766 5286 donans
795 5232 1022 5286 infirmis
1049 5235 1362 5297 sanitatem,
1394 5236 1644 5291 esurien-

45 5316 190 5372 tibus
223 5334 459 5389 panem,
487 5320 688 5390 ignaris
709 5322 1031 5384 doctrinam,
1060 5324 1286 5392 captivis
1313 5323 1646 5382 libertatem.

42 5411 180 5465 Cum
219 5411 383 5466 enim
421 5411 679 5468 Dominus
717 5412 891 5482 inquit
921 5434 935 5467 ;
967 5411 1122 5466 Omni
1161 5416 1350 5481 petenti
1380 5418 1648 5483 tetribue,

41 5518 152 5557 non
183 5506 268 5558 ait
299 5505 489 5558 tribue
517 5506 660 5573 quod
683 5506 833 5573 petit,
862 5505 955 5560 sed
983 5505 1123 5574 quod
1147 5513 1200 5559 tu
1227 5515 1398 5574 potes,
1423 5518 1476 5562 et
1496 5509 1650 5580 cujus

41 5592 196 5648 illum
226 5609 410 5665 cgere
439 5595 606 5650 vides.
642 5593 868 5664 Pauperi
911 5595 976 5648 da
1007 5604 1498 5653 sustentamentum
1523 5615 1647 5654 cor-

39 5692 212 5752 poris,
239 5685 416 5740 diviti
438 5686 502 5740 da
533 5687 754 5742 verbum
783 5686 894 5750 Dei,
920 5695 1404 5742 sustentamentum
1427 5692 1643 5746 animm.

39 5775 374 5836 lnconsulto
409 5777 471 5832 da
497 5777 803 5834 consilium.
837 5775 1150 5842 Laboranti,
1177 5778 1220 5832 si
1245 5778 1387 5834 aliud
1420 5798 1524 5837 non
1555 5799 1649 5853 pu-

1755 1931 1942 1994 nobis,
1973 1933 2066 1988 sed
2095 1948 2161 1988 ex
2209 1932 2318 1987 Deo
2349 1933 2612 1988 valemus.
2644 1935 2760 1990 Non
2802 1937 2948 1991 enim
2980 1939 3210 1994 volentis
3257 1949 3341 1996 est

1756 2020 1924 2084 velle,
1974 2036 2072 2076 nec
2123 2023 2397 2078 currentis
2443 2037 2694 2089 currere,
2742 2026 2836 2080 sed
2885 2025 3192 2081 miserentis
3241 2026 3340 2082 Dei

1756 2111 1934 2182 (Rom.
1964 2115 2068 2183 ιιι).
2119 2115 2255 2180 Quid
2301 2131 2429 2185 ergo
2485 2130 2550 2169 ex
2583 2116 2774 2170 nobis?
2810 2117 2964 2172 Sicut
2998 2132 3128 2187 ergo
3175 2129 3338 2174 totam

1753 2205 2148 2277 elcemosyuam
2177 2222 2204 2260 a
2240 2207 2348 2260 Deo
2375 2208 2636 2262 habemus
2657 2250 2672 2275 ,
2713 2209 2785 2263 ita
2820 2217 2985 2262 totam
3016 2213 3082 2262 ad
3109 2224 3229 2264 eum
3257 2211 3340 2266 di-

1754 2295 2010 2365 rigamus.
2036 2295 2147 2350 Non
2171 2295 2360 2351 demus
2381 2307 2438 2351 ut
2463 2299 2620 2354 taedio
2634 2303 2868 2358 carentis
2882 2319 3186 2368 careamus,
3205 2319 3340 2372 quo-

1755 2390 1900 2442 niam
1930 2389 2020 2457 qui
2050 2389 2151 2442 hoc
2200 2389 2361 2453 facit,
2397 2393 2654 2446 meritum
2702 2407 2856 2447 suum
2885 2404 2939 2448 et
2970 2410 3083 2448 rem
3134 2395 3332 2465 perdit.

1755 2478 1870 2533 Non
1896 2480 2084 2535 demus
2112 2481 2182 2535 ob
2207 2495 2398 2535 vanam
2421 2483 2681 2551 gloriam,
2711 2487 2966 2554 quoniam
2998 2489 3086 2556 qui
3123 2488 3223 2542 hoc
3249 2487 3335 2541 fa-

1755 2571 1848 2635 eit,
1882 2572 2186 2626 mercedem
2220 2589 2373 2628 suam
2408 2574 2496 2629 hic
2528 2575 2736 2644 recipit.
2770 2575 2885 2630 Non
2919 2578 3008 2632 det
3035 2579 3338 2648 eleemosy-

1755 2674 1879 2713 nam
1902 2660 2142 2724 sinistra,
2175 2661 2228 2716 id
2247 2671 2332 2716 est
2354 2663 2667 2732 temporalis
2692 2665 2936 2719 intentio.
2972 2665 3085 2720 Non
3111 2669 3336 2721 dextera

1753 2750 1914 2806 simul
1943 2760 1998 2805 et
2039 2753 2254 2807 sinistra
2277 2793 2292 2818 ,
2323 2753 2374 2806 id
2405 2763 2521 2820 est,
2551 2754 2908 2826 eleemosyna:
2932 2756 3069 2811 datm
3119 2769 3340 2828 propter

1755 2845 1923 2900 Deum
1954 2858 2058 2898 non
2100 2860 2159 2899 se
2189 2845 2487 2899 admisceat
2519 2860 2654 2899 vana
2687 2845 2854 2914 gloria
2877 2887 2891 2912 ,
2927 2847 3021 2902 sed
3055 2849 3167 2902 sola
3200 2851 3333 2902 dex-

1756 2946 1898 3000 tera,
1930 2936 2205 2990 nesciente
2248 2937 2489 2990 sinistra.
2521 2937 2794 3004 Quantum
2828 2953 2955 2992 vero
2984 2939 3328 3010 eleemosyna

1753 3026 2159 3097 multiplicetur,
2183 3029 2486 3083 ostenditur
2515 3031 2566 3083 in
2595 3031 2696 3085 boc
2721 3031 2863 3100 quod
2894 3031 2959 3084 de
2980 3031 3215 3100 quinque
3242 3048 3340 3101 pa-

1755 3121 1911 3174 nibus
1943 3121 2179 3190 quinque
2211 3121 2371 3175 millia
2404 3123 2681 3176 hominum
2726 3124 3016 3188 satiantur,
3054 3133 3105 3176 et
3135 3124 3340 3178 duode-

1753 3213 1859 3267 cim
1891 3213 2105 3283 cophini
2133 3214 2503 3267 sustolluntur.
2536 3213 2706 3268 Porro
2732 3217 2938 3270 duobus
2965 3215 3135 3269 modis
3159 3216 3339 3270 multi-

1754 3305 1984 3374 plicatur
2035 3305 2084 3358 in
2141 3304 2296 3358 nobis
2345 3305 2720 3376 eleemosyna,
2774 3315 2828 3360 et
2879 3306 3232 3376 spiritualiter
3281 3316 3339 3362 et

1749 3377 2104 3460 ,zc'tet‘nalilcr.
2140 3395 2528 3464 Spiritualiler,
2563 3406 2621 3449 ut
2657 3413 2778 3450 cum
2813 3401 3034 3452 verbum
3063 3399 3186 3451 vita:
3216 3397 3338 3453 aliis

1754 3487 2140 3554 lii-iudicamus,
2170 3501 2275 3538 non
2313 3487 2651 3554 diminuitur,
2683 3489 2774 3542 sed
2809 3490 2982 3556 potius
3008 3498 3063 3543 et
3097 3489 3147 3541 in
3179 3489 3337 3542 nobis

1752 3589 1804 3632 ct
1828 3578 1881 3631 in
1917 3578 2019 3631 illis
2046 3585 2268 3645 augetur
2311 3594 2323 3628 :
2361 3578 2504 3630 velut
2534 3579 2576 3631 si
2623 3592 2689 3632 ex
2729 3595 2834 3634 uno
2861 3579 3139 3638 Iuminari,
3179 3577 3332 3645 plura

1753 3669 2097 3723 succenderis
2127 3669 2432 3723 luminaria.
2487 3670 2623 3732 Sed,
2662 3671 2762 3722 etsi
2815 3685 2926 3722 rem
2967 3668 3334 3722 transitoriam

1750 3759 1968 3824 damus,
2001 3761 2246 3828 quamvis
2283 3771 2524 3816 transeat
2573 3761 2622 3814 in
2672 3760 3005 3830 accipiente,
3047 3769 3224 3812 tamen
3278 3758 3334 3814 in

1752 3853 1910 3906 nobis
1937 3851 2343 3921 multiplicatur,
2373 3853 2500 3905 dum
2530 3853 2652 3907 inde
2681 3868 2709 3904 a
2750 3853 2856 3906 Deo
2894 3851 2944 3903 in
2974 3851 3135 3904 nobis
3163 3849 3293 3902 fides
3312 3887 3329 3913 ,

1749 3961 1874 4015 spes
1897 3985 1911 4008 ,
1939 3953 1994 3999 et
2033 3945 2272 4000 Charitas
2292 3986 2307 4007 ,
2336 3954 2654 4013 cmtcrmque
2709 3945 2936 3997 virtutes
2967 3943 3332 4010 adaugentnr.

1751 4036 2107 4092 Aﬂternaliter
2163 4051 2292 4092 vero
2344 4038 2754 4106 multiplicatur,
2799 4051 2920 4089 cum
2969 4050 3065 4105 pro
3117 4043 3336 4086 terreno

1750 4121 1988 4191 cmleste,
2009 4146 2104 4198 pro
2132 4131 2445 4183 transitoria
2462 4138 2746 4191 aeternum,
2777 4145 2873 4198 pro
2891 4125 3223 4194 corruptibili
3247 4124 3332 4176 in-

1749 4222 2099 4289 corruptibile
2123 4223 2402 4290 praemium
2426 4223 2745 4289 accipietur,
2769 4230 2827 4273 ut
2853 4219 2978 4273 illud
3005 4217 3288 4286 impleatur
3312 4233 3332 4270 :

1760 4315 1861 4374 Vas
1895 4317 1983 4386 qui
2012 4318 2171 4370 secuti
2205 4317 2326 4370 estis
2363 4333 2464 4379 me,
2497 4314 2795 4384 centuplum
2833 4312 3120 4382 accipietis,
3150 4310 3254 4372 hic,
3281 4316 3334 4361 et

1749 4409 1802 4461 in
1849 4408 2029 4476 futuro
2061 4409 2214 4462 vitam
2255 4419 2502 4461 cateruam
2549 4406 2764 4476 (illatth.
2813 4406 2950 4464 xix).
2992 4401 3141 4456 Valet
3171 4399 3340 4469 igitur

1749 4500 2120 4568 eleemosyna,
2146 4509 2202 4553 et
2233 4516 2330 4568 pro
2361 4515 2467 4568 quo
2498 4499 2588 4562 fit,
2613 4507 2665 4552 et
2701 4498 2785 4551 cui
2818 4498 2894 4548 lit.
2925 4495 2991 4548 Et
3019 4494 3062 4546 si
3093 4492 3193 4545 illis
3223 4505 3338 4543 non

1752 4591 1927 4654 valet,
1961 4592 2032 4645 illi
2061 4593 2150 4660 qui
2183 4591 2320 4646 bene
2341 4607 2457 4644 cam
2498 4590 2627 4644 facit
2655 4605 2759 4643 non
2795 4587 2971 4640 valere
2995 4599 3097 4637 non
3130 4590 3338 4652 potest.

1751 4683 1880 4749 Qua:
1903 4723 1917 4744 ,
1956 4684 2152 4737 fratres
2186 4688 2325 4747 mei,
2356 4693 2530 4752 potest
2564 4697 2684 4736 esse
2717 4678 2889 4745 major
2921 4673 3332 4744 multiplicatio,

1751 4791 1910 4846 quam
1935 4791 2054 4830 cum
2085 4776 2239 4828 vidua
2269 4784 2487 4843 propter
2507 4773 2614 4826 duo
2642 4771 2844 4824 minuta
2873 4767 3166 4837 (Lucam),
3196 4763 3336 4816 alius

1753 4876 1978 4936 propter
2012 4866 2236 4920 calicem
2268 4880 2420 4933 aqua:
2452 4861 2660 4932 frigidae
2698 4860 2916 4931 (Matth.
2949 4858 3003 4927 ιι)
3028 4897 3042 4921 ,
3068 4857 3204 4910 alius
3233 4871 3336 4924 pro

1752 4957 1864 5011 sola
1923 4957 2060 5010 bona
2110 4955 2417 5017 voluntate,
2477 4953 2705 5022 aceipiet
2759 4966 2981 5020 regnum
3034 4946 3332 5002 caelorum?

1752 5047 1962 5114 Quanta
1989 5048 2160 5118 gloria
2193 5047 2259 5099 de
2283 5045 2622 5115 eleemosyna
2641 5083 2656 5108 ,
2692 5043 2886 5096 deinde
2921 5049 3208 5110 sequatur,
3237 5055 3331 5092 os-

1756 5141 1994 5195 tenditur
2021 5154 2145 5193 cum
2174 5137 2423 5191 subditur
2455 5152 2469 5190 :

1828 5228 2017 5283 Turba:
2052 5211 2235 5281 'autem
2263 5227 2488 5281 videntes
2513 5225 2652 5295 quod
2693 5224 2887 5293 fecerat
2919 5222 3159 5292 signum,
3189 5219 3334 5272 dice-

1755 5323 1876 5376 bant
1917 5321 2042 5391 quia
2087 5322 2170 5374 hic
2209 5331 2281 5374 est
2313 5336 2426 5374 uere
2456 5317 2718 5389 Propheta
2743 5359 2758 5384 ,
2783 5319 2873 5387 qui
2909 5329 3152 5372 venturus
3176 5325 3248 5366 est
3277 5314 3334 5368 in

1755 5414 2028 5467 mundum.
2055 5413 2223 5468 Porro
2241 5413 2308 5468 de
2327 5412 2666 5482 eleemosyna
2697 5399 2912 5479 semper
2934 5406 3334 5464 benedicendus

1754 5517 1839 5562 est
1871 5507 2007 5560 Deus
2027 5547 2042 5570 ,
2071 5518 2116 5560 et
2151 5517 2299 5576 pater
2338 5505 2814 5560 misericordiarum
2835 5543 2852 5570 ,
2878 5511 2933 5557 et
2980 5501 3119 5556 Deus
3168 5498 3333 5553 totius

1754 5598 2143 5655 Consolationis
2171 5597 2252 5667 (ll
2279 5597 2402 5652 Car.
2436 5597 2576 5665 χιιι),
2601 5595 2690 5665 qui
2713 5595 2888 5663 aperit
2914 5606 3128 5646 manum
3151 5604 3328 5650 suam,

1753 5704 1799 5745 et
1827 5692 2003 5760 implet
2027 5707 2177 5744 omne
2199 5690 2398 5744 animal
2425 5689 2776 5744 benedictione
2803 5685 2976 5756 (Psal.
3000 5683 3200 5750 cxuv).
3225 5679 3333 5733 Nos

1755 5795 1933 5838 autem
1955 5825 1967 5849 ,
1996 5783 2222 5849 fratres,
2257 5784 2345 5852 qni
2377 5799 2481 5837 non
2526 5792 2776 5837 auctores
2817 5780 3200 5847 eleemosynx,
3230 5773 3328 5832 sed
