3822 6316
485 350 620 407 1819

1555 348 1899 405 ADDENDA.
1941 379 2012 391 -—
2052 348 2400 407 RADULPHI
2441 351 2797 409 ARDENTIS
3554 369 3640 426 im

483 461 716 518 ministri
743 470 952 518 tantum
977 452 1197 530 sumus,
1225 461 1507 519 nobiscum
1547 461 1751 531 gratias
1780 461 1930 516 reddi
1959 474 2059 516 nec
2088 468 2134 523 Λ
2164 462 2496 520 hordeaceos
2523 480 2692 535 panes
2734 466 3133 537 significantur.
3185 470 3447 530 Hordeum
3469 481 3569 534 enim
3590 495 3642 538 te-

481 554 712 611 veli‘mus
739 569 840 609 nec
868 554 1156 624 patiamur,
1204 554 1299 609 sed
1327 553 1571 609 dicamus
1605 570 1618 606 :
1652 551 1805 608 Servi
1845 551 2060 607 inutiles

481 659 693 709 sumus,
737 645 879 714 quod
922 643 1193 698 debuimus
1225 643 1399 712 facere
1430 640 1648 712 fecimus
1693 640 1844 711 (Luc.
1885 641 2059 711 xvn),

484 748 591 787 non
621 742 839 800 nostra,
870 734 964 790 sed
1010 734 1186 789 aliena
1218 732 1595 801 dispensamus
1617 773 1632 798 ,
1661 740 1716 787 et
1746 742 1927 788 tamen
1957 734 2061 788 hoc

485 826 773 894 facientes,
789 841 893 881 non
920 826 1122 880 erimus
1148 827 1263 881 sine
1283 825 1450 897 gloria
1473 834 1600 881 ante
1626 827 1813 889 Deum,
1836 826 1926 896 qui
1951 828 2064 883 suis

483 914 624 970 facta
662 925 876 985 reputat
919 915 1019 972 sibi
1066 916 1209 970 facta
1249 929 1392 981 esse,
1442 924 1698 984 reputans
1730 925 1785 970 et
1829 917 2060 971 dicens:

496 1004 711 1075 Venite,
739 1008 991 1063 benedicti
1020 1007 1200 1062 Patris
1236 1008 1338 1061 mei
1359 1046 1375 1073 ,
1405 1007 1650 1076 percipite
1681 1023 1895 1077 regnum
1924 1010 2064 1079 quod

484 1100 628 1153 vobis
674 1107 916 1170 paratum
942 1109 1015 1153 est
1055 1100 1121 1153 ab
1162 1099 1361 1169 origine
1389 1100 1592 1153 mundi.
1626 1099 1835 1156 Esurivi
1856 1104 1992 1155 enim
2017 1113 2064 1157 et

488 1193 703 1247 dedistis
733 1193 859 1246 mihi
888 1194 1228 1256 manducare,
1257 1191 1397 1247 sitivi
1424 1192 1581 1258 enim,
1611 1203 1658 1247 et
1689 1194 1906 1249 dedistis
1939 1196 2067 1250 ntihi

486 1293 663 1353 potum
686 1300 705 1349 ;
730 1292 835 1339 etc.
867 1281 1082 1352 (Matth.
1113 1283 1264 1355 xxv.)

557 1372 716 1428 Juxta
762 1389 891 1430 vero
942 1376 1227 1446 mysticum
1260 1391 1509 1443 sensum;
1548 1376 1707 1433 Jesus
1740 1376 1871 1433 abiit
1918 1385 2068 1435 trans

489 1480 639 1521 mare
658 1464 911 1532 Galilaete,
933 1468 1148 1538 quando
1167 1467 1541 1526 tribulationes
1564 1470 1722 1540 hujus
1748 1470 1927 1526 mundi
1975 1486 2069 1539 pa-

491 1556 676 1613 tiendo
709 1567 764 1612 et
815 1560 1143 1631 resurgendo
1170 1561 1595 1631 transmigravit.
1629 1561 1826 1617 Secuta
1852 1571 1937 1617 est
1971 1577 2069 1616 auo

490 1655 599 1704 tem
634 1648 736 1704 lide
764 1659 819 1704 et
843 1664 1028 1715 amore
1060 1650 1206 1706 illum
1229 1651 1515 1708 multitudo
1548 1668 1740 1725 magna
1761 1694 1778 1719 ,
1823 1653 2070 1710 videntes

491 1740 644 1810 signa
666 1757 788 1810 qua:
813 1742 895 1798 vel
926 1757 1024 1812 per
1050 1757 1131 1810 se,
1164 1742 1245 1798 vel
1273 1758 1372 1814 per
1396 1744 1688 1814 discipulos
1713 1745 1945 1801 faciebat
1969 1761 2066 1802 su-

2163 555 2455 610 nacissima
2506 558 2659 625 palea
2712 559 2929 629 tegitur,
2959 571 3018 616 et
3034 559 3406 631 iumentorum
3447 570 3639 630 cibusest.

2161 644 2270 700 Lex
2325 661 2542 717 quoque
2594 648 2956 705 tenacissimis
3004 652 3303 709 involucris
3351 656 3579 726 figurarum
3608 674 3642 718 et

2164 740 2452 793 verborum
2473 740 2800 807 occultatur,
2829 752 2884 795 et
2906 744 3062 799 cibus
3095 747 3421 816 simplicium
3444 759 3487 806 et
3510 754 3647 810 anima.

2164 826 2292 881 lium
2323 828 2601 883 hominum
2631 840 2714 884 est
2742 831 2810 884 ad
2842 830 3077 887 litteram
3101 834 3389 891 intellecta.
3419 837 3467 893 Si
3486 855 3578 896 vero
3597 846 3648 898 in-

2167 915 2427 986 telligitur
2456 918 2739 983 subtilius,
2776 921 2939 977 habet
2968 923 3106 980 duos
3132 926 3314 995 pisces
3340 942 3525 998 secum,
3545 931 3651 991 idest

2167 1006 2425 1061 moralem
2471 1016 2528 1063 et
2571 1010 2857 1080 mysticum
2889 1027 3111 1067 sensum
3134 1056 3150 1081 ,
3187 1031 3421 1086 quorum
3459 1021 3654 1081 dulcedine

2166 1095 2299 1167 legis
2344 1098 2574 1154 ariditas
2621 1100 3007 1172 impinguatur.
3065 1104 3295 1175 Accepit
3339 1123 3457 1180 ergo
3493 1114 3658 1185 quinque

2165 1203 2332 1258 panes
2359 1189 2516 1245 Jesus
2537 1230 2552 1255 ,
2584 1190 2861 1246 benedixit
2906 1203 2963 1249 et
3001 1194 3186 1267 fregit.
3219 1197 3360 1265 Quia
3406 1202 3590 1273 qumque
3616 1208 3659 1261 li.

2166 1279 2296 1337 bros
2320 1280 2490 1353 Moysi
2522 1283 2576 1337 in
2598 1298 2657 1338 se
2686 1285 2966 1355 impletos,
2997 1296 3053 1342 et
3081 1299 3305 1346 sanctos
3331 1306 3448 1347 esse
3470 1298 3659 1363 ostendit,

2168 1386 2262 1428 eos
2308 1373 2468 1443 fregit
2497 1385 2552 1430 et
2580 1375 2729 1430 dedit
2770 1391 2892 1431 cum
2925 1378 3135 1433 duobus
3172 1381 3418 1449 piscibus
3441 1385 3661 1455 discipulis,

2167 1472 2227 1519 ut
2251 1474 2585 1535 apponerent
2607 1465 2801 1533 turbis,
2836 1470 2962 1539 quia
2992 1471 3330 1528 intellectum
3358 1472 3479 1544 legis
3500 1477 3559 1530 eis
3580 1493 3664 1548 ape.

2168 1557 2311 1622 ruit,
2347 1565 2405 1612 ut
2433 1573 2557 1613 cum
2605 1559 2793 1614 morali
2840 1570 2896 1616 et
2937 1563 3169 1633 mystico
3214 1580 3378 1620 sensu
3422 1582 3521 1622 eam
3553 1571 3669 1628 turbis

2168 1650 2543 1720 praedicarent.
2578 1651 2636 1706 ιιι
2664 1653 2787 1720 hoc,
2817 1653 3018 1708 fratres
3043 1655 3171 1719 mei,
3196 1656 3346 1725 quod
3376 1657 3580 1726 discipuli
3596 1675 3668 1715 non

2171 1752 2445 1811 apponunt
2476 1741 2642 1797 alium
2665 1759 2858 1814 panem
2887 1744 3081 1810 turbis,
3112 1746 3218 1801 nisi
3245 1762 3277 1800 a
3307 1748 3508 1804 Christo
3526 1753 3582 1805 sit
3598 1763 3671 1805 tn-

490 1844 589 1902 per
615 1833 698 1889 his
718 1835 809 1903 qui
843 1844 1022 1891 mente
1053 1835 1136 1890 vel
1164 1849 1391 1905 corpore
1414 1836 1846 1892 intirmahantur.
1870 1843 2072 1895 Ascen-
2102 1823 2145 1878 Β
2172 1832 2376 1900 dilum,
2419 1850 2521 1890 nec
2548 1836 2696 1890 illum
2724 1852 2916 1907 panem
2944 1836 3023 1891 illi
3053 1837 3350 1909 frangunt,
3390 1842 3475 1894 sed
3499 1841 3676 1899 Christus

492 1923 572 1978 dit
601 1934 780 1979 autem
800 1923 959 1981 lesus
982 1926 1035 1981 in
1063 1936 1327 1993 montem,
1359 1927 1412 1983 id
1441 1937 1526 1983 est
1557 1928 1607 1983 in
1634 1939 1849 1984 aeterna:
1869 1929 2072 2001 glorifi-

493 2015 722 2071 cationis
742 2016 1100 2073 altitudinem.
1124 2018 1192 2073 Et
1217 2019 1289 2074 ibi
1316 2020 1559 2084 sedebat,
1590 2030 1645 2075 et
1673 2022 2068 2091 requiescebat,
2114 2010 2123 2023 ’

493 2116 548 2161 et
572 2108 865 2179 regnabat,
901 2117 956 2165 et
1003 2109 1248 2180 discipuli
1294 2120 1501 2177 mente,
1533 2112 1638 2167 etsi
1679 2114 1915 2169 nonduin
1948 2129 2072 2170 core

494 2209 624 2266 pore
638 2235 652 2259 ,
684 2211 805 2251 cum
835 2212 920 2253 eo.

564 2283 697 2340 Erat
722 2299 896 2342 autem
920 2292 1222 2359 proximum
1266 2290 1469 2346 Pascha
1490 2332 1506 2360 ,
1538 2292 1648 2347 dies
1670 2292 1832 2362 festus
1850 2291 2073 2349 Juda’o-

493 2390 633 2432 rum.
657 2376 866 2433 Pascha
890 2381 1143 2436 transitus
1168 2381 1574 2452 interpretatur.
1595 2383 1733 2455 Ergo
1755 2393 1875 2439 erat
1896 2384 2077 2453 proxi-

492 2482 639 2523 mum
673 2467 882 2525 Pascha
925 2470 1041 2527 dies
1071 2471 1243 2529 festus
1276 2472 1585 2529 Iudaeorum
1609 2513 1624 2539 ,
1656 2477 1781 2545 quia
1803 2518 1818 2544 ,
1848 2476 1959 2547 jam
1991 2491 2076 2530 ra-

494 2559 679 2615 diante
707 2559 1027 2632 Evangelia,
1063 2564 1302 2619 instabat
1333 2568 1597 2623 transitus
1628 2578 1684 2624 et
1719 2572 1957 2624 cessatio
1985 2584 2079 2625 ve-

497 2659 734 2708 terarum
764 2636 1242 2711 cmremoniarum:
1262 2656 1395 2712 Cum
1425 2646 1743 2715 sublevasset
1770 2677 1891 2731 ergo
1920 2659 2078 2716 Iesus

495 2744 676 2805 oculos
696 2747 1081 2802 misericordice
1096 2764 1226 2815 suae,
1250 2760 1297 2804 et
1319 2751 1528 2806 vidisset
1548 2753 1677 2823 quia
1695 2754 1926 2807 niaxima
1948 2753 2080 2808 mul-

496 2836 689 2901 titudo,
717 2837 1005 2904 credendo,
1033 2841 1172 2894 venit
1198 2842 1266 2893 ad
1292 2858 1433 2908 eum,
1459 2843 1618 2909 dixit,
1647 2843 1978 2913 inspirando,
2007 2846 2077 2899 ad

497 2926 831 3001 Philippum,
863 2927 915 2987 id
949 2938 1032 2987 est
1062 2931 1128 2987 ad
1163 2932 1454 3004 quemlibet
1484 2935 1892 2999 pradicatorem
1932 2934 2081 3008 (Pht-

497 3021 672 3092 lippus
687 3023 830 3078 enim
854 3040 911 3077 os
934 3023 1190 3093 lampadis
1210 3026 1614 3100 interpretatur)
1638 3043 1653 3082 :
1681 3028 1832 3083 Unde
1853 3045 2081 3085 ememus

497 3130 687 3181 panes,
715 3125 771 3168 ut
796 3116 1109 3170 manducent
1139 3118 1237 3172 hi?
1265 3119 1321 3172 ld
1355 3129 1439 3175 est
1468 3121 1606 3175 unde
1635 3120 2080 3190 comparabimus

499 3208 657 3263 nobis
677 3209 995 3279 sapientiam
1019 3220 1074 3266 ct
1095 3211 1394 3268 doctrinam
1421 3215 1605 3281 Verbi,
1632 3216 1773 3272 unde
1799 3217 2076 3273 reiiciatur

500 3300 732 3369 populus
763 3302 893 3357 Dei?
920 3302 1036 3359 lloc
1066 3316 1240 3361 autem
1288 3307 1489 3359 dicebat
1528 3317 1732 3363 tentans
1772 3324 1910 3363 eum.
1955 3307 2079 3380 Ipse

501 3393 637 3447 enim
662 3395 857 3449 sciebat
883 3398 1008 3467 quid
1031 3408 1165 3453 esset
1186 3398 1442 3469 facturus.
1470 3399 1595 3455 [huc
1621 3401 1861 3465 tentatio,
1886 3401 2081 3459 fratres

503 3486 644 3551 mei,
694 3485 803 3542 Deo
829 3490 1202 3558 permittente,
1251 3490 1566 3560 frequenter
1597 3507 1695 3548 nos
1723 3500 1924 3559 tentat,
1957 3510 2082 3550 cum

505 3577 749 3634 videntes
783 3581 1181 3637 multitudinem
1231 3582 1467 3638 fidelium
1518 3583 1568 3638 in
1617 3584 1901 3639 ecclesiam
1945 3600 2079 3641 con-

503 3666 752 3737 fluxisse,
783 3671 1088 3727 dubitamus
1117 3674 1259 3743 apud
1293 3688 1391 3730 nos
1415 3684 1469 3729 et
1493 3674 1783 3744 quaerimus
1812 3692 1826 3731 :
1863 3677 1938 3732 De
1975 3692 2082 3746 quo

505 3758 646 3816 libro
692 3765 1019 3833 comparabo
1064 3765 1239 3820 hodie
1285 3780 1627 3831 sermonem,
1665 3767 1807 3821 unde
1843 3768 2082 3823 reficiant

506 3852 761 3922 populum
794 3855 921 3921 Dei,
953 3856 1304 3913 immemores
1331 3857 1458 3927 quid
1488 3859 1735 3928 promisit
1764 3860 1877 3917 suis
1905 3862 2086 3916 Domi-

509 3957 642 4008 nus,
669 3947 877 4016 etquid
912 3962 1009 4017 per
1052 3964 1153 4003 nos
1184 3949 1254 4003 sit
1298 3947 1562 4004 facturus.
1610 3949 1732 4018 ipse
1766 3950 1909 4006 enim
1961 3952 2037 4006 ait
2068 3968 2083 4005 :

507 4031 665 4101 Aperi
692 4050 751 4088 os
787 4045 969 4097 tuum,
1000 4047 1049 4090 et
1089 4053 1182 4107 ego
1228 4038 1520 4109 adimplebo
1549 4037 1722 4111 (Psal.
1759 4043 1897 4112 rm).
1925 4041 1992 4099 El
2033 4041 2089 4096 in

510 4120 802 4194 Evangelio
824 4143 837 4179 :
857 4125 990 4182 Cum
1011 4131 1253 4185 steteritis
1268 4141 1390 4186 ante
1411 4148 1554 4202 reges
1568 4140 1618 4187 et
1637 4133 1908 4203 prwsides,
1931 4133 2091 4188 nolite

512 4217 744 4286 cogitare
780 4210 1040 4290 quomodo
1082 4232 1172 4276 aut
1199 4224 1327 4293 quid
1359 4224 1682 4296 loquamini;
1713 4225 1928 4279 dabitur
1951 4227 2090 4280 enim

513 4309 656 4365 vobis
696 4312 751 4366 in
792 4312 887 4367 illa
931 4315 1062 4369 hora
1091 4317 1218 4386 quid
1249 4318 1535 4387 loquamini
1561 4317 1775 4389 (Matth.
1820 4334 1888 4384 x;
1919 4316 2089 4373 Marc.

514 4402 656 4473 xm).
675 4402 841 4472 llnjus
854 4420 1002 4477 ergo,
1026 4406 1236 4473 fratres,
1257 4410 1549 4465 Dominicte
1565 4411 1936 4482 promissionis
1952 4426 2093 4467 sem-

514 4507 612 4562 per
638 4510 936 4563 memores,
963 4508 1018 4554 et
1044 4500 1110 4554 de
1138 4499 1230 4555 Dei
1257 4503 1427 4569 gratia
1448 4542 1463 4566 ,
1495 4519 1601 4558 non
1632 4504 1700 4559 de
1727 4516 1911 4562 nostro
1941 4507 2096 4576 inge-

516 4585 606 4640 nio
635 4599 1039 4657 praesumentes,
1072 4592 1330 4648 audacter
1359 4596 1579 4649 verbum
1605 4596 1697 4651 Dei
1720 4597 2002 4666 loquamur
2024 4599 2091 4654 ad

516 4680 770 4753 populum
788 4721 803 4743 ,
833 4683 1089 4750 quoniam
1126 4683 1382 4740 Dominus
1411 4687 1554 4740 dabit
1598 4689 1807 4742 uerbum
1833 4691 2099 4761 evangeli-

517 4771 758 4826 santibus
804 4775 995 4828 uirtute
1039 4774 1206 4829 multa
1242 4774 1416 4846 (Psal.
1456 4778 1646 4849 vau).
1696 4778 1914 4836 Memini
1950 4791 2100 4840 certe

521 4876 609 4918 me
634 4866 955 4936 quandoque
984 4866 1177 4921 melius
1203 4866 1441 4921 locutum
1474 4871 1540 4922 ad
1570 4870 1845 4940 populum,
1877 4876 2099 4944 quando

518 4951 779 5023 loquebar
809 4970 877 5010 ex
925 4954 1253 5024 improviso,
1299 4971 1463 5025 quam
1492 4961 1710 5028 quando
1741 4960 2000 5032 loquebar
2031 4978 2099 5021 ex

518 5047 928 5118 prtemeditato,
978 5048 1205 5102 Domino
1227 5049 1307 5103 sic
1348 5048 1602 5105 faciente.
1636 5051 1925 5109 Videatnur
1955 5054 2101 5111 suill-

520 5144 728 5195 cienles
750 5141 991 5208 cogitare
1016 5139 1218 5209 aliquid
1239 5155 1304 5196 ex
1336 5141 1489 5198 nobis
1510 5145 1664 5213 quasi
1694 5160 1757 5199 ex
1790 5146 1962 5201 nobis.
1989 5146 2103 5200 Du-

520 5242 812 5299 eenlornm,
862 5232 1067 5303 inquit,
1108 5232 1445 5289 denariorum
1492 5252 1654 5304 panes
1690 5252 1795 5292 non
1841 5238 2103 5309 sufﬁciunt

520 5326 626 5389 eis,
673 5324 727 5378 id
757 5334 843 5380 est
883 5327 1237 5383 ducentorum
1282 5330 1696 5398 praedicatorum
1725 5330 1988 5386 doctrinae
2031 5331 2103 5387 ad

523 5418 881 5472 erudiendum
906 5419 1158 5488 populum
1190 5420 1426 5476 ﬁdelium
1455 5423 1546 5493 qui
1577 5420 1747 5477 Deum
1777 5430 2100 5492 sequuntur,

529 5526 637 5564 nou
666 5508 971 5575 sufficiunt,
1002 5521 1059 5566 ut
1105 5515 1460 5582 unusquisque
1503 5512 1765 5568 modicum
1796 5514 1926 5584 quid
1961 5516 2095 5571 acci-

527 5604 660 5672 piat.
693 5601 788 5659 E’st
809 5618 936 5673 puer
956 5619 1090 5659 unus
1112 5604 1196 5658 hic
1215 5643 1232 5671 ,
1257 5604 1348 5674 qui
1370 5604 1524 5659 habet
1549 5606 1777 5675 quinque
1797 5621 1958 5675 panes
1984 5608 2105 5662 hor-

528 5698 764 5760 deaceos,
788 5708 833 5753 et
867 5701 999 5753 dicos
1027 5699 1212 5769 pisces.
1246 5698 1345 5754 llic
1377 5714 1509 5768 puer
1530 5706 1615 5754 est
1646 5698 1853 5770 Moyses
1874 5698 2108 5757 famulus

533 5788 627 5845 Det
651 5830 664 5855 ,
698 5789 788 5858 qtti
827 5790 989 5845 haLet
1033 5792 1271 5859 quinque
1301 5774 1465 5843 libros
1511 5789 1642 5858 legis
1678 5807 1690 5843 :
1723 5792 1813 5858 qtti
1846 5790 1981 5845 bene
2014 5805 2108 5861 per

2105 3162 2155 3229 ο

2174 1924 2254 1980 eis
2284 1925 2517 1995 frangit,
2555 1926 2961 1983 confunduntur
2988 1930 3063 1985 illi
3108 1931 3204 1999 qui
3238 1928 3403 1985 aliam
3433 1932 3675 2000 scripturam

2171 2016 2470 2085 praedicant
2498 2034 2661 2088 quam
2688 2019 2949 2085 divinam,
2977 2020 3059 2075 vel
3090 2020 3187 2092 qui
3221 2021 3397 2091 ipsam
3424 2020 3677 2092 Scripturant

2175 2120 2282 2161 non
2309 2122 2338 2160 a
2368 2108 2477 2163 Deo
2500 2108 2603 2163 sibi
2634 2107 2808 2179 frangi
2833 2118 2889 2164 et
2919 2109 3123 2180 aperiri
3156 2119 3490 2180 exspectant,
3514 2112 3587 2166 sed
3615 2114 3681 2184 ipsi

2175 2211 2273 2266 per
2313 2212 2372 2252 se
2420 2212 2542 2253 eam
2590 2198 2694 2253 sibi
2723 2198 2974 2270 frangere
3020 2215 3399 2270 prtesumuut,
3431 2215 3685 2272 opperiente
3784 2196 3785 2255 ξ

2176 2288 2356 2359 potius
2401 2304 2564 2357 quant
2614 2298 2981 2359 exponentes,
3014 2306 3139 2345 cum
3188 2294 3465 2363 praecipiat
3495 2295 3687 2351 Dominus

2176 2379 2454 2449 prophetae
2475 2396 2489 2433 :
2515 2380 2887 2448 Aununtiabis,
2912 2382 3107 2453 inquit,
3127 2384 3205 2439 eis
3227 2400 3297 2439 ea:
3316 2401 3399 2439 me
3418 2384 3597 2457 (Exodi.
3615 2392 3687 2452 uti.

2178 2470 2509 2526 Saturantur
2536 2481 2715 2528 autem
2746 2488 2812 2529 ex
2844 2475 3086 2546 quinque
3129 2478 3365 2547 panibus
3394 2495 3506 2532 cum
3541 2480 3691 2537 duobus
3784 2468 3785 2495 ἶ

2176 2559 2437 2629 piscibus,
2463 2562 2514 2615 id
2539 2572 2626 2616 est
2646 2577 2711 2616 ex
2740 2565 2984 2633 quinque
3012 2565 3168 2621 libris
3197 2565 3368 2636 Moysi
3392 2583 3503 2621 cum
3525 2571 3694 2640 mystico

2176 2660 2232 2707 et
2275 2653 2464 2707 morali
2511 2653 2808 2709 intellectu.
2846 2654 3097 2725 Quinque
3147 2657 3329 2711 millia
3367 2659 3693 2726 hominum,id
3784 2654 3785 2726 ᾖ

2178 2751 2284 2809 est,
2315 2743 2611 2815 simplices,
2644 2754 2851 2801 tantum
2874 2761 2963 2802 res
2990 2748 3233 2818 quinque
3254 2749 3497 2804 sensilms
3515 2752 3695 2820 cum
3784 2743 3785 2807 ἓ

2179 2836 2449 2906 subjectus
2496 2837 2647 2906 prius
2697 2838 2991 2908 sapientes.
3044 2839 3126 2894 Ex
3174 2839 3488 2909 fragmentis
3527 2856 3628 2896 rere
3656 2852 3694 2897 et
3784 2836 3785 2909 Ῑ

2179 2928 2380 2984 crustis
2397 2969 2412 2995 ,
2438 2944 2560 2999 qua:
2586 2930 2998 2987 comedentibus
3020 2932 3411 3011 superfuerunt
3431 2973 3448 2999 ,
3471 2933 3695 3004 implentur

2182 3020 2397 3090 cophini
2426 3020 2711 3076 duodecim
2728 3061 2744 3086 ,
2773 3021 2899 3091 quia
2926 3023 3238 3079 subtiliores
3262 3034 3320 3079 et
3367 3025 3589 3079 fortiores
3610 3041 3692 3079 scn-

2188 3112 2396 3178 tentite,
2423 3126 2558 3182 quas
2592 3111 2867 3182 simplices
2887 3128 3084 3184 capere
3114 3130 3223 3170 non
3251 3124 3504 3184 possunt,
3532 3126 3695 3185 aposto-
3784 3122 3785 3189 1

2185 3200 2307 3257 licis
2332 3210 2388 3257 et
2421 3202 2839 3272 perfectioribus
2872 3202 3005 3258 viris
3034 3204 3375 3259 ruminanda:
3400 3215 3696 3259 reservantur.
3784 3196 3785 3272 ξ

2183 3292 2344 3348 Juxta
2367 3296 2510 3364 quod
2531 3294 2825 3366 Apostolus
2849 3296 2927 3348 ait
2944 3294 3246 3351 Corinthiis
3270 3314 3286 3351 :
3320 3296 3425 3350 Lat-
3447 3306 3600 3365 potant
3614 3296 3702 3347 dati

2184 3385 2327 3443 vobis
2345 3425 2361 3452 ,
2401 3402 2507 3441 non
2533 3403 2706 3442 eseam
2735 3386 2787 3459 (l
2833 3386 2957 3442 Cor.
2984 3388 3089 3458 tu).
3124 3387 3403 3458 Supien.ia
3432 3387 3553 3441 enim
3576 3386 3702 3456 lculi-

2185 3494 2305 3532 mur
2347 3480 2485 3533 inter
2527 3479 2785 3550 perfectos
2831 3478 2882 3552 (1
2913 3479 3035 3534 Cor.
3085 3479 3170 3551 ιι).
3203 3481 3269 3535 Et
3303 3482 3403 3535 hoc
3428 3478 3704 3535 contraillos

2188 3568 2277 3638 qui
2304 3568 2728 3638 simplicioribus
2760 3569 2954 3626 altiora
2978 3570 3300 3640 loquuntur,
3330 3587 3433 3624 non
3454 3568 3704 3624 erudientes

2186 3674 2281 3716 eos
2301 3700 2317 3726 ,
2342 3661 2437 3718 sed
2480 3661 2660 3731 potius
2689 3662 3098 3718 conturbantes.
3150 3660 3327 3716 Porro
3357 3662 3582 3717 hortiines
3615 3674 3705 3714 cer-

2188 3762 2383 3809 nentes
2410 3753 2711 3809 doctrinam
2734 3753 2970 3808 divinam
2995 3752 3049 3807 in
3077 3754 3334 3807 omnibus
3367 3752 3649 3812 exuberare.
3667 3758 3709 3803 et

2189 3854 2392 3917 quanto
2420 3859 2451 3898 a
2469 3843 2713 3913 pluribus
2744 3844 3058 3914 percipitur,
3093 3852 3248 3898 tanto
3272 3844 3444 3913 magis
3462 3842 3706 3902 abundare,

2190 3937 2412 3993 laudant
2435 3945 2491 3991 et
2518 3935 2846 3991 benedicunt
2874 3934 3185 4002 Dominum,
3212 3936 3307 4006 qui
3338 3937 3424 3989 hic
3447 3948 3570 4003 pane
3589 3932 3709 4002 spiri-

2193 4029 2322 4085 tuali
2350 4028 2590 4100 quotidie
2627 4036 2838 4084 recreat
2869 4042 2999 4083 suos
3016 4068 3032 4095 ,
3063 4043 3130 4083 eo
3156 4027 3416 4082 vaticinia
3435 4041 3523 4083 eos
3547 4035 3709 4080 susten-

2197 4133 2349 4189 tans,
2376 4137 2660 4194 quousque
2688 4122 3005 4191 perveniant
3033 4122 3100 4177 ad
3125 4132 3330 4177 terram
3360 4116 3713 4193 promissionis,

2194 4215 2260 4270 ad
2308 4229 2471 4285 quam
2523 4213 2782 4283 perducat
2824 4227 2922 4268 nos
2964 4214 3314 4283 omnipotens
3361 4221 3414 4267 et
3456 4208 3714 4265 miseriast:

2195 4305 2360 4369 Deus,
2388 4305 2479 4375 qui
2507 4304 2560 4358 in
2592 4302 2858 4359 Trinitate
2882 4303 3121 4372 perfecta
3153 4303 3287 4356 vivit
3311 4313 3366 4357 et
3396 4310 3569 4371 regnat
3589 4297 3711 4350 Deus.

2194 4391 2387 4453 Amen.
2714 4418 2729 4423 ί

2736 4484 3018 4544 HOMILIA
3057 4485 3242 4541 XLIII.

2504 4595 2754 4636 DOIINICA
2794 4594 2993 4643 ρυιΝτΑ
3030 4595 3131 4644 0οΔ
3140 4592 3469 4634 ιιιιλαεειιιι.

2268 4676 2510 4731 Christus
2561 4675 2810 4729 assistens
2855 4672 3097 4742 pontifex
3145 4672 3440 4741 futurorum
3484 4669 3719 4721 Mearm.

2197 4788 2289 4843 per
2327 4771 2553 4839 amplius
2579 4784 2628 4824 et
2656 4755 2935 4840 perfectius
2959 4767 3356 4821 tabernaculum
3381 4781 3477 4818 non
3499 4756 3719 4825 manufes-

2199 4876 2338 4932 tum,
2371 4866 2425 4920 id
2462 4873 2547 4920 est
2580 4878 2687 4918 non
2715 4862 2875 4931 hujus
2899 4862 3181 4915 creationis
3201 4901 3216 4924 ,
3240 4870 3346 4915 etc.
3374 4855 3553 4928 (Hebr.
3581 4848 3719 4915 tx.}ll

2202 4960 2307 5015 hac
2326 4958 2581 5022 lectione,
2617 4959 2814 5009 lratres
2836 4953 2964 5019 mei,
2988 4954 3228 5007 ostendit
3247 4947 3530 5021 Apostolus
3551 4940 3724 5015 pontii-

2202 5048 2346 5107 eium
2376 5048 2583 5105 Christi
2613 5047 2778 5102 fuisse
2798 5044 3210 5115 prmliguratum
3238 5041 3291 5095 in
3320 5037 3586 5111 pontificio
3604 5028 3721 5098 legis

2204 5154 2258 5199 et
2285 5142 2417 5198 illud
2459 5140 2679 5211 quidem
2706 5137 3086 5209 imperfectum
3113 5147 3236 5190 esse
3267 5143 3514 5201 tanquam
3542 5126 3723 5195 ﬁguras:

2202 5247 2259 5292 et
2285 5238 2556 5300 umbram,
2587 5232 2731 5289 istud
2752 5246 2882 5287 vero
2902 5228 3204 5301 perfectum
3232 5240 3353 5282 esse
3376 5233 3617 5292 tanquam
3634 5225 3723 5295 res

2204 5336 2261 5383 et
2288 5326 2601 5393 veritatem,
2632 5323 2764 5379 illud
2794 5321 3053 5385 transire,
3075 5318 3218 5375 istud
3250 5330 3479 5406 manere.

2200 5419 2377 5476 ‘rauda
2409 5425 2539 5475 sunt
2561 5416 2745 5488 igitur,
2778 5413 2976 5469 fratres
2998 5405 3147 5475 'mei,
3179 5418 3404 5479 quatuor
3418 5396 3492 5460 de
3516 5392 3723 5471 pontiﬁci

2207 5511 2395 5583 legali.
2414 5508 2599 5577 Qualis
2636 5522 2796 5572 esse,
2827 5519 2936 5576 quo
2977 5503 3031 5558 in
3059 5502 3179 5557 loco
3212 5508 3369 5563 stare,
3394 5504 3619 5583 quarunt

2208 5573 2476 5668 minister,
2504 5599 2631 5669 quid
2651 5611 2813 5667 agere
2836 5573 3136 5651 secundum
3164 5591 3329 5657 legem
3353 5587 3557 5643 debeat.
3587 5573 3717 5630 Βδε-

2207 5696 2302 5752 bal
2326 5702 2506 5748 autem
2539 5689 2725 5761 legalis
2755 5686 2992 5758 pontifex
3013 5699 3138 5740 esse
3161 5684 3279 5739 sine
3299 5676 3497 5737 macula
3519 5714 3532 5736 ,
3558 5672 3715 5731 ῑοιεείτ

2210 5798 2263 5843 et
2293 5801 2478 5843 sanus.
2507 5784 2638 5840 Sine
2666 5780 2906 5848 macula,
2938 5796 3006 5836 ne
3029 5780 3233 5836 scilicet
3257 5783 3387 5833 esset
3412 5784 3533 5828 cum
3554 5773 3708 5834 μισεῖν
