3826 6338
93 380 226 437 1821

802 376 1105 435 IIOMlLIE
1145 377 1214 435 IN
1250 376 1468 436 EPIST.
1509 359 1607 428 ΕΤ
1645 372 1898 437 EVANG.
1940 377 2239 439 DOMINIC.
2276 410 2346 420 —
2380 377 2561 436 PARS
2594 378 2634 436 I.

3217 379 3241 435 f
3251 379 3356 438 823

92 494 176 548 vel
204 493 428 565 grandi,
453 491 537 546 vel
562 498 703 545 torto
734 505 867 546 naso
887 531 902 557 ,
930 503 996 546 ne
1015 499 1160 548 esset
1188 491 1403 564 gibbus,
1423 501 1538 546 nec
1565 481 1666 559 Iip-
1693 497 1741 557 Α
1768 489 1928 548 Jesus
1966 491 2252 557 Christus,
2287 487 2452 546 semel
2482 491 2534 545 in
2573 499 2847 560 tempore,
2877 488 3224 560 semetipsum
3253 508 3354 562 pro

91 603 222 656 pus,
256 603 353 642 nec
377 585 681 657 albuginem
707 585 912 642 habens
939 586 991 642 in
1023 587 1214 654 oculo,
1257 603 1358 643 nec
1401 585 1671 658 impetigi-

91 692 220 732 nem
246 679 448 733 habens
479 678 530 730 in
556 691 804 746 corpore,
831 691 930 732 nec
946 669 1127 748 iugem
1151 679 1408 734 scabiem.
1434 677 1666 746 Integer,

92 782 164 820 ne
189 777 333 822 esset
371 782 576 830 οπως,
611 781 708 821 nec
741 781 993 831 mancus,
1027 783 1126 823 nec
1159 769 1278 823 sine
1307 767 1667 838 genitalibus,

90 873 149 913 et
182 858 504 928 hujnsmodi.
555 857 761 925 Sanus,
793 874 861 914 ne
888 869 1032 914 esset
1059 859 1316 926 claudus,
1361 875 1462 915 nec
1498 860 1670 917 fracto

90 951 266 1020 pede,
313 966 410 1005 nec
456 966 652 1014 manu,
689 965 787 1005 nec
836 951 1114 1018 Ieprosus,
1166 967 1262 1007 nec
1311 951 1666 1022 ponderosus.

89 1044 264 1098 Erant
292 1051 471 1100 autem
503 1043 616 1097 haec
645 1043 697 1096 in
732 1041 889 1112 legali
917 1041 1169 1112 pontifice
1204 1057 1300 1112 per
1331 1043 1580 1112 figuram.
1612 1041 1669 1098 In

89 1134 309 1189 Christo
358 1149 486 1189 vero
520 1144 644 1188 sunt
689 1148 784 1202 per
819 1134 1128 1188 veritatem.
1173 1132 1426 1189 Christus
1471 1135 1669 1204 quippe

89 1224 198 1278 fuit
221 1240 386 1295 agnus
409 1224 524 1279 sine
561 1223 794 1288 macula,
821 1224 1102 1295 quoniam,
1134 1231 1192 1277 ut
1217 1224 1293 1276 ait
1315 1223 1528 1291 Petrus,
1552 1241 1674 1292 pec-

89 1326 268 1370 catum
300 1333 402 1370 non
443 1315 594 1386 fecit,
625 1333 716 1370 nec
756 1317 996 1371 inventus
1036 1326 1110 1371 est
1161 1316 1313 1370 dolus
1342 1319 1395 1371 in
1440 1334 1527 1371 ore
1553 1317 1668 1387 ejus

90 1408 147 1478 (Ι
183 1407 322 1464 Petr.
352 1410 434 1478 tt).
463 1408 524 1463 Et
552 1409 666 1478 ipse
689 1409 874 1471 etiam,
905 1408 1168 1478 speciosus
1205 1409 1376 1476 {arma
1399 1425 1508 1478 prce
1543 1408 1669 1476 ﬁliis

88 1501 359 1554 hominum
390 1497 563 1568 (Psal.
607 1501 776 1568 xuv).
825 1499 947 1554 Fuit
979 1509 1158 1554 autem
1189 1500 1416 1568 integer,
1449 1512 1667 1554 onmem

87 1590 297 1645 habens
327 1592 378 1645 in
406 1605 466 1644 se
509 1590 767 1643 virtutum
815 1589 1237 1658 perfectionem;
1267 1589 1368 1642 fuit
1397 1591 1570 1654 enim,
1609 1597 1668 1643 ut

85 1679 327 1736 Joannes
372 1680 532 1744 dicit,
576 1680 763 1750 plenus
793 1682 976 1752 gratiae
1005 1691 1060 1735 et
1105 1681 1352 1737 veritatis
1375 1679 1557 1751 (Joan.
1603 1681 1667 1751 ι).

87 1772 219 1828 Fuit
250 1773 411 1828 etiam
456 1788 619 1828 sanus
643 1782 697 1828 et
725 1771 995 1842 perfectus
1030 1773 1081 1826 in
1109 1773 1256 1831 οηιυί
1302 1773 1568 1842 sapientia
1614 1781 1670 1828 et

85 1863 339 1948 Scientia,
371 1864 624 1934 quoniam
659 1863 711 1917 in
738 1863 954 1919 Christo
975 1873 1094 1918 sunt
1123 1880 1297 1918 omnes
1325 1864 1556 1917 thesauri
1579 1880 1666 1918 sa-
1698 1846 1741 1906 Β

83 1955 297 2022 piemia:
323 1963 368 2008 et
416 1957 650 2010 scientlte
683 1954 778 2009 Dei
824 1955 1111 2008 absconditi
1141 1953 1277 2025 (Col.
1324 1954 1408 2020 tt).
1446 1953 1564 2020 Quo
1609 1955 1664 2009 in

84 2041 216 2097 loco
245 2043 421 2098 stabat
465 2043 648 2113 legalis
673 2043 950 2112 pontifex?
974 2042 1030 2096 In
1077 2043 1282 2107 medio,
1321 2043 1372 2098 id
1415 2043 1666 2098 estinter

85 2131 362 2187 [neminem
390 2142 445 2186 et
489 2132 691 2198 Deum;
743 2133 1050 2188 hominibus
1076 2144 1201 2188 ante
1234 2133 1480 2188 siStebat.
1509 2131 1664 2188 Unde

83 2235 148 2279 et
185 2225 410 2280 antistes
435 2225 738 2288 dicebatur,
779 2235 833 2281 et
875 2227 982 2280 Deo
1025 2225 1334 2281 assistebat.
1364 2225 1516 2281 Unde
1543 2227 1662 2296 cpi-

83 2333 316 2388 scopus,
346 2319 396 2372 id
425 2327 506 2373 est
531 2320 982 2389 superintendens
1006 2320 1306 2375 dicebatur.
1338 2319 1487 2375 Unde
1514 2319 1660 2388 Apo-

85 2407 258 2462 stolus
283 2425 296 2461 :
328 2408 491 2462 Omne
511 2425 735 2480 namque
759 2411 996 2480 pontifex
1028 2425 1093 2464 ea:
1120 2407 1423 2464 hominibus
1451 2425 1661 2464 assum-

81 2510 229 2568 ptus,
252 2515 342 2568 pro
369 2499 665 2554 hominibus
692 2503 1030 2556 constituitur
1057 2503 1111 2556 in
1131 2502 1211 2555 his
1237 2518 1352 2572 qum
1373 2511 1494 2555 sunt
1522 2503 1663 2570 apud

84 2588 257 2642 Deum
286 2587 476 2660 (Hebr.
510 2589 585 2659 v).
614 2589 855 2644 Debebat
884 2600 1065 2646 autem
1095 2592 1302 2646 medius
1340 2606 1462 2647 esse
1483 2601 1666 2648 extre-

84 2695 298 2736 morum
327 2681 766 2752 participatione,
793 2682 1108 2748 affectione,
1137 2693 1192 2739 et
1230 2686 1440 2739 ordine.
1473 2684 1663 2740 Extre-

85 2789 301 2830 morum
335 2776 772 2844 participatione,
811 2777 899 2845 qui
927 2778 1138 2833 scilicet
1167 2787 1310 2832 esset
1336 2778 1496 2833 homo
1539 2793 1662 2833 eum

85 2864 396 2920 hominibus
428 2875 654 2928 natura,
678 2878 734 2921 et
765 2866 906 2922 Deus
937 2882 1059 2921 cum
1092 2868 1200 2922 Dco
1227 2869 1424 2939 gratia.
1457 2868 1664 2923 Medius

89 2955 412 3022 alfcctione,
441 2965 499 3012 ut
541 2958 751 3013 scilicet
792 2967 936 3014 esset
979 2960 1664 3030 peecatoribus‘proximus

88 3063 188 3118 per
215 3050 637 3119 compassionem
658 3092 672 3116 ,
703 3058 757 3104 et
787 3049 894 3106 Deo
939 3054 1218 3121 proximus
1247 3062 1469 3121 propter
1501 3053 1660 3106 fami-

87 3139 403 3195 liaritatem.
437 3140 641 3198 Medius
668 3143 878 3207 ordine,
903 3153 961 3196 ut
984 3143 1192 3198 scilicet
1223 3159 1320 3212 per
1347 3158 1468 3198 eum
1494 3144 1661 3200 habe-

90 3241 214 3286 rent
240 3247 512 3287 accessum
546 3233 792 3287 homines
820 3234 885 3286 ad
921 3233 1119 3296 Deum,
1164 3242 1216 3287 et
1263 3234 1403 3289 Deus
1447 3235 1515 3287 ad
1562 3234 1662 3288 ho-

87 3324 286 3378 mines.
313 3324 562 3378 Christus
583 3338 797 3392 quoque
823 3324 1030 3377 medius
1051 3332 1105 3377 et
1129 3339 1288 3378 verus
1311 3323 1410 3377 fuit
1427 3325 1664 3395 pontifex

83 3413 353 3469 assistens
385 3414 525 3478 Deo,
557 3423 611 3468 et
640 3414 968 3468 antesistens
998 3414 1330 3469 hominibus.
1358 3415 1482 3469 Fuit
1520 3417 1664 3470 enim

77 3505 301 3560 medius
342 3505 483 3558 inter
512 3505 678 3559 Deum
703 3513 758 3558 et
801 3505 1072 3558 hominem
1107 3515 1324 3569 natura,
1354 3506 1480 3574 quia
1510 3515 1667 3560 natu-

71 3597 218 3653 ralis
249 3601 410 3652 homo
437 3612 557 3651 cum
605 3597 943 3662 hominibus,
987 3605 1041 3650 et
1085 3595 1345 3650 naturalis
1375 3595 1515 3652 Deus
1545 3611 1665 3652 cum

67 3692 220 3749 Deo.
254 3687 461 3743 Medius
483 3687 800 3755 alfectione,
834 3689 958 3757 quia
991 3702 1086 3757 per
1112 3688 1368 3755 pietatem
1398 3687 1499 3740 fuit
1519 3701 1668 3740 com-

63 3782 300 3854 patiens
336 3780 663 3834 hominibus.
701 3779 851 3836 Unde
889 3779 1177 3850 Apostolus
1210 3796 1222 3832 :
1263 3775 1386 3831 Non
1415 3779 1667 3834 habemus

61 3872 387 3943 pontiﬁcem
420 3873 508 3942 qui
538 3887 640 3924 non
675 3872 833 3940 possit
882 3869 1110 3936 compati
1151 3869 1544 3938 inﬁrmitatibus
1577 3886 1672 3925 no-

60 3975 118 4020 st
130 3964 211 4018 ris
243 3963 428 4031 (Hebr.
457 3966 554 4033 tv),
575 3973 629 4017 et
657 3978 752 4032 per
774 3978 1016 4016 antorem
1042 3978 1182 4016 unus
1202 3977 1323 4016 cum
1352 3961 1462 4016 Deo
1485 3962 1665 4018 Patre.

61 4056 297 4110 Medius
319 4056 529 4119 ordine,
555 4056 680 4124 quia
717 4069 811 4124 per
839 4069 961 4108 eum
999 4051 1264 4108 habemus
1289 4069 1568 4109 accessum
1603 4055 1668 4110 ad

63 4148 260 4201 Deum
285 4145 498 4199 Patrem
523 4162 537 4198 :
561 4145 626 4198 Et
651 4145 789 4200 Deus
809 4143 971 4200 Pater
993 4144 1148 4198 nobis
1171 4143 1555 4201 reconciliatur
1574 4160 1670 4214 per

58 4253 212 4293 eum
237 4279 252 4302 ,
277 4247 332 4292 et
355 4251 454 4292 nos
483 4237 578 4291 illi.
604 4236 739 4291 lline
779 4245 862 4291 est
897 4237 1038 4306 quod
1067 4237 1154 4290 hic
1196 4245 1418 4292 vocatur
1444 4253 1474 4292 a
1505 4237 1670 4292 Paulo

59 4331 221 4386 Novi
257 4330 584 4386 Testatnenti
614 4331 879 4384 mediator
915 4329 1102 4398 (Hebr.
1137 4332 1235 4400 ix).
1266 4313 1503 4399 Quorum
1550 4342 1670 4387 erat

57 4423 338 4478 minister
361 4421 546 4492 legalis
573 4421 849 4493 pontifex?
883 4421 1254 4489 temporalium
1279 4435 1333 4477 et
1363 4423 1666 4478 carnalium

1771 581 1952 638 salute
1970 581 2152 636 mundi
2179 580 2530 636 sacrificavit.
2564 579 2632 634 Et
2656 592 2943 650 resurgens
2975 579 3194 636 indutus
3213 581 3350 638 stola

1771 675 2224 738 immortalitatis,
2258 691 2364 730 non
2389 683 2602 729 tantum
2637 674 2689 728 in
2719 673 2947 737 cmlum,
2979 675 3073 730 sed
3100 678 3264 732 etiam
3295 678 3349 734 in

1769 769 1965 824 cmlum
2019 769 2282 824 caelorum
2335 767 2580 822 introivit
2645 767 3090 835 tabernaculum,
3140 770 3351 827 scilicet

1769 860 2101 932 peramplius
2150 861 2449 930 capacitate
2468 870 2521 913 et
2542 858 2833 929 perfectius
2859 861 3232 930 perpetuitate,
3258 861 3352 918 ubi

1769 956 1966 1008 sedens
2005 953 2073 1006 ad
2117 952 2392 1008 dexteram
2438 950 2646 1018 Patris,
2696 953 2935 1024 aspergit
2962 953 3225 1023 sanguine
3249 969 3350 1009 suo

1769 1043 2024 1098 interiora
2052 1051 2106 1098 et
2134 1042 2404 1097 exteriora
2422 1082 2437 1106 ,
2469 1041 2520 1096 id
2546 1049 2630 1097 est
2659 1041 2972 1097 reconciliat
2997 1057 3095 1112 per
3137 1041 3347 1112 passio-

1768 1151 1891 1190 nem
1918 1150 2069 1191 suam
2097 1135 2336 1191 coelestia
2369 1137 2627 1200 terrenis,
2661 1146 2714 1190 et
2743 1145 2956 1191 terrena
3001 1134 3347 1204 cmlestibus,

1771 1225 1936 1280 Deum
1986 1225 2224 1289 homini,
2272 1233 2328 1279 et
2361 1225 2633 1280 hominem
2685 1225 2816 1281 Deo.
2865 1223 3122 1293 Assignat
3167 1223 3350 1294 itaque

1767 1313 2060 1384 Apostolus
2087 1314 2399 1370 distantiam
2431 1314 2484 1367 in
2533 1316 2770 1383 quinque
2796 1314 2990 1377 rebus,
3027 1312 3169 1366 inter
3202 1311 3349 1383 lega-

1768 1405 1872 1460 lem
1897 1406 2204 1474 puntiticem
2230 1416 2284 1461 et
2306 1405 2678 1476 evangelicum
2701 1405 3013 1474 pontificem
3041 1403 3341 1468 Christum,

1767 1506 1822 1552 et
1855 1497 1908 1552 in
1938 1498 2189 1552 onmihus
2231 1498 2568 1552 demonstrat
2595 1498 2794 1552 Christi
2825 1495 3223 1552 excellentiam.-
3257 1494 3348 1550 Ille

1768 1589 1911 1644 cnim
1935 1589 2172 1644 intrabat
2199 1589 2600 1645 tabernaculum
2629 1588 3017 1657 manufaetum,
3044 1597 3099 1643 et
3127 1588 3216 1642 hic
3237 1599 3346 1640 non

1770 1682 2158 1737 manufactum.
2186 1682 2279 1736 llle
2306 1683 2472 1738 semel
2498 1683 2553 1738 in
2580 1697 2751 1746 anno,
2777 1683 2866 1737 hic
2893 1682 3057 1738 semel
3107 1683 3160 1736 in
3208 1689 3346 1736 tem-

1769 1789 1920 1846 pore.
1946 1773 2039 1828 Ille
2062 1773 2414 1838 moriebatur,
2443 1782 2500 1828 et
2527 1773 2667 1828 alter
2705 1772 3064 1839 succedebat;
3095 1773 3196 1827 iste
3223 1786 3348 1842 per-

1770 1872 1954 1918 manet
1981 1862 2227 1917 sacerdos
2255 1863 2311 1916 in
2341 1871 2594 1916 artemum
2635 1863 2920 1916 secundum
2947 1863 3183 1916 ordinem
3213 1861 3348 1916 Mel-

1770 1954 2038 2008 chisedech
2072 1953 2243 2023 (Psal.
2275 1952 2409 2021 ets).
2443 1951 2594 2009 Unde
2621 1953 2764 2008 idem
2796 1949 3123 2021 Apostolus:
3159 1951 3347 2006 Plures

1769 2043 1901 2113 facti
1927 2054 2051 2098 sunt
2082 2046 2380 2098 sacerdotes
2405 2043 2694 2097 secundum
2720 2041 2883 2112 legent
2903 2082 2917 2107 ,
2940 2058 2998 2097 eo
3025 2040 3170 2110 quod.
3185 2049 3349 2094 morte

1767 2135 2164 2204 prohiberentur
2181 2151 2503 2204 permanere.
2528 2133 2684 2189 Iesus
2705 2144 2876 2187 autem
2899 2149 2958 2188 eo
2977 2133 3116 2203 quod
3137 2140 3346 2185 maneat

1768 2227 1824 2280 in
1848 2236 2100 2280 wternum
2119 2266 2134 2291 ,
2177 2225 2546 2294 sempiternum
2571 2225 2723 2278 habet
2756 2225 3126 2278 sacerdotium.
3155 2219 3344 2292 (Hebr.

1768 2320 1888 2390 vn).
1929 2319 2019 2374 Ille
2063 2334 2186 2374 cum
2235 2317 2412 2372 alieno
2452 2318 2718 2388 sanguine
2763 2315 3044 2370 intrabat:
3077 2315 3179 2369 iste
3219 2327 3345 2368 cum

1767 2412 2007 2483 proprio.
2040 2410 2130 2466 Ille
2153 2409 2523 2466 intercedebat
2544 2399 2652 2478 ἰιι-ο
2680 2407 2793 2464 suis
2815 2416 2870 2461 et
2899 2405 3126 2462 aliorum
3154 2418 3349 2474 pecea-

1769 2506 1871 2572 tis;
1907 2505 2007 2560 iste
2037 2517 2158 2558 eum
2194 2503 2268 2557 sit
2312 2501 2566 2556 immunis
2611 2515 2641 2554 a
2688 2506 2938 2570 peccato,
2993 2505 3200 2550 tantum
3247 2507 3346 2564 pro

1768 2593 1980 2650 alienis.
2005 2593 2158 2650 Unde
2189 2593 2330 2649 idem
2353 2591 2644 2663 Apostolus
2674 2608 2689 2646 :
2720 2590 2862 2644 Talis
2881 2590 3020 2645 enim
3045 2586 3254 2642 decebat
3285 2594 3346 2639 ut

1767 2698 1896 2744 esset
1938 2688 2084 2742 nobis
2111 2685 2377 2757 pontifex,
2404 2693 2648 2750 sanctus,
2678 2683 2922 2737 innocens
2941 2720 2956 2746 ,
2977 2676 3304 2748 'impollutus
3326 2713 3344 2738 ,

1768 2790 2068 2851 segregatus
2109 2796 2141 2832 a
2180 2777 2566 2848 peccatoribus,
2607 2785 2656 2830 et
2693 2773 2946 2829 excelsior
2979 2771 3120 2826 ctelis
3147 2770 3344 2839 factus.

1770 2871 1873 2938 Qui
1923 2889 2026 2926 non
2083 2871 2292 2924 haberet
2335 2869 2688 2923 necessitatem
2717 2865 2979 2938 quotidie,
3010 2861 3350 2933 quemadmo-

1767 2963 1890 3018 dum
1914 2965 2228 3029 sacerdotes,
2251 2963 2398 3032 prius
2418 2977 2511 3031 pro
2540 2958 2745 3013 delictis
2770 2959 2881 3011 suis
2912 2955 3108 3010 hostias
3133 2952 3346 3021 oﬂ'erre.

1767 3057 1956 3109 deinde
1983 3070 2075 3124 pro
2097 3053 2286 3124 papula
2315 3051 2528 3122 (Ibid.).
2553 3048 2612 3104 Si
2636 3050 2796 3113 enim,
2816 3047 3009 3116 inquit,
3035 3040 3346 3114 Apostolus,

1769 3148 1984 3211 sanquis
2014 3147 2280 3200 hircorum
2307 3155 2396 3198 aut
2424 3142 2736 3206 uitulorum,
2763 3141 2841 3196 uel
2865 3139 2999 3194 cinis
3027 3135 3200 3192 vitula:
3219 3174 3236 3200 ,
3263 3135 3348 3188 iu-

1769 3239 2011 3310 quinatos
2056 3243 2299 3289 contactu
2341 3235 2536 3287 mortui
2567 3233 2680 3303 (37)
2723 3230 3019 3299 sanctiﬁcat
3061 3227 3348 3282 secundum

1767 3329 1981 3398 legalem
2023 3327 2402 3381 observantiam
2427 3325 2564 3396 (38),
2591 3326 2659 3378 ad
2684 3321 3104 3378 emundutionem
3128 3317 3300 3372 carnis
3327 3330 3349 3371 :

1765 3435 1958 3498 quanto
1986 3426 2150 3495 magis
2194 3424 2407 3492 sanguis
2450 3421 2645 3476 Christi
2672 3417 2970 3472 emundabit
3000 3413 3347 3468 conscientias

1769 3529 1972 3572 nostras
2014 3517 2078 3570 ab
2115 3517 2356 3583 operibus
2397 3515 2638 3576 mortuis,
2671 3510 2739 3565 ad
2762 3508 3089 3564 serviendum
3114 3505 3350 3560 uiuenti?

1770 3608 1978 3662 Revera
2005 3647 2018 3671 ,
2048 3608 2272 3672 fratres,
2305 3607 2526 3674 sanguis
2567 3603 2829 3674 pecudum
2859 3615 2966 3656 non
3011 3596 3341 3653 emundabat

1769 3702 1834 3755 ad
1866 3701 2134 3764 litteram,
2161 3701 2285 3768 quia
2329 3713 2427 3752 nec
2454 3711 2708 3761 carnem,
2741 3709 2838 3749 nec
2864 3693 3214 3763 sanguinem,
3245 3703 3344 3743 nec

1769 3793 2005 3846 animum
2055 3791 2295 3854 Christi,
2342 3803 2438 3860 per
2485 3803 2644 3860 quem
2676 3786 2854 3840 omnis
2901 3783 3212 3838 emendatio
3251 3780 3347 3845 fit,

1769 3884 2162 3956 prchigurabat.
2199 3883 2427 3950 Sanguis
2457 3883 2638 3952 itaque
2661 3879 2888 3934 Christi.
2922 3877 3119 3932 fratres
3143 3874 3351 3929 charis-

1769 3978 1921 4042 simi,
1953 3993 2050 4032 nos
2071 3977 2384 4032 cmundabit
2411 3975 2480 4031 ab
2517 3974 2769 4030 omnibus
2797 3969 3060 4042 peccatis,
3090 3968 3133 4023 si
3167 3976 3346 4020 tamen

1771 4069 1824 4124 in
1869 4084 1990 4124 eum
2020 4083 2145 4122 vere
2172 4067 2472 4132 credimus,
2508 4065 2551 4120 si
2586 4065 2640 4118 in
2667 4077 2789 4116 eum
2818 4074 3099 4132 speramus
3121 4071 3269 4122 vere,
3300 4055 3344 4110 si

1769 4163 1883 4233 ejus
1910 4161 2132 4232 vestigia
2155 4161 2467 4230 sequimur:
2491 4156 2754 4225 Quoniam
2781 4163 2842 4209 ut
2870 4153 2944 4208 ait
2966 4151 3181 4214 Petrus,
3202 4148 3351 4204 Chri-

1768 4269 1792 4307 s
1807 4268 1880 4306 'us
1897 4269 2081 4320 passus
2103 4262 2175 4306 est
2201 4267 2294 4321 pro
2314 4251 2478 4316 nobis,
2497 4249 2634 4303 vobis
2652 4247 2946 4315 relinquens
2960 4241 3274 4311 exeundum,
3293 4247 3349 4293 ut

1769 4347 2059 4417 sequamini
2083 4348 2298 4416 vestigia
2323 4345 2436 4415 ejus
2458 4343 2508 4411 (1
2536 4343 2677 4396 Pctr.
2707 4342 2786 4412 tt).
2815 4336 3125 4395 Ilumiliavit
3151 4335 3349 4406 quippe

1772 4454 1830 4494 se
1875 4453 1977 4509 pro
2017 4439 2202 4502 nobis,
2238 4452 2304 4492 ne
2351 4453 2449 4492 nos
2491 4451 2589 4508 pro
2613 4449 2680 4490 eo
2712 4431 2982 4489 humiliari
3012 4430 3345 4483 timeremus.

57 4523 555 4571 sacramentorum
576 4553 591 4578 ,
620 4521 674 4567 et
699 4527 886 4567 eorum
913 4513 1084 4566 solum
1112 4521 1230 4566 erat
1252 4514 1522 4580 minister,
1555 4530 1661 4568 non
1703 4540 1744 4594 υ
1771 4529 1970 4584 Factus
2000 4537 2082 4584 ρει
2129 4543 2226 4598 pro
2257 4529 2413 4583 nobis
2455 4543 2674 4598 pauper,
2722 4541 2788 4579 ne
2820 4538 2918 4578 nos
2961 4533 3223 4590 pauperes
3251 4532 3350 4586 pro

56 4605 327 4674 adiutor.
361 4605 612 4669 Christus
639 4620 768 4660 vero
812 4613 896 4659 est
943 4606 1184 4674 pontifex
1220 4604 1521 4659 futurorum
1571 4607 1666 4660 bo-

53 4711 284 4753 norum
313 4697 524 4752 illorum
544 4735 560 4762 ,
591 4697 843 4750 videlicet
882 4697 1242 4766 spiritualium
1276 4704 1330 4750 et
1365 4697 1666 4757 cmlestium

53 4805 387 4855 nouorum,
415 4805 534 4860 qua:
561 4803 656 4862 per
686 4789 882 4860 legales
929 4790 1132 4860 ﬁguras
1177 4789 1355 4844 futura
1387 4789 1669 4861 significa-

53 4887 308 4942 bantur.
335 4883 398 4936 Et
419 4863 632 4936 illorum
653 4891 738 4936 est
756 4880 1006 4936 Christus
1031 4897 1136 4934 non
1165 4881 1667 4946 tantummiuister,

53 4979 195 5032 imo
223 4986 309 5029 est
337 4985 527 5030 auctor
564 4983 619 5029 et
648 4974 890 5043 largitor.
933 4973 1052 5044 Ipse
1080 4973 1224 5028 enim
1256 4973 1524 5044 baptizat,
1557 4974 1673 5044 ipse

53 5067 307 5144 pe’ccata
354 5069 560 5133 abluit,
609 5067 725 5138 ipse
767 5068 994 5122 virtutes
1031 5068 1252 5133 tribuit,
1290 5067 1405 5138 ipse
1445 5068 1664 5137 praemia

55 5162 284 5219 reddit.
311 5161 452 5229 Quid
477 5160 668 5232 agebat
703 5159 887 5230 legalis
910 5160 1190 5228 pontifex?
1215 5159 1394 5216 Semel
1421 5161 1474 5215 in
1502 5175 1667 5228 anno,

55 5254 129 5312 in
163 5251 406 5320 septimo
451 5264 668 5318 mense,
711 5249 920 5305 scilicet
951 5251 1004 5304 in
1043 5249 1182 5306 festo
1223 5251 1628 5322 propitiationis
1653 5292 1668 5318 ,

55 5343 453 5411 sacrificabat,
478 5354 676 5399 etcum
706 5344 968 5415 sanguine
1000 5343 1219 5400 indutus
1245 5345 1667 5416 pontificalibus,

55 5436 326 5496 intrabat
356 5438 410 5491 in
441 5437 639 5494 Sancta
665 5447 1003 5502 sanctorum,
1033 5444 1090 5492 et
1131 5439 1393 5510 sanguine
1439 5439 1668 5508 pacifica

53 5529 519 5602 aspergebantur
549 5530 813 5586 interiora
838 5569 854 5595 ,
887 5539 945 5584 ut
972 5530 1362 5601 propitiaretur
1392 5532 1532 5586 Deus
1567 5545 1665 5602 po-

53 5622 212 5696 pulo
242 5636 362 5677 suo.
397 5621 489 5678 Sic
515 5637 731 5694 quoque
772 5622 1020 5677 Pontifex
1065 5624 1379 5694 pontificum
1409 5621 1669 5678 Dominus

143 5761 272 5833 (δῖ)
318 5762 470 5833 Vulg.
501 5763 654 5819 omit.
689 5775 933 5820 contactu
958 5767 1171 5820 mortui.

1773 4637 1839 4678 eo
1883 4622 1997 4676 fieri
2033 4621 2364 4675 timeremus.
2403 4620 2645 4674 Mortuus
2688 4626 2768 4672 est
2811 4630 2908 4685 pro
2938 4612 3116 4674 nobis,
3150 4625 3216 4664 ne
3251 4624 3351 4663 nos

1776 4715 1912 4770 mori
1965 4729 2062 4784 pro
2103 4729 2168 4769 eo
2213 4713 2548 4767 timeremus.
2600 4707 2916 4764 Resurrexit
2944 4721 3042 4776 pro
3074 4703 3258 4768 nobis,
3290 4712 3349 4757 ut

1776 4821 1874 4862 nos
1915 4823 2011 4876 per
2036 4823 2159 4862 eum
2200 4819 2624 4876 resurgeremus.
2656 4800 2910 4858 Ascendit
2941 4800 2993 4852 in
3029 4796 3223 4852 etclum
3243 4837 3259 4860 ,
3290 4805 3350 4850 ut

1777 4915 1874 4953 nos
1892 4914 1988 4969 per
2001 4915 2122 4954 eum
2150 4899 2200 4952 in
2225 4899 2418 4953 etelum
2445 4896 2875 4951 ascenderemus.
2901 4892 3108 4962 Itaque,
3128 4889 3347 4953 fratres,

1777 4990 1819 5044 si
1853 4989 2096 5045 volumus
2123 4988 2348 5044 exaltari
2380 5003 2501 5043 cum
2525 5001 2626 5053 eo,
2649 5001 2768 5039 cum
2798 4999 2864 5040 eo
2891 4981 3258 5038 humillemur.
3287 4979 3346 5035 Si

1775 5080 2021 5135 volmnus
2051 5080 2210 5134 ditari
2241 5095 2362 5134 cum
2389 5094 2454 5134 eo
2473 5118 2489 5144 ,
2516 5093 2636 5132 cum
2666 5091 2732 5131 eo
2775 5085 2828 5130 et
2871 5089 2969 5146 pro
2992 5089 3057 5130 eo
3085 5086 3350 5144 pauperes

1773 5176 1963 5230 simus.
1999 5173 2056 5228 Si
2084 5173 2330 5227 volumus
2359 5184 2642 5243 resurgere
2667 5184 2789 5226 cum
2813 5183 2898 5234 eo,
2926 5183 3050 5223 cum
3081 5181 3148 5222 eo
3171 5174 3228 5221 et
3251 5180 3350 5236 pro

1774 5278 1841 5318 eo
1873 5263 2188 5329 moriamur,
2222 5270 2275 5316 et
2301 5261 2347 5317 si
2374 5245 2478 5316 non
2500 5275 2685 5324 carne,
2711 5259 2900 5314 saltem
2925 5269 3126 5336 mente.
3158 5254 3353 5310 Cruci-

1778 5355 2012 5426 figantur
2040 5363 2096 5411 et
2147 5356 2451 5410 moriantur
2492 5355 2543 5408 in
2594 5354 2750 5408 nobis
2794 5351 3042 5406 carnales
3092 5347 3351 5417 concupi-

1777 5446 2030 5512 scentite,
2059 5446 2188 5501 vitia
2211 5487 2226 5512 ,
2263 5457 2317 5502 et
2351 5454 2590 5518 peccata.
2645 5444 2881 5517 Surgunt
2917 5453 2972 5500 et
3004 5449 3252 5498 crescant
3297 5441 3352 5494 in

1777 5537 1935 5594 nobis
1955 5539 2186 5595 virtutes
2201 5539 2531 5610 spirituales,
2558 5539 2681 5596 boni
2709 5553 2908 5604 mores,
2934 5545 2989 5592 et
3005 5537 3141 5591 bona
3163 5546 3353 5603 opera.

1779 5637 1838 5684 ut
1868 5630 1946 5687 sic
1975 5645 2108 5702 pure
2151 5631 2454 5702 passionem
2483 5639 2536 5689 et
2581 5627 3033 5687 resurrectionem
3061 5619 3265 5679 Christi
3296 5628 3355 5675 et

148 5832 272 5906 (58)
317 5831 467 5906 Vulg.
493 5835 646 5890 omit.
671 5835 831 5891 etiam
855 5840 1137 5892 secundum
1160 5838 1372 5909 legalem
1398 5836 1793 5892 observantiam.
