3822 6316
525 350 666 411 Ικὶδ

1550 343 1896 401 ΛυΒΕΝθΔ.
1934 372 2003 381 --
2039 335 2389 395 RADULPIII
2441 332 2789 389 ARDENTIS

3594 333 3679 389 liii

526 465 803 522 celebrare
828 472 886 519 et
930 463 1131 519 imitari
1160 476 1466 526 careamus,
1498 474 1617 529 ipso
1662 465 1985 529 prmstante,
2017 454 2109 525 qui
2140 456 2185 516 Α
2218 451 2615 508 instrucremur
2672 444 2946 516 quomodo
2993 442 3246 497 inimicos
3307 451 3499 497 nostros
3533 444 3679 502 tolerare

428 598 434 604 .
525 571 717 627 passus
734 564 821 611 est
855 569 952 625 pro
980 556 1154 620 nobis,
1198 555 1424 609 Domino
1455 563 1643 607 nostro
1692 549 1821 606 Jesu
1850 548 2112 616 Christo,

525 648 765 719 quicum
791 645 951 702 Patre
976 656 1031 702 et
1061 646 1264 716 Spiritu
1287 656 1477 700 sancto
1499 644 1630 698 vivit
1649 653 1704 698 et
1728 651 1916 714 regnat
1942 641 2109 707 Deus,

527 753 630 811 per
655 737 839 796 omnia
872 738 1067 795 saeula
1094 736 1439 793 saeculorum.
1466 737 1660 788 Amen.

1074 868 1352 926 llOMlLlA
1395 866 1577 923 XLIV.

839 1002 1090 1044 DOIINICA
1126 1001 1323 1051 QUINTA
1359 999 1426 1048 ου
1436 997 1783 1038 ΑὩΒΔΕΕΞΠΙᾹΞ
1794 1021 1806 1035 .

607 1102 753 1160 Dixit
791 1102 946 1157 Iesus
972 1099 1138 1154 turbis
1174 1097 1485 1153 Iudaeorum
1512 1105 1560 1151 et
1586 1094 1908 1165 principibus
1935 1108 2115 1147 sacer-

530 1194 710 1249 dotttnt
745 1205 764 1244 :
795 1190 926 1256 Quis
965 1204 1032 1244 ea:
1075 1188 1216 1243 vobis
1258 1197 1438 1258 arguet
1486 1202 1567 1240 me
1610 1185 1676 1240 de
1719 1183 1968 1255 peccato?
2007 1191 2112 1238 etc.

530 1281 716 1351 (Joan.
754 1282 902 1349 vm.)
926 1278 1184 1333 Dominus
1213 1293 1278 1333 ac
1308 1277 1636 1347 Redemptor
1683 1285 1888 1340 noster,
1921 1274 2117 1330 fratres

528 1371 835 1427 charissimi
853 1411 869 1437 ,
901 1370 1041 1426 sicut
1064 1384 1168 1425 non
1199 1370 1346 1424 venit
1365 1368 1465 1424 sibi
1490 1409 1506 1434 ,
1532 1369 1627 1424 sed
1655 1367 1839 1430 nobis,
1866 1368 1940 1422 ita
1968 1367 2111 1436 quod

529 1460 795 1533 pugnavit
822 1471 880 1516 et
902 1461 1046 1531 quod
1090 1460 1255 1526 vicit,
1297 1460 1556 1530 pugnavit
1594 1467 1650 1514 et
1679 1459 1807 1513 vicit
1837 1472 1941 1513 non
1972 1456 2115 1522 sibi,

529 1553 625 1609 sed
664 1554 841 1609 nobis.
872 1553 1337 1620 Quemadmodum
1367 1552 1512 1606 enim
1539 1550 1785 1607 diabolus
1808 1564 2109 1605 consueve-

531 1654 621 1701 rat
646 1644 923 1702 hominem
949 1657 1265 1714 expugnare
1291 1651 1347 1698 et
1370 1642 1603 1705 vincere,
1637 1642 1710 1696 ita
1738 1641 1985 1697 Christus
2018 1655 2115 1695 vo-

531 1738 633 1794 luit
659 1754 720 1794 se
745 1738 815 1793 ab
837 1751 902 1791 eo
927 1734 1222 1805 expugnari
1247 1742 1302 1789 et
1330 1749 1452 1788 eum
1484 1735 1721 1790 vincere.
1745 1732 2113 1788 Consueverat

2218 542 2558 599 deberemus.
2592 538 2730 593 Sunt
2763 537 2949 606 igitur,
2976 534 3175 588 fratres
3202 533 3325 595 mei,
3366 543 3554 602 quatuor
3570 540 3681 591 comi-

2220 633 2456 689 deranda
2492 630 2544 684 in
2577 629 2678 684 bac
2717 628 2973 682 lectione.
3007 625 3216 689 Primo,
3245 624 3495 691 quomodo
3518 623 3683 683 Dominus

2219 723 2454 780 inimicis
2482 711 2598 777 suis
2624 718 2814 775 oll'erat
2844 715 3338 772 reconciliationem
3366 722 3417 767 et
3454 728 3603 782 pacem.
3621 718 3679 771 Sc-

2216 817 2417 877 cuudo,
2444 812 2715 883 qtunnodo
2738 808 3163 865 conviciantium
3193 805 3514 860 contumeliis
3543 822 3686 875 respon-

2218 908 2363 961 deat.
2390 903 2591 967 Tertio,
2623 901 2896 972 quomodo
2933 883 3098 951 invidi
3131 897 3294 951 verba
3326 896 3537 950 veritatis
3566 897 3687 965 ιιρρη.

2226 1006 2367 1050 vent.
2399 993 2628 1060 Quarto,
2647 992 2918 1061 quomodo
2946 987 3388 1058 persequentium
3418 985 3579 1052 injuriis
3592 988 3691 1044 Clui-

2220 1096 2336 1143 stus
2362 1086 2539 1140 cedat.
2568 1083 2747 1137 Primo
2775 1082 2940 1152 igitur
2969 1079 3230 1133 Dominus
3247 1075 3404 1132 offert
3434 1076 3608 1132 inimicis
3622 1082 3691 1135 suis
3788 1140 3789 1151 γ

2220 1176 2714 1235 reconciliationem
2742 1185 2796 1226 et
2827 1187 3043 1243 pacem,
3078 1186 3201 1224 cum
3232 1170 3393 1222 dicit:
3427 1168 3589 1233 Quiut
3606 1173 3694 1225 totis
3788 1160 3789 1183 ³

2218 1281 2399 1342 arguet
2435 1286 2515 1324 me
2541 1268 2606 1322 de
2633 1265 2889 1335 peccato?
2923 1264 3001 1319 Ac
3038 1264 3083 1318 si
3114 1263 3361 1318 diceret:
3395 1260 3557 1330 Populo
3583 1278 3694 1326 meus,

2219 1365 2347 1435 quid
2378 1364 2477 1419 feci
2504 1360 2812 1415 tibiiautiu
2843 1373 2953 1428 quo
2977 1356 3241 1412 molestus
3266 1354 3343 1409 fui
3368 1354 3699 1425 tibilllespomlo
3788 1346 3789 1379 ³

2220 1456 2376 1520 mihi,
2407 1464 2462 1508 et
2488 1454 2530 1508 si
2560 1451 2689 1521 quid
2713 1450 2884 1506 habes
2919 1463 3088 1519 prope
3117 1461 3227 1510 me,
3259 1447 3489 1515 loquere.
3512 1444 3585 1511 Qui
3602 1461 3699 1514 qu.

2220 1550 2313 1612 rit,
2354 1547 2552 1602 fratres
2597 1544 2728 1607 mei,
2779 1543 2832 1597 in
2870 1555 2978 1609 quo
3022 1527 3247 1603 laeserit,
3298 1535 3650 1593 satisfactionem
3667 1549 3703 1593 et

2219 1639 2711 1698 reconciliationem
2741 1634 2954 1705 quaerit.
2985 1632 3044 1690 Si
3068 1633 3334 1687 veritatem
3361 1631 3490 1693 dico,
3510 1646 3625 1700 quare
3638 1648 3704 1684 non

2220 1732 2430 1788 creditis
2452 1731 2578 1784 mihi
2596 1730 2621 1782 1’
2647 1727 2810 1794 Quasi
2840 1727 3084 1781 diceret:
3121 1722 3178 1777 Si
3207 1720 3343 1776 nihil
3374 1719 3492 1774 ntali
3511 1721 3580 1775 sed
3600 1721 3705 1787 pluri-

528 1831 679 1887 enim
717 1830 962 1885 diabolus
999 1797 1284 1881 bo'minem
1317 1827 1524 1881 duobus
1568 1827 1740 1880 mod's
1782 1839 2111 1895 expugnare.
2149 1797 2369 1878 Binum
2399 1821 2522 1876 boni
2558 1820 2710 1874 vobis
2741 1817 2912 1881 facio,
2953 1830 3127 1886 quare
3168 1829 3276 1867 non
3320 1827 3411 1866 me
3444 1811 3641 1878 diligitis?
3670 1812 3706 1866 Si

532 1921 753 1985 Primo,
775 1919 1002 1975 subdola
1029 1918 1326 1974 mutatione
1344 1958 1359 1983 ,
1390 1916 1624 1974 secundo
1649 1926 1834 1986 aperta
1867 1931 2116 1986 persecu-

541 2010 713 2064 tione.
751 2007 810 2063 Si
843 2022 946 2063 uon
979 2006 1271 2077 superabat
1298 2020 1421 2059 eum
1460 2006 1512 2059 in
1535 2005 1709 2073 primo
1729 2045 1743 2068 ,
1768 2006 2118 2075 aggredieba-

536 2107 629 2153 tur
659 2112 783 2153 eum
811 2097 1049 2153 secundo
1072 2095 1342 2165 pugnandi
1374 2096 1551 2149 modo.
1580 2094 1713 2149 Cum
1747 2095 1908 2163 igitur
1930 2096 2118 2151 diabo-

537 2190 624 2245 lus
653 2188 828 2260 primo
861 2203 1115 2258 agressus
1159 2196 1304 2244 esset
1337 2186 1618 2241 Domiumu
1664 2188 1889 2242 subdola
1920 2203 2116 2258 sugge-

531 2279 737 2342 stione,
765 2285 823 2332 ttt
852 2292 974 2333 eum
1001 2277 1082 2332 vel
1108 2278 1160 2332 in
1190 2276 1336 2347 gula,
1369 2276 1450 2332 vel
1482 2276 1534 2331 in
1564 2292 1702 2331 vana
1732 2276 1919 2346 gloria,
1948 2277 2032 2332 vel
2060 2278 2113 2333 in

529 2372 788 2443 superbia
831 2370 1136 2441 deciperet,
1166 2379 1218 2426 et
1252 2371 1321 2426 ab
1354 2386 1420 2425 eo
1455 2378 1742 2439 superatus
1773 2379 1915 2425 esset
1938 2409 1951 2432 ,
1998 2380 2117 2440 post

528 2474 823 2533 aggressus
848 2469 933 2518 est
964 2470 1153 2531 aperta
1201 2459 1578 2529 persecutione
1605 2473 1728 2513 cum
1759 2459 2113 2529 impugnare,

529 2559 595 2606 ut
636 2566 797 2622 quem
839 2567 946 2607 non
989 2552 1236 2606 vicerant
1292 2550 1525 2615 blanda,
1556 2550 1832 2605 vincerent
1860 2553 2016 2610 dura.
2051 2551 2117 2607 Et

528 2642 787 2712 quoniam
812 2643 1143 2712 persecutio,
1172 2657 1292 2711 quae
1322 2641 1548 2696 infertur
1573 2656 1603 2696 a
1633 2642 1948 2712 propinquis
1967 2651 2017 2698 et
2038 2642 2117 2696 fa-

529 2732 864 2798 miliaribus,
895 2734 1034 2789 solet
1068 2734 1339 2791 hominem
1388 2733 1505 2804 plus
1537 2735 1893 2802 perturbare,
1933 2749 2118 2805 perse-

534 2834 696 2883 cutus
718 2835 803 2883 est
827 2840 951 2882 eum
976 2841 1068 2897 per
1098 2826 1311 2882 Judteos
1349 2826 1682 2882 contribulos
1703 2835 1757 2882 et
1786 2828 2116 2899 consangui-

532 2932 668 2979 neos
690 2933 850 2983 suos,
880 2927 938 2973 et
975 2919 1136 2975 etiam
1179 2933 1277 2985 per
1307 2917 1627 2987 discipulum
1659 2918 2026 2974 collateralem
2053 2927 2111 2974 et

531 3010 890 3065 domesticum
950 3024 1128 3065 suum.
1190 3008 1342 3065 Unde
1397 3009 1537 3064 idem
1591 3025 1687 3079 per
1738 3010 2113 3081 Prophetam:

531 3100 706 3155 Amici
730 3100 830 3153 mei
856 3109 903 3153 et
930 3101 1155 3169 proximi
1182 3102 1279 3155 mei
1306 3101 1579 3156 adversum
1614 3118 1695 3156 me
1724 3103 2112 3174 appropinqua-

533 3201 716 3247 t-erunt
737 3199 789 3245 et
814 3199 1067 3247 steterunt
1092 3190 1263 3263 (Psal.
1299 3194 1526 3263 xxxv").
1559 3193 1624 3248 Et
1650 3194 1774 3249 alibi
1801 3208 1816 3248 :
1847 3194 1906 3250 Si
1932 3195 2116 3249 inimi-

529 3301 628 3341 cus
666 3303 811 3342 meus
840 3288 1192 3343 maledixisset
1225 3288 1386 3353 mihi,
1432 3289 1794 3342 sustinuissent
1824 3290 2022 3356 utique.
2051 3289 2119 3344 Et

530 3376 580 3432 si
610 3377 657 3432 is
681 3377 771 3447 qui
792 3378 979 3431 oderat
1006 3394 1087 3432 me
1105 3417 1120 3442 ,
1144 3394 1301 3447 super
1338 3394 1418 3431 me
1454 3394 1643 3448 magna
1672 3377 1877 3434 locutus
1902 3379 2084 3449 fuisset
2101 3420 2117 3445 ,

532 3468 928 3524 abscondissem
965 3485 1046 3524 me
1076 3469 1298 3538 forsitan
1327 3470 1392 3524 ab
1422 3485 1501 3524 eo.
1546 3468 1622 3523 Tu
1653 3487 1768 3525 vero
1799 3472 1953 3526 homo
1982 3489 2118 3527 una-

533 3559 721 3625 nimis,
749 3562 859 3616 dua:
897 3576 1042 3617 meus
1086 3570 1135 3641 et
1174 3572 1328 3616 notus
1360 3577 1539 3627 meus,
1583 3562 1674 3632 qui
1719 3562 1875 3616 simul
1922 3580 2118 3618 mecum

532 3650 714 3706 dulces
733 3653 972 3722 cupiebas
992 3653 1132 3707 cibos
1155 3651 1328 3724 (Psal.
1353 3654 1487 3723 Liv).
1512 3653 1576 3707 Et
1597 3653 1724 3733 alibi
1747 3667 1764 3707 :
1784 3652 1956 3708 Homo
1976 3657 2121 3724 pacis

533 3758 663 3798 mete
684 3744 740 3798 in
757 3761 858 3813 quo
880 3744 1173 3814 sperabam,
1194 3745 1282 3814 qui
1304 3744 1485 3799 edebat
1506 3762 1664 3814 panes
1688 3762 1848 3813 uteos,
1872 3749 2119 3817 magniﬁ-

532 3835 668 3889 carit
698 3851 856 3905 super
885 3852 963 3890 nte
995 3836 1468 3907 supplantationem
1501 3834 1677 3905 (Psal.
1701 3837 1813 3906 xc).
1840 3836 1913 3890 Illi
1938 3851 2067 3907 ergo
2087 3852 2119 3892 a

533 3923 750 3980 diabolo
779 3924 1062 3997 instigati,
1094 3925 1364 3995 persecuti
1395 3932 1522 3981 sunt
1564 3925 1840 3980 Christum
1883 3927 2119 3981 retribu-

535 4011 686 4069 tiOne
714 4028 819 4084 qua
867 4013 1010 4070 nulla
1041 4024 1125 4071 est
1156 4015 1322 4084 pejor.
1353 4013 1424 4068 At
1453 4014 1698 4070 Christus
1725 4016 2003 4082 respondit
2041 4016 2120 4071 eis

535 4103 895 4160 retributione
910 4121 1014 4176 qtta
1036 4106 1177 4162 nulla
1196 4117 1277 4162 est
1297 4107 1505 4161 melior.
1524 4106 1766 4174 Quatuor
1781 4106 1977 4177 quippe
1992 4116 2120 4163 sunt

535 4194 923 4253 retributiones
947 4215 960 4253 :
986 4197 1232 4256 Reddere
1254 4200 1451 4257 bonum
1474 4218 1574 4273 pro
1597 4204 1761 4272 malo,
1783 4206 2007 4262 reddere
2028 4207 2119 4263 bo-

535 4300 665 4341 num
694 4301 794 4356 pro
836 4289 1014 4354 bono,
1054 4291 1280 4347 reddere
1311 4292 1509 4349 malum
1541 4310 1639 4365 pro
1685 4296 1861 4360 malo,
1893 4297 2117 4352 reddere

538 4376 740 4433 malum
774 4394 870 4442 pro
911 4384 1076 4438 bono.
1107 4382 1285 4439 Prima
1326 4384 1489 4456 igitur
1513 4396 1600 4441 est
1633 4388 1787 4444 valde
1831 4388 2113 4444 honorum.

2220 1917 2355 1973 nihil
2405 1915 2546 1978 falsi,
2590 1914 2683 1968 sed
2713 1925 2927 1981 semper
2958 1911 3243 1964 veritatem
3270 1906 3425 1960 vobis
3449 1915 3494 1960 et
3519 1921 3590 1974 pro
3611 1907 3707 1960 vobis

2220 2012 2363 2072 dico,
2395 2024 2564 2076 quare
2598 2022 2702 2060 non
2726 2004 2954 2058 creditis
2993 2001 3161 2057 mihi?
3187 2000 3244 2054 In
3281 2015 3421 2068 quos
3444 2014 3529 2053 nos
3550 2000 3709 2059 instruit,

2219 2111 2280 2157 ut
2300 2102 2380 2156 eis
2405 2100 2496 2169 qui
2538 2097 2698 2153 nobis
2733 2097 3006 2159 invident,
3036 2108 3135 2147 nos
3171 2092 3367 2147 odiunt
3390 2100 3443 2145 et
3478 2105 3711 2160 persequnn-

2224 2204 2332 2256 tur,
2364 2206 2551 2261 pacem
2579 2200 2634 2244 et
2678 2188 3165 2243 reconciliationem
3221 2184 3526 2248 habeamus,
3547 2198 3714 2250 quaren-

2222 2295 2304 2340 tes
2330 2284 2400 2338 ab
2439 2283 2522 2337 eis
2551 2281 2604 2334 in
2649 2296 2758 2348 quo
2793 2294 2887 2332 eos
2919 2277 3239 2333 laeserimus.
3268 2274 3423 2341 Quod
3447 2274 3488 2327 si
3514 2274 3553 2325 in
3575 2273 3711 2339 almus,

2219 2377 2303 2431 eis
2335 2390 2458 2431 cum
2490 2372 2794 2427 humilitate
2833 2368 3256 2424 satisfaciamus.
3304 2367 3364 2420 Si
3404 2382 3517 2421 vero
3541 2365 3713 2428 inunita,

2220 2467 2303 2523 eis
2330 2480 2570 2520 amorem
2613 2473 2670 2519 et
2694 2462 3018 2531 obsequium
3062 2457 3384 2521 oll‘cramus,
3412 2466 3461 2512 et
3486 2472 3567 2511 nos
3588 2472 3713 2509 conus

2212 2558 2420 2614 bonum
2463 2565 2519 2610 et
2554 2553 2689 2611 velle
2712 2563 2768 2609 et
2804 2566 3050 2621 quaerere
3080 2549 3451 2606 ostendamus.
3494 2546 3576 2614 Qui
3602 2547 3715 2602 sian-

2212 2649 2418 2705 dierint
2450 2645 2794 2710 nos,.lucrati
2824 2645 3030 2698 erimus
3058 2642 3258 2697 fratres
3281 2651 3511 2695 nostros.
3543 2641 3718 2709 κεκερτο-

2218 2740 2305 2796 cul
2322 2739 2485 2795 dubio
2508 2738 2685 2808 magni
2711 2736 2886 2791 meriti
2910 2735 3049 2805 apud
3072 2736 3265 2789 Deum.
3286 2732 3367 2789 Ne
3388 2734 3555 2796 simus,
3574 2731 3721 2793 fratres,

2219 2832 2286 2889 de
2312 2845 2536 2886 numero
2565 2829 2779 2884 illorum
2803 2829 2893 2899 qui
2932 2838 3090 2895 turpe
3113 2835 3311 2895 putant
3339 2841 3401 2881 se
3432 2825 3718 2880 inimicissnis

2221 2921 2530 2985 humiliare,
2570 2929 2627 2976 et
2664 2934 2852 2976 eorum
2896 2933 3086 2989 pacem
3131 2932 3411 2986 quaerere,
3446 2915 3628 2985 injurias
3655 2914 3725 2968 sibi

2220 3013 2400 3069 illatas
2420 3012 2863 3083 gratulilicantes,
2894 3020 2949 3067 ct
2978 3025 3116 3080 quas
3144 3009 3442 3064 intulerunt
3479 3007 3723 3077 parvitiran.

2220 3114 2325 3170 tes,
2374 3105 2675 3176 praesertim
2708 3118 2832 3158 cum
2867 3104 2979 3158 Rex
3023 3116 3209 3172 regum
3249 3110 3307 3156 et
3346 3101 3583 3154 Dominus
3610 3098 3728 3152 domi—

2223 3199 2492 3262 nantium,
2541 3210 2730 3266 pacem
2766 3194 3054 3263 impiorum
3102 3207 3391 3248 servorum
3429 3190 3671 3259 qtuesierit,
3695 3198 3730 3241 et

2223 3290 2305 3347 eis
2332 3305 2393 3345 se
2429 3287 2819 3344 humiliaverit.
2851 3286 2953 3353 Qui
2994 3301 3118 3341 cum
3149 3285 3302 3355 pacis
3340 3286 3471 3340 bona
3498 3292 3730 3338 mittemus-

2223 3390 2362 3445 rent,
2399 3380 2537 3435 dixit
2576 3379 2696 3434 eis:
2741 3379 2846 3445 Qui
2892 3393 2959 3432 ea:
3006 3377 3115 3431 Deo
3140 3387 3242 3441 est,
3287 3377 3442 3430 verba
3487 3375 3568 3428 Dei
3606 3373 3730 3431 cndu;

2222 3483 2491 3543 propterea
2518 3488 2606 3526 vos
2638 3488 2742 3525 non
2769 3470 2990 3532 auditis,
3013 3468 3143 3535 quia
3178 3483 3247 3521 ea:
3274 3466 3384 3521 Deo
3409 3483 3503 3519 non
3525 3465 3642 3518 estis.
3664 3461 3733 3514 Nus

2222 3579 2456 3634 quoque,
2501 3564 2719 3626 fratres,
2749 3560 2989 3617 inimicis
3027 3561 3236 3616 nostris
3263 3568 3499 3613 nostram
3526 3570 3676 3625 pacem
3703 3563 3735 3604 et

2222 3652 2645 3708 satisfactionem
2679 3651 3057 3723 respuentibus
3081 3661 3136 3704 et
3161 3650 3576 3721 exspuentibus,
3607 3646 3734 3699 dicere

2222 3760 2545 3816 possumus:
2574 3744 2677 3813 Qui
2717 3760 2786 3799 ex
2816 3744 2924 3800 Deo
2964 3752 3073 3807 est,
3104 3744 3273 3803 verba
3318 3741 3465 3811 pacis
3489 3738 3645 3792 audit:
3671 3736 3737 3801 Osi

2223 3852 2351 3894 vero
2380 3838 2601 3894 verbum
2631 3838 2781 3908 pacis
2804 3837 2994 3893 audire
3023 3851 3128 3892 nou
3164 3835 3301 3895 vult,
3331 3852 3394 3889 ex
3436 3833 3537 3887 Deo
3562 3846 3647 3884 non
3669 3837 3736 3880 est.

2221 3928 2357 3985 Nam
2396 3930 2483 3985 ubi
2518 3945 2646 3999 pax,
2678 3929 2749 3983 ibi
2778 3930 2937 3991 Deus,
2966 3937 3023 3983 et
3050 3929 3167 3997 ipso
3203 3935 3458 3987 testante,
3487 3923 3617 3977 Beati

2221 4022 2331 4093 fici,
2374 4023 2622 4093 quoniam
2662 4021 2764 4090 ﬁlii
2807 4020 2905 4075 Dei
2943 4020 3272 4075 vocabuntur
3309 4017 3519 4087 (Matth.
3554 4022 3624 4083 vi.
3648 4013 3739 4079 Quit

2224 4112 2386 4181 igitur
2410 4112 2593 4181 quiex
2633 4111 2743 4166 Deo
2787 4122 2890 4177 est,
2937 4110 3103 4165 verba
3156 4110 3251 4164 Dei
3296 4110 3467 4171 aitdit,
3495 4109 3739 4170 interrogrl.

2222 4201 2420 4257 fratres
2454 4203 2579 4266 tnei,
2618 4201 2991 4270 unusquisque
3025 4202 3400 4269 semetipsum,
3430 4202 3474 4254 si
3506 4198 3656 4252 verba
3683 4194 3740 4247 Dei

2220 4307 2316 4349 ore
2338 4295 2518 4349 cordis
2545 4293 2717 4356 audit,
2751 4292 2803 4346 id
2832 4302 2918 4346 est
2944 4293 2988 4347 si
3030 4292 3253 4357 retinet,
3293 4292 3452 4353 facit,
3476 4300 3533 4344 et
3555 4301 3741 4357 persevc-

2224 4397 2330 4452 rat,
2357 4397 2413 4441 et
2445 4388 2498 4441 in
2527 4402 2594 4442 eo
2623 4399 2721 4455 pro
2753 4395 2904 4440 certo
2933 4385 3215 4453 cognoscit
3236 4384 3282 4437 si
3314 4399 3380 4437 ex
3408 4384 3512 4437 Deo
3536 4384 3622 4436 sit.

536 4469 667 4526 Duae
682 4472 872 4528 mediae
894 4474 1149 4530 mediocri
1160 4486 1238 4530 ter
1253 4476 1540 4547 bonorum,
1564 4489 1618 4534 et
1641 4480 1981 4536 mediocriter
2003 4497 2118 4536 ma—
2150 4504 2193 4559 ι)
2292 4479 2551 4548 Sequitur
2574 4493 2702 4549 pars
2724 4464 2982 4541 sectinda,
3013 4476 3068 4530 in
3098 4490 3206 4543 qua
3229 4475 3473 4529 Christus
3498 4472 3741 4552 Judaeum

536 4560 735 4617 lorum.
783 4562 987 4631 Quarta
1035 4566 1191 4622 valde
1244 4568 1530 4624 malorum.
1575 4569 1755 4625 Prima
1803 4571 2004 4627 Christi
2035 4581 2118 4628 est

536 4666 868 4724 suorumque
895 4655 1289 4723 membrorum;
1320 4658 1530 4724 ultima,
1559 4659 1756 4714 diaboli
1788 4676 2118 4733 suorumque

538 4747 926 4801 membrorum.
958 4745 1093 4802 Cum
1122 4749 1305 4818 itaque
1330 4750 1581 4805 Christus
1608 4748 1822 4807 Judteos
1847 4753 2115 4825 diligeret,

538 4835 728 4904 eisque
766 4851 946 4891 veram
977 4839 1275 4893 doctrinam
1319 4850 1374 4895 et
1401 4841 1564 4895 vitam
1589 4851 1847 4899 aeternam
1877 4846 2116 4912 oﬂ’erret,

539 4926 615 4981 illi
638 4934 859 4982 econtra
885 4929 934 4982 ei
967 4928 1259 4984 reddebant
1283 4932 1463 4987 odium
1495 4948 1592 5003 prs
1620 4934 1927 5002 dilectione,
1955 4937 2122 4993 male-

539 5020 742 5076 dictum
764 5038 860 5093 pro
879 5022 1182 5086 benedicto,
1201 5035 1426 5081 mortem
1446 5043 1542 5096 pro
1559 5028 1691 5082 vita.
1713 5027 1866 5086 Unde
1887 5032 2001 5100 ipse
2023 5047 2120 5102 per

538 5112 906 5184 Prophetam:
945 5111 1274 5181 Posuerunt,
1309 5117 1507 5188 inquit,
1547 5120 1821 5175 adversum
1850 5138 1931 5176 me
1976 5125 2118 5178 mala

539 5221 634 5275 pro
659 5206 806 5259 bonis
826 5244 842 5271 ,
871 5215 920 5259 et
955 5205 1134 5259 odium
1159 5223 1253 5275 pro
1281 5208 1555 5267 dilectione
1582 5228 1695 5266 mea
1737 5210 1911 5283 (l’sal.
1940 5213 2115 5286 cvm).

542 5296 611 5349 Et
648 5294 778 5350 alibi
812 5310 827 5348 :
861 5293 966 5359 Qui
997 5296 1288 5352 retribuunt
1316 5300 1457 5355 mala
1485 5318 1580 5371 pro
1609 5303 1756 5356 bonis
1779 5304 2119 5359 detrahebant

541 5388 670 5441 milii
712 5385 884 5459 (Psal.
924 5392 1153 5460 xxxvu).
1196 5393 1261 5448 Et
1302 5394 1500 5464 quare?
1542 5394 1805 5460 Quoniam
1858 5396 2115 5465 sequebar

543 5480 827 5547 bonitaum
881 5482 1093 5554 (ibid).
1144 5487 1328 5558 Itaque
1370 5503 1493 5545 cum
1536 5486 1615 5543 sic
1664 5495 2120 5557 persequerentur

542 5571 818 5629 Christum
859 5574 1052 5643 Jtda'i,
1084 5578 1201 5649 ipse
1228 5594 1324 5650 per
1353 5580 1533 5636 omnia
1577 5579 1826 5636 exhibuit
1850 5580 1931 5634 eis
1957 5579 2122 5634 mise-

546 5664 832 5722 ricordiam
856 5677 910 5723 et
935 5670 1423 5735 mansuetudinem,
1452 5681 1509 5726 ut
1526 5671 1601 5724 illi
1633 5670 1831 5724 nullam
1857 5669 2119 5726 haberent

544 5769 658 5814 sua:
694 5759 1024 5817 inﬁdelitatis
1059 5763 1484 5843 excusationem,
1514 5772 1569 5819 et
1604 5778 1699 5820 nos
1738 5762 1981 5834 exemplo
2006 5762 2119 5832 ejus

2220 4571 2565 4628 contumeliis
2613 4569 2847 4637 benigne
2913 4568 3223 4638 respondet.
3272 4565 3441 4619 .ludtei
3492 4565 3670 4634 quippe
3702 4558 3741 4607 th:

2218 4664 2399 4721 oblata
2424 4676 2557 4732 pace
2600 4670 2654 4717 et
2680 4659 3023 4716 correctione
3070 4655 3285 4726 pejores
3310 4655 3508 4720 eli‘ccti,
3534 4660 3742 4705 emrtua»

2221 4757 2346 4812 liatn
2383 4754 2799 4824 responderunt.
2855 4750 3064 4812 Nonne,
3114 4749 3385 4818 inquiunt,
3414 4748 3537 4800 ὺεηι
3575 4742 3741 4795 dicina:

2221 4862 2353 4902 nos:
2379 4845 2520 4911 Quia
2566 4842 2934 4899 Samaritanus
2978 4858 3032 4896 es
3077 4852 3132 4895 tu
3165 4852 3212 4894 et
3256 4840 3571 4892 demoniac:
3603 4827 3745 4885 habet?

2219 4938 2357 5005 Heu,
2397 4953 2561 5008 quam
2601 4950 2854 5006 perverse
2894 4934 3057 4990 locuti
3091 4932 3249 4987 sunt!
3296 4930 3406 4996 Sic,
3442 4930 3629 4981 fratris
3657 4920 3742 4977 πελά»

2220 5032 2302 5087 sic
2325 5031 2529 5086 faciunt
2553 5044 2768 5099 semper
2790 5027 2915 5082 tnali
2949 5026 3127 5091 bouis,
3158 5040 3257 5095 pro
3278 5022 3553 5078 benedicta
3572 5016 3743 5070 reditu“

2220 5124 2602 5186 maledictum,
2665 5136 2764 5190 pro
2828 5119 3169 5175 correctione
3230 5113 3626 5171 contumeliam.
3675 5103 3743 5155 Sed

2220 5217 2509 5271 audiamus
2565 5228 2727 5282 quam
2788 5220 3074 5265 mansuete
3128 5210 3209 5264 eis
3266 5208 3523 5262 Dominus
3581 5212 3741 5267 resim-

2221 5308 2332 5372 det,
2378 5306 2510 5376 Ego,
2540 5304 2732 5373 inquit,
2761 5302 3084 5357 dwmonium
3114 5317 3220 5355 non
3244 5300 3423 5353 habeo.
3455 5296 3573 5350 Duo
3599 5288 3741 5357 Quini

2221 5398 2271 5455 ei
2316 5396 2525 5466 objecta
2576 5394 2793 5450 fuerant
2830 5412 2843 5447 :
2884 5393 3115 5448 alterum
3162 5401 3324 5462 negat
3360 5405 3417 5444 se
3468 5380 3736 5440 armenias

2221 5493 2445 5559 habere,
2468 5489 2695 5545 alterum
2728 5487 2953 5543 tacemlo
2986 5486 3234 5541 concedit
3255 5528 3271 5552 ,
3325 5482 3569 5537 videlicet
3590 5489 3641 5530 se
3663 5482 3736 5523 me

2223 5581 2664 5641 Samaritanum,
2711 5575 3087 5633 Samaritanus
3128 5588 3359 5642 namque
3404 5579 3578 5624 custos
3620 5565 3732 5613 inter-

2222 5680 2489 5742 pretatur.
2520 5668 2777 5724 Dominus
2822 5675 3004 5721 autem
3036 5674 3220 5720 custos
3259 5663 3543 5718 electorum
3573 5656 3723 5742 sum!

2221 5740 2306 5821 est
2329 5803 2344 5831 ,
2379 5764 2464 5835 qui
2507 5779 2609 5817 non
2653 5759 2958 5816 dormitabit
2995 5774 3159 5828 neque
3183 5765 3394 5811 aonmet
3419 5748 3589 5821 (Paul.
3626 5740 3725 5797 cui.
