3826 6338
84 387 207 441 1995

880 379 1184 440 HOMlthE
1225 379 1290 434 IN
1333 372 1552 434 EPIST.
1587 368 1632 426 Ε

1735 372 1971 433 ΞνΛΝΟ.
2025 373 2322 433 DOMINIC.
2344 407 2414 418 —
2443 376 2622 434 PARS
2653 377 2693 432 l.

3203 367 3334 429 1826

77 504 195 555 tium
244 507 416 551 autem
451 496 529 549 eis
581 495 846 550 veraciter
896 495 1221 564 respondere
1267 500 1486 562 posset:
1528 483 1642 541 Non
1674 487 1716 546 Α
1747 496 1968 553 mterna,
2003 487 2105 557 ipsi
2129 489 2510 554 depravantes,
2543 487 2611 541 de
2636 494 2814 540 morte
2861 481 3124 555 corporali
3160 482 3331 538 inter

77 606 182 659 ego,
214 588 304 643 sed
337 601 431 638 vos
463 586 672 640 habetis
715 587 1036 640 da:monium
1067 627 1083 648 ,
1119 583 1316 647 noluit,
1360 597 1424 635 ne
1452 588 1643 636 contu-

75 680 272 734 meliaut
316 692 413 744 pro
449 677 773 730 contumelia
817 677 1040 730 reddere
1079 675 1372 728 videretur.
1407 673 1459 725 In
1495 686 1640 741 quo,

77 768 260 821 fratres
282 765 384 818 mei
410 805 425 828 ,
453 765 700 834 exemplo
749 781 846 818 suo
870 780 968 818 nos
991 763 1168 818 docuit
1199 803 1211 828 ,
1245 778 1310 815 ne
1363 759 1640 830 provocati

72 861 132 912 ab
152 858 326 925 aliquo
353 855 770 920 c0ntuutelioso,
811 866 936 910 tunc
958 857 1006 910 ei
1037 854 1223 908 vitium
1257 870 1411 906 suum
1441 867 1639 920 expro-

73 951 294 1003 bremus.
326 947 593 1015 Quoniam
625 949 712 1016 qui
747 948 836 1002 alii
863 949 930 1000 ob
963 949 1095 1001 iram
1121 956 1184 1013 et
1210 947 1501 1000 vindictam
1530 943 1637 998 cri-

69 1055 180 1096 men
218 1055 371 1094 suum
408 1038 614 1106 objicit,
647 1040 748 1092 etsi
779 1041 848 1093 sit
876 1055 1056 1092 verum
1087 1079 1101 1100 ,
1137 1047 1316 1090 tamen
1350 1037 1476 1090 illud
1533 1050 1637 1090 non

70 1147 207 1193 vere,
240 1130 288 1184 id
312 1141 398 1185 est
428 1129 658 1198 simplici
690 1131 988 1184 intentione
1027 1130 1158 1183 dicit
1185 1171 1196 1186 .
1226 1139 1278 1182 et
1317 1128 1436 1181 ideo
1480 1141 1640 1181 verus

71 1239 162 1275 non
194 1228 368 1289 potest
399 1222 528 1287 diei,
559 1223 653 1276 sed
704 1224 882 1292 potius
933 1221 1112 1275 falsus.
1146 1220 1244 1287 Qui
1295 1229 1470 1272 autem
1525 1217 1639 1272 vult

67 1315 213 1364 alium
239 1313 303 1367 de
333 1313 466 1368 vitio
495 1328 594 1366 suo
642 1313 914 1383 corrigere
942 1353 955 1374 ,
986 1328 1226 1364 seorsum
1267 1321 1319 1364 et
1353 1311 1491 1364 bono
1522 1309 1638 1364 zelo

67 1417 175 1454 eum
193 1402 346 1454 debet
379 1405 728 1473 redarguere.
749 1403 916 1457 Porro
942 1404 1196 1456 Dominus
1215 1417 1272 1455 se
1301 1417 1404 1454 non
1439 1402 1636 1455 habere

67 1491 375 1545 dtemonium
409 1493 602 1560 probat
626 1509 688 1547 ex
720 1508 782 1545 eo
807 1493 948 1559 quod
981 1491 1159 1545 subdit
1187 1531 1200 1553 ,
1227 1491 1316 1543 sed
1348 1489 1635 1557 honoriﬁco

69 1582 262 1634 Patrem
285 1599 484 1647 meum,
517 1583 565 1636 ei
600 1583 856 1652 quidquid
883 1581 1021 1635 facio
1047 1581 1408 1643 attribuendo,
1438 1589 1489 1634 et
1519 1578 1635 1646 ejus

64 1673 274 1740 gloriam
319 1673 371 1726 in
419 1674 677 1728 omnibus
701 1675 1006 1742 qua‘rendo.
1040 1669 1244 1725 Diaboli
1286 1685 1410 1724 vero
1436 1679 1637 1724 ctsuo-

65 1780 170 1815 rum
199 1766 570 1818 membrorum
615 1775 692 1819 est
719 1781 930 1834 semper
951 1780 1101 1819 suam
1122 1805 1135 1827 ,
1166 1771 1219 1818 et
1256 1777 1360 1816 nou
1402 1763 1490 1816 Dei
1519 1761 1632 1832 glo-

1749 577 1943 646 pretati
1982 587 2127 631 sunt.
2163 576 2440 648 Nunquid,
2491 578 2759 648 inquiunt,
2795 587 2882 641 tu,
2912 577 3065 645 cujus
3109 576 3319 634 scilicet

1749 681 1931 720 sermo
1955 664 2085 719 facit
2107 665 2351 720 homines
2383 667 2738 732 immortales,
2766 667 2938 736 major
2958 683 3010 720 es
3048 665 3205 720 Patre
3231 683 3329 719 non

1741 768 1848 812 stro
1874 757 2162 820 Abraham,
2191 758 2279 826 qui
2308 769 2542 812 mortuus
2571 768 2670 824 est,
2715 770 2760 812 et
2791 758 3050 828 proiihetis
3067 759 3156 826 qui
3183 773 3326 812 mor-

1743 849 1819 900 tui
1876 859 1994 900 sunt
2023 847 2048 900 .9
2077 847 2369 911 subaudis,
2411 865 2642 918 quormn
2673 863 2882 911 sermo,
2921 863 3020 902 nec
3058 863 3152 903 eos
3173 889 3187 913 ,
3221 862 3322 904 nec

1741 940 1876 994 alios
1904 938 2032 992 facit
2066 939 2411 994 innnortales.
2441 942 2518 995 Ac
2543 941 2586 994 si
2614 941 2854 994 dicerent
2883 957 2896 994 :
2922 940 3056 994 Non.
3090 938 3319 1007 Invidia,

1741 1027 1938 1083 fratres
1958 1031 2407 1094 mei,exetecabat
2431 1031 2660 1096 Judteos,
2687 1045 2804 1100 qua:
2833 1045 3048 1100 semper
3078 1031 3321 1085 homines

1743 1131 2005 1186 excaecat,
2041 1135 2106 1174 ne
2142 1132 2349 1175 rectum
2393 1123 2598 1191 possint
2648 1123 2712 1176 de
2753 1136 3002 1191 persona,
3041 1122 3130 1174 cui
3182 1120 3321 1175 invi-

1740 1207 1887 1268 dent.
1919 1207 2060 1262 ferre
2106 1209 2389 1278 judicium.
2427 1209 2682 1275 Quamvis
2727 1211 2871 1264 enim
2921 1211 3208 1263 audierant
3264 1215 3320 1264 et

1739 1297 1990 1352 viderant
2021 1299 2302 1352 Dominum
2340 1299 2600 1353 ntiraeula
2629 1299 2838 1359 fecisse,
2868 1314 2986 1368 quae
3018 1314 3120 1352 non
3145 1298 3318 1351 Abra-

1739 1386 1886 1450 ham,
1917 1401 2013 1441 nec
2035 1387 2228 1456 aliquis
2257 1390 2645 1458 prephetarum
2674 1389 2888 1452 fecerit,
2911 1398 2990 1455 ut,
3015 1401 3158 1443 catco
3184 1396 3317 1442 nato

1737 1480 1924 1534 oculos
1946 1494 2159 1534 creasse
2190 1497 2204 1530 :
2232 1491 2498 1534 mortuum
2531 1482 2950 1550 quatriduanum
2975 1483 3264 1537 suscitasse
3295 1496 3316 1534 :

1735 1569 1910 1622 ventis
1936 1579 1990 1622 et
2031 1569 2166 1622 mari
2197 1569 2512 1638 imperasse,
2538 1581 2593 1622 et
2613 1584 2774 1638 super
2791 1571 2959 1626 undas
2973 1571 3278 1625 ambulasse
3295 1588 3317 1624 :

1736 1667 1913 1712 tamen
1950 1659 1997 1712 ei
2024 1659 2298 1712 Abraham
2342 1668 2398 1713 et
2445 1662 2733 1729 prophetas
2773 1662 3200 1731 prteponebant:
3243 1659 3316 1715 ob

1737 1752 1867 1806 nihil
1895 1751 2056 1815 aliud,
2100 1752 2200 1806 nisi
2228 1751 2354 1820 quia
2385 1751 2433 1806 ei
2476 1751 2812 1816 invidebant,
2865 1753 2982 1807 ideo
3030 1753 3156 1821 quia
3187 1764 3316 1808 eum

64 1854 181 1906 riam
207 1869 476 1923 qumrere,
503 1863 556 1909 ct
580 1855 679 1909 sibi
705 1855 936 1910 divinam
961 1855 1333 1908 auctoritatem
1354 1865 1628 1921 arrogare.
1664 1839 1708 1900 Β
1735 1845 2128 1912 parvum,etde
2150 1841 2472 1912 paupercula
2505 1852 2676 1897 matre
2707 1852 2911 1905 natttm,
2934 1853 2988 1898 et
3005 1857 3100 1912 per
3124 1851 3313 1898 aetates

61 1944 150 2008 Qui
182 1959 308 2012 ergo
363 1944 462 1998 Dei
511 1945 735 2015 gloriam
781 1946 830 1998 itt
863 1944 1112 2000 oumibus
1137 1943 1327 2012 quaerit
1356 1983 1372 2006 ,
1413 1956 1473 1997 se
1525 1955 1630 1995 non

61 2036 242 2090 habere
264 2036 620 2102 dannonium,
649 2053 750 2092 nec
770 2035 886 2104 ejus
906 2051 1026 2091 esse
1055 2035 1353 2088 membrum
1376 2033 1629 2087 ostendit.

60 2123 117 2177 Et
140 2142 241 2190 vos,
275 2127 478 2195 inquit,
507 2127 854 2180 inhonorastis
878 2142 979 2191 me,
1001 2126 1050 2178 in
1085 2138 1190 2193 quo
1219 2122 1503 2176 ostenditis
1534 2136 1632 2176 vos

57 2217 223 2282 potius
268 2217 602 2270 dtemoniutn
663 2217 882 2271 habere.
940 2214 1056 2285 ligo
1092 2227 1264 2268 autem
1312 2228 1414 2266 non
1451 2227 1630 2281 quicro

55 2308 262 2373 gloriam
293 2323 505 2370 meam;
530 2317 601 2361 est
628 2307 716 2376 qui
749 2314 946 2376 quierat
997 2315 1045 2358 et
1075 2303 1309 2372 judicet,
1341 2303 1392 2356 id
1421 2311 1505 2356 est
1535 2301 1632 2356 ad-

52 2396 258 2462 judieet.
289 2397 511 2451 Justum
541 2398 682 2451 enim
716 2396 807 2450 Dei
856 2395 1116 2463 judicium
1148 2401 1232 2448 est
1261 2433 1274 2456 ,
1303 2403 1358 2446 ut
1404 2391 1494 2460 qui
1521 2407 1627 2446 non

59 2504 220 2552 suam,
248 2491 341 2543 sed
371 2489 476 2543 Dei
511 2489 732 2561 gloriam
756 2489 968 2558 quatrit,
993 2503 1021 2540 a
1053 2488 1160 2541 Deo
1185 2483 1529 2556 glorilicetur.
1563 2483 1630 2538 Et

55 2583 366 2645 econtrario,
394 2581 495 2650 qui
525 2596 676 2635 suam
721 2598 826 2635 non
864 2579 952 2634 Dei
978 2579 1202 2650 gloriam
1234 2579 1426 2649 quaerit
1453 2618 1467 2641 ,
1505 2587 1630 2632 ante

55 2669 205 2723 Deum
231 2670 502 2742 inglorius
525 2684 736 2740 semper
755 2671 841 2725 sit.
864 2671 1260 2734 lliediscamus,
1285 2670 1476 2722 fratres
1499 2666 1622 2731 mei,

57 2776 261 2830 semper
287 2762 382 2816 Dei
415 2803 436 2827 ,
469 2779 572 2816 non
615 2771 856 2824 nostram
875 2762 1105 2833 gloriam
1129 2762 1180 2815 in
1208 2760 1457 2815 omnibus
1483 2773 1628 2828 quas-

51 2872 180 2922 rcre,
215 2868 266 2912 et
311 2858 464 2912 Deus
493 2867 696 2927 quamet
724 2866 778 2911 et
821 2842 1149 2924 adjudirabit
1195 2856 1348 2911 nobis
1401 2854 1628 2926 gloriam

54 2964 194 3002 sttam
220 2951 643 3019 sempiternam.
677 2948 793 3004 Non
827 2950 996 3004 solum
1027 2959 1202 3002 autem
1229 2949 1486 3003 Dominus
1520 2961 1626 3001 non

49 3039 214 3092 reddit
245 3039 666 3094 contumeliosis
708 3039 1088 3093 contumeliam
1109 3080 1123 3104 ,
1157 3039 1246 3093 sed
1276 3039 1436 3093 etiam
1468 3036 1626 3092 offert

46 3129 118 3181 eis
149 3131 462 3184 doctrinam
491 3170 505 3195 ,
537 3145 634 3185 uos
677 3131 948 3184 instruens
993 3140 1051 3184 ut
1085 3131 1154 3185 ob
1181 3130 1377 3184 nullam
1433 3136 1624 3184 contu-

45 3221 278 3287 meliam,
309 3239 340 3276 a
389 3222 787 3291 tranquillitate
845 3221 1040 3275 mentis
1063 3231 1258 3275 nostra:
1289 3234 1627 3275 commovea-

44 3328 198 3380 mur,
236 3316 334 3368 sed
387 3315 713 3369 (:haritatem
742 3324 793 3368 ct
837 3315 1296 3368 mansuetudinem
1350 3322 1630 3368 servantes

41 3403 430 3460 inconcussam
455 3449 470 3473 ,
501 3407 662 3461 etiam
703 3407 856 3460 nobis
886 3405 1238 3461 contumelias
1277 3404 1628 3459 inferentibus

45 3499 452 3551 correctionem
491 3506 545 3550 et
583 3497 882 3550 doctrinam
925 3496 1216 3550 offeramus
1247 3513 1259 3549 :
1293 3496 1382 3548 Ait
1417 3495 1626 3564 igitur:

36 3587 222 3653 Amen,
246 3605 410 3642 auten
442 3589 558 3641 dico
587 3590 756 3650 vobis,
791 3589 835 3641 si
873 3590 986 3657 quis
1018 3603 1304 3640 sermonem
1327 3600 1495 3638 meum
1518 3599 1628 3638 ser-

36 3680 249 3746 caverit,
271 3691 500 3734 mortem
525 3697 626 3733 non
655 3679 838 3734 videbit
869 3678 920 3730 in
954 3688 1225 3732 attentum.
1246 3675 1350 3732 Sed
1373 3677 1506 3731 sicut
1533 3675 1628 3730 bo-

36 3768 88 3820 ni
117 3769 184 3822 de
210 3779 447 3838 accepta
493 3768 816 3822 contumelia
862 3768 992 3821 ﬁunt
1024 3768 1272 3830 meliores
1293 3807 1308 3831 ,
1362 3766 1436 3820 ita
1468 3780 1626 3820 econ-

36 3859 205 3913 trario
234 3859 371 3914 mali
425 3861 490 3912 de
521 3875 737 3929 accepta
765 3862 1008 3914 doctrina
1055 3859 1184 3912 fiunt
1214 3859 1446 3928 pejores.
1473 3855 1624 3912 Unde

35 3961 82 4005 et
110 3953 376 4007 subditur
411 3968 425 4004 :
462 3950 857 4021 Responderunt
879 3968 1000 4022 ergo
1025 3953 1071 4005 ei
1101 3951 1280 4025 Jttda'i
1309 3967 1327 4005 :
1366 3949 1520 4003 Nunc
1544 3965 1629 4002 co-

35 4047 313 4112 gnovimus
342 4046 476 4116 quia
495 4046 810 4098 da'mouium
837 4047 1013 4099 habes.
1045 4043 1136 4096 Est
1163 4053 1341 4097 autem
1369 4044 1481 4097 lttec
1503 4056 1628 4112 pars

35 4137 189 4190 tertia
224 4177 240 4200 ,
282 4137 338 4190 in
370 4151 480 4205 qua
511 4135 678 4190 Judaei
712 4136 964 4190 malitiosi
993 4175 1008 4201 ,
1043 4134 1180 4188 bona
1222 4133 1429 4188 Domini
1464 4132 1626 4186 verba

35 4227 263 4282 sinistro
297 4229 607 4296 depravattt
637 4227 911 4281 intellectu
940 4268 955 4292 ,
993 4241 1114 4280 cum
1154 4225 1428 4279 subdunt:
1463 4224 1631 4277 Abra-

35 4319 149 4371 ltam
198 4328 252 4372 et
300 4319 572 4387 prapbette
597 4319 793 4372 mortui
823 4328 942 4371 sunt
969 4359 984 4382 ,
1011 4329 1057 4372 et
1089 4330 1145 4371 tu
1185 4319 1314 4371 dicis
1346 4335 1364 4371 :
1397 4315 1534 4382 Quia
1584 4317 1644 4386 si.

35 4410 142 4477 tuis
171 4425 486 4464 sermonem
510 4425 676 4463 meum
701 4411 1014 4476 servaverit,
1046 4418 1264 4463 mortem
1296 4425 1398 4462 non
1443 4406 1628 4462 ridebit

1735 1947 1856 1988 eum
1892 1935 2198 1989 excrevisse
2227 1934 2496 1990 viderant.
2524 1932 2762 2000 Quorum
2796 1933 2955 1988 hodie
2988 1943 3112 1987 sunt
3158 1935 3316 1988 simi-

1733 2021 1830 2087 les,
1869 2022 1960 2091 qui
2014 2036 2328 2090 coazquevos
2368 2031 2423 2075 et
2450 2031 2936 2090 contemporaneos
2979 2034 3106 2074 suos
3137 2034 3314 2089 quan-

1735 2120 2060 2180 tumcunque
2076 2113 2244 2166 bonos
2259 2112 2580 2181 despiciunt,
2598 2121 2650 2166 et
2665 2127 2758 2166 eos
2787 2111 3178 2180 antiquioribus
3206 2125 3318 2164 non

1732 2219 1892 2273 posse
1925 2205 2124 2273 aequari
2171 2203 2522 2266 contendunt,
2557 2219 2679 2257 cum
2727 2217 2970 2256 summus
3016 2213 3209 2254 auctor
3254 2202 3310 2255 in

1731 2297 1878 2350 omni
1912 2303 2154 2366 tempore
2204 2309 2358 2364 aequa
2411 2295 2549 2349 bona
2579 2294 2751 2362 possit
2780 2293 3012 2362 operari.
3043 2290 3208 2355 Quem
3237 2300 3312 2354 te,

1732 2388 2001 2456 inquiunt,
2023 2387 2197 2456 facis?
2226 2386 2316 2439 llle
2345 2399 2404 2440 se
2434 2387 2606 2455 ipsum
2634 2399 2886 2451 magnum
2912 2383 3056 2448 facit,
3084 2383 3174 2450 qui
3201 2383 3310 2434 vir-

1741 2485 1911 2532 tutem
1959 2491 2120 2546 quam
2172 2491 2276 2530 non
2306 2476 2491 2540 habet,
2536 2474 2637 2529 sibi
2685 2473 2818 2528 falso
2870 2473 3138 2537 attribuit,
3169 2473 3314 2527 sicut

1732 2567 1938 2623 faciunt
1966 2567 2279 2638 hypocrita}.

1802 2679 2092 2750 Propterea
2120 2679 2357 2733 ostendit
2389 2677 2649 2732 Dominus
2675 2692 2732 2732 se
2762 2693 2866 2731 non
2899 2684 3071 2730 semet
3098 2672 3308 2743 gloriﬁ-

1729 2788 1875 2840 care,
1899 2783 1952 2827 et
1977 2782 2155 2826 tamen
2186 2786 2244 2824 se
2271 2785 2456 2824 veram
2487 2771 2931 2838 glorificationem
2961 2782 2990 2819 a
3020 2766 3176 2821 Patre
3210 2768 3307 2820 ha-

1728 2865 1878 2929 bere,
1934 2878 2056 2919 cum
2106 2862 2391 2932 respondet
2420 2877 2439 2916 :
2468 2861 2526 2915 Si
2559 2877 2684 2931 ego,
2717 2861 2908 2928 inquit,
2953 2858 3186 2929 glori/ica
3223 2873 3310 2911 me

1728 2957 1918 3027 ipsum,
1944 2955 2111 3026 gloria
2154 2970 2266 3008 mea
2315 2952 2444 3006 nihil
2471 2964 2564 3006 est.
2609 2951 2702 3006 Est
2744 2951 2902 3004 Pater
2932 2950 3022 3020 qui
3048 2942 3306 3019 gloriﬁcat

1728 3063 1827 3112 me,
1880 3056 1984 3102 etc.
2025 3045 2270 3115 Seipsum
2308 3045 2596 3114 glorilicat,
2630 3042 2823 3098 fratres
2845 3042 2945 3096 mei
2975 3081 2990 3106 ,
3044 3039 3134 3110 qui
3193 3037 3308 3108 glo-

1729 3142 1864 3196 riam
1892 3156 2042 3196 suam
2095 3139 2288 3208 quierit
2337 3154 2441 3194 non
2475 3139 2564 3194 Dei
2599 3155 2614 3193 :
2665 3137 2817 3206 cujus
2863 3135 3104 3206 profecto
3133 3132 3305 3202 gloria

1731 3231 1860 3287 nihil
1898 3244 1999 3288 est.
2029 3231 2277 3286 Christus
2309 3240 2488 3283 autem
2532 3231 2766 3300 seipsum
2816 3244 2921 3282 non
2958 3225 3306 3298 glorificavit,

1729 3321 1852 3391 quia
1887 3337 1992 3375 non
2025 3336 2200 3384 suam,
2230 3321 2324 3375 sed
2357 3319 2532 3373 Patris
2559 3319 2780 3389 gloriam
2805 3317 2856 3370 in
2882 3317 3130 3371 omnibus
3153 3327 3304 3382 qua-

1730 3413 1855 3467 sivit
1893 3430 1906 3465 :
1942 3420 1996 3466 et
2053 3413 2174 3466 ideo
2220 3412 2288 3465 ab
2337 3427 2451 3482 lpSO
2481 3409 2765 3482 glorificari
2803 3409 3016 3462 meruit.
3061 3403 3213 3459 Unde
3247 3410 3304 3459 et

1729 3501 1928 3567 subdit,
1957 3500 2047 3555 Est
2089 3499 2254 3554 Pater
2271 3501 2361 3571 qui
2389 3500 2645 3571 glori/ica!
2670 3514 2768 3552 me.
2802 3499 3077 3552 Discamus
3106 3505 3160 3548 et
3183 3507 3303 3561 nos,

1729 3589 1945 3654 fratres,
1973 3591 2026 3643 in
2050 3590 2467 3647 omnibusbouis
2495 3605 2612 3658 qua:
2631 3588 2912 3652 sentimus,
2943 3587 3195 3649 dicimus,
3218 3582 3305 3640 vel

1729 3683 1978 3748 facimus,
2009 3699 2114 3736 non
2141 3693 2322 3737 nostra
2337 3698 2408 3745 m,
2443 3684 2536 3737 sed
2565 3683 2656 3736 Dei
2682 3681 2905 3749 gloriam
2933 3691 3204 3747 quicrere,
3244 3686 3306 3732 ut

1729 3775 1798 3829 ab
1835 3774 1953 3842 ipso
1980 3774 2269 3844 gloriﬁcari
2300 3787 2622 3827 mereamur.
2659 3770 2822 3834 Quem
2850 3785 2960 3833 vos,
2993 3768 3184 3836 inquit,
3219 3768 3305 3821 di-

1729 3867 1864 3930 citis,
1897 3866 2021 3936 quia
2075 3863 2210 3919 Deus
2241 3875 2406 3918 vester
2445 3873 2539 3927 est,
2571 3861 2658 3915 sed
2701 3875 2803 3913 non
2829 3856 3306 3927 cagnovistis'eum.

1711 3950 1901 4010 'Deum
1933 3956 2148 4010 Patrem
2184 3971 2287 4010 non
2333 3961 2724 4026 cognoverunt,
2772 3949 2893 4018 quia
2938 3962 3060 4002 eum
3106 3947 3314 4002 habere

1729 4047 1920 4104 Filium
1953 4063 2058 4102 non
2081 4047 2445 4104 crediderunt.
2469 4045 2568 4112 Qui
2590 4045 2732 4100 enim
2767 4042 2956 4098 Filium
2987 4039 3220 4111 ignorat,
3250 4049 3310 4092 et

1731 4137 1942 4192 Patrem
1973 4138 2140 4193 Deum
2167 4137 2330 4192 etiam
2388 4137 2628 4208 ignorat,
2656 4135 2746 4204 qui
2778 4130 3020 4203 reprobis
3051 4128 3313 4200 operibus

1730 4246 1789 4286 se
1815 4245 1936 4286 eum
1962 4231 2214 4301 ignorare
2243 4230 2595 4284 demonstrat.
2616 4225 2990 4294 Quales,unde
3018 4220 3314 4278 dolendum.

1731 4330 1837 4388 est,
1867 4332 1992 4377 sunt
2025 4323 2184 4378 hodie
2214 4321 2366 4375 multi
2391 4320 2511 4374 falsi
2558 4317 2877 4381 Christiani,
2897 4315 2986 4386 qui
3023 4313 3210 4368 dicunt
3232 4311 3306 4366 de

1736 4411 1866 4478 Deo,
1913 4412 2038 4482 quia
2075 4412 2215 4467 Deus
2246 4419 2433 4465 noster
2461 4420 2542 4465 est
2572 4426 2588 4462 :
2615 4418 2669 4464 et
2707 4418 2885 4462 tamen
2925 4419 3049 4459 eum
3081 4418 3187 4458 non
3217 4415 3314 4455 eoo

35 4500 78 4551 ῖη
106 4511 385 4553 αιιετηηηι
423 4498 534 4563 Sic,
571 4500 762 4555 fratres
793 4503 896 4556 mei
926 4542 939 4566 ,
967 4501 1049 4555 sic
1073 4507 1468 4554 consueverunt
1516 4512 1629 4550 ma-
1656 4513 1708 4574 υ
1736 4510 2061 4572 gnoverunt,
2095 4501 2219 4556 dum
2247 4515 2304 4556 se
2341 4501 2668 4554 voluntatem
2709 4498 2800 4553 Dei
2845 4498 3098 4566 ignorare
3126 4490 3308 4560 pravis

43 4592 194 4646 itiosi
257 4591 542 4660 justorum
593 4593 732 4646 dicta
775 4594 1070 4662 depravare
1101 4633 1116 4656 ,
1141 4599 1196 4644 et
1245 4590 1386 4660 quod
1410 4589 1546 4643 bene
1575 4596 1631 4643 et

36 4697 170 4736 Jona
214 4683 534 4737 intentione
563 4683 763 4738 dictum
796 4692 916 4750 est,
964 4685 1016 4737 in
1047 4683 1367 4738 deteriorem
1422 4688 1630 4749 partem

44 4773 412 4842 nterpretari
432 4812 448 4836 ,
471 4772 553 4827 vel
585 4773 722 4827 male
762 4773 1097 4842 exponendo,
1127 4771 1210 4826 vel
1239 4771 1484 4840 quaedam
1514 4783 1632 4822 ver-

35 4863 96 4915 ba
131 4862 440 4916 mutando.
465 4861 598 4916 Cum
639 4862 784 4917 enim
817 4863 1074 4916 Dominus
1117 4860 1342 4915 dixisset
1372 4897 1390 4914 .
1429 4858 1490 4913 Si
1517 4857 1632 4928 quis

35 4968 343 5005 :ermouem
373 4966 544 5006 meum
570 4953 872 5018 servaverit,
899 4963 1120 5008 mortem
1145 4967 1246 5004 non
1279 4950 1461 5003 videbit
1485 4947 1539 5002 in
1561 4962 1631 5002 at-

39 5059 268 5104 eruum,
309 5042 383 5095 de
409 5050 580 5096 morte
609 5042 870 5113 spirituali
897 5041 978 5096 vel
999 5053 1198 5096 teterna
1223 5041 1325 5094 hoc
1351 5039 1629 5094 intellexit.

35 5133 171 5186 Sunt
221 5133 386 5186 enim
435 5140 544 5186 tres
579 5133 789 5202 species
827 5133 1019 5189 mortis
1044 5173 1060 5196 ,
1100 5147 1246 5185 mors
1290 5130 1586 5200 corporalis
1614 5169 1630 5194 ,

36 5238 147 5286 tua:
185 5222 254 5276 fit
303 5238 406 5291 per
427 5224 824 5292 separationem
861 5225 1054 5278 animae
1095 5233 1149 5278 et
1178 5223 1420 5294 corporis
1445 5263 1459 5288 ,
1489 5238 1634 5278 mors

35 5312 376 5380 spiritualis,
424 5329 544 5384 qua:
591 5313 650 5369 ﬁt
692 5330 789 5385 per
842 5323 1160 5386 peccatum,
1217 5317 1357 5384 quod
1417 5317 1632 5385 quidem

35 5411 263 5471 separat
313 5399 553 5459 animam
598 5421 630 5460 a
666 5405 814 5475 Deo,
865 5423 1014 5462 mors
1040 5417 1240 5465 aeterna
1269 5447 1284 5472 ,
1330 5420 1486 5474 parua
1522 5405 1630 5461 sci-

39 5496 156 5549 icet
188 5506 434 5561 aeterna,
459 5512 580 5567 qua:
609 5499 1127 5555 cruciabitanimam
1154 5498 1311 5554 simul
1333 5508 1387 5554 et
1416 5515 1633 5569 corpus,

36 5601 148 5653 piae
180 5588 324 5641 ideo
377 5605 522 5646 mors
545 5591 762 5658 dicitur,
794 5594 1051 5662 quoniam
1087 5593 1276 5646 melius
1307 5601 1450 5646 esset
1497 5592 1636 5646 inuri

35 5676 292 5742 lootidie
317 5693 477 5743 quan;
507 5681 649 5734 illam
680 5695 896 5750 positam
917 5693 1176 5738 :eteruam
1203 5682 1454 5736 tolerare.
1500 5682 1634 5737 Cum

35 5783 155 5838 ergo
221 5766 500 5825 Dominus
532 5771 842 5841 loqueretur
891 5774 956 5828 de
1011 5784 1182 5829 morte
1230 5772 1490 5844 spirituali
1554 5771 1636 5828 vel

1732 4593 1990 4662 operibus
2016 4592 2323 4648 ostemlunt.
2346 4591 2482 4659 Quia
2509 4606 2636 4644 vero
2659 4589 2885 4643 Domino
2912 4583 3132 4646 dicenti,
3161 4579 3309 4650 quod

1732 4685 1776 4738 si
1804 4683 1926 4752 quis
1955 4698 2261 4738 sermonem
2296 4697 2473 4738 meum
2496 4680 2811 4743 servaverit,
2832 4686 3058 4732 mortem
3086 4687 3190 4727 nou
3221 4670 3306 4725 vi-

1733 4778 1879 4832 debit
1897 4777 1950 4830 in
1975 4786 2636 4846 teternum,opposuerant
2661 4773 2831 4828 Judaei
2869 4770 3142 4826 Abraham
3166 4781 3308 4822 mor-

1736 4877 1882 4922 tuum
1935 4883 2054 4924 esse
2089 4885 2102 4921 :
2141 4868 2373 4924 ostendit
2411 4865 2667 4920 Dominus
2710 4862 2979 4917 Abraham
3029 4873 3134 4913 non
3185 4871 3311 4912 esse

1736 4966 2035 5023 mortuum,
2081 4943 2172 5012 sed
2207 4957 2382 5026 potius
2412 4955 2463 5011 in
2496 4955 2600 5009 fide
2643 4954 2904 5007 adventus
2934 4949 3014 5005 sui
3045 4947 3229 5003 vivere
3251 4956 3307 5002 et

1735 5049 1991 5119 gaudere,
2021 5064 2142 5104 cum
2169 5049 2295 5102 dicit
2326 5066 2338 5100 :
2375 5048 2641 5100 Abraham
2652 5057 2799 5115 pater
2822 5053 2986 5097 vester
3005 5040 3305 5104 exsultavit,

1736 5142 1789 5194 id
1812 5150 1918 5204 est,
1951 5139 2258 5193 exsultando
2304 5139 2611 5208 exspectavit
2639 5149 2694 5189 ut
2722 5136 2910 5189 videret
2950 5135 3083 5186 diem
3109 5148 3307 5196 meum,

1737 5230 1789 5284 id
1816 5232 2218 5292 est,adventum
2247 5242 2441 5282 meum.
2473 5225 2636 5291 Vidit,
2657 5225 2706 5279 id
2731 5233 3002 5294 est,quem
3020 5232 3307 5276 venturum

1736 5321 1986 5383 credidit,
2024 5319 2234 5374 venisse
2261 5317 2502 5387 agnovit,
2529 5329 2575 5370 et
2605 5317 2815 5386 gavisus
2863 5323 2959 5375 est.
2991 5312 3097 5367 Sed
3124 5309 3308 5368 'Judatl

1735 5411 1980 5466 carnales
2003 5410 2203 5464 carnali
2257 5414 2373 5464 visu
2421 5408 2620 5463 dictum
2651 5421 2772 5461 esse
2806 5404 3184 5475 intelligentes,
3225 5418 3308 5458 rs-

1737 5502 2031 5571 spondent:
2053 5499 2441 5571 Quinquaginta
2461 5513 2626 5552 annos
2649 5499 2876 5551 nondum
2890 5498 3067 5563 habes,
3083 5505 3128 5550 et
3146 5495 3312 5549 Abra-

1739 5596 1862 5647 ham
1889 5594 2064 5648 vidisti
2091 5595 2118 5646 ?
2151 5593 2444 5664 Respondit
2464 5594 2543 5648 eis
2567 5591 2746 5656 Jesus,
2781 5591 2972 5657 Amen,
3001 5604 3160 5644 amen
3187 5589 3312 5642 dico

1745 5684 1920 5748 vobis,
1955 5685 2270 5754 priusquam
2311 5683 2582 5739 Abraham
2625 5685 2798 5748 fieret,
2825 5697 2922 5752 ego
2967 5695 3109 5737 sum.
3136 5678 3306 5735 Judaei

1743 5775 2122 5846 intelligebant
2141 5775 2416 5834 Christum
2435 5789 2626 5844 purum
2650 5772 2941 5839 hominem,
2955 5782 3006 5829 et
3027 5773 3110 5827 his
3131 5772 3310 5827 verbis
