3822 6316
543 337 682 394 182⁸1

1572 327 1918 384 ADDENDA.
1944 357 2014 368 —
2031 323 2380 380 RADULPIII
2439 322 2782 388 ARDENTIS
3595 332 3673 392 13:3

541 448 777 506 ostendit
829 447 910 503 eis
956 445 1310 501 divinitatem.
1371 441 1520 498 Unde
1561 455 1683 494 cum
1722 439 1789 494 de
1838 437 2116 494 Abraham
2146 446 2193 502 Α
2225 438 2468 507 rapinam
2485 437 2781 493 arbitratus
2803 443 2964 490 estse
2981 431 3382 502 esseaequalein
3403 432 3676 511 necati”...

541 541 762 596 dixisset
795 556 810 592 :
850 537 1018 606 ﬁeret,
1058 537 1124 590 de
1153 549 1212 590 se
1238 535 1314 587 ait
1346 549 1360 586 :
1387 548 1521 585 sum.
1550 529 1815 597 Quoniam
1841 528 2116 582 Abraham

542 638 603 684 ut
643 637 893 684 creatura
947 627 1122 682 factus
1147 635 1228 681 est
1259 641 1272 676 :
1299 623 1548 678 Christus
1578 637 1705 677 vero
1735 621 1801 675 ah
1834 628 2039 674 aeterno
2092 634 2122 673 a

542 718 703 774 Patre
747 732 854 774 non
887 717 1081 780 factus,
1122 715 1218 770 sed
1264 723 1424 768 natus
1451 719 1553 766 est.
1583 709 1748 778 Cujus
1774 709 2010 764 essentia
2042 708 2123 763 in-

543 808 965 874 commutabilis,
997 804 1380 863 convenienter
1427 801 1747 871 exprimitur
1777 816 1871 870 per
1897 799 2120 853 verbum

544 901 944 956 substantivum
968 896 1250 968 pra'sentis
1277 893 1554 962 temporis.
1610 889 1766 946 Unde
1813 891 1924 959 ipse
1951 890 2028 944 ait
2056 889 2121 942 ad

546 989 791 1062 Moysen,
824 989 937 1058 Ego
967 1001 1084 1041 sum
1133 985 1220 1053 qui
1270 999 1408 1037 sum.
1459 980 1564 1036 Sed
1618 979 1786 1034 Judtei
1841 994 1990 1032 more
2025 992 2125 1033 suo

547 1082 744 1137 malum
796 1095 890 1150 pro
918 1079 1057 1132 bono
1096 1075 1400 1140 reddentes,
1443 1072 1681 1126 tulerunt
1735 1070 1938 1140 lapides
1965 1069 2122 1137 utja-

547 1180 732 1228 cerent
760 1171 812 1223 in
835 1185 980 1225 eum.
1019 1166 1277 1235 Sequitur
1303 1179 1428 1233 pars
1455 1172 1670 1232 quarta,
1701 1177 1822 1215 cum
1855 1161 2121 1226 subditur,

546 1261 698 1316 Iesus
720 1269 890 1312 autem
917 1257 1184 1312 abscondit
1211 1273 1287 1320 se,
1318 1266 1364 1309 et
1394 1258 1547 1309 exiuit
1594 1257 1657 1308 de
1692 1253 1906 1322 templo.
1938 1252 1991 1306 In
2020 1267 2127 1320 quo

545 1352 848 1406 ostenditur
891 1350 1158 1427 quomodo
1202 1347 1457 1403 Dominus
1505 1357 1914 1417 persecutorum
1944 1360 2122 1400 cesse-

546 1442 619 1497 rit
660 1440 892 1511 injuriis.
927 1440 1031 1495 Sed
1059 1455 1180 1494 cum
1215 1438 1328 1492 solo
1354 1452 1449 1493 eos
1485 1447 1615 1492 nutu
1645 1438 1872 1506 perdere
1921 1445 2123 1506 posset,

546 1547 713 1602 quare
772 1531 958 1603 fugere
1007 1542 1063 1585 et
1119 1531 1284 1584 latere
1327 1528 1536 1598 elegit?
1576 1527 1794 1598 Triplici
1841 1527 1907 1582 de
1939 1542 2126 1581 causa.

547 1622 729 1678 Prima
761 1633 818 1678 ιιι
854 1639 950 1693 per
975 1623 1218 1676 timorem
1248 1624 1438 1675 mortis
1486 1634 1544 1674 se
1588 1635 1771 1675 veram
1802 1619 2000 1674 habere
2030 1619 2126 1673 hu-

548 1714 860 1766 manitatem
899 1713 1331 1774 demonstraret,
1383 1710 1473 1778 qui
1514 1719 1694 1765 tamen
1754 1711 1912 1762 timor
1960 1709 2012 1762 in
2060 1724 2126 1764 eo

2221 529 2337 598 prie
2359 538 2446 584 est
2467 528 2800 599 arrogantia.
2828 525 3105 590 Secunda,
3128 525 3256 595 quia
3287 524 3447 578 voluit
3463 537 3677 594 seettollere

2223 635 2385 690 super
2407 635 2560 675 suum
2583 619 2869 688 aequalem,
2893 617 3148 688 angelum
3171 619 3397 683 scilicet,
3421 621 3528 687 quod
3543 631 3674 695 proprie

2223 722 2307 768 est
2329 713 2605 782 superbia.
2630 712 2813 767 Tertia
2834 754 2850 779 ,
2896 712 3044 781 quod
3085 711 3386 766 secundum
3424 710 3549 781 legem
3569 713 3691 788 suam,

2225 819 2331 860 non
2359 804 2489 868 Dei,
2515 804 2690 860 voluit
2729 804 2945 869 vivere;
2978 802 3124 872 quod
3169 803 3390 872 proprie
3430 815 3494 856 est
3519 820 3684 874 praesum.

2226 895 2354 963 ptio.
2389 893 2622 961 Quarta,
2664 895 2807 964 quod
2839 905 3125 963 peccatum
3166 908 3325 948 suum
3367 903 3688 957 conatusestde.

2227 981 2450 1037 feuderc
2467 1023 2482 1049 ,
2516 983 2659 1052 quod
2683 985 2901 1053 proprie
2924 991 3009 1038 est
3031 982 3397 1037 contumacia.
3422 981 3467 1035 ln
3486 985 3690 1053 quibusnos

2229 1086 2474 1141 quoque,
2505 1069 2698 1126 fratres
2721 1072 2856 1136 mei,
2888 1081 3127 1125 veterem
3153 1071 3333 1124 Adam
3376 1071 3688 1139 inhumanam

2228 1162 2313 1218 vel
2337 1163 2708 1231 superioribus
2731 1164 2932 1219 nostris
2958 1179 3056 1218 nos
3076 1177 3297 1232 aequare
3318 1165 3630 1232 contendimus,
3641 1172 3692 1224 vel

2231 1267 2350 1307 cum
2383 1253 2679 1322 aequalibus
2711 1255 2912 1308 nostris
2950 1268 3050 1308 nos
3094 1269 3315 1322 semper
3356 1255 3693 1322 CXIOUimtlS,\"aI

2231 1359 2351 1398 cum
2379 1359 2482 1398 non
2513 1343 2638 1408 Dei,
2669 1346 2763 1400 sed
2811 1355 3051 1400 nostram
3089 1345 3420 1398 voluntatem
3447 1345 3576 1403 facere
3603 1355 3695 1405 mhi.

2231 1451 2384 1501 mus,
2417 1437 2500 1490 vel
2524 1452 2643 1490 eum
2668 1445 2886 1506 peccata
2911 1447 3102 1490 nostra
3133 1435 3470 1490 defendimus
3505 1439 3564 1492 vel
3592 1457 3694 1496 emi-

2232 1543 2432 1584 sannis.
2472 1528 2641 1583 Porro
2677 1528 2743 1581 ad
2769 1528 2912 1582 hanc
2952 1526 3352 1597 quadrifariam
3394 1531 3696 1594 superbientis-

2232 1620 2441 1676 lendam
2463 1663 2478 1686 ,
2501 1621 2834 1676 descendens
2854 1621 3110 1676 Christus
3133 1619 3383 1674 exhibuit
3415 1619 3459 1672 iu
3495 1637 3539 1676 se
3563 1629 3701 1691 quiui-

2233 1712 2426 1768 iariam
2451 1712 2808 1767 humilitatem
2834 1729 2847 1766 :
2875 1713 3134 1780 primam,
3164 1710 3444 1781 quoniam,
3463 1711 3569 1764 sicut
3590 1715 3624 1766 in
3643 1717 3701 1769 lac

548 1803 838 1858 voluntatis
862 1803 983 1868 fuit,
1008 1819 1109 1858 non
1137 1801 1495 1857 necessitatis.
1513 1801 1784 1866 Secunda,
1805 1809 1866 1854 ut
1891 1802 2030 1870 quod
2050 1800 2132 1856 di-
2162 1787 2208 1849 Β
2238 1803 2471 1858 lectione
2508 1804 2836 1868 ostenditur,
2861 1818 2968 1857 non
2993 1817 3094 1872 per
3138 1802 3392 1872 rapinam
3423 1802 3640 1857 arbitratus
3657 1817 3703 1860 est

553 1895 778 1964 scipulis
820 1896 1032 1950 dixerat
1071 1895 1274 1949 verbo:
1320 1894 1375 1948 Si
1409 1896 1674 1964 persecuti
1714 1909 1807 1949 vos
1837 1894 2038 1949 fuerint
2069 1895 2123 1949 in

549 1999 658 2038 una
688 1984 928 2050 civitate,
980 1983 1147 2053 fugite
1179 1984 1230 2038 in
1283 1984 1470 2049 aliain,
1503 1985 1815 2040 ostenderet
1859 1986 2124 2056 exemplo.

551 2074 926 2132 Necessarium
958 2077 1154 2146 quippe
1213 2078 1315 2132 fuit
1361 2079 1738 2147 praedicatores
1788 2082 2111 2151 quandoque

549 2166 735 2238 fugere
779 2177 833 2222 et
879 2169 1076 2233 latere,
1131 2184 1197 2224 ne
1251 2185 1375 2224 mox
1421 2171 1614 2226 ablatis
1663 2172 2128 2241 praedicatoribus,

548 2261 899 2331 Evangelium
927 2262 1142 2316 silentio
1172 2272 1531 2333 premeretur.
1556 2263 1738 2317 Tertia
1773 2273 1831 2318 ut
1857 2265 2011 2319 nobis
2035 2265 2132 2320 da-

547 2359 636 2406 ret
658 2351 988 2422 exemplum,
1031 2355 1172 2423 quod
1216 2355 1260 2409 si
1315 2355 1635 2424 quandoque
1695 2358 2132 2424 persecutoribus

547 2441 750 2495 nostr7s
799 2439 854 2494 in
883 2442 1225 2497 contentione
1249 2457 1529 2512 possemus
1572 2444 1885 2513 prmvalere,
1945 2458 2129 2502 tamen

547 2532 970 2601 provocantibus
1018 2548 1082 2588 ex
1122 2533 1426 2588 humilitate
1475 2536 1791 2591 cedereinus
1829 2546 1885 2590 et
1932 2537 2129 2592 latere-

550 2636 690 2686 mus,
717 2629 776 2676 ut
804 2623 855 2676 in
892 2621 993 2678 hoc
1025 2631 1132 2678 tam
1158 2624 1590 2694 provocantium,
1616 2641 1775 2695 quam
1823 2636 2023 2682 nostra:
2044 2642 2131 2682 sa-

550 2714 646 2769 luti
670 2716 1094 2771 consuleremus.
1132 2718 1282 2787 Apud
1323 2717 1660 2773 Christianos
1684 2719 1861 2784 enim,
1907 2735 2012 2774 non
2037 2720 2130 2789 qui

549 2805 762 2862 fortiter
778 2808 1034 2876 percutit,
1050 2809 1141 2862 sed
1157 2808 1247 2877 qui
1273 2807 1485 2864 fortiter
1508 2809 1667 2868 cedit,
1697 2809 1850 2864 fortis
1871 2819 1974 2864 est.
2000 2809 2132 2866 For-

550 2896 659 2951 tior
679 2895 822 2949 enim
847 2903 952 2961 est,
981 2903 1119 2950 teste
1142 2895 1450 2960 Salomone,
1476 2898 1565 2967 qui
1608 2898 1772 2952 vineit
1798 2898 1932 2953 iram
1963 2915 2125 2969 quam

550 2985 836 3054 quivincit
879 2985 1179 3040 civitatem.
1225 2985 1343 3057 lpsc
1373 2996 1553 3042 autem
1583 2988 1828 3044 Christus
1852 2990 1942 3060 qui
1988 3005 2130 3047 nunc

551 3074 690 3144 fugit
726 3085 780 3130 et
828 3075 1005 3141 latuit,
1036 3078 1252 3146 quando
1295 3079 1342 3133 ei
1375 3079 1574 3149 placuit
1617 3096 1676 3136 se
1706 3082 2127 3152 crucifigendum

551 3167 990 3238 persecutoribus
1011 3169 1202 3224 obtulit
1228 3187 1242 3224 :
1269 3186 1366 3226 nec
1387 3171 1560 3225 solum
1596 3171 1805 3228 fortiter
1824 3190 1917 3230 eos
1941 3190 2131 3243 passus

552 3265 661 3321 est,
687 3257 780 3309 sed
812 3256 973 3310 etiam
999 3273 1094 3328 pro
1115 3259 1193 3314 eis
1221 3260 1647 3316 misericorditer
1680 3263 1999 3332 deprecatus
2025 3275 2130 3333 est,

551 3348 971 3418 dicenszpater,
987 3351 1196 3406 dimitte
1220 3352 1482 3424 illis,quia
1504 3355 1746 3410 nesciunt
1763 3357 1888 3426 quid
1905 3357 2130 3415 faciunt.

550 3437 830 3496 Imitemur
875 3442 1059 3512 itaque
1104 3444 1376 3499 Christum
1427 3447 1817 3517 redemptorem
1866 3462 2130 3517 nostrum,

550 3545 738 3602 pacem
774 3547 873 3602 pro
908 3535 1033 3589 odio
1079 3535 1316 3592 inimicis
1357 3539 1560 3594 nostris
1590 3539 1866 3596 olTet'endo
1892 3560 1905 3594 :
1935 3543 2130 3598 bonum

550 3635 652 3691 pro
695 3623 858 3690 malo,
888 3632 943 3679 et
974 3625 1312 3681 benedictum
1355 3643 1452 3699 pro
1499 3629 1783 3686 maledicto
1813 3631 2129 3690 reddendo:

550 3710 767 3782 injuriis
794 3715 958 3768 etiam
1009 3715 1404 3774 imbecillorum
1431 3722 1672 3777 cedendo
1702 3739 1715 3776 :
1743 3723 1960 3793 quando
1997 3738 2134 3794 opus

550 3803 735 3870 fuerit,
769 3817 997 3864 mortem
1034 3809 1247 3864 fortiter
1298 3814 1654 3870 sustinendo:
1697 3831 1792 3884 pro
1821 3827 2132 3886 perseeuto-

550 3896 703 3952 ribus
715 3899 916 3954 nostris
938 3899 1402 3968 intercedendo,ut
1425 3905 1710 3976 participes
1732 3906 1933 3962 Christi
1951 3923 2131 3964 resur-

550 3991 808 4046 recttonis
841 4001 894 4046 et
928 3992 1111 4063 gloria:
1144 3995 1258 4049 heri
1288 4011 1626 4064 mereamur,
1679 3999 1794 4069 ipso
1819 4010 2130 4072 praestante,

551 4083 644 4152 qui
666 4099 789 4139 cum
813 4083 972 4140 Patre
994 4093 1049 4139 et
1077 4085 1281 4156 Spiritu
1305 4099 1495 4145 saneto
1515 4089 1649 4145 vivit
1671 4099 1729 4146 et
1754 4100 1943 4163 regnat
1969 4092 2133 4162 Deus,

551 4188 648 4245 per
674 4177 856 4232 omnia
879 4178 1072 4233 amcitia
1097 4180 1437 4235 smculorum.
1478 4182 1669 4237 Amen.

1104 4268 1381 4324 ιιοιιιιιΑ
1425 4270 1582 4327 ΜΝ.

879 4374 1133 4416 DOIINICA
1173 4377 1226 4416 IN
1269 4378 1430 4418 “Allis
1467 4378 1781 4420 PALIABUM.

2233 1911 2292 1952 sc
2312 1910 2436 1951 esse
2450 1896 2715 1966 aequalem
2733 1897 2865 1951 Deo.
2883 1896 3037 1962 Quod
3055 1896 3201 1951 enim
3222 1895 3412 1948 habuit
3435 1909 3512 1962 per
3524 1907 3702 1964 naturam,
3784 1901 3785 1922 ‘

2234 2002 2340 2052 non
2366 1988 2706 2056 praesumpsit
2744 2002 2843 2056 per
2867 1989 3136 2058 rapinam.
3187 1986 3510 2050 Secundam,
3540 1990 3705 2057 quoniam

2235 2078 2585 2148 semetipsum
2625 2079 2926 2133 exiuauivit
2953 2079 3186 2133 formam
3211 2079 3352 2133 servi
3380 2079 3622 2146 accipiens,
3644 2096 3703 2131 non

2233 2169 2407 2224 Solum
2430 2168 2542 2222 suis
2565 2157 2950 2238 eoat-qualibus,
2973 2168 3135 2224 Patre
3157 2168 3369 2224 scilicet
3387 2177 3443 2221 et
3461 2166 3615 2235 Spiritu
3636 2185 3709 2221 san-

2234 2269 2358 2325 cto,
2393 2258 2488 2315 sed
2513 2260 2628 2314 suis
2669 2259 3062 2325 inferioribus,
3112 2259 3323 2328 angelis
3351 2258 3536 2312 scilicet
3559 2259 3709 2311 ιιιῐιιοτιο

2236 2363 2320 2408 tus
2345 2352 2534 2423 (Hebr.
2567 2351 2630 2422 ι).
2671 2350 2828 2406 Juxta
2865 2353 3008 2421 quod
3051 2353 3117 2406 de
3161 2341 3230 2405 ἑο
3262 2365 3358 2420 per
3387 2349 3646 2420 Prophetam
3671 2351 3709 2400 sal

2234 2444 2453 2500 Patrem
2481 2444 2678 2499 dicitur
2701 2462 2714 2497 :
2735 2443 2980 2496 Minuisti
3005 2459 3122 2497 eum
3147 2443 3311 2511 paulo
3335 2442 3499 2495 minus
3519 2442 3568 2494 ab
3586 2443 3710 2509 angelis

2236 2533 2410 2603 (Psal.
2436 2533 2576 2604 viti).
2606 2532 2861 2589 Subditus
2889 2535 3054 2588 etiam
3079 2533 3182 2586 fuit
3211 2531 3525 2595 hominibus,
3541 2542 3582 2585 ut
3601 2531 3716 2584 llarize

2235 2636 2287 2682 et
2321 2626 2521 2696 Joseph
2553 2625 2704 2694 (Luc.
2731 2625 2826 2694 ιι),
2857 2625 3087 2680 reddens
3113 2625 3282 2678 etiam
3334 2625 3564 2678 tributum
3582 2622 3711 2677 (ἐπειτί

2235 2715 2453 2788 (Matth.
2503 2716 2672 2788 xvn),
2721 2726 2778 2772 et
2824 2716 3014 2771 lavans
3069 2717 3236 2786 pedes
3280 2730 3538 2770 servorum
3573 2729 3715 2768 suorum

2235 2806 2423 2876 (Joan.
2454 2808 2594 2878 xui).
2623 2807 2858 2862 Tertiam
2884 2848 2900 2873 ,
2941 2807 3203 2878 quoniam
3230 2808 3282 2861 in
3305 2807 3539 2861 omnibus
3555 2809 3716 2859 volumi-

2175 2942 2188 2951 .
2237 2907 2402 2954 tatem
2428 2899 2605 2954 Patris
2625 2900 2876 2969 quzesivit
2912 2899 3094 2954 facere
3113 2939 3129 2964 ,
3158 2913 3266 2953 non
3291 2913 3464 2952 suam.
3488 2893 3717 2952 Unde-.0:-

2232 2991 2411 3044 δοεηάὶ
2432 3030 2447 3054 ,
2505 2991 2711 3060 inquit,
2741 2992 2805 3045 de
2843 2990 3000 3056 caelo,
3045 3007 3148 3044 non
3180 2999 3235 3043 ut
3274 2991 3463 3058 faciant
3494 2988 3715 3042 voluntates

2234 3097 2437 3146 meum,
2461 3082 2550 3134 sed
2573 3081 2889 3136 voluntatem
2932 3081 3045 3152 ejus
3084 3081 3175 3152 qui
3199 3083 3336 3136 misit
3379 3097 3457 3134 me
3496 3078 3719 3150 (locum.

2237 3171 2530 3238 Quartam,
2555 3173 2811 3241 quoniam
2860 3189 2984 3228 cum
3015 3189 3113 3227 sua
3162 3189 3268 3227 non
3300 3173 3514 3227 haberet
3546 3179 3719 3240 peccata.

2236 3265 2469 3335 portavit
2520 3265 2714 3320 aliena.
2781 3265 2934 3323 Unde
2982 3266 3181 3321 Petrus
3223 3283 3239 3320 :
3289 3264 3538 3328 Peccato,
3584 3261 3724 3331 inquit.

2240 3368 2418 3410 nostra
2451 3359 2559 3427 ipse
2585 3358 2801 3428 pertulit
2837 3375 2996 3428 super
3037 3359 3238 3430 lignum
3271 3358 3320 3429 (Ι
3347 3356 3487 3414 Patr.
3526 3359 3591 3424 ιι).
3630 3353 3725 3408 Unde

2239 3448 2380 3502 idem
2411 3449 2487 3502 ait
2521 3467 2533 3502 :
2569 3449 2730 3513 Deus,
2757 3449 2898 3505 Deus
2922 3468 3090 3516 meus,
3124 3462 3178 3504 ut
3205 3451 3332 3521 quid
3351 3447 3632 3518 dereliquisti
3651 3444 3725 3498 sit!

2237 3537 2389 3608 longe
2417 3555 2448 3591 a
2489 3539 2660 3595 salute
2687 3557 2802 3595 mea
2837 3543 2989 3596 verba
3031 3543 3344 3596 delictorum
3385 3556 3590 3596 meorum
3615 3535 3728 3607 (Pist.

2239 3644 2329 3686 XXI
2352 3646 2366 3694 ;
2395 3629 2571 3685 Marc.
2605 3632 2693 3690 svi
2712 3671 2726 3697 ,
2756 3642 2942 3687 nostra
2966 3630 3162 3689 delicta
3188 3635 3373 3690 dicens
3395 3648 3504 3687 sua.
3529 3630 3617 3683 N::s
3630 3641 3729 3696 erit.

2237 3718 2438 3776 fratres
2477 3723 2581 3778 mei
2605 3761 2618 3786 ,
2644 3738 2748 3778 non
2775 3734 3012 3779 veterem
3041 3725 3317 3779 hominem
3341 3725 3521 3785 Adam,
3541 3722 3616 3776 sed
3633 3719 3733 3772 Chr;-

2239 3822 2383 3867 stum
2411 3827 2609 3868 novum
2627 3813 2898 3868 hominem
2915 3815 3214 3870 imitemur.
3231 3815 3729 3870 llumilietnurnosnoa

2239 3905 2411 3961 solum
2439 3906 2646 3961 nostris
2671 3906 2971 3975 majoribus
2991 3947 3006 3973 ,
3031 3907 3126 3963 sed
3163 3910 3330 3964 etiam
3372 3904 3681 3976 comqualibes
3703 3912 3736 3953 et

2245 3998 2548 4054 minoribus
2579 4017 2592 4054 :
2627 4015 2733 4055 non
2759 4009 3024 4066 nostram,
3052 4001 3146 4056 sed
3170 4000 3266 4056 Dei
3290 3999 3594 4054 voluntatem
3614 3995 3735 4048 facere
3784 4001 3785 4034 ὲ

2236 4105 2545 4159 ᾳυιεωιιιιιε
2569 4108 2584 4145 :
2621 4107 2726 4146 non
2755 4092 2930 4148 solum
2959 4102 3310 4162 peccatorum
3330 4103 3612 4148 nostrorum
3630 4101 3737 4144 una.

2237 4181 2333 4236 sed
2355 4181 2522 4236 etiam
2566 4181 2872 4239 alienorum
2907 4199 3077 4239 onera
3106 4194 3328 4255 portare
3351 4179 3684 4240 satis-facienti)
3705 4185 3737 4224 ετι
3784 4201 3785 4218 ι

2237 4273 2442 4328 orando
2470 4287 2747 4329 curemus.
2770 4274 2895 4329 Fuit
2917 4276 3084 4329 etiam
3129 4276 3184 4330 in
3225 4276 3390 4331 Adam
3418 4270 3740 4330 inoherliwia.

2235 4365 2363 4435 quia
2406 4367 2657 4423 Creatori
2704 4383 2805 4426 suo
2838 4369 3011 4424 noluit
3037 4370 3262 4426 obedire
3301 4370 3356 4425 in
3381 4369 3570 4424 bonum
3607 4377 3735 4423 sane;

625 4447 740 4505 Hoc
764 4452 904 4506 enim
927 4454 1112 4508 sentite
1133 4455 1187 4508 in
1219 4454 1359 4510 vobis
1379 4457 1517 4526 quod
1545 4466 1595 4511 et
1642 4459 1698 4511 iu
1722 4457 1928 4513 Christo
1969 4458 2130 4529 Iesu,
2163 4474 2212 4534 ι)
2237 4467 2292 4514 ει
2320 4459 2534 4515 diabolo
2583 4461 2805 4517 inimico
2851 4477 2952 4517 suo
3002 4463 3246 4518 obedivit
3293 4465 3345 4517 in
3392 4461 3584 4517 malum
3619 4471 3740 4511 suum.

549 4545 665 4614 qui,
693 4560 812 4599 cum
841 4548 898 4600 in
927 4546 1101 4617 [arma
1131 4546 1225 4600 Dei
1253 4561 1408 4614 esset,
1435 4566 1538 4605 non
1565 4551 1804 4618 rapinam
1841 4553 2132 4610 arbitratus

551 4642 629 4690 est
655 4650 765 4690 esse
795 4652 849 4690 se
875 4635 1132 4706 aequalem
1156 4637 1262 4692 Deo
1290 4638 1511 4709 (Philip.
1555 4641 1642 4708 tt),
1669 4650 1772 4696 etc.
1803 4641 2137 4700 Exhortatur

551 4741 652 4784 nos
673 4728 966 4798 Apostolus
997 4731 1047 4784 in
1078 4730 1179 4785 hac
1211 4729 1459 4795 lcetione,
1486 4731 1680 4788 fratres
1711 4735 2040 4802 charissimi,
2076 4749 2137 4794 ut

553 4820 802 4880 scmitam
835 4835 998 4890 quam
1039 4831 1260 4877 secutus
1288 4832 1372 4876 est
1397 4823 1647 4878 Christus
1681 4837 1940 4896 sequatur
1979 4829 2137 4885 Chri-

552 4911 784 4967 stianus.
809 4912 1063 4968 Christus
1097 4923 1315 4968 secutus
1341 4921 1423 4966 est
1451 4913 1832 4982 humilitatem,
1861 4918 2129 4974 obedien-

553 5003 682 5058 tiam
706 5012 762 5058 et
786 5004 1100 5074 patientiam
1132 5019 1146 5068 ;
1179 5013 1236 5058 et
1266 5013 1484 5074 propter
1512 5005 1613 5062 hoc
1637 5008 1906 5065 exaltatus
1943 5021 2046 5076 est,
2079 5022 2135 5068 et

552 5095 740 5150 datum
791 5103 875 5149 est
923 5096 970 5150 ei
1026 5109 1220 5149 nomen
1249 5095 1391 5164 quod
1419 5107 1501 5152 est
1531 5114 1696 5170 super
1725 5116 1886 5157 omne
1913 5117 2129 5159 nomen.

553 5185 706 5242 Sicut
744 5185 951 5256 primus
996 5186 1157 5241 homo
1185 5198 1401 5244 secutus
1429 5199 1514 5246 est
1559 5193 1898 5262 superbiam,
1948 5195 2134 5252 inobe-

551 5277 836 5342 dientiam,
865 5287 921 5331 et
969 5277 1382 5348 impatientiam,
1421 5283 1494 5337 ita
1546 5292 1766 5354 propter
1808 5286 1910 5341 hoc
1939 5289 2130 5356 praci-

550 5367 755 5438 pilatus
794 5376 897 5422 est.
935 5369 1069 5436 Quia
1101 5384 1230 5444 ergo
1262 5388 1359 5442 per
1407 5374 1522 5428 haec
1562 5376 1662 5430 tria
1688 5376 1842 5441 vitia,
1875 5376 2018 5434 facta
2049 5388 2136 5436 est

553 5459 710 5514 ruina
744 5460 960 5516 humani
986 5464 1218 5532 generis,
1235 5481 1456 5522 necesse
1476 5478 1678 5524 eratut
1705 5484 1800 5539 per
1824 5480 1935 5527 tres
1960 5471 2134 5528 virtu-

555 5560 656 5618 tes,
693 5554 966 5624 praedictis
1025 5557 1170 5613 vitiis
1204 5562 1509 5616 contrarias
1531 5600 1546 5627 ,
1606 5573 1972 5633 repararetur.
2005 5565 2132 5620 Fuit

553 5657 735 5704 autem
763 5647 814 5704 in
854 5651 1030 5720 primo
1072 5653 1290 5708 homine
1327 5655 1578 5725 superbia
1609 5655 1945 5724 quadrifaria
1973 5675 1986 5710 :
2014 5657 2133 5713 Pri-

555 5755 663 5808 ma,
695 5742 818 5811 quia
851 5758 1065 5814 aequare
1103 5761 1160 5802 se
1185 5747 1351 5804 voluit
1373 5764 1470 5804 suo
1500 5747 2020 5820 superiori,quando
2036 5765 2131 5821 per

2240 4551 2559 4608 Eeontrario
2585 4551 2837 4609 Christus
2858 4593 2872 4616 ,
2897 4561 2956 4607 ut
2985 4552 3073 4607 hic
3103 4555 3322 4620 dicitur,
3355 4553 3448 4608 fuit
3482 4552 3632 4605 factus
3653 4550 3740 4600 ohe-
3784 4549 3785 4554 “

2238 4643 2391 4700 diens
2417 4644 2567 4700 Patri
2597 4661 2769 4716 usque
2793 4646 2860 4699 ad
2892 4655 3162 4710 mortem,
3196 4656 3253 4702 et
3289 4648 3379 4702 hoc
3412 4647 3468 4700 in
3494 4641 3743 4709 redemptio-

2238 4753 2361 4793 nem
2404 4739 2620 4808 generis
2651 4738 2910 4804 humani,
2961 4754 3070 4793 non
3104 4754 3294 4804 suam,
3343 4748 3390 4795 et
3430 4754 3534 4793 non
3570 4732 3740 4791 obedirit

2237 4826 2450 4882 diabolo
2475 4829 2527 4882 in
2550 4829 2632 4884 sui
2661 4831 3181 4899 przecipitationem.
3205 4832 3366 4886 Adam
3394 4829 3564 4886 noluit
3587 4823 3744 4881 obedire

2238 4919 2352 4974 Deo
2381 4920 2434 4974 in
2467 4920 2756 4976 levissimis
2775 4960 2790 4984 ,
2820 4934 2877 4976 et
2898 4922 3150 4978 Christus
3179 4922 3408 4979 obedivit
3437 4919 3580 4975 Patri
3619 4918 3659 4970 in
3679 4917 3740 4966 du»
3784 4975 3785 5000 χ

2236 5011 2489 5067 rissimis.
2503 5011 2674 5066 Adam
2702 5013 2873 5068 noluit
2887 5014 3112 5070 obedire
3137 5016 3245 5070 Deo
3262 5029 3356 5070 nec
3369 5012 3537 5068 minis
3556 5024 3641 5065 nec
3655 5021 3744 5077 pr!~

2237 5103 2388 5168 miis,
2425 5103 2675 5159 Christus
2702 5105 2944 5160 obedivit
2998 5106 3182 5172 Patri,
3215 5115 3504 5177 spontanea
3535 5101 3740 5155 voluntate
3784 5143 3785 5160 η

2236 5195 2453 5252 ductus.
2483 5197 2653 5252 Adam
2684 5197 2857 5252 noluit
2883 5199 3107 5255 obedire
3131 5201 3238 5255 Deo
3286 5209 3340 5255 ut
3375 5199 3585 5252 viveret
3625 5191 3742 5248 absti-

2235 5287 2413 5344 nendo
2457 5304 2486 5342 a
2538 5289 2719 5360 ligno,
2749 5289 3002 5347 Christus
3025 5293 3264 5349 obedivit
3287 5291 3458 5355 Patri,
3492 5299 3549 5345 ut
3573 5299 3741 5341 morere

2237 5388 2387 5434 retur
2418 5394 2716 5451 suspensus
2759 5381 2814 5436 in
2862 5382 3028 5453 ligno.
3073 5384 3273 5449 Adam,
3317 5382 3442 5453 quia
3496 5375 3742 5435 inobedieﬁ

2236 5476 2370 5544 fuit,
2397 5479 2580 5534 amisit
2606 5478 2904 5534 dominium
2933 5481 3077 5550 quod
3102 5479 3323 5536 habebat
3344 5480 3395 5532 in
3427 5475 3572 5532 omni
3597 5469 3736 5526 munis

2235 5579 2517 5636 creatura;
2550 5570 2798 5627 Christus
2820 5611 2836 5639 ,
2866 5573 2993 5641 quia
3038 5571 3292 5628 obediens
3328 5569 3426 5622 fuit
3453 5608 3470 5630 ,
3507 5567 3737 5622 datus”!

2235 5659 2412 5716 omnis
2439 5670 2676 5731 potestas
2696 5661 2750 5716 in
2775 5661 2914 5717 ctelo
2935 5673 2992 5718 et
3021 5664 3074 5716 in
3103 5672 3262 5716 terra.
3287 5658 3576 5727 Fugiamus
3596 5654 3733 5716 iussi.

2237 5751 2434 5810 fratres
2451 5795 2467 5821 ,
2500 5753 2919 5812 inobedientiam
2949 5755 3146 5811 veteris
3165 5751 3384 5810 hominis
3405 5791 3420 5814 ,
3457 5763 3525 5805 ne
3551 5739 3737 5802 excisa:-
