3822 6316
126 360 242 417 i839

776 346 1083 407 llOMlthE
1123 349 1191 407 ΙΝ
1228 352 1445 412 EPIST.
1500 356 1587 411 ET
1630 355 1883 415 EVANG.
1935 361 2233 421 DOMINIC.
2256 391 2326 407 -ι
2352 365 2539 425 PARS
2575 369 2613 426 Ι.

3199 377 3342 438 1850

121 490 225 532 mur
246 471 307 525 ab
335 465 631 523 haereditate
678 465 865 534 patria:
909 465 1144 521 caelestis
1164 506 1178 532 ,
1231 470 1328 523 sed
1377 469 1653 526 imitemur
1677 475 1729 537 Α
1759 471 2085 543 gnificantur
2115 479 2461 547 innocentes,
2493 482 2584 552 qui
2627 482 2832 556 ﬂagella
2879 505 2985 545 non
3014 492 3210 548 merita
3238 509 3340 564 pa-

118 560 440 620 obedientiam
475 556 593 611 novi
641 555 875 611 hominis
902 557 1145 624 Christi,
1193 568 1250 615 ιιι
1278 576 1400 616 cum
1436 576 1503 617 eo
1528 577 1642 618 me-

115 668 308 713 reamur
322 649 547 723 gloriﬁca
556 647 618 703 ri.
638 649 782 704 Adeo
799 650 939 705 enim
962 661 1044 704 est
1058 655 1369 708 necessaria
1390 655 1649 711 obedien-

116 748 202 813 tia,
230 746 362 815 quod
387 740 578 795 nullum
610 740 807 796 bonum
838 741 957 796 sine
979 757 1039 798 ea
1071 755 1248 813 potest
1275 747 1563 817 prodesse,
1592 757 1651 804 et

114 837 287 894 nullum
323 833 512 888 malum
547 846 671 887 cum
720 832 1025 888 obedientia
1055 846 1229 906 potest
1253 838 1467 893 obesse.
1511 838 1648 894 Cum

111 928 232 984 enim
261 927 443 979 bonum
493 922 561 977 sit
597 923 878 978 comedere
926 939 1143 993 pomum
1166 967 1182 992 ,
1215 938 1392 982 tamen
1425 944 1522 998 per
1569 929 1650 985 ina-

105 1016 428 1074 ohedientiam
462 1014 658 1068 malum
693 1013 814 1068 fuit.
855 1015 923 1070 Et
957 1025 1165 1073 tantum
1216 1020 1648 1090 malum,.quod

100 1126 190 1165 non
227 1108 386 1164 solum
431 1115 713 1162 auctorem
748 1107 953 1172 Adam,
1005 1111 1100 1165 sed
1143 1111 1306 1165 etiam
1339 1112 1647 1169 universam

99 1202 195 1269 ejus
226 1198 574 1269 posteritatem
600 1238 617 1264 ,
643 1212 672 1251 a
709 1201 962 1266 paradiso
992 1203 1309 1271 proscripsit
1343 1202 1498 1272 (Gen.
1539 1206 1642 1274 ιιι).

101 1293 214 1347 Cum
241 1292 424 1346 bonum
450 1303 671 1359 quoque
701 1291 771 1344 sit
800 1292 1113 1347 sacriﬁcare
1155 1294 1295 1359 Deo,
1330 1305 1383 1350 et
1414 1310 1509 1365 per
1534 1296 1649 1366 pie-

101 1389 241 1436 tatem
270 1393 482 1448 parcere
504 1378 688 1443 victis,
711 1389 888 1434 tamen
910 1382 1036 1451 quia
1056 1393 1253 1438 contra
1284 1385 1645 1440 obetzientiam

100 1474 185 1527 hoc
211 1470 332 1526 Sani
363 1469 519 1539 fecitf,
553 1467 609 1522 in
640 1469 743 1524 hoc
773 1472 1011 1542 graviter
1035 1476 1300 1544 peccavit.
1338 1475 1489 1531 Unde
1513 1476 1561 1531 ei
1590 1484 1648 1531 et

97 1580 121 1617 a
145 1561 373 1618 Samuele
406 1562 609 1616 dictum
637 1571 721 1617 est
748 1579 762 1616 :
796 1561 970 1634 Magis
1004 1566 1136 1620 valet
1170 1568 1459 1621 obedientia
1487 1585 1643 1639 quam

95 1650 354 1721 t-irtintteU
383 1651 504 1722 Reg.
537 1650 653 1721 xv).
695 1652 1020 1709 Econtrario
1049 1672 1172 1711 cum
1221 1657 1423 1713 malutn
1463 1660 1534 1714 sit
1560 1659 1643 1713 vi-

94 1744 305 1799 cinorum
355 1745 488 1797 bona
535 1742 709 1798 furari
761 1744 843 1800 vel
894 1762 1118 1817 rapere,
1163 1756 1342 1804 tanien
1386 1749 1644 1805 lsraelitae

1754 564 1950 621 tienter
1977 571 2307 626 sustinentes
2326 611 2342 636 ,
2375 574 2581 642 gratias
2609 586 2851 645 agentes,
2887 589 2938 635 et
2968 596 3067 652 pro
3101 582 3340 642 inimicis

1748 653 1864 710 suis
1887 665 2142 724 orantes,
2192 660 2364 731 magis
2400 676 2466 716 ac
2505 665 2677 733 magis
2707 665 3030 726 clarescunt.
3069 671 3336 740 Quoniam

1747 756 1881 815 ergo
1908 743 2158 803 Christus
2185 749 2264 804 sic
2293 750 2393 804 fuit
2441 751 2664 808 humilis
2686 794 2701 818 ,
2740 756 2819 811 sie
2849 756 3104 815 obediens
3124 801 3140 827 ,
3165 772 3229 817 et
3257 762 3339 819 sic

1747 835 1959 903 patiens
1980 878 1994 903 ,
2025 838 2299 896 exaltatus
2330 850 2414 897 est
2436 843 2503 896 ad
2533 842 2810 900 dexteram
2834 847 3039 916 Patris,
3068 860 3127 907 et
3146 852 3334 908 datum

1748 934 1833 979 est
1859 927 1906 980 ei
1946 942 2140 984 nomen
2165 972 2180 996 ,
2214 933 2358 1001 quod
2392 943 2476 989 est
2504 949 2666 1005 super
2691 951 2854 992 omne
2877 954 3110 1007 nomen,
3144 951 3202 997 ut
3229 943 3337 1000 sci-

1748 1014 1874 1071 licet
1907 1019 1977 1072 sit
2003 1035 2146 1077 unus
2173 1023 2314 1078 Deus
2355 1039 2481 1080 cum
2513 1025 2671 1082 Patre
2704 1039 2759 1084 et
2789 1029 2994 1100 Spiritu
3027 1043 3240 1087 sancto.
3267 1036 3337 1092 Et

1749 1106 1853 1162 hoc
1881 1109 1928 1163 ei
1962 1110 2168 1168 idcirco
2199 1113 2402 1170 dicitur
2427 1118 2646 1187 datum,
2674 1121 2929 1191 quoniam
2963 1125 3107 1193 quod
3142 1135 3261 1180 erat
3284 1127 3335 1183 ei

1747 1206 1940 1253 natura
1971 1204 2267 1259 secundum
2312 1210 2455 1276 quod
2492 1209 2670 1278 Deus,
2702 1214 2754 1269 ei
2785 1214 2987 1271 factum
3022 1226 3107 1272 est
3155 1218 3333 1287 gratia

1747 1291 2042 1346 secundum
2094 1297 2237 1364 quod
2285 1298 2467 1355 homo.
2521 1300 2592 1355 Ut
2632 1304 2687 1357 in
2729 1306 2935 1360 nomine
2990 1305 3121 1361 Iesu
3182 1324 3335 1365 omne

1745 1396 1910 1450 genu,
1942 1383 1994 1437 id
2027 1394 2111 1439 est
2142 1388 2320 1443 omnis
2345 1400 2586 1459 potestas
2616 1395 2890 1461 flectatur,
2922 1399 3181 1465 cmlestis,
3217 1407 3332 1455 ter-

1747 1488 1882 1528 rena
1906 1515 1920 1539 ,
1946 1483 2003 1530 et
2046 1475 2350 1534 infernalis.
2400 1482 2470 1536 Et
2510 1486 2679 1539 omnis
2706 1485 2886 1556 lingua
2904 1528 2919 1553 ,
2957 1489 3008 1544 id
3034 1499 3145 1554 est,
3171 1505 3334 1546 nume

1745 1578 1914 1635 genus
1963 1580 2313 1635 sermonum,
2351 1573 2688 1644 conﬁteatur,
2729 1578 2854 1646 quia
2897 1578 3151 1635 Dominus
3174 1579 3333 1637 Iesus

1744 1655 1985 1713 Christus
2008 1660 2060 1713 in
2080 1659 2253 1731 gloria
2279 1671 2357 1716 est
2382 1663 2477 1718 Dei
2502 1663 2700 1720 Patris.
2728 1667 2943 1738 Itaque,
2976 1669 3174 1727 fratres
3199 1673 3331 1729 cha-

1746 1747 1978 1816 rissimi,
2012 1751 2056 1806 si
2094 1753 2343 1822 cupimus
2388 1758 2674 1824 pervenire
2709 1759 2777 1814 ad
2821 1759 2919 1815 Dei
2947 1763 3173 1830 gloriam
3198 1806 3214 1832 ,
3251 1780 3335 1821 se-

101 1834 364 1903 spoliantes
389 1834 673 1905 Egyptios
693 1875 706 1900 ,
736 1836 863 1904 quia
908 1851 1006 1906 per
1040 1839 1402 1894 obedientiam
1436 1841 1536 1895 hoc
1566 1840 1645 1895 fe—
1673 1836 1718 1896 Β
1747 1852 1982 1908 quamnr
2014 1841 2134 1911 ejus
2162 1844 2330 1897 viam.
2368 1844 2750 1913 llumi-liemur,
2781 1850 3130 1919 obediamus,
3160 1855 3332 1923 patia-

93 1931 291 1990 cernat,
338 1941 439 1979 non
489 1939 882 1995 peccaverunt,
922 1927 1018 1983 sed
1087 1928 1265 1998 potius
1311 1939 1642 1986 meruerunt.

92 2014 206 2069 item
234 2030 349 2068 cum
376 2016 573 2072 dueere
611 2016 956 2073 fornicariam
978 2059 994 2084 ,
1029 2027 1083 2073 et
1112 2018 1331 2090 gignere
1362 2020 1500 2075 ﬁlios
1528 2020 1642 2076 for-

86 2106 340 2161 nicationis
361 2149 376 2171 ,
404 2123 569 2178 grave
600 2109 854 2164 delictum
902 2110 1011 2177 sit,
1056 2120 1241 2168 tamen
1278 2113 1543 2183 prepbcta
1577 2112 1644 2166 ad

84 2198 364 2252 mandatum
396 2197 488 2252 Dei
522 2200 626 2254 hoc
651 2197 877 2266 iaciens,
906 2215 1010 2256 non
1040 2201 1308 2272 peccavit,
1341 2202 1434 2256 sed
1466 2202 1644 2271 potius

82 2288 369 2357 promeruit.
399 2288 676 2354 Quantum
726 2290 890 2345 etiam
941 2292 1140 2347 bonum
1188 2292 1258 2346 sit
1302 2293 1641 2354 obedientia.

79 2378 336 2433 ostendunt
358 2379 525 2433 multa
551 2387 866 2435 sanctorum
894 2381 1174 2437 miracula.
1204 2382 1420 2437 Maurus
1443 2383 1642 2453 quippe

78 2468 134 2520 ad
162 2467 465 2522 mandatum
519 2469 693 2538 patris
726 2470 1002 2527 Benedicti
1026 2486 1279 2541 currens,
1315 2474 1381 2527 ad
1411 2474 1644 2544 eripien-

77 2558 182 2613 dum
213 2573 433 2628 puerum
458 2560 733 2631 placidum
767 2563 834 2618 de
854 2578 1025 2633 aqua,
1056 2578 1223 2631 super
1251 2579 1421 2635 aquas
1447 2566 1643 2635 legitur

77 2648 375 2703 ambulasse.
420 2651 581 2706 Alter
611 2667 828 2723 quoque
872 2654 940 2707 ad
985 2654 1298 2709 mandatum
1340 2655 1558 2710 abbatis
1588 2656 1639 2711 in

76 2738 322 2794 clibauum
370 2741 658 2797 ardentem
694 2743 1013 2814 prosiliens,
1044 2746 1416 2803 incombustus
1446 2747 1640 2818 legitur

74 2829 266 2885 exiisse.

127 2921 372 2979 Amemus
407 2924 596 2995 igitur,
635 2926 862 2992 fratres,
898 2929 952 2983 in
975 2930 1228 2985 omnibus
1247 2931 1633 2999 obedientiam,

72 3013 166 3067 Deo
191 3014 243 3069 in
268 3017 533 3072 omnibus
558 3016 897 3082 obedientes,
930 3016 1229 3087 majoribus
1247 3020 1446 3075 nostris
1474 3022 1638 3077 etiam

67 3107 112 3160 in
137 3109 378 3165 omnibus
396 3149 415 3174 ,
452 3125 579 3180 qua:
608 3120 796 3166 contra
829 3112 999 3167 Deum
1032 3128 1136 3168 non
1163 3123 1312 3178 sunt,
1335 3114 1639 3183 obsequen-

1746 1945 1888 1984 mur.
1919 1930 2019 1998 Qui
2056 1932 2204 1988 enim
2242 1943 2326 1991 est
2353 1938 2654 2007 superbus,
2684 1939 3030 2004 inobediens.
3062 1953 3120 1998 et
3162 1946 3335 2013 impa-

1748 2021 1920 2085 tiens,
1953 2037 2057 2076 nou
2088 2023 2293 2078 incedit
2323 2026 2469 2080 viam
2497 2027 2739 2095 Christi,
2787 2031 2883 2086 sed
2925 2031 3067 2086 viam
3097 2032 3331 2103 diaboli,

1746 2119 1800 2165 et
1824 2111 1949 2166 ideo
1976 2126 2098 2167 cum
2126 2127 2192 2169 eo
2220 2117 2653 2186 praecipitabitur
2685 2130 2742 2175 et
2787 2122 3156 2179 damnabitur.
3187 2123 3335 2193 Quo-

1747 2201 1953 2273 tie‘sque
1980 2202 2099 2273 plus
2129 2206 2423 2275 quaerimus
2450 2208 2679 2265 exaltari
2713 2212 2767 2265 in
2795 2212 2898 2268 hoc
2940 2215 3141 2271 saeculo
3166 2231 3331 2286 quam

1745 2295 2016 2350 lunniiiari
2036 2335 2052 2362 ,
2085 2296 2204 2366 plus
2230 2300 2526 2370 praecipere
2552 2318 2718 2372 quam
2758 2304 3017 2372 obedire,
3062 2306 3180 2375 plus
3205 2322 3333 2376 pro-

1744 2385 1949 2453 sperari
1979 2386 2032 2439 in
2061 2388 2357 2444 mundanis
2378 2390 2746 2460 voluptatibus
2766 2409 2929 2464 quam
2961 2399 3333 2466 correptiones

1745 2473 1885 2543 pati,
1917 2491 2021 2529 non
2058 2477 2300 2545 sapimus
2331 2493 2395 2534 ea
2425 2496 2545 2550 quae
2571 2492 2700 2536 sunt
2739 2483 2867 2549 Dei,
2917 2485 3012 2539 sed
3041 2501 3159 2555 quae
3203 2496 3333 2542 sunt

1750 2564 1972 2619 diaboli.
2003 2564 2359 2624 llumiliemus
2404 2571 2568 2641 igitur
2608 2574 2984 2643 nosmetipsos,
3019 2590 3124 2630 non
3154 2577 3328 2633 solum

1744 2656 2067 2726 majoribus,
2103 2659 2199 2713 sed
2236 2659 2400 2715 etiam
2433 2664 2733 2732 aequalibus
2755 2671 2811 2718 et
2842 2665 3160 2721 minoribus.
3190 2666 3333 2723 Obe-

1746 2746 1967 2802 diamus
1997 2747 2108 2803 Deo
2142 2757 2196 2804 ct
2225 2750 2523 2822 majoribus
2556 2754 2791 2820 nostris,
2825 2769 2930 2809 non
2963 2756 3189 2823 timore,
3221 2772 3330 2813 non

1744 2838 2080 2894 mercenarie
2102 2879 2117 2904 ,
2147 2841 2243 2895 sed
2273 2856 2478 2896 amore.
2510 2841 2791 2898 Patiamur
2816 2842 3029 2914 ﬂagella
3076 2855 3131 2901 et
3160 2847 3331 2903 tribu-

1743 2928 1973 2984 lationes
2001 2946 2154 3001 :equo
2200 2932 2417 3000 animo,
2462 2943 2518 2988 et
2541 2934 2585 2988 si
2635 2950 2742 2989 non
2785 2935 2860 2989 ita
2890 2916 3227 3001 innocenter,
3271 2945 3332 2992 ut

1742 3019 1992 3076 Christus
2008 3061 2024 3086 ,
2059 3032 2235 3079 tamen
2258 3033 2319 3102 ut
2342 3024 2530 3079 dexter
2553 3025 2712 3086 latro.
2736 3041 2832 3095 pro
2862 3028 3102 3097 peccatis
3126 3029 3331 3084 nostris

1744 3113 1885 3167 mala
1916 3113 2074 3168 nobis
2096 3114 2286 3170 inferri
2308 3116 2555 3171 dicamus
2580 3155 2595 3182 ,
2626 3119 2832 3187 gratias
2870 3126 3129 3188 agentes,
3154 3127 3208 3175 et
3230 3134 3331 3189 pro

68 3206 167 3263 tes,
193 3201 427 3257 scientes
458 3202 723 3272 quoniam
750 3204 893 3274 quod
922 3219 1019 3274 per
1046 3220 1104 3261 se
1135 3206 1352 3261 videtur
1372 3182 1560 3262 inutile
1582 3216 1637 3263 et
1664 3182 1707 3239 Ο
1746 3204 2186 3272 persecutoribus
2216 3215 2536 3271 exorantes,
2585 3214 2855 3273 quatenus
2889 3205 3021 3275 ipsae
3048 3208 3330 3277 passiones

63 3292 311 3358 otiostun,
339 3294 387 3349 si
417 3305 606 3351 tamen
636 3311 733 3366 per
768 3296 1129 3353 obedientiam
1178 3298 1301 3363 tiat,
1340 3299 1398 3353 tit
1433 3298 1566 3354 utile
1587 3308 1642 3354 et

64 3384 405 3440 meritorium.
459 3385 591 3442 Fuit
662 3401 881 3457 quoque
932 3388 986 3442 in
1044 3390 1215 3444 Adam
1269 3389 1637 3459 impatientia,

59 3476 292 3541 quoniam
333 3478 692 3534 mitissimum
735 3478 927 3548 jugmn
970 3480 1064 3535 Dei
1095 3481 1267 3536 noluit
1300 3482 1444 3551 pati,
1475 3490 1533 3535 ut
1561 3481 1641 3535 vi-

57 3578 176 3621 vens
206 3576 439 3624 mortem
493 3570 752 3625 evitaret.
803 3569 1124 3625 Econtrario
1173 3572 1226 3626 in
1277 3571 1493 3626 Christo
1542 3569 1640 3623 fuit

54 3658 269 3712 maxima
295 3660 602 3730 patientia,
624 3661 881 3731 quoniam
906 3660 1100 3715 durum
1122 3660 1297 3716 Patris
1328 3660 1640 3715 mandatum

55 3750 305 3818 portavit,
337 3762 400 3807 ut
436 3754 688 3808 moriens
708 3793 724 3817 ,
757 3761 1003 3807 mortuos
1030 3752 1097 3807 ad
1146 3754 1309 3806 vitam
1339 3759 1638 3805 revocaret.

49 3841 205 3896 Adam
232 3859 459 3916 quoque
489 3859 600 3900 non
623 3844 794 3917 potuit
819 3844 928 3914 pati
952 3861 1050 3914 pro
1073 3860 1131 3899 se
1155 3844 1458 3908 mitissima,
1483 3842 1640 3897 Cbri-

52 3943 153 3990 stus
182 3951 309 3990 vero
341 3951 548 4007 passus
576 3946 659 3993 est
680 3954 779 4009 pro
810 3938 931 3993 aliis
961 3935 1273 3991 durissima.
1321 3932 1490 3986 Adam
1531 3948 1636 3988 non

50 4028 210 4095 potuit
237 4031 349 4100 pati
383 4040 446 4084 ut
476 4030 782 4086 abstineret
808 4045 838 4084 a
878 4030 1051 4100 ligno,
1080 4026 1332 4081 Christus
1378 4025 1640 4081 sustinuit

48 4126 101 4172 ut
126 4130 435 4178 moreretur
472 4124 531 4177 in
557 4121 722 4192 ligno.
771 4122 904 4190 Quae
950 4134 1098 4175 mors
1125 4126 1209 4173 est
1241 4118 1411 4188 magis
1445 4117 1642 4173 crude-

44 4209 271 4281 lissima,
300 4215 580 4285 probrosa
605 4256 621 4281 ,
652 4223 707 4269 et
734 4214 911 4285 longa.
946 4212 1097 4267 Unde
1140 4219 1195 4266 et
1232 4209 1490 4278 patientia
1519 4210 1639 4282 ejus

45 4300 138 4358 fuit
181 4306 383 4377 major,
435 4314 498 4360 et
547 4303 811 4375 abiectior
860 4313 913 4360 et
962 4300 1340 4374 louganimior.
1393 4302 1638 4359 Crudelis

43 4395 178 4451 enim
211 4412 365 4453 mors
394 4406 489 4453 est
521 4411 627 4452 non
660 4398 803 4460 cito,
835 4396 928 4451 sed
970 4394 1114 4450 lente
1140 4392 1335 4449 occidi.
1368 4392 1636 4449 Probrosa

1744 3295 1853 3349 sint
1883 3295 2041 3349 nobis
2070 3295 2400 3365 purgatoriaa
2426 3307 2479 3351 et
2511 3295 2671 3350 utiles
2696 3335 2712 3361 ,
2742 3304 2802 3350 ut
2827 3312 2948 3351 cum
2975 3299 3090 3367 ipso
3119 3296 3329 3354 latrone

1743 3386 2052 3456 paradisum
2072 3386 2281 3439 intrare
2300 3399 2631 3440 mereamur.
2649 3385 2752 3441 Per
2769 3386 3056 3443 Dominum
3078 3396 3326 3445 nostrum

1742 3473 1925 3532 Iesum
1960 3475 2258 3532 Christum.
2292 3477 2483 3531 Amen.
2632 3526 2633 3529 η

2281 3567 2558 3623 IIOMILIA
2604 3567 2787 3625 XLVI.

2087 3672 2339 3714 DOﬂlNICA
2381 3675 2434 3713 IN
2474 3675 2635 3716 nuis
2673 3676 2982 3718 PALIIABUI.
3031 3681 3035 3684 ’

1810 3748 1946 3805 Cum
1975 3751 2440 3820 appropinquasset
2462 3750 2496 3804 J
2502 3768 2619 3806 esus
2640 3751 2985 3823 Jerosolymis
3001 3793 3015 3818 ,
3038 3762 3084 3807 et
3106 3754 3326 3810 uenisset

1741 3838 2046 3911 Bethpltage
2071 3842 2142 3895 ad
2178 3852 2407 3895 montem
2432 3841 2625 3897 Oliveti
2641 3883 2656 3908 ,
2683 3843 2823 3897 misit
2853 3844 2986 3898 duos
3007 3845 3071 3899 de
3098 3846 3330 3916 discipu-

1741 3933 1807 3986 lis
1827 3933 1974 3999 suis,
2004 3940 2110 3989 etc.
2144 3931 2364 4002 (Matth.
2404 3936 2543 4006 xxi.)
2591 3935 2645 3989 in
2702 3936 2805 3991 hac
2837 3937 3008 3991 sancti
3047 3938 3327 4010 Evangelii

1740 4023 2005 4092 lectione,
2052 4022 2252 4080 fratres
2296 4025 2639 4094 cbarissimi,
2674 4026 2850 4097 primo
2881 4040 2947 4082 ea
2978 4042 3099 4097 quae
3128 4029 3196 4084 ad
3244 4030 3329 4085 bi-

1740 4118 1994 4182 storiam,
2034 4117 2273 4172 secundo
2300 4132 2423 4188 quae
2471 4117 2541 4172 ad
2590 4118 2880 4191 mysticum
2913 4133 3130 4176 sensum
3162 4122 3329 4191 perti-

1742 4216 1871 4263 nent
1900 4215 2030 4262 sunt
2055 4207 2474 4262 consideranda.
2499 4206 2638 4263 Sunt
2665 4216 2842 4262 autem
2862 4207 3018 4279 juxta
3046 4209 3327 4266 historiam

1741 4296 1982 4367 quinque
2009 4296 2365 4351 attendenda.‘
2854 4346 2857 4347 ν

1809 4385 2024 4451 Primo,
2058 4401 2230 4455 quare
2285 4386 2581 4453 Dominus,
2611 4401 2735 4443 cum
2768 4399 2895 4445 ante
2920 4387 3199 4456 latuisset,
3227 4389 3329 4445 im-

43 4501 182 4542 mors
214 4489 363 4544 inter
414 4488 639 4559 iniquos
688 4487 946 4558 reputari.
983 4486 1167 4557 Longa
1210 4500 1357 4541 mors
1401 4495 1486 4541 est
1512 4500 1635 4541 cum

1749 4478 1985 4532 minente
2008 4492 2105 4531 sua
2137 4477 2425 4551 passione,
2459 4478 2626 4533 voluit
2671 4490 2860 4549 aperte
2907 4478 3007 4548 ipsi
3039 4479 3190 4544 loco,
3217 4495 3326 4550 quo

43 4578 193 4652 longa
223 4581 531 4638 vexatione
558 4579 799 4635 dissolvi.
832 4578 979 4646 Passi
1021 4587 1148 4634 sunt
1192 4587 1373 4633 autem
1418 4591 1539 4632 cum
1571 4590 1637 4633 eo

40 4668 242 4741 iniqui,
279 4671 382 4729 sed
413 4671 776 4728 dissimiliter.
811 4669 1041 4725 Sinistcr
1068 4669 1213 4723 enim
1258 4667 1399 4723 latro
1433 4668 1639 4738 patitur

37 4776 132 4834 pro
170 4777 408 4836 peccato
448 4779 583 4829 suo,
613 4778 714 4819 nec
751 4761 1060 4833 corrigitur,
1091 4761 1187 4817 sed
1232 4759 1403 4829 magis
1431 4760 1637 4830 impro—

40 4868 233 4925 perat,
279 4866 339 4912 et
367 4855 557 4926 magis
601 4853 983 4910 deterioratur.
1033 4854 1234 4908 Dexter
1255 4865 1469 4923 quoque
1498 4851 1638 4907 latro
1681 4922 1688 4937 .

34 4947 241 5017 patitur
267 4964 374 5019 pro
401 4954 634 5017 peccato
657 4959 758 5000 suo
786 4955 842 5000 et
869 4946 1182 5016 corrigitur,
1211 4960 1311 5013 pro
1345 4959 1404 4999 se
1431 4951 1551 4997 orat
1582 4950 1639 4999 et

37 5039 304 5095 solvatur.
336 5038 600 5095 Christus
635 5050 762 5092 vero
802 5037 1007 5106 patitur
1053 5052 1158 5090 non
1205 5051 1305 5104 pro
1348 5036 1493 5097 suis,
1541 5035 1636 5089 sed

34 5128 224 5186 alienis
272 5129 576 5202 peccatis;
612 5137 736 5183 orat
776 5142 878 5198 pro
909 5126 1179 5192 inimicis,
1212 5136 1267 5181 et
1307 5126 1480 5181 virtus
1519 5125 1640 5196 ejus

33 5227 206 5298 magis
231 5241 301 5281 ac
326 5224 514 5295 magis
542 5221 897 5295 gloriﬁcatur.
924 5217 1027 5275 Per
1060 5218 1160 5274 hos
1186 5226 1298 5274 tres
1324 5217 1637 5289 signiﬁcan-

35 5323 126 5373 tur
154 5318 263 5373 tria
309 5331 525 5389 genera
570 5312 913 5386 patientium.
960 5310 1065 5366 Per
1109 5310 1392 5365 sinistrum
1439 5309 1640 5380 quippe

28 5407 308 5466 latronem
343 5406 735 5478 signiﬁcantur
761 5403 836 5458 illi
881 5403 972 5473 qui
1020 5415 1118 5471 pro
1144 5401 1379 5472 peccatis
1403 5401 1517 5456 suis
1543 5398 1640 5455 ﬂa-

32 5500 214 5572 gellati
264 5516 386 5556 non
441 5498 822 5559 emendantur,
854 5494 948 5549 sed
981 5501 1324 5547 murmurant
1366 5499 1423 5546 et
1461 5492 1641 5563 magis

32 5593 449 5665 reprobantur.
480 5589 584 5645 Per
612 5589 858 5643 dextrum
881 5600 1011 5641 vero
1033 5584 1298 5639 latronem
1324 5582 1641 5655 signiﬁcan-

37 5695 126 5739 tur
154 5685 236 5741 illi
271 5684 372 5755 qui
411 5696 513 5753 pro
555 5679 798 5752 peccatis
825 5676 941 5731 suis
969 5674 1219 5747 ﬂagellati
1261 5675 1639 5742 emendantur,

26 5780 241 5842 gratias
300 5784 487 5845 agunt
520 5783 574 5830 et
604 5771 902 5829 salvantur.
944 5766 1051 5823 Per
1093 5766 1370 5825 Christum
1411 5781 1542 5827 vero
1569 5769 1643 5826 si-

1740 4583 2001 4638 passurus
2028 4576 2180 4633 erat,
2233 4570 2689 4639 appropinquare.
2724 4569 2874 4636 Quod
2920 4567 3044 4623 ideo
3072 4568 3237 4635 fecit,
3268 4582 3328 4626 ut

1740 4661 2146 4716 demonstraret
2167 4673 2226 4716 se
2247 4661 2467 4730 quando
2490 4660 2735 4730 oportuit
2755 4668 3109 4730 spontaneam
3139 4660 3327 4716 subire

1738 4754 2074 4822 passionem.
2120 4752 2352 4820 Quando
2382 4752 2548 4822 igitur
2586 4752 2780 4827 (latuit,
2818 4751 2965 4806 dedit
2993 4751 3327 4822 imperfectis

1738 4844 2043 4914 exemplum
2092 4844 2313 4899 latendi.
2370 4842 2598 4910 Quando
2657 4842 2815 4896 morti
2865 4843 3132 4910 occurrit,
3179 4844 3326 4901 dedit

1739 4935 1998 5007 perfectis
2019 4934 2329 5005 exemplum
2353 4934 2514 4989 morti
2534 4932 2875 4988 occurrendi.
2898 4932 3126 5000 Quando
3147 4934 3323 5002 latuit,

1740 5030 1872 5085 fecit
1898 5029 2042 5101 quod
2066 5036 2187 5084 erat
2216 5027 2421 5083 carnis.
2454 5026 2679 5094 Quando
2708 5028 2866 5081 morti
2892 5028 3166 5106 occurrit,
3194 5025 3325 5089 fecit

1740 5124 1883 5192 quod
1913 5131 2034 5177 erat
2072 5120 2315 5190 spiritus.
2364 5118 2526 5174 Juxta
2562 5120 2706 5191 quod
2756 5120 2869 5188 ipse
2917 5120 3040 5175 ait:
3091 5119 3322 5188 Spiritus

1738 5214 1949 5285 quidem
1990 5222 2262 5283 promptus
2305 5220 2402 5278 est,
2442 5227 2567 5266 caro
2613 5222 2790 5265 autem
2845 5210 3057 5280 inﬁrma
3099 5210 3321 5283 (Matth.

1742 5311 1916 5378 χχιιι).
1950 5304 2212 5362 Similiter
2247 5304 2464 5375 quando
2492 5304 2609 5359 ait:
2642 5302 2832 5359 Tristis
2866 5313 2942 5358 est
2984 5304 3162 5359 anima
3205 5320 3321 5360 mea

1740 5416 1904 5471 usque
1939 5399 2008 5453 ad
2048 5409 2266 5452 mortem
2304 5396 2513 5468 (ibid.),
2564 5395 2703 5451 dixit
2750 5394 2894 5465 quod
2924 5404 3043 5452 erat
3072 5395 3323 5451 humani-

1742 5494 1894 5549 tatis.
1917 5490 2146 5560 Quando
2172 5505 2302 5546 vero
2337 5489 2475 5545 dixit
2499 5506 2513 5542 :
2546 5486 2717 5544 Nemo
2735 5488 2874 5543 tollit
2897 5488 3132 5542 animam
3150 5500 3319 5540 meam

1740 5604 1776 5641 α
1804 5603 1917 5655 me,
1955 5588 2045 5640 sed
2066 5601 2160 5656 ego
2188 5599 2324 5655 pono
2361 5597 2477 5637 eam
2504 5580 2685 5652 (Joan.
2719 5582 2811 5651 x),
2847 5580 2984 5636 dixit
3029 5578 3170 5648 quod
3200 5586 3320 5632 erat

1743 5673 2066 5732 divinitatis.
2102 5674 2307 5738 Itaque,
2353 5670 2547 5726 fratres
2582 5670 2722 5737 mei,
2759 5670 3012 5727 Christus
3045 5666 3227 5723 carnis
3265 5675 3322 5721 et

1745 5770 2001 5842 spiritus,
2034 5765 2269 5825 hominis
2307 5774 2383 5835 et,
2409 5762 2540 5830 Dei,
2570 5777 2751 5819 veram
2795 5764 2847 5818 iu
2878 5776 2937 5820 se
2984 5757 3320 5830 exprimebat
