3822 6316
497 354 633 419 i851

1498 336 1846 397 ADDENDA.
1887 362 1956 375 -—
1992 327 2343 387 RADULPHI
2382 325 2727 383 ARDENTIS
3578 325 3666 384 me

495 478 769 526 naturam.
801 464 1191 521 Verumtamen
1237 459 1571 515 Voluntatcm
1618 453 1840 523 spiritus
1882 448 2070 505 volun-
2101 453 2145 510 Α
2177 443 2413 505 ruerint,
2440 440 2643 510 lapides
2681 438 2980 493 clamabunt
3026 434 3184 505 (Luc.
3219 434 3357 505 xix).
3393 433 3516 500 Sed.
3540 436 3667 499 intres

498 559 593 615 tati
651 557 871 624 carnis,
921 556 1252 610 voluntatem
1311 535 1561 604 divinam
1608 544 1862 598 humana:
1929 553 2075 608 prae-

496 648 730 705 ferebat.
778 645 932 701 Unde
979 658 1102 701 cum
1156 639 1449 697 secundum
1483 632 1873 689 humanitatem
1905 627 2076 684 dixis-

495 746 622 794 set:
651 737 904 791 Transent
943 752 979 789 a
1020 748 1101 787 me
1141 729 1280 786 calix
1319 728 1417 781 iste
1466 722 1680 793 (Matth.
1715 719 1905 789 xxvr),
1947 731 2075 771 mox

496 830 733 885 divinam
779 828 1110 884 voluntatem
1157 824 1206 878 ei
1251 816 1670 891 prmponendam
1702 826 1823 867 esse
1851 809 2077 865 demon-

494 931 635 979 strat
658 964 673 987 ,
701 938 822 977 cum
871 921 1051 976 subdit
1082 932 1098 970 :
1127 914 1248 969 Non
1294 925 1467 965 tamen
1490 908 1629 979 quod
1659 922 1752 976 ego
1791 901 1908 958 volo
1930 941 1947 966 ,
1983 900 2074 955 sed

492 994 652 1084 quod’
685 1025 740 1068 tu
800 1010 994 1085 (ibid.).
1028 1007 1134 1062 Nos
1185 1017 1425 1074 quoque,
1476 999 1693 1063 fratres,
1745 996 1956 1065 quoties
2008 1007 2073 1048 ex

494 1103 812 1160 inﬁrmitate
859 1098 1038 1155 carnis
1084 1094 1287 1163 aliquid
1334 1091 1615 1153 volumus,
1664 1103 1786 1143 mox
1828 1099 1925 1140 nos
1983 1097 2076 1137 re-

496 1197 896 1266 prehendamus
963 1189 1211 1260 exemplo
1282 1185 1506 1250 Christi,
1541 1191 1778 1238 nostram
1826 1177 2078 1266 volunta-

496 1265 602 1342 tem
651 1285 845 1340 divina:
913 1278 1177 1336 voluntati
1245 1276 1576 1338 subdant-us,
1629 1271 1871 1327 dicentes
1924 1265 2076 1321 εγε-

490 1384 829 1438 rumtamen,
860 1372 1086 1427 Domine
1111 1412 1126 1437 ,
1166 1386 1272 1424 non
1317 1376 1502 1421 nostra
1536 1363 1789 1419 voluntas
1810 1400 1823 1422 ,
1863 1359 1957 1413 sed
1984 1366 2075 1412 tua

492 1470 606 1525 ﬁat.
641 1470 891 1524 Secundo
939 1463 1393 1523 considerandum
1444 1468 1553 1520 est,
1595 1469 1764 1526 quare
1815 1451 2077 1507 Dominus

490 1559 632 1615 duos
672 1557 967 1627 discipulos
1006 1554 1194 1611 solitus
1242 1560 1360 1608 erat
1407 1551 1620 1603 mittere
1667 1545 1733 1599 ad
1778 1545 2077 1615 praedican-

490 1653 650 1715 dmn,
681 1651 765 1705 vel
814 1651 882 1704 ad
929 1646 1278 1718 quaerendum
1310 1641 1640 1712 hospitium,
1678 1638 1759 1692 vel
1809 1641 1876 1691 ad
1908 1635 2075 1689 addu-

490 1740 721 1799 cendum
750 1742 959 1796 asinam
981 1780 996 1806 ,
1030 1737 1113 1793 vel
1150 1739 1216 1791 ad
1242 1735 1445 1805 aliquid
1478 1732 1621 1786 aliml
1669 1728 1956 1806 agendum.
1991 1724 2075 1783 οι)

2177 534 2315 599 ιιιεὶ,
2354 531 2620 587 exultatio
2667 529 2905 593 Christi,
2942 528 3207 599 quoniam
3260 527 3576 584 humilitatem
3608 531 3668 587 lu—

2175 626 2312 692 buit,
2327 625 2732 679 fundamentum
2754 622 2918 677 stabit
2939 621 2994 674 in
3017 629 3309 675 :eteruurn.
3331 618 3557 685 Quaasivit
3571 624 3666 679 enim

2177 718 2410 791 gloriam
2444 732 2548 771 non
2580 730 2756 780 suam,
2789 714 2884 770 sed
2927 713 3129 768 Patris.
3161 714 3421 768 Ascendit
3466 728 3548 769 non
3570 731 3671 785 super

2177 823 2375 879 equum
2422 806 2719 875 superbire,
2773 805 2870 860 Sed
2920 820 3093 876 super
3143 804 3358 859 asinam
3423 804 3675 862 humilitatis.

2179 901 2473 970 Susceptus
2506 898 2609 953 fuit
2637 914 2760 953 cum
2789 898 3069 958 laudibus,
3103 910 3212 950 non
3251 895 3324 949 ab
3362 896 3677 964 adulatorum,

2178 992 2272 1044 sed
2298 1005 2327 1042 a
2353 988 2690 1058 simplicibus
2714 988 2801 1056 qui
2838 988 3092 1040 nesciunt
3125 985 3365 1040 adulari.
3396 985 3451 1038 In
3485 1002 3568 1056 quo
3595 1003 3680 1042 rou-

2178 1080 2481 1136 futrdutttur
2508 1080 2580 1133 illi
2611 1081 2701 1150 qui
2733 1091 3029 1150 antequam
3060 1080 3238 1134 sciant
3290 1078 3685 1145 humiliari,en|—

2179 1172 2279 1228 tari
2338 1172 2559 1236 volunt,
2615 1188 2738 1227 cum
2789 1173 3052 1242 scriptum
3083 1173 3151 1226 sit
3185 1189 3201 1224 :
3235 1169 3473 1224 Gloriam
3509 1173 3683 1240 prendit

2177 1263 2448 1318 humilitas
2498 1261 2681 1333 (Prov.
2730 1268 2842 1333 xv).
2893 1261 3319 1318 Conlnnduntur
3344 1273 3400 1315 et
3429 1263 3496 1315 illi
3519 1263 3590 1331 qui
3608 1264 3688 1334 glo-

2179 1357 2314 1412 riam
2356 1372 2542 1422 suam,
2594 1372 2702 1411 non
2751 1357 2843 1412 Dei
2891 1364 3186 1425 quaerunt,
3239 1355 3334 1423 qui
3395 1369 3539 1423 super
3571 1370 3691 1424 arvos

2177 1450 2491 1520 phaleratos
2515 1460 2736 1505 ventose
2765 1449 3055 1512 incedunt,
3105 1448 3199 1517 qui
3249 1446 3463 1501 laudem
3484 1447 3542 1501 ab
3563 1447 3695 1501 adula-

2180 1541 2389 1596 toribus
2438 1540 2644 1594 volunt.
2697 1540 2899 1607 Quinto
2945 1537 3350 1594 consideranda
3393 1546 3500 1601 est,
3554 1538 3697 1593 fratres

2178 1634 2282 1689 mei
2305 1673 2319 1701 ,
2352 1632 2556 1687 veteris
2585 1645 2638 1687 et
2668 1647 2821 1687 novae
2868 1631 3003 1701 legis
3049 1630 3414 1685 consonantia
3432 1670 3448 1693 ,
3476 1631 3640 1696 pariter
3660 1639 3700 1686 et

2181 1722 2515 1794 adimpletio.
2535 1722 2851 1792 Assumptio
2868 1722 3016 1777 enim
3046 1719 3172 1792 agni
3199 1718 3471 1790 paschalis
3484 1720 3530 1772 in
3545 1719 3701 1775 decima

490 1834 755 1905 duplicem
786 1803 1006 1888 causam
1039 1831 1245 1899 utique,
1276 1803 1534 1896 quoniam
1570 1825 1621 1877 in
1650 1803 1859 1876 duob‘us
1882 1829 2071 1875 osten-
2106 1805 2151 1865 Β
2183 1816 2394 1879 luna,et
2420 1815 2717 1870 immolatio
2740 1816 2795 1869 in
2820 1823 3020 1885 quarta
3043 1810 3448 1879 decima,juxta
3465 1812 3701 1878 quodscri-

489 1926 638 1980 ditur
673 1923 921 1979 veritatis
952 1920 1323 1975 testimonium
1353 1925 1407 1971 et
1434 1912 1722 1970 charitatis
1747 1910 2073 1979 exemplum.

490 2017 754 2071 Veritatis
786 2013 1180 2077 testimonium,
1210 2010 1465 2080 quoniam
1512 2008 1563 2060 in
1589 2020 1687 2060 ore
1731 2004 1958 2058 duorum
1991 2001 2075 2055 vel

491 2106 656 2162 trium
709 2105 1077 2161 testimonium
1125 2111 1237 2158 stat
1282 2112 1442 2155 omne
1468 2096 1691 2152 verbum
1722 2094 1900 2165 (Dent.
1939 2091 2073 2162 XIX).

492 2194 786 2253 Charitalis
829 2196 1172 2266 exemplum,
1223 2193 1478 2264 quoniam
1525 2204 1632 2245 non
1680 2188 1858 2243 minus
1911 2200 2075 2257 quam

492 2289 635 2343 inter
663 2288 796 2343 duos
820 2303 975 2342 amor
999 2285 1292 2341 cbaritatis
1316 2284 1741 2338 demonstratur.
1768 2278 1920 2335 Unde
1951 2279 2075 2345 hoc,

494 2378 699 2449 inquit,
735 2378 932 2432 mando
960 2376 1116 2431 vobis
1146 2385 1205 2430 ut
1239 2374 1478 2445 diligatis
1510 2373 1765 2427 invicem.
1800 2370 1916 2425 Duo
1944 2384 2077 2439 ergo

493 2469 805 2534 mittuntur,
847 2476 908 2523 ut
935 2481 1175 2523 consono
1196 2466 1365 2520 verbo
1387 2471 1442 2519 et
1471 2462 1751 2532 exemplo,
1790 2461 2074 2516 veritatem

493 2560 793 2630 praedicent
820 2568 876 2615 et
900 2561 1241 2616 charitatem.
1272 2556 1381 2612 Nos
1411 2568 1570 2625 ergo,
1602 2554 1821 2618 fratres,
1857 2554 2076 2623 quando

496 2649 550 2703 in
583 2649 814 2703 veritate
838 2657 894 2703 et
916 2649 1189 2703 charitate
1218 2648 1283 2701 ad
1315 2647 1543 2701 invicem
1571 2658 1951 2708 consonamns,
1977 2659 2078 2699 nos

494 2755 617 2796 esse
647 2740 939 2808 discipulos
969 2741 1171 2797 Christi
1197 2742 1655 2795 demonstramns.
1687 2740 1915 2807 Quando
1945 2752 2076 2792 vero

494 2832 664 2901 (quod
696 2832 897 2903 absit!)
929 2848 958 2886 a
993 2833 1220 2888 veritate
1263 2842 1320 2888 et
1354 2835 1628 2889 charitate
1671 2833 2074 2896 diseordamus,

494 2936 601 2976 non
626 2922 871 2987 Christi,
901 2924 995 2977 sed
1029 2924 1200 2994 magis
1245 2924 1444 2979 diaboli
1493 2940 1593 2980 nos
1626 2924 1923 2993 discipulos
1950 2938 2078 2980 esse

493 3014 954 3070 demonstraruns.
980 3013 1167 3068 Tertio
1196 3028 1320 3070 vero
1346 3015 1802 3071 considerandum
1831 3025 1919 3070 est
1941 3030 2078 3084 quo-

497 3103 658 3159 modo
690 3103 834 3157 Deus
862 3103 1101 3158 ostendit
1126 3118 1186 3159 se
1212 3119 1397 3159 veram
1424 3106 1625 3159 habere
1653 3104 1988 3160 divinitatem
2020 3106 2073 3160 in

494 3207 563 3250 eo
591 3194 735 3265 quod
770 3194 950 3251 futura
981 3205 1238 3266 tanquam
1269 3197 1560 3267 prazsentia
1594 3205 1776 3251 narrat
1800 3236 1815 3260 ,
1845 3206 1899 3251 et
1929 3198 2074 3267 quod

493 3286 659 3341 corda
689 3286 966 3342 hominum
992 3301 1052 3342 se
1092 3286 1348 3359 praescire
1367 3286 1725 3342 demonstrat.
1749 3285 1907 3342 Scire
1928 3288 2075 3342 enim

494 3376 674 3433 futura
724 3387 980 3448 tanquam
1030 3379 1348 3449 praesentia.
1389 3387 1445 3433 et
1492 3380 1746 3448 praescire
1797 3380 2074 3457 homiupm

500 3468 664 3523 corda
688 3468 859 3524 solius
889 3469 1190 3524 divinitatis
1237 3477 1342 3524 est.
1397 3467 1567 3523 Porro
1599 3469 1777 3524 futura
1820 3479 2076 3540 tanquam

496 3561 787 3627 praesentia
816 3575 877 3614 se
913 3560 1056 3615 scire
1083 3560 1454 3626 demonstrat,
1491 3575 1616 3615 cum
1644 3560 1759 3615 ait:
1797 3560 2078 3615 Invenietis

495 3648 700 3702 asinam
725 3649 998 3720 alligatam
1035 3661 1081 3704 et
1122 3649 1328 3720 pullam
1353 3668 1468 3705 cum
1493 3668 1573 3706 ea.
1600 3651 1776 3707 Corda
1802 3653 2077 3708 hominum

496 3754 556 3794 se
586 3744 840 3810 praescire
871 3744 1237 3807 demonstrat.
1266 3760 1389 3798 cum
1420 3744 1605 3798 subdit
1631 3761 1643 3797 :
1672 3744 1803 3797 Etsi
1829 3746 1946 3815 quis
1986 3748 2081 3800 ali-

494 3834 622 3903 quid
647 3834 786 3889 vobis
808 3835 1022 3901 dixerit,
1040 3836 1202 3889 dicite
1225 3837 1348 3905 quia
1374 3834 1629 3889 Dominus
1651 3834 1733 3893 his
1757 3852 1886 3904 opus
1903 3837 2077 3901 habet,

495 3932 548 3979 et
584 3926 862 3995 confestim
903 3926 1132 3981 dimittet
1180 3943 1287 3981 eos.
1320 3926 1430 3982 Nec
1474 3925 1645 3981 solum
1694 3924 1893 3995 quippe
1934 3927 2082 3982 novit

494 4018 662 4071 corda
695 4017 1006 4083 hominum,
1055 4018 1153 4074 sed
1195 4018 1359 4073 etiam
1406 4031 1470 4071 ea
1524 4031 1630 4086 quo
1674 4014 1788 4070 vult
1835 4016 2077 4072 inclinat.

495 4107 632 4164 Nam
661 4109 728 4164 de
755 4125 820 4164 eo
847 4111 1109 4180 scriptum
1138 4119 1221 4166 est
1270 4127 1283 4163 :
1335 4108 1440 4175 Qui
1482 4118 1649 4163 mutat
1689 4108 1850 4162 corda
1901 4124 2079 4179 regunt

499 4196 688 4267 (Prov.
738 4202 877 4269 χιιι).
926 4200 1156 4256 Oremus
1203 4216 1336 4272 ergo
1366 4215 1526 4266 eum,
1580 4199 1810 4265 fratres,
1856 4212 1915 4254 ut
1964 4203 2081 4270 ipse

497 4289 665 4344 corda
694 4300 878 4346 nostra
911 4292 964 4346 in
998 4293 1192 4347 melius
1217 4299 1536 4356 commutet,
1558 4300 1614 4347 et
1658 4292 1727 4347 ad
1748 4291 2079 4363 sequendam

494 4393 655 4436 suam
705 4382 1035 4438 voluntatem
1068 4383 1309 4439 inclinet.
1363 4383 1576 4451 Quarto
1624 4383 2078 4440 considerandum

496 4481 616 4539 est,
653 4488 773 4529 cum
805 4472 1068 4530 Dominus
1092 4490 1308 4546 semper
1332 4477 1411 4532 ire
1437 4476 1602 4547 pedes
1639 4476 1871 4541 soleret,
1907 4489 2077 4545 quare

497 4564 601 4620 hac
624 4567 745 4623 vice
778 4566 1083 4623 vehiculum
1112 4569 1381 4638 quaisivit.
1415 4568 1567 4636 Quod
1599 4568 1719 4623 ideo
1750 4568 1876 4623 fecit
1898 4608 1915 4634 ,
1945 4568 2072 4638 quia

496 4659 1024 4730 appropinquaverat
1050 4668 1264 4731 tempus
1294 4675 1401 4729 quo
1430 4661 1545 4730 ipse
1574 4669 1697 4715 erat
1735 4661 2074 4715 exaltandus.

500 4746 654 4806 Unde
680 4750 795 4820 ipse
819 4792 834 4818 ,
866 4753 1182 4808 imminente
1211 4753 1498 4821 passione,
1530 4753 1606 4806 ait
1643 4768 1657 4806 :
1703 4751 1885 4820 Pater,
1923 4752 2080 4806 clari-

495 4839 599 4908 βω
645 4858 830 4897 nomen
874 4854 1041 4897 tuum.
1080 4842 1227 4897 Venit
1270 4846 1401 4898 hora
1445 4854 1499 4896 ut
1544 4843 1865 4912 clnriﬁcetnr
1899 4842 2075 4899 Filius

495 4941 619 4989 tuus
647 4934 829 5004 (Joan.
860 4934 1015 5006 xvu).
1052 4935 1115 4989 Et
1155 4934 1317 4990 Pater
1345 4953 1358 4990 :
1391 4934 1725 5002 Clm'iﬁcavi,
1775 4936 1981 5006 inquit,
2026 4945 2074 4989 et

495 5026 690 5081 iterum
729 5026 1034 5096 clariﬁcabo
1088 5028 1283 5096 (ibid.).
1340 5028 1818 5099 Appropinquante
1880 5030 2077 5099 quippe

495 5117 750 5188 passione
770 5156 786 5184 ,
816 5116 1020 5185 majora
1047 5120 1215 5189 carpit
1243 5135 1425 5190 agere,
1452 5131 1507 5176 et
1538 5122 1779 5191 apertius
1805 5122 2076 5191 altiusque

498 5211 795 5282 prmdicare
819 5252 833 5277 ,
860 5214 1039 5266 acrius
1065 5211 1282 5269 Iudaeos
1308 5216 1704 5285 reprehendere
1722 5252 1737 5279 ,
1782 5213 1963 5283 plures
1990 5229 2076 5270 se-

497 5318 622 5358 cum
668 5303 884 5359 ducere.
939 5302 1255 5359 lmmineute
1299 5306 1496 5377 quippe
1544 5306 1829 5375 passione,
1868 5311 2075 5377 quatri-

498 5394 732 5449 duauum
767 5395 1107 5450 resuscitavit
1151 5396 1340 5469 (Joan.
1383 5398 1521 5468 xu),
1548 5397 1891 5453 divinitatem
1920 5414 2074 5454 suam

498 5496 684 5554 aperte
704 5486 1016 5556 prtedicavit
1034 5528 1047 5553 ,
1083 5501 1246 5559 super
1270 5489 1477 5544 asinam
1521 5488 1716 5544 sedens
1742 5487 2074 5544 Hierusalem

497 5577 676 5644 venit,
702 5586 805 5632 et‘a
833 5578 1031 5649 populo
1057 5593 1180 5634 cum
1205 5579 1411 5635 honore
1435 5588 1716 5654 susceptus
1745 5587 1829 5634 est
1854 5578 2073 5651 (Matth.

496 5666 636 5736 xxr).
686 5666 750 5722 Et
798 5667 984 5723 laudes
1013 5669 1216 5740 populi,
1256 5685 1417 5739 quem
1443 5679 1570 5725 ante
1596 5679 1776 5725 tacere
1798 5671 2076 5742 principle-

497 5756 619 5823 bat,
646 5758 805 5815 modo
830 5774 935 5814 non
963 5759 1255 5828 relutavit,
1288 5760 1383 5816 sed
1413 5760 1592 5832 potius
1617 5760 1753 5817 dixit
1785 5780 1796 5817 :
1832 5760 1889 5818 Si
1913 5762 1965 5818 hi
1994 5774 2074 5819 ta-

2182 1920 2333 1978 ptum
2362 1918 2448 1965 est
2478 1926 2492 1963 :
2528 1907 2742 1963 Decima
2769 1908 2855 1962 die
2883 1907 3076 1961 mensis
3098 1906 3263 1974 hujus
3297 1905 3446 1959 tollat
3488 1907 3701 1975 unusquis-

2177 2017 2276 2071 qne
2306 2015 2521 2071 agnum,
2542 2009 2590 2054 et
2619 1999 2916 2054 servabitur
2942 2014 3111 2069 usque
3139 2000 3208 2052 ad
3233 2007 3476 2068 quartam
3503 1998 3704 2051 decim

2179 2093 2397 2156 diem,et
2423 2102 2547 2145 tunc
2576 2091 3020 2145 intntolabiturad
3044 2107 3315 2159 vesperum
3334 2089 3523 2160 (Exod.
3546 2090 3641 2161 xu).
3666 2091 3703 2144 ia

2180 2185 2296 2254 ipso
2318 2182 2606 2251 adimpleta
2633 2191 2736 2239 est.
2772 2184 3028 2239 Christus
3050 2183 3195 2237 enim
3222 2182 3311 2237 die
3335 2182 3558 2247 decima,
3585 2183 3628 2236 id
3646 2192 3707 2237 est

2181 2275 2339 2332 hodie
2370 2278 2517 2331 vrnit
2547 2277 2868 2338 Jerusalem.
2917 2289 2973 2332 et
3023 2286 3218 2347 quarta
3273 2277 3481 2331 decima
3527 2278 3615 2340 die,
3660 2280 3708 2331 ad

2179 2384 2319 2439 vrsp.
2344 2386 2462 2425 rum
2483 2381 2693 2441 captus,
2728 2372 2796 2425 ad
2825 2372 3105 2425 victimam
3130 2371 3328 2425 ductus
3356 2369 3709 2438 est.Prophetia

2178 2459 2477 2524 Zacharize,
2501 2461 2614 2516 haec
2635 2462 2872 2518 scilicet:
2894 2461 3218 2516 Nolitimere
3238 2461 3356 2529 [ilia
3374 2460 3631 2532 Sien,qttia
3644 2479 3713 2516 res

2177 2564 2297 2606 tuus
2329 2555 2462 2607 venit
2488 2565 2792 2610 mansuetus
2822 2554 2942 2620 tibi,
2970 2553 3156 2609 sedens
3190 2570 3352 2621 super
3372 2554 3564 2622 pullum
3588 2556 3715 2608 asin

2177 2640 2362 2713 (Zach.
2395 2646 2494 2713 rx),
2536 2646 2588 2701 iu
2627 2646 2744 2715 ipso
2769 2645 3063 2716 adimplcta
3087 2653 3189 2700 est.
3216 2643 3359 2699 Laus
3382 2649 3538 2701 etiam
3563 2660 3717 2715 puero-

2179 2747 2326 2799 rum,
2366 2732 2520 2800 juxta
2548 2736 2690 2804 qnod
2714 2737 2977 2805 scriptum
3000 2745 3090 2791 est
3121 2754 3134 2788 :
3171 2736 3259 2790 Ea:
3287 2754 3379 2791 ore
3408 2736 3662 2806 infantiam
3680 2748 3717 2789 et

2177 2821 2487 2879 laetantium
2515 2825 2780 2896 perfecisti
2826 2826 3040 2880 laudem
3069 2826 3247 2897 (Psal.
3278 2828 3430 2895 rm),
3467 2829 3519 2882 in
3545 2827 3719 2883 Christo

2177 2916 2463 2986 aditnpleta
2512 2928 2618 2975 est.
2660 2918 2776 2988 Ipsa
2809 2921 2974 2975 etiam
3029 2921 3146 2976 laus
3194 2921 3263 2974 de
3299 2920 3509 2989 psalmo
3546 2932 3721 2990 sumpt:

2177 3019 2281 3064 est.
2310 3010 2406 3065 Ubi
2430 3013 2574 3067 enim
2597 3028 2697 3068 nos
2722 3012 2974 3077 dicimus,
3001 3013 3047 3068 0
3083 3014 3332 3078 Domine,
3357 3016 3526 3077 saluta
3545 3033 3616 3069 me
3638 3018 3722 3084 far,

2182 3099 2454 3159 lla'bracus
2506 3104 2689 3170 habet,
2738 3104 3017 3170 "osanna,
3068 3108 3195 3162 bene
3238 3125 3575 3177 prosperare,
3606 3109 3729 3162 bette-

2176 3190 2348 3247 dictus
2364 3195 2456 3262 qui
2470 3207 2715 3249 venturus
2736 3212 2809 3251 est
2828 3198 2880 3251 in
2903 3198 3113 3252 nomine
3136 3198 3353 3253 Domini
3374 3196 3547 3268 (Psal.
3564 3202 3728 3263 emt).

2177 3282 2603 3342 Condensitates
2631 3289 2933 3359 palmarum
2960 3300 3018 3346 et
3040 3307 3344 3357 ramorum,
3394 3292 3465 3346 de
3486 3292 3665 3361 quibus
3687 3292 3735 3345 in

2176 3375 2387 3446 psalmo
2413 3377 2612 3434 dicitur
2644 3397 2658 3434 :
2696 3379 3010 3437 Canstituite
3039 3382 3180 3439 diem
3227 3383 3515 3438 solemnem
3538 3383 3592 3436 in
3629 3400 3736 3437 ean-

2177 3470 2354 3527 densis
2377 3472 2551 3543 (ibid)
2572 3513 2585 3535 ,
2622 3474 2782 3529 hodie
2811 3475 2862 3528 in
2896 3475 3117 3531 Christo
3144 3474 3454 3544 adimpletaa
3476 3485 3615 3530 sunt.

2249 3561 2472 3633 Mystice
2519 3579 2668 3629 vero,
2704 3564 2901 3620 fratres
2930 3567 3060 3627 mei.
3104 3567 3367 3622 Dominus
3415 3569 3483 3620 ad
3522 3576 3738 3625 utentem

2178 3650 2395 3716 Oliveti,
2436 3656 2489 3709 id
2525 3667 2609 3711 est
2655 3660 2721 3710 ad
2772 3658 3110 3713 altitudinem
3165 3659 3556 3714 misericordia:
3596 3660 3739 3722 venit,

2179 3744 2393 3811 quando
2434 3760 2529 3814 per
2554 3763 2771 3801 carnem
2816 3751 2883 3801 ad
2914 3749 3291 3804 redimendum
3330 3748 3628 3806 Jerusalem
3668 3767 3745 3819 ap-

2179 3835 2584 3904 propinquavit.
2639 3836 2765 3892 Inde
2818 3840 2967 3893 misit
3014 3839 3286 3909 duplicem
3345 3843 3743 3912 pacilio-domu

2178 3924 2616 3988 ordinemmnum
2643 3929 2707 3982 ad
2724 3928 3100 3984 adducendth
3126 3946 3223 4001 per
3237 3930 3400 3986 (idem
3429 3933 3639 4001 plebem
3667 3931 3747 3987 Ju-

2179 4012 2440 4077 daeorum,
2466 4016 2692 4069 alterum
2716 4016 2782 4070 ad
2811 4018 3184 4073 adducandum
3218 4021 3479 4089 populum
3507 4022 3746 4092 gentium.

2177 4103 2378 4160 Asinus
2400 4116 2483 4159 cst
2526 4108 2726 4160 animal
2753 4120 3116 4178 mansuetum,
3143 4112 3390 4177 brutum,
3420 4112 3751 4173 laboriosum,

2178 4205 2233 4250 et
2262 4195 2477 4251 utilitati
2512 4199 2776 4253 deditum.
2809 4200 2872 4255 Et
2905 4201 3043 4257 Deus
3065 4204 3263 4273 quanit
3299 4216 3645 4266 mansuetos,
3671 4219 3752 4257 se

2179 4287 2301 4342 culo
2328 4289 2540 4353 stultos,
2570 4290 2890 4356 laboriosos,
2921 4304 2975 4346 et
3009 4295 3229 4349 utilitati
3269 4298 3655 4365 proximorum
3683 4298 3753 4349 dc-

2178 4380 2339 4437 ditos.
2371 4381 2472 4435 Per
2517 4384 2724 4438 asinam
2774 4385 2955 4455 igitur,
2998 4403 3117 4456 qua:
3162 4388 3469 4460 subjugalis
3524 4399 3585 4444 et
3609 4399 3755 4443 mater

2106 4510 2157 4572 υ
2180 4482 2316 4541 erat,
2338 4473 2675 4572 signiﬁcatur
2702 4476 2850 4546 plebs
2866 4475 3198 4542 Judmorum,
3220 4496 3344 4549 quae
3368 4482 3477 4536 sub
3489 4481 3629 4552 jugo
3650 4481 3758 4550 legis

2180 4574 2318 4630 erat,
2345 4574 2401 4619 et
2440 4564 2618 4635 pupuli
2651 4566 2891 4636 gentium
2933 4583 3030 4637 per
3060 4569 3218 4624 Iidem
3263 4581 3444 4625 mater
3484 4583 3631 4627 erat.
3680 4570 3757 4624 Pa

2181 4653 2384 4723 pullum
2418 4670 2546 4709 vero
2586 4656 2813 4710 liberum
2846 4667 2901 4712 et
2950 4657 3246 4725 lascivum,
3295 4663 3645 4731 exprimitur
3684 4679 3761 4730 pe-

2180 4745 2337 4815 pulus
2360 4748 2625 4816 gentium.
2656 4747 2747 4816 qui
2778 4748 2894 4802 sine
2921 4750 3036 4818 lege
3065 4757 3217 4812 erat,
3247 4761 3304 4821 et
3332 4754 3403 4808 ad
3435 4756 3757 4823 peccandum

2178 4839 2470 4895 dissolutus
2507 4849 2643 4895 erat.
2690 4840 2867 4910 Super
2887 4844 3077 4896 ambos
3107 4854 3317 4912 ponunt
3342 4847 3589 4914 apostoli
3626 4845 3761 4901 vesti-

2179 4942 2358 4986 menta
2392 4947 2511 4994 sua,
2544 4933 2760 5002 quando
2783 4943 2878 4987 eos
2901 4934 3165 4989 doctrinis
3188 4938 3536 5005 eVangelicis
3557 4947 3762 4993 oneras:

2177 5034 2232 5077 et
2263 5024 2549 5084 honorant,
2566 5034 2621 5075 ut
2649 5026 2700 5078 in
2718 5026 2798 5079 eis
2823 5025 3081 5081 Dominus
3097 5027 3307 5092 sedeat,
3330 5039 3390 5083 et
3417 5046 3525 5086 eos
3550 5032 3763 5102 regst

2177 5116 2233 5169 in
2273 5117 2551 5171 cmlestem
2581 5117 2882 5174 Jerusalem
2916 5118 3102 5173 ducat.
3140 5117 3490 5176 Vestimenta
3519 5140 3626 5178 sua
3650 5134 3761 5177 stcro

2178 5211 2390 5265 nuntin
2422 5212 2507 5265 via
2566 5211 2751 5277 activi,
2794 5211 2886 5281 qui
2942 5212 3007 5266 de
3059 5213 3224 5269 rebus
3279 5217 3691 5285 temporalibus
3724 5228 3761 5266 st

2176 5313 2456 5367 ementes.
2479 5319 2573 5361 eas
2595 5304 2647 5360 in
2670 5305 2990 5374 obsequium
3017 5305 3219 5362 Christi
3240 5308 3605 5379 suorumque
3627 5324 3765 5363 mea-

2178 5396 2398 5450 brorum
2442 5395 2773 5464 expendunt.
2801 5395 3001 5450 Ramo.
3032 5406 3098 5448 ne
3124 5400 3207 5451 ari
3229 5400 3422 5453 oribus
3458 5402 3707 5459 ezeduut,
3728 5404 3761 5445 ὅ

2177 5487 2233 5542 in
2264 5487 2347 5541 via
2380 5496 2629 5543 sternunt
2671 5488 3078 5558 przedicatores,
3136 5490 3229 5560 qui
3259 5491 3331 5546 de
3360 5491 3529 5548 libris
3566 5502 3765 5547 sentes»

2179 5577 2375 5631 tiarum
2410 5576 2693 5633 muralium
2719 5578 2969 5633 ﬂosculos
2999 5593 3335 5651 excerpunt,
3360 5572 3443 5637 ἐι
3474 5598 3586 5639 eos
3627 5582 3679 5635 in
3702 5579 3759 5629 vi:

2178 5669 2542 5724 membrorum
2568 5666 2768 5724 Christi
2798 5669 3156 5738 praetendunt.
3178 5670 3445 5728 llosauua
3468 5675 3524 5729 in
3559 5667 3763 5727 excelse

2175 5761 2413 5820 clamant
2439 5760 2865 5832 contemplativi,
2906 5763 2995 5833 qui
3034 5763 3237 5820 divinis
3270 5765 3536 5833 laudibus
3568 5775 3632 5822 et
3674 5775 3761 5816 ora
