3822 6316
76 425 180 485 1853

691 412 998 474 ιιοιιιιλιΑτ]
1019 415 1083 472 ΙΝ
1113 415 1328 473 EPIST.
1363 413 1450 472 ET
1477 413 1561 470 EV

1666 414 1728 472 ϐ.
1765 415 2064 477 DOMINIC.
2092 449 2166 463 υ-
2199 414 2380 476 PARS
2406 418 2448 474 Ι.

3140 427 3280 490 1838

72 544 260 601 tionibus
281 539 498 594 instant.
530 535 636 594 Nec
670 537 846 592 solum
875 535 1092 607 quidem
1115 535 1444 608 specialiter,
1488 535 1581 592 sed
1612 523 1659 597 Ᾰ
1691 547 1948 606 mentum,
1976 541 2116 611 quod
2143 541 2318 613 majus
2340 551 2425 598 est
2452 544 2664 602 caeteris
2680 555 2735 602 et
2757 545 2990 620 dignius,
3014 555 3280 612 accedere

67 645 109 692 et
131 630 428 705 generaliter
460 627 654 696 turben,
707 642 827 700 quae
856 627 1234 698 prtecedehant
1280 636 1334 682 et
1387 640 1588 698 seque-

67 729 242 788 bantur,
265 721 560 778 clamabant
586 720 862 787 llosanna,
911 722 1165 790 quoniam
1193 735 1382 776 omnes
1408 727 1464 775 et
1493 719 1586 789 qui

64 821 420 889 pus-cesserunt,
450 821 504 868 ct
531 813 619 884 qui
650 821 951 883 sequuntur
972 814 1262 868 adventum
1287 810 1507 876 Christi,
1529 810 1584 866 in

63 901 525 961 lideetconfessione
552 901 830 958 salvantur
859 902 1150 960 Dominicac
1170 902 1581 958 lncarnationis.

56 997 109 1054 Et
152 1011 243 1052 nou
284 995 447 1051 solum
495 994 918 1065 contemplativi,
969 996 1064 1052 sed
1099 996 1264 1052 etiam
1311 995 1470 1051 activi
1529 1003 1584 1051 et

57 1091 267 1148 doctores
293 1089 598 1161 frequenter
625 1089 824 1145 divinis
862 1087 1110 1145 laudibus
1140 1098 1195 1146 et
1241 1087 1583 1144 orationibus

53 1179 293 1237 intendere
319 1179 534 1237 debent.
568 1180 960 1252 Signiﬁcantur
997 1191 1179 1238 autem
1211 1182 1326 1237 haec
1356 1181 1456 1236 tria
1484 1182 1581 1236 ho-

51 1278 218 1333 minum
242 1290 447 1347 genera,
475 1290 572 1344 per
607 1273 739 1343 Noe,
775 1273 984 1342 Daniel,
1015 1285 1070 1332 et
1093 1273 1218 1342 Job,
1249 1291 1389 1346 quos
1430 1274 1577 1332 solos

45 1369 269 1443 propheta
298 1368 423 1425 dicit
451 1367 780 1426 liberandos.
809 1369 913 1424 Per
935 1367 1284 1440 Noc,quippe
1308 1378 1572 1435 rectores,

45 1479 120 1534 per
148 1461 320 1517 Daniel
351 1460 755 1534 contemplativi
803 1472 858 1518 et
884 1463 1040 1527 casti,
1073 1478 1169 1533 per
1195 1461 1296 1519 Job
1325 1463 1489 1518 activi
1518 1472 1576 1518 et

42 1553 217 1611 uxorati
241 1553 620 1624 signiﬁcantur.
651 1552 837 1625 Itaque
873 1553 1180 1620 fratres,illi
1205 1553 1303 1609 soli
1331 1554 1422 1625 qui
1452 1555 1575 1610 isto-

39 1664 136 1704 rum
158 1647 314 1702 vitam
346 1656 656 1713 tenuerunt,
681 1646 1054 1702 salvabuntur.
1101 1646 1201 1714 Qui
1232 1661 1362 1718 ergo
1391 1655 1574 1703 rector

36 1749 120 1804 est,
149 1739 368 1810 seipsum
392 1747 451 1795 et
477 1739 614 1795 alios
643 1739 781 1795 bene
809 1747 981 1810 regat,
1017 1741 1182 1797 verbo
1226 1749 1283 1796 et
1319 1739 1568 1811 exemplo

31 1847 107 1887 eos
149 1831 390 1899 instruat,
422 1830 584 1888 ﬁores
637 1831 922 1888 moralium
955 1835 1345 1890 sententiarum
1376 1834 1443 1890 ad
1473 1847 1567 1889 eos

30 1925 298 1994 pascendos
344 1936 629 1996 proponat.
663 1925 762 1994 Qui
791 1941 919 1982 vero
949 1925 1402 1996 contemplativus
1449 1934 1562 1992 est,

27 2014 192 2070 divinae
241 2014 380 2070 laudi
425 2026 482 2072 et
515 2017 750 2073 orationi
797 2016 1032 2084 insistat,
1083 2033 1184 2073 nec
1209 2018 1370 2072 ducat
1397 2016 1566 2072 vitam

26 2109 104 2164 otii
144 2118 194 2164 et
221 2109 470 2182 pigritia),
508 2109 600 2167 sed
648 2123 848 2182 quanto
879 2128 909 2166 a
952 2110 1147 2168 saeculo
1194 2119 1279 2166 est
1319 2108 1562 2175 liberior,

25 2211 147 2256 tanto
181 2201 372 2257 divinis
416 2201 488 2258 sit
518 2203 798 2259 intentior.
835 2202 1037 2259 Odorct
1063 2211 1118 2258 et
1146 2210 1456 2274 praegustet,
1512 2199 1566 2256 in

25 2294 92 2348 via
119 2294 441 2350 dulcedinem
483 2304 540 2351 et
583 2295 941 2362 suavitatem,
991 2310 1112 2366 quae
1148 2303 1233 2352 est
1281 2295 1334 2350 in
1365 2294 1564 2364 patria.

25 2385 113 2452 Qui
144 2401 263 2442 vero
285 2387 498 2444 activus
527 2397 581 2443 et
610 2397 868 2444 uxoratus
889 2396 993 2453 est,
1021 2387 1092 2442 ita
1124 2394 1250 2459 agat
1269 2389 1563 2453 exteriora,

25 2479 137 2550 quod
183 2496 284 2535 non
315 2480 670 2537 obliviscatur
715 2481 996 2546 interiora,
1049 2480 1129 2536 sic
1175 2489 1420 2536 transeat
1470 2495 1568 2550 per

25 2573 252 2641 recolunt,
303 2574 452 2646 quod
497 2591 604 2632 non
660 2576 1010 2632 obliviscatur
1054 2574 1244 2632 Deum.
1293 2572 1481 2631 Vestes
1511 2583 1567 2630 et

27 2668 290 2738 ctuporalia
310 2667 454 2724 bona
481 2669 745 2741 expendat
763 2671 814 2725 in
845 2686 971 2726 usus
986 2684 1284 2742 pauperum
1313 2678 1367 2726 et
1394 2685 1565 2726 mem-

25 2774 196 2814 irorum
227 2758 457 2816 Christi.
489 2760 571 2817 Sit
604 2761 901 2832 hospitator
925 2762 1358 2834 peregrinorum,
1390 2763 1563 2818 vesti-

25 2864 73 2907 or
94 2851 372 2920 nudorum,
407 2852 718 2925 redemptor
739 2857 1096 2927 captivorum,
1131 2855 1379 2912 visitator
1410 2856 1566 2910 inﬁr-

26 2960 203 3013 iorum,
235 2955 581 3003 sustentator
627 2963 947 3020 pauperum,
978 2948 1228 3005 defensor
1271 2949 1560 3006 viduarum

25 3046 42 3092 t
79 3038 424 3111 pupillorum,
466 3056 689 3097 uxorem
715 3050 768 3096 et
789 3040 986 3097 liberos
1017 3043 1212 3097 habeat
1243 3042 1379 3098 bene
1401 3041 1562 3098 disci-

25 3126 215 3200 linatos,
247 3130 518 3186 familiam
557 3131 979 3201 immaculatum,
1005 3133 1055 3188 in
1081 3149 1180 3190 usu
1217 3133 1560 3190 stecularium

27 3218 103 3276 :iat
138 3236 388 3292 quaerere
427 3231 480 3276 ct
531 3221 727 3278 lucrari
778 3223 1076 3279 Christum.
1109 3223 1201 3281 Sic
1237 3227 1338 3291 sic,
1365 3225 1562 3282 fratres

29 3314 95 3382 ei,
122 3315 370 3373 viventes
397 3332 527 3371 cum
557 3316 793 3385 Christo,
826 3319 879 3373 in
928 3317 1202 3374 caelestem
1251 3317 1556 3376 Jerusalem

28 3417 190 3474 :trare,
241 3417 466 3465 etcum
516 3424 582 3464 eo
615 3412 668 3464 in
723 3420 985 3466 mternum
1018 3411 1550 3482 viverefpoterimus,

27 3515 80 3557 so
114 3511 417 3573 praestante
446 3503 536 3574 qui
564 3519 684 3558 cum
716 3503 874 3559 Patre
901 3513 957 3558 et
982 3503 1184 3576 Spiritu
1217 3514 1403 3561 sancto
1431 3505 1564 3561 vivit

47 3606 230 3667 regnat
259 3596 412 3653 Deus
438 3596 494 3652 in
522 3606 806 3653 aeternum.
845 3600 1036 3653 Amen.

472 3712 816 3770 IIOMILIA
857 3711 1099 3770 XLVII.

621 3822 780 3862 C(ENA
813 3821 1018 3861 DONINI.

32 3897 483 3954 Conrementibus
509 3897 646 3951 vobis
676 3897 728 3950 in
760 3914 940 3964 unum,
968 3896 1086 3966 jam
1118 3912 1220 3951 non
1262 3904 1336 3950 est
1369 3893 1525 3950 Domi

29 4006 122 4043 tam
150 4006 363 4046 (cnam
382 3990 711 4044 manducare
736 3988 786 4061 (1
809 3988 932 4044 Cor.
958 3990 1043 4059 ιι),
1067 3998 1171 4044 etc.
1202 3987 1555 4045 lianclcctio-

29 4099 90 4147 Ill,
148 4081 360 4139 fratres
421 4081 758 4145 charissimi,
809 4089 957 4136 tanto
1009 4080 1326 4152 propensius
1367 4080 1555 4135 audire

32 4187 232 4240 remus,
287 4181 513 4244 quanto
544 4171 716 4242 magis
743 4173 1104 4226 necessarium
1143 4172 1195 4226 in
1252 4185 1317 4226 ea
1367 4168 1558 4225 salutis

31 4275 141 4321 atra:
169 4266 513 4322 continetur
552 4273 970 4320 saoa'atnentum.
1007 4263 1145 4318 Sunt
1190 4271 1370 4318 autem
1399 4262 1559 4334 hujus

31 4357 188 4412 tionis
229 4366 489 4430 quatuor
509 4361 688 4426 partes
715 4372 728 4408 :
760 4354 814 4410 In
839 4357 1012 4427 prima
1043 4355 1560 4428 reprehenditApo-

31 4449 103 4506 lus
130 4450 476 4507 Corinthios
514 4448 581 4504 de
605 4447 866 4503 abusione
902 4448 1225 4503 sacramenti
1253 4446 1464 4504 altaris.
1498 4447 1558 4503 In

31 4543 169 4599 unda
203 4541 391 4598 tradit
443 4539 674 4596 formam
705 4540 847 4596 illius
891 4540 1237 4596 sacramenti.
1288 4539 1344 4594 In
1394 4540 1554 4595 tertia

1689 629 1944 686 debemus
1967 635 2167 704 pransi,
2200 635 2294 690 sed
2315 636 2493 706 potius
2509 637 2679 708 jejuni
2707 648 2761 696 et
2789 642 2976 710 sobrii,
3002 645 3107 702 nisi
3131 645 3276 704 forte

1689 726 1984 782 necessitas
2038 737 2196 800 cogat
2241 729 2589 787 infirmitatis.
2639 731 2792 800 Quod
2819 737 2965 791 enim
3007 737 3272 798 Dominus

1689 813 1829 871 inter
1855 819 2227 886 prandendum
2261 821 2405 877 istud
2457 834 2856 882 sacramentum
2890 829 3130 896 tradidit,
3163 830 3274 890 hoc

1687 906 1808 964 ideo
1835 909 1984 978 fecit,
2011 921 2072 969 ut
2109 914 2176 970 de
2208 913 2492 986 ﬁgurativo
2514 918 2580 975 ad
2601 933 2789 975 verum
2832 920 3040 978 Pascha
3071 925 3273 980 transi.

1686 1007 1788 1064 ret,
1819 1010 1872 1056 et
1899 1018 1996 1072 per
2019 1002 2170 1071 illud,
2198 1004 2339 1060 istud
2360 1006 2721 1078 signiﬁcatum
2744 1009 2910 1067 fuisse
2927 1012 3275 1070 demonstra-

1682 1099 1784 1146 ret.
1818 1091 2125 1155 Peccabant
2179 1097 2324 1154 enim
2377 1099 2430 1156 in
2465 1101 2568 1158 hoc
2594 1103 2738 1173 quod
2767 1109 2871 1160 hoc
2919 1114 3272 1163 sacramento

1680 1196 1787 1238 non
1815 1184 2173 1254 spiritualem,
2210 1189 2304 1244 sed
2337 1192 2672 1262 corporalem
2703 1195 3018 1265 quaerebant
3043 1196 3272 1253 salicta-

1679 1283 1808 1330 tem.
1841 1277 2099 1344 Quamvis
2139 1282 2284 1337 enim
2345 1284 2398 1339 in
2445 1285 2548 1342 hoc
2601 1298 2944 1344 sacramento
2983 1300 3270 1349 remaneat

1675 1377 1838 1435 sapor
1858 1366 2011 1435 panis
2039 1376 2094 1424 et
2135 1371 2265 1436 vini,
2303 1381 2482 1429 tamen
2514 1375 2810 1446 Spiritualis
2839 1378 2992 1434 cibus
3015 1389 3122 1446 est,
3153 1395 3262 1436 non

1675 1459 1991 1527 corporalis.
2029 1459 2140 1518 Nec
2192 1463 2513 1534 spiritualis,
2557 1470 2652 1526 sed
2679 1471 2914 1527 carnalis
2965 1472 3126 1530 homo
3151 1483 3262 1540 est.

1674 1551 1764 1620 qui
1792 1550 1846 1606 in
1870 1551 1974 1607 hoc
2014 1565 2354 1612 sacramento
2382 1560 2658 1616 carnalem
2688 1577 2842 1618 sttam
2871 1565 3068 1634 qumrit
3093 1565 3265 1622 satie-

1675 1649 1859 1696 tatem.
1894 1642 2203 1700 Peccabant
2231 1661 2446 1719 quoque
2481 1659 2537 1706 et
2564 1651 2617 1707 in
2641 1651 2743 1708 hoc
2769 1657 2913 1724 quod
2957 1657 3266 1716 oblationes

1669 1746 1796 1789 suas
1817 1733 1952 1792 nihil
1973 1734 2324 1796 offerentibus
2338 1755 2445 1796 non
2475 1746 2972 1804 communicabant.
2987 1749 3262 1818 Quoniam

1669 1825 1760 1894 qui
1792 1827 1976 1884 minus
2004 1829 2114 1885 Deo
2133 1831 2351 1898 obtulit,
2379 1833 2431 1888 in
2458 1849 2525 1891 eo
2546 1835 2635 1906 jus
2656 1839 2934 1908 proprium
2969 1842 3172 1910 amisit,
3202 1851 3262 1900 et

1593 1893 1644 1956 Β
1669 1920 1922 1978 Ecclesiae
1949 1935 2292 1982 sacramenta
2322 1943 2429 1984 non
2476 1893 2706 1986 divitum
2742 1893 2868 1987 sunt
2895 1942 3128 2000 tantum,
3155 1893 3262 1993 'sed

1666 2018 1846 2088 potius
1887 2019 2128 2075 omnium
2173 2025 2502 2078 communia.
2550 2024 2620 2079 Et
2657 2026 2761 2081 hoc
2788 2035 2978 2082 contra
3009 2027 3130 2084 illos
3172 2036 3264 2085 est

1667 2108 1758 2178 qui
1797 2108 1850 2165 in
1877 2109 1980 2166 hoc
2005 2110 2148 2180 quod
2179 2111 2444 2167 dederunt
2488 2114 2745 2171 Ecclesiae
2787 2115 3004 2186 aliquod
3033 2115 3258 2188 privileo

1668 2200 1836 2272 gium,
1864 2201 2213 2270 pmrcmteris
2248 2203 2433 2258 volunt
2461 2203 2683 2260 habere.
2713 2205 2865 2262 Unde
2909 2213 2966 2262 et
3013 2207 3119 2262 hoc
3166 2221 3262 2263 sa-

1667 2301 2006 2348 cramentum
2052 2295 2359 2365 specialiter
2408 2307 2636 2354 vocatur
2679 2307 3081 2354 sacramentum
3109 2314 3262 2356 com-

1667 2384 1960 2440 munionis.
1989 2384 2196 2442 Debent
2218 2387 2368 2442 enim
2397 2404 2588 2446 omnes
2627 2388 2812 2446 ﬁdeles
2855 2390 2907 2446 in
2934 2391 3036 2448 hoc
3075 2406 3260 2448 sacra-

1667 2485 1851 2532 mento
1899 2476 2099 2533 habere
2143 2480 2576 2537 communionem
2621 2483 2982 2550 sacramenti,
3035 2483 3158 2541 ﬁdei
3201 2491 3262 2541 et

1667 2568 1968 2625 cbaritatis.
2038 2567 2183 2625 Nihil
2237 2571 2382 2627 enim
2447 2574 2663 2644 prodest
2727 2573 2870 2631 lictis
2926 2574 3259 2633 Christianis

1668 2661 1869 2718 habere
1950 2665 2387 2720 communionem
2473 2667 2798 2722 sacramenti
2867 2682 2990 2724 cum
3078 2666 3260 2726 ﬁdeli-

1665 2755 1787 2821 bus,
1831 2768 1954 2810 cum
1987 2771 2092 2811 non
2143 2757 2380 2813 habeant
2420 2759 2472 2814 in
2513 2759 2593 2814 cis
2616 2760 3054 2817 communionem
3088 2759 3244 2820 ﬁdei.

1668 2852 1875 2909 Rursus
1918 2853 2051 2908 nihil
2081 2855 2299 2923 prodest
2329 2853 2486 2910 malis
2507 2854 2834 2912 Christianis
2876 2856 3078 2914 habere
3104 2871 3260 2914 com-

1665 2947 1976 3005 munionem
2017 2949 2340 3004 sacramenti
2373 2956 2429 3003 et
2452 2946 2576 3002 ﬁdei
2607 2962 2730 3003 cum
2777 2947 2956 3016 bonis,
2984 2963 3109 3004 cum
3139 2962 3257 3006 non

1666 3039 1906 3097 habeant
1929 3057 2050 3098 cum
2074 3040 2153 3098 eis
2175 3039 2612 3097 communionem
2639 3039 2942 3096 cbaritatis.
2959 3038 3088 3098 Ilaec
3107 3039 3258 3097 enim

1667 3134 1998 3201 communio,
2027 3149 2125 3206 per
2147 3134 2251 3190 hoc
2280 3141 2682 3190 sacramentum
2703 3132 3065 3205 signiﬁcatur.
3095 3133 3259 3190 Sicut

1589 3253 1639 3321 ο
1669 3223 1814 3279 enim
1846 3223 2028 3294 plures
2072 3224 2226 3296 grani
2279 3223 2540 3279 uniuntur
2593 3224 2646 3280 in
2707 3225 3046 3283 confectione
3092 3225 3256 3283 unius

1669 3319 1848 3390 panis,
1895 3319 1968 3374 ita
2017 3319 2198 3392 plures
2234 3319 2517 3375 christiani
2567 3319 2895 3390 colliguntur
2943 3319 2996 3376 in
3051 3319 3257 3377 unione

1665 3412 1923 3468 Ecclesia:
1964 3426 2058 3482 per
2082 3410 2240 3466 ﬁdem
2288 3420 2343 3466 et
2369 3411 2712 3466 charitatem.
2745 3410 2898 3466 Unde
2921 3411 3213 3482 Apostolus
3231 3427 3254 3470 ε

1667 3503 1823 3558 Multi
1848 3505 1984 3558 enim
2030 3520 2165 3557 unus
2189 3504 2342 3573 panis
2382 3519 2562 3558 sumus
2595 3504 2647 3556 in
2672 3502 2880 3557 Christo
2907 3503 3020 3575 (59)
3048 3502 3096 3575 (ι
3125 3503 3252 3562 Cor.

1567 3609 1570 3612 ‘
1666 3598 1745 3668 χ).
1775 3597 1915 3652 Nihil
1939 3598 2084 3652 enim
2120 3597 2267 3653 aliud
2307 3606 2392 3652 est
2438 3598 2651 3667 corpori
2687 3609 2742 3654 et
2765 3598 3012 3670 sanguini
3047 3597 3255 3658 Christi

1666 3691 2089 3755 communicare,
2118 3705 2280 3761 quam
2329 3691 2396 3744 de
2445 3691 2642 3746 unione
2671 3691 2868 3746 Christi
2899 3699 2955 3747 et
2987 3691 3252 3749 Ecclesia!

1665 3796 1804 3839 esse.
1855 3783 2006 3839 Unde
2048 3783 2348 3839 Dominus:
2393 3782 2498 3848 Qui
2551 3784 2858 3853 manducet,
2898 3784 3093 3857 inquit,
3135 3801 3254 3841 caro

1666 3891 1778 3928 nem
1805 3892 1994 3939 meam,
2036 3884 2086 3929 et
2112 3875 2238 3929 bibit
2279 3875 2590 3945 sanguinem
2627 3891 2820 3942 meum,
2865 3876 2924 3930 in
2953 3891 3035 3931 me
3074 3883 3254 3932 manu

1663 3980 1710 4024 et
1739 3987 1832 4042 ego
1855 3972 1909 4024 in
1929 3986 1989 4026 co
2031 3968 2215 4040 (Joan.
2249 3969 2346 4039 vr).
2386 3967 2515 4033 Sed,
2543 3977 2600 4023 ut
2626 3969 2702 4024 ait
2726 3967 3036 4040 Apostolus,
3068 3985 3252 4026 conve-

1665 4064 1924 4120 nientibus
1959 4063 2097 4118 vobis
2119 4063 2173 4117 in
2201 4078 2388 4128 unum,
2410 4061 2525 4118 solo
2553 4075 2798 4134 corpore,
2828 4077 2935 4118 non
2961 4061 3250 4131 charitate.

1665 4166 1866 4212 nonest
1913 4157 2241 4211 Dominicam
2286 4171 2482 4210 caenam
2517 4157 2860 4212 iitanducarc.
2880 4154 3252 4228 Unusquisque

1662 4251 1799 4305 enim
1829 4265 2048 4314 caenam,
2098 4249 2148 4304 id
2179 4259 2258 4304 est
2306 4247 2635 4303 oblationem
2668 4263 2846 4315 suam,
2896 4263 3018 4319 quae
3063 4247 3252 4305 debuit

1662 4342 1911 4399 omnibus
1942 4339 2352 4407 communicari,
2395 4341 2694 4412 prmumit,‘
2727 4341 2780 4396 id
2811 4349 2896 4396 est
2943 4349 3069 4396 ante
3110 4349 3249 4397 tem-

1662 4452 1760 4507 pus
1787 4437 1952 4492 sumit
1981 4436 2047 4490 ad
2098 4436 2530 4491 manducandum
2554 4435 2654 4490 sibi
2688 4435 2786 4491 soli
2815 4451 2830 4489 :
2870 4431 2940 4488 Et
2965 4433 3105 4488 alius
3125 4434 3249 4506 qui-

1661 4528 1776 4581 dem
1803 4528 1988 4591 esurit,
2025 4529 2164 4582 alius
2187 4540 2359 4584 autent
2389 4530 2562 4583 ebrius
2591 4537 2689 4583 est.
2725 4529 2862 4592 Istis,
2889 4526 3090 4582 fratres
3113 4526 3244 4592 mei.

32 4645 286 4694 τοηδιηη
338 4632 630 4706 quomodo
676 4632 742 4688 ad
783 4632 912 4688 illud
941 4633 1201 4689 accedere
1235 4632 1550 4689 debeamus,
1586 4610 1636 4670 Ι)
1663 4627 1791 4676 sunt
1816 4618 1975 4674 hodie
2027 4619 2233 4674 similcs
2253 4621 2468 4690 quidam
2505 4617 2844 4684 claustrales,
2890 4616 2982 4686 qui
3032 4631 3155 4672 cum
3185 4630 3246 4672 se

33 4738 219 4798 [uarta
244 4725 516 4784 ostendit
557 4724 684 4796 quid
717 4724 932 4794 indigne
972 4725 1292 4781 accedentes
1311 4739 1559 4780 merean-

33 4859 47 4876 .
83 4822 362 4879 Ostendit
387 4819 566 4891 igitur
597 4819 884 4890 Apostolus
913 4820 1088 4889 primo
1113 4819 1428 4874 abusionem
1450 4816 1556 4873 Co-

39 4916 270 4970 hiorum
317 4913 384 4970 in
420 4913 531 4967 hoc
575 4921 937 4977 sacramento,
986 4928 1107 4967 cmn
1153 4911 1326 4966 dicit:
1357 4909 1556 4966 Conve-

33 5009 195 5064 tlibus
237 5005 403 5062 vobis
468 5004 522 5058 in
566 5020 748 5072 unum,
795 5004 910 5074 jam
947 5021 1052 5058 non
1097 5013 1170 5058 est
1225 5003 1556 5058 Dominicam

33 5119 120 5154 nm
147 5101 537 5156 manducare.
572 5095 872 5152 Peccabant
913 5095 1112 5165 quippe
1137 5095 1424 5160 Corinthii,
1471 5094 1556 5150 vel

35 5210 100 5252 oc
128 5194 291 5268 quod
319 5189 528 5264 pransi
559 5189 625 5244 ad
657 5189 758 5244 hoc
780 5197 1178 5244 sacramentum
1208 5183 1556 5256 accedebant,

35 5293 158 5361 Jttia
198 5289 414 5361 potius
438 5283 776 5355 corporalem
795 5299 954 5353 quam
980 5282 1314 5353 spiritualem
1343 5283 1558 5336 salicta-

52 5385 110 5441 in
137 5385 258 5440 hoc
292 5388 665 5438 sacramento
694 5378 1028 5448 qumrehant,
1059 5376 1140 5429 vel
1168 5375 1294 5445 quia
1325 5375 1556 5444 offeren-

35 5479 361 5534 ihlationes
419 5486 576 5537 suas,
629 5471 760 5527 nihil
787 5469 1136 5526 oﬁ‘ercntibus
1164 5484 1266 5522 non
1311 5484 1558 5523 commu-

35 5572 204 5629 bant.
240 5565 589 5628 Peccabant
619 5565 761 5619 enim
793 5563 1081 5628 Corinthii,
1115 5562 1174 5616 in,
1190 5561 1292 5616 hoc
1323 5561 1463 5632 quod
1488 5561 1556 5616 ad

39 5666 343 5723 iaristiatn
381 5659 586 5734 pransi
629 5658 982 5713 accedebant.
1033 5655 1113 5709 Ad
1165 5653 1368 5709 nullum
1406 5653 1550 5709 enim

37 5767 381 5820 amentum,
414 5758 483 5806 et
514 5749 864 5806 multominus
891 5749 958 5804 ad
987 5747 1343 5805 Eucharistia:
1371 5762 1528 5804 sacra

37 5900 88 5972 9)
133 5896 322 5966 Vulg.
353 5907 481 5948 non
521 5888 640 5945 hah.
678 5890 730 5943 in
757 5886 983 5941 Christo.

251 5993 546 6054 Pyrum.
617 5983 709 6043 CL
725 5985 788 6047 Υ,

1661 4722 1718 4770 et
1746 4727 1843 4768 sua
1889 4712 1998 4768 Deo
2027 4712 2323 4768 obtulerint
2365 4712 2418 4766 in
2449 4712 2846 4776 holocaustum,
2893 4718 3071 4764 tamen
3096 4722 3245 4764 com-

1661 4805 1846 4862 munia
1871 4821 2059 4862 rursus
2091 4806 2190 4862 sibi
2227 4807 2658 4877 appropriantes,
2687 4805 2916 4875 quisque
2949 4818 3101 4859 suam
3132 4816 3248 4860 ςωο

1666 4913 1788 4954 nam
1841 4908 1894 4952 et
1919 4913 2013 4952 sua
2057 4899 2374 4952 vestimenta
2407 4897 2680 4966 prazsumit
2725 4895 2946 4950 habere.
2997 4895 3065 4951 Et
3108 4894 3248 4952 alius

1661 4992 1879 5065 quidem
1909 4993 2098 5056 esurit,
2125 4991 2266 5045 alius
2291 5001 2469 5044 autem
2497 4988 2680 5044 ebrius
2705 4998 2826 5056 est;
2858 4988 2996 5045 alius
3015 4987 3247 5059 duplici-

1660 5083 1761 5140 bus
1789 5086 2005 5154 tcgitur,
2033 5083 2170 5138 alius
2197 5082 2374 5152 friget.
2405 5081 2508 5136 Sed
2544 5080 2784 5152 profecto
2810 5081 2889 5137 sic
2911 5081 3242 5138 convenien-

1663 5179 1806 5232 tibus
1863 5175 2015 5231 vobis
2061 5176 2114 5231 in
2163 5189 2349 5238 unum,
2384 5183 2604 5229 nonest
2649 5174 2978 5230 Dominicam
3027 5187 3244 5230 caenam

1660 5270 2004 5326 manducare.
2038 5269 2148 5325 Nos
2175 5284 2408 5339 quoque,
2443 5268 2658 5336 fratres,
2707 5270 2871 5340 (quod
2901 5269 3018 5324 sine
3040 5267 3244 5338 gemitu

1659 5363 1839 5419 dicere
1870 5363 2100 5432 nequeo)
2133 5361 2250 5416 istis
2280 5361 2484 5416 similes
2514 5361 2777 5427 videmur,
2811 5362 2924 5430 qui,
2962 5376 3086 5417 cum
3111 5375 3245 5416 conv:

1657 5456 1940 5510 veniamus
1960 5470 2082 5510 cum
2107 5455 2429 5525 pauperibus
2460 5455 2512 5509 in
2546 5469 2704 5508 unam
2754 5453 3076 5520 Ecclesium,
3110 5451 3242 5508 etin

1660 5562 1822 5602 uuam
1877 5547 2058 5611 fidem,
2107 5553 2162 5601 et
2205 5545 2393 5600 eadem
2441 5553 2780 5600 sacramenta
2833 5543 3245 5615 participemus.

1661 5651 1840 5698 tamen
1866 5641 2236 5711 unusquisque
2261 5649 2500 5696 nostrum
2546 5638 2635 5710 qui
2672 5651 2758 5693 res
2787 5635 3113 5708 temporales
3134 5634 3242 5691 lar-

1658 5735 1778 5807 gius
1804 5733 2168 5807 possidemus,
2200 5750 2351 5791 suam
2377 5733 2686 5790 deliciosam
2718 5745 2931 5789 cmnam
2961 5727 3244 5795 praesumit

2570 5985 2648 6041 ⁵8
3035 6012 3081 6040 μί’-
3096 6026 3152 6039 ιιι.Δ
3169 6035 3176 6038 .
3224 6021 3255 6039 ἐν
3271 6029 3294 6040 ο
