3822 6316
94 421 210 481 1857

801 410 1103 475 llOMlLlAi
1142 419 1208 475 IN
1235 413 1452 480 EPIST.
1481 421 1566 484 ET

1707 427 1858 486 ANG.
1891 430 2195 490 DOMINIC.
2224 463 2294 476 -—
2331 434 2511 493 PARS
2535 437 2575 493 I.

3175 449 3312 512 I838

93 541 150 613 pli
181 535 284 602 ejus
307 547 566 586 memores
597 548 702 588 non
725 534 894 590 solum
936 547 1145 604 nostra,
1177 541 1270 596 sed
1305 542 1468 598 etiam
1499 559 1621 599 σοι·-
1653 554 1700 610 Α
1731 552 1825 614 plu
1856 548 2187 616 poenitentia:
2215 552 2373 608 nobis
2399 553 2658 624 infligitur
2679 571 2842 630 saepe.
2874 559 3009 618 Cum
3036 566 3180 622 enim
3207 585 3310 629 nos

88 645 172 704 pus
206 635 430 680 nostrum
464 623 723 689 proximis
746 628 945 680 nostris
974 630 1268 686 tradamus.

145 716 376 786 Sequitur
423 729 548 784 pars
579 717 755 783 tertia,
786 717 838 773 in
865 735 970 788 qua
1003 723 1307 778 ostenditur
1351 726 1626 795 quomodo

83 814 139 868 ad
168 819 547 864 sacramentum
573 809 759 865 altaris
783 811 1146 868 accedendum
1174 815 1266 878 sit,
1289 831 1411 871 eum
1439 818 1626 874 subdi-

84 915 187 959 tur:
215 901 386 970 Itaque
437 901 729 973 quicunque
775 906 1165 960 manducauerit
1199 925 1382 978 panem
1410 910 1547 967 hunc
1573 919 1624 966 et

78 995 234 1049 biberit
278 990 485 1045 calicem
545 992 753 1048 Domini
779 996 1008 1065 indigns,
1043 1013 1157 1052 rcus
1185 998 1284 1052 erit
1315 1000 1549 1068 corporis
1572 1009 1622 1058 el

76 1085 314 1155 sanguinis
361 1082 591 1152 Domini,
643 1086 693 1141 id
738 1097 841 1152 est,
888 1105 990 1144 non
1019 1089 1084 1142 ad
1129 1090 1398 1153 meritum,
1430 1090 1522 1146 sed
1553 1092 1620 1146 ad

74 1189 254 1233 reatum
285 1186 473 1232 sumet.
507 1175 699 1234 Probet
729 1191 899 1235 autent
923 1181 1344 1251 seipsuntltomo,
1373 1195 1420 1238 et
1451 1183 1526 1239 sic
1553 1185 1619 1239 de

71 1286 184 1339 pane
206 1269 292 1322 illa
320 1269 434 1323 edat
458 1278 506 1324 et
533 1270 597 1324 de
618 1271 777 1330 calice
805 1271 964 1327 bibat.
999 1272 1197 1329 Probet
1225 1283 1428 1338 autem,
1455 1275 1505 1329 id
1536 1283 1620 1331 est

69 1360 319 1429 dijudicet,
356 1361 645 1425 examinet,
677 1370 727 1416 et
768 1364 1018 1418 emendet
1049 1373 1213 1420 totam
1242 1365 1406 1420 vitam
1436 1382 1612 1434 suam,

67 1467 231 1507 omnes
270 1451 642 1521 cogitationes,
694 1454 875 1510 omnia
918 1455 1112 1516 delicta
1159 1466 1211 1512 et
1251 1457 1388 1512 facta
1418 1472 1514 1514 sua
1547 1459 1614 1514 ad

59 1546 296 1618 judicium
346 1560 565 1612 vocans,
621 1555 679 1602 ut
731 1548 872 1618 quod
928 1549 1121 1608 viderit
1165 1549 1219 1604 in
1271 1565 1328 1606 se
1359 1551 1611 1608 vitiosum

64 1636 272 1704 aljiciat.
327 1634 478 1703 Quod
528 1636 725 1692 viderit
771 1639 871 1694 sibi
933 1640 1119 1698 deesse
1160 1641 1427 1710 acquirat,
1470 1642 1614 1711 quod

60 1728 296 1785 incultum
331 1728 562 1794 excolat,
603 1731 745 1800 quod
771 1747 961 1800 purum
992 1732 1161 1802 magis
1185 1733 1450 1802 purificet.
1494 1731 1611 1792 Non

58 1821 208 1877 solum
245 1831 426 1880 autem
454 1807 779 1888 criminalia.
824 1824 920 1884 sed
952 1824 1114 1884 etiam
1145 1827 1323 1887 omnia
1357 1827 1608 1904 venialia,

1731 651 2076 705 excusemus,
2122 641 2261 698 Deus
2294 661 2390 699 nos
2420 658 2658 713 accusat,
2687 666 2808 704 eum
2845 657 3310 730 nosmetipsosju-

1728 725 1994 799 dicamus,
2041 732 2182 790 Deus
2224 751 2324 792 nos
2355 737 2583 795 absolvit
2606 741 2959 811 etjnstilicat,
2985 725 3181 806 etcum
3208 725 3307 820 nos

1720 815 2107 888 justifieamns,
2151 825 2289 882 Deus
2323 844 2420 883 nos
2444 829 2666 896 iudicat.
2700 833 2791 889 Est
2819 845 2998 891 autem
3031 841 3222 898 melius
3241 815 3304 901 in

1727 911 1830 968 hoc
1877 916 2072 970 smnulo
2123 915 2354 986 judicari
2410 939 2507 979 nos
2550 940 2580 978 a
2618 925 2745 992 Deo,
2787 942 2950 997 quam
2991 930 3045 990 in
3098 932 3301 993 futuro.

1727 1001 1879 1060 Unde
1923 1018 1977 1064 et
2018 1011 2198 1066 subdit
2225 1029 2239 1068 :
2267 1011 2398 1069 Cum
2423 1016 2731 1086 judicamur
2755 1032 2948 1089 autem,
2995 1023 3048 1081 id
3073 1037 3155 1085 est
3179 1042 3302 1086 cum

1723 1093 2057 1167 flagellamur
2105 1104 2214 1171 hic,
2249 1125 2279 1162 α
2313 1107 2536 1166 Domino
2565 1113 2897 1184 corripimur,
2951 1128 3006 1172 ut
3041 1136 3146 1178 non
3181 1140 3303 1182 cum

1720 1188 1818 1253 hoc
1858 1196 2051 1250 mundo
2075 1211 2330 1266 perverso
2361 1203 2412 1257 in
2444 1214 2704 1262 teternnm
2731 1209 3058 1269 damnentur.
3091 1216 3319 1290 Itaque,
3363 1249 3367 1260 ι

1720 1285 1916 1342 fratres
1948 1290 2074 1356 mei,
2112 1290 2320 1362 ﬂagella
2364 1295 2456 1352 Dei
2496 1307 2748 1369 tanquam
2790 1305 2859 1372 pii
2892 1309 3062 1376 patris
3089 1285 3301 1368 hie—be;

1720 1379 1879 1449 nigne
1911 1383 2296 1449 snstineamns.
2351 1398 2405 1444 et
2432 1391 2478 1445 ei
2517 1393 2582 1445 de
2608 1392 2831 1465 flagellis
2870 1400 3070 1456 nostris
3093 1405 3298 1473 gratias

1717 1484 1962 1538 agamus.
1999 1471 2099 1540 Qui
2129 1475 2249 1530 ideo
2279 1481 2431 1548 punit
2461 1482 2697 1538 breviter
2737 1486 2788 1540 in
2817 1488 2918 1544 hac
2939 1491 3065 1556 vita,
3096 1471 3163 1550 no
3197 1511 3298 1552 nos

1714 1564 1904 1632 puniat
1940 1568 2269 1624 aeternaliter
2297 1572 2350 1626 in
2399 1573 2600 1643 futura,
2628 1579 2713 1634 cui
2745 1579 2863 1639 laus
2893 1584 2963 1643 sit
2989 1601 3087 1658 per
3111 1591 3295 1647 omnia

1715 1655 1909 1712 smeula
1932 1659 2274 1717 saeculorum.
2303 1664 2492 1721 Amen.

2227 1754 2508 1814 IIOMILIA
2548 1759 2777 1820 XLVIII.

2255 1863 2308 1906 IN
2343 1863 2503 1908 CCNA
2533 1868 2744 1912 DOMINI.

56 1930 142 1985 pro
167 1929 339 2024 posse:
382 1917 565 2024 evitet:
596 1917 983 2018 Aoquibusdam
1020 1919 1185 2024 etiam
1215 1921 1408 2022 mediis
1433 1931 1486 2024 et
1509 1921 1608 2023 itu-
1637 1908 1684 1967 Β
1786 1933 1922 1989 Anu
1945 1935 2081 1990 diem
2111 1936 2298 2005 festinis
2327 1937 2571 2010 Parcius,
2617 1908 2786 2003 sciens
2822 1948 2976 2006 Jssus
3003 1955 3130 2024 quia
3155 1959 3293 2014 venit

57 2005 288 2075 perfectis
318 2005 476 2062 bonis
515 2007 805 2075 abstineat,
839 2017 949 2070 uta
979 2010 1260 2079 complexu
1285 2011 1450 2068 etiam
1473 2011 1608 2083 legi-

56 2102 179 2156 tima:
205 2101 407 2165 uxoris.
442 2117 470 2156 a
505 2117 788 2158 causarum
825 2103 986 2158 etiam
1009 2103 1271 2170 iustarum
1305 2103 1551 2176 negotiis,
1578 2120 1609 2160 a

45 2193 172 2262 justa
195 2194 356 2248 etiam
381 2194 698 2265 repetitione
717 2195 1038 2254 debitorum.
1061 2197 1141 2258 Ad
1165 2196 1402 2266 perfecta
1427 2207 1607 2256 autem

50 2295 96 2341 et
138 2287 363 2342 maxima
422 2286 561 2343 bona
590 2305 688 2356 pro
713 2303 872 2360 posse
909 2306 1008 2347 suo
1035 2305 1093 2346 se
1123 2292 1398 2358 extendat,
1443 2301 1501 2348 ut
1540 2293 1606 2350 ad

46 2381 356 2447 diligendum
397 2381 702 2448 inimicum,
737 2384 803 2439 ad
845 2385 1224 2442 remittendum
1256 2385 1479 2454 injurias
1504 2387 1606 2445 sibi

46 2469 221 2534 illatas,
247 2480 302 2528 et
330 2473 770 2529 benefaciendnm
795 2476 1252 2545 persecutoribus.
1281 2476 1482 2536 Taliter
1509 2494 1605 2538 auo

41 2571 132 2615 tem
161 2575 419 2634 purgatus
445 2575 498 2621 et
525 2567 836 2638 purificatus
863 2571 1059 2638 poterit
1084 2571 1152 2625 ad
1207 2581 1602 2630 sacramentum

39 2655 262 2722 corporis
306 2666 363 2710 et
408 2657 686 2726 sanguinis
717 2658 926 2720 Domini
953 2659 1141 2730 dignus
1166 2661 1607 2734 accedere.

97 2747 348 2816 Sequitur
379 2763 508 2819 pars
535 2759 750 2820 quarta,
778 2751 828 2808 in
859 2767 964 2821 qua
985 2753 1287 2808 ostenditur
1312 2754 1442 2824 quid
1466 2755 1604 2810 in-liv

33 2857 122 2910 gue
176 2843 450 2898 accedens
496 2844 562 2898 ad
616 2855 1016 2906 sacramentum
1067 2845 1256 2902 altaris
1301 2857 1601 2912 mereatur,

27 2951 134 2987 cum
160 2935 418 2991 subditur
449 2951 466 2990 :
495 2935 598 3002 Qui
646 2937 783 2994 snitu
823 2938 1108 2994 snanducat
1133 2949 1180 2993 et
1207 2939 1333 2993 bibit
1363 2941 1598 3011 indigus,

18 3030 266 3096 judicium
323 3029 430 3084 sibi
485 3030 764 3092 manducet
795 3039 842 3082 st
872 3031 1021 3086 bibit.
1057 3031 1279 3101 Indigue
1311 3033 1602 3090 manducat

22 3134 67 3177 et
92 3122 220 3180 bibit
245 3123 342 3193 qui
377 3123 461 3178 vel
485 3123 816 3189 incredulus,
855 3123 941 3178 vel
964 3125 1295 3190 immundus,
1319 3126 1402 3182 vel
1433 3128 1602 3186 inter-

22 3217 206 3282 dictus,
234 3217 323 3272 vel
366 3217 797 3287 ineompnuctus,
847 3219 1072 3276 accedit.
1105 3219 1171 3274 Et
1194 3219 1314 3275 talis
1331 3218 1594 3288 judicium

17 3310 106 3363 sibi
159 3311 468 3366 manducat
496 3320 551 3366 et
581 3309 736 3378 bibit,
784 3311 838 3365 id
876 3322 960 3368 est
994 3313 1118 3381 quia
1149 3312 1271 3372 talis
1304 3313 1593 3369 manducet
1623 3309 1660 3344 “-

17 3410 63 3456 et
87 3401 244 3469 bibit,
281 3419 509 3475 pinnam
541 3405 642 3460 sibi
678 3405 929 3474 acquirit.
961 3405 1114 3472 Quod
1161 3405 1308 3460 enim
1343 3405 1395 3460 in
1419 3419 1478 3460 se
1508 3415 1592 3461 est

8 3496 289 3566 Optimum,
324 3497 552 3568 indigne
589 3499 866 3554 accedenti
901 3499 956 3552 fit
983 3497 1202 3553 malum.
1248 3497 1364 3552 Non
1393 3498 1590 3568 dijudi.

9 3600 128 3641 calls
158 3603 377 3658 corpus
417 3587 650 3654 Domini,
699 3588 750 3642 id
777 3598 879 3652 est,
911 3604 1015 3648 non
1048 3589 1362 3646 discernens
1383 3605 1413 3645 a
1437 3605 1590 3646 com,

7 3678 253 3734 munibus
281 3680 453 3735 cibis.
485 3679 608 3735 Ideo
633 3678 1060 3750 cnimjudicium
1092 3681 1192 3736 sibi
1233 3682 1418 3748 sumit,
1457 3697 1594 3751 quos

7 3774 159 3836 niam,
219 3775 382 3830 sicut
410 3777 475 3829 ad
502 3775 814 3845 corporales
851 3775 1021 3845 cibos,
1058 3775 1177 3830 sine
1225 3775 1510 3834 devotione
1536 3783 1592 3832 et

7 3869 301 3922 reverentia
331 3868 408 3922 ad
433 3865 769 3925 Dominioum
791 3883 989 3937 corpus
1007 3867 1237 3923 accedit.
1257 3867 1321 3922 Et
1335 3867 1590 3936 quoniam

7 3958 146 4012 multi
178 3960 416 4030 indigne
445 3960 780 4026 accedentes,
815 3957 1099 4026 judicium,
1137 3957 1190 4012 id
1225 3967 1310 4012 est
1345 3971 1588 4026 prunam,

7 4049 92 4104 sibi
121 4051 462 4121 acquirunt,
493 4052 612 4108 ideo
640 4055 774 4106 inter
793 4066 884 4105 vos
910 4059 1030 4106 sunt
1056 4049 1208 4104 multi
1240 4048 1460 4118 infimi,
1485 4049 1590 4108 ali-

8 4157 94 4211 jna
130 4143 296 4199 brevi
331 4144 680 4216 aegritudine,
719 4145 794 4200 illi
823 4143 1032 4200 scilicet
1072 4143 1162 4212 qui
1201 4142 1380 4198 minus
1406 4141 1458 4198 in
1487 4143 1590 4204 hoc

8 4244 240 4301 iaceant,
299 4246 354 4292 es
406 4237 560 4295 multi
606 4237 904 4305 imbecilles,
958 4237 1168 4292 diutino
1201 4237 1476 4304 languore,
1514 4233 1593 4292 illi

8 4327 195 4383 .eilicet
240 4329 350 4398 qui
399 4328 571 4399 magis
626 4328 678 4386 in
712 4329 814 4384 hoc
847 4337 1102 4399 peccant,
1133 4328 1397 4385 dormiunt
1422 4327 1588 4388 etiam

7 4431 166 4476 norte
219 4421 510 4490 corporali
562 4419 736 4485 multi,
775 4420 853 4475 illi
887 4420 1094 4476 scilicet
1136 4419 1230 4490 qui
1279 4419 1506 4478 multum
1535 4418 1590 4474 in

8 4530 80 4568 roc
113 4523 392 4584 peccant,
429 4513 498 4568 de
528 4513 723 4584 quibus
753 4513 1159 4584 intelligendum
1195 4522 1303 4576 est.
1337 4511 1590 4581 quoniam

1711 2025 1841 2080 hom
1880 2027 2020 2098 ejus,
2061 2041 2114 2083 ut
2139 2041 2370 2088 transeat
2399 2052 2463 2089 ex
2484 2038 2579 2091 hoc
2603 2041 2797 2095 mundo
2822 2043 2891 2096 ad
2914 2041 3150 2113 Patrem,
3174 2066 3293 2104 cum

1710 2117 1980 2176 dilexisset
2032 2139 2152 2177 suos
2193 2127 2282 2195 qui
2322 2138 2470 2181 erant
2500 2129 2554 2184 in
2585 2134 2802 2201 mundo,
2840 2135 2894 2189 in
2915 2137 3075 2204 ﬁnem
3107 2140 3295 2196 dilexit

1709 2225 1795 2264 eos
1826 2211 2008 2282 (Joau.
2065 2218 2206 2283 ιιιι).
2256 2217 2425 2290 Ilnjus
2448 2225 2773 2292 evangeliea:
2821 2225 3065 2286 lectionis
3095 2233 3292 2290 fratres

1709 2301 2038 2368 charissimi,
2092 2318 2200 2362 tres
2229 2321 2353 2364 sunt
2375 2322 2575 2381 partes.
2607 2315 2663 2368 In
2692 2316 2862 2384 prima
2887 2319 3322 2382 demonstratur.

1709 2393 2016 2462 Dominum,
2051 2399 2363 2459 imminente
2393 2422 2490 2460 sua
2532 2409 2802 2476 passione,
2847 2412 3019 2481 majus
3073 2417 3288 2488 signum

1707 2487 2016 2548 dilectionis
2049 2509 2160 2549 suae
2186 2499 2504 2555 ostendisse.
2535 2501 2603 2558 in.
2621 2502 2852 2559 secunda
2885 2510 3190 2564 ostenditur
3229 2511 3284 2566 in

1706 2591 1834 2646 quo.
1886 2577 1941 2632 In
1989 2582 2148 2635 tertia
2179 2598 2346 2652 quare
2383 2585 2484 2642 hoc
2527 2587 2693 2646 feceri
2746 2593 3164 2652 demonstratur.
3199 2599 3290 2654 Ait

1707 2665 1872 2736 igitur
1901 2673 2233 2744 evangelista
2276 2692 2289 2729 :
2325 2677 2455 2732 Ante
2485 2679 2620 2733 diem
2648 2681 2837 2749 festum
2869 2682 3108 2750 Pascba',
3143 2685 3289 2744 illius

1706 2758 1915 2816 scilicet
1971 2762 2024 2820 in
2069 2780 2176 2833 quo
2200 2767 2595 2838 et‘ncifigendus
2621 2781 2757 2840 erat,
2787 2774 2955 2829 sciens
2973 2773 3130 2830 Iesus
3158 2776 3286 2847 quia

1705 2851 1837 2913 venit
1893 2854 2006 2923 ejus
2057 2856 2208 2922 liora,
2245 2858 2374 2913 hora
2400 2861 2604 2916 scilicet
2650 2880 2756 2919 non
2793 2869 3156 2934 necessitatis,
3186 2870 3285 2927 sed

1703 2944 1994 3008 voluntatis
2012 2965 2140 3016 sum,
2165 2964 2223 3006 ut
2248 2963 2564 3010 transeatcx
2596 2955 2696 3011 hoc
2723 2961 2924 3016 mundo
2946 2963 3011 3016 ad
3039 2962 3281 3020 Patrem.

1704 3035 1761 3102 In
1807 3039 2006 3108 quibus
2056 3044 2232 3100 verbis
2277 3048 2600 3115 ostenditur,
2642 3052 2784 3107 unde
2816 3053 3009 3108 festum
3057 3053 3304 3114 Pascha-

1701 3127 1912 3192 Pascha
1941 3133 2172 3191 dicatur.
2219 3135 2426 3192 Pascha
2465 3141 2608 3194 enim
2637 3157 2831 3197 nomen
2867 3142 3150 3201 Hebraeum
3175 3155 3302 3214 est,

1702 3231 1756 3282 et
1776 3239 1804 3287 ει
1832 3227 2063 3284 transitu
2119 3227 2333 3284 dicitur.
2361 3229 2417 3285 In
2449 3231 2551 3288 hoc
2580 3233 2776 3306 quippe
2818 3234 2957 3291 festo
2986 3237 3079 3294 lilii
3111 3239 3280 3295 Israel

1696 3331 1794 3384 per
1841 3319 2262 3378 immolationem
2313 3326 2435 3394 agni
2485 3327 2814 3382 transierunt
2837 3329 2904 3384 de
2939 3328 3173 3400 Egypto
3205 3333 3275 3387 ad

1695 3415 1894 3468 terram
1919 3413 2312 3480 promissionis.
2337 3417 2585 3472 Christus
2601 3434 2814 3488 quoque
2836 3435 2931 3490 per
2947 3421 3268 3490 sanguinem

1671 3515 1846 3564 .suum
1878 3503 1944 3558 de
1977 3504 2077 3561 hoc
2116 3507 2314 3563 mundo
2347 3510 2597 3565 transivit
2636 3511 2703 3566 ad
2744 3511 2960 3566 crelum.
2994 3511 3103 3568 Nos
3128 3529 3265 3584 quo-
3297 3553 3300 3558 ν

1693 3606 1816 3660 que,
1851 3593 2048 3656 fratres
2068 3597 2195 3665 mei,
2227 3599 2272 3658 si
2301 3615 2424 3655 vere
2459 3600 2665 3656 Pascha
2694 3602 2968 3660 celebrare
2987 3604 3263 3673 volumus,
3292 3655 3296 3660 .

1692 3681 1761 3745 ab.
1794 3681 2033 3756 Egypto
2081 3687 2154 3742 ad-
2203 3698 2399 3745 terram
2456 3691 2850 3761 promissionis,
2897 3709 2927 3750 a
2966 3697 3165 3752 mundo
3191 3701 3264 3754 ad

1693 3774 1910 3840 cwlum,
1945 3792 1974 3834 a
1999 3778 2144 3837 vitiis
2169 3781 2235 3835 ad
2262 3782 2511 3848 virtutes,
2563 3785 2829 3842 desiderio
2861 3788 3089 3843 transire
3112 3789 3297 3846 debent

1693 3882 1833 3936 mus,
1861 3869 1926 3938 Et
1955 3880 2012 3924 ut
2042 3871 2126 3927 lex
2151 3873 2302 3939 dicit,
2329 3890 2521 3931 carnes
2542 3876 2667 3947 agni
2697 3879 2984 3935 comedere
3012 3878 3294 3939 festines—si

1695 3965 1803 4027 ter,
1849 3968 1908 4014 ut
1956 3961 2161 4018 scilicet
2209 3963 2529 4021 festinemus
2577 3976 2826 4037 tanquam
2877 3970 3170 4040 peregrini,
3205 3972 3293 4027 de.

1691 4049 1886 4118 exsilio
1924 4049 2084 4122 hujus
2126 4055 2310 4110 mundi
2341 4057 2586 4122 transire
2608 4058 2672 4112 ad
2703 4059 2930 4127 patriam
2968 4059 3270 4122 cmlestem.

1693 4140 1826 4198 Cum
1856 4142 2145 4212 dilexisset,
2172 4146 2392 4216 inquit,
2423 4164 2567 4214 suos,
2606 4149 2696 4220 qui
2717 4160 2865 4206 erant
2888 4154 2940 4214 in
2972 4153 3190 4219 mundo,
3214 4154 3291 4214 iis.

1691 4232 1849 4302 ﬁnem
1897 4235 2084 4298 dilexit
2134 4254 2239 4292 eos.
2292 4239 2348 4294 ln
2404 4241 2564 4296 finem
2621 4242 2701 4298 eis
2755 4242 2976 4311 majoris
3023 4245 3289 4308 exhibuit.-

1694 4324 1906 4395 signutn
1951 4325 2270 4386 dilectionis.
2315 4328 2645 4386 Reeessurus
2689 4332 2833 4392 enim
2870 4332 2939 4396 ab
2965 4334 3066 4398 eis,
3103 4335 3290 4395 utsui.

1695 4420 2012 4474 memoriam
2065 4422 2269 4477 arctius
2323 4425 2592 4479 mentibus
2637 4438 2823 4482 eorum
2873 4425 3139 4496 inﬁgeret.
3189 4427 3271 4489 eis

1695 4508 1954 4578 majorem
1994 4513 2230 4568 ostendit
2270 4514 2684 4577 teneritudinem
2737 4516 2961 4580 amoris,
3010 4516 3286 4586 mysteria.

7 4606 18 4660 i
46 4607 224 4678 digne
257 4607 364 4680 (de
404 4608 506 4662 hoc
533 4608 676 4678 quod
702 4608 916 4678 indigne
947 4624 1142 4678 corpus
1185 4607 1398 4663 Domini
1444 4621 1591 4662 sum-v
1620 4614 1670 4676 ι)
1694 4603 1937 4671 corporis
1964 4613 2016 4666 et
2050 4606 2328 4676 sanguinis
2359 4607 2439 4662 sui
2463 4608 2543 4664 eis
2571 4608 2849 4670 tradendo,
2876 4617 2929 4662 et
2960 4608 3060 4667 hoe
3085 4607 3289 4680 facere,

7 4700 234 4770 serunt)
269 4699 657 4770 pmoitnerint,
688 4699 744 4760 οι
770 4700 851 4755 eis
887 4700 1001 4770 ipsa
1034 4715 1178 4756 mors
1206 4713 1365 4770 piens
1392 4712 1590 4770 purgan-

7 4791 112 4844 iria
140 4791 402 4862 peccati.
437 4790 589 4856 Quod
617 4792 662 4844 si
691 4793 1050 4862 nosmetipsos,
1083 4791 1280 4862 inquit,
1325 4791 1590 4862 dijudica—

7 4900 176 4951 emus,
211 4900 338 4938 ssoss
368 4885 542 4953 utique
561 4884 948 4953 judicarentur.
971 4883 1364 4955 Nosmetipsos,
1393 4884 1592 4942 fratres

7 4973 96 5039 tei,
130 4982 278 5027 tunc
295 4973 638 5041 jndieamns,
657 4974 870 5044 quando
888 4976 1245 5045 mamelipsos
1265 4976 1331 5031 de
1352 4976 1591 5045 peccatis

7 5064 183 5120 ostris
211 5077 580 5129 accusamus,
626 5063 948 5124 damnamus
975 5073 1030 5120 et
1057 5064 1328 5136 ponimus.
1357 5067 1589 5124 Accuset

15 5156 132 5224 itur
164 5165 422 5226 peccata
453 5165 638 5213 metra
685 5157 831 5214 intus
869 5158 1198 5213 conscientia
1238 5167 1442 5224 nostra,
1471 5173 1588 5216 me-

10 5251 139 5304 oria
197 5261 420 5303 nostra
473 5258 661 5306 contra
713 5265 811 5305 nos
867 5249 1236 5309 testimonium
1282 5250 1607 5320 perhibeat..

13 5346 98 5399 tio
122 5348 352 5399 nostra
384 5359 480 5398 nos
507 5358 630 5398 reos
654 5354 708 5398 et
730 5343 1009 5414 suppliciis
1039 5344 1228 5414 dignos
1256 5343 1582 5416 pronuntiet.

13 5452 152 5490 inor
189 5434 522 5490 vehemens
547 5435 823 5505 gehennae,
884 5439 1142 5501 tanquam
1181 5433 1364 5502 gravis
1391 5441 1602 5498 tortor,

7 5544 47 5583 IS
87 5529 268 5583 intus
302 5528 522 5598 puniat,
554 5537 608 5582 et
650 5527 715 5582 de
741 5525 1156 5597 compunctioue
1194 5526 1388 5588 auium
1411 5525 1588 5595 lacryq

7 5637 68 5677 as
127 5632 440 5690 tanquam
470 5618 784 5690 sanguinem
815 5618 1050 5676 etinittat.
1095 5615 1153 5674 Si
1181 5615 1350 5682 enim,
1391 5615 1589 5678 fratres

7 5715 76 5779 si,
118 5714 352 5769 taliter
375 5713 733 5781 nosmetipsos
783 5710 1222 5781 dijudiearemua,
1263 5724 1368 5769 non
1400 5707 1587 5777 utique

18 5809 152 5867 Deo
201 5805 629 5879 iudicaremur,
686 5805 735 5859 id
786 5814 869 5860 est
915 5803 1253 5875 pnniremur,
1297 5800 1376 5862 vel
1425 5816 1584 5871 poma

7 5916 197 5971 eruo,
226 5897 341 5956 vel
373 5897 534 5955 etiam
563 5910 723 5969 piens
746 5896 1050 5968 temporali,
1080 5912 1200 5966 quae
1220 5909 1318 5966 pro
1343 5904 1584 5960 contem-

1696 4692 1749 4755 in
1771 4693 1854 4750 sui
1875 4697 2443 4759 commemorationem
2481 4697 2861 4766 praecipiendo,
2883 4711 3070 4760 corium
3099 4697 3285 4776 pedes.

1691 4783 1941 4854 lavando,
1958 4801 2053 4842 eos
2069 4789 2411 4851 consolando,
2440 4799 2499 4844 ut
2520 4790 2735 4858 quando
2760 4789 2931 4852 dixit:
2962 4787 3016 4844 Ν
3019 4807 3086 4844 an
3109 4789 3284 4853 rdiis»:

1691 4896 1848 4950 quam
1893 4898 1980 4944 vos
2031 4884 2315 4954 orphanos,
2341 4883 2530 4937 undam
2559 4891 2606 4938 et
2644 4884 2845 4940 veniunt
2874 4882 2943 4938 ad
2971 4900 3057 4946 vos
3079 4883 3280 4954 (Ioan-
3339 4893 3346 4900 '

1689 4971 1823 5042 xxv).
1864 4972 2124 5042 Spiritum
2153 4981 2400 5028 sanetum
2447 4974 2527 5034 eis
2565 4971 2852 5034 missurum
2881 4972 3262 5042 promittendo,

1689 5063 2089 5134 ethnjusmodi.
2148 5063 2255 5120 Nos
2299 5080 2531 5134 quoque,
2567 5063 2786 5130 fratres,
2835 5065 3122 5128 Domittict
3153 5064 3266 5128 lla.

1689 5157 1844 5227 gistri
1871 5140 2062 5212 nostri
2089 5157 2390 5226 exemplum
2423 5167 2730 5226 sequentes,
2788 5158 3053 5220 recessuri
3089 5158 3156 5216 ab
3183 5159 3265 5222 eis

1691 5261 1812 5316 cum
1857 5248 2051 5318 quibus
2101 5246 2384 5304 habuimus
2424 5248 2640 5318 longam
2681 5246 3284 5314 conversationem,'i_n.

1689 5340 1794 5408 line
1840 5339 2098 5404 debemus
2147 5340 2226 5405 eis
2273 5341 2557 5409 ostendere
2599 5341 2860 5411 majorem
2897 5341 3263 5408 dilectionem,

1688 5439 1955 5500 quatenus
2003 5447 2144 5500 vera:
2190 5431 2492 5498 dilectionis
2530 5433 2833 5503 exemplum
2865 5433 3260 5504 relinquamus.

1686 5532 1740 5594 et
1766 5537 1955 5584 eorum
1979 5522 2246 5586 mentibus
2268 5524 2612 5589 dilectionem
2641 5531 2694 5588 et
2733 5523 3053 5592 memoriam
3085 5521 3280 5594 nostri.

1689 5615 1892 5680 arctius
1921 5613 2222 5686 inligamus.

1757 5709 2018 5779 Sequitur
2043 5725 2168 5779 pars
2193 5711 2450 5776 secundo,
2493 5710 2545 5773 in
2575 5725 2681 5780 qua
2705 5709 3006 5773 ostenditur
3056 5707 3112 5773 in
3152 5721 3264 5778 alio

1689 5799 1949 5869 majorem
1985 5800 2241 5860 Dm‘ninus
2272 5801 2385 5864 suis
2420 5802 2720 5866 ostenderit
2752 5800 3262 5865 dilectionem,ctttn

1689 5892 1940 5960 subditur
1968 5911 1980 5947 :
2015 5892 2078 5958 Et
2108 5909 2252 5958 creua
2279 5891 2444 5964 facta,
2473 5910 2592 5958 cum
2616 5892 2858 5958 diabolus
2889 5891 3008 5964 jam
3035 5891 3257 5956 misisset
