3822 6316
502 466 525 522 Ι
536 460 638 522 859

500 586 556 638 in
580 596 691 646 cor,
714 586 770 633 ut
793 577 1014 631 traderet
1042 587 1157 627 eum
1184 568 1353 624 ludas

502 668 953 741 Mirm‘paiientire
984 661 1286 732 exemplum
1312 657 1489 720 nobis,
1522 654 1717 706 fratres
1745 642 2076 708 charissimi,

501 764 765 821 Dominus
791 759 1098 829 dereliquit,
1136 756 1187 809 in
1216 753 1317 808 hoc
1343 749 1482 820 quod
1515 758 1621 802 tam
1659 743 1926 816 patienter
1951 752 2078 810 pro-

505 856 733 911 ditorem
782 867 935 908 suum
967 846 1238 907 sustinuit,
1282 858 1387 898 non
1430 838 1721 895 excludens
1750 850 1871 890 eum
1904 849 1931 886 a
1962 846 2084 886 con-

505 948 679 1003 sortio
729 960 849 1010 suo,
887 958 990 997 non
1028 957 1058 995 a
1088 953 1295 1001 mensa,
1337 948 1442 988 non
1488 928 1777 986 abnsculo.
1818 925 1924 980 Nos
1950 936 2082 993 quo.

508 1052 635 1109 que,
660 1035 874 1100 fratres,
901 1039 1189 1101 sequentes
1212 1024 1532 1093 magistrum
1556 1027 1823 1081 nostrum,
1854 1011 2085 1068 inimicis

510 1127 713 1184 nostris
739 1124 1049 1197 patientiam
1103 1117 1479 1179 exhibeamus,
1524 1109 1985 1167 communicantes
2007 1105 2087 1159 eis

513 1226 756 1273 nostram
791 1215 1153 1275 dilectionem,
1204 1224 1315 1263 rem
1350 1203 1697 1276 temporalem
1732 1209 1782 1255 et
1809 1199 2085 1269 pietatem,

513 1309 671 1365 utsic
696 1306 813 1376 ejus
841 1304 1075 1359 animam
1106 1303 1171 1356 ad
1199 1314 1437 1356 amorem
1488 1295 1755 1351 inﬂectere
1794 1292 2088 1346 valeamus.

511 1398 628 1455 Hoc
673 1406 859 1453 contra
902 1396 1021 1450 illos
1062 1393 1265 1463 estqui
1325 1398 1599 1459 nequeunt
1647 1385 1755 1456 pati
1814 1384 2089 1439 hominum

513 1492 785 1550 naturam,
817 1481 1045 1536 necdum
1086 1479 1370 1533 malitiam.
1398 1476 1531 1530 Nam
1574 1484 1630 1527 ut
1662 1483 1869 1528 taceam
1891 1473 1956 1524 de
1987 1467 2091 1522 ini-

520 1575 699 1641 micis,
734 1575 777 1629 si
806 1574 1022 1642 conjux,
1056 1572 1135 1627 vel
1175 1570 1405 1634 amicus,
1450 1568 1648 1630 socius,
1682 1564 1765 1619 vel
1791 1561 2089 1625 familiaris,

515 1665 906 1738 aliquantulum
930 1662 1241 1725 iracundus,
1268 1659 1349 1714 vel
1388 1658 1574 1724 hebes,
1600 1655 1681 1709 vel
1703 1650 2091 1725 tardusfuerit,

516 1764 704 1819 statim
751 1776 846 1815 eos
895 1758 1182 1827 obiurgant
1212 1752 1291 1808 vel
1339 1752 1588 1817 irrident,
1624 1748 1706 1803 vel
1738 1744 2094 1803 contumelias

518 1854 776 1911 inferunt.
828 1851 935 1906 Sed
986 1849 1076 1919 qui
1116 1847 1239 1901 talis
1265 1853 1371 1911 est,
1422 1846 1534 1913 ipse
1568 1856 1662 1913 per
1696 1838 2092 1908 impatientiam

519 1946 627 2002 sibi
668 1944 819 1999 testis
850 1950 932 1996 est
961 1940 1103 2011 quod
1135 1939 1248 2008 ipse
1275 1934 1713 2008 reprehensihilis
1744 1940 1846 1988 est.
1880 1930 1995 1986 Non
2025 1929 2097 1985 ita

521 2034 824 2090 faciendqu
850 2041 952 2095 est,
996 2029 1213 2085 fratres.
1258 2026 1391 2082 Nam
1424 2026 1468 2081 si
1498 2025 1747 2080 Christus
1790 2022 2021 2077 mundus
2046 2030 2103 2076 et

521 2138 749 2183 sanctus
797 2126 1067 2198 patienter
1127 2121 1381 2177 sustinuit
1426 2133 1580 2174 suum
1633 2116 1992 2186 proditorem,
2044 2122 2102 2168 tu

521 2226 800 2288 peccator,
852 2230 956 2270 non
1012 2212 1307 2269 sustinebis
1341 2218 1681 2280 peccatorem
1712 2207 1735 2261 ?
1769 2206 1825 2261 Si
1856 2206 2105 2262 Christus

521 2309 780 2367 sustinuit
808 2308 1110 2372 inimicum,
1140 2315 1191 2359 tu
1223 2320 1328 2359 non
1369 2301 1661 2357 sustinebis
1700 2300 1977 2355 amicum?
2003 2300 2104 2353 lta-

522 2418 628 2474 que
686 2400 1033 2457 familiarium
1087 2407 1141 2453 et
1186 2396 1557 2466 proximorum
1610 2403 1917 2449 nostrorum
1974 2390 2104 2446 vitia

522 2495 793 2566 patienter
815 2491 1198 2548 sustineamus.
1230 2487 1412 2544 Palam
1447 2486 1868 2552 dissimulemus,
1893 2492 2105 2540 secreto

523 2586 885 2656 corrigamus.
932 2584 1084 2651 Quod
1125 2591 1304 2637 autem
1337 2586 1411 2635 ait
1444 2599 1457 2636 :
1498 2579 1630 2635 Cum
1662 2580 1902 2634 diabolus
1934 2578 1986 2633 in
2017 2593 2108 2632 cor

524 2679 774 2743 misisset,
804 2692 909 2731 non
942 2676 1016 2731 ita
1048 2675 1450 2745 intelligendum
1480 2683 1580 2738 est,
1618 2673 1816 2727 fratres
1845 2670 2107 2727 charissi-

524 2775 623 2840 Ini,
646 2774 787 2844 quod
814 2772 1058 2829 diabolus
1082 2781 1299 2841 putetur
1323 2770 1616 2826 immittere
1636 2768 1719 2824 vel
1747 2783 1936 2824 creare
1966 2766 2108 2837 cogi-

524 2866 763 2922 taliones
814 2865 867 2921 in
926 2865 1183 2921 cordibus
1220 2864 1517 2917 hominum.
1552 2860 1806 2917 Diabolus
1834 2861 1977 2916 enim
2002 2875 2108 2915 non

524 2969 612 3018 est
644 2967 835 3015 auctor
862 2959 1269 3030 cogitationum,
1301 2958 1392 3012 sed
1427 2966 1728 3028 suggestor,
1762 2955 1991 3011 suadere
2012 2968 2111 3026 po-

528 3061 658 3120 test,
713 3067 819 3107 non
860 3051 1123 3107 violenter
1165 3051 1475 3105 immittere.
1521 3050 1573 3104 lu
1622 3056 1884 3119 potestate
1925 3057 2109 3105 autem

528 3144 775 3201 hominis
822 3153 905 3199 est
968 3144 1276 3199 consentire
1315 3143 1396 3196 vel
1442 3158 1543 3196 non
1593 3144 1922 3198 consentire.
1957 3121 2111 3199 Unde

528 3236 796 3293 Dominus
847 3237 913 3292 ad
966 3236 1099 3291 Cain
1140 3253 1152 3289 :
1186 3235 1251 3289 In
1298 3244 1548 3305 potestate
1590 3245 1679 3289 tua
1716 3236 1811 3288 erit
1852 3235 2111 3305 appetitus

532 3346 656 3397 uus,
712 3341 761 3385 et
808 3340 864 3383 tu
913 3329 1263 3383 dominaberis
1312 3329 1388 3381 illi
1442 3327 1592 3395 (Cen.
1631 3328 1725 3396 iv).
1762 3328 1872 3383 lloc
1918 3337 2108 3383 contra

532 3423 656 3478 illos
707 3424 795 3494 qui
854 3423 1067 3492 quando
1098 3421 1311 3491 aliquod
1348 3419 1525 3475 scelus
1551 3421 2006 3489 perpetraverint,
2030 3420 2110 3476 di-

533 3525 666 3572 euut
688 3515 957 3570 diabolum
988 3516 1088 3570 hoc
1121 3531 1178 3569 se
1216 3516 1394 3569 facere
1427 3513 1641 3579 fecisse,
1670 3522 1723 3567 et
1753 3514 1966 3583 culpam
1998 3513 2113 3569 dia-

534 3607 661 3665 bolo
694 3609 993 3673 ascribunt,
1035 3607 1159 3661 dum
1217 3621 1277 3661 se
1322 3620 1585 3661 excusare
1635 3606 1878 3675 cupiunt.
1917 3606 1974 3661 In
2004 3621 2113 3676 quo

533 3701 708 3772 magis
732 3716 790 3756 se
814 3701 1064 3756 incusant
1092 3708 1146 3752 et
1175 3708 1452 3769 peccatum
1501 3708 1716 3771 augent.
1749 3700 1885 3756 Nam
1910 3709 1964 3755 et
1998 3701 2118 3757 dia-

534 3791 661 3849 bolo
697 3802 891 3863 sponte
924 3799 1336 3856 consenserunt,
1377 3799 1433 3847 et
1463 3807 1583 3846 cum
1611 3807 1674 3847 eo
1695 3791 1840 3862 juste
1871 3800 1996 3850 sunt
2016 3808 2118 3865 pu-

534 3883 743 3940 niendi.
799 3882 1003 3949 Sciens,
1039 3882 1231 3954 inquit,
1262 3884 1399 3951 quod
1427 3884 1603 3937 omnia
1631 3884 1770 3937 dedit
1794 3885 1842 3938 ei
1871 3884 2031 3940 Pater
2061 3885 2116 3939 in

536 3990 727 4029 manus
776 3992 927 4039 suas,
976 3973 1243 4041 etelestia,
1276 3975 1575 4039 terrestria,
1601 3985 1655 4030 et
1679 3974 1913 4043 inferna,
1945 3976 2117 4033 bonos

539 4074 599 4122 et
647 4066 838 4132 malos,
890 4064 1013 4121 illos
1050 4065 1116 4120 ad
1166 4065 1503 4130 salvandum,
1541 4066 1640 4121 hos
1675 4066 1740 4121 ad
1767 4046 2116 4134 judicandum

540 4158 735 4232 (Eecli.
768 4161 872 4228 tu),
903 4158 1021 4214 illos
1049 4159 1116 4214 ad
1133 4158 1460 4230 eligendum,
1485 4159 1584 4214 hos
1607 4159 1671 4213 ad
1696 4157 2113 4228 reprobandum.

540 4251 611 4307 Et
643 4252 772 4324 quia
808 4261 1000 4322 potens
1038 4260 1093 4307 et
1128 4252 1386 4307 Dominus
1416 4252 1673 4315 omnium,
1719 4251 2025 4305 humiliavit
2058 4266 2119 4307 se

542 4344 613 4401 ad
654 4344 820 4416 pedes
855 4358 1156 4408 servorum,
1204 4341 1359 4412 juxta
1392 4342 1564 4398 illud:
1607 4343 1820 4410 Quanto
1863 4341 2115 4410 majores,

542 4436 769 4493 humilia
800 4445 853 4491 te
882 4436 936 4490 in
975 4436 1244 4502 omnibus,
1288 4443 1340 4489 et
1368 4451 1550 4489 coram
1585 4434 1694 4489 Deo
1727 4434 1967 4489 invenies
1994 4450 2119 4504 gra-

542 4526 700 4584 tiam.
722 4527 789 4582 Et
810 4526 937 4582 illud
962 4543 977 4582 :
1010 4527 1115 4594 Qui
1144 4526 1316 4596 major
1336 4535 1433 4590 est,
1456 4525 1548 4593 ﬁat
1580 4527 1714 4579 sicut
1744 4528 1935 4591 minor,
1957 4536 2003 4579 et
2031 4526 2119 4596 qni

540 4633 827 4690 prwcessor
850 4628 946 4685 est,
980 4618 1112 4672 sicut
1140 4618 1473 4672 ministrator
1506 4617 1655 4685 (Luc.
1687 4619 1840 4686 χχιι).
1873 4618 1936 4671 Et
1968 4620 2113 4687 quia,

545 4710 742 4781 inquit,
776 4730 809 4766 a
842 4712 951 4767 Deo
976 4712 1134 4778 venit,
1170 4722 1217 4767 et
1248 4713 1317 4765 ad
1357 4708 1717 4764 Deum'vadit.
1755 4712 1845 4766 Sic
1874 4711 1994 4767 ideo
2020 4714 2116 4767 bo-

543 4816 677 4859 num
733 4803 1039 4874 exemplum
1089 4803 1156 4858 ad
1214 4802 1384 4857 Deum
1445 4801 1606 4855 eundi
1657 4803 1767 4856 suis
1818 4805 2121 4874 relinquere

544 4893 737 4950 voluit.
766 4894 948 4967 Surgit
974 4913 1005 4949 a
1027 4912 1190 4959 cana,
1218 4904 1264 4948 et
1289 4894 1433 4962 ponit
1455 4910 1552 4947 sua
1582 4896 1900 4963 vestimenta,
1929 4906 1975 4951 et
2002 4913 2121 4951 cum

543 4988 827 5058 accepisset
856 4987 1092 5049 linteum,
1124 4986 1395 5051 pt'trcinxt'l
1425 5003 1499 5040 se.
1533 4984 1821 5056 Postquam
1849 4988 2124 5041 distribuit

544 5077 752 5135 cibaria
778 5077 920 5140 vitm.
959 5085 1021 5131 ut
1050 5076 1328 5142 Dominus,
1355 5078 1445 5131 dat
1470 5078 1773 5148 exemplum
1807 5078 2124 5133 lmmilitatis

546 5170 726 5226 factus
770 5178 831 5223 ut
876 5168 1140 5224 minister.
1197 5169 1286 5224 Sic
1343 5170 1435 5224 fiat
1475 5181 1526 5225 et
1561 5171 1861 5243 spiritualis
1897 5172 2126 5242 quisque

546 5263 827 5333 magister.
878 5260 1171 5332 Postquam
1207 5263 1407 5317 sederit
1438 5265 1634 5321 docens
1663 5277 1717 5321 ct
1757 5266 2035 5337 corrigens
2066 5275 2124 5321 ut

549 5356 835 5425 magister,
867 5365 1051 5426 surgat
1089 5366 1146 5412 et
1192 5356 1505 5427 aceingatur
1527 5358 1591 5411 ad
1620 5360 2035 5416 ministrandum
2066 5367 2126 5414 ut

550 5446 774 5503 humilis
793 5448 1056 5504 minister.
1081 5447 1192 5504 Hoc
1219 5457 1406 5505 contra
1430 5449 1686 5518 quosdam
1713 5461 1913 5507 sancta
1939 5452 2127 5508 Eccle-

550 5538 649 5595 site
669 5539 940 5610 praelatos,
970 5540 1060 5611 qui
1090 5555 1302 5609 semper
1316 5539 1505 5594 volunt
1532 5542 1722 5596 sedere
1738 5550 1790 5596 et
1820 5543 2121 5599 dominari:

549 5647 779 5705 surgere
822 5642 1002 5689 autem
1033 5634 1100 5689 ad
1127 5633 1567 5699 ministrandum,
1597 5642 1653 5689 et
1690 5634 1961 5689 humiliari
1988 5637 2128 5690 refu-

550 5723 724 5794 giunt.
750 5722 909 5779 Ponit
939 5723 1102 5794 igitur
1132 5724 1456 5779 vestimenta
1493 5739 1614 5789 sua,
1638 5725 1920 5796 praecinxit
1944 5741 2003 5781 se
2029 5726 2129 5781 lin-

552 5826 662 5881 teo,
691 5817 859 5871 mittit
886 5831 1080 5885 aquam
1111 5815 1164 5870 in
1183 5814 1404 5885 pelvim.
1430 5813 1675 5873 Obiciunt
1696 5819 1925 5888 expediti
1950 5829 2008 5876 et
2035 5819 2131 5874 de-

552 5909 667 5962 vnti
710 5906 985 5964 vernaculi
1012 5905 1235 5965 exhibet
1262 5906 1545 5978 Dominus,
1583 5910 1716 5970 dans
1735 5916 2036 5987 exemplum
2064 5924 2125 5972 ut

1629 435 1969 497 ADDENDA.
1998 460 2070 478 ο-
2101 422 2447 484 BADULl’lll
2483 415 2830 479 ARDENTIS

1390 559 1619 619 Simonis
1645 556 1937 617 Isiariotw,
1969 559 2072 605 etc.
2105 550 2152 607 Α
2182 545 2271 614 qui
2318 542 2611 603 ministrat,
2663 536 2915 609 expedite
2969 540 3023 586 et
3074 529 3265 583 devote
3294 525 3552 580 ministret.
3577 525 3669 594 Quia

3574 413 3670 466 m0

2184 646 2386 707 quanto
2414 632 2611 704 aliquis
2643 641 2722 687 e.t
2768 625 3069 699 promptior
3102 631 3157 677 et
3188 619 3400 675 devotio
3429 618 3476 672 in
3503 619 3673 675 ministe-

2186 733 2286 795 rio,
2324 737 2477 784 tanto
2505 726 2677 796 major
2718 733 2801 779 est
2836 723 2900 778 in
2919 717 3136 776 merito.
3170 712 3432 779 Quoniam
3456 710 3672 767 maledicta

2183 823 2272 894 qui
2294 822 2416 893 facit
2445 836 2571 891 opus
2594 818 2687 872 Dei
2710 815 3024 887 negligenter
3049 809 3273 883 (Ierem.
3304 808 3506 875 ῑῖτηῐ).
3526 802 3675 877 ilystice

2186 928 2315 969 vero
2375 913 2425 966 in
2479 912 2582 965 hoc
2614 908 2754 979 quod
2789 904 3045 961 Dominus
3099 901 3213 971 ipse
3256 899 3510 953 ministrat
3529 914 3675 967 aquam,

2188 1005 2333 1059 lavat
2378 1003 2541 1074 pedes
2599 998 2985 1068 discipulorum
3021 1003 3077 1048 et
3129 991 3408 1061 abstergit,
3437 991 3678 1043 demonstrat

2189 1100 2330 1168 quod
2388 1097 2501 1166 ipse
2559 1093 2708 1149 solus
2771 1099 2855 1145 est
2902 1097 3095 1160 potens
3124 1084 3436 1140 ministrare
3460 1082 3679 1137 horninibus

2191 1194 2465 1247 lavacrum
2508 1185 2944 1259 compunctionis
2969 1193 3023 1238 et
3052 1180 3442 1251 laerymarum,
3478 1176 3568 1246 ipse
3584 1179 3679 1230 solus

2193 1295 2383 1354 potens
2413 1292 2495 1337 est
2526 1283 2791 1337 mundare
2821 1285 2875 1331 et
2905 1283 3188 1342 extergere
3230 1269 3426 1325 sordes
3463 1277 3683 1321 nostrorum

2195 1377 2505 1432 affectuum.
2552 1372 2721 1429 Nemo
2746 1370 2891 1426 enim
2923 1366 3158 1423 mundus
3197 1375 3303 1425 est,
3338 1363 3431 1433 qui
3458 1363 3514 1415 ab
3532 1362 3684 1416 eoloun

2196 1484 2300 1523 non
2336 1477 2436 1521 est.
2472 1464 2624 1521 Unde
2648 1473 2699 1517 et
2732 1471 2918 1532 postea
2949 1457 3243 1529 respondet
3273 1454 3470 1510 Petro:
3497 1452 3611 1515 Etsi,
3633 1455 3685 1506 in-

2194 1564 2330 1634 quit,
2363 1577 2464 1615 non
2487 1558 2659 1614 lavero
2683 1568 2750 1621 te,
2778 1572 2879 1609 non
2903 1552 3102 1607 habetis
3137 1560 3346 1621 partem
3378 1545 3689 1601 ntecunt.lietiit

2195 1672 2322 1727 ergo
2352 1655 2527 1725 primo
2555 1652 2619 1706 ad
2653 1649 2927 1705 Simonem
2966 1646 3208 1710 Petrum,
3256 1640 3530 1697 05tendens
3554 1642 3691 1708 priores

2197 1758 2379 1822 partes
2433 1744 2637 1801 dandas
2689 1742 2873 1813 priori.
2930 1739 2996 1794 Et
3026 1738 3233 1793 nullum
3266 1736 3319 1790 in
3360 1736 3457 1789 hoc
3477 1732 3693 1787 seculosic

2203 1854 2322 1895 esse
2382 1835 2705 1907 perfectum,
2752 1830 2840 1900 qui
2876 1844 2981 1885 non
3008 1829 3203 1884 habeat
3241 1825 3443 1895 aliquid
3469 1824 3693 1878 lavandum.

2134 1906 2177 1965 Β
2209 1932 2412 1990 Videtis
2440 1938 2619 1983 autem
2651 1925 2841 1979 Petrus
2866 1922 3104 1976 divinam
3137 1918 3473 1987 maiestatem
3501 1917 3553 1969 ad
3574 1916 3696 1969 lavan-

2211 2028 2338 2083 dunt
2372 2024 2535 2095 pedes
2567 2035 2694 2075 suos
2718 2015 2986 2080 inclinari,
3018 2029 3126 2069 non
3150 2006 3457 2068 estattirum
3480 2011 3517 2063 si
3542 2010 3697 2063 miratur

2209 2130 2264 2176 et
2295 2118 2515 2189 refugit.
2544 2114 2649 2169 Sed
2677 2128 2799 2168 cum
2824 2108 2993 2174 audit,
3020 2108 3160 2178 quod
3177 2106 3223 2161 si
3250 2121 3356 2160 non
3384 2106 3446 2158 ab
3469 2118 3524 2158 eo
3543 2102 3697 2167 lavetur,

2208 2210 2421 2266 alienus
2444 2208 2549 2261 erit
2578 2206 2644 2260 ah
2668 2220 2755 2269 eo,
2779 2201 3070 2258 consentit.
3106 2199 3216 2253 Nos
3243 2210 3472 2267 quoque,
3495 2195 3659 2258 fratres,
3673 2195 3701 2248 si

2210 2301 2381 2370 major
2408 2312 2638 2369 persona
2667 2311 2724 2351 se
2756 2292 3004 2350 humiliet
3029 2292 3094 2346 ad
3123 2289 3466 2346 serviendum
3491 2285 3701 2354 nobis,per

2208 2393 2569 2450 humilitatem
2601 2388 2950 2456 refugiamus.
2986 2385 3138 2451 Quod
3169 2383 3215 2436 si
3239 2397 3337 2451 per
3362 2378 3702 2433 charilatcmin-

2210 2483 2431 2549 stiterit,
2461 2480 2880 2541 consentiamus,
2913 2492 2979 2530 ne
3016 2473 3357 2545 prohibendo
3379 2486 3508 2531 eam,
3531 2469 3702 2522 divinum

2212 2574 2439 2645 implere
2490 2570 2805 2624 mandatum
2856 2565 3151 2635 culpabiles
3208 2563 3546 2617 inveniamur.
3590 2560 3704 2613 Porro

2213 2665 2438 2721 audiens
2476 2660 2671 2716 Petrus
2728 2673 2788 2714 se
2837 2664 3055 2726 propter
3086 2654 3285 2725 pedum
3326 2652 3606 2707 lavationem
3623 2664 3705 2703 cum

2210 2756 2444 2813 Domino
2469 2763 2677 2825 partem
2716 2749 3049 2813 habiturum,
3095 2754 3156 2799 ut
3190 2743 3442 2812 majorem
3470 2743 3603 2813 possit
3623 2756 3706 2797 cum

2212 2865 2279 2907 eo
2313 2849 2515 2905 habere
2541 2855 2776 2915 partem,
2806 2849 2957 2910 optat
2983 2855 3042 2895 se
3084 2847 3259 2893 totum
3301 2836 3370 2890 ab
3396 2853 3454 2891 co
3474 2836 3706 2895 lavandum,

2215 2943 2401 2998 dicens
2431 2958 2445 2995 :
2476 2938 2723 3003 Domine,
2760 2951 2865 2989 non
2897 2942 3100 2986 tantum
3141 2934 3316 2999 pedes,
3348 2929 3434 2982 sed
3454 2939 3497 2981 et
3520 2941 3657 2979 manu
3674 2932 3708 2976 et

2216 3045 2395 3107 caput,
2450 3033 2505 3089 id
2559 3040 2642 3087 est
2688 3039 2923 3085 mentem
2977 3034 3038 3081 et
3061 3024 3452 3095 Operationem.
3476 3021 3563 3075 Sed
3583 3017 3710 3074 Docti.

2218 3145 2321 3186 nus
2337 3127 2428 3200 qui
2458 3125 2607 3181 novit
2634 3122 2930 3188 hominem,
2949 3119 3139 3175 melius
3154 3133 3317 3187 quam
3350 3115 3501 3171 homo
3520 3112 3709 3182 seipsam,

2219 3220 2351 3278 dicit
2376 3234 2498 3275 eum
2537 3232 2645 3272 non
2667 3215 2931 3286 indigere,
2960 3211 3060 3266 nisi
3087 3218 3145 3263 ut
3175 3209 3340 3279 pedes
3364 3208 3510 3270 lavet,
3543 3206 3705 3260 dicens:

2138 3288 2184 3352 c
2218 3311 2322 3380 Qui
2373 3310 2511 3365 lotus
2536 3315 2636 3373 est,
2684 3322 2787 3360 non
2826 3304 3021 3385 indiget
3055 3303 3155 3355 nisi
3183 3311 3238 3354 ut
3270 3300 3423 3369 pedes
3447 3299 3574 3364 latret,
3597 3296 3715 3351 idest

2219 3405 2312 3476 qui
2362 3404 2502 3457 lotus
2547 3409 2630 3455 est
2671 3415 2700 3453 a
2733 3395 3123 3457 eritniualibus,
3175 3403 3283 3449 non
3336 3393 3537 3461 indiget,
3579 3387 3714 3441 nisiut

2216 3496 2427 3553 lavetur
2462 3510 2491 3549 a
2532 3489 2857 3553 venialibus,
2906 3489 3025 3541 sine
3058 3485 3258 3555 quibus
3290 3484 3393 3537 vita
3428 3492 3712 3553 pnesensaoa

2218 3590 2451 3647 ducitur.
2499 3586 2603 3643 Per
2650 3583 2812 3655 pedes
2862 3580 3061 3651 quippe
3103 3577 3439 3638 affectiones,
3478 3575 3631 3642 quibus
3669 3568 3714 3621 ad

2217 3699 2354 3755 opus
2397 3681 2665 3752 agendum
2717 3675 2983 3739 vadimus,
3023 3671 3419 3743 significantur.
3466 3665 3712 3722 Affectioncs

2216 3792 2349 3833 vero
2376 3783 2596 3841 nostrae,
2623 3770 2747 3842 quia
2771 3786 2875 3823 non
2904 3775 3133 3838 possunt
3160 3776 3383 3835 tangere
3405 3773 3606 3823 terrena,
3626 3758 3713 3811 dum

2219 3882 2407 3926 sumus
2440 3866 2495 3921 in
2527 3866 2630 3921 hoc
2677 3861 2898 3924 mundo,
2932 3859 3052 3913 inde
3109 3857 3316 3926 aliquid
3347 3852 3576 3924 pulveris,
3597 3850 3637 3905 id
3661 3854 3716 3901 est

2220 3961 2395 4019 sordis
2423 3956 2649 4013 venialis
2687 3952 3034 4016 contrahunt,
3073 3949 3217 4021 quod
3267 3948 3496 4019 quotidie
3529 3958 3604 4013 per
3628 3956 3721 3994 cono

2222 4053 2535 4116 fessionem,
2565 4049 2891 4111 orationem,
2929 4055 2985 4100 et
3030 4042 3448 4112 eleemosynam,
3494 4047 3543 4091 et
3578 4044 3717 4090 cetera
3792 4076 3793 4091 ,

2222 4149 2361 4204 bona
2404 4159 2626 4200 necesse
2666 4151 2749 4197 est
2775 4137 3051 4196 mandari.
3107 4137 3233 4190 lude
3261 4134 3495 4205 pracepit
3526 4129 3720 4185 Dotainus

2224 4249 2285 4321 ut
2302 4239 2576 4311 pulverem
2602 4238 2797 4307 pedum
2815 4233 3089 4290 excutiant
3116 4230 3344 4302 apostoli
3362 4230 3411 4282 in
3429 4224 3717 4281 testimonium
3792 4270 3793 4289 ξ

2225 4314 2327 4389 illis
2352 4333 2443 4403 qui
2490 4332 2571 4387 cis
2611 4330 2835 4385 credere
2863 4326 3152 4382 uoluerunt
3197 4323 3410 4394 (Matth.
3440 4320 3508 4388 x).
3543 4311 3720 4383 Quia,si

2222 4425 2351 4497 quid
2386 4423 2614 4479 veniatis
2656 4421 2881 4477 macula:
2925 4418 2978 4473 in
3033 4416 3395 4474 sollicitudine
3430 4425 3480 4466 et
3525 4406 3720 4480 pratia-

2226 4520 2390 4583 tione,
2422 4532 2583 4587 quam
2628 4516 2695 4569 ad
2726 4516 3151 4571 eonvertendum
3202 4509 3721 4567 coshabueruntmm-
3792 4514 3793 4567 γ

2227 4586 2527 4673 traxertmt,
2574 4609 2642 4663 ab
2677 4607 2757 4664 eis
2802 4606 3109 4662 excutietur
3155 4605 3209 4660 in
3241 4620 3333 4659 eos
3358 4613 3564 4673 quorum
3602 4605 3719 4648 causa

2224 4712 2502 4761 contracta
2532 4712 2677 4759 sunt.
2706 4700 2774 4756 Et
2803 4718 2913 4766 vos,
2944 4700 3140 4772 inquit,
3178 4698 3359 4751 mundi
3400 4695 3531 4754 estis,
3556 4690 3627 4743 sed
3648 4699 3720 4735 ιρι
3792 4756 3793 4763 χ

2225 4813 2421 4853 omnes.
2455 4796 2510 4850 ln
2542 4810 2767 4850 numero
2787 4795 2957 4863 tangit
2986 4808 3109 4848 eum
3136 4790 3407 4845 indefinite
3434 4785 3518 4856 qui
3547 4784 3719 4836 imatun-

2226 4892 2325 4945 dus
2346 4898 2485 4955 erat,
2518 4898 2575 4942 ut
2602 4896 2813 4942 notatus
2839 4887 3123 4941 erubescat
3144 4894 3200 4938 et
3231 4889 3569 4939 convertatur.
3592 4873 3634 4925 In
3648 4880 3720 4937 quo

2227 4980 2535 5036 doctoribus
2562 4986 2764 5033 sanctae
2787 4976 3037 5030 Ecclesiae
3065 4975 3363 5043 exctnplum
3386 4970 3538 5031 dedit,
3563 4972 3715 5016 nterim.

2227 5072 2380 5140 cujus
2430 5070 2633 5125 crimen
2665 5068 2935 5123 occultum
2986 5077 3091 5133 est,
3134 5083 3241 5122 non
3289 5063 3486 5135 publice
3530 5056 3714 5124 argum.

2229 5165 2322 5220 sed
2355 5164 2407 5217 in
2435 5159 2706 5218 communi
2736 5160 2854 5215 sine
2896 5161 3112 5214 nomine
3147 5166 3384 5229 tangant,
3410 5165 3458 5210 ut
3488 5149 3714 5214 intelltgtﬁi

2228 5273 2287 5315 se
2314 5259 2511 5323 notari,
2541 5258 2727 5313 timeat
2753 5267 2805 5312 et
2830 5264 3198 5311 convertatur.

2301 5353 2555 5421 Sequitur
2574 5366 2701 5422 pars
2723 5352 2903 5412 tertia,
2928 5348 2981 5402 iu
3005 5363 3106 5417 qua
3136 5360 3298 5401 causa
3322 5342 3434 5396 facti
3455 5340 3714 5394 demens"?

2232 5454 2342 5512 tur,
2378 5461 2501 5501 cum
2550 5444 2839 5498 subditur:
2874 5440 3160 5510 Postquam
3206 5449 3375 5491 autem
3404 5434 3522 5487 Iarit
3558 5432 3712 5480 omni“

2226 5539 2401 5611 pedes,
2427 5538 2619 5607 accepit
2648 5543 2946 5591 vestimenta
2968 5549 3086 5595 sua,
3122 5544 3169 5585 et
3205 5548 3318 5583 cum
3344 5525 3638 5580 recubuisset.
3661 5514 3712 5559 tif

2230 5646 2349 5683 rum
2378 5629 2501 5682 dicit
2529 5628 2625 5695 eis,
2654 5636 2758 5681 elc.
2785 5625 3073 5693 Postquam
3101 5637 3342 5675 summus
3368 5612 3709 5684 Magistercatﬁ3

2229 5719 2579 5777 ostendendae
2635 5716 2973 5780 humilitatis,
3019 5731 3079 5768 se
3135 5731 3164 5767 a
3213 5713 3460 5782 dignitate
3519 5702 3709 5759 ςειιιιεεῖπ

2231 5815 2531 5882 inclinavit,
2561 5816 2755 5870 iterum
2783 5812 2847 5866 ad
2873 5812 3105 5867 cilicium
3139 5811 3399 5865 cathedra:
3428 5802 3578 5859 redil-

2232 5909 2510 5969 imitantes
2535 5907 2779 5977 magistri
2809 5914 3009 5963 saneta:
3035 5904 3307 5970 Ecclesia,
3332 5912 3449 5957 curn
3480 5901 3621 5949 causa
3649 5881 3709 5935 ἕθ-
