3822 6316
124 369 233 430 l8“

119 593 221 633 l'lltlt
249 572 308 628 ad
350 571 677 628 altitudinem
711 583 767 629 et
810 574 1044 634 ollicium
1090 581 1362 640 cathedrm
1402 586 1649 655 redeam,

119 679 168 725 ut
192 665 418 722 videlicet
452 679 516 721 ex
556 664 858 726 humilitate
909 671 1011 727 sibi
1042 687 1361 747 comparant
1411 681 1658 738 subdito-

116 779 218 822 rum
245 774 467 814 amorem
493 768 547 814 et
585 758 966 832 imitationem,
1009 777 1062 823 et
1087 786 1155 825 ex
1188 771 1447 842 dignitate
1476 778 1658 833 cathe-

115 855 228 918 dm,
252 851 590 907 reverentiam
625 862 681 908 et
717 855 993 914 timorem.
1017 859 1072 916 Si
1095 861 1239 918 enim
1267 881 1480 938 semper
1504 869 1659 926 incli-

111 954 308 1010 nentur,
335 959 363 998 a
390 943 615 1000 subditis
633 947 851 1016 quidem
881 962 1154 1020 amantur,
1180 956 1273 1012 sed
1311 973 1416 1014 non
1459 959 1658 1018 timen-

111 1049 204 1096 tur.
227 1037 278 1094 Si
319 1053 442 1093 vero
467 1053 680 1111 semper
706 1042 1087 1116 snblimentur,
1130 1049 1389 1110 timentur
1413 1056 1655 1126 quidem,

107 1134 187 1190 sed
215 1147 311 1188 non
341 1142 586 1187 amantur
629 1151 644 1189 :
692 1151 818 1192 cum
861 1139 1115 1210 prtelatus
1163 1145 1324 1201 simul
1353 1149 1546 1206 debeat
1593 1151 1660 1206 ti-

106 1223 223 1282 tneri
247 1232 298 1279 et
327 1224 514 1278 amari.
560 1223 741 1294 Scitis,
777 1227 972 1300 inquit,
1006 1233 1130 1305 quid
1173 1235 1382 1306 fecerim
1411 1241 1572 1310 vobis,
1603 1242 1656 1298 id

104 1321 174 1368 est
194 1327 290 1384 qua
307 1328 462 1369 causa
488 1314 588 1370 hoc
615 1315 840 1374 fecerim
877 1321 1045 1378 vobis.
1083 1322 1183 1379 Vos
1206 1331 1398 1384 vocatis
1427 1349 1508 1388 nte
1537 1332 1658 1390 bla-

100 1409 242 1479 gister
273 1419 316 1462 et
351 1405 588 1472 Domine,
629 1420 677 1465 et
725 1412 851 1470 bene
872 1415 1067 1472 dicitis.
1102 1417 1234 1475 Sunt
1275 1425 1485 1482 etenim.
1540 1426 1659 1499 ipse

101 1501 228 1557 enim
255 1500 396 1556 solus
438 1512 518 1558 est
547 1505 826 1577 magister,
859 1509 951 1580 qui
1001 1527 1108 1568 non
1145 1517 1408 1583 exterius,
1442 1522 1536 1576 sed
1569 1523 1655 1578 in-

100 1590 250 1646 terius
281 1591 455 1659 docet,
489 1594 578 1663 qui
603 1595 708 1651 nisi
737 1596 882 1654 intus
919 1599 1133 1668 doceat,
1164 1605 1217 1660 in
1246 1623 1441 1665 vanum
1473 1611 1655 1684 lingua

99 1683 320 1741 docentis
361 1685 568 1743 laborat
595 1701 770 1758 extra,
811 1692 972 1760 unde,
1027 1713 1091 1751 ne
1137 1701 1407 1770 vocemini,
1457 1683 1655 1776 inquit,

94 1779 351 1849 magistri,
402 1780 526 1851 quia
583 1785 831 1854 magister
886 1798 1048 1842 vester
1099 1807 1236 1848 unus
1290 1806 1366 1851 est
1416 1796 1658 1856 Christus

96 1870 291 1941 (Matth.
321 1873 499 1944 nm).
529 1875 645 1945 Ipse
663 1879 826 1936 etiam
857 1883 1006 1941 solus
1036 1887 1419 1948 universaliter
1441 1902 1496 1949 et
1517 1909 1660 1950 sem-

89 1983 176 2042 per
206 1977 287 2025 est
315 1968 578 2028 Dominus
605 1991 618 2028 :
651 1973 803 2032 Unde
826 1985 886 2032 et
908 1979 1106 2036 dicitur
1136 1999 1150 2038 :
1190 1981 1338 2040 Unus
1376 1987 1654 2060 Dominus,

93 2079 184 2118 una
219 2064 370 2132 ﬁdes.
418 2080 581 2121 unum
604 2065 863 2138 baptisma
899 2067 1118 2143 (Ephes.
1159 2074 1258 2146 tv).
1306 2076 1500 2136 ϐαδιειί
1530 2097 1657 2138 vero

88 2172 182 2215 non
220 2157 446 2223 domini,
477 2160 569 2214 sed
597 2160 938 2231 diminutive,
969 2166 1152 2224 domui
1181 2169 1391 2228 dicendi
1426 2183 1574 2230 sunt.
1599 2175 1658 2232 Si

86 2265 194 2322 ergo
244 2266 336 2321 ego
375 2251 481 2307 lavi
530 2253 684 2323 pedes
729 2265 925 2314 vestros
979 2259 1234 2318 Dominus
1283 2275 1332 2319 et
1384 2265 1656 2339 Magister,

86 2349 218 2395 tanto
257 2342 426 2412 magis
451 2352 496 2398 et
527 2360 615 2399 vos
640 2346 835 2402 debetis
863 2347 998 2404 alter
1033 2351 1250 2409 alterius
1271 2354 1451 2412 lavare
1479 2361 1657 2428 pedes.

81 2433 468 2506 Argumentum
498 2446 582 2494 est
610 2454 639 2493 a
688 2441 902 2511 majori.
957 2441 1014 2499 Si
1045 2446 1190 2501 enim
1221 2447 1473 2506 dominus
1528 2453 1660 2509 lavit

78 2527 228 2598 pedes
257 2527 425 2593 servi,
448 2539 652 2600 quanto
678 2534 847 2604 magis
875 2548 1064 2592 servus
1091 2538 1252 2595 debet
1282 2540 1467 2598 lavare
1494 2545 1660 2616 pedes

79 2618 332 2673 conservi.
369 2618 439 2674 Et
465 2621 511 2674 si
544 2622 801 2694 magister
839 2625 968 2681 lavit
995 2629 1160 2697 pedes
1188 2629 1463 2702 discipuli,
1487 2650 1661 2705 quan-

77 2718 124 2765 to
151 2712 322 2784 magis
349 2713 656 2786 discipulus
679 2718 840 2776 debet
869 2720 1055 2778 lavare
1085 2726 1250 2794 pedes
1278 2729 1656 2802 condiscipuli.

75 2803 126 2858 Si
168 2803 329 2873 Dens,
358 2807 456 2878 qui
489 2825 594 2866 non
642 2810 866 2882 indiget,
899 2824 1119 2885 propter
1167 2819 1440 2878 hominem
1489 2825 1662 2883 voluit

71 2896 358 2966 humiliari,
388 2914 600 2972 quanto
628 2906 799 2978 magis
830 2907 992 2964 homo
1010 2911 1099 2980 qui
1128 2911 1329 2983 indiget
1352 2927 1574 2988 propter
1601 2935 1660 2976 se

71 2989 219 3046 debet
249 2992 555 3051 humiliari.
606 2994 943 3071 Exemplum,
1002 3001 1199 3075 inquit,
1241 3007 1365 3062 dedi
1408 3011 1569 3079 vobis,
1601 3021 1661 3067 ut

65 3086 508 3152 quemadmodum
535 3089 635 3158 feci
663 3093 826 3158 vobis,
870 3095 943 3150 ita
989 3107 1044 3152 et
1074 3112 1169 3154 vos
1190 3097 1425 3158 faciatis.
1457 3103 1657 3162 Exem-

781 361 1084 422 "OMIL'JE
1129 364 1194 420 ΙΝ
1235 365 1450 424 EPIST.
1492 367 1580 424 ΕΤ
1624 368 1657 424 Ε

1771 368 1874 426 NG.
1916 369 2214 431 DOMINIC.
2256 405 2322 418 --
2361 375 2540 434 PARS
2575 377 2613 434 Ι.

122 479 339 544 utilitatis
360 487 408 533 et
429 478 969 550 exemplisesnbditis
998 486 1112 542 suis
1135 486 1536 556 inclinaverint,
1563 489 1660 543 ite-
1689 485 1738 542 Α

3204 382 3341 450 i849

2299 511 2575 568 llOMlLlA
2624 513 2807 571 XLIX.

2352 624 2405 663 IN
2429 623 2744 664 PARASCE\'E.

1834 694 1978 752 Dixit
2002 696 2258 754 Dominus
2287 701 2358 754 ad
2386 701 2602 772 Moysen
2633 713 2679 758 et
2707 705 2885 760 Aaron
2913 707 2966 762 in
3007 716 3147 764 terra
3170 707 3344 781 ΛΞΜ-

1759 789 1834 858 pti
1854 805 1874 844 :
1899 789 2095 846 Mensis
2112 793 2208 848 iste
2230 795 2374 849 vobis
2401 797 2719 867 principium
2741 800 3344 875 mensium(Exod.xu),

1759 887 1866 934 etc.
1920 879 1975 935 ln
2023 882 2126 939 hac
2157 885 2406 954 lectione,
2464 887 2660 947 fratres
2704 891 3032 960 charissimi,
3086 894 3346 951 Dominus

1763 971 1982 1029 tradidit
2013 973 2140 1030 olim
2183 975 2381 1034 Judaeis
2413 979 2764 1038 historialiter
2789 983 3024 1054 qualiter
3055 984 3344 1056 figuratum

1759 1060 1968 1120 Pascha
1992 1065 2251 1125 deberent
2293 1071 2611 1142 celebrare;
2662 1075 2816 1131 nobis
2852 1090 2980 1132 vero
3010 1075 3054 1131 si
3087 1076 3348 1147 spiritua-

1761 1153 1887 1212 liter
1915 1159 2174 1231 sapimus,
2207 1165 2430 1221 tradidit
2453 1167 2533 1236 ⁸ἱη
2573 1169 2761 1225 eadem
2792 1169 3039 1236 lectione,
3071 1171 3346 1241 quomodo

1760 1251 2044 1320 spirituale
2066 1253 2270 1311 Pascha
2293 1259 2584 1318 debeamus
2610 1262 2903 1319 celebrare.
2953 1262 3060 1320 Nos
3099 1279 3347 1337 quoque,

1761 1341 1980 1411 fratres,
2029 1346 2235 1405 Pascha
2287 1355 2568 1424 sanguinis
2625 1358 2960 1422 animalium.
3014 1358 3344 1415 animalibus

1758 1431 1958 1491 Judaais
2010 1436 2392 1510 relinquentes,
2449 1444 2501 1499 in
2574 1445 2657 1502 his
2715 1448 3053 1519 inquiramus
3107 1448 3350 1520 qualiter

1759 1528 2117 1598 spiritualiter
2143 1531 2351 1590 Pascha
2379 1535 2654 1594 celebrare
2675 1540 2968 1598 valeamus.
2999 1541 3124 1600 Hinc
3156 1545 3348 1615 itaque

1759 1620 1942 1690 lectio,
1975 1626 2204 1696 mystice
2231 1627 2522 1697 intellecta,
2558 1633 2722 1688 tradit
2757 1636 2911 1691 nobis
2938 1651 3058 1704 sex,
3088 1637 3350 1696 videlicet

1758 1715 1876 1782 ubi,
1918 1731 1949 1771 a
1985 1719 2205 1788 quibus,
2238 1729 2290 1776 et
2333 1725 2548 1793 quando
2577 1724 2783 1782 Pascha
2821 1727 3014 1786 debeat
3059 1729 3348 1799 celebrari,

1761 1815 1818 1862 et
1845 1807 2021 1878 qualis
2049 1811 2243 1868 debeat
2271 1829 2392 1870 esse
2423 1818 2694 1888 paschalis
2727 1835 2917 1891 agnus,
2953 1832 3010 1878 et
3054 1822 3184 1895 quid
3213 1839 3353 1880 con-

1761 1895 1902 1954 ferat
1929 1899 2229 1958 immolatio
2256 1905 2395 1977 ejus,
2426 1917 2481 1963 et
2507 1911 2782 1978 quomodo
2814 1920 2934 1968 erat
2957 1915 3348 1972 comedendus.

1767 1988 1866 2046 Ubi
1902 1991 2064 2049 debet
2109 1994 2312 2052 Pascha
2365 1999 2678 2058 celebrari?
2723 2001 2782 2058 In
2815 2012 2960 2060 terra
3002 2005 3245 2079 IEgypti.
3287 2006 3352 2064 In

1761 2083 1968 2156 Egypto
1988 2088 2186 2159 quippe
2211 2090 2278 2146 de
2303 2093 2668 2152 celebratione
2689 2097 2912 2154 Pascha:
2934 2101 3172 2169 primum
3195 2115 3356 2158 man-

1762 2175 1944 2231 datmn
1976 2175 2078 2234 fuit
2121 2194 2151 2234 a
2200 2181 2425 2238 Domino
2450 2185 2657 2252 datum,
2686 2188 2831 2243 sicut
2874 2189 2964 2244 hic
2997 2189 3245 2260 legimus,
3296 2202 3356 2249 et

1760 2266 1995 2336 primum
2027 2268 2234 2326 Pascha
2282 2273 2383 2328 fuit
2421 2275 2772 2332 celebratum.
2804 2278 2860 2332 ln
2890 2277 3126 2352 Egypto
3159 2281 3353 2351 igitur,

1761 2357 1815 2412 id
1846 2369 1930 2414 est
1961 2360 2015 2416 in
2041 2363 2276 2419 tenebris
2299 2374 2354 2419 et
2381 2381 2612 2423 mmrore
2631 2369 2796 2439 hujus
2824 2371 3008 2426 mundi
3036 2371 3354 2428 mandatum

1762 2466 1794 2506 a
1823 2451 1934 2508 Deo
1964 2453 2030 2510 de
2076 2455 2399 2514 celebrando
2447 2459 2675 2528 Pascha,
2707 2461 2762 2517 id
2793 2471 2880 2519 est
2907 2464 3137 2520 transitu
3184 2464 3350 2538 hujus

1762 2547 1972 2614 tnundi,
2000 2549 2329 2620 accepimus,
2345 2563 2612 2622 quatenus
2635 2555 2882 2627 exemplo
2899 2557 3263 2614 lsraelitarum
3285 2557 3357 2616 de

1760 2636 2001 2710 Egypto
2029 2639 2096 2694 ad
2117 2645 2726 2714 terrampromissionis,
2755 2647 2820 2703 de
2844 2649 2990 2704 vitiis
3003 2649 3071 2703 ad
3088 2648 3346 2716 virtutes.

1761 2731 1828 2788 de
1841 2733 2032 2788 exsilio
2045 2733 2112 2788 ad
2127 2750 2417 2805 supernam
2446 2738 2674 2808 patriam
2701 2740 2973 2796 desiderio
2988 2749 3354 2798 transeamus.

1759 2823 1806 2878 Α
1829 2824 2023 2896 quibus
2047 2824 2204 2880 debet
2228 2826 2436 2883 Pascha
2465 2829 2772 2886 celebrari?
2799 2830 3161 2897 ablsraelitis,
3191 2831 3243 2887 id
3265 2837 3354 2888 est

1761 2931 1794 2972 a
1812 2916 1947 2973 viris
1960 2917 2393 2975 desiderantibus
2416 2920 2595 2976 videre
2611 2923 2775 2978 Deum
2797 2937 2813 2987 ;
2843 2921 2911 2976 ab
2926 2921 3188 2990 Hebrzeis,
3203 2923 3256 2978 id
3268 2929 3358 2980 est

1763 3010 2170 3066 transeuntibus
2218 3025 2247 3064 a
2278 3011 2422 3067 vitiis
2468 3012 2535 3067 ad
2569 3013 2816 3079 virtutes,
2845 3014 2913 3070 ab
2953 3014 3146 3070 exsilio
3186 3013 3354 3083 hujus

1761 3101 1949 3157 mundi
1999 3101 2066 3157 ad
2113 3102 2390 3159 etelestem
2423 3105 2673 3174 patriam.
2706 3098 2771 3160 lli
2793 3105 2938 3161 enim
2970 3105 3092 3172 soli,
3139 3103 3351 3164 fratres

66 3176 201 3248 plum
223 3178 894 3258 humilitatis,exemplum
915 3191 1132 3260 amoris,
1151 3196 1454 3266 exemplum
1471 3215 1659 3257 eumn.
1690 3211 1736 3274 ο
1768 3195 1896 3262 mei,
1926 3210 2052 3252 vere
2091 3195 2300 3254 Pascha
2328 3197 2626 3266 celebrant,
2661 3200 2858 3271 quibus
2908 3201 3034 3257 odio
3065 3208 3150 3257 est
3189 3215 3356 3256 mun-

63 3268 293 3329 dationis
353 3275 533 3332 dedit.
597 3278 780 3336 Primo
839 3285 1146 3356 exemplum
1204 3292 1430 3356 amoris.
1484 3302 1544 3350 ut
1601 3297 1656 3352 in

64 3366 305 3439 exemplo
337 3371 616 3442 magistri,
655 3373 869 3430 discant
899 3377 1148 3448 discipuli
1185 3384 1560 3442 sese‘invicem
1583 3387 1665 3443 di-

58 3457 240 3531 ligerc.
276 3461 442 3520 Unde
473 3483 486 3520 :
543 3465 876 3533 Mandatum,
913 3471 1109 3542 inquit,
1159 3493 1345 3532 norum
1389 3480 1456 3534 do
1494 3482 1659 3550 vobis,

59 3564 110 3608 ut
143 3555 386 3627 diligatis
417 3557 658 3627 invicem,
689 3564 827 3618 sicut
854 3582 946 3634 ego
996 3567 1161 3623 dilexi
1203 3587 1310 3625 vos.
1347 3571 1660 3646 Exemplum

54 3645 412 3716 humilitatis,
447 3663 506 3708 ut
534 3654 587 3709 in
613 3657 860 3726 exemplo
898 3658 1140 3729 Magistri
1171 3662 1382 3718 discant
1410 3645 1662 3739 discipuli

54 3740 386 3801 alterutrum
423 3746 720 3804 humiliari.
764 3751 1081 3823 Exemplum
1129 3758 1556 3828 emundationis,
1606 3773 1664 3820 ut

51 3838 304 3910 exemplo
337 3838 593 3910 Magistri
630 3841 842 3898 discant.
895 3845 1143 3916 discipuli
1177 3863 1298 3904 sese
1336 3850 1662 3910 alterutrum

51 3945 143 4000 per
174 3932 622 3998 confessionem,
651 3936 954 3994 orationem
1000 3949 1054 3995 et
1079 3943 1332 4011 pietatem
1365 3963 1394 4001 a
1421 3949 1662 4016 peccatis

47 4025 383 4092 emundare,
422 4035 481 4080 et
522 4027 659 4082 alter
706 4030 930 4087 alterius
958 4049 1123 4090 onera
1182 4048 1420 4107 portare.
1453 4042 1661 4112 Itaque,

47 4114 247 4174 fratres
273 4121 417 4184 mei,
455 4123 565 4175 veri
595 4131 651 4176 et
671 4127 866 4180 summi
900 4126 1140 4197 Magistri
1169 4133 1398 4203 vestigia
1427 4149 1661 4205 sequen-

44 4218 144 4277 tes,
180 4212 559 4270 humiliemnr
584 4218 650 4270 ad
681 4217 933 4286 invicem,
988 4221 1228 4279 lavantes
1255 4226 1420 4296 pedes
1463 4243 1664 4299 paupe-

42 4316 163 4358 rum
207 4315 270 4360 et
321 4306 677 4362 subditorum
712 4319 1044 4368 nostrorum.
1101 4313 1208 4370 Sed
1241 4317 1428 4374 ethoc
1471 4321 1676 4388 parum

37 4404 138 4464 est,
181 4399 296 4454 nisi
356 4409 415 4455 et
455 4415 550 4456 eos
598 4401 905 4472 diligamus.
937 4404 1075 4460 Sunt
1119 4407 1264 4463 enim
1320 4411 1540 4480 quidam
1571 4414 1664 4484 qui

37 4490 454 4558 humiliantur,
501 4503 554 4548 et
604 4493 785 4550 lavant
832 4497 996 4568 pedes
1051 4514 1378 4571 pauperum,
1433 4521 1540 4560 non
1595 4523 1663 4562 ex

1767 3287 1887 3354 dus,
1915 3289 2007 3358 qui
2056 3297 2468 3360 conqueruntur
2517 3301 2573 3346 et
2625 3292 2813 3347 dicunt
2844 3307 2969 3348 cum
3017 3290 3292 3364 PrOpheta
3335 3307 3356 3348 :

1766 3378 1888 3435 Heu
1918 3381 2068 3448 mihi,
2093 3382 2220 3450 quia
2244 3381 2503 3437 incolatus
2530 3399 2674 3437 meus
2697 3385 3036 3455 prolongatus
3065 3394 3141 3439 est
3167 3384 3355 3453 (Psal.
3399 3412 3407 3420 -

1739 3473 1938 3546 .cxrx),
1991 3476 2082 3545 qui
2131 3477 2440 3532 transiliunt
2495 3476 2786 3546 desiderio,
2836 3488 2894 3534 ut
2926 3478 3144 3533 videant
3177 3479 3356 3535 Deum

1768 3567 1994 3622 deorum
2026 3568 2078 3622 in
2111 3568 2262 3624 Sion.
2301 3569 2452 3626 Unde
2483 3579 2538 3625 et
2569 3570 2825 3625 Dominus
2845 3555 3007 3628 Iesus
3033 3585 3092 3628 se
3121 3587 3152 3627 a
3195 3571 3357 3629 Gali-

1765 3659 1878 3715 laeis
1905 3660 1958 3715 in
1990 3659 2209 3718 Calilaea
2259 3661 2530 3733 promittit
2560 3661 2870 3730 videndum,
2897 3662 2950 3718 id
2973 3672 3058 3719 est
3099 3677 3131 3718 ει
3173 3671 3358 3721 trans-

1774 3752 2133 3823 migrantibus
2183 3754 2236 3809 in
2281 3753 2832 3826 transmigrationem.
2869 3754 2970 3824 Qui
3027 3767 3160 3810 vero
3194 3769 3357 3810 mun-

1767 3843 1893 3898 dum
1929 3843 2366 3915 complectuntur
2413 3859 2619 3911 amore,
2644 3845 2733 3915 qui
2766 3860 2982 3915 semper
3010 3845 3113 3913 hic
3151 3844 3358 3901 vellent

1768 3937 1972 4004 vivere,
1996 3937 2084 4008 qui
2137 3938 2203 3992 de
2248 3946 2460 3992 terrena
2497 3937 2831 3992 contendunt
2886 3936 3223 4005 haereditate,
3252 3949 3358 3992 ne-

1767 4042 2039 4099 quaquam
2067 4029 2226 4100 digne
2249 4039 2474 4099 possunt
2495 4029 2773 4085 celebrare
2799 4027 3008 4085 Pascha
3040 4028 3352 4100 spirituale.

1769 4121 1994 4188 Quando
2039 4121 2200 4176 debet
2253 4121 2460 4178 Pascha
2489 4121 2792 4178 celebrari?
2827 4122 2884 4178 In
2907 4131 3100 4193 quarta
3141 4119 3356 4177 decima

1771 4212 1896 4267 luna
1927 4213 2086 4284 primi
2124 4214 2345 4270 mensis.
2379 4214 2434 4270 ln
2463 4215 2636 4285 primo
2685 4215 2829 4270 enim
2860 4228 3067 4280 mense,
3102 4213 3154 4270 id
3184 4222 3270 4270 est
3299 4213 3360 4270 in

1767 4305 2042 4362 lunatione
2072 4306 2289 4377 Aprilis.
2308 4323 2426 4378 qtue
2451 4309 2504 4363 in
2526 4306 2716 4363 Martio
2742 4307 3030 4380 aliquando
3055 4306 3357 4364 secundum

1769 4413 1868 4454 nos
1921 4398 2128 4468 incipit,
2184 4401 2389 4454 creavit.
2445 4400 2588 4456 Deus
2634 4400 2913 4465 mundum,
2945 4409 3003 4455 et
3050 4402 3103 4454 in
3159 4399 3354 4455 eodem

1773 4495 2038 4550 recreavit
2085 4510 2228 4549 eum.
2260 4493 2461 4550 Eodem
2511 4495 2673 4566 igitur
2699 4505 2961 4564 tempore,
3021 4492 3131 4547 imo
3156 4491 3352 4547 eodem

35 4598 259 4652 amore,
293 4585 406 4642 sed
437 4587 602 4640 etiam
627 4602 691 4642 ex
720 4590 950 4661 quadam
982 4593 1286 4659 coactione,
1319 4611 1420 4652 nec
1449 4599 1662 4654 sincere
1696 4596 1741 4652 D
1772 4602 1958 4642 mense
1982 4596 2036 4642 el
2060 4588 2248 4644 eGde
2279 4588 2386 4654 die,
2415 4597 2469 4643 οι
2490 4587 2676 4642 eadem
2711 4585 2851 4642 ίονιθ
2874 4587 3028 4651 hora.
3060 4599 3167 4656 qua
3196 4597 3352 4639 om"

33 4676 124 4734 isti
169 4679 487 4734 imitantur
515 4680 822 4750 exemplum
859 4682 1079 4747 Christi,
1111 4686 1201 4755 qui
1253 4699 1319 4741 ex
1351 4703 1480 4744 vera
1531 4689 1666 4745 dile-

31 4769 222 4826 etione
260 4770 451 4841 pedes
478 4785 772 4840 pauperum
801 4772 952 4828 lavit.
985 4775 1192 4847 Itaque,
1226 4794 1324 4832 uos
1356 4777 1572 4846 fratres,
1599 4797 1664 4836 ex

30 4877 168 4918 vero
197 4878 418 4918 amore
448 4863 613 4931 pedes
655 4878 950 4934 pauperum
999 4876 1256 4937 tanquam
1312 4869 1540 4925 fratrum
1573 4887 1667 4927 no-

27 4961 295 5009 strorutn
360 4953 632 5008 lavemus.
665 4953 775 5009 Nec
816 4956 919 5010 hoc
965 4956 1183 5025 sullicit,
1235 4959 1335 5014 nisi
1381 4972 1435 5014 et
1479 4975 1664 5016 eorum

23 5047 515 5106 emundationem
544 5055 601 5101 et
641 5045 868 5103 salutem
911 5048 965 5103 in
1015 5051 1190 5104 anima
1239 5068 1570 5122 quaeramus,
1609 5063 1669 5110 ιιι

27 5138 332 5204 videlicet,
387 5149 674 5208 postquam
704 5138 1022 5202 ,laverimus
1052 5159 1336 5214 pauperes,
1391 5145 1668 5201 calceaveo

19 5233 215 5290 rimus
265 5242 335 5288 et
395 5231 776 5286 satiaverimus
821 5235 1200 5304 corporaliter,
1261 5238 1526 5292 satiemus
1573 5253 1668 5294 eos

19 5325 459 5399 spiritualiter,
489 5323 800 5394 frangentes
821 5325 903 5381 eis
930 5341 1122 5396 panem
1154 5327 1318 5384 divini
1366 5331 1538 5395 verbi,
1569 5346 1670 5400 pa-

17 5437 155 5478 nem
189 5417 614 5482 correctionis.
641 5419 963 5475 eruditionis
989 5431 1041 5476 et
1060 5423 1476 5489 exhortationis,
1507 5440 1670 5479 oran-

17 5524 108 5569 tes
136 5523 210 5569 ut
244 5521 313 5568 et
343 5511 454 5582 ipsi
482 5511 662 5567 lavent
686 5528 783 5568 nos
800 5515 1138 5570 orationibus
1161 5515 1274 5570 suis
1301 5517 1442 5576 apud
1477 5515 1666 5585 Deum,

17 5617 341 5679 quatenus
388 5619 522 5675 pure
577 5604 784 5663 Pascha
840 5607 1119 5664 celebrare
1172 5623 1498 5675 mereamur,
1557 5609 1668 5664 lar-

19 5701 231 5772 giente
284 5700 402 5770 qui
430 5699 638 5757 Pascha
669 5711 916 5758 nostrum
966 5701 1280 5758 immolatus
1318 5712 1404 5759 est
1449 5702 1670 5758 Christo

19 5795 286 5853 Domino
357 5801 568 5860 nostro,
607 5793 858 5864 quicum
911 5793 1079 5851 Patre
1109 5803 1167 5850 et.
1215 5793 1422 5866 Spiritu
1478 5805 1668 5853 sancto

19 5889 165 5948 vivis
188 5897 262 5945 et
296 5897 508 5960 regnat
526 5887 668 5946 Deus
688 5889 745 5946 in
766 5900 1052 5958 aeternum,
1077 5891 1276 5948 Amen.
1340 5924 1364 5936 η

1496 5961 1501 5964 .
1531 5955 1560 5966 α

1768 4681 1846 4734 vit
1893 4680 2034 4736 Deus
2084 4683 2380 4746 hominem,
2435 4680 2705 4736 recreavit
2753 4680 3024 4735 eumdem.
3058 4676 3114 4732 In
3155 4684 3355 4748 Quarta

1769 4773 1981 4830 decima
2012 4773 2136 4828 luna
2163 4775 2443 4847 probabile
2470 4784 2554 4828 est
2603 4775 2876 4829 hominem
2905 4786 3024 4827 esse
3059 4779 3303 4826 creatum
3330 4783 3350 4824 :

1767 4864 1898 4920 Cum
1922 4867 2068 4921 enim
2105 4877 2296 4936 quarta
2329 4865 2415 4922 die
2449 4875 2628 4920 creata
2661 4865 2731 4920 sit
2761 4863 2886 4918 luna
2928 4863 2979 4918 in
3033 4860 3351 4933 plenilunio,

1767 4966 1919 5012 sexta
1957 4959 2044 5012 die
2101 4959 2270 5028 potuit
2295 4973 2416 5012 esse
2445 4957 2563 5012 talis
2594 4955 2768 5026 qualis
2797 4954 2934 5010 solet
2985 4968 3107 5009 esse
3150 4961 3350 5024 quarta

1767 5051 1997 5106 decima.
2019 5050 2156 5105 Ilinc
2185 5060 2235 5104 et
2254 5049 2520 5120 paschalis
2546 5063 2716 5118 agnus
2735 5048 2945 5103 decima
2975 5047 3062 5102 die
3093 5046 3160 5102 de
3181 5059 3347 5118 grege

1768 5154 2016 5214 sumptus
2053 5154 2154 5206 est,
2206 5154 2394 5211 quarta
2432 5141 2642 5197 decima
2679 5141 2767 5196 die
2810 5141 2876 5195 ad
2935 5153 3222 5210 vesperum
3251 5139 3354 5196 im-

1770 5236 2092 5290 tnolabatnr.
2142 5234 2391 5290 Christus
2418 5250 2635 5307 quoque
2663 5233 2750 5290 die
2797 5232 3008 5289 decima
3050 5231 3352 5290 Jerusalem

1768 5328 1997 5382 veniens
2027 5327 2092 5382 ad
2125 5329 2455 5397 passionem,
2505 5335 2699 5396 quarta
2756 5325 2964 5381 decima
3014 5325 3100 5380 die
3155 5340 3354 5396 agnum

1770 5419 2081 5484 comedens,
2099 5421 2289 5474 eadem
2314 5429 2470 5474 nocte
2499 5417 2728 5473 traditus
2747 5425 2851 5482 est,
2874 5424 2930 5472 et
2955 5418 3022 5470 ad
3045 5416 3355 5486 passionem

1773 5511 1990 5566 ductus.
2029 5510 2248 5582 Mystice
2279 5526 2407 5564 vero
2447 5517 2640 5580 quarta
2693 5509 2900 5564 decima
2953 5507 3078 5563 luna
3108 5507 3356 5564 immola-

1772 5607 1934 5662 batur
1993 5620 2164 5676 agnus
2212 5607 2278 5660 ad
2335 5619 2654 5677 vesperum,
2703 5602 2959 5674 quoniam
3009 5600 3354 5672 significabat

1772 5698 2069 5763 Christum,
2097 5699 2189 5769 qui
2223 5698 2544 5770 Deealogum
2567 5707 2622 5753 et
2650 5705 2882 5768 quatuor
2901 5694 2955 5750 in
2987 5709 3046 5750 se
3067 5693 3348 5764 complens

1772 5792 2086 5862 Evangelia,
2123 5793 2175 5847 in
2198 5806 2423 5863 vespere
2449 5789 2631 5846 mundi
2659 5786 2965 5844 immolatus
2991 5792 3095 5840 est.
3112 5782 3347 5840 Pulchre

1690 5960 1703 5964 __
1774 5888 1941 5945 etiam
1973 5888 2026 5944 in
2066 5897 2329 5960 tempore,
2356 5900 2462 5958 quo
2490 5891 2684 5941 cuncta
2712 5880 3076 5947 revirescunt,
3100 5887 3158 5937 et
3181 5888 3351 5935 rene-
