3822 6316
493 381 660 448 ἰϐιδ

1624 377 1965 439 ΔΟΒΕΝΒΑ.
1995 406 2068 424 -
2099 373 2454 434 RADULPlli
2492 369 2837 429 ARDENTIS

3621 352 3703 436 ita

516 519 744 569 vautur,
783 511 838 558 ct
888 519 1058 574 agnus
1104 502 1312 573 legalis,
1342 507 1397 555 ct
1433 515 1592 555 verus
1623 501 1807 568 Agnus
1833 498 2104 565 Christus,
2137 502 2190 563 Α
2223 492 2348 549 Non
2381 491 2687 555 remanebit,
2722 489 2917 563 inquit,
2943 505 3011 548 ea!
3037 505 3096 549 eo
3118 495 3403 566 quidquam
3432 515 3577 569 usque
3596 520 3698 574 mou,

515 595 831 658 immolatus
859 607 961 660 est,
991 595 1244 666 quoniam
1270 585 1367 664 per
1392 594 1696 662 passionem
1720 591 1920 648 Christi
1946 606 2104 645 mun-

514 691 618 748 dus
658 705 689 745 ιι
717 697 986 746 vetustate
1027 689 1264 754 exuitur,
1308 698 1364 742 et
1391 687 1444 741 in
1471 684 1760 740 virtutibus
1791 684 2010 739 virescit
2048 692 2106 738 et

513 793 830 842 renovatur.
865 783 972 838 Nos
995 798 1228 854 quoque,
1259 780 1474 845 fratres,
1501 780 1556 835 in
1586 779 1795 834 vernali
1829 787 2101 849 tempore,

513 887 571 932 et
609 877 662 933 in
687 886 883 948 quarta
905 877 1113 931 decima
1138 875 1259 929 luna
1282 873 1491 928 Pascha
1511 873 1770 927 debemus
1800 871 2100 935 celebrare,

516 972 778 1043 quoniam
816 971 918 1028 nisi
959 971 1199 1040 deposita
1227 977 1514 1034 vetustate,
1551 966 1798 1022 innovari
1841 976 1896 1021 et
1928 967 2104 1020 virtu-

513 1065 664 1120 tibus
686 1066 863 1120 virere
889 1062 1233 1132 coeperinms,
1272 1072 1326 1116 et
1367 1061 1470 1116 nisi
1515 1061 1820 1115 doctrinam
1849 1058 2099 1130 Decalogi

515 1168 572 1215 et
631 1168 864 1228 quatuor
919 1155 1331 1226 Evangeliorum
1409 1155 1762 1220 tenuerimus,
1814 1150 2106 1224 spirituale

519 1252 730 1307 Pascha
764 1249 1040 1306 celebrare
1070 1265 1174 1304 non
1216 1249 1476 1304 valemus.
1526 1247 1713 1315 Qualis
1763 1246 1958 1301 debeat
1984 1257 2105 1301 esse

527 1357 700 1413 agnus
726 1342 999 1412 paschalis
1021 1343 1044 1394 ‘l
1069 1343 1183 1397 sine
1214 1341 1445 1407 macula,
1479 1339 1768 1405 masculus,
1793 1339 2104 1405 anniculus,

479 1458 481 1460 ·
514 1435 572 1490 id
600 1444 684 1490 est
734 1434 1006 1505 perfectus
1045 1435 1096 1487 iu
1148 1434 1438 1495 munditia,
1485 1441 1539 1488 et
1573 1434 1622 1486 in
1651 1433 1847 1486 virtute
1882 1439 1938 1487 et
1967 1438 2102 1486 tem-

481 1557 486 1563 -
513 1543 664 1596 pore.
695 1527 827 1595 Quis
855 1537 936 1583 est
971 1530 1059 1583 hic
1091 1543 1293 1596 agnus,
1328 1527 1431 1582 nisi
1458 1528 1641 1594 Agnus
1665 1525 1782 1590 Dei,
1805 1527 1895 1597 qui
1921 1526 2108 1582 abstu-

514 1616 578 1673 lit
625 1627 844 1689 peccata
875 1619 1104 1674 mundi?
1149 1618 1331 1687 (Joan.
1364 1617 1426 1684 ι.)
1471 1616 1569 1683 Qui
1603 1617 1702 1670 fuit
1733 1617 1848 1671 sine
1875 1615 2102 1680 macula,

483 1767 486 1772 _
514 1711 642 1781 quin
669 1721 941 1780 peccatum
965 1723 1069 1766 non
1114 1710 1257 1779 fecit,
1284 1725 1375 1762 nec
1403 1710 1638 1780 inventus
1665 1717 1739 1764 est
1763 1709 1914 1762 dolus
1937 1709 1990 1762 iu
2017 1720 2106 1762 ore

513 1804 626 1873 ejus
651 1801 703 1872 (Ι
731 1803 876 1858 Petr.
910 1803 972 1874 ιι)
1009 1821 1023 1857 :
1053 1802 1153 1869 Qui
1187 1801 1287 1855 fuit
1315 1808 1367 1854 ct
1390 1800 1680 1864 masculus,
1733 1800 1784 1853 id
1808 1807 1892 1854 est
1925 1798 2103 1854 virilis

2213 589 2266 642 id
2289 595 2372 643 est
2407 585 2664 656 quidquid
2689 595 2771 640 est
2800 585 3194 654 necessarium,
3221 587 3376 643 vobis
3402 591 3466 645 de
3492 593 3656 652 Christo
3671 601 3701 657 in

2210 677 2299 732 via
2335 677 2581 740 credere,
2637 675 2890 732 credetis.
2946 675 3056 731 Nec
3088 677 3393 734 remanebit
3420 675 3596 750 aliquid
3621 685 3701 756 quod

2217 769 2550 824 credendum
2577 776 2678 832 est,
2707 769 2850 836 quod
2884 769 3080 823 dicatis
3108 783 3202 824 vos
3234 781 3340 824 non
3367 773 3704 850 credamusque

2213 874 2396 925 mane,
2436 860 2488 916 id
2546 867 2630 916 est
2680 871 2854 930 usque
2883 929 2886 931 Α
2915 862 2966 916 in
3014 865 3498 933 resurrectionem,
3534 875 3703 936 quoniam

2179 982 2186 994 ο
2215 961 2344 1007 tunc
2379 967 2484 1007 non
2515 953 2617 1007 crit
2650 963 2863 1023 tempus
2899 953 3172 1015 credendi.
3205 957 3300 1011 sed
3335 959 3706 1035 ridendiﬁqut

2213 1045 2484 1099 residuum
2511 1045 2690 1114 fuerit,
2734 1046 2787 1100 id
2814 1054 2896 1102 est
2925 1045 2968 1101 si
3001 1048 3130 1117 Quid
3159 1057 3243 1103 cst
3276 1051 3344 1104 de
3373 1050 3585 1113 Christo.
3618 1063 3706 1126 quod

2214 1134 2486 1208 quomodo
2511 1147 2696 1192 verum
2721 1139 2812 1202 sit,
2838 1153 2941 1192 non
2970 1135 3291 1208 intelligitis,
3318 1142 3434 1210 igne
3464 1143 3708 1218 condurata,

2213 1229 2266 1285 id
2293 1241 2376 1284 est
2404 1230 2598 1286 divina:
2642 1232 2895 1301 potentia:
2947 1231 3253 1286 ascribctis.
3286 1231 3360 1287 Os
3387 1233 3494 1303 ejus
3537 1243 3709 1295 uaticin-

2213 1316 2475 1390 fringetis,
2527 1320 2582 1376 id
2634 1330 2718 1376 est
2773 1320 3028 1376 virtutem
3064 1319 3372 1376 divinitatis
3416 1323 3525 1394 ejus
3567 1333 3710 1398 propter

2211 1414 2520 1484 passionem
2553 1414 2736 1470 carnis
2769 1414 2995 1468 fractam
3048 1413 3132 1469 vel
3173 1416 3498 1470 minoratam
3534 1427 3710 1478 essentia

2211 1506 2462 1562 credetis.
2495 1505 2788 1562 Camertem
2835 1509 2993 1561 etiam
3035 1517 3232 1578 agnum
3261 1523 3380 1562 cum
3412 1511 3590 1581 azymis
3613 1521 3712 1583 patu-

2211 1601 2308 1654 ιιι.
2355 1611 2404 1655 et
2459 1601 2681 1656 lactucis
2709 1602 3020 1672 agrestibus.
3053 1599 3300 1672 Azymus
3335 1603 3486 1672 panis
3525 1601 3714 1666 fermento

2213 1703 2383 1759 caret,
2417 1693 2642 1749 lactucae
2688 1699 2930 1765 agrestes
2964 1693 3168 1751 habent
3202 1696 3615 1753 amaritudinem.
3647 1697 3714 1757 Co-

2212 1786 2445 1842 medetis
2477 1787 2640 1857 igitur
2685 1796 2882 1857 agnum
2940 1797 3062 1842 cum
3092 1789 3306 1859 azymis
3328 1789 3563 1858 panibus,
3592 1787 3631 1845 id
3665 1804 3717 1850 est

487 1897 900 1962 .etvirtuosns,
932 1896 1130 1950 virtute
1163 1903 1218 1949 et
1267 1893 1529 1963 sapientia
1579 1892 1872 1963 perfectus,
1915 1899 2102 1962 utpote
2135 1881 2180 1942 Β
2210 1891 2335 1932 cum
2389 1875 2700 1932 είηεθτίῑθιθ
2766 1877 3090 1933 ίηηοεεηιίω
3154 1885 3209 1933 οἳ
3262 1877 3524 1946 *ετίίῖηίει
3565 1887 3608 1936 ετ
3634 1893 3715 1939 cum

515 1987 608 2056 Qui
641 1987 932 2043 debellavit
956 2001 1146 2043 aereas
1189 1995 1504 2053 potestates,
1549 1994 1605 2038 et
1633 1983 1870 2054 alligavit
1902 1983 2097 2040 fortem

480 2092 807 2147 armatum,
836 2094 892 2137 et
943 2082 1212 2136 distribuit
1258 2078 1427 2148 spolia
1469 2077 1584 2145 ejus
1630 2077 1783 2148 (Luc.
1820 2080 1943 2149 xtl).
1975 2077 2099 2136 Fuit

517 2175 683 2230 etiam
714 2181 887 2246 s‘gnus
907 2173 1213 2239 anniculus,
1247 2171 1297 2226 id
1330 2180 1414 2226 est
1459 2171 1731 2242 perfectus
1771 2181 2014 2242 tempore
2041 2181 2100 2227 et

515 2272 765 2337 corpore,
795 2267 1048 2338 quoniam
1095 2267 1147 2319 in
1188 2262 1428 2334 perfecta
1459 2273 1617 2318 aetate
1673 2277 1862 2335 passus
1893 2273 2000 2329 est,
2044 2264 2096 2320 in

518 2354 626 2431 qua
673 2360 837 2414 etiam
871 2373 990 2425 nos,
1027 2366 1163 2412 teste
1196 2357 1477 2426 Apostolo,
1513 2369 1878 2426 resurgemus,
1910 2356 2094 2420 donec,

515 2450 713 2520 inquit,
745 2464 1083 2503 occurramus
1110 2450 1159 2502 ei
1181 2450 1235 2502 in
1266 2450 1433 2503 virum
1465 2447 1768 2517 perfectum,
1804 2449 1856 2502 in
1888 2463 2097 2502 mensu-

512 2559 627 2596 ram
651 2543 824 2596 artatis
854 2541 1190 2611 plenitudinis
1215 2539 1407 2596 Christi
1432 2539 1647 2608 (prltes.
1684 2542 1780 2612 tv).
1808 2539 1946 2606 Quid
1967 2553 2096 2595 cou-

513 2635 728 2690 fcrchat
753 2635 876 2706 agni
927 2635 1196 2703 paschalis
1225 2632 1558 2688 immoiatio?
1585 2633 1651 2687 ah
1679 2633 1869 2704 angelo
1900 2645 2095 2702 percu-

513 2728 682 2782 tiente
712 2727 1108 2792 liberationem,
1160 2725 1394 2780 hostium
1423 2725 1719 2780 carnalium
1763 2725 2096 2780 suhtnersio-

509 2833 658 2884 nem,
711 2819 764 2873 in
813 2818 901 2874 via
927 2817 1400 2874 confortationem.
1460 2816 1552 2872 Sic
1614 2829 1848 2887 quoque,
1889 2814 2088 2871 fratres

511 2910 640 2973 mei,
659 2907 855 2964 Christi
882 2908 1175 2963 immolatio
1203 2907 1393 2960 liberat
1422 2923 1520 2961 nos
1546 2920 1573 2959 ιι
1610 2907 1846 2972 diabolo,
1875 2908 2090 2962 exstin-

510 3000 624 3070 guit
662 3001 714 3053 in
749 3001 904 3055 nobis
943 3001 1066 3054 vitia
1113 3000 1374 3065 carnalia,
1406 3008 1489 3056 est
1537 3001 1694 3055 nobis
1726 2998 1980 3056 viaticum
2035 3009 2092 3056 et

485 3091 857 3158 .confortatio,
898 3093 1056 3163 hujus
1107 3094 1280 3148 exsilii
1338 3094 1442 3147 via.
1496 3093 1647 3148 Sicut
1700 3092 1842 3147 enim
1876 3088 2090 3148 ηοωιί

481 3223 484 3226 .
508 3200 608 3255 per
635 3185 953 3256 sanguinem
981 3186 1124 3256 agni,
1141 3186 1352 3240 linitum
1377 3200 1539 3256 super
1561 3196 1849 3255 utrumque
1873 3192 2088 3252 postem

2207 1967 2441 2023 lactucis
2475 1969 2800 2039 agrestibus,
2835 1969 2888 2023 id
2912 1977 2997 2023 est
3021 1982 3146 2024 cum
3166 1970 3528 2027 amaritudine
3549 1975 3595 2029 et
3616 1989 3719 2030 con-

2205 2062 2497 2133 punctione
2529 2063 2727 2126 cordis.
2775 2070 2834 2117 ut
2868 2057 3124 2119 videlicet
3155 2069 3267 2119 non
3312 2064 3417 2120 nisi
3446 2075 3557 2120 eaut
3597 2071 3716 2138 petii-

2209 2155 2376 2210 tentia
2399 2161 2454 2209 et
2483 2155 2842 2227 laerymarum
2869 2158 3313 2225 compunctione,
3337 2159 3403 2213 ad
3430 2156 3556 2229 Αεηί
3576 2173 3718 2219 cautes

2203 2261 2596 2316 praesumamus
2646 2247 2926 2304 accedere.
2976 2247 3068 2304 Sic
3109 2258 3286 2304 attle'm
3316 2251 3717 2310 comedetisitlsu.

2203 2337 2370 2393 Renes
2405 2350 2597 2394 vestros
2640 2339 2941 2410 ttrcingetls,
2977 2341 3032 2395 id
3061 2350 3144 2397 est
3186 2343 3455 2400 luxuriam
3486 2345 3722 2403 reircuabl-

2207 2430 2299 2497 tis,
2325 2448 2431 2486 non
2464 2432 2635 2487 solum
2658 2433 2923 2500 illicitutn,
2948 2435 3043 2490 sed
3065 2435 3230 2490 etiam
3257 2435 3476 2491 licitam.
3496 2437 3720 2506 Quoniam,

2202 2521 2401 2576 fratres
2441 2523 2771 2586 charissimi.
2822 2537 2946 2580 cum
3006 2534 3151 2581 tanta
3205 2529 3441 2597 puritate
3485 2527 3546 2584 ad
3580 2543 3723 2588 carnes

2199 2612 2337 2679 Δαιιί
2389 2615 2650 2669 accedere
2679 2615 2956 2680 debemus,
2992 2624 3050 2672 ut
3099 2631 3208 2673 non
3237 2619 3413 2674 solum
3440 2620 3503 2675 ab
3526 2623 3721 2680 omnibus

2201 2703 2425 2770 illicitis,
2480 2707 2575 2760 sed
2629 2707 2792 2761 etiam
2841 2723 2872 2762 a
2921 2709 3248 2777 quibusdam
3301 2712 3462 2767 licitis
3505 2713 3724 2770 abstinere

2200 2797 2480 2852 debentes.
2525 2796 2892 2854 Calceamenta
2923 2803 2978 2856 in
3021 2803 3246 2872 pedibus
3293 2805 3555 2873 habebitis,
3593 2803 3726 2863 idest

2199 2905 2310 2945 non
2335 2889 2688 2946 adliaarcbuut
2713 2892 2940 2949 allectus
2959 2897 3123 2951 vestri
3149 2898 3504 2964 terrenis,sed
3533 2896 3728 2956 celestis

2199 2983 2607 3040 desiderabunt.
2640 2986 2744 3053 Qui
2785 2989 2956 3053 enim,
3005 2989 3230 3057 fratres,
3268 3005 3366 3062 per
3413 2995 3664 3049 avaritiam
3691 3003 3729 3049 et

2197 3077 2544 3146 cupiditatem
2574 3079 2816 3136 adhaeret
2851 3085 3101 3151 terrenis,
3132 3099 3240 3141 non
3279 3093 3364 3142 est
3395 3083 3576 3160 dignus
3603 3101 3734 3144 acte

2198 3169 2327 3224 dere
2355 3168 2422 3224 ad
2445 3184 2640 3227 carnes
2683 3173 2844 3243 Agni.
2875 3173 3106 3232 Baculus
3137 3184 3367 3252 tenentes
3406 3179 3459 3233 in
3503 3181 3728 3244 manibus,

507 3253 566 3330 et
589 3253 806 3346 insuper
830 3253 1082 3341 liminari,
1101 3277 1409 3332 liberantur
1431 3253 1706 3349 abangeio
1726 3253 2086 3348 percutiente,
2119 3253 2166 3316 ο
2197 3262 2248 3318 id
2277 3274 2382 3332 09‘:
2412 3267 2791 3324 τεοιίιυάίηειη
2837 3270 2889 3326 in
2917 3272 3178 3342 operibus
3210 3287 3225 3329 τ
3250 3284 3309 3329 ιιι
3332 3271 3530 3330 “ilicei
3558 3289 3734 3332 omnem

507 3364 606 3428 ita,
658 3364 1015 3432 fratresunei,
1064 3381 1158 3436 per
1197 3367 1399 3422 Christi
1452 3383 1692 3435 cruccm,
1724 3367 1926 3423 Christi
1968 3379 2093 3423 sett-

506 3458 671 3528 gniue
701 3457 934 3522 linitam,
972 3459 1161 3512 tnuniti
1211 3473 1239 3511 a
1279 3460 1483 3515 dextris
1514 3469 1570 3515 et
1601 3477 1630 3513 a
1677 3460 1918 3516 sinistris
1944 3468 1998 3516 et
2035 3460 2091 3515 in

484 3547 708 3615 fronte,
757 3551 1050 3605 liberamur
1103 3563 1131 3603 a
1170 3552 1385 3608 diabolo
1415 3554 1725 3610 insidiante.
1773 3552 1927 3608 Sicut
1960 3567 2092 3608 vero

505 3637 718 3697 Hebraei
764 3651 884 3712 post
931 3643 1354 3700 immolationem
1397 3656 1452 3703 et
1509 3661 1604 3714 per
1663 3645 2088 3703 immolationem

504 3733 988 3803 agni,ssubmersis
1038 3735 1282 3792 hostibus
1317 3737 1652 3802 carnalibus.
1696 3743 1823 3792 sunt
1869 3739 2088 3803 salvati,

505 3821 584 3878 ita
628 3833 685 3879 et
727 3839 826 3879 nos
857 3840 952 3896 per
986 3827 1290 3895 passionem
1323 3837 1379 3882 et
1407 3827 1794 3883 comestiouem
1841 3829 2089 3898 corporis

485 3913 736 3983 Christi,
787 3919 1073 3973 exstinctis
1105 3918 1157 3972 in
1197 3920 1350 3975 nobis
1395 3920 1557 3986 vitiis,
1607 3920 1900 3975 salvantur.
1936 3920 2088 3976 Sicut

487 4006 651 4070 enim
712 4007 950 4072 llebrmi,
980 4009 1241 4064 carnibus
1277 4009 1400 4079 agni
1450 4011 1635 4064 refecti
1687 4020 1744 4064 et
1773 4009 2086 4076 confortati,

503 4099 756 4158 exierunt
798 4101 1034 4172 Egypto
1086 4111 1142 4159 et
1189 4104 1536 4172 arripuerunt
1583 4105 1725 4159 viam
1761 4106 1830 4159 ad
1885 4115 2087 4160 terram

502 4191 906 4262 promissionis,
942 4192 1018 4247 ita
1077 4202 1132 4248 et
1184 4209 1301 4260 nos,
1341 4196 1588 4265 corporis
1629 4194 1832 4251 Christi
1885 4196 2087 4252 viatico

439 4316 444 4320 θ
485 4281 695 4340 refecti
724 4292 779 4338 et
805 4282 1117 4354 confortati,
1152 4297 1330 4343 tuente
1372 4288 1573 4342 mundo
1602 4287 1834 4355 eximus,
1857 4297 1912 4343 et
1941 4290 2085 4344 viam

503 4377 762 4436 virtutum
793 4383 1082 4451 arripimus
1127 4386 1193 4438 ad
1227 4395 1426 4438 terram
1477 4395 1691 4440 aeternae
1723 4387 2082 4444 hazreditatis.

503 4468 786 4536 Quomodo
837 4483 956 4532 erat
1000 4477 1366 4531 comedendus
1407 4491 1578 4547 agnus
1614 4480 1937 4549 paschalis?
1965 4481 2083 4537 Non

2195 3358 2365 3414 vitam
2409 3371 2466 3417 et
2492 3363 2675 3417 omnia
2712 3378 2876 3434 opera
2910 3376 3090 3422 vestra
3123 3369 3188 3424 ad
3219 3377 3425 3425 rectum
3453 3369 3606 3426 ﬁnem
3633 3371 3735 3425 (fui.

2195 3452 2356 3522 gatis.
2383 3451 2451 3507 Et
2481 3456 2760 3510 comedetis
2781 3456 3112 3525 festinanter,
3147 3461 3217 3516 de
3246 3461 3392 3518 vitiis
3435 3464 3499 3518 ad
3523 3465 3737 3529 virtutes,

2195 3546 2262 3600 de
2294 3547 2493 3602 mundo
2525 3549 2591 3603 ad
2621 3559 2880 3606 aeternam
2917 3554 3148 3624 patriam
3198 3568 3568 3629 properantes,
3594 3561 3653 3615 ad
3682 3559 3738 3615 si.

2194 3635 2555 3694 militudinem
2604 3640 2997 3712 lsraelitarum,
3067 3647 3159 3716 qui
3232 3661 3357 3704 cum
3426 3649 3740 3705 festinatione

2193 3731 2423 3786 exeundi
2451 3731 2522 3786 ab
2541 3731 2798 3806 Egypto,
2823 3745 2879 3792 et
2901 3738 3062 3793 eundi
3087 3739 3141 3794 in
3172 3748 3370 3797 terram
3397 3743 3738 3814 promissionis

2192 3836 2391 3893 agnum
2443 3825 2815 3882 comederunt.
2862 3827 2974 3885 Nos
3021 3831 3231 3904 itaque,
3271 3833 3461 3891 fratres
3504 3839 3630 3903 mei,
3659 3849 3742 3891 nou

2191 3918 2364 3989 pigre,
2389 3935 2495 3975 non
2533 3923 2886 3995 negligenter,
2919 3941 3023 3981 non
3069 3930 3274 4000 tepide,
3302 3932 3394 3985 sed
3419 3946 3539 3987 cum
3578 3933 3741 3985 timore

2191 4017 2248 4064 et
2287 4011 2575 4068 devotione
2603 4019 2678 4070 ad‘
2723 4027 2929 4072 tantum
2965 4024 3292 4077 accedamus
3319 4031 3738 4079 sacramentum:

2191 4103 2457 4172 Quoniam
2500 4109 2590 4177 qui
2625 4109 2842 4182 indigne
2878 4113 3067 4181 sumit,
3115 4112 3382 4183 judicium
3410 4117 3512 4170 sibi
3545 4116 3742 4170 mantia-

2189 4208 2278 4252 cat
2307 4209 2363 4254 et
2391 4199 2526 4256 bibit
2557 4201 2609 4272 (l
2635 4202 2758 4258 Cor.
2790 4205 2891 4276 ιι).
2920 4207 3266 4264 Accedamus
3297 4210 3451 4279 igitur
3475 4211 3545 4265 ad
3579 4223 3743 4265 carnes

2155 4289 2324 4360 ‘Agui
2371 4307 2494 4346 cum
2550 4293 2706 4349 firma
2757 4295 2884 4361 fide,
2929 4300 3212 4354 credentes
3270 4316 3389 4356 eum
3429 4301 3481 4355 in
3537 4315 3743 4371 person:

2189 4384 2358 4441 Deum
2396 4403 2605 4454 verum,
2633 4398 2688 4445 et
2716 4403 2904 4446 verum
2947 4392 3246 4461 hominem,
3291 4395 3575 4450 credentes
3603 4395 3741 4450 etiam

2187 4480 2486 4548 quemlibet
2531 4497 2637 4538 non
2668 4483 3096 4553 particulariter,
3121 4487 3217 4541 sed
3249 4486 3524 4542 Christum
3557 4503 3746 4542 sumere

504 4564 727 4628 crmlus,
771 4581 876 4619 non
905 4575 1092 4622 coctus
1123 4583 1287 4636 aqua,
1329 4571 1422 4624 sed
1459 4580 1663 4625 tantum
1695 4580 1908 4627 assatus
1935 4573 2082 4644 igni:
2118 4603 2163 4666 Β
2189 4569 2456 4642 integrum
2508 4584 2564 4626 ct
2595 4583 2783 4628 totum.
2819 4574 2875 4629 ln
2907 4589 3016 4644 quo
3060 4577 3104 4630 si
3136 4578 3266 4647 quid
3319 4577 3625 4648 intelligere
3659 4591 3742 4633 nee

488 4653 646 4713 Caro
671 4658 860 4722 cruda,
893 4661 1126 4714 cadaver
1147 4661 1317 4715 solum
1350 4663 1465 4716 sine
1489 4661 1673 4718 calore
1704 4674 1806 4728 cst,
1830 4674 1982 4720 cocta
2027 4665 2080 4721 in

490 4762 642 4816 aqua
671 4749 1003 4815 dissolvitur,
1030 4762 1211 4806 assuta
1260 4768 1390 4806 vero
1416 4755 1829 4823 constringitur,
1856 4767 1916 4811 ιιι
1956 4773 2079 4814 ossa

487 4839 677 4906 carni,
709 4849 760 4892 et
785 4857 912 4895 caro
939 4841 1152 4894 ossibus
1177 4842 1402 4895 hazrcat.
1447 4843 1681 4897 Crudum
1713 4860 1842 4914 ergo
1871 4847 2080 4918 Agnum

502 4931 737 4984 comedit
797 4931 890 5001 qni
960 4931 1235 4985 Christum
1295 4949 1488 5001 purum
1565 4936 1835 4991 hominem
1885 4940 2076 4994 credit.

499 5021 724 5076 Coctum
756 5035 810 5075 et
861 5023 1181 5076 dissolutum
1237 5040 1373 5092 aqua
1424 5029 1678 5091 comedit,
1725 5028 1816 5098 qui
1865 5045 1988 5086 eum
2021 5031 2076 5086 in

485 5120 638 5173 duas
661 5134 916 5188 personas
941 5119 1206 5176 dissolvit.
1228 5120 1448 5176 'l'ostum
1478 5140 1607 5178 vero
1637 5137 1688 5180 ct
1713 5127 2076 5181 cohaerentem

496 5212 737 5266 comedit
763 5212 854 5280 qui
904 5213 954 5264 in
987 5225 1089 5263 una
1125 5213 1322 5268 Christi
1382 5231 1610 5288 persona
1643 5219 1981 5273 divinitatem
2025 5226 2080 5274 et

499 5303 893 5362 lnnuanitntcm
946 5305 1282 5362 coluerentes
1330 5310 1522 5363 credit.
1569 5311 1963 5379 Comcdendus
1995 5320 2078 5366 est

499 5397 667 5468 igitur
695 5396 859 5450 etiam
892 5405 1054 5460 totus,
1108 5399 1158 5453 id
1186 5411 1266 5454 est
1297 5413 1457 5470 caput
1479 5419 1598 5456 cmn
1633 5406 1857 5474 pedibus
1887 5417 1942 5462 et
1997 5407 2077 5460 in-

487 5490 739 5554 testinis,
765 5491 891 5558 quia
936 5492 1026 5559 qui
1083 5507 1280 5561 corpus
1330 5495 1530 5549 Christi
1567 5497 1824 5567 suscepit,
1855 5501 2076 5555 credere

499 5583 656 5637 debet
681 5597 738 5636 se
773 5597 874 5636 non
897 5583 1068 5637 solum
1098 5584 1496 5650 hominem,sed
1523 5589 1684 5642 etiam
1710 5590 1874 5644 Deum
1900 5593 2072 5646 susci-

498 5690 646 5743 pere.
676 5677 930 5736 lntestinu
961 5676 1147 5740 etiam,
1179 5676 1229 5730 id
1257 5687 1340 5733 est
1373 5681 1616 5749 qumdam
1647 5683 1858 5737 occulta
1893 5685 2070 5749 nobis,

499 5782 621 5834 qua:
658 5769 722 5824 de
767 5770 982 5825 Christo
1019 5776 1076 5823 ct
1126 5769 1340 5826 homine
1371 5774 1772 5841 praedicuntur,
1814 5777 1914 5832 ctsi
1966 5793 2070 5833 non

497 5857 869 5929 intelligimus,
895 5860 1153 5920 debemus
1177 5870 1356 5920 tuinen
1386 5880 1448 5922 ea
1473 5866 1744 5922 credendo
1765 5869 2064 5939 suscipere.

2189 4663 2453 4734 valemus,
2477 4681 2576 4721 nec
2592 4666 2880 4731 discutere,
2913 4666 3023 4723 Deo
3047 4682 3400 4725 reservemus.
3422 4671 3748 4728 Accedamos

2185 4757 2350 4811 etiam
2387 4757 2454 4810 ad
2488 4773 2681 4812 carnes
2711 4759 2846 4829 Agni
2891 4760 3010 4814 sine
3059 4759 3328 4816 fermento
3377 4763 3477 4816 odii
3516 4773 3574 4818 et
3615 4763 3744 4816 nisi:

2184 4849 2498 4904 voluntatis.
2518 4850 2854 4905 Accedamus
2879 4867 3001 4907 cum
3039 4855 3275 4923 puritate
3304 4856 3490 4910 mentis
3521 4865 3581 4911 et
3611 4859 3746 4911 dere-

2189 4939 2339 4994 tione
2387 4942 2837 5009 compunctionis,
2882 4955 3004 4997 cum
3050 4945 3252 5000 virtute
3302 4947 3593 5011 castitatis,
3643 4958 3743 5002 eum

2182 5039 2499 5101 contemptu
2547 5031 2750 5093 satculi,
2807 5048 2928 5087 cmn
3004 5035 3335 5089 rectitudine
3383 5038 3593 5105 Operis,
3643 5049 3744 5091 cum

2183 5123 2536 5180 festinatione
2588 5126 2655 5180 ad
2702 5137 2899 5182 terram
2942 5129 3338 5197 promissionis,
3362 5131 3603 5186 scientes
3630 5131 3735 5201 quia

2181 5215 2374 5270 incola:
2411 5215 2499 5270 hic
2535 5231 2722 5271 sumus
2774 5228 2829 5271 et
2880 5219 3151 5288 peregrini
3192 5220 3547 5275 sicntomues
3588 5233 3745 5291 patres

2180 5307 2372 5373 nostri,
2405 5315 2460 5362 et
2500 5308 2624 5376 quia
2648 5324 2753 5362 non
2785 5308 3049 5365 habemus
3099 5311 3186 5366 hic
3215 5322 3520 5367 manentem
3570 5313 3743 5367 civitas

2181 5413 2308 5470 tem,
2341 5406 2437 5460 sc'd
2473 5404 2710 5460 futuram
2741 5406 3088 5476 inquirimus.
3112 5408 3195 5463 Ad
3215 5423 3374 5478 quam
3399 5407 3659 5464 Christus
3684 5412 3741 5463 sit

2174 5501 2335 5556 nobis
2372 5503 2586 5566 ductor,
2636 5500 2914 5569 viaticum,
2965 5509 3019 5556 et
3061 5501 3165 5565 via,
3203 5501 3296 5572 qui
3335 5514 3449 5558 cum
3501 5499 3669 5556 Palus
3705 5509 3742 5553 et

2172 5590 2385 5662 Spiritu
2429 5602 2618 5649 sancto
2639 5592 2772 5648 vivit
2797 5603 2852 5648 et
2881 5604 3069 5662 regnat
3104 5593 3157 5648 in
3187 5601 3458 5650 adornant.
3487 5595 3687 5651 Amen.

2769 5684 3058 5742 llOillLiA
3093 5685 3158 5741 L.

2681 5792 2734 5832 IN
2771 5793 2966 5836 \‘iGiUA
2989 5793 3246 5838 -ηεςιιι,

2251 5869 2312 5926 Si
2341 5871 2746 5926 consurrexistis
2791 5888 2911 5936 cum
2936 5871 3164 5941 Christe,
3209 5887 3329 5944 qu
3369 5885 3598 5928 unus.
3641 5877 3736 5927 sel
