3826 6338
109 421 246 516 ’μθ

765 419 1070 480 HOMILIIE
1103 421 1174 478 IN
1212 421 1427 479 EPIST.
1469 413 1559 476 ΕΤ
1597 411 1670 472 El

1775 415 1849 476 IG.
1891 419 2190 480 DOHINIC.
2219 449 2294 466 —
2325 419 2506 478 PARS
2525 420 2568 480 Ι.

3219 421 3357 494 “50

105 535 389 608 Apostolus
429 537 1009 602 excommunicaverat,
1054 553 1158 592 non
1210 538 1506 602 evilabant,
1548 549 1671 592 cum
1702 542 1747 602 Α
1777 535 1973 593 nebras
1997 537 2313 606 exteriores,
2346 537 2436 593 ubi
2463 537 2581 600 crit
2608 523 2767 594 fletus
2788 543 2841 594 et
2870 535 3071 594 stridor
3112 539 3353 603 dentium

106 635 174 688 de
223 633 520 700 huiusmodi
559 631 795 688 Joannes
843 631 984 686 dicat
1021 649 1034 684 :
1071 629 1181 684 Nec
1213 647 1304 684 aue
1331 632 1379 685 ei
1402 629 1669 697 dixeritis,

89 725 214 792 Qui
245 727 401 788 enim,
435 725 623 792 inquit.
657 723 783 778 dicit
813 725 860 778 ei
889 741 1002 786 ave,
1033 724 1381 778 communicat
1433 725 1673 794 operibus

103 817 217 887 ejus
240 815 321 886 (11
341 815 501 869 Joan.
531 832 569 880 I,
605 816 710 884 ll).
745 814 808 869 Et
833 813 1125 884 Apostolus
1169 814 1220 868 in
1249 814 1434 868 eadem
1461 814 1677 882 Episto-

105 909 154 962 la
192 925 206 962 :
229 908 285 963 Si
308 909 447 978 quis,
474 906 664 976 inquit,
683 906 982 960 nominatur
1003 905 1313 974 fornicator,
1333 915 1425 959 aut
1453 922 1669 976 avarus,

103 1017 221 1054 eum
244 999 546 1070 Itujnsmocfi
576 1014 666 1051 nec
702 997 872 1051 cibum
917 1012 1140 1062 sumere,
1171 1013 1263 1051 nec
1286 997 1675 1054 communicare

100 1092 254 1145 debes
281 1090 329 1161 (1
363 1089 599 1161 Con-8).
633 1089 746 1145 Hoc
777 1099 966 1145 contra
1014 1089 1274 1159 quosdam
1319 1098 1422 1156 est,
1476 1088 1673 1145 fratres

99 1183 233 1248 mei,
253 1183 340 1252 qui
363 1197 484 1236 cum
508 1181 988 1237 excommunicatis
1009 1183 1356 1253 participare,
1391 1182 1670 1248 convesci,

98 1281 153 1329 et
211 1273 435 1344 colloqui
468 1288 570 1328 non
599 1281 878 1337 Verentur,
909 1288 1032 1328 cum
1083 1272 1342 1343 scriptum
1393 1273 1466 1328 sit
1503 1289 1518 1326 :
1568 1273 1673 1340 Qui

96 1367 268 1438 tangit
315 1367 477 1436 pieem
526 1365 956 1437 coinquinabitur
995 1363 1059 1418 ab
1099 1381 1160 1418 ea
1205 1363 1400 1437 (Et-cli.
1435 1366 1578 1432 χιιι),
1623 1374 1673 1420 et

99 1455 212 1522 Qui
257 1456 479 1527 tetigerit
528 1455 1276 1528 mortuum,immundusferit
1310 1453 1499 1528 (Num.
1530 1458 1668 1526 ιιι).

95 1547 300 1603 Eadem
332 1547 559 1612 ratione,
587 1548 676 1620 qui
710 1563 833 1603 cum
865 1548 1334 1604 excommunicato
1365 1549 1671 1604 commuqu

95 1648 212 1706 cat,
243 1639 739 1694 exconnuunituttus
761 1649 862 1694 est.
899 1637 1149 1694 Secundo
1179 1647 1361 1694 monet
1384 1654 1483 1694 nos
1521 1639 1670 1710 Apo-

93 1732 270 1789 stolus
296 1731 492 1788 habere
521 1731 834 1798 novitatem,
859 1745 979 1787 cum
1007 1731 1226 1788 subdit:
1253 1729 1321 1786 Ut
1371 1732 1486 1786 sitis
1539 1748 1671 1787 nova

92 1821 415 1892 eonspmio,
447 1819 498 1876 id
523 1829 627 1882 est.
655 1835 791 1876 nova
821 1829 998 1892 pasta,
1040 1836 1172 1892 pura
1205 1821 1412 1878 scilicet
1442 1837 1472 1876 a
1497 1819 1669 1876 veteri

78 1913 383 1981 fermento,
413 1923 469 1970 et
497 1915 566 1971 ab
615 1914 763 1970 omni
811 1913 1170 1971 immunditia.
1214 1913 1478 1986 Loquitur
1516 1914 1665 1970 enim
1703 1897 1746 1957 Β

93 2007 189 2063 hic
215 2007 596 2080 metaphorice,
636 2005 944 2062 assimilans
973 2005 1262 2077 puritatem
1286 2005 1543 2062 Ecclesia:
1570 2019 1673 2076 pu-

93 2101 244 2159 ritati
267 2111 452 2174 pastae.
489 2100 590 2170 Qui
645 2100 790 2156 enim
839 2100 952 2156 vult
979 2099 1162 2158 facere
1209 2115 1402 2172 puram
1435 2109 1668 2178 pastam.

93 2198 272 2268 primo
291 2203 482 2268 purgat
506 2203 560 2251 et
587 2195 843 2251 emundat
871 2208 1037 2266 grana
1065 2193 1252 2259 tritici,
1284 2201 1470 2266 postea
1498 2192 1668 2260 molit,

98 2296 152 2344 et
177 2287 231 2344 in
262 2285 490 2343 farinam
539 2285 752 2358 redigit,
783 2286 978 2343 deinde
1004 2285 1316 2358 aspersione
1357 2301 1512 2357 aqua:
1538 2301 1664 2342 con-

99 2379 325 2453 lglutinat
353 2387 408 2435 et
441 2377 738 2451 conjungit.
771 2377 944 2435 Simili
996 2379 1156 2435 modo
1189 2379 1257 2435 ad
1287 2380 1390 2436 hoc
1418 2388 1474 2434 ut
1524 2393 1674 2435 cont-

98 2470 284 2526 muuio
331 2469 582 2526 Ecclesia:
631 2484 762 2541 pura
804 2469 951 2525 sitet
1005 2469 1116 2526 Deo
1158 2480 1406 2542 accepta,
1435 2469 1669 2539 primum

97 2570 309 2633 oportet
332 2573 389 2618 ut
421 2562 643 2635 singulte
671 2577 913 2634 personae
943 2563 998 2619 in
1028 2577 1087 2619 se
1113 2563 1223 2618 sint
1251 2577 1400 2634 pura
1423 2571 1481 2618 et
1510 2577 1669 2618 mune

97 2656 201 2712 de.
247 2653 353 2712 Sed
376 2655 618 2727 quaedam
647 2670 910 2728 personae,
949 2654 1078 2712 licet
1104 2655 1156 2710 in
1187 2669 1247 2711 se
1268 2671 1418 2726 pura:
1449 2655 1672 2710 videan-

95 2759 208 2817 tur,
232 2757 412 2805 tamen
457 2748 526 2805 ad
551 2749 764 2804 modum
790 2763 1080 2821 granorum
1111 2755 1238 2804 sunt
1269 2763 1470 2820 grossae
1488 2754 1544 2802 et
1573 2747 1672 2802 du-

93 2855 193 2906 ra,
229 2839 484 2911 quoniam
531 2838 672 2894 nulla
727 2838 986 2895 societate
1028 2837 1114 2894 vel
1148 2837 1523 2909 compassioue
1550 2836 1671 2892 aliis

93 2936 396 3003 sociantur,
435 2932 691 3004 subjectae
741 2933 843 2988 sibi
884 2939 940 2988 et
978 2931 1297 3004 conjunctae,
1329 2929 1428 2986 sibi
1457 2929 1556 2986 soli
1591 2927 1672 2984 vi-

91 3039 310 3096 ventes,
341 3028 408 3083 ad
437 3042 497 3084 se
529 3026 712 3082 omnia
761 3025 1058 3082 referentes
1083 3023 1340 3082 contrarii
1387 3023 1493 3080 illis
1533 3036 1670 3095 quos

89 3121 409 3176 notavimus
460 3134 641 3191 supra.
691 3118 768 3174 llli
795 3119 939 3175 enim
987 3117 1151 3173 etiam
1181 3115 1668 3174 excommunicatis

85 3213 359 3268 societate
381 3212 697 3283 junguntur.
717 3211 826 3266 ’lsti
857 3225 956 3266 nec
983 3210 1145 3266 etiam
1178 3210 1332 3265 bonis
1361 3207 1666 3264 consociari

84 3303 184 3360 vel
207 3301 566 3360 confederari
591 3301 792 3359 volunt.
815 3302 1112 3374 Utrumque
1141 3302 1326 3357 vitium
1344 3311 1448 3368 est,
1469 3311 1522 3357 et
1553 3315 1672 3356 om-

81 3395 262 3452 nibus
293 3393 676 3459 conftederari,
717 3403 773 3450 et
816 3393 1059 3449 nulli.llli
1102 3401 1226 3448 sunt
1272 3392 1329 3448 in
1364 3391 1521 3446 malis
1564 3389 1677 3446 fer-

80 3487 232 3552 vidi,
257 3485 311 3542 hi
340 3499 464 3542 sunt
488 3483 650 3542 etiam
674 3486 727 3541 in
748 3485 902 3542 bonis
932 3485 1114 3556 tepidi.
1131 3485 1237 3540 Hos
1258 3491 1415 3540 vocat
1433 3483 1668 3556 Aposto-

69 3580 183 3637 lus
205 3581 322 3636 sine
338 3579 630 3652 aﬁ'eetione,
650 3580 760 3634 sine
781 3575 1032 3642 antieitia,
1053 3581 1166 3634 sine
1193 3577 1383 3648 findere
1411 3575 1588 3648 (Rom.
1609 3575 1671 3647 t).

79 3670 198 3726 Hae
249 3684 380 3742 ergo
427 3683 671 3742 personat
696 3669 766 3724 ad
795 3667 1203 3725 similitudinem
1249 3683 1540 3740 granorum
1578 3682 1676 3740 per

78 3763 528 3820 recordationem
596 3771 969 3835 peccatorum,
1023 3770 1079 3818 et
1150 3761 1672 3818 consummationem

77 3839 489 3928 suppliciorum
523 3864 650 3912 sunt
681 3857 932 3917 terenda,
960 3863 1015 3911 et
1053 3856 1108 3911 in
1137 3853 1492 3911 humilitatem
1525 3853 1668 3909 redi-

87 3949 309 4022 gendae.
341 3947 407 4002 Et
439 3963 507 4004 ne
535 3945 674 4004 forte
698 3947 848 4002 arida
873 3947 1148 4003 humilitas
1171 3955 1528 4016 eattanquam
1555 3943 1675 4014 pul-

88 4042 174 4099 vis
199 4057 354 4112 quem
378 4041 587 4114 projicit
613 4051 789 4096 uentus
821 4059 855 4096 a
903 4041 1038 4113 faeie
1061 4051 1229 4107 terra
1248 4039 1422 4112 (Psal.
1460 4039 1525 4111 ι),
1553 4039 1674 4095 ideo

88 4147 228 4191 rore
272 4133 556 4188 charitatis
597 4141 724 4188 sunt
777 4133 1225 4204 conglutinandae,
1282 4141 1338 4188 et
1389 4132 1442 4186 iu
1477 4145 1672 4187 novam

83 4225 540 4296 conspersionem
583 4223 985 4296 coniungendae,
1015 4230 1084 4282 ne
1131 4224 1215 4282 vel
1255 4225 1400 4289 odio,
1423 4223 1506 4280 vel
1531 4223 1673 4280 invi-

83 4321 213 4386 dia,
266 4318 350 4374 vel
389 4319 682 4390 cupiditate
729 4329 965 4389 terrena,
1008 4335 1038 4375 a
1069 4327 1258 4375 mutua
1289 4317 1372 4375 vel
1403 4333 1432 4374 a
1466 4317 1673 4374 Christi

83 4411 368 4469 charitate
416 4411 632 4466 valeant
683 4411 940 4482 separari.
993 4411 1199 4484 Itaque,
1231 4410 1425 4468 fratres
1461 4409 1676 4466 charis-

82 4503 248 4570 simi,
305 4518 596 4575 purgemus
641 4512 696 4558 et
725 4503 1080 4559 emundemus
1121 4502 1492 4572 unusquisque
1525 4501 1672 4570 scip-

1779 630 1954 703 (ibid).
1988 629 2192 701 itaque,
2247 629 2441 686 fratres
2471 630 2597 694 mei,
2641 630 2810 686 simus
2838 633 2983 700 novi,
3010 643 3069 690 ut
3091 634 3156 688 ad
3186 650 3352 704 novas

1776 722 1898 776 novi
1931 721 2052 791 agni
2077 720 2264 790 epulas
2290 721 2411 776 novi
2446 721 2786 786 accedamus,
2830 724 3087 792 quoniam
3141 741 3246 781 non
3292 735 3352 784 ut

1774 811 1944 868 Judaei
1987 829 2203 869 carnem
2248 823 2303 870 et
2340 815 2656 886 sanguinem
2708 815 2990 872 brutorum
3035 817 3350 875 animalium

1775 907 1932 964 hodie
1953 907 2216 978 cpulaturi
2247 923 2453 974 sumus,
2474 911 2567 964 sed
2597 909 2769 977 ipsum
2796 911 2958 966 Deum
2981 919 3031 966 et
3060 910 3353 968 Dominum

1774 1002 2021 1055 uestrum
2047 997 2230 1056 Jesum
2253 998 2548 1066 Christum,
2585 1000 2677 1072 qui
2722 1012 2964 1058 nostrum
2992 1000 3200 1059 Pascha
3247 1003 3354 1062 im-

1775 1091 2010 1147 molatus
2047 1102 2150 1158 est,
2199 1092 2414 1162 epulum
2464 1093 2672 1150 scilicet
2715 1109 2939 1160 novum,
2991 1093 3268 1152 sufficiens
3295 1103 3352 1154 et

1773 1183 1990 1254 pingue.
2020 1184 2085 1240 Et
2111 1201 2306 1241 novum
2335 1185 2552 1257 quidem
2582 1196 2686 1253 est,
2713 1186 2971 1258 quoniam
3003 1196 3056 1241 et
3081 1187 3135 1242 in
3163 1202 3221 1244 se
3249 1203 3351 1258 pu-

1776 1293 1894 1333 rum
1921 1287 2006 1332 est
2046 1293 2076 1332 a
2121 1279 2324 1349 peccati
2360 1288 2658 1344 vetustate,
2709 1289 2764 1335 et
2813 1293 2908 1334 nos
2934 1279 2978 1332 si
3023 1279 3183 1349 digne
3224 1279 3354 1338 illud

1773 1368 2118 1440 suscipimus,
2143 1367 2304 1426 eflicit
2333 1375 2504 1426 novos
2533 1371 2615 1425 sui
2641 1370 2893 1426 novitate.
2914 1368 3198 1426 Sullicieus
3224 1385 3355 1428 vero

1773 1470 1878 1530 est,
1909 1462 2162 1532 quoniam
2204 1478 2302 1532 pro
2331 1463 2512 1518 multis
2540 1462 2858 1533 ﬂgurativis.
2895 1471 2950 1519 et
2980 1462 3350 1518 iusullicienti-

1773 1551 1894 1620 bus,
1926 1561 1980 1608 et
2023 1551 2390 1622 frequentibus
2445 1553 2634 1608 hostiis
2675 1553 2957 1624 legalibus,
2992 1569 3094 1608 uua
3133 1561 3189 1609 el.
3223 1567 3354 1609 vera

1775 1642 1942 1700 semel
1966 1642 2146 1700 oblata
2179 1644 2374 1710 hostia,
2393 1643 2642 1699 Christus
2671 1644 2978 1698 immolatus
3007 1652 3112 1699 est.
3142 1643 3349 1711 Quam-

1773 1735 1855 1792 vis
1879 1736 2022 1792 enim
2049 1750 2212 1806 super
2240 1736 2408 1790 amita
2443 1727 2634 1792 altaria
2657 1736 2893 1806 quotidie
2913 1736 3203 1802 olleratur,
3250 1717 3354 1791 im-

1774 1827 2004 1884 moletur
2030 1835 2084 1884 et
2109 1826 2391 1899 frangatur
2415 1827 2466 1882 in
2507 1835 2874 1892 sacramento,
2905 1837 3082 1894 tamen
3116 1842 3221 1882 non
3248 1825 3353 1882 nisi

1775 1919 1942 1976 semel
1967 1918 2277 1974 immolatus
2323 1926 2404 1974 est
2436 1933 2542 1973 uua
2575 1917 2689 1973 sola
2723 1926 2778 1973 et
2815 1931 2944 1972 vera
2986 1917 3160 1974 hostia
3190 1916 3354 1972 Chri-

1773 2020 1914 2078 stus,
1941 2011 2196 2082 quoniam
2219 2009 2459 2065 Christus
2483 2025 2754 2080 resurgens
2777 2024 2842 2063 ex
2865 2010 3084 2062 mortuis
3102 2007 3218 2078 jam
3249 2022 3356 2062 non

1773 2101 1996 2158 moritur
2023 2099 2200 2172 (Rom.
2223 2101 2321 2169 Vl).
2349 2099 2556 2154 Etcum
2615 2097 2797 2153 multae
2835 2106 3019 2153 essent
3046 2097 3236 2152 hostiae
3257 2094 3357 2152 Ju—

1773 2193 2010 2252 dxorum
2060 2192 2465 2256 insulllcientes.
2509 2199 2566 2246 ut
2595 2190 2928 2247 sacrificium
2978 2206 3075 2260 pro
3105 2198 3352 2260 peccato,

1773 2287 2018 2360 pacifica,
2061 2287 2240 2348 votiva
2288 2285 2487 2350 hostia,
2515 2284 2758 2348 victima,
2806 2283 3055 2338 Christus
3085 2289 3164 2336 est
3201 2277 3352 2336 suill-

1773 2378 1921 2436 ciens
1944 2377 2269 2436 sacrificium
2321 2377 2570 2434 omnibus
2611 2386 2668 2432 et
2709 2391 2808 2448 pro
2848 2375 3123 2440 omnibus,
3163 2385 3218 2431 et
3249 2389 3354 2446 pro

1771 2473 2012 2544 peccatis
2060 2469 2435 2543 propitiandis,
2485 2479 2539 2526 et
2579 2471 2722 2525 inter
2772 2470 2938 2526 Deum
2995 2479 3051 2524 et
3079 2460 3352 2527 hominem

1771 2575 1870 2636 pro
1901 2579 2032 2636 pace
2061 2563 2479 2627 reconcilianda,
2510 2570 2566 2617 et
2590 2577 2690 2633 pro
2719 2561 2858 2616 votis
2884 2559 3162 2616 hominum
3186 2558 3350 2630 perfi-

1773 2658 2002 2722 ciendis.
2027 2665 2082 2713 ct
2125 2673 2222 2727 pro
2249 2656 2494 2714 hostibus
2530 2641 2836 2711 vin‘cendis.
2865 2653 3068 2726 Pingue
3095 2669 3221 2710 vero
3244 2643 3352 2721 est,

1771 2753 2023 2822 quoniam
2047 2749 2192 2807 omni
2221 2749 2700 2822 gratia,charitate
2725 2760 2780 2802 et
2806 2746 3176 2802 misericordia
3207 2746 3354 2818 sagi-

1771 2852 1932 2898 natus
1963 2851 2046 2898 est
2079 2843 2338 2897 Dominus
2394 2850 2578 2896 noster
2621 2838 2779 2894 lesus
2805 2836 3053 2893 Christus
3086 2852 3099 2890 ε
3129 2835 3227 2890 llic
3269 2843 3354 2894 est

1771 2936 1914 2992 enim
1943 2935 2030 2992 ille
2052 2933 2250 2989 vitulus
2271 2933 2572 3006 saginatus,
2607 2945 2767 3002 quem
2792 2939 2945 3001 pater
2971 2929 3022 2985 in
3049 2930 3220 2985 reditu
3253 2928 3352 2988 filii

1772 3025 1839 3083 de
1877 3025 2094 3096 regione
2125 3022 2580 3080 dissimilitudinis
2623 3021 2945 3077 revertentis
2974 3018 3218 3092 praecipit
3247 3019 3354 3074 im-

1772 3118 1982 3176 molari.
2020 3118 2101 3173 Ad
2129 3119 2230 3174 hoc
2277 3117 2438 3186 igitur
2464 3131 2681 3180 novum,
2715 3114 2942 3186 largum,
2970 3122 3025 3166 et
3047 3113 3355 3184 saginatum

1775 3211 1992 3283 epulum
2023 3209 2264 3276 invitari,
2307 3208 2504 3264 fratres
2542 3205 2869 3272 charissimi,
2907 3205 3136 3264 sollicite
3157 3219 3354 3279 pense-
3411 3200 3414 3202 ⁷

1777 3319 1899 3360 ιιιιιε
1944 3317 2106 3374 agere
2152 3301 2281 3357 illud
2338 3299 2480 3371 quod
2531 3297 2760 3370 Sapiens
2794 3296 2871 3350 ait
2926 3311 2943 3350 :
2985 3296 3068 3352 Ad
3117 3305 3351 3350 mensam

1775 3411 2020 3466 magnam
2064 3394 2266 3459 sedisti,
2297 3392 2505 3448 attende
2539 3392 2788 3463 quoniam
2833 3387 3031 3442 similia
3077 3394 3352 3457 oportet“

1773 3503 2074 3559 pra-parare
2101 3485 2294 3557 (Eccli.
2326 3491 2503 3556 xxxi).
2537 3484 2619 3539 Ad
2648 3497 2888 3556 mensam
2920 3481 3116 3552 quippe
3150 3477 3355 3550 Christi

1775 3578 2009 3646 invitati,
2041 3577 2243 3634 fratres
2276 3577 2603 3640 charissimi,
2645 3575 2845 3631 similia
2873 3574 2922 3630 ei
2951 3586 3347 3644 praeparemus,

1774 3673 1854 3730 sic
1875 3687 1997 3728 eum
2025 3671 2311 3740 diligamus
2332 3670 2472 3726 sicut
2504 3669 2617 3740 ipse
2651 3667 2841 3724 dilexit
2869 3681 2988 3722 nos.
3017 3663 3107 3719 Sic
3132 3665 3353 3735 propter

1775 3778 1898 3820 eum
1923 3778 2020 3818 nos
2045 3760 2412 3828 humiliemus,
2427 3762 2567 3817 sicut
2594 3761 2705 3830 ipse
2727 3757 3032 3814 bumiliavit
3049 3771 3110 3810 se
3133 3764 3353 3827 propter

1775 3869 1895 3911 nos.
1922 3853 2013 3911 Sic
2039 3864 2258 3926 propter
2287 3870 2413 3911 eum
2463 3853 2633 3908 simus
2661 3851 2837 3922 parati
2882 3849 3041 3916 mori,
3070 3848 3211 3904 sicut
3239 3847 3353 3919 ipse

1775 3952 2017 4002 mortuus
2040 3953 2124 4002 est
2149 3959 2246 4014 pro
2280 3945 2459 4000 nobis.

1845 4037 2050 4106 Quarto
2079 4047 2263 4094 monet
2292 4052 2391 4093 nos
2441 4035 2728 4107 Apostolus
2755 4034 2823 4088 ad
2867 4031 3194 4104 epulandum
3227 4047 3352 4089 cum

1774 4125 1953 4184 subdit
1987 4144 2002 4184 :
2039 4126 2227 4201 Itaque
2253 4126 2545 4198 epulemur.
2576 4125 2856 4181 Mouemus
2901 4133 2957 4179 et
2988 4139 3110 4191 nos,
3152 4121 3354 4180 fratres

1775 4219 2102 4284 charissimi,
2134 4234 2248 4282 vos,
2281 4227 2340 4274 ut
2365 4231 2556 4274 omnes
2596 4216 2798 4289 pariter
2825 4215 3108 4287 epulamur
3132 4216 3350 4287 epulum

1775 4311 2058 4368 animabus
2086 4310 2287 4366 nostris
2311 4308 2700 4365 necessarium.
2731 4306 3002 4378 Scriptum
3035 4299 3120 4361 est
3159 4307 3304 4361 enim
3330 4321 3346 4360 :

1777 4402 1898 4459 Nisi
1921 4402 2354 4459 manducaveritis
2383 4417 2592 4458 carnem
2627 4400 2731 4471 ﬁlii
2763 4399 3007 4464 hominis,
3039 4409 3086 4454 et
3119 4397 3350 4452 biberitis

1775 4497 1890 4568 ejus
1919 4498 2246 4568 sanguinent,
2277 4511 2381 4550 non
2405 4494 2663 4548 habebitis
2716 4495 2872 4548 vitam
2899 4493 2954 4545 in
3003 4491 3141 4545 nobis
3165 4489 3348 4554 (latin.

84 4609 244 4659 sum,
275 4603 334 4649 et
373 4595 514 4651 mola
552 4593 872 4650 humilitatis
912 4604 968 4650 et
1000 4593 1342 4649 contritionis
1389 4603 1672 4649 converta-
1707 4617 1752 4675 ι)
1778 4589 1874 4659 Vl).
1919 4588 2073 4646 Unde
2116 4597 2379 4644 statutum
2407 4595 2492 4642 est
2524 4595 2602 4652 ut,
2629 4585 2810 4656 pueris
2856 4597 2980 4637 mox
3031 4581 3348 4651 haptizatis,

85 4700 245 4752 mur,
274 4693 330 4740 et
357 4685 560 4756 glutino
603 4684 882 4740 cbaritatis
913 4696 970 4741 et
1001 4683 1392 4756 compassionis
1418 4685 1484 4738 ad
1533 4683 1675 4739 iuvi-
1776 4699 1834 4740 sa
1857 4691 1964 4738 tem
2018 4681 2073 4738 in
2111 4680 2291 4753 specie
2338 4679 2469 4742 vini,
2520 4677 2783 4741 tradatur,
2824 4689 2890 4728 ne
2929 4675 3046 4728 sine
3099 4686 3353 4728 necessa-

83 4790 220 4832 cem
251 4775 523 4842 uniamur,
556 4784 615 4830 ut
635 4775 915 4832 charitatis
941 4785 996 4831 et
1025 4775 1238 4831 unionis
1273 4785 1472 4830 nostra:
1521 4773 1674 4844 puri-

85 4874 235 4930 tate,
289 4865 428 4921 Deus
455 4873 712 4936 pascatur
735 4875 789 4920 et
823 4865 1136 4933 delectetur,
1167 4874 1222 4920 et
1251 4879 1350 4921 nos
1374 4878 1676 4920 cconverso

83 4955 372 5014 charitate
393 4964 450 5012 et
480 4955 678 5012 unione
712 4957 888 5012 divina
923 4972 1208 5028 pascamur
1233 4965 1288 5011 et
1317 4954 1671 5011 delectemur.

81 5046 261 5107 Sicut
306 5046 447 5104 enim
497 5047 767 5105 charitate
809 5056 991 5104 nostra
1018 5049 1257 5118 pascitur
1296 5055 1351 5103 et
1375 5046 1676 5102 delectatur

83 5139 268 5207 Deus,
307 5138 383 5194 ita
407 5152 506 5197 nos
548 5138 726 5196 divina
752 5140 1017 5196 charitate
1049 5139 1323 5210 pascimur
1349 5148 1404 5194 et
1431 5137 1676 5193 delecta-

81 5247 246 5290 mur.

163 5321 362 5378 Tertio
389 5321 674 5392 Apostolus
701 5323 878 5379 subdit
907 5337 1150 5390 causam,
1193 5337 1361 5393 quare
1393 5325 1522 5378 novi
1551 5337 1674 5379 esse

77 5413 418 5478 debeamus,
467 5427 589 5468 cum
615 5413 780 5480 dicitf:
815 5413 1024 5469 Etenim
1062 5413 1270 5468 Pascha
1303 5425 1540 5469 nostrum
1575 5414 1674 5470 int-

75 5505 332 5564 sssalatus
357 5516 430 5561 est
453 5507 712 5564 Christus.
736 5504 899 5573 Quasi
929 5507 1074 5563 dicat
1104 5525 1118 5562 :
1155 5507 1343 5562 Estote
1371 5507 1518 5572 novi,
1537 5523 1672 5580 quo-

73 5598 248 5654 niam
281 5598 344 5651 ad
369 5613 561 5654 novum
584 5599 865 5670 prandium
895 5599 1026 5654 estis
1071 5600 1269 5666 vocati,
1303 5615 1369 5656 ue
1397 5599 1539 5656 forte
1578 5615 1674 5657 ve-

71 5697 256 5748 niens
279 5692 367 5758 qui
399 5707 488 5747 vos
509 5694 574 5746 ad
599 5708 723 5748 suas
750 5693 963 5762 nuptias
995 5693 1223 5758 vocavit,
1257 5693 1402 5749 dicat
1446 5693 1674 5751 cuilibet

71 5790 388 5836 vestrum:
425 5780 695 5846 Quomodo
726 5785 826 5837 huc
862 5785 1070 5838 intrasti
1103 5800 1206 5838 non
1255 5784 1451 5840 habens
1486 5795 1674 5842 vestem

68 5872 426 5940 mtrtialem?
453 5871 665 5940 (Matth.
701 5875 856 5947 χιιι.)
881 5873 942 5931 Ει
973 5877 1142 5932 iratus
1173 5875 1349 5933 mittat
1382 5890 1480 5935 vos
1509 5876 1564 5934 ιιι
1591 5886 1673 5934 te-

1777 4774 1858 4830 rio
1909 4772 2189 4829 discedant
2234 4779 2592 4826 sacramento.
2641 4767 2709 4822 Et
2749 4766 2878 4838 quid
2926 4764 2973 4819 si
3025 4762 3353 4819 discedant?

1773 4865 2023 4936 Nunquid
2093 4861 2530 4920 damnabantur?
2578 4859 2691 4916 Non
2719 4899 2734 4924 ,
2783 4858 2982 4913 fratres
3029 4856 3156 4923 mei,
3212 4871 3351 4928 quo-

1773 4961 1917 5018 niam
1987 4960 2039 5015 iu
2111 4957 2254 5026 fide,
2303 4957 2404 5012 etsi
2461 4970 2569 5011 nou
2618 4969 2733 5020 sua,
2794 4961 2970 5008 tamen
3019 4951 3352 5023 patriuorutn

1773 5051 2140 5110 salvabuntur.
2189 5048 2303 5103 Duo
2357 5047 2556 5118 quippe
2607 5055 2734 5122 sunt
2787 5043 2930 5099 modi
2981 5041 3344 5097 tuauducandi

1773 5159 1970 5216 corpus
1994 5141 2218 5208 Christi,
2243 5155 2382 5196 unus
2408 5137 2834 5202 sacramentalis,
2865 5137 3002 5192 alius
3031 5134 3347 5206 spiritualis.

1775 5233 2258 5292 Sacramentaliter
2278 5233 2476 5303 accipit
2503 5247 2696 5303 corpus
2723 5230 2922 5286 Christi
2946 5230 3110 5285 etiam
3154 5230 3350 5298 malus,

1773 5326 1868 5383 sed
1892 5327 2020 5399 quia
2051 5325 2288 5397 indigne,
2319 5323 2581 5393 judicium
2630 5324 2730 5380 sibi
2783 5323 3075 5379 manducet
3104 5332 3158 5378 et
3209 5321 3348 5379 bibit

1774 5419 1825 5493 (ι
1871 5418 1996 5474 Cor.
2029 5419 2114 5492 ιι).
2165 5417 2529 5490 Spiritualiter
2575 5433 2703 5472 vero
2734 5417 2930 5488 accipit
2956 5432 3152 5488 corpus
3179 5414 3351 5472 bonus

1771 5511 1890 5585 qui,
1947 5510 2048 5567 etsi
2103 5525 2209 5566 non
2247 5509 2715 5566 sacratneutaliter
2761 5509 3083 5580 quandoque
3129 5506 3352 5577 accipit,

1775 5612 1954 5658 tamen
1986 5603 2088 5656 lide
2109 5611 2164 5658 et
2186 5602 2452 5659 charitate
2492 5601 2545 5657 in
2585 5617 2813 5672 corpore
2842 5599 3038 5655 Citriin
3065 5608 3168 5653 est.
3201 5596 3353 5654 Unde

1776 5694 2035 5751 Dominus
2063 5708 2341 5765 exponens
2385 5694 2512 5764 quid
2555 5695 2627 5750 sit
2653 5710 2774 5752 eum
2830 5691 3157 5747 manducare
3190 5690 3352 5762 spiri-

1778 5785 2017 5853 tualiter,
2055 5786 2174 5842 ait:
2213 5785 2320 5852 Qui
2361 5786 2644 5842 manducet
2677 5801 2885 5841 carnem
2916 5800 3105 5848 meum,
3134 5795 3181 5838 et
3224 5785 3350 5840 bibit

1776 5893 1948 5936 meum
1973 5880 2299 5951 sanguinem,
2322 5883 2374 5936 in
2402 5895 2483 5935 me
2501 5889 2676 5936 manet
2701 5888 2749 5935 et
2769 5895 2862 5955 ego
2889 5879 2940 5936 in
2959 5895 3018 5937 eo
3043 5877 3223 5941 Hann.
3251 5880 3344 5937 ιιι).
