3822 6316
539 334 670 392 1831

1505 326 1828 391 ADDENDA
1870 358 1938 377 α·-
1970 330 2325 389 RADUIJ’HI
2362 327 2707 388 AIiDENTIS
3585 334 3668 391 1851

535 447 595 503 fit
630 446 962 516 Augustinus
988 463 1002 501 :
1041 465 1059 499 α
1087 446 1157 501 lit
1184 442 1313 517 quid
1341 459 1499 516 paras
1522 446 1733 500 dentem
1758 455 1810 500 et
1838 447 2122 501 ventrem?
2150 451 2196 511 Α
2228 459 2370 509 mus,
2404 443 2470 498 ad
2493 456 2686 498 carnes
2728 441 2841 496 veri
2871 440 3008 512 Λευὶ
3036 455 3171 513 pure
3197 442 3439 497 accedere
3460 446 3667 513 poterimus.

530 538 709 601 crede,
752 547 805 593 et
843 539 1182 594 mamlurastl
1240 540 1374 608 (il).
1430 555 1449 590 r
1489 538 1899 604 Verumtamen,
1926 539 2118 595 fratres

529 628 658 695 mei,
689 628 940 683 omnibus
970 630 1317 692 Christianis,
1359 628 1531 681 locum
1562 637 1618 682 et
1648 635 1861 698 tempus
1910 629 2116 683 haben-

527 721 692 785 tibus,
726 721 887 774 etiam
935 722 1403 776 sacramentaliter
1451 721 1960 775 conmmnieandum
2008 731 2114 778 est.

530 811 682 870 Unde
706 820 763 868 ct
794 813 843 867 in
882 815 1157 884 primitiva
1212 812 1481 877 Ecclesia,
1530 813 1766 868 universi
1794 813 2112 880 Christiani,

527 905 757 976 singulis
791 904 1087 960 Dominicis
1146 906 1335 960 diebus
1388 904 1635 959 solebant
1688 908 2112 965 communicare.

528 994 633 1052 Sed
657 998 780 1067 quia
805 999 1018 1067 quidam
1058 998 1391 1068 negligenter
1418 997 1768 1066 accedebant,
1800 1008 1984 1068 postea
2014 1014 2114 1070 pro

524 1093 849 1150 eucharistia
893 1108 1089 1163 panem
1138 1094 1479 1149 benedictum
1531 1102 1835 1150 statuerunt
1888 1097 2024 1160 dari,
2057 1104 2112 1151 et

447 1210 461 1221 -
524 1187 711 1241 saltem
748 1194 829 1240 ter
853 1188 902 1240 in
935 1200 1103 1254 anno,
1141 1187 1190 1240 in
1224 1187 1421 1253 Natali,
1450 1190 1503 1243 in
1557 1185 1783 1255 Pascha,
1818 1191 1870 1245 in
1915 1189 2112 1245 Penteo

520 1282 705 1334 tostett
738 1279 1149 1333 communicari.
1182 1278 1285 1334 Sed
1315 1275 1497 1347 nunc,"
1512 1281 1727 1344 fratres,
1755 1282 1891 1337 adeo
1918 1296 2110 1338 excre-

517 1368 594 1422 vit
623 1367 904 1437 iniquitas,
936 1369 1077 1438 Quod
1109 1370 1194 1423 vix
1240 1370 1405 1425 semel
1454 1374 1504 1425 in
1533 1386 1673 1425 anno
1703 1372 1918 1442 quidam
1951 1374 2109 1445 digne

517 1459 728 1516 Valeant
767 1462 1191 1517 communicare.
1220 1462 1323 1517 Sed
1351 1472 1405 1517 et
1435 1473 1559 1518 sunt
1584 1464 1822 1534 quidam,
1850 1466 1943 1536 qui
1974 1481 2109 1536 quo—

517 1550 647 1609 tidie
675 1554 1083 1609 communicare
1112 1556 1369 1625 gaudent,
1402 1556 1488 1609 alii
1515 1557 1605 1626 qui
1634 1556 2004 1612 reformidant.
2040 1558 2106 1614 Et

514 1645 733 1716 utrique
759 1644 897 1700 bene
946 1644 1174 1712 faciunt,
1226 1646 1270 1700 si
1301 1656 1669 1717 contemptutn
1702 1657 1915 1713 cavent,
1964 1660 2020 1703 et
2048 1657 2106 1704 ut

512 1730 671 1807 digne
702 1737 1107 1793 communicare
1136 1740 1377 1805 valeant,
1411 1741 1681 1796 laborant.
1714 1739 1847 1797 Nam
1877 1752 2104 1813 uterque

2228 542 2286 595 ut
2316 549 2413 603 per
2444 534 2765 589 charitatem
2810 533 2917 588 Deo
2965 543 3020 587 et
3066 534 3329 602 proximis
3368 537 3573 601 tmiamur,
3598 557 3671 606 ope.

2221 636 2375 682 rente
2402 627 2629 682 Domino
2681 636 2869 682 nostro
2903 624 3031 682 Jesu
3065 626 3307 692 Christo,
3362 629 3442 698 qui
3466 631 3673 709 cuml’atre

2215 727 2273 773 et
2332 718 2541 790 Spiritu
2599 728 2791 775 sancto
2846 718 2978 772 vivit
3040 730 3099 773 et
3162 728 3353 789 regnat
3403 720 3449 774 in
3491 734 3675 784 eternium.

2217 811 2402 868 Amen.

2797 903 3081 960 llOMlLlA
3121 904 3230 962 ιιι.

2679 1014 2732 1054 IN
2759 1012 2848 1052 DIE
2878 1012 3085 1053 SANC'I‘O
3109 1014 3346 1054 PASCM.

2295 1091 2473 1149 Horis
2525 1088 2860 1160 Magdalens,
2905 1098 2955 1143 et
3012 1088 3191 1143 Maria
3239 1088 3437 1153 Jacobi,
3460 1100 3497 1145 et
3532 1089 3682 1164 Salone,

2211 1191 2443 1242 emerunt
2468 1189 2731 1246 aroututa,
2761 1190 2814 1234 ut
2839 1180 3097 1235 venientes
3120 1192 3369 1251 ungerent
3398 1180 3683 1254 Jestthlarc.

2210 1278 2345 1349 ut),
2379 1286 2489 1330 etc.
2535 1270 2800 1337 Quoniam
2830 1271 2898 1325 ad
2927 1272 3213 1341 paschales
3239 1272 3444 1339 nuptias
3482 1289 3555 1329 nos
3571 1287 3686 1345 vocat,

2212 1372 2404 1425 fratres
2426 1365 2553 1429 mel,
2571 1364 2843 1419 institutio
2867 1364 3231 1418 solemnitatis
3248 1365 3691 1430 hodienue,debemus

2210 1464 2350 1518 hanc
2374 1460 2518 1516 diem
2544 1457 2913 1527 spiritualibns
2939 1459 3154 1527 gaudiis
3181 1468 3239 1513 et
3268 1460 3553 1530 evangelicis
3570 1464 3690 1520 crudi.

2210 1555 2448 1611 tionibus
2501 1566 2789 1620 occupare.
2821 1550 2887 1605 Et
2915 1553 3043 1621 quia
3076 1552 3221 1620 quod
3263 1554 3583 1623 unusquisque
3615 1555 3693 1627 plus

2208 1648 2404 1719 diligit,
2438 1646 2692 1701 libentius
2714 1643 2887 1711 audit,
2914 1646 2958 1699 si
2990 1644 3156 1698 Deum
3187 1654 3244 1699 et
3263 1644 3616 1716 ltedeniptorem
3635 1664 3693 1704 no-

2206 1751 2378 1797 strum
2430 1754 2539 1809 pra:
2582 1738 2792 1792 cunctis
2819 1736 3066 1806 diligitis,
3099 1736 3459 1806 evangelicain
3500 1738 3694 1795 historiam

512 1838 564 1884 ct
595 1828 853 1885 Zacharus
882 1841 937 1885 et
983 1830 1240 1887 Centurio
1268 1832 1544 1887 Christum
1584 1836 1981 1890 honoravernnt
2002 1875 2014 1898 ,
2048 1846 2103 1890 et
2135 1813 2176 1873 Β
2206 1832 2273 1887 de
2314 1830 2433 1900 ejus
2479 1829 2891 1885 resurrectione
2924 1828 3181 1884 libentius
3213 1830 3459 1883 audietis.
3498 1829 3694 1902 Nosergo,

512 1916 775 1980 Zachzeus
809 1924 931 1979 lzete
970 1926 1332 1996 suscipiendo,
1364 1926 1701 1982 etCenturio
1730 1942 1789 1983 se
1825 1929 2104 1998 indignum

513 2012 833 2088 reputando.
866 2016 942 2074 De
983 2016 1086 2073 illis
1137 2032 1265 2074 vero
1295 2020 1385 2089 qui
1427 2021 1770 2092 quotidianus
1824 2023 2105 2078 celebrant

511 2108 724 2175 missas,
747 2109 822 2163 ait
837 2109 1167 2179 AugtISlimls
1187 2127 1204 2179 ;
1221 2110 1571 2180 Quotidianas
1591 2114 1782 2169 missas
1802 2116 2101 2182 celebrare,

510 2200 610 2257 nee
635 2199 813 2263 laudo,
843 2214 942 2258 nec
972 2201 1238 2274 vitupero,
1273 2204 1324 2259 id
1354 2214 1454 2269 est,
1487 2218 1586 2260 nec
1635 2206 1795 2261 laudo
1841 2208 1893 2263 in
1933 2208 2102 2278 negli-

508 2294 783 2363 gentibus,
811 2310 909 2350 nec
948 2294 1198 2366 vltupero
1229 2296 1281 2351 in
1310 2295 1673 2368 diligentibus.
1714 2299 1915 2365 Quinto
1946 2301 2103 2356 docet

508 2380 798 2458 Apestolus
816 2388 1049 2458 qualiter
1066 2391 1131 2444 ad
1157 2400 1397 2445 ntcnsam
1416 2392 1603 2446 altaris
1625 2395 1882 2449 accedere
1904 2394 2100 2450 debeas

507 2490 648 2534 ntus.
682 2476 931 2551 Magnum
956 2481 1153 2552 quippe
1178 2480 1467 2553 hospitem,
1498 2484 1606 2539 imo
1634 2486 1797 2539 Deum
1824 2494 1877 2540 et
1909 2486 2094 2541 Domi.

506 2584 631 2629 num
663 2585 904 2629 nostrum
942 2568 1126 2630 .lesum
1180 2574 1478 2641 Christum,
1534 2576 1734 2634 fratres
1768 2578 2093 2646 cltarisslml,

504 2665 661 2721 hodie
696 2660 1029 2735 suscepturi,
1054 2665 1346 2736 hospitium
1400 2680 1593 2737 purum
1629 2676 1683 2723 et
1734 2669 2017 2723 honestmn
2046 2670 2098 2726 ei

505 2744 897 2831 praeparemus.
930 2759 992 2814 Et
1022 2754 1167 2815 certe
1197 2761 1239 2815 sl
1269 2759 1567 2832 principem
1602 2761 1682 2816 vel
1709 2758 1948 2832 aliquam
1976 2774 2099 2834 porc-

506 2860 695 2908 sonom
721 2850 1036 2909 smeularcm
1062 2854 1364 2922 suscepturi
1398 2854 1450 2908 in
1481 2853 1718 2925 hospitio
1747 2866 1933 2912 neStro
1949 2867 2096 2912 esst»

504 2936 645 3009 mus,
671 2942 843 3013 ipsum
879 2944 1169 3015 hospitium
1195 2952 1438 3001 nostrum
1477 2945 1546 3001 ab
1581 2950 1727 3003 omni
1756 2951 1915 3007 sorde
1961 2964 2096 3023 pur-

503 3048 777 3107 paremus,
809 3046 862 3094 et
900 3038 1235 3093 ornamentis
1268 3038 1671 3108 decoraremus,
1709 3052 1769 3098 ut
1796 3042 2094 3100 intrantem

502 3124 791 3203 personam
865 3128 1010 3186 nulla
1069 3130 1346 3202 turpitudo
1397 3126 1715 3203 offenderet,
1768 3136 1863 3192 sed
1912 3137 2091 3208 potius

502 3220 791 3279 numdities
816 3229 870 3278 ct
898 3223 1155 3279 lioneStas
1179 3222 1373 3281 domus
1394 3222 1712 3283 lzetilicaret.
1747 3227 1803 3284 Si
1828 3243 1960 3301 ergo
1988 3229 2092 3287 hoc

499 3302 732 3371 facimus
766 3331 864 3387 pro
898 3317 1143 3391 principe
1194 3319 1500 3392 temporali,
1533 3318 1661 3390 quid
1693 3319 1875 3376 facere
1928 3321 2092 3378 debe-

501 3412 621 3460 mus
652 3420 748 3478 pro
767 3406 909 3477 [iege
938 3426 1123 3482 regum
1148 3420 1204 3469 et
1235 3411 1461 3468 Domino
1486 3410 1917 3472 dominantium?
1948 3414 2091 3471 Prae.

500 3497 632 3570 cipit
653 3498 795 3555 enim
824 3501 1132 3572 Apostolus,
1164 3516 1222 3561 ut
1244 3505 1603 3576 suscipiamus
1625 3504 1791 3560 Deum
1818 3516 2086 3579 nostrum,

499 3596 603 3644 non
632 3586 687 3644 in
714 3590 971 3661 fermento
1005 3600 1181 3660 veteri,
1224 3613 1384 3666 neque
1415 3596 1468 3651 in
1510 3600 1765 3667 ferntento
1796 3600 2014 3657 malitia:
2038 3614 2086 3659 et

496 3680 764 3750 nequitia’.
792 3684 870 3739 Ac
897 3685 940 3740 si
970 3684 1112 3742 dicat
1138 3704 1152 3743 :
1177 3686 1403 3744 Omnem
1430 3688 1643 3746 sordem
1661 3704 1691 3746 a
1715 3690 1868 3749 vobis
1894 3693 2085 3762 tollite,

496 3766 669 3827 tollite
708 3788 737 3828 a
778 3772 1122 3833 confessione
1176 3790 1477 3834 vestrormn
1536 3790 1881 3852 peccatorum
1933 3794 2088 3845 vetus

496 3860 821 3919 fermentum
853 3869 1255 3936 excusationis;
1311 3882 1412 3925 nec
1446 3869 1653 3927 scilicet
1709 3886 1860 3931 more
1889 3880 2086 3936 veteris

493 3953 624 4013 Adae
671 3966 893 4029 peccata
946 3972 1127 4017 vestra
1166 3966 1462 4031 excusetis,
1512 3980 1610 4021 nec
1660 3966 1940 4026 declinatis
1991 3988 2088 4029 cor

493 4058 733 4104 vestrum
758 4050 810 4105 in
835 4052 986 4107 t'erba
1014 4050 1233 4110 ntalitite
1256 4057 1324 4110 att
1364 4069 1695 4115 excusanans
1721 4064 2083 4120 excusationes

492 4139 547 4194 in
568 4143 793 4211 peccatis
819 4141 991 4215 (Psal.
1016 4145 1163 4219 exc).
1196 4145 1304 4203 Sed
1350 4149 1531 4218 potius
1573 4161 1779 4207 vosmet
1807 4162 2081 4224 accusate,

492 4230 741 4304 indignos
806 4234 1055 4304 clamate,
1116 4236 1348 4308 plorate,
1405 4244 1459 4297 et
1513 4242 1829 4299 satisfacite.
1888 4242 2084 4303 Tollite

495 4340 710 4397 quoque
760 4340 790 4380 a
852 4336 1035 4383 mente
1084 4328 1411 4386 fermentum
1446 4333 1681 4396 malitiae,
1713 4333 1821 4392 odii
1853 4336 2080 4407 scilicet,

490 4416 706 4474 invidiae
743 4429 798 4475 et
828 4419 981 4476 malze
1016 4422 1327 4480 voluntatis.
1355 4424 1550 4482 Tollite
1574 4442 1788 4500 quoque
1816 4426 1885 4484 ab
1920 4445 2082 4503 Opere

2207 1925 2406 1981 fratres
2426 1921 2757 1987 citatissimi,
2788 1920 2939 1975 Vobis
2962 1921 3338 1989 evangelicam
3365 1921 3601 1978 lectionem
3618 1941 3695 1994 per-

2204 2018 2500 2079 currimns,
2532 2016 2707 2085 primo
2737 2030 2856 2085 quae
2881 2015 2948 2069 ad
2979 2016 3295 2081 historiam,
3326 2018 3538 2072 secando
3555 2034 3639 2087 qua
3653 2019 3698 2073 ad

2207 2108 2563 2180 tropologiam
2593 2108 2867 2177 pertinent
2891 2106 3269 2177 osplanantes.
3301 2106 3370 2160 Et
3401 2106 3530 2177 juxta
3551 2110 3699 2179 quide

2205 2202 2515 2264 historiam,
2550 2208 2785 2271 quatuor
2812 2199 2968 2253 nobis
2996 2209 3118 2254 sunt
3147 2200 3542 2254 consideranda.
3579 2200 3702 2257 Primo

2202 2306 2467 2366 quantum
2496 2292 2615 2348 ista:
2642 2303 2845 2347 sancta
2876 2292 3128 2349 mulieres
3180 2290 3404 2346 fuerunt
3430 2292 3476 2346 in
3507 2291 3701 2347 Christum

2199 2386 2428 2452 devote,
2461 2387 2702 2440 secundo
2725 2384 2997 2453 quomodo
3025 2383 3369 2453 postulantes
3405 2382 3702 2439 fuerintem-

2199 2477 2347 2546 ditas,
2379 2477 2538 2532 tertio
2578 2476 2850 2548 quomodo
2890 2476 2958 2529 ab
3005 2474 3198 2544 angelo
3234 2473 3516 2531 consolans
3544 2476 3641 2543 siut,
3672 2487 3707 2531 et

2198 2568 2694 2626 doresurrectionc
2738 2566 2941 2622 Christi
2985 2567 3244 2631 eruditae,
3278 2576 3469 2635 quarto
3511 2568 3705 2637 quomodo

2201 2661 2393 2733 prima
2420 2658 2487 2715 ad
2531 2657 3014 2728 evangelizandum
3063 2657 3407 2711 Dominicam
3439 2660 3705 2714 resurrectio-

2199 2768 2327 2810 nem
2356 2752 2467 2809 sint
2487 2752 2689 2807 missa.
2717 2750 2839 2805 Fuit
2861 2748 3048 2820 igitur,
3079 2749 3284 2806 fratres
3310 2753 3600 2816 clrarissitui,
3620 2753 3707 2808 ista-

2199 2860 2321 2901 rum
2375 2844 2661 2900 mulierum
2712 2846 2851 2899 mira
2890 2844 3123 2898 devotio.
3159 2842 3408 2899 Fuerunt
3433 2846 3708 2917 quippeerp

2196 2939 2475 2995 Christum
2524 2939 2769 3005 fervida,
2807 2938 3038 2994 audaces
3058 2947 3115 2993 et
3144 2937 3559 2994 oﬂiciosissimze.
3581 2938 3710 2994 Ferri-

2196 3032 2304 3101 dc,
2328 3034 2455 3105 quia
2486 3049 2648 3105 quem
2672 3034 2939 3089 viventem
2972 3034 3229 3089 ardenter
3259 3043 3577 3100 amoverant,
3596 3049 3712 3105 usque

2196 3126 2265 3181 ad
2299 3134 2531 3182 mortem
2558 3127 2737 3182 llendo
2765 3136 3067 3197 prosecuta
3101 3135 3253 3191 sunt,
3289 3142 3392 3181 nec
3416 3136 3527 3197 post
3544 3139 3711 3182 mortem

2193 3220 2439 3277 oblivisci
2468 3230 2782 3290 potuerunt.
2816 3220 3088 3285 Audaces,
3117 3220 3251 3291 quia
3299 3236 3423 3275 cum
3456 3218 3643 3290 apostoli
3678 3227 3715 3275 et

2198 3305 2469 3368 columna
2525 3310 2780 3366 Ecclesia:
2810 3310 3055 3382 fugerent
3086 3350 3102 3374 ,
3140 3318 3407 3382 ναίει-θυι
3446 3324 3500 3368 et
3530 3311 3713 3375 laterem.

2197 3404 2298 3461 has
2342 3404 2598 3461 mulieres
2646 3419 2748 3460 nec
2803 3406 3025 3471 damna,
3079 3418 3183 3462 nec
3223 3415 3403 3462 terror
3429 3407 3615 3472 mortis,
3651 3420 3716 3460 nec

2198 3499 2409 3572 gladius
2438 3501 2613 3572 potuit
2640 3499 2917 3555 deterrere
2943 3499 3073 3571 quin
3111 3502 3264 3557 cruci
3294 3501 3594 3557 assistereut
3616 3500 3718 3555 cui

2194 3603 2604 3651 monumentum
2634 3595 2991 3649 cursitat-ent.
3034 3591 3480 3661 Oliiciosissimte,
3522 3594 3717 3665 quoniam

2191 3689 2391 3746 viventi
2432 3690 2890 3745 ministraverunt
2934 3704 3061 3744 cum
3107 3691 3311 3760 gaudio
3352 3690 3420 3745 de
3466 3688 3719 3745 substantiis

2189 3782 2326 3848 suis,
2358 3782 2608 3838 morienti
2631 3781 2957 3837 assisterunt
2972 3795 3097 3837 cum
3125 3781 3420 3855 gemitibus
3439 3779 3718 3843 etlameatb,

2193 3876 2262 3930 ad
2284 3874 2591 3946 sepulcrum
2620 3882 2979 3930 cucurrerunt
2996 3890 3119 3930 cum
3138 3876 3720 3948 suspiriisetungueat'u.

2193 3965 2302 4022 Sed
2333 3968 2399 4023 ad
2424 3969 2536 4023 huic
2560 3969 2711 4039 quid,
2740 3982 2841 4024 nos
2866 3967 3087 4023 feminei
3114 3969 3242 4035 viri,
3270 3969 3451 4025 dicere
3472 3980 3719 4041 possumus.

2190 4060 2283 4131 qui
2331 4072 2459 4131 erga
2508 4058 2786 4116 Christum
2836 4059 3258 4130 Redemptorem
3311 4072 3552 4116 nostrum
3582 4059 3719 4126 tepidi.

2186 4150 2361 4204 timidi
2411 4161 2465 4205 et
2520 4150 2851 4223 negligentes
2907 4151 3139 4207 sumus?
3168 4151 3278 4207 Illae
3328 4154 3574 4207 mulieros
3597 4146 3718 4203 Chri-

2186 4246 2330 4298 stum
2358 4243 2411 4298 in
2453 4256 2619 4299 carne
2650 4244 2865 4300 mortin
2895 4245 3191 4313 viventem,
3224 4245 3564 4308 morientem,
3598 4252 3641 4295 et
3662 4253 3721 4294 se-

2188 4337 2425 4409 pultum,
2457 4340 2713 4394 ardenter
2738 4347 3076 4392 amaverunt.
3108 4337 3174 4393 Et
3200 4353 3301 4394 nos
3327 4339 3429 4392 viri
3458 4336 3598 4391 illum
3623 4347 3725 4387 nunc

2186 4440 2507 4503 regnantem
2548 4432 2603 4486 in
2650 4440 2915 4488 aternum
2953 4441 3010 4486 et
3058 4447 3188 4487 suos
3235 4432 3636 4503 lloriﬁcautem,
3669 4426 3724 4477 rei
3780 4490 3781 4511 γ

490 4507 815 4566 fermentum
846 4515 1123 4586 nequitiae,
1148 4514 1201 4571 id
1233 4524 1315 4572 est
1361 4516 1658 4587 injustitizr,
1684 4538 1748 4576 ne
1776 4520 1984 4578 scilicet
2005 4522 2080 4579 l’a-
2108 4538 2161 4600 ι)
2187 4523 2432 4589 minime,
2488 4524 2573 4580 vel
2631 4526 2810 4594 tepide
2853 4526 3129 4581 amamus!
3192 4527 3301 4582 Illa
3358 4527 3623 4587 mulieres,
3657 4537 3723 4574 ne:
3780 4507 3781 4573 ἒ

490 4601 645 4658 ciatis
675 4600 793 4660 aliis
824 4606 965 4676 quod
993 4608 1146 4663 vobis
1178 4608 1292 4665 fieri
1325 4626 1427 4665 non
1447 4611 1624 4666 vultis.
1672 4612 1923 4684 Praecipit
1948 4616 2079 4672 sub-

490 4706 778 4766 sequenter
811 4704 865 4753 ut
888 4699 1168 4770 epidemnr
1203 4710 1396 4757 carnes
1428 4702 1560 4774 Αςηί
1589 4702 1640 4757 in
1672 4708 1877 4777 azymis
1900 4709 2079 4766 since-

486 4780 664 4841 ritatis
692 4796 745 4842 et
792 4790 1059 4845 veritatis.
1103 4792 1179 4847 Ac
1206 4793 1250 4847 si
1282 4793 1467 4847 dicat:
1525 4788 1641 4850 Non
1694 4796 1889 4855 suillcit
1922 4801 2077 4859 vobis

488 4878 677 4939 sordes
721 4898 1025 4954 expurgare
1054 4903 1081 4941 a
1125 4885 1297 4949 vobis,
1339 4888 1438 4941 nisi
1466 4888 1628 4944 etiam
1662 4890 1952 4950 virtutibus
1978 4896 2075 4952 ho-

488 4972 729 5041 stiilium,
767 4990 873 5042 quo
942 4974 1227 5030 Dominum
1286 4978 1419 5033 estis
1473 4985 1797 5052 suscepturi,
1839 4986 2069 5043 ornetis.

489 5061 732 5129 Q.:ilms?
762 5065 968 5136 azymis
990 5066 1320 5124 sinceritatis
1346 5078 1395 5124 et
1420 5072 1686 5138 veritatis,
1726 5082 1783 5129 ut
1821 5076 2073 5133 videlicet

486 5159 777 5213 sinceritas
808 5162 877 5213 sit
908 5161 959 5215 in
989 5161 1122 5229 vita,
1156 5163 1364 5220 veritas
1389 5163 1441 5222 in
1468 5165 1701 5238 loquela.
1750 5168 2070 5240 Sinceritas,

488 5247 687 5305 fratres
720 5250 845 5317 mei,
878 5254 983 5308 erit
1006 5254 1057 5309 in
1082 5255 1188 5309 vita
1221 5266 1428 5324 nostra,
1466 5259 1511 5314 si
1539 5259 1749 5317 sincere
1778 5263 2073 5332 sapiamus,

488 5339 531 5394 si
558 5341 771 5397 sincere
796 5341 1089 5417 diligimus,
1118 5348 1161 5403 si
1189 5347 1400 5405 sincere
1435 5346 1687 5407 vivimus.
1715 5350 1925 5409 Veritas
1948 5369 2076 5410 vero

486 5432 591 5489 crit
624 5433 676 5490 in
705 5435 938 5508 loquela,
986 5438 1031 5496 si
1068 5452 1190 5496 vere
1214 5450 1433 5513 peccata
1477 5451 1663 5499 nostra
1697 5443 2072 5501 confiteamur.

489 5525 542 5577 Si
577 5530 855 5586 \'('l‘ll:llt'lil
883 5551 1001 5587 cum
1057 5537 1304 5604 proximo
1359 5534 1654 5606 loquimur,
1682 5536 1728 5592 si
1783 5537 2069 5594 Dominum

464 5612 723 5679 "consona
751 5639 881 5680 voce
912 5625 1218 5683 laudamus.
1250 5627 1307 5684 Si
1335 5627 1433 5698 sic,
1468 5628 1669 5687 fratres
1712 5630 1841 5698 mei,
1865 5630 2070 5687 vixeri-

2188 4622 2398 4671 terrore
2425 4616 2636 4679 mortis,
2658 4631 2761 4671 nec
2791 4617 2967 4685 gladio
2996 4628 3296 4687 potuerunt
3336 4617 3603 4689 prohiberi
3630 4611 3722 4682 gain

2183 4717 2426 4765 astarent
2450 4719 2662 4764 mortuo
2684 4718 2737 4764 et
2757 4710 3005 4780 sepulto:
3043 4709 3110 4765 Et
3139 4724 3239 4766 nos
3262 4713 3440 4767 miseri
3466 4710 3589 4771 viri,
3611 4709 3724 4759 tino-

2182 4818 2241 4859 rc
2268 4801 2351 4857 vel
2388 4803 2679 4874 cupiditate
2726 4820 3044 4876 separamur
3089 4821 3119 4859 a
3163 4804 3381 4862 Christo
3409 4808 3463 4859 in
3508 4812 3723 4858 meream

2180 4896 2393 4951 virente
2417 4904 2472 4950 et
2500 4901 2787 4967 regnante!
2824 4899 2930 4954 Illae
2986 4898 3246 4954 mulieres
3298 4900 3506 4954 viventi
3552 4895 3724 4951 Christo

2184 4987 2236 5044 in
2272 5000 2281 5043 :'
2302 5004 2466 5045 carne
2530 4991 2744 5047 mortali
2811 4993 3261 5047 ministraverunt
3327 4994 3392 5048 de
3450 4986 3724 5047 substantiis
3780 5054 3781 5061 γ

2182 5076 2318 5147 Suis,
2404 5089 2619 5136 mortuo
2690 5082 2755 5137 de
2827 5083 3080 5154 lacrymis
3154 5088 3209 5137 et
3287 5080 3573 5154 unguentis
3626 5074 3721 5130 κύει

2183 5169 2292 5226 Nos
2344 5170 2423 5226 illi
2459 5172 2568 5241 jam
2626 5176 2869 5245 regnanti
2928 5176 2979 5228 itt
3030 5184 3297 5230 aeternum
3357 5176 3654 5229 ministrare
3686 5174 3723 5216 ri

2182 5262 2251 5316 de
2283 5264 2397 5319 suis
2438 5262 2577 5320 cibis
2623 5267 2677 5319 in
2723 5268 3048 5338 pauperibus
3094 5268 3295 5323 satiare
3327 5260 3716 5323 contemnimus!

2182 5349 2537 5409 Excutiamus
2563 5368 2712 5426 ergo,
2741 5357 2939 5411 fratres
2967 5358 3093 5421 mei,
3129 5370 3381 5431 teporem,
3416 5356 3714 5411 timiditatem

2177 5454 2234 5500 et
2258 5446 2641 5518 negligentiam
2684 5458 2945 5505 nostram.
2979 5450 3047 5505 Et
3078 5453 3324 5523 exemplo
3366 5453 3592 5504 istarum
3632 5454 3716 5495 ω’

2179 5536 2396 5605 lierum,
2428 5541 2481 5595 iit
2509 5555 2693 5597 amore
2724 5541 2814 5599 Del
2847 5544 3173 5612 ferveamus,
3203 5546 3428 5600 audaces
3458 5552 3513 5597 et

2182 5631 2235 5686 in
2264 5631 2358 5687 Dei
2408 5633 2631 5690 servitio
2671 5647 2790 5692 esse
2820 5636 3113 5693 discamus.
3148 5636 3206 5693 In
3256 5639 3349 5693 hoc
3383 5642 3568 5690 autem
3606 5621 3709 5696 ξωέ

516 5812 517 5815 ‘
559 5803 671 5877 (ιι)
700 5805 756 5859 S.
790 5805 1013 5878 August.
1047 5804 1229 5865 Tract.
1262 5810 1332 5866 '55
1370 5812 1425 5868 in
1457 5812 1613 5869 Joan.
1652 5827 1723 5883 vi,
1768 5812 1854 5883 12,
1893 5822 1931 5869 t.
1964 5813 2162 5873 XXXV
2189 5813 2526 5887 Patrologic.
