3826 6338
86 411 217 476 183³-

754 415 1065 474 ΙΙΟΜΙΙΜΕ
1102 405 1167 474 ΙΝ
1203 405 1420 474 ἘΡΙΒΤ.
1449 397 1542 470 ΕΤ
1578 401 1651 470 El

1764 411 1836 472 Ὀ.
1871 415 2167 476 ΒΟΜΙΝΙΟ.
2202 449 2271 462 -
2305 416 2486 476 PARS
2507 417 2547 475 l.

3193 419 3336 485 8856

81 540 277 596 dicitur
321 535 462 608 quod
497 535 645 591 ualde
690 541 842 591 mane
886 549 990 590 una
1037 532 1387 590 Sahbatorum
1437 529 1653 590 veniunt
1683 540 1726 596 Λ
1757 533 1924 592 Porro
1955 537 2148 607 duplici
2178 538 2240 590 de
2267 551 2426 590 causa
2457 533 2675 607 angelus
2709 535 3010 603 descendit,
3039 545 3092 593 et
3116 543 3174 592 ut
3200 539 3333 612 lapi-

81 629 318 686 mulieres
346 629 414 683 ad
445 640 834 683 monumentum
863 637 977 682 orto
996 627 1111 697 jam
1139 627 1266 690 sole,
1300 625 1478 682 fervor
1505 623 1651 697 parl-

81 731 183 781 ter.
211 720 456 783 audacia,
488 728 540 773 et
565 717 874 774 olliciositas
908 717 1192 773 mulierum
1224 718 1650 787 demonstratur,

77 823 196 883 qum
223 813 385 868 etiam
424 823 583 866 nocte
625 811 810 866 Venire
850 825 970 866 cum
1000 812 1334 888 aromatibus
1367 811 1432 864 ad
1462 825 1653 866 monu-

78 909 313 957 mentum
341 909 638 972 cmperunt.
672 899 777 956 Sed
807 901 918 958 sole
938 944 952 968 ,
989 901 1041 957 id
1071 910 1154 957 est
1203 913 1397 956 aurora
1429 915 1493 957 ex
1522 902 1654 958 vici-

77 994 248 1048 nitate
277 992 406 1049 solis
429 991 540 1062 jam
565 1004 705 1057 orta,
735 991 800 1047 ad
828 1003 1235 1049 monumentum
1264 1001 1649 1064 pervenerunt.

75 1084 132 1140 In
171 1099 277 1155 quo
303 1085 469 1140 etiam
509 1084 750 1138 lnnuittt'r
796 1085 961 1155 Quod,
997 1084 1110 1140 sole
1153 1085 1255 1139 diei
1290 1085 1523 1150 oriente,
1571 1084 1652 1140 sol

69 1176 294 1246 justitize
323 1176 570 1233 Christus
615 1177 939 1232 resurrexit.
971 1175 1027 1232 In
1068 1175 1223 1246 cuius
1251 1179 1413 1232 etiaut
1448 1179 1652 1232 mento-

77 1271 167 1341 ria:
194 1271 483 1326 matutinas
513 1269 698 1325 laudes
733 1269 979 1326 celebrat
1018 1269 1281 1326 Ecclesia.
1333 1269 1651 1326 Ceneralem

75 1345 292 1434 quoque
325 1362 778 1418 resurrectionem
825 1361 878 1418 in
910 1362 1176 1418 matutino
1207 1372 1450 1432 tempore
1479 1361 1655 1418 credi—

69 1469 196 1511 mus
225 1467 342 1511 esse
387 1455 785 1520 celebrandam,
827 1454 982 1526 juxta
1032 1455 1175 1526 quod
1224 1451 1391 1511 David
1427 1454 1648 1524 inquit:

70 1546 143 1602 Et
193 1547 604 1603 dominabuntur
653 1555 833 1603 eorum
880 1548 1018 1619 justi
1051 1549 1105 1602 in
1158 1548 1415 1602 matutino
1478 1545 1650 1616 (Psal.

63 1643 284 1712 antu).
315 1641 540 1710 Quando
573 1641 740 1713 igitur
785 1641 1084 1698 secundum
1133 1639 1466 1706 Mattltreum,
1496 1649 1655 1696 terra:

65 1743 254 1790 motus
279 1735 455 1792 tactus
487 1743 572 1791 est
618 1741 866 1806 magnus,
893 1743 1188 1805 antequam
1218 1734 1442 1805 angelus
1480 1723 1656 1789 revol-

63 1835 224 1881 veret
263 1825 492 1897 lapidem
523 1825 592 1882 ab
619 1827 760 1882 ostio
791 1826 1123 1882 monumenti
1145 1868 1160 1894 ,
1191 1825 1443 1882 Christus
1473 1829 1654 1880 resur-

1756 629 1875 683 dem
1916 628 2234 696 revnit-cret,
2260 639 2311 684 et
2339 639 2397 683 ut
2430 628 2721 683 Dominirm
2755 631 3164 687 resurrectionis
3195 650 3332 688 unn-

1757 721 1864 776 tius
1896 731 1950 776 et
1981 723 2132 777 testis
2160 731 2323 776 esset.
2359 720 2511 777 Uude
2555 729 2608 776 et
2645 719 2880 776 Joannes
2911 722 3167 778 describit
3198 725 3332 782 duos

1755 811 1977 883 angelos
2037 811 2218 866 Maria:
2269 811 2594 881 Magdalenze
2646 811 3006 880 apparuisse,
3077 814 3330 870 sedentes

1755 917 1921 960 unntn
1955 905 2019 959 ad
2047 913 2226 976 caput,
2268 911 2322 958 et
2349 903 2575 958 alterum
2605 903 2670 958 ad
2712 904 2874 975 pedes
2905 903 3088 974 (Joau.
3112 907 3239 974 xx);
3274 915 3332 962 ut

1753 998 2004 1054 videlicet
2036 998 2086 1052 in
2117 1013 2212 1053 ure
2241 997 2469 1052 duorum
2507 994 2588 1051 vel
2625 998 2786 1052 trium
2837 997 3050 1052 testium
3084 1007 3188 1053 stet
3213 1011 3333 1055 om-

1755 1105 1824 1147 ne
1858 1092 2082 1146 verbum
2116 1090 2296 1158 (Deut.
2321 1091 2456 1160 xix).
2487 1087 2628 1146 Ecce
2653 1089 2781 1160 quid
2825 1079 3099 1144 mereatur
3143 1099 3197 1145 et
3230 1089 3334 1147 fer-

1753 1195 1854 1235 vor
1896 1188 1951 1235 et
1979 1180 2190 1234 devotio
2219 1179 2433 1235 mentis.
2475 1178 2610 1246 Quia
2644 1177 2787 1234 enim
2824 1179 2960 1235 adeo
2989 1181 3105 1234 ista:
3133 1191 3335 1238 sanctte

1741 1268 2014 1325 mulieres
2043 1269 2263 1324 fuerunt
2303 1269 2358 1324 in
2387 1269 2609 1325 Clu-isto
2653 1269 2874 1324 fervida:
2915 1275 2968 1324 et
3004 1270 3233 1337 devotze,
3279 1280 3333 1327 et
3409 1318 3422 1332 .

1758 1361 2015 1432 angelum
2075 1361 2277 1425 videre,
2318 1369 2369 1416 et
2411 1359 2481 1416 ab
2527 1374 2593 1416 eo
2623 1361 2821 1431 iuvari,
2853 1369 2906 1417 et
2956 1363 3246 1428 consolari,
3279 1373 3334 1420 et

1754 1453 1957 1509 erudiri
1991 1461 2322 1509 meruerunt.
2365 1454 2504 1510 llinc
2545 1454 2819 1509 discamus
2866 1462 2920 1508 et
2964 1469 3080 1522 nos,
3134 1456 3334 1513 fratres

1757 1544 1885 1608 mei,
1937 1541 2125 1598 fervidi
2173 1553 2293 1600 esse
2343 1545 2394 1599 lu
2445 1543 2660 1600 Christo
2687 1552 2742 1598 et
2771 1543 2969 1608 devoti,
3001 1549 3058 1598 ut
3087 1545 3335 1600 similiter

1759 1653 1788 1691 a
1825 1638 1931 1692 Deo
1960 1652 2058 1708 per
2084 1637 2306 1707 angelos
2333 1636 2622 1703 consolari,
2665 1636 2840 1706 jnvari
2884 1645 2938 1692 et
2987 1634 3189 1690 erudiri
3223 1649 3336 1692 nte-

1759 1739 1996 1784 reamur.
2024 1721 2143 1784 Odit
2177 1719 2377 1799 quippe
2418 1737 2475 1783 et
2503 1731 2730 1782 nauseat
2759 1727 2899 1782 Deus
2933 1727 3139 1797 tepidos
3167 1733 3217 1780 et
3253 1725 3336 1797 pi-

1758 1833 1902 1895 gros,
1935 1831 1989 1877 ct
2025 1837 2222 1878 arcana
2254 1811 2553 1879 dulcedinis
2579 1835 2690 1878 sua:
2733 1829 2896 1892 atque
2938 1820 3224 1878 suavitatis
3255 1818 3336 1874 eis

63 1921 282 1974 rexisse
303 1883 358 1972 et
386 1916 552 1972 multa
582 1929 807 1988 corpora
838 1924 1156 1972 sanctorum
1200 1918 1291 1986 qui
1320 1918 1652 1974 dormierunt
1685 1883 1731 1947 Β
1760 1931 1865 1974 non
1903 1924 2056 1972 curat
2100 1915 2370 1983 revelare;
2434 1915 2526 1972 sed
2580 1915 2707 1987 qui,
2767 1915 2908 1972 sicut
2957 1913 3172 1976 Daniel,
3213 1921 3338 1967 sunt

61 2009 254 2067 secum
281 2010 570 2065 suscitasse
589 2009 889 2066 credendus
917 2015 1019 2064 est.
1045 2008 1158 2064 Nec
1188 2010 1383 2064 mirum
1412 2005 1454 2064 si
1487 2007 1645 2065 Chri-

61 2111 214 2169 stus,
258 2101 348 2171 qui
395 2100 580 2157 clauso
623 2099 850 2174 virginis
896 2109 1051 2156 utero
1095 2101 1391 2156 moriturus
1426 2101 1654 2170 exierat,

61 2193 402 2251 immortalis
418 2193 594 2250 factus
616 2189 801 2250 clause
823 2194 1071 2265 sepulcro
1093 2195 1312 2257 exierit,
1338 2209 1459 2251 cum
1487 2207 1647 2266 gene-
1726 2217 1730 2220 ·

67 2286 270 2341 raliter
317 2285 494 2342 omnia
538 2284 808 2355 iustorum
845 2287 1242 2357 resurgentium
1293 2299 1518 2356 corpora
1547 2287 1659 2343 sint

65 2377 376 2433 subtilitate
407 2377 693 2442 donanda:
730 2376 800 2434 Ut
827 2377 972 2432 nullo
999 2385 1176 2443 tnuro,
1204 2376 1345 2432 nulla
1388 2375 1658 2434 soliditate

69 2487 107 2526 ιι
140 2483 236 2527 sua
269 2471 510 2540 agilitate
534 2471 753 2526 retineri
785 2471 1002 2526 valeant
1029 2478 1121 2524 aut
1144 2470 1408 2527 Celtiberi.

149 2565 406 2636 Sequitur
449 2577 576 2636 pars
617 2565 874 2632 secunda,
921 2565 974 2619 in
1025 2575 1130 2634 qua
1180 2564 1484 2618 oStendltur
1526 2577 1661 2634 quo-

61 2656 241 2711 modo
269 2656 527 2712 mulieres
553 2665 802 2725 petentes
829 2655 1208 2710 erattdiautur.
1238 2653 1432 2710 Petunt
1460 2655 1660 2725 quippe

63 2745 335 2802 mulieres
353 2745 748 2816 quodammodo
765 2760 884 2800 cum
903 2745 1279 2808 insinuatione,
1299 2757 1420 2799 cum
1443 2745 1657 2801 dictutt:

61 2837 209 2904 Quis
233 2838 444 2894 rescire!
475 2838 622 2893 nobis
644 2837 867 2908 lapidem
891 2837 955 2890 ab
978 2837 1108 2891 ustio
1133 2835 1499 2892 monumenti?
1527 2835 1663 2892 Sunt

53 2932 220 2985 cnim
250 2930 360 2986 duo
394 2945 590 3000 genere
639 2930 978 3001 petitionum.
1007 2929 1262 2997 Quaedam
1301 2923 1508 2985 enim'a
1555 2929 1663 2986 Deo

63 3030 202 3077 sunt
237 3021 290 3076 in
317 3036 376 3077 se
403 3023 587 3093 digna,
619 3029 678 3076 ttt
701 3021 906 3077 directe
931 3030 983 3076 et
1013 3027 1200 3092 aperte
1229 3023 1444 3078 valeant
1475 3023 1661 3093 postu-

65 3114 196 3177 lari,
226 3122 286 3167 ut
311 3115 538 3169 virtutes
563 3117 620 3168 et
654 3127 876 3184 regnum
917 3111 1201 3168 caelorum.
1236 3112 1351 3167 Alia
1377 3123 1507 3168 vero
1535 3120 1663 3170 sunt

63 3205 139 3259 de
164 3203 359 3274 quibus
399 3219 467 3259 ιιιι
523 3205 680 3260 nobis
709 3203 1000 3275 expediant
1039 3203 1371 3274 ignoramus.
1422 3199 1488 3258 Et
1535 3204 1658 3260 ideo

63 3312 182 3352 non
225 3298 455 3362 directe,
506 3296 598 3352 sed
637 3314 762 3353 eum
812 3297 1122 3353 conditione
1165 3297 1248 3351 vel
1298 3297 1658 3355 insinuatione

65 3390 396 3462 postulanda
429 3399 575 3445 sunt.
612 3391 746 3445 Cum
789 3391 1100 3446 conditione
1135 3391 1372 3463 pustulat
1399 3391 1660 3450 Dominus

62 3501 100 3539 a
143 3500 205 3539 se
229 3483 482 3549 (transire
527 3481 751 3538 calicem
780 3484 1085 3554 passionis,
1115 3497 1236 3538 cum
1275 3479 1442 3538 dicit:
1477 3481 1657 3551 Pater,

61 3577 116 3632 si
145 3575 266 3644 ﬁeri
291 3586 478 3645 potest,
511 3583 743 3630 transeat
770 3592 802 3630 a
828 3591 909 3630 me
939 3574 1080 3631 catis:
1117 3576 1250 3629 iste:
1291 3573 1660 3631 Verumtamen

61 3683 178 3721 non
205 3683 319 3720 mea
340 3667 598 3730 uoluntas,
623 3667 714 3721 sed
736 3677 826 3722 tua
848 3667 942 3736 ﬁat
969 3666 1187 3738 (Matth.
1217 3667 1388 3737 xxvi).
1419 3663 1551 3723 Cum
1580 3668 1661 3722 itt-

59 3758 384 3815 sinnatione
432 3761 668 3830 postulat
718 3761 874 3814 beata
923 3759 1086 3830 Virgo
1123 3760 1308 3814 vinum
1361 3759 1413 3814 in
1451 3758 1659 3828 nuptiis

58 3852 213 3919 dari,
239 3867 362 3908 cum
385 3852 553 3909 dicit:
585 3850 776 3908 Vinum
800 3867 903 3908 non
925 3853 1110 3907 habent
1141 3851 1322 3924 (.Ioan.
1354 3851 1436 3920 ιι).
1465 3849 1664 3906 Simili-

57 3953 155 4003 ter
175 3959 306 4000 cum
337 3945 704 4002 insinuatione
727 3945 999 4017 postulant
1017 3945 1303 3999 sanitatem
1321 3942 1527 3998 Lazaro
1545 3941 1663 3998 duri

51 4049 291 4095 sorores
321 4035 457 4105 eius,
503 4051 626 4090 cum
655 4035 874 4090 dicunt:
905 4035 1142 4102 Domine,
1173 4047 1289 4089 ecce
1326 4045 1477 4106 quem
1515 4047 1664 4089 amas

47 4131 380 4202 inﬁrmatur
419 4127 602 4200 (Ioan.
631 4129 728 4201 st).
769 4129 886 4186 Non
915 4129 1060 4184 enim
1092 4137 1280 4198 aperte
1311 4137 1504 4198 rogant
1534 4139 1659 4182 eutn

41 4221 281 4283 sanari,
314 4223 513 4292 quippe
538 4220 922 4278 neseientesan
955 4222 1058 4277 hoc
1085 4220 1386 4291 expediret,
1422 4219 1514 4276 sed
1544 4226 1662 4275 tatto

40 4331 188 4375 ttnn
243 4317 484 4373 dolorem
518 4318 954 4388 desideriumque
997 4325 1151 4372 suum
1199 4317 1510 4371 ostendunt.
1549 4313 1652 4382 Qui

32 4413 218 4470 enim
272 4426 424 4466 suam
457 4413 836 4484 necessitatem
881 4410 1138 4475 ostendit,
1175 4409 1309 4464 satis
1340 4409 1505 4479 'petit.
1565 4407 1658 4462 Est

27 4517 204 4576 ergo
233 4517 298 4556 ac
320 4501 364 4557 si
386 4503 626 4558 dicerent
651 4515 666 4558 :
693 4511 932 4558 nostram
961 4501 1342 4557 necessitatem
1366 4499 1538 4568 vides,
1571 4499 1665 4555 sed

1758 2011 2087 2069 desiderium
2118 2010 2219 2066 vi'ri
2245 2009 2408 2080 (Dan.
2439 2009 2542 2082 ιιι),
2597 2025 2627 2064 a
2670 2010 2779 2066 Deo
2823 2018 3098 2065 merentur
3145 2005 3339 2062 illumi-

1757 2106 1900 2164 nari.

1829 2198 2088 2270 Sequitur
2127 2207 2254 2268 pars
2289 2181 2469 2261 tertia,
2511 2195 2564 2250 lu
2589 2209 2692 2266 qua
2719 2201 2922 2250 sanctte
2951 2193 3203 2251 mulieres
3242 2205 3340 2248 an-

1759 2292 1935 2366 gelum
1975 2292 2180 2353 vident,
2209 2300 2262 2347 et
2293 2291 2358 2346 ab
2388 2305 2452 2344 eo
2482 2289 2828 2345 consolantur
2875 2289 3078 2358 pariter
3117 2295 3170 2342 et
3211 2299 3338 2342 eru-

1760 2385 2002 2446 diuntur.
2035 2388 2157 2438 c'uut
2189 2383 2477 2439 subditur:
2509 2377 2576 2435 Et
2604 2382 2920 2434 introeunte:
2955 2380 3011 2434 in
3035 2385 3340 2432 monumen-

1760 2483 1870 2530 tant
1894 2515 1909 2540 ,
1945 2474 1996 2528 ld
2025 2481 2107 2528 est
2139 2475 2192 2528 io
2227 2471 2602 2528 domttttculam
2633 2470 2687 2526 in
2735 2479 2838 2540 qua
2872 2478 2990 2526 erat
3023 2479 3341 2524 monuuteno

1765 2575 1896 2630 tum,
1945 2567 2186 2621 uiderunt
2224 2565 2498 2638 jurenem,
2543 2565 2803 2620 sedentem
2851 2563 2906 2617 in
2941 2562 3158 2628 dextris,
3213 2573 3339 2615 too-

1761 2671 1964 2732 perium
2019 2659 2153 2715 stola
2217 2659 2465 2726 candida,
2497 2667 2544 2712 et
2576 2655 2978 2728 obstupuerunt,
3008 2663 3112 2710 etc.
3146 2653 3338 2720 Porro,

1764 2755 1960 2808 fratres
2008 2752 2136 2816 mel,
2179 2750 2400 2822 angelus
2445 2748 2535 2822 qui
2581 2749 2661 2805 sic
2709 2747 3031 2818 apparebat,
3060 2745 3115 2800 in
3162 2746 3342 2816 seipse

1764 2844 2193 2908 tletuottSIrabat,
2218 2853 2270 2899 et
2299 2841 2475 2913 quatis
2499 2852 2621 2897 erat
2650 2839 2738 2896 ille
2763 2841 2922 2913 quem
2950 2843 3172 2895 ‘venerat
3205 2847 3342 2893 nun-

1765 2935 1924 3000 tiare,
1950 2943 2003 2992 et
2032 2937 2218 3007 quales
2245 2934 2428 2990 tldeles
2467 2931 2634 2988 futuri
2675 2934 2785 2989 sint
2831 2931 2882 2987 in
2927 2929 3341 2987 resurrectione.

1762 3027 2025 3098 Apparuit
2075 3027 2218 3082 enim
2265 3037 2371 3081 non
2419 3033 2574 3096 puer,
2620 3033 2726 3081 tlth
2759 3021 3339 3093 senex,setljttvenis;

1765 3121 2019 3192 quoniam
2053 3117 2381 3175 resurrectio
2407 3117 2460 3173 in
2487 3123 2648 3173 :ctate
2678 3114 2914 3187 perfecta
2955 3123 3010 3173 et
3038 3115 3091 3172 in
3125 3111 3344 3172 Christo

1760 3211 1871 3282 iam
1893 3221 2008 3268 erat
2037 3211 2328 3276 celebrata,
2353 3217 2408 3266 et
2433 3209 2484 3264 in
2510 3207 2664 3265 nobis
2685 3217 2802 3265 erat
2823 3206 3166 3264 celebranda.
3191 3204 3345 3263 Unde

1762 3303 2094 3376 Apostolus:
2135 3301 2329 3366 Donec,
2369 3299 2572 3372 inquit,
2605 3313 2940 3356 occurramus
2984 3299 3033 3354 ei
3075 3299 3131 3355 in
3173 3299 3344 3354 uirum

1761 3398 2071 3470 perfectum,
2106 3394 2160 3452 in
2202 3407 2493 3451 mensuram
2542 3393 2711 3449 tetatis
2759 3391 3102 3463 plenitudinis
3148 3387 3344 3444 Christi

1763 3488 1983 3562 (Ephes.
2019 3489 2116 3559 tv).
2157 3485 2417 3558 Apparuit
2471 3487 2526 3540 et
2570 3483 2794 3547 sedens,
2827 3481 3079 3552 quoniam
3106 3481 3344 3550 quietem

1765 3579 2182 3640 resurrectionis
2229 3577 2538 3644 nuntiabat,
2587 3591 2685 3648 per
2714 3579 2875 3647 'quattt
2915 3575 3027 3646 iam
3079 3574 3346 3645 regnabat

1766 3676 2031 3737 Christus.
2078 3679 2133 3730 et
2162 3685 2258 3729 nos
2299 3681 2512 3743 qdoque
2542 3667 2818 3740 regnaturi
2854 3675 3063 3723 sumus.
3104 3663 3345 3722 Sedebat

1763 3782 1970 3837 autem,
1995 3766 2147 3840 iuxta
2180 3763 2512 3831 Mattbaeum,
2540 3777 2703 3834 super
2728 3761 2957 3836 lapidem
3008 3760 3342 3818 montnnenti

1768 3859 1986 3935 (Matth.
2035 3863 2228 3932 xxvtu)
2257 3902 2272 3926 ,
2321 3859 2577 3931 quoniam
2635 3857 2784 3913 illum
2833 3855 3195 3929 praedicabat,
3236 3856 3343 3926 qui

1766 3957 1977 4028 poadus
2008 3957 2198 4010 mortis
2225 3961 2279 4010 et
2306 3953 2358 4008 in
2388 3951 2573 4020 sejam
2604 3960 2974 4022 superaverat,
3007 3957 3060 4005 et
3103 3946 3156 4003 in
3187 3943 3344 4004 nobis

1768 4045 1821 4103 lu
1876 4045 2271 4101 resurrectione
2315 4051 2670 4113 superaturus
2713 4049 2852 4096 erat.
2888 4038 3042 4096 Unde
3083 4037 3222 4094 idem
3249 4051 3346 4108 per

1765 4141 1961 4198 Decum
1993 4137 2277 4210 prtedisit:
2312 4134 2357 4192 Ο
2392 4149 2552 4200 mors,
2595 4147 2684 4188 ero
2712 4147 2852 4188 mors
2883 4142 2974 4187 tua
3017 4129 3163 4200 (Ose.
3198 4129 3343 4202 stu).

1766 4234 2032 4306 Apparuit
2053 4231 2216 4288 etiam
2257 4231 2312 4286 in
2343 4229 2574 4293 dextris,
2602 4227 2853 4298 quoniam
2885 4221 3034 4280 illum
3066 4223 3347 4280 nuntiabat

1768 4327 1860 4399 qui
1886 4325 1996 4394 iam
2036 4324 2090 4380 in
2120 4324 2342 4379 dextera
2377 4329 2594 4376 αξιοι-ηπ
2625 4318 2978 4374 beatitudinis
3019 4316 3264 4382 sedebat,
3293 4323 3349 4370 et

1767 4402 1867 4476 nos
1893 4417 1947 4474 in
1970 4417 2174 4490 judicio
2210 4417 2275 4472 ad
2303 4415 2581 4474 dexteram
2621 4429 2772 4472 suam
2819 4411 3180 4469 collocaturus
3209 4416 3346 4462 erat.

1766 4510 2032 4582 Apparuit
2072 4523 2288 4580 quoque
2332 4515 2621 4578 coopertus
2664 4505 2798 4564 stola
2839 4501 3089 4567 candida,
3121 4499 3249 4570 quia
3280 4495 3348 4552 il-

26 4611 140 4661 ttl.
186 4593 436 4658 Domine.
465 4595 556 4666 qui
587 4595 764 4650 omnia
799 4595 960 4660 nosti,
991 4594 1074 4650 fac
1099 4596 1243 4665 quod
1272 4595 1380 4650 scis
1409 4592 1666 4664 expedire
1694 4619 1742 4686 ο
1768 4599 1878 4657 lum
1905 4602 2256 4672 przedicabat,
2297 4601 2390 4672 qui
2431 4599 2544 4671 iam
2587 4599 2728 4680 stola
2778 4593 3203 4653 immortalitatis
3231 4597 3350 4686 erat

27 4686 253 4747 tmhis.
283 4685 394 4740 iloe
417 4687 575 4740 modo
595 4691 783 4756 petunt
807 4693 861 4742 et
886 4686 968 4741 ltze
997 4685 1253 4741 mulieres
1281 4697 1404 4738 eum
1434 4683 1661 4738 dicunt:

27 4779 208 4848 Quis
232 4779 449 4832 resoluet
478 4780 621 4833 nobis
642 4779 869 4848 lapidem
907 4779 972 4832 ab
989 4779 1126 4834 ostio
1148 4776 1513 4832 monumenti?
1540 4769 1674 4830 Era‘

27 4872 286 4946 quippe,
332 4871 513 4924 subdit
560 4872 915 4940 evangelista,
944 4887 1167 4942 magnus
1210 4868 1380 4933 valde,
1423 4875 1480 4924 et
1506 4877 1670 4938 quem

27 4961 404 5020 restrinarum
453 4962 705 5016 debilitas
750 4975 856 5017 non
884 4965 1089 5033 {posset
1117 4969 1388 5016 amovere.
1441 4959 1506 5012 Et
1539 4958 1667 5029 quia

29 5067 272 5122 magna
311 5061 430 5105 erat
455 5067 641 5107 earnm
680 5051 920 5118 dormio,
972 5063 1028 5110 et
1073 5053 1263 5124 petitio
1294 5053 1379 5124 pia
1411 5051 1664 5107 exaudiri

29 5154 340 5205 meretur.
371 5143 524 5200 Untle
549 5154 603 5199 et
635 5146 923 5200 subditur:
960 5137 1026 5199 Et
1059 5145 1397 5215 respicientes
1423 5143 1662 5198 uiderunt

30 5235 371 5296 revolutum
401 5236 646 5306 lapidem.
679 5237 1017 5293 Postulatum
1045 5251 1177 5307 ergo
1218 5236 1298 5291 eis
1331 5235 1668 5302 conceditur,

33 5343 176 5385 non
241 5335 424 5382 tamen
477 5343 540 5380 ea
597 5327 893 5382 intentione
953 5341 1059 5398 qua
1107 5326 1500 5396 postulabatur.
1559 5326 1668 5383 illa:

49 5417 218 5471 enim
270 5416 614 5487 postulabant
663 5418 894 5488 lapidem
952 5418 1228 5481 amoveri,
1283 5427 1342 5472 ut
1391 5428 1667 5473 mortuum

51 5517 370 5579 ungerent.
405 5508 564 5580 Lapis
595 5525 723 5564 vero
768 5511 886 5581 ideo
925 5521 1165 5565 remotus
1199 5518 1301 5573 est,
1339 5517 1396 5564 ut
1431 5524 1663 5566 vacuum

52 5602 328 5656 videntes
350 5611 782 5672 monumentum,
813 5601 1088 5656 Christum
1118 5600 1482 5656 resurrexisse
1509 5601 1669 5656 intel-

53 5694 270 5766 ligasti.
309 5693 416 5749 Per
443 5709 602 5766 quem
633 5703 812 5751 autem
841 5697 940 5752 istc
969 5695 1108 5766 lapis
1137 5704 1376 5749 remotus
1404 5694 1494 5760 sit,
1535 5693 1669 5749 blat-

56 5791 253 5846 tltmus
284 5791 546 5862 exponit:
593 5790 729 5859 Quia
778 5791 994 5861 angelus
1038 5791 1248 5846 Domini
1289 5790 1557 5844 descendit
1603 5791 1667 5848 de

49 5888 227 5958 celo,
269 5897 326 5948 et
353 5889 604 5948 accedens
647 5889 864 5948 revolvit
912 5889 1139 5959 lapidem
1179 5886 1396 5960 (Matth.
1445 5894 1664 5957 uult).

1776 4695 2024 4760 vestitus,
2055 4703 2110 4750 et
2154 4694 2206 4750 in
2257 4693 2363 4750 ilne
2404 4707 2532 4748 suos
2576 4701 2695 4748 erat
2740 4690 3056 4745 vcstiturns.
3087 4682 3351 4756 Apparuit

1777 4786 1834 4842 in
1867 4785 2004 4842 stola
2051 4783 2302 4853 candida,
2336 4799 2441 4840 non
2470 4783 2612 4854 quod
2640 4781 2784 4838 cives
2809 4789 3026 4837 :eteruat
3051 4777 3242 4850 patria:
3264 4775 3347 4830 in-

1775 4876 1994 4948 digeant
2019 4876 2226 4942 vestiri,
2251 4874 2345 4931 sed
2379 4883 2439 4930 ιιι
2470 4873 2810 4946 splendorem
2836 4879 2890 4926 et
2931 4883 3042 4926 sua:
3068 4878 3120 4924 et
3151 4875 3351 4923 nostra

1727 4979 1730 4984 ·
1775 4965 2092 5025 festivitatis
2126 4969 2521 5023 demonstraret
2549 4965 2601 5019 in
2633 4963 2888 5019 candore.
2919 4959 3119 5016 Christi
3149 4958 3352 5029 quippe

1723 5093 1727 5098 -
1773 5059 2104 5117 resurrectio
2149 5063 2204 5114 et
2241 5071 2339 5113 nos
2373 5057 2440 5112 ad
2492 5054 2851 5110 :eternitatem
2884 5049 3116 5115 reduxit,
3158 5055 3214 5103 et
3254 5061 3351 5102 sn-

1723 5173 1726 5176 ’
1772 5153 1999 5224 gelicam
2051 5150 2261 5208 ruinam
2314 5147 2657 5214 restauravit,
2699 5156 2754 5202 et
2795 5146 3039 5215 utrisque
3066 5140 3226 5199 simul
3264 5155 3353 5198 so-

1771 5241 1969 5303 lemnia
2019 5240 2211 5312 gaudia
2257 5242 2310 5296 in
2354 5247 2613 5296 mternum
2655 5236 2972 5292 cumulavit.
3015 5233 3146 5288 Erat
3179 5232 3349 5299 enim,

1771 5345 1832 5392 ut
1857 5337 1937 5390 ait
1980 5333 2286 5398 Matthteus,
2333 5339 2570 5401 aspectus
2616 5327 2728 5399 ejus
2778 5329 2909 5382 sicut
2939 5325 3156 5396 '[uigur,
3201 5323 3356 5378 uesti-

1770 5437 1944 5484 menta
1973 5437 2142 5482 autem
2165 5427 2277 5496 ejus
2300 5426 2436 5480 sicut
2461 5426 2550 5478 nia:
2575 5421 2790 5493 (Matth.
2818 5421 3035 5492 xxvnt).
3063 5421 3115 5474 lu
3144 5417 3356 5488 fulgere

1769 5521 1912 5576 enim
1943 5519 2120 5573 vultus
2148 5517 2340 5572 terruit
2367 5515 2620 5572 custodes
2640 5555 2654 5578 ,
2683 5523 2739 5568 et
2762 5513 2815 5567 in
2839 5510 3071 5568 candore
3106 5508 3354 5564 consola-

1774 5619 1861 5665 tus
1885 5619 1970 5666 est
2001 5607 2274 5664 mulieres.
2303 5606 2359 5661 In
2383 5621 2490 5677 quo
2521 5614 2576 5659 et
2605 5604 2735 5658 illud
2769 5604 3192 5665 demonstratur,
3219 5611 3353 5669 quo-

1770 5703 1914 5761 niam
1950 5703 2060 5768 ille,
2105 5713 2264 5772 quem
2317 5698 2622 5762 nuntiabat,
2655 5699 2774 5752 er'at
2805 5695 3036 5762 ,luturus
3067 5694 3120 5748 in
3147 5687 3354 5760 judicio

1771 5794 2032 5852 terribilis
2079 5789 2355 5865 reprobis,
2397 5799 2454 5846 et
2497 5789 2728 5846 blandus
2754 5785 2938 5856 iustis.
2989 5781 3358 5840 Consolantur

1769 5897 1951 5945 autem
1980 5884 2238 5944 mulieres
2269 5885 2340 5942 ab
2362 5880 2572 5954 angelo,
2607 5893 2732 5939 eum
2775 5879 2856 5935 eis
2893 5876 3135 5936 dicitur:
3174 5873 3355 5931 Notite
