3822 6316
539 358 677 416 istis

1486 355 1824 414 ADDENDA.
1866 385 1934 398 —-
1962 351 2306 412 RADULPHI
2362 353 2703 412 ARDENTIS

537 491 887 547 expavescere.
918 473 1083 542 Quasi
1125 474 1311 531 dicat:
1346 474 1584 529 Paveant
1614 472 1704 544 qui
1742 471 1980 528 coelestia
2008 486 2111 524 non
2140 474 2186 531 Α
2218 469 2311 533 nis,
2351 469 2563 525 Domini
2612 467 2871 523 accedere
2914 467 3063 538 digni
3117 474 3266 531 sunt,
3298 475 3359 522 ut
3388 468 3571 526 scilicet
3602 474 3688 538 illum

538 582 740 633 aumnt,
772 587 864 624 vos
898 588 1022 623 vero
1051 571 1177 638 quid
1217 570 1433 632 timetis,
1464 584 1583 637 qua:
1623 569 1873 623 concives
1901 576 2109 623 vestros

539 662 766 717 videtis?
789 664 1125 717 Illsll'llllliltll‘
1151 678 1384 732 quoque,
1414 677 1533 715 cum
1562 661 1640 716 eis
1664 661 1898 716 dicitur:
1928 661 2109 717 Jesum

537 756 769 827 quwritis
818 753 1151 809 Nazarenam
1204 754 1550 823 cruciﬁxum;
1594 754 1844 816 surrexit,
1888 771 1988 807 non
2035 763 2112 809 est

540 850 643 903 hic.
678 847 812 914 Quia
844 864 1073 917 namque
1106 846 1254 900 multi
1290 847 1648 915 nuncupatim
1680 846 1809 900 dicti
1858 858 1985 901 sunt
2024 845 2115 903 Je-

541 957 653 1005 sus,
684 941 1076 995 determinatur
1122 954 1217 1009 per
1256 939 1430 993 locum
1461 956 1583 994 eum
1624 940 1842 995 additur
1872 938 2113 994 Nazare-

542 1050 688 1095 num,
717 1042 770 1085 et
798 1046 894 1100 per
917 1045 1134 1084 causam
1167 1045 1288 1085 cum
1326 1030 1594 1097 subditur,
1622 1032 1958 1096 cruciﬁxum,
1990 1048 2111 1086 sur-

546 1123 701 1190 rexit,
736 1139 834 1175 non
872 1131 941 1174 est
965 1121 1065 1175 llic.
1101 1120 1273 1175 Radix
1304 1137 1487 1177 amara
1535 1123 1714 1178 crucis
1741 1125 1981 1187 evanuit,
2021 1123 2116 1179 llos

542 1229 666 1269 cum
713 1213 975 1267 fructibus
1005 1214 1203 1282 erupit,
1233 1213 1486 1283 quoniam
1524 1217 1613 1284 qui
1643 1215 1694 1270 in
1728 1226 1902 1271 morte
1924 1216 2114 1287 jacuit,

543 1310 595 1363 in
640 1305 805 1375 gloria
849 1306 1162 1360 resurrexit.
1207 1306 1341 1360 Ecce
1375 1306 1519 1361 locus
1558 1308 1643 1360 ubi
1664 1318 1948 1376 posuerunt
1974 1323 2113 1362 enm.

538 1395 859 1456 Ostenditur
888 1396 1036 1451 locus
1078 1397 1265 1452 mortis
1292 1412 1493 1453 vacuus
1534 1399 1870 1465 mortalibus,
1904 1409 1963 1452 ut
1996 1400 2121 1454 inde

546 1487 837 1542 habeamus
877 1489 928 1543 in
957 1488 1111 1543 nobis
1141 1504 1316 1559 spem,
1348 1498 1401 1545 et
1425 1505 1647 1559 agamus
1682 1490 1791 1545 Deo
1826 1492 2120 1561 gratiarum

544 1580 835 1636 actionem.

616 1670 872 1742 Sequitur
892 1687 1017 1740 pars
1037 1680 1252 1743 quarta,
1268 1673 1321 1727 in
1345 1688 1449 1743 qua
1474 1674 1726 1730 mulieres
1749 1675 2036 1731 mittuntur
2056 1676 2122 1732 ad

541 1765 1017 1836 evangelizaudum
1029 1764 1226 1821 Christi
1245 1781 1361 1821 resu
1371 1766 1838 1832 rrcCtiouem,cum
1852 1768 2120 1826 subditur:

545 1856 652 1914 Sed
682 1860 773 1924 ἔμε,
810 1859 965 1912 dicite
987 1858 1257 1930 discipulis
1284 1869 1330 1913 et
1356 1857 1514 1913 Petro
1540 1861 1663 1929 quia
1682 1862 1935 1929 pra'cedet
1964 1878 2048 1915 nos
2072 1863 2126 1915 in

546 1951 845 2009 Galilaeam.
861 1952 1010 2008 Sicut
1025 1967 1120 2023 per
1139 1953 1413 2008 mulierem
1434 1967 1577 2007 mors
1594 1954 1709 2007 viro
1726 1955 2000 2023 propinata
2023 1964 2126 2021 est,

548 2043 620 2099 ita
664 2059 805 2099 nunc
846 2060 939 2113 per
992 2042 1233 2099 eamdem
1287 2045 1634 2115 opprobrium
1689 2044 1873 2116 prima:
1932 2047 2123 2102 matris

548 2134 668 2189 ista:
690 2146 892 2190 sancire
917 2134 1168 2190 mulieres
1196 2135 1459 2193 delevere.
1493 2136 1631 2191 Sunt
1658 2146 1835 2191 autem
1869 2137 1985 2193 ista:
2013 2154 2131 2193 tnu-

548 2227 707 2284 licres
740 2242 848 2297 prte
877 2227 1086 2282 caeteris
1109 2228 1480 2299 privilegiatze,
1507 2230 1632 2299 quia
1663 2228 1729 2283 ad
1753 2230 2130 2300 evangelizan-

546 2318 672 2377 dum
695 2320 1175 2390 ipsiscvangelistis
1187 2320 1384 2375 Christi
1409 2322 1857 2378 resurrectionem
1878 2324 2131 2394 primitus

546 2421 673 2467 sunt
688 2412 881 2468 micam.
896 2412 1027 2466 Cum
1046 2423 1225 2467 autem
1240 2411 1385 2468 dicat
1399 2413 1709 2483 Apostolus:
1725 2414 1937 2469 Mulieri
1950 2417 2132 2471 docere

549 2504 603 2558 iu
623 2504 853 2559 Ecclesia
888 2521 991 2558 non
1010 2505 1249 2571 permitto
1278 2504 1326 2573 (1
1359 2503 1494 2559 Tim.
1526 2506 1622 2574 tt):
1654 2507 1771 2560 istae
1794 2509 1955 2562 etiam
1984 2508 2132 2579 ipsos

550 2595 799 2651 doctores
842 2595 1170 2659 docuerunt,
1204 2594 1343 2649 unde
1373 2604 1427 2649 ct
1457 2596 1710 2665 apostola:
1758 2598 2127 2666 apostolorum

554 2690 852 2762 tmncnpari
895 2698 1137 2760 possunt.
1169 2688 1358 2757 Dicite,
1392 2690 1589 2760 inquit,
1621 2690 1897 2761 discipulis
1936 2692 2051 2761 ejus
2081 2701 2130 2746 et

553 2779 733 2836 Petra.
782 2780 976 2837 Petrus
1020 2789 1243 2836 vocatur
1286 2796 1352 2836 ex
1395 2782 1634 2847 nomine,
1666 2797 1732 2837 ne
1758 2784 2027 2852 ,‘desperet
2064 2799 2130 2839 ex

554 2873 861 2944 negatione.
906 2872 1017 2928 Nisi
1044 2872 1187 2927 enim
1215 2888 1336 2928 eum
1371 2872 1589 2943 angelus
1612 2873 1959 2943 exprimeret,
1991 2879 2131 2929 inter

555 2962 847 3032 discipulos
898 2962 1082 3017 venire
1127 2976 1232 3017 non
1280 2962 1522 3017 auderet.
1576 2964 1655 3020 Ex
1710 2979 1901 3035 magna
1952 2972 2130 3021 autem

556 3053 956 3124 dispensatione
1007 3052 1261 3107 Dominus
1317 3053 1613 3123 principem
1661 3055 2025 3123 apostolorum
2071 3071 2130 3112 se

518 3194 519 3199 η
556 3161 756 3219 negare
794 3145 1058 3217 permisit,
1096 3154 1153 3200 nt
1189 3144 1391 3200 scilicet
1424 3155 1478 3199 et
1504 3146 1616 3217 ipse
1644 3145 1695 3199 in
1721 3160 1817 3201 sua
1864 3146 2018 3216 culpa
2050 3146 2130 3202 di-

520 3284 521 3287 η
556 3238 1018 3311 sceretquomodo
1051 3238 1172 3293 aliis
1194 3238 1435 3292 misereri
1468 3246 1523 3292 et
1551 3238 1780 3309 compati
1806 3237 2047 3305 deberet,
2080 3247 2135 3296 et

518 3360 521 3361 ν
560 3334 613 3389 in
654 3333 805 3404 lapsu
840 3332 1098 3403 principis
1146 3332 1509 3402 apostolorum
1557 3332 1807 3387 timerent
1840 3342 2133 3402 quantum-

556 3440 768 3497 cunque
791 3426 1107 3492 sanctiores,
1140 3436 1193 3481 et
1226 3425 1279 3479 in
1318 3422 1434 3491 ejus
1469 3434 1753 3494 sperarent
1793 3427 2135 3484 restitutione

558 3508 1037 3591 quantumcunque
1077 3528 1413 3590 peccatores.
1464 3517 1733 3576 Pt'i‘ecedel
1779 3538 1889 3588 vos,
1934 3521 2133 3592 inquit,

558 3614 615 3668 in
656 3610 956 3668 Galilaeam.
995 3610 1128 3665 Cum
1181 3610 1233 3665 iu
1267 3610 1512 3680 pluribus
1556 3612 1688 3668 locis
1730 3614 1851 3669 aliis
1880 3614 2136 3671 Dominus

561 3705 871 3776 apparuerit
912 3703 1061 3774 prius
1085 3702 1364 3774 discipulis
1386 3745 1400 3769 ,
1442 3720 1611 3773 quare
1640 3705 1902 3761 Dominus
1932 3707 1997 3761 de
2024 3706 2138 3764 sola

561 3798 777 3855 Galil-aea
811 3797 1057 3869 loquens,
1093 3806 1146 3851 et
1177 3813 1272 3867 per
1320 3812 1379 3851 se
1424 3808 1479 3852 et
1526 3814 1622 3869 per
1658 3799 1879 3870 angelos
1912 3800 2050 3857 dixit
2080 3818 2139 3860 se

564 3889 855 3961 discipulos
893 3903 1022 3944 suos
1055 3888 1104 3943 iu
1133 3888 1355 3947 Galiltea
1397 3906 1808 3960 prmcessurum.
1847 3892 1983 3949 Tum
2013 3896 2139 3967 quia

565 3982 637 4039 ibi
687 3982 991 4054 generalius
1045 3992 1102 4037 et
1153 3982 1489 4037 manifestius
1545 3986 1799 4042 omnibus
1865 3988 2142 4058 discipulis

564 4074 677 4131 suis
702 4077 970 4146 apparuit,
1005 4083 1114 4131 tmn
1140 4074 1266 4146 quia
1293 4074 1511 4132 Galilaea
1539 4078 1928 4149 interpretatur
1970 4090 2145 4137 trans-

566 4166 808 4235 migratio
826 4165 1015 4245 J‘acta.
1058 4164 1306 4221 Christus
1354 4177 1529 4222 autem
1571 4167 1682 4237 jam
1727 4184 1757 4224 a
1790 4172 2040 4241 passione
2075 4175 2143 4228 ad

568 4259 1040 4322 resurrectionem.
1077 4275 1106 4313 a
1146 4269 1318 4315 morte
1357 4261 1422 4314 ad
1452 4260 1638 4324 vitam,
1672 4276 1700 4314 a
1732 4276 1890 4331 pcena
1924 4263 1991 4316 ad
2021 4262 2143 4333 glo-

568 4351 704 4407 riam
736 4351 1237 4423 transmigraverat.
1268 4352 1373 4408 Sed
1412 4353 1637 4423 apostoli
1683 4356 1976 4424 cteterique
2015 4356 2146 4412 lide-

570 4443 669 4512 les,
711 4446 884 4515 ipsum
927 4454 1238 4516 sequentes,
1288 4461 1412 4502 eum
1462 4447 1818 4519 glorilicatum
1864 4450 2142 4519 videbunt,

569 4540 661 4610 qui
693 4555 837 4595 nunc
871 4556 899 4594 a
933 4539 1080 4595 vitiis
1109 4540 1175 4595 ad
1206 4539 1455 4606 virtutes,
1487 4557 1514 4596 a
1548 4544 1781 4600 terrenis
1805 4546 1872 4599 ad
1897 4545 2139 4603 caelestia

572 4631 980 4702 trausmigrant.
1011 4631 1119 4689 Nos
1159 4633 1360 4703 itaque,
1399 4634 1620 4701 fratres,
1654 4652 1797 4693 nunc
1830 4653 1861 4692 a
1893 4639 2038 4695 vitiis
2070 4639 2139 4696 ad

570 4722 817 4785 virtutes,
870 4738 899 4775 a
956 4724 1185 4779 terrenis
1239 4724 1304 4777 ad
1355 4724 1597 4779 cmlestia
1653 4736 2036 4795 transeamus,
2084 4740 2145 4786 ut

572 4812 742 4885 ipsum
794 4813 845 4868 in
886 4813 1054 4885 gloria
1084 4830 1180 4869 sua
1223 4813 1614 4882 glorificatnm,
1648 4815 1932 4886 glorificati
1960 4829 2013 4874 et
2042 4820 2145 4890 ipsi

572 4903 926 4973 contemplari
958 4902 1567 4960 mereamurMoraliter
1588 4916 1888 4978 autem.per
1916 4909 2014 4965 has
2038 4918 2148 4965 tres

574 5008 789 5053 sanctas
834 4997 1117 5061 mulieres,
1162 4997 1357 5053 fratres
1407 4998 1743 5067 charissimi,
1802 5002 2145 5069 instrnimur,

574 5091 665 5161 qui
692 5089 924 5160 quamlo,
946 5104 1067 5143 cum
1090 5089 1308 5158 quiluis,
1339 5101 1392 5145 et
1414 5091 1644 5160 qualiter
1674 5093 1741 5148 ad
1772 5094 1995 5149 calicem
2026 5111 2150 5151 cor-

577 5184 725 5253 poris
755 5192 809 5235 et
852 5180 1132 5250 sanguinis
1167 5179 1366 5236 domini
1395 5184 1657 5239 accedere
1692 5185 2004 5243 debeamus.
2045 5186 2152 5243 Per

578 5275 802 5331 calicem
832 5272 1029 5344 quippe
1056 5275 1383 5346 sepulcrum,
1413 5276 1548 5347 lapis
1574 5280 1823 5348 superior
1860 5296 1957 5350 per
1997 5292 2149 5352 pate-

579 5383 737 5433 nam,
781 5382 875 5438 per
922 5370 1242 5438 corporalia,
1281 5371 1474 5425 sindon
1518 5380 1574 5426 et
1618 5372 1916 5437 sudarium,
1954 5377 2151 5444 quibus

578 5459 827 5516 Christus
866 5460 1137 5516 involutus
1186 5471 1287 5528 est,
1320 5464 1718 5533 exprimuntur.
1768 5466 1867 5533 Qui
1905 5482 2034 5538 ergo
2083 5469 2150 5523 ad

581 5550 885 5623 sepulcrum
938 5552 1122 5607 calicis
1171 5553 1378 5609 Domini
1430 5556 1688 5611 accedere
1733 5556 1984 5624 debeant,
2037 5560 2155 5614 ista;

581 5645 835 5702 mulieres
863 5647 1171 5713 ostendunt,
1222 5663 1342 5718 quae
1373 5648 1439 5703 ad
1475 5659 1883 5705 monumentum
1916 5661 2025 5707 tres
2058 5668 2154 5708 ve-

586 5748 803 5793 nerunt.
834 5737 1180 5794 Solmnmodo
1207 5740 1351 5795 enim
1380 5740 1455 5795 illi
1482 5743 1573 5812 qui
1608 5741 1931 5799 Trinitatem
1964 5744 2069 5799 fide
2102 5754 2157 5800 et

586 5830 831 5887 moribus
860 5829 1203 5900 proﬁtentur,
1234 5832 1302 5891 ad
1327 5831 1549 5891 caiicem
1578 5836 1831 5904 corporis
1859 5844 1914 5893 et
1941 5837 2158 5907 sangui-

2213 576 2372 633 qnem
2404 561 2725 631 suscipiunt,
2742 575 2906 614 unum
2929 559 3093 614 Deum
3121 568 3249 615 ante
3274 560 3462 614 saecula
3484 578 3584 619 cum
3598 565 3691 630 Patre

2213 665 2267 708 et
2292 655 2498 725 Spiritu
2528 663 2737 717 sancto,
2768 665 2821 707 et
2851 654 2903 708 in
2934 665 3178 723 tempore
3204 669 3305 723 pro
3336 654 3486 709 nobis
3512 656 3691 723 hominem

2214 744 2415 800 factum
2463 759 2582 799 esse
2639 746 2823 799 credat
2866 754 3027 815 atque
3076 761 3318 816 passum.
3368 746 3569 814 Quando
3597 755 3693 814 etiam

2214 839 2282 894 ad
2305 837 2528 893 calicem
2555 837 2763 893 Domini
2789 837 3049 893 accedere
3079 838 3397 904 debeamus,
3432 842 3505 894 lue
3534 844 3695 905 mulieres

2216 930 2370 985 nobis
2407 930 2721 993 ostendunt,
2745 945 2864 1000 quas
2890 929 2957 983 ad
2983 940 3395 985 monumentum
3418 931 3608 1002 Domini,
3626 949 3696 996 orto

2217 1020 2347 1081 sole.
2388 1031 2775 1090 pervenerunt.
2829 1020 2938 1076 Nos
2986 1037 3229 1092 quoque,
3281 1021 3491 1088 fratres,
3533 1042 3609 1081 non
3637 1033 3699 1088 nisi

2217 1113 2457 1184 expulsis
2493 1129 2521 1167 a
2554 1115 2717 1168 corde
2752 1123 3059 1168 nostrorum
3116 1114 3372 1168 vitiorum
3419 1117 3614 1173 tenebris
3644 1137 3701 1185 per

2219 1205 2616 1276 paenitentiam,
2666 1214 2743 1271 et,
2793 1204 2905 1259 sole
2954 1205 3215 1260 virtutum
3268 1208 3321 1259 in
3357 1206 3504 1262 nobis
3543 1212 3704 1271 radiante

2220 1312 2316 1367 per
2334 1295 2631 1364 justitiam.
2656 1296 2721 1351 ad
2751 1295 2974 1350 calicem
3001 1295 3214 1350 Domini
3238 1298 3495 1352 accedere
3516 1298 3702 1359 debemus.

2222 1386 2324 1453 Qui
2356 1388 2499 1442 enim
2530 1388 2707 1442 adhuc
2735 1402 2960 1442 manens
2988 1388 3041 1441 in
3075 1388 3319 1443 tenebris
3347 1388 3590 1455 vitiorum,
3616 1395 3709 1450 scili-

2222 1490 2308 1536 cet
2330 1480 2441 1535 odii
2470 1481 2551 1535 vel
2582 1481 2816 1545 invidiae,
2858 1481 2923 1534 ad
2973 1480 3201 1541 calicem
3236 1481 3445 1535 Domini
3469 1485 3648 1549 accedit,
3666 1492 3707 1543 ad

2220 1575 2478 1644 judicium
2501 1591 2656 1629 suum
2685 1576 2913 1631 accedit.
2941 1574 3075 1630 Cum
3106 1576 3307 1645 quibus
3332 1590 3458 1629 vero
3479 1576 3537 1631 ad
3562 1580 3709 1637 calice

2226 1670 2435 1725 Domini
2489 1671 2747 1729 accedere
2808 1672 3142 1736 debeamus,
3202 1672 3286 1727 hae
3342 1673 3575 1729 mulieres
3614 1680 3711 1736 nobis

2227 1764 2559 1827 ostendunt,
2607 1779 2727 1834 qua:
2776 1766 2842 1819 ad
2890 1764 3196 1835 sepulcrum
3248 1764 3493 1829 Domini,
3539 1782 3620 1823 non
3649 1772 3713 1827 nisi

2157 1834 2201 1895 Β
2231 1872 2353 1912 cum
2384 1858 2669 1927 unguentis
2696 1866 2749 1912 et
2777 1834 3114 1914 aromatibns
3136 1870 3502 1914 accesserunt.
3526 1859 3610 1916 Nos
3629 1879 3715 1933 quo-

2231 1960 2356 2015 que,
2398 1947 2593 2003 fratres
2628 1949 2753 2013 mei,
2801 1950 2868 2004 ad
2905 1950 3127 2005 calicem
3159 1952 3408 2021 corporis
3436 1962 3487 2008 et
3526 1956 3718 2026 sanguinis

2232 2037 2464 2103 Domini,
2508 2040 2744 2094 nonnisi
2788 2055 2911 2097 cum
2964 2042 3233 2096 suavitate
3278 2043 3529 2098 bonorum
3566 2061 3715 2115 operum

2230 2137 2285 2183 et
2316 2126 2612 2199 fragrantia
2640 2131 2920 2197 virtutum,
2949 2133 3145 2201 quibus
3198 2133 3368 2189 Deum
3411 2145 3464 2189 et
3498 2138 3719 2205 proximum

2231 2225 2583 2294 delectemur,
2611 2229 2953 2283 accedamus.
2981 2227 3080 2295 Qui
3111 2231 3257 2285 enim
3289 2231 3357 2284 ad
3393 2240 3577 2287 tantum
3598 2249 3721 2289 sacra-

2231 2328 2475 2373 mentum
2524 2319 2703 2390 tepide
2745 2328 2800 2374 et
2844 2320 2967 2376 sine
3004 2322 3445 2391 compnnctione,
3478 2326 3578 2379 sine
3606 2328 3725 2396 suspi—

2233 2406 2350 2475 riis,
2392 2410 2513 2466 sine
2541 2410 2708 2467 odore
2738 2414 3002 2468 orationis
3042 2423 3095 2468 et
3129 2415 3432 2471 devotionis
3461 2421 3648 2484 accedit,
3669 2420 3722 2474 in-

2234 2501 2397 2573 digne
2427 2506 2655 2559 accedit.
2704 2505 2948 2573 Qualiter
2995 2523 3211 2578 quoque
3245 2510 3314 2564 ad
3345 2511 3553 2566 calicem
3579 2513 3725 2570 Domini

2233 2595 2494 2651 accedere
2538 2597 2833 2655 debeamus
2874 2600 2958 2656 lite
3009 2602 3263 2657 mulieres
3295 2603 3452 2658 nohis
3490 2606 3723 2673 ostendunt,

2232 2702 2352 2757 quas
2396 2701 2664 2745 venerunt
2726 2692 2792 2747 ad
2850 2705 3266 2751 monumentum
3307 2706 3429 2751 cum
3480 2697 3727 2765 humilitate,

2236 2779 2368 2835 nihil
2418 2781 2485 2837 de
2533 2798 2593 2839 se
2632 2790 3021 2855 praesumendo,
3072 2791 3165 2845 sed
3218 2792 3727 2861 proprieinlirmitatit

2234 2875 2485 2941 consciae,
2519 2879 2756 2933 divinqu
2807 2882 3067 2937 auxilium
3112 2885 3413 2943 invocando
3450 2898 3500 2942 et
3532 2889 3728 2944 dicendo:

2241 2960 2376 3029 Quis
2404 2966 2621 3022 reuolue!
2647 2969 2793 3024 nobis
2815 2970 3041 3041 lapidem
3064 2974 3128 3028 ab
3156 2976 3290 3030 ostio
3318 2979 3639 3033 monumenti!
3658 2977 3731 3034 Nos

2235 3071 2469 3129 quoque,
2505 3058 2699 3116 fratres
2730 3062 2855 3125 mei.
2885 3065 2951 3119 ad
2985 3065 3211 3121 calicem
3245 3068 3450 3124 Domini
3485 3072 3731 3125 accedamus

2162 3185 2206 3245 ο
2239 3163 2361 3204 cum
2394 3150 2717 3218 humilitate,
2752 3156 2887 3211 nihil
2916 3158 2982 3213 de
3022 3170 3210 3214 nostra
3240 3162 3446 3230 iustitia
3474 3178 3735 3232 prnomen-

2242 3250 2345 3307 tes,
2386 3242 2479 3298 sed
2509 3254 2706 3300 nostra:
2744 3247 3078 3304 infirmitatis
3106 3255 3331 3315 conscii,
3382 3254 3593 3309 divinum
3624 3255 3733 3308 auxi-

2242 3332 2373 3389 lium
2427 3336 2739 3395 invocantes
2783 3350 2838 3395 et
2891 3342 3169 3399 dicentes:
3228 3344 3361 3412 Quis
3402 3348 3593 3402 revolat
3632 3349 3736 3401 nobis

2236 3423 2461 3497 lapidem
2514 3430 2577 3483 ab
2641 3431 2774 3486 ostia
2828 3437 3187 3491 monumenti?
3253 3438 3304 3491 id
3336 3447 3419 3492 est
3471 3438 3570 3508 quis
3630 3439 3737 3493 nobis

2239 3516 2387 3573 dabit
2438 3518 2749 3577 facultatem
2793 3525 3079 3581 accedendi
3129 3542 3265 3597 pure
3314 3530 3378 3582 ad
3418 3545 3590 3598 corpus
3625 3528 3742 3584 Curia

2240 3609 2347 3664 sti?
2400 3609 2560 3679 Quasi
2610 3612 2855 3669 diceret:
2892 3614 3007 3670 Non
3052 3616 3227 3673 virtus
3272 3620 3493 3689 propria,
3536 3620 3623 3674 sed
3659 3619 3741 3687 opi-

2238 3700 2427 3757 tulatio
2466 3704 2664 3759 divina.
2720 3707 2775 3761 Si
2822 3707 2921 3772 sic,
2963 3706 3198 3775 fratres,
3246 3710 3292 3764 si
3335 3711 3409 3766 sic
3446 3712 3653 3781 aginms,
3680 3726 3740 3763 re-

2240 3806 2487 3852 movetur
2521 3797 2680 3870 lapis,
2731 3800 2782 3855 id
2814 3809 2895 3856 est
2952 3801 3257 3869 ditIicultas.
3305 3813 3357 3860 et
3402 3806 3590 3861 dabitur
3622 3806 3739 3859 nobis

2241 3884 2471 3942 facultas
2517 3902 2649 3957 pure
2699 3889 2767 3943 ad
2823 3890 2951 3946 illud
3002 3894 3315 3949 accedendi.
3369 3894 3455 3950 Vel
3492 3907 3619 3950 certe
3656 3896 3743 3964 quis

2242 3979 2465 4034 revolvet
2496 3981 2641 4035 nobis
2688 3981 2917 4051 lapidem
2970 3984 3032 4037 ob
3065 3986 3201 4041 ostio
3247 3988 3573 4041 monumenti?
3610 3988 3654 4040 id
3686 3996 3741 4040 est
3792 4024 3793 4033 η

2242 4073 2366 4142 quis
2392 4073 2599 4142 aperiet
2647 4076 2803 4129 nobis
2849 4075 3264 4145 intelligentiam
3297 4082 3424 4134 tanti
3451 4078 3743 4135 sacramenti?
3792 4070 3793 4073 “

2242 4170 2296 4217 et
2325 4163 2369 4218 si
2409 4164 2512 4234 piis
2552 4165 2803 4235 precibus
2842 4168 3140 4235 instamus,
3174 4173 3349 4226 mittet
3379 4174 3599 4228 Dominus
3641 4188 3742 4224 πτωρ
3792 4216 3793 4243 ξ

2246 4255 2400 4322 tium,
2451 4256 2701 4313 videlicet
2751 4257 3009 4329 Spiritum
3064 4271 3333 4328 sanctum,
3389 4263 3462 4317 vel
3504 4273 3626 4318 certe
3669 4262 3744 4313 ali-

2245 4363 2405 4419 quem
2458 4350 2745 4421 angelum,
2800 4351 2884 4405 vel
2939 4351 3178 4424 aliquem
3240 4364 3510 4417 sanctum,
3554 4354 3671 4407 sicut
3706 4352 3742 4402 in

2249 4440 2387 4498 Vitis
2424 4440 2645 4497 Patrum
2695 4442 2958 4514 legimus,
2990 4446 3110 4515 -qui
3166 4448 3371 4517 aperiet
3420 4447 3554 4502 nobis
3588 4442 3746 4498 intelﬁ-
3792 4440 3793 4503 Ἰ

2172 4552 2223 4613 υ
2247 4536 2479 4605 gentiam
2506 4534 2637 4590 tanti
2660 4538 3104 4595 sacramenti..Et
3129 4539 3273 4594 dicet
3298 4541 3446 4595 nobis
3467 4558 3479 4593 :
3508 4538 3619 4604 Quid
3636 4552 3743 4603 με*

2247 4627 2362 4682 ritis
2385 4627 2624 4697 juvenem
2646 4646 2762 4684 cum
2789 4630 3049 4686 mortuis?
3077 4630 3344 4699 Surrexit,
3367 4650 3461 4686 non
3499 4642 3561 4686 est
3589 4630 3682 4683 hic.
3704 4626 3744 4680 ll

2248 4729 2331 4775 est
2358 4735 2457 4774 cur
2488 4721 2626 4777 inter
2655 4722 2912 4777 mortales
2945 4724 3115 4789 cibos,
3149 4724 3299 4779 illum
3328 4726 3570 4781 caelestem
3590 4734 3739 4792 psam

2250 4810 2528 4881 quaeritis?
2578 4809 2694 4867 Non
2744 4820 2827 4866 est
2875 4812 3031 4868 cibus
3080 4816 3501 4885 corporis,‘nec
3533 4809 3737 4866 descendii

2249 4917 2313 4957 eo
2360 4917 2466 4972 quo
2520 4901 2826 4973 corporales
2870 4903 2981 4958 cibi
3032 4905 3388 4970 descendunt,
3415 4908 3500 4960 sed
3528 4904 3580 4957 ita
3605 4900 3743 4967 βδέω

2250 4996 2483 5051 animam
2533 4993 2791 5066 cujusque
2844 4995 3017 5051 fidelis
3073 4997 3125 5051 in
3190 5007 3371 5062 terra,
3427 4995 3547 5065 quod
3578 4992 3739 5057 inlexe

2251 5095 2530 5158 permanet
2578 5087 2629 5142 in
2678 5086 2831 5143 ctelo.
2880 5087 3085 5158 Itaque,
3128 5087 3327 5145 fratres
3371 5088 3490 5152 mei,
3523 5098 3610 5141 cum
3637 5094 3741 5148 gee-

2254 5180 2384 5236 tidie
2429 5180 2675 5236 Christus
2731 5180 3056 5246 immoletnr,
3118 5181 3413 5254 frangatur,
3462 5186 3635 5233 teratur.
3675 5178 3737 5222 υ·

2253 5288 2375 5329 men
2406 5274 2749 5344 impassibilis
2779 5284 3057 5345 permanet
3098 5276 3153 5331 in
3189 5277 3383 5346 seipse.
3415 5274 3545 5330 Unde
3566 5272 3735 5337 Aposta-

2253 5364 2370 5420 lus:
2395 5364 2640 5421 Christus
2669 5381 2954 5437 resurgens
2975 5383 3042 5421 ex
3067 5368 3293 5423 mortuis
3317 5366 3419 5435 jam
3438 5380 3527 5417 non
3547 5358 3730 5414 niorilﬂ’.

2258 5475 2397 5512 mors
2424 5458 2502 5512 illi
2537 5458 2673 5513 ultra
2705 5477 2807 5513 non
2847 5459 3203 5513 dominabitur
3232 5459 3399 5528 (Rom.
3427 5459 3510 5517 γι).

2256 5564 2387 5620 ergo
2408 5560 2806 5605 sacramentum
2835 5550 3076 5616 corporis
3100 5560 3156 5605 et
3181 5549 3443 5619 sanguinis
3459 5545 3559 5601 Jesu
3578 5536 3725 5631 Clu-2s:

2256 5644 2428 5711 vides,
2451 5653 2672 5709 tractas,
2696 5643 2850 5698 labiis
2878 5644 3066 5708 sentis,
3095 5644 3342 5698 dentibus
3368 5640 3497 5701 teris,
3520 5633 3728 5691 ςςῑιοςεῖλ

2261 5738 2512 5795 Christus
2541 5748 2714 5794 tecum
2750 5750 2829 5795 cst
2855 5739 3227 5810 corporaliter.
3258 5737 3444 5793 Deinde
3466 5748 3547 5789 non
3567 5734 3723 5823 qiffsi

2210 5890 2213 5893 ,
2258 5848 2382 5890 eum
2401 5833 2503 5890 nisi
2529 5832 2579 5887 iu
2602 5832 2758 5907 ctelo,
2777 5847 2874 5888 nec
2902 5833 3091 5891 credas
3114 5846 3235 5888 esse
3257 5842 3416 5890 tecum
3436 5818 3719 5893 corponliiﬁ'»
