3822 6316
600 297 628 310 -α,

84 369 186 427 1857
233 323 257 346 0

707 345 1013 434 bonum
1054 359 1120 417 1N
1157 357 1376 418 EPIST.
1408 358 1498 418 ET
1534 357 1602 416 Et

1708 357 1791 416 lG.
1829 357 2129 420 DOMINIC.
2166 386 2238 404 --
2271 356 2452 416 PARS
2480 356 2522 417 Ι.

3165 317 3301 420 rasa

79 481 154 538 sed
182 484 376 533 tantum
403 472 766 547 spiritualiter.
805 472 958 529 Unde
981 473 1350 544 Augustinus:
1381 472 1449 529 Ut
1476 473 1605 543 quid
1631 484 1681 544 Α
1707 471 1974 542 quievisse
2011 473 2280 529 sciebant.
2314 471 2576 528 Octavum
2613 485 2738 530 vero
2769 480 2979 530 tantum
3011 474 3296 531 dimidium

77 583 212 642 paras
230 567 440 622 dentem
462 574 515 621 et
532 563 802 620 ventrem?
824 566 984 620 crede
1000 574 1054 620 et
1073 564 1409 620 manducasti
1429 562 1560 634 (42).
1582 582 1603 618 s

79 658 298 729 Quoniam
328 666 506 712 autem
535 656 660 712 dum
685 670 873 710 sumus
909 656 962 710 in
994 655 1095 712 hac
1119 655 1253 724 vita,
1284 672 1442 713 nemo
1485 671 1612 726 per-

77 748 196 806 lecte
216 746 345 802 valet
367 748 550 803 videre
578 745 806 817 qualiter
831 745 1100 813 Christus,
1150 763 1272 802 cum
1304 763 1334 802 a
1384 745 1610 818 singulis

75 846 198 896 totus
219 846 474 904 sumatur,
515 845 692 893 tamen
725 837 790 891 ad
815 837 1094 893 dexteram
1129 837 1324 904 Patris,
1369 837 1608 892 indivisi-

76 931 178 990 bilis
206 940 257 986 et
301 931 644 1001 impassibilis
703 931 977 1002 persistet,
1035 942 1182 988 recte
1228 946 1512 987 monemur
1541 931 1609 985 ab

74 1021 253 1092 angelo,
290 1030 348 1076 ut
378 1021 477 1093 ipsi
499 1030 552 1076 et
597 1037 694 1078 nos
737 1032 790 1076 et
821 1023 954 1078 alios
981 1039 1313 1084 rnoneamus,
1345 1031 1610 1092 quatenus

74 1114 213 1170 corde
235 1124 286 1168 et
308 1129 488 1182 opere,
513 1128 671 1183 prece
699 1123 752 1170 et
781 1115 887 1169 vita
923 1115 1206 1169 lemlamus
1236 1113 1288 1167 in
1311 1113 1605 1180 Galilzeam,

71 1204 116 1260 id
137 1213 212 1260 est
249 1203 299 1258 in
327 1213 581 1259 aeternam
629 1206 882 1274 patriam,
935 1206 1023 1260 ubi
1066 1214 1121 1259 et
1159 1204 1361 1260 Christi
1410 1219 1607 1260 arcana

66 1296 272 1367 plenius,
299 1307 350 1352 et
384 1296 554 1366 ipsum
587 1298 726 1354 facie
775 1301 840 1354 ad
887 1300 1078 1354 facietu
1126 1299 1445 1364 videbimus,
1494 1298 1610 1367 ipso

65 1395 326 1456 praestante
365 1387 455 1456 qui
504 1403 623 1442 cum
653 1387 815 1444 Patre
849 1398 904 1446 et
935 1388 1138 1460 Spiritu
1183 1397 1374 1444 sancto
1400 1386 1532 1442 vivit
1557 1395 1611 1442 et

65 1488 230 1549 regnat
249 1479 402 1535 Deus.
431 1482 618 1536 Amen.

597 1573 874 1630 IIOMILIA
913 1575 1040 1630 LIII.

388 1683 392 1686 ’
480 1681 637 1722 ἘΜΔ
667 1683 898 1723 :ECUNDA
925 1683 1158 1723 PASCIIE.

120 1752 365 1811 Ezeuntes
392 1757 495 1810 duo
509 1773 573 1810 ea:
595 1759 866 1828 discipulis
888 1761 1040 1814 .Iesus
1064 1760 1198 1832 (43),
1221 1761 1364 1814 ibant
1385 1761 1496 1830 ipsa
1523 1759 1609 1814 die

1710 571 2086 632 perrexerunt,
2120 561 2377 632 quoniam
2402 560 2586 616 Jesum
2607 572 2798 617 octava
2821 561 2906 617 die
2928 565 3298 622 resurrexiSse

1708 655 1944 711 nondum
1982 655 2220 726 perfecte
2241 655 2557 712 credebant.

1780 745 2037 816 Sequitur
2059 763 2184 819 pars
2214 749 2473 812 secunda,
2499 747 2550 802 in
2576 763 2680 819 qua
2708 748 2967 805 Dominus
3021 750 3298 822 discipulis

1709 837 1775 894 de
1800 855 1861 896 se
1891 840 2256 910 loquentibus,
2291 857 2350 896 se
2383 842 2433 896 in
2458 841 2636 912 specie
2665 841 2936 912 peregrini
2958 843 3300 898 demonstra-

1707 931 1807 998 vit,
1845 947 1968 987 cum
1998 932 2227 987 diritur:
2267 932 2336 986 Et
2370 933 2468 1004 ipsi
2507 933 2852 1003 loquebantur
2879 934 2948 987 ad
2981 933 3196 988 invicem
3233 933 3299 990 de

1708 1023 1789 1078 his
1816 1025 2054 1080 onmibus
2083 1041 2202 1095 qua:
2239 1026 2577 1079 acciderant.
2623 1024 2905 1096 Proprium
2950 1034 3054 1088 est,
3102 1023 3300 1082 fratres

1710 1113 1838 1177 mei,
1871 1116 2166 1170 amantium
2199 1114 2265 1169 de
2297 1132 2355 1170 re
2403 1128 2582 1169 amata
2625 1115 2936 1186 frequenter
2962 1115 3142 1171 facere
3181 1132 3300 1170 ver-

1711 1202 1860 1259 butn.
1884 1204 2019 1260 Nam
2044 1207 2132 1261 ubi
2159 1216 2232 1262 est
2261 1208 2534 1262 thesaurus
2559 1218 2703 1271 tuus,
2732 1209 2800 1260 ibi
2842 1218 2912 1262 cst
2940 1218 2986 1261 ct
3031 1224 3121 1262 cor
3149 1218 3298 1262 tuum

1712 1294 1928 1370 (Matth.
1955 1300 2050 1368 vr).
2085 1299 2152 1354 Et
2181 1301 2323 1368 quod
2356 1301 2499 1354 intus
2549 1301 2807 1367 abundat,
2866 1299 3108 1356 exterius
3145 1301 3296 1354 exire

1713 1387 1952 1444 festinat.
1981 1389 2116 1446 lline
2161 1393 2425 1461 estquod
2477 1391 2719 1462 discipuli
2775 1393 3079 1458 Dmninum,
3133 1409 3292 1462 quem

1714 1489 1826 1534 toto
1850 1483 2012 1537 corde
2063 1485 2327 1539 viventem
2361 1485 2679 1552 dilexerant,
2725 1493 2779 1540 ut
2829 1502 2986 1556 quem
3021 1499 3291 1540 mortuum

1711 1572 1954 1629 oblivisci
1987 1591 2091 1630 non
2138 1586 2384 1646 poterant
2411 1577 2462 1630 in
2495 1593 2589 1631 ore
2640 1594 2856 1646 semper
2895 1578 3189 1633 habebant.
3225 1576 3292 1632 Et

1713 1664 1972 1721 Dominus
1995 1667 2085 1736 qui
2111 1667 2456 1734 diligentibus
2487 1685 2544 1724 se
2572 1670 2758 1723 abesse
2790 1687 2892 1722 non
2947 1681 3144 1739 potest,
3172 1671 3292 1739 qui-

1713 1771 1819 1826 que
1845 1760 2006 1814 dixit:
2037 1758 2138 1814 Ubi
2159 1771 2277 1814 sum
2309 1761 2411 1813 duo
2444 1761 2519 1814 rel
2547 1775 2648 1814 tres
2681 1765 2975 1831 congregati
3007 1764 3058 1815 in
3088 1763 3294 1817 nomine

57 1851 104 1903 in
130 1849 384 1904 castellum
407 1851 545 1920 quod
576 1862 685 1906 erat
713 1854 768 1907 in
788 1856 957 1922 spatio
988 1855 1257 1925 sexaginta
1308 1856 1600 1910 stadiorum
1637 1837 1679 1897 Β
1708 1864 1840 1915 meo.
1863 1867 1955 1920 €90
1984 1868 2097 1905 εκηι
2127 1851 2178 1906 δη
2205 1852 2374 1905 medio
2398 1868 2575 1906 εονιιηι
2609 1851 2685 1922 (Μ
2693 1854 2825 1907 (“illo
2860 1856 3036 1921 XVI“).
3076 1852 3145 1908 Sc
3176 1854 3295 1908 dili-

58 1942 114 1996 ab
155 1942 460 2005 Jerusalem,
496 1945 704 1999 nomine
731 1944 982 2001 Eminuus
1018 1947 1169 2016 (Luc.
1203 1955 1371 2017 xxrv).
1414 1949 1479 2002 Et
1509 1947 1608 2003 rel.

57 2035 145 2091 Sex
175 2038 418 2106 capitulis
445 2038 790 2109 distinguitur
825 2040 939 2096 haec
968 2040 1146 2105 lectio,
1177 2041 1375 2096 fratres
1403 2041 1612 2097 charis-

57 2127 181 2182 siini.
210 2127 388 2182 l’rinm
435 2130 578 2186 enim
612 2132 916 2186 ostenditur
943 2135 1106 2203 quod,
1147 2133 1256 2204 ipsa
1286 2134 1373 2187 die
1425 2150 1609 2188 resur-

56 2217 284 2273 rectionis
313 2218 540 2286 Christi,
567 2231 827 2277 exeuntes
875 2223 981 2278 duo
1027 2239 1095 2278 cx
1151 2223 1430 2290 discipulis
1469 2222 1606 2290 ejus.

53 2310 180 2366 ibant
206 2311 254 2364 in
279 2310 556 2368 Emmaus.
587 2313 849 2368 Exierunt
871 2324 1050 2370 autem
1075 2315 1126 2373 hi
1160 2317 1264 2369 duo
1289 2316 1355 2370 de
1385 2315 1608 2386 collegio

55 2402 394 2471 apostolorqu
421 2419 526 2458 non
569 2419 664 2474 per
690 2408 1039 2476 apostasiam,
1089 2417 1146 2462 ut
1189 2408 1262 2462 illi
1293 2409 1358 2462 de
1411 2407 1607 2477 quibus

51 2491 415 2548 dicitJoaunes
443 2512 456 2548 :
510 2494 594 2550 Ea:
623 2497 770 2550 nobis
802 2497 1063 2562 exierunt,
1109 2499 1198 2553 sed
1239 2515 1341 2552 non
1367 2515 1430 2553 ea:
1461 2500 1607 2554 nobis

49 2595 178 2640 erant
215 2585 261 2658 (I
299 2586 462 2640 Joan.
492 2588 576 2658 ιι).
624 2587 735 2644 Nec
782 2605 878 2659 per
914 2591 1280 2646 curiositatem
1341 2601 1396 2646 ut
1447 2593 1602 2660 Dina,

50 2691 152 2744 qua:
171 2675 298 2730 exiit
336 2675 522 2732 videre
548 2678 802 2733 mulieres
825 2677 964 2734 illius
993 2680 1250 2750 regionis,
1273 2691 1326 2735 et
1345 2697 1603 2752 oppressa

48 2766 135 2820 fuit
176 2765 326 2839 (Gen.
387 2769 623 2840 xxxrv):
678 2769 781 2826 Sed
835 2771 1082 2826 exierunt
1135 2772 1187 2826 in
1223 2773 1604 2841 miuiSIerium,

44 2877 175 2918 more
191 2879 349 2934 apum
362 2865 842 2935 qutedeconnnuni
859 2866 1110 2922 ctenobio
1135 2864 1351 2921 alvearii
1383 2873 1604 2931 exeunt,

43 2969 92 3012 ut
118 2959 166 3014 in
191 2975 535 3016 communem
573 2961 747 3017 mellis
793 2961 1100 3029 utilitatem,
1149 2961 1322 3016 electo
1355 2961 1486 3016 ﬂore
1516 2975 1605 3016 re-

44 3051 187 3106 deant
230 3062 494 3108 oneratae.
553 3053 705 3119 Quod
741 3068 869 3108 vero
914 3062 1060 3108 recta
1101 3062 1156 3108 et
1186 3052 1412 3107 honesta
1437 3065 1602 3106 causa

43 3143 278 3210 exierint,
317 3145 448 3200 hinc
500 3153 723 3216 apparet
747 3145 888 3214 quod
947 3160 1050 3199 non
1081 3143 1298 3214 singuli.
1348 3145 1440 3198 sed
1490 3139 1601 3196 hirti

39 3243 237 3299 exeunt,
269 3235 547 3304 quodnon
601 3235 774 3289 aliena
805 3233 969 3290 verba
1017 3251 1047 3288 a
1098 3234 1344 3290 doctrina
1393 3232 1602 3304 collegii

37 3325 104 3378 sui
132 3324 269 3380 inter
294 3341 356 3382 se
385 3325 709 3392 conferunt;
739 3326 879 3396 quod
909 3341 1249 3381 communem
1281 3324 1491 3395 collegii
1516 3325 1599 3380 sui

38 3414 290 3470 tristitiam
323 3416 378 3471 in
415 3427 598 3472 mente
634 3416 836 3485 ferunt,
865 3418 1008 3488 quod
1053 3416 1340 3473 Dominum
1372 3416 1476 3472 sibi
1508 3431 1603 3489 ap-

31 3523 210 3578 parere
243 3519 555 3576 merentur,
586 3509 727 3579 quod
759 3523 883 3565 eum
912 3509 1080 3580 legem
1113 3519 1167 3564 et
1189 3509 1482 3578 prophetas
1503 3524 1600 3563 ex-

32 3611 300 3680 ponentem
335 3601 574 3657 libenter
603 3601 850 3666 audiunt.
885 3602 1026 3672 quod
1054 3616 1177 3657 eum
1208 3603 1276 3657 ad
1309 3602 1600 3673 hospitium

29 3702 230 3764 cogunt.
257 3693 406 3764 quod
434 3694 485 3749 in
514 3693 775 3751 fractione
800 3694 952 3766 panis
971 3711 1093 3750 eum
1113 3704 1431 3766 agnoscunt,
1459 3694 1600 3766 quod

25 3799 135 3840 eum
173 3787 275 3843 sibi
300 3790 644 3860 apparuisse,
679 3790 795 3846 sine
815 3805 986 3857 mora,
1018 3789 1242 3860 collegio
1275 3803 1374 3844 suo
1395 3787 1600 3844 referre

25 3880 258 3936 ruleunt.
287 3881 591 3938 lmitamini
619 3883 774 3950 istos,
805 3899 902 3938 vos
931 3882 1268 3950 claustrales,
1314 3891 1374 3938 ut
1395 3881 1602 3938 scilicet

24 3986 118 4028 non
144 3973 356 4029 exeatis
407 3973 478 4029 de
518 3973 742 4048 collegio
771 3985 954 4031 vestro
991 3989 1088 4044 per
1132 3973 1481 4044 apostasiam,
1517 3971 1601 4028 vel

23 4079 105 4136 per
131 4065 537 4131 curiositatem,
591 4068 684 4122 sed
741 4077 950 4122 tantum
984 4076 1206 4138 propter
1241 4065 1599 4121 necessariam

23 4170 250 4213 causam.
303 4158 377 4214 Et
427 4167 557 4214 tunc
596 4174 701 4214 non
743 4160 957 4230 singuli,
1007 4161 1102 4215 sed
1147 4158 1258 4215 bini
1313 4157 1381 4213 ad
1421 4157 1600 4213 minus

23 4251 240 4317 exeatis,
276 4253 524 4309 scientes
571 4252 736 4322 quod,
762 4251 916 4321 juxta
947 4253 1302 4323 prophetam:
1365 4247 1453 4305 Va:
1477 4248 1597 4317 soli,

23 4345 132 4413 quia
153 4345 198 4400 si
225 4346 504 4409 reciderit,
526 4346 642 4415 quis
661 4346 938 4400 sublevabit
960 4347 1115 4400 eum?
1145 4345 1347 4418 (Eccle.
1396 4342 1500 4413 Iv.)
1534 4341 1600 4398 Et

23 4453 114 4494 non
154 4455 321 4508 vana,
367 4438 469 4494 sed
531 4446 738 4492 tantum
793 4437 1112 4508 professioni
1153 4447 1347 4494 vestra:
1400 4452 1598 4494 conve-

1713 1940 1964 2010 geutibus
1985 1943 2120 1998 etde
2140 1958 2198 1998 se
2237 1959 2540 1998 sermonem
2578 1943 2920 2007 facientibus,
2958 1961 3106 1999 suam
3139 1945 3293 2000 exhi-

1711 2032 1803 2087 bet
1831 2035 2194 2104 pl'mselttiam.
2241 2033 2372 2091 Nam
2403 2037 2682 2103 subditur;
2719 2037 2782 2090 Et
2823 2039 3020 2104 factum
3056 2051 3127 2090 est
3167 2020 3293 2091 dum

1712 2127 2075 2195 fabulurentur
2101 2130 2156 2183 in
2180 2130 2284 2194 via,
2315 2141 2359 2184 et
2383 2146 2554 2183 secum
2579 2138 2896 2199 qtitererent,
2920 2141 2966 2184 et
3000 2146 3114 2184 cccc
3133 2127 3292 2184 Jesus

1711 2221 2132 2293 appropinquans
2165 2221 2272 2276 ibat
2298 2239 2413 2276 cum
2440 2222 2567 2277 illis.
2604 2222 2895 2292 Diligamus
2919 2239 3066 2293 ergo.
3097 2222 3292 2277 fratres

1712 2314 1837 2378 mei,
1889 2315 2168 2370 Dominum
2219 2314 2425 2384 Jesum,
2459 2318 2606 2371 etde
2650 2332 2714 2370 eo
2766 2333 2981 2387 semper
3023 2317 3289 2380 neditari,

1712 2422 1925 2476 semper
1954 2408 2184 2479 colloqui
2215 2410 2568 2480 gaudeamus,
2596 2411 2848 2478 quoniam
2875 2424 2932 2462 se
2981 2409 3287 2476 diligentes,

1711 2506 1764 2551 et
1793 2497 1858 2550 de
1889 2512 1946 2552 se
1979 2498 2226 2553 meditari
2267 2507 2321 2553 et
2361 2489 2590 2568 colloqui
2643 2500 2956 2569 gaudcnzes,
3002 2514 3096 2552 sua
3151 2514 3292 2569 prae-

1709 2587 1881 2642 sentia
1913 2602 2016 2642 non
2043 2588 2301 2660 privabit,
2337 2589 2431 2645 sed
2458 2589 2643 2660 procul
2685 2589 2844 2645 dubio
2869 2590 2973 2645 erit
3021 2589 3174 2645 nobis
3199 2605 3288 2646 co-

1710 2695 1825 2733 mes
1869 2679 2175 2736 individuus
2199 2680 2251 2735 in
2286 2681 2369 2735 via
2396 2681 2552 2752 hujus
2584 2682 2787 2746 mundi,
2841 2682 2980 2736 sicut
3022 2682 3134 2752 ipse
3163 2698 3284 2752 pro-

1711 2773 1856 2827 misit
1880 2773 2064 2828 dicens
2096 2791 2110 2827 :
2146 2772 2282 2828 Ecce
2318 2791 2410 2845 ego
2438 2775 2697 2828 robiscum
2743 2792 2858 2828 sum
2901 2775 3140 2829 omnibus
3181 2775 3293 2828 die-

1709 2866 1802 2919 bus
1823 2883 1982 2934 usque
2007 2866 2075 2920 ad
2100 2869 2600 2921 consummationem
2627 2869 2808 2921 sa'culi
2829 2867 3043 2939 (Matth.
3068 2868 3284 2937 xxvttt).

1711 2955 1978 3022 Quoniam
2005 2971 2133 3011 vero
2159 2957 2426 3026 discipuli,
2450 2967 2504 3013 et
2535 2957 2578 3012 si
2605 2975 2727 3012 eum
2758 2958 3073 3027 diligebant,
3108 2969 3285 3014 tamen

1707 3047 1774 3103 de
1803 3046 1918 3116 ejus
1944 3051 2335 3106 resurrectione
2366 3059 2420 3106 et
2448 3050 2729 3106 divinitate
2778 3051 3118 3118 dubitabant,
3167 3049 3288 3105 ideo

1708 3147 1764 3192 et
1800 3138 1844 3192 si
1878 3138 1958 3194 eis
2005 3142 2274 3210 apparuit,
2318 3152 2492 3196 tamen
2528 3141 2606 3196 eis
2651 3139 2884 3212 speciem
2929 3158 3090 3212 quam
3121 3157 3288 3212 agno-

1706 3237 1943 3292 scerent,
1973 3245 2076 3282 non
2106 3230 2360 3285 ostendit.
2397 3231 2501 3284 Sed
2532 3231 2672 3300 quod
2701 3232 2845 3286 intus
2869 3231 3160 3297 habeant,
3184 3231 3287 3288 hoc

1706 3320 1787 3374 eis
1819 3320 2055 3376 exterius
2079 3320 2339 3377 exhibuit.
2376 3321 2440 3378 Et
2466 3323 2590 3392 quia
2620 3329 2684 3377 de
2729 3336 2789 3380 se
2817 3323 3132 3378 dubitabant
3156 3362 3172 3385 ,
3226 3338 3288 3378 se

1706 3413 1924 3469 dubium
1957 3430 2076 3470 esse
2107 3416 2496 3471 demonSIravit
2516 3417 2614 3471 eis.
2648 3416 2783 3470 Nam
2808 3419 3052 3487 sequitur
3082 3433 3095 3470 :
3129 3413 3284 3471 Oculi

1703 3519 1876 3562 autem
1900 3525 2079 3562 eorum
2110 3511 2440 3576 tenebantur,
2468 3526 2531 3564 ne
2552 3526 2667 3564 eum
2690 3521 3046 3580 agnoscerent.
3075 3508 3281 3579 Itaque,

1704 3601 1902 3657 fratres
1931 3603 2059 3668 mei,
2102 3619 2132 3658 a
2175 3604 2429 3658 cordibus
2480 3603 2679 3658 nostris
2707 3619 2920 3658 onmem
2952 3602 3279 3658 dubietatem

1703 3694 2076 3763 excludamus,
2107 3705 2162 3752 et
2186 3695 2386 3751 Christi
2421 3696 2752 3752 divinitatem
2781 3706 2835 3751 et
2863 3695 3278 3763 humanitatem,

1703 3787 2006 3857 passionem
2031 3796 2088 3844 et
2117 3788 2589 3858 resurrectionem,
2637 3799 2785 3844 certa
2818 3788 2922 3844 lide
2971 3785 3279 3851 credamus,

1703 3888 1762 3934 ut
1787 3893 1909 3934 eum
1933 3895 2037 3935 non
2070 3881 2122 3936 in
2146 3880 2432 3952 peregrino
2462 3880 2670 3948 habitu,
2704 3880 2799 3936 sed
2823 3880 2983 3937 sicuti
3008 3887 3113 3949 est,
3145 3877 3283 3936 facie

1703 3971 1769 4027 ad
1795 3971 1987 4028 faciem
2010 3973 2193 4030 videre
2213 3989 2543 4032 mereamur.

1775 4065 2032 4137 Sequitur
2060 4083 2188 4138 pars
2216 4069 2394 4135 tertia,
2425 4070 2478 4122 in
2509 4083 2616 4139 qua
2669 4066 2928 4123 Dominus
2981 4065 3282 4136 interrogat

1701 4157 2013 4229 discipulos,
2045 4169 2101 4214 et
2138 4175 2233 4216 eos
2265 4160 2576 4216 dubitantes
2628 4161 2873 4229 increpat
2901 4167 2957 4212 et
3001 4156 3280 4222 informat,

1701 4267 1824 4307 cum
1862 4253 2113 4308 subditur
2143 4270 2158 4308 :
2186 4253 2254 4308 Et
2279 4254 2356 4308 ait
2379 4255 2447 4308 ad
2479 4253 2598 4308 illos
2621 4272 2639 4308 :
2666 4252 2768 4320 Qui
2793 4261 2912 4307 sunt
2933 4251 2988 4304 hi
3018 4265 3281 4305 sermones

1698 4360 1828 4415 quos
1855 4344 2102 4414 confertis
2130 4345 2198 4399 ad
2225 4347 2442 4401 inuicem
2471 4345 2818 4411 ambulantes,
2847 4354 2892 4398 et
2921 4343 3044 4398 estis
3070 4337 3282 4396 tristes!

1702 4436 1892 4492 Sciens
1946 4435 2226 4500 Dominus,
2255 4437 2450 4492 fratres
2498 4435 2832 4503 charissimi,
2866 4436 2944 4489 sic
2988 4421 3280 4502 discipulos

23 4533 210 4590 nientia
235 4535 412 4591 verba
437 4531 746 4604 proferatis,
777 4547 900 4586 cum
927 4531 1042 4586 utili
1082 4531 1300 4587 tristitia
1333 4538 1388 4587 et
1416 4530 1596 4602 gravi-
1624 4533 1674 4595 ι)
1700 4543 1828 4584 suos
1854 4529 2174 4598 interrogat,
2205 4536 2262 4582 ut
2287 4545 2349 4585 ex
2375 4528 2535 4584 dubia
2568 4543 2756 4584 eorum
2805 4524 3155 4596 responsione
3185 4535 3280 4579 eos

23 4634 116 4681 Late
149 4625 474 4682 ambuletis.
522 4624 830 4680 Lectionem
861 4639 1030 4678 sacra:
1060 4621 1355 4694 Scriptura:
1387 4637 1600 4692 semper

23 4715 192 4770 iudire
222 4715 537 4785 gaudeatis,
571 4715 986 4786 hospitalitatem
1027 4722 1082 4770 ct
1113 4714 1432 4768 cliaritatem
1479 4712 1600 4768 dili-

23 4807 163 4878 fatis,
215 4822 331 4864 non
391 4821 565 4862 vanos
611 4824 877 4876 rumores,
934 4807 1028 4863 sed
1072 4822 1222 4862 more
1273 4805 1391 4876 apis
1444 4805 1596 4862 utilia

23 4900 250 4973 :xempla
284 4899 358 4954 ad
391 4898 645 4953 cwnobia
672 4909 845 4955 vestra
887 4897 1152 4954 referatis.
1184 4897 1252 4952 In
1303 4896 1593 4960 castellum,

29 4995 204 5064 nquit,
264 4993 420 5066 quod
463 5000 574 5046 erat
621 4993 672 5046 in
720 4995 886 5063 spatio
926 4993 1222 5046 stadiorum
1265 4989 1532 5060 sexaginta
1561 5004 1595 5042 a

23 5083 333 5150 lerusalem,
386 5084 600 5138 nomine
645 5083 917 5140 Emntaus.
970 5086 1220 5141 Stadium
1275 5089 1360 5136 est
1406 5091 1595 5136 octava

23 5193 125 5234 iars
149 5177 430 5234 milliarii.
468 5175 760 5245 Sexaginta
791 5192 918 5246 ergo
947 5176 1140 5240 stadia,
1165 5183 1374 5245 septem
1427 5171 1593 5227 millia

23 5286 261 5327 iassuum
301 5279 362 5324 et
396 5267 678 5338 quingenti
711 5278 853 5323 sunt.
879 5267 1030 5335 Quod
1059 5268 1160 5321 iter
1186 5267 1322 5322 bene
1347 5264 1596 5336 congruit

24 5364 73 5422 is
101 5365 220 5437 qui,
251 5363 398 5422 certi
433 5361 499 5415 de
525 5371 698 5416 morte
731 5371 785 5417 et
809 5360 1079 5431 sepultura
1109 5361 1256 5424 Jesu,
1298 5357 1492 5414 incerti
1527 5356 1594 5412 de

23 5457 420 5512 esurrectione
463 5451 580 5520 ejus
613 5451 979 5507 ambulabant.
1037 5449 1260 5505 Sextum
1314 5450 1512 5518 quippe
1539 5457 1594 5502 et

23 5547 287 5616 eptimum
313 5541 634 5598 milliarium
651 5541 1050 5612 con'ipleverunt
1071 5539 1157 5608 qui
1175 5537 1357 5593 Jesuut
1371 5541 1422 5590 in
1442 5547 1590 5591 sexta

23 5635 220 5691 iabbati
281 5641 522 5689 mortem
558 5631 764 5695 tulisse,
794 5631 925 5684 etin
958 5628 1191 5685 Sabbato
1241 5628 1296 5682 in
1343 5625 1593 5697 sepulcro

67 5816 178 5872 162)
221 5812 353 5868 Vitl.
390 5825 518 5878 sup.
553 5820 662 5865 not.
689 5809 790 5897 lla

1700 4619 1971 4691 increpet,
1999 4628 2054 4675 et
2086 4619 2402 4691 interroget,
2425 4627 2481 4673 et
2505 4616 2760 4688 corrigat.
2789 4615 3150 4678 Ambulantes,
3192 4611 3276 4668 in-

1699 4711 1838 4782 quit,
1867 4723 1914 4766 et
1965 4712 2089 4766 estis
2123 4713 2318 4766 tristes.
2367 4709 2479 4765 Hoc
2531 4719 2616 4764 est
2661 4706 2802 4778 quod
2835 4707 2909 4760 ait
2951 4704 3274 4761 Psalmista:

1700 4801 1897 4858 Euntes
1925 4801 2070 4858 ibant
2103 4811 2151 4858 et
2193 4802 2386 4872 flebant
2437 4801 2692 4854 mittentes
2718 4797 2917 4853 semina
2968 4813 3063 4850 sua
3099 4792 3273 4867 (Psal.

1697 4896 1880 4966 cxxv).
1915 4895 2005 4950 Sic
2032 4894 2250 4966 quippe,
2298 4891 2494 4947 fratres
2540 4891 2666 4953 mei,
2700 4889 2777 4944 sic
2808 4887 3066 4944 debemus
3094 4885 3275 4942 facere

1698 4985 1750 5041 in
1773 4983 2206 5056 peregrinatione
2232 4980 2392 5050 hujus
2420 4979 2626 5043 mutuli,
2652 4978 2926 5033 ambulare
2957 4986 3012 5032 et
3039 4976 3189 5044 ﬂere,
3217 4981 3276 5036 et

1695 5075 1906 5131 semina
1958 5075 2192 5130 mittere.
2239 5071 2356 5140 Quo
2388 5067 2706 5126 ambulare?
2749 5068 2832 5123 Ad
2875 5077 3132 5123 mternam
3172 5082 3274 5139 pa—

1698 5167 1877 5221 triatn.
1910 5165 2086 5233 Quare
2113 5164 2308 5220 ﬂeret?
2336 5161 2416 5218 0b
2455 5175 2797 5232 peceatorum
2835 5168 3138 5216 nostrorum
3187 5171 3275 5217 re-

1695 5259 2058 5315 cordationem
2099 5269 2156 5312 et
2183 5256 2252 5312 ob
2285 5255 2522 5312 caelestis
2555 5254 2746 5325 patria:
2788 5253 3122 5308 dilationem.
3141 5251 3273 5319 ρυω

1695 5349 1897 5406 semina
1954 5349 2208 5404 mittere?
2255 5347 2497 5412 Semina,
2556 5347 2749 5400 fratres
2792 5346 2918 5412 mei,
2964 5343 3268 5398 divinorum

1694 5445 1980 5500 verborum
2004 5443 2069 5497 ad
2097 5443 2322 5497 invicem
2361 5442 2672 5512 praedicare,
2704 5437 2974 5494 ctscmina
3006 5437 3267 5491 bonorum

1692 5551 1912 5607 operum
1933 5535 2258 5604 pra-mittere
2280 5533 2558 5596 debemus,
2584 5531 2722 5586 unde
2739 5546 2859 5585 cum
2884 5525 3266 5590 exsultatione,

1694 5627 2082 5698 centuplicatos
2135 5623 2436 5694 manipulos
2485 5634 2687 5678 metere
2739 5620 3036 5676 valeamus.
3068 5612 3141 5670 Et
3185 5628 3268 5671 re-

1766 5805 1875 5880 (ιὸ)
1900 5804 2056 5878 Vulg.
2089 5803 2158 5860 Et
2187 5819 2301 5859 ecce
2324 5799 2433 5858 'tluo
2461 5818 2525 5858 cx
2550 5800 2665 5858 illis.
