3826 6338
572 260 713 330 1859

1470 220 1473 223 λ
1508 248 1989 337 spumosi:
2016 247 2372 322 RADULPHI
2405 252 2751 321 AnoENrts

3592 283 3674 341 ηδ)

569 387 829 461 spondeus
862 397 1023 449 unus,
1051 398 1133 437 eui
1160 395 1348 436 nomen
1368 377 1662 451 Cit-opttus,
1698 382 1833 437 dixit
1858 381 1903 435 ei
1934 398 1951 437 :
1981 380 2056 434 Tu
2082 397 2164 435 so-
2194 385 2239 443 Α
2349 377 2609 447 Sequitur
2634 391 2760 461 pars
2808 380 3028 446 quarta,
3080 374 3131 432 in
3173 392 3267 447 qua
3294 378 3515 440 Dominum
3546 404 3585 445 se
3605 396 3673 450 1ο..

569 482 653 535 lus
698 477 1002 550 peregrinus
1030 492 1083 531 es
1118 475 1171 529 in
1201 472 1523 539 Jerusalem,
1568 485 1614 528 et
1653 491 1755 528 non
1788 473 2070 545 roguovisti
2099 490 2160 527 ea

566 588 684 643 qua:
711 571 851 640 facta
879 577 998 621 sunt
1030 568 1084 620 in
1109 564 1265 619 illain
1288 566 1368 619 Itis
1395 565 1607 619 diebus?
1628 566 1705 620 Ac
1730 566 1773 620 si
1794 566 1999 620 diceret
2022 583 2033 619 :
2057 566 2163 620 Res

573 665 640 719 de
688 678 793 733 qua
853 660 1125 732 loquimur
1171 670 1298 714 nOIa
1360 668 1443 713 est
1490 658 1744 713 omnibus
1798 660 1887 729 qui
1941 667 2065 714 sunt
2107 658 2160 713 in

568 750 892 820 Jerusalem,
928 759 1035 806 tam
1081 750 1291 805 civibus
1339 765 1501 820 quam
1546 751 1848 822 peregrinis
1877 760 1931 807 et
1981 752 2155 806 mani-

567 832 704 921 festa
738 862 750 897 :
782 844 846 899 Et
875 841 1152 915 quomodo
1188 851 1242 895 tu
1266 841 1411 897 solus
1458 842 1781 913 peregrinus
1820 858 1879 898 cs
1917 843 1969 898 in
2005 841 2161 897 Jeru-

568 942 761 1007 salem,
808 943 897 1013 qui
946 944 1059 998 lure
1112 941 1371 1007 ignoras?
1412 941 1487 996 De
1536 941 1665 996 Jesu
1709 938 2016 1005 Nazareuo,
2071 939 2164 1010 qui

569 1033 670 1105 fuit
726 1034 805 1088 rir
832 1035 1105 1103 propheta.
1134 1043 1315 1104 potens
1361 1034 1415 1087 in
1458 1049 1612 1102 opere
1639 1043 1686 1087 et
1717 1049 1952 1087 sermone
1985 1047 2161 1085 coram

571 1124 682 1180 Deo
716 1136 762 1180 et
790 1126 930 1179 omni
976 1128 1189 1195 papula.
1250 1124 1364 1180 Non
1402 1134 1656 1195 tanquatn
1711 1126 1900 1190 Demn,
1954 1124 2031 1178 rei
2068 1123 2161 1179 Dei

569 1214 790 1280 Filium,
832 1215 926 1269 sed
981 1224 1239 1283 tanquam
1295 1231 1487 1286 purum
1539 1215 1809 1269 hominem
1837 1214 2022 1269 Jcsum
2070 1228 2163 1269 co-

569 1322 684 1360 ram
719 1306 831 1361 Deo
860 1315 913 1360 et
936 1307 1155 1378 papula,
1185 1307 1237 1361 in
1285 1318 1520 1376 quatuor
1560 1307 2045 1361 commendabilem
2071 1321 2160 1361 os-

567 1399 759 1462 tendit,
787 1401 909 1467 quia
942 1399 1149 1454 scilicet
1200 1398 1300 1454 fuit
1330 1408 1509 1455 mente
1565 1399 1758 1461 virilis,
1792 1399 2150 1468 intelligentia

569 1491 889 1561 spirituaiis,
939 1501 1132 1561 potens
1181 1491 1232 1545 in
1294 1506 1478 1560 opere,
1536 1491 1724 1545 efﬁcax
1771 1490 1822 1545 in
1881 1505 2156 1545 sermone.

568 1580 701 1650 Qute
755 1589 986 1649 quatuor
1034 1584 1085 1636 in
1134 1582 1508 1637 ecclesiastico
1558 1593 1774 1653 pastore
1831 1582 2155 1652 requirenda

565 1685 712 1732 sunt.
744 1673 985 1729 Primum
1044 1676 1188 1728 enim
1225 1675 1521 1744 requiritur
1564 1675 1739 1728 virtus
1770 1674 1987 1737 mentis,
2036 1688 2155 1742 qua:

2277 471 2401 540 gius
2459 470 2659 524 iturum
2726 471 3019 540 fingentem
3050 511 3068 538 ,
3126 470 3348 543 discipuli
3397 477 3450 531 Ili
3493 479 3674 547 inscitius

2266 571 2485 616 vocant.
2521 560 2637 615 Non
2665 562 2962 626 miremini,
3008 562 3204 615 fratres
3231 564 3340 629 uici,
3380 569 3491 636 quod
3520 572 3675 633 [ὶυιιίη

2265 669 2324 710 se
2360 654 2572 725 longius
2606 654 2806 709 iturum
2860 654 3038 718 linxit,
3062 657 3301 723 quoniam
3326 673 3413 711 non
3451 665 3675 725 omnium.

2271 747 2441 802 habet
2470 749 2522 801 in
2554 763 2615 802 se
2671 747 2932 802 tualitiam
2986 747 3326 817 dttplicitatis.
3370 751 3440 804 Est
3466 756 3566 807 enim
3596 773 3678 826 qu.

2266 837 2393 889 dam
2458 836 2609 892 fictio
2651 837 2816 902 mala,
2869 846 2925 892 ct
2967 847 3053 891 est
3099 838 3326 906 quredatu
3375 841 3615 900 iicle
3644 850 3680 903 Et

2266 930 2519 999 quaedam
2577 930 2724 985 fictio
2782 931 2848 985 ad
2893 931 3290 1000 decipiendum,
3333 949 3420 1003 qua
3457 934 3681 997 inimicust:

2267 1022 2423 1090 fingit
2454 1023 2718 1085 amicum,
2782 1033 2840 1077 ut
2887 1020 3066 1092 magis
3116 1023 3345 1091 decipiat.
3373 1023 3682 1095 Estqutrthmt»

2265 1114 2374 1169 ctio
2393 1114 2459 1168 ad
2485 1114 2839 1169 erudiendum
2868 1114 2987 1168 sive
3007 1114 3449 1186 probamlum,qua
3468 1124 3682 1189 magisterio

2265 1205 2420 1276 litigii
2451 1207 2648 1261 iratum
2680 1206 2981 1276 discipulis,
3018 1216 3079 1262 ut
3103 1221 3196 1262 eos
3224 1209 3394 1262 timere
3412 1217 3455 1263 et
3478 1214 3682 1282 magism-

2266 1298 2428 1353 iiecre
2458 1298 2646 1353 faciat.
2694 1297 2848 1354 Unde
2893 1299 3170 1369 Sapiens:
3219 1298 3273 1355 Si
3320 1301 3446 1369 ﬁliae,
3475 1302 3684 1371 inquibtiii

2263 1391 2483 1461 fuerim,
2513 1391 2621 1445 noli
2644 1390 2877 1445 hilarem
2902 1396 3108 1447 vultum
3142 1396 3387 1447 ostendere
3403 1397 3459 1449 ad
3476 1397 3683 1465 ἰηιευῖιὰ

2262 1481 2382 1551 vn).
2423 1481 2531 1537 Nos
2555 1482 2765 1553 itaque,
2802 1482 3001 1537 fratres
3032 1484 3163 1549 mei,
3192 1482 3432 1539 fictionem
3452 1488 3684 1558 deceptorum

2262 1580 2520 1642 tanquam
2558 1574 2767 1628 crimen
2800 1572 3100 1643 fugiamus,
3161 1585 3215 1628 et
3243 1573 3473 1632 fictionem
3512 1582 3685 1648 pwitoca-

2263 1675 2368 1720 lem
2422 1675 2758 1736 appetantus.
2822 1664 2957 1720 Nam
3023 1665 3285 1724 Dominus
3325 1684 3379 1724 so
3424 1670 3539 1739 lingit
3567 1672 3688 1741 longius

565 1767 735 1822 etiam
767 1782 872 1820 non
903 1764 1123 1830 suliicil,
1159 1766 1258 1821 nisi
1281 1766 1417 1819 adsit
1453 1766 1805 1835 intelligentia
1835 1766 2153 1835 spirituaiis.
2188 1746 2233 1805 Β
2262 1756 2498 1823 iturum,
2542 1768 2601 1811 ut
2627 1759 2885 1829 probent
2919 1759 3250 1815 eharitatetn
3292 1760 3606 1830 disciqu
3629 1764 3687 1819 Η

570 1848 678 1915 Sed
720 1874 822 1912 nec
876 1857 994 1911 hinc
1021 1858 1129 1911 duo
1178 1856 1473 1925 sufﬁciunt,
1527 1857 1626 1911 nisi
1662 1857 1859 1927 fulgeat
1890 1857 1941 1910 in
1970 1871 2157 1928 Opere,

565 1957 621 2004 et
684 1947 821 2001 alios
857 1948 1039 2017 capiat
1064 1946 1467 2015 praedicatione.
1499 1946 1796 2012 Quomodo,
1827 1946 2019 2015 inquit,
2051 1958 2157 1999 tra-

563 2038 810 2092 diderunt
847 2055 965 2092 eum
1004 2038 1199 2091 summi
1249 2038 1545 2092 saeculares
1597 2051 1642 2091 et
1679 2039 1940 2109 principes
1989 2039 2156 2093 nostri

562 2127 618 2182 in
646 2127 1037 2183 danmutioueut
1090 2128 1296 2196 mortis,
1344 2137 1392 2182 et
1422 2128 1799 2197 cruci/iurant
1841 2130 2006 2184 eum?
2040 2127 2155 2185 Nos

563 2231 739 2276 autem
763 2222 1101 2289 sperabamus
1125 2226 1263 2290 quod
1295 2221 1403 2289 ipse
1427 2230 1575 2276 esset
1606 2221 2000 2292 redempturus.
2018 2221 2156 2277 Ecce

559 2326 661 2387 per
684 2315 1016 2384 praeteritum
1052 2312 1458 2384 imperfectum,
1507 2329 1655 2383 spem
1709 2330 1860 2369 suam
1906 2314 2153 2383 prmteri-

563 2416 673 2465 tam
714 2419 767 2465 et
811 2409 1180 2480 imperfectam
1217 2408 1473 2463 ostendit.
1506 2407 1739 2476 Jamque
1778 2423 1912 2476 pcuc
1946 2424 2009 2461 ex
2041 2417 2154 2463 toto

562 2516 621 2556 se
664 2500 934 2555 excidisse
961 2516 989 2553 a
1027 2500 1128 2553 fide
1162 2509 1215 2553 ct
1246 2514 1339 2568 spe
1382 2498 1636 2553 ostendit.
1691 2501 1733 2552 Α
1770 2500 1873 2553 title
1901 2513 2022 2554 eum
2055 2500 2148 2565 ait,

574 2589 664 2646 Vir
689 2592 980 2663 propheta;
1012 2607 1040 2645 a
1074 2608 1187 2663 spe,
1227 2607 1348 2647 cum
1407 2591 1590 2645 subdit
1618 2607 1631 2641 :
1670 2589 1783 2643 Nos
1814 2601 1989 2644 autem
2039 2607 2154 2662 spe-

561 2685 828 2741 rabamus.
858 2683 925 2739 Et
955 2685 1194 2755 qua’tfam
1238 2684 1480 2739 mulieres
1528 2700 1593 2738 ex
1642 2685 1831 2738 nostris
1856 2695 2150 2739 terruerunt

560 2792 674 2847 nos,
697 2794 814 2847 quw
849 2776 1061 2845 [uerunt
1114 2786 1233 2831 ante
1270 2774 1436 2830 lucent
1486 2774 1554 2828 ad
1591 2783 2030 2829 monumentum:
2084 2772 2151 2828 Et

556 2883 663 2920 non
688 2867 895 2921 invento
925 2884 1139 2937 corpore
1182 2868 1321 2938 ejus,
1361 2871 1448 2919 reti
1473 2873 1621 2920 erum
1651 2864 1876 2920 dicentes
1900 2881 1953 2918 se
1990 2864 2151 2917 etiam

561 2960 808 3012 visionem
845 2959 1148 3029 angelorum
1193 2960 1397 3019 ridisse.
1441 2959 1528 3027 qui
1574 2958 1754 3011 dicunt
1796 2974 1912 3015 eum
1962 2959 2147 3013 rircre.

560 3044 736 3103 Stulza
789 3048 1008 3115 locutio,
1060 3051 1184 3102 dum
1239 3063 1297 3103 se
1344 3048 1581 3103 ostendit
1631 3047 1801 3117 magis
1853 3048 2041 3102 terreri
2080 3063 2146 3104 ex

559 3140 833 3199 ablatione
862 3140 1127 3212 corporis,
1164 3156 1323 3213 quam
1363 3138 1598 3211 gaudere
1626 3155 1690 3194 ex
1738 3140 2148 3196 annnntiatioue

560 3218 1003 3290 resurrectionis.
1036 3234 1127 3287 Ait
1176 3233 1239 3286 ad
1274 3232 1416 3300 illos,
1448 3246 1541 3286 eos
1588 3231 1892 3301 increpans.
1924 3230 1969 3285 0
1996 3231 2145 3286 stulti

558 3339 608 3385 et
647 3329 789 3384 tardi
812 3331 967 3384 corde
1010 3328 1083 3381 ad
1128 3327 1437 3382 credendum
1469 3326 1521 3379 in
1566 3326 1803 3381 omnibus
1845 3342 1960 3396 qure
1986 3325 2145 3379 locuti

561 3431 685 3476 sunt
716 3422 981 3492 propheta:
1005 3418 1026 3473 .'
1053 3418 1234 3482 Stulti,
1259 3418 1311 3473 id
1340 3425 1423 3473 est
1461 3417 1681 3473 hebetes
1701 3418 1765 3470 ad
1794 3415 2147 3485 spiritualiter

559 3510 994 3581 iutclligemlutu,
1018 3510 1151 3564 tardi
1180 3509 1245 3562 ad
1264 3508 1591 3564 credendqu
1613 3506 1916 3561 intellectis.
1944 3505 2147 3561 Delmle

558 3602 740 3657 subdit
787 3602 1059 3656 instruens
1107 3614 1221 3665 eos,
1283 3609 1392 3653 tum
1439 3613 1536 3669 per
1585 3598 1867 3663 rationein,
1901 3609 2010 3652 tum
2046 3612 2146 3668 per

558 3690 693 3762 legis
736 3700 790 3746 et
836 3692 1222 3762 prophetarum
1275 3690 1678 3745 auctoritatem.
1714 3687 1815 3742 Per
1856 3688 2141 3754 rationem,

557 3792 681 3845 cum
711 3784 1036 3853 subiungit:
1068 3780 1260 3838 Nonne
1307 3783 1383 3837 sic
1428 3782 1653 3851 oportuit
1702 3781 1812 3850 pati
1851 3778 2139 3843 Christum,

556 3885 605 3931 et
630 3892 897 3947 resurgere
944 3894 975 3930 a
1006 3877 1247 3944 mortuis,
1276 3888 1322 3930 et
1354 3877 1552 3930 intrare
1578 3876 1632 3927 iu
1678 3874 1900 3945 gloriam
1944 3874 2143 3927 suum!

554 3968 806 4040 Oportuit
830 3971 1050 4041 quippe,
1084 3969 1279 4025 fratres
1300 3968 1630 4033 charissimi,
1679 3974 1736 4020 ut
1779 3967 2139 4037 quemadmo-

557 4063 685 4118 dum
723 4080 819 4134 μοι·
844 4078 1013 4119 ιιιιυιιι
1074 4064 1345 4119 hominem
1403 4063 1701 4117 intraverat
1732 4060 2033 4125 damnatio,
2066 4061 2139 4114 ita

553 4160 607 4211 et
640 4170 735 4225 per
764 4171 929 4210 unum
988 4156 1260 4210 hominem
1316 4155 1470 4209 ﬁeret
1512 4154 1835 4224 redemptio.
1889 4152 2141 4223 Opoitnit

553 4245 743 4312 etiam,
777 4254 833 4299 ut
860 4246 1315 4316 quemadmodum
1354 4247 1517 4301 homo
1532 4244 1803 4300 ceciderat
1833 4259 1930 4313 per
1949 4259 2137 4314 super-

551 4339 727 4406 biant,
792 4339 863 4393 ita
923 4349 1269 4409 repararetnr
1314 4354 1409 4408 per
1454 4337 1831 4392 humilitatem.
1889 4336 2138 4406 Oportttit

2260 1851 2522 1920 quoniam
2547 1852 2644 1915 illi,
2682 1868 2804 1907 eum
2837 1852 3039 1922 quibus
3067 1853 3182 1923 ipsa
3224 1855 3439 1912 charitss
3470 1859 3689 1927 gradietur:

2260 1944 2427 1998 alicui
2452 1960 2481 1999 a
2543 1946 2814 2002 charitate
2843 1960 2964 2000 esse
2999 1961 3111 2000 non
3165 1950 3687 2016 poterant,Domiuamt

2258 2036 2557 2105 hospitium
2588 2048 2803 2103 vocant,
2854 2040 2963 2093 imo
2993 2050 3222 2111 cogunt.
3250 2041 3321 2097 Ex
3369 2058 3459 2111 quo
3496 2044 3687 2114 intelliga-

2258 2130 2385 2183 dtmt
2423 2138 2505 2184 est
2530 2131 2789 2201 quoniam
2817 2131 3064 2202 hospites
3113 2135 3183 2186 ad
3207 2135 3465 2204 hospitium
3500 2138 3685 2191 msulae

2259 2221 2513 2285 vocandi,
2570 2222 2663 2275 sed
2705 2222 2872 2276 etiam
2921 2224 3158 2292 cogendi
3197 2237 3336 2280 sunt.
3371 2227 3546 2297 Antiqui
3578 2232 3689 2298 quipp

2256 2321 2462 2382 patres,
2514 2312 2680 2367 etiam
2733 2314 3043 2383 hospitibus
3085 2316 3441 2382 occurrebant,
3482 2331 3522 2374 et
3555 2334 3687 2387 eosic

2256 2404 2407 2459 vicos
2431 2413 2484 2459 et
2517 2405 2724 2475 plateas
2749 2409 3099 2475 quaerebant,
3126 2420 3182 2466 et
3207 2412 3431 2466 inventos
3454 2427 3545 2467 cum
3578 2416 3687 2482 gaudii

2256 2496 2646 2566 suscipiebant.
2710 2497 3070 2556 Pmtendunt
3121 2505 3283 2575 igitur
3325 2505 3526 2574 discipuli
3558 2504 3687 2559 bonist

2255 2603 2503 2654 causam,
2531 2605 2702 2660 quare
2725 2607 2849 2645 cum
2871 2594 2953 2650 eis
2986 2596 3188 2651 debeat
3219 2596 3475 2668 hospitari,
3506 2614 3591 2653 cum
3616 2602 3686 2652 ab.

2255 2680 2340 2737 dit
2368 2698 2381 2734 :
2416 2680 2596 2747 Mune,
2628 2684 2902 2753 inquiunt,
2932 2688 3232 2752 nobiseum,
3256 2692 3475 2760 quoniam
3496 2692 3688 2756 miram

2254 2774 2377 2839 scit,
2406 2785 2451 2829 et
2474 2776 2732 2833 inclinata
2756 2788 2833 2833 est
2869 2779 2987 2851 jam
3023 2782 3166 2837 dies.
3200 2782 3257 2836 in
3304 2797 3401 2854 quo
3436 2780 3689 2854 »περιμήκιτὲ

2253 2868 2346 2937 qui
2396 2868 2697 2939 hospitibus
2744 2875 2931 2929 dicunt
2977 2875 3233 2931 altiorem
3284 2876 3382 2931 diei
3427 2878 3567 2931 homo
3596 2878 3689 2927 mli-si

2255 2969 2486 3025 restare,
2513 2972 2570 3015 ut
2598 2962 2678 3019 sie
2712 2980 2808 3019 eos
2842 2981 2946 3020 non
2975 2967 3043 3019 ad
3084 2967 3469 3025 remanentium.
3508 2966 3689 3034 κειμὲιε

2255 3053 2324 3105 ad
2363 3056 2820 3125 progrediendum
2859 3058 3077 3130 longius
3103 3060 3349 3114 invitent.
3380 3060 3468 3113 Sed
3486 3058 3689 3112 nosinbrt

2254 3148 2385 3212 mei,
2415 3150 2892 3219 supervenientem
2921 3153 3198 3222 hospitem
3252 3153 3366 3207 sine
3405 3152 3571 3206 ﬁctione
3594 3148 3689 3201 iuit:-

2254 3255 2401 3304 mur,
2432 3254 2705 3311 rogemus,
2752 3257 3030 3312 cngannts,
3075 3246 3506 3313 opportunitatem
3541 3251 3688 3303 tetram

2249 3340 2303 3387 et
2326 3331 2428 3387 ioci
2459 3349 2563 3388 non
2604 3344 3022 3405 praetendamus,
3061 3337 3177 3391 lacti
3203 3336 3538 3406 suscipiamus,
3557 3330 3689 3385 lmine

2248 3427 2328 3480 eis
2360 3425 2755 3484 rninistrcmus.
2812 3430 3012 3499 Quanti
3068 3442 3258 3487 autent
3318 3430 3475 3486 meriti
3509 3429 3560 3481 sit

2250 3515 2458 3582 talitas,
2488 3517 2614 3574 hinc
2639 3531 2868 3591 apparet
2898 3524 3163 3591 quoniam
3196 3524 3453 3577 Abraham
3469 3530 3511 3573 et
3528 3517 3690 3583 labi“

2249 3607 2497 3666 homines
2521 3614 2801 3682 suscipere
2831 3614 2976 3672 soliti
3023 3626 3208 3677 erant,
3241 3614 3463 3687 angelos.
3488 3614 3570 3665 illo
3598 3610 3689 3675 ⁵1⁸⁸³

2249 3697 2419 3754 Deum
2475 3703 2758 3772 suscipere
2810 3716 3133 3760 meruerunt
3196 3703 3348 3777 (Ceu.
3382 3704 3528 3771 μιν).
3559 3698 3689 3766 Quid“

2249 3806 2467 3863 quoque
2528 3797 2954 3867 paterfamilias,
3007 3800 3244 3854 studens
3293 3793 3595 3867 hospitalitati.
3625 3792 3689 3841 las

2247 3887 2483 3954 ‘iuadam
2518 3887 2607 3941 die
2636 3890 2985 3961 peregrinum
3014 3891 3343 3962 susciperet,
3366 3899 3414 3944 et
3455 3888 3495 3942 ei
3527 3878 3689 3955 squ“

2245 3977 2542 4036 abinendas
2584 3997 2781 4041 manus
2809 3985 2925 4056 ipse
2953 3986 3244 4058 porrigere
3272 3988 3440 4051 vellet,
3467 3990 3687 4051 γεραιέ*

2243 4074 2570 4140 comparuit.
2596 4077 2691 4129 sed
2738 4076 2791 4131 in
2841 4078 3053 4134 visione
3089 4081 3271 4136 noctis
3296 4080 3343 4135 ei
3389 4078 3536 4132 dixit:
3564 4070 3688 4124 tilde

2246 4162 2324 4217 ris
2348 4164 2538 4220 diebus
2572 4182 2660 4221 me
2690 4167 2745 4222 in
2777 4170 3040 4225 membris
3071 4173 3212 4227 meis
3244 4168 3516 4241 suscepisti.
3541 4178 3601 4217 ⁸⁸
3626 4172 3687 4212 ⁸³

2243 4254 2298 4310 in
2360 4273 2477 4312 mea
2537 4260 2829 4332 suscepisti
2878 4278 3136 4335 persona.
3172 4283 3194 4319 r
3223 4265 3314 4320 Sic
3359 4263 3500 4318 etiam
3536 4254 3685 4313 Doni!
3740 4272 3741 4307 1

2241 4348 2294 4403 in
2319 4350 2524 4419 judicio
2551 4352 2739 4409 electis
2767 4354 3013 4412 dicturus
3038 4365 3123 4413 est
3156 4376 3170 4412 :
3215 4356 3412 4427 Hospes
3437 4356 3615 4413 emt.“
3634 4342 3687 4394 (θ’

551 4448 766 4504 quoque
793 4438 851 4487 ut
897 4432 1350 4502 quemadmodum
1382 4446 1479 4502 per
1530 4429 1687 4501 primi
1741 4428 1976 4484 hominis
2017 4428 2135 4483 inoo
2167 4482 2211 4545 υ
2238 4441 2435 4513 (egisti.
2485 4445 2806 4518 "manu".
2836 4450 2986 4521 χχν),
3040 4450 3340 4505 secum",
3390 4446 3540 4518 36in",
3576 4439 3683 4490 truta

551 4524 952 4545 .,-.ε,,..εκ.η-,ν,
992 4539 1081 4545 --η
1126 4524 1249 4545 ,εμηε
1868 4522 2132 4545 η-...ε.ι-.υ.ι
2330 4534 2342 4545 .
2404 4537 2414 4545 .
2541 4538 2551 4545 .
2619 4538 2649 4545 ..
2879 4540 2918 4545 μ
3110 4542 3121 4545 ,
3209 4543 3216 4545 .
3394 4539 3405 4545 -
3525 4536 3535 4545 .
3640 4537 3671 4545 Α

548 4524 878 4580 bedientiam
906 4525 958 4581 in
986 4539 1082 4580 esu
1124 4524 1274 4595 ligni,
1328 4526 1620 4601 humanum
1648 4537 1820 4591 genus
1864 4522 2135 4577 ceciderat

550 4617 604 4673 in
658 4619 954 4684 iniseriam,
1013 4618 1087 4672 ita
1144 4632 1238 4688 per
1285 4617 1405 4671 novi
1458 4615 1693 4669 hominis
1746 4613 2129 4679 obedientiam,

550 4709 604 4768 in
635 4722 807 4768 morte
840 4712 968 4785 ligni
1018 4712 1354 4767 revelaretnr
1379 4712 1431 4766 in
1488 4710 1737 4783 gloriam.
1774 4707 1875 4762 νει*
1920 4706 2053 4777 legis
2078 4714 2134 4760 et

551 4805 940 4880 prophetarum
992 4804 1370 4858 auctoritatem
1424 4818 1517 4858 cos
1564 4800 1804 4864 instruit,
1846 4814 1969 4853 cum
2001 4798 2130 4853 sub-

548 4902 627 4959 dit
663 4918 677 4956 :
719 4899 784 4961 Et
826 4899 1078 4970 incipiens
1121 4917 1151 4953 a
1206 4898 1384 4977 Moyse
1433 4908 1481 4952 et
1533 4897 1773 4951 omnibus
1833 4897 2128 4968 prophetis,

546 4990 991 5065 interpretabatur
1038 4994 1112 5049 eis
1162 4990 1486 5069 Scripturas,
1542 5008 1657 5063 qua:
1700 4992 1761 5045 tie
1797 4991 1910 5060 ipso
1956 4998 2126 5043 erant.

544 5086 757 5159 Moyses
788 5086 932 5149 enim
983 5086 1048 5141 de
1082 5086 1201 5156 ipso
1251 5085 1515 5156 prtcdixit.
1548 5082 1864 5153 Prophetam
1905 5083 2129 5136 suscita-

543 5178 616 5245 bit
661 5177 800 5233 robis
850 5176 991 5232 Deus
1021 5193 1084 5231 ea:
1130 5176 1385 5253 fratribus
1432 5176 1636 5240 vestris,
1682 5175 1831 5227 illum
1878 5183 2128 5243 tanquam

544 5285 627 5325 tne
684 5260 913 5322 audietis
972 5268 1152 5339 (Deut.
1204 5269 1382 5339 xvrn).
1439 5267 1725 5338 Propheta:
1776 5280 1907 5321 vero
1973 5263 2126 5334 plura

541 5355 818 5429 apertiora
876 5359 943 5412 tle
972 5358 1191 5413 Christo
1240 5360 1593 5429 scripserunt.
1654 5356 1709 5410 lu
1757 5372 1886 5427 quo,
1928 5355 2127 5409 fratres

542 5452 671 5516 mei,
722 5462 905 5509 nostra
962 5453 1174 5525 pigritLa
1222 5453 1593 5515 confumlitnr,
1650 5450 1738 5520 qui
1787 5448 1899 5518 jam
1954 5449 2124 5519 legero

542 5556 596 5619 et
656 5538 969 5617 [trepitetias
1021 5546 1073 5600 itt
1113 5545 1329 5602 Christo
1365 5544 1684 5615 adirupietas
1731 5544 1985 5609 scientes,
2029 5558 2126 5597 nec

539 5641 606 5692 ael
653 5640 824 5708 ipSam
877 5656 1086 5694 sacram
1139 5640 1475 5709 Scripturam
1521 5637 1874 5708 Spiritualiter
1935 5636 2125 5691 intelli-

536 5730 791 5798 gendum,
845 5746 947 5785 nec
972 5733 1038 5785 ad
1080 5746 1244 5801 opere
1283 5728 2000 5809 complendam,invigilare
2030 5744 2125 5784 cu-

536 5833 744 5882 ramus.

2239 4534 2368 4602 mei,
2403 4537 2846 4607 hospitalitatem.
2878 4540 2943 4595 Et
2974 4550 3033 4596 nt
3072 4542 3152 4597 ait
3190 4539 3481 4612 Apostolus,
3502 4536 3683 4589 sint"

2237 4630 2567 4685 murationc.
2627 4630 2891 4688 invitatus
2945 4633 3110 4705 igitur
3162 4634 3416 4689 Dominus
3456 4637 3502 4683 et
3528 4620 3681 4680 ὡιιίυίί

2234 4732 2454 4777 Coactus
2488 4739 2517 4777 a
2544 4723 2677 4790 suis,
2705 4725 3001 4780 concessit.
3039 4725 3106 4780 Et
3138 4727 3355 4780 intrarit
3399 4738 3499 4778 erat
3518 4710 3682 4771 illis.”

2233 4810 2515 4866 cissimuin
2565 4814 2763 4884 quippe
2836 4823 2921 4870 est
2969 4815 3149 4871 amico
3186 4831 3312 4870 cum
3359 4800 3675 4874 smieisrptth".

2231 4912 2285 4957 et
2314 4918 2438 4958 cum
2471 4903 2670 4959 invidis
2720 4914 2782 4960 et
2811 4906 3015 4962 odiosis
3061 4906 3273 4977 epulari
3302 4915 3515 4960 atusrel
3544 4888 3677 4951 ιιι-κ’

2236 5007 2407 5063 ergo,
2463 4994 2699 5061 fratres,
2754 5011 2876 5051 cum
2924 4998 3080 5054 bonis
3119 5008 3173 5053 et
3219 4998 3403 5052 amicis
3441 4987 3675 5047 Half“?

2231 5083 2330 5139 lari
2386 5086 2719 5157 gaudeamus
2757 5104 2773 5154 ;
2820 5089 3027 5160 epulari
3075 5105 3206 5145 vero
3255 5105 3375 5145 cum
3407 5083 3535 5141 eisiis
3567 5086 3602 5132 ει
3628 5072 3673 5121 ί

2230 5177 2389 5233 micis
2435 5180 2659 5247 nostris,
2705 5181 2810 5236 nisi
2854 5182 2995 5237 forte
3043 5197 3209 5237 causa
3253 5197 3347 5236 eos
3384 5180 3477 5233 Des
3512 5174 3670 5225 ira"

2228 5268 2515 5340 fugiamus.

2234 5366 2235 5369 “
2302 5365 2560 5433 Sequitur
2601 5380 2730 5436 pars
2759 5365 2972 5435 quinta,
3021 5383 3073 5422 tn
3100 5380 3205 5436 qua
3235 5361 3465 5434 discipuli
3488 5354 3667 5436 »εωέ
3732 5380 3733 5436 i

2228 5456 2515 5511 Dominum
2562 5434 2614 5512 iri
2671 5434 2937 5515 fractione
2982 5434 3171 5531 panis,
3220 5473 3342 5512 cntn
3383 5454 3602 5509 subditur!
3635 5434 3663 5487 Β

2227 5547 2425 5616 factum
2448 5559 2540 5612 est,
2573 5550 2696 5603 dum
2737 5551 3059 5605 recumberet
3084 5566 3199 5604 eum
3223 5554 3315 5611 eis,
3359 5541 3522 5610 σιαρίι
3548 5544 3661 5603 μ⁸⁴¹

2226 5639 2508 5703 benedixit,
2540 5642 2716 5712 fregit,
2762 5654 2809 5697 et
2854 5645 3155 5713 porrigebat
3200 5643 3326 5695 illis.
3357 5639 3417 5694 Et
3456 5630 3659 5702 alii?le

2223 5732 2363 5785 00"“
2391 5748 2605 5796 ουνυιιιι
2628 5742 2683 5787 ει
2702 5743 3072 5803 cognoverunt
3093 5749 3238 5788 eum.
3275 5734 3419 5793 Dum,
3443 5736 3657 5781 marrae“

2234 5824 2512 5895 Dominus.
2545 5839 2740 5894 panem
2767 5826 3043 5883 benedicit
3086 5839 3140 5884 et
3162 5826 3376 5897 frangit,
3419 5811 3655 5889 ωευοθσιίτι
