3826 6338
143 328 249 390 ιϐϐι

872 325 1176 396 ιιοιιιιιυε
1214 331 1280 396 tu
1316 310 1536 396 EPIST-
1572 326 1662 396 ET

1773 330 1946 421 uno.
1987 337 2290 402 DOMINIC.
2325 369 2397 381 —
2431 333 2615 399 rans
2648 329 2692 396 ι.

3224 335 3360 425 ἰδοῦ

139 447 277 502 .nulto
320 446 518 504 felicius
549 446 763 504 illorum
795 451 968 506 oculis
1005 453 1206 530 apertis
1235 454 1301 510 ad
1333 462 1670 525 cognoscen-
1697 451 1747 526 Α
1776 451 1894 514 sine
1917 454 2142 524 invidia,
2174 457 2427 530 gaudium
2458 460 2575 518 sine
2610 459 2852 528 tristitia,
2884 459 3212 526 abundantia
3235 469 3356 532 sine

137 541 238 597 ium
266 551 453 596 natura:
487 557 598 596 suae
653 542 705 598 iu
739 544 958 602 Christo
1000 545 1465 618 glorificationem,
1505 561 1668 620 quam

131 633 387 704 ririmorutn
450 645 735 708 parentqu
787 636 853 692 ad
921 640 1360 710 cognoscendum
1411 643 1670 712 concupi-

134 727 318 782 scentiae
352 743 460 784 sum
508 729 902 796 confusionem.
939 729 1005 786 Et
1053 747 1224 804 quare
1265 731 1526 792 Dominus
1559 751 1666 794 non

142 836 171 875 ιι
213 835 358 875 sacra:
408 819 702 893 Scriptura:
739 823 1101 894 expositione,
1133 825 1227 880 sed
1273 826 1324 882 in
1357 827 1512 898 panis
1555 829 1669 884 i'ra-

126 912 278 968 .‘lionc
299 913 682 983 cognoscitur?
734 912 867 982 Quia
900 915 1074 971 bonus
1109 926 1294 986 pastor
1319 917 1438 989 plus
1469 933 1670 992 cogno-

123 1004 270 1059 scitur
292 1005 564 1074 operando
595 1021 756 1075 qnam
795 1005 1157 1076 praedicando,
1182 1007 1301 1080 plus
1328 1008 1380 1064 in
1403 1010 1670 1068 charitate

119 1114 266 1172 quam
297 1099 342 1156 in
365 1113 636 1164 sermone,
667 1099 786 1172 plus
815 1116 874 1156 se
918 1109 973 1156 et
1019 1115 1116 1158 sua
1146 1117 1244 1172 pro
1273 1101 1534 1159 fratribus
1560 1112 1671 1160 tra-

118 1191 294 1256 dendo,
323 1207 478 1262 quam
507 1192 624 1248 solo
648 1208 898 1250 sermone
934 1193 1016 1250 eis
1045 1193 1410 1265 prmdicando.
1453 1194 1671 1266 Majoris

116 1283 244 1338 enim
287 1283 529 1342 eilicacize
579 1294 704 1340 sunt
751 1286 802 1340 in
851 1285 1109 1362 subjectis
1158 1287 1442 1359 exempla,
1503 1305 1669 1360 quam

115 1375 282 1430 rerba.
318 1375 625 1450 Propterea,
662 1379 856 1436 fratres
893 1378 1022 1445 mei,
1077 1378 1122 1438 si
1165 1381 1234 1436 ad
1270 1380 1406 1442 bene
1450 1379 1670 1452 loquen-

110 1467 248 1534 dnut,
291 1471 453 1544 magis
511 1480 689 1530 tamen
730 1475 1046 1532 Studeamus
1099 1475 1168 1532 ad
1206 1476 1344 1538 heue
1379 1477 1666 1546 agendum.

110 1557 174 1616 Et
204 1562 320 1634 ipse,
351 1562 544 1632 inquit,
579 1565 788 1622 evanuit
815 1564 879 1620 ab
910 1565 1074 1620 oculis
1119 1582 1318 1628 eorum.
1366 1566 1471 1624 Sed
1501 1583 1670 1638 quare

105 1655 374 1722 Dominus,
420 1657 620 1724 fratres
669 1657 1000 1724 charissimi,
1064 1658 1344 1730 discipulis
1403 1661 1516 1718 suis
1545 1659 1672 1722 fecit

102 1759 277 1810 tamen
309 1749 464 1814 breve
488 1751 762 1824 gaudium,
792 1761 848 1814 ut
876 1768 1000 1808 mox
1050 1752 1266 1824 agnitus
1297 1768 1420 1812 mox
1467 1767 1668 1816 evane-

1773 547 2006 615 defectu,
2030 551 2298 608 securitas
2320 552 2438 616 sine
2465 563 2631 620 metu,
2672 553 2782 610 vita
2811 554 2932 616 sine
2955 563 3150 624 morte,
3180 558 3356 625 beati-

1777 644 1903 720 tudo
1929 643 2047 702 sine
2073 645 2201 710 fine.
2229 644 2312 708 Ad
2367 663 2532 720 quam
2565 647 2826 718 perducat
2872 663 2972 712 nos
3005 651 3354 724 omnipotens

1771 748 1827 796 et
1853 739 2163 800 misericors
2187 740 2465 798 Dominus.
2495 740 2689 800 Amen.

2339 876 2620 934 HOMILIA
2659 875 2791 934 LIV.

2135 1007 2386 1050 DOMINICA
2427 1007 2589 1048 PRIIIA
2628 1008 2759 1048 POS‘I‘
2796 1006 3014 1051 Ριςοιιι.

1845 1107 2012 1170 Omne
2057 1110 2196 1181 quod
2247 1118 2428 1166 natium
2463 1117 2540 1164 est
2591 1123 2656 1162 ex
2700 1106 2832 1174 Deo,
2889 1107 3049 1168 vincit
3097 1108 3353 1172 mundum

1771 1199 1955 1273 (Joan.
1991 1201 2068 1271 ν),
2119 1211 2227 1272 etc.
2291 1201 2583 1270 Quoniam,
2635 1200 2833 1264 fratres
2863 1200 2990 1267 mei,
3035 1200 3352 1272 quibusdam

1772 1307 1936 1362 grave
1981 1295 2194 1356 videtur
2241 1293 2459 1361 vincere.
2514 1294 2778 1358 malitiam
2840 1293 3025 1360 mundi
3056 1335 3072 1362 ,
3119 1294 3352 1354 ostendit

1767 1387 2079 1458 Apostolus.
2115 1387 2168 1454 in
2229 1389 2333 1452 hac
2383 1388 2630 1454 lectione,
2683 1388 2856 1458 primo
2895 1391 3017 1458 quis
3059 1388 3130 1450 sit
3185 1388 3352 1450 vietor

1771 1478 1979 1538 mundi.
2011 1477 2261 1542 Secundo
2290 1493 2386 1549 per
2433 1494 2553 1549 qua:
2582 1479 2764 1536 vincat
2817 1493 2964 1536 eum.
3015 1477 3198 1536 Tertio
3230 1493 3352 1549 pro-

1771 1569 1865 1636 hat
1903 1569 2232 1635 tPStimoniis
2255 1585 2378 1638 eum
2415 1579 2622 1628 tantmn
2651 1579 2704 1630 et
2745 1567 2905 1630 talem
2936 1582 3056 1628 esse
3079 1567 3171 1639 qui
3201 1583 3352 1632 mun-

1771 1662 1899 1726 dum
1930 1663 2100 1734 possit
2131 1663 2373 1726 vincere.
2408 1663 2712 1724 Ostendens
2737 1678 2868 1736 ergo
2915 1663 3089 1733 primo
3115 1661 3238 1732 quis
3284 1661 3352 1724 sit

1773 1755 1945 1814 vietor
1973 1756 2180 1821 mundi,
2211 1757 2289 1818 ait
2320 1776 2334 1816 :
2391 1754 2558 1818 Omne
2602 1755 2742 1826 quod
2788 1765 2968 1816 natum
3013 1765 3086 1812 est
3116 1771 3182 1812 ea:
3217 1755 3353 1822 Deo,

97 1840 319 1905 sceret?
365 1839 434 1904 Ut
485 1856 579 1896 eos
607 1849 830 1914 propter
859 1841 1114 1916 gaudium
1151 1852 1206 1904 et
1258 1859 1411 1902 suam
1439 1844 1668 1910 tat'dita-
1699 1837 1746 1898 Β
1777 1847 1932 1910 vincit
1982 1847 2259 1910 inundant.
2303 1847 2446 1908 Sunt
2475 1856 2680 1912 autem,
2741 1845 2936 1908 fratres
2963 1847 3091 1912 mei,
3124 1856 3234 1906 tres
3260 1862 3351 1904 na-

95 1943 207 1996 tem
249 1932 474 2004 nonduin
511 1933 702 2006 dignos
749 1934 905 2006 longa
937 1935 1018 1996 sui
1073 1935 1278 2004 visione
1328 1939 1671 2000 demonstra-

91 2035 200 2092 ret,
235 2036 289 2084 ut
339 2042 432 2090 eos
465 2027 737 2102 propriam
795 2027 1108 2090 tarditatem
1140 2044 1404 2092 accusare
1447 2031 1670 2099 faceret,

91 2128 157 2182 ut
181 2120 258 2178 eis
307 2120 602 2187 agilitatem
655 2128 710 2180 et
756 2119 1064 2184 libertatem
1122 2132 1327 2178 naturae
1361 2123 1672 2193 glorificataz

89 2215 514 2284 demonsuaret,
553 2215 606 2284 in
655 2216 735 2272 eis
771 2215 946 2286 majus
987 2216 1074 2279 sui
1108 2217 1434 2282 desiderium
1482 2234 1672 2280 accen-

83 2308 268 2386 deret;
300 2307 450 2378 Unde
502 2317 558 2370 et
618 2307 868 2372 subditur
914 2312 1012 2370 eos
1063 2309 1303 2372 dixisse:
1345 2309 1535 2368 Nonne
1583 2328 1672 2368 cor

83 2412 329 2468 nostrum
357 2401 548 2466 ardens
595 2412 706 2466 erat
738 2402 792 2462 iu
825 2402 971 2464 nobis
999 2402 1062 2460 de
1096 2401 1222 2466 .iesu
1266 2403 1404 2472 (ιιι),
1432 2405 1560 2464 dum
1585 2406 1670 2462 io.-

73 2506 330 2565 σημείων
354 2496 502 2560 nobis
555 2495 608 2554 in
641 2495 752 2560 pia,
787 2505 835 2558 et
887 2495 1110 2564 aperiret
1152 2495 1297 2560 nobis
1327 2495 1673 2567 Scriptores}

70 2589 298 2654 Ardeas
327 2587 544 2658 quidem
577 2597 696 2652 erat
729 2603 823 2646 cor
855 2603 1042 2652 eorum
1095 2587 1162 2646 de
1205 2587 1357 2653 lcsu,
1389 2589 1515 2648 dum
1545 2608 1668 2650 eum

71 2687 447 2749 exponentem
483 2677 800 2749 Scripturas
837 2679 1108 2744 atnlirent,
1135 2681 1228 2740 sed
1250 2682 1529 2738 ardentius
1547 2684 1668 2750 fuit,

77 2773 214 2834 dum
253 2771 467 2848 agnitus
489 2770 558 2826 ab
580 2771 754 2830 oculis
783 2787 971 2832 eorum
997 2772 1234 2835 evanuit.
1291 2773 1402 2830 Nos
1429 2791 1667 2848 quoque,

75 2865 284 2934 fratres
325 2865 451 2930 mei,
508 2880 629 2924 cum
691 2866 940 2930 audimus
971 2867 1250 2928 Christum
1283 2869 1336 2928 in
1374 2870 1670 2940 Scripturis

69 2960 414 3028 loquentem,
447 2959 702 3015 ardentes
733 2975 876 3031 smpe
908 2975 1118 3016 sumus.
1170 2961 1298 3029 Sed,
1331 2962 1374 3017 si
1412 2978 1508 3033 per
1536 2980 1672 3019 con.

71 3053 518 3124 templationem,
571 3051 798 3124 relper
847 3052 1087 3124 aliquant
1119 3054 1502 3112 revelationem
1553 3057 1669 3128 ejus

60 3147 427 3202 dulcedinem
464 3146 706 3218 apertius
742 3157 1050 3218 gustamus.
1097 3157 1304 3218 quanto
1356 3151 1529 3222 magis
1580 3167 1670 3206 ar-
1699 3193 1714 3222 λ

55 3238 358 3306 acutiores,
400 3239 662 3300 efficimur
689 3241 712 3300 ἲ
744 3238 854 3298 Sed
877 3239 1094 3309 quando
1130 3238 1246 3310 ipse
1295 3252 1500 3298 remota
1527 3244 1668 3299 nube

52 3332 231 3398 dab-it
260 3348 324 3396 sc
353 3333 508 3394 nobis
561 3331 702 3390 facio
743 3333 812 3390 ad
854 3332 1049 3389 faciem
1098 3335 1151 3389 in
1179 3343 1440 3396 zelernum
1469 3337 1666 3400 videri,

48 3435 288 3497 quanto
339 3427 538 3496 magis.
571 3425 794 3494 fratres,
826 3437 956 3484 tunc
987 3429 1192 3486 osinius
1222 3429 1584 3485 ardentissimi
1612 3428 1666 3484 in

41 3534 263 3582 amore
289 3518 458 3590 eius?

131 3615 428 3684 Sequitur
463 3629 593 3685 pars
620 3622 795 3680 sexta.
827 3613 880 3670 in
915 3629 1021 3686 qua
1051 3630 1110 3672 se
1143 3614 1430 3678 Dominum
1469 3614 1670 3670 vidisse

34 3715 372 3766 recurrunt
398 3723 522 3766 eum
559 3707 840 3779 discipulis
865 3708 1134 3764 nuntiare.
1185 3708 1230 3764 0
1264 3721 1390 3764 vera
1424 3708 1668 3764 charitas

28 3813 315 3869 veraque
343 3799 682 3866 fraternitas,
705 3815 872 3872 quam
923 3817 1022 3857 nec
1071 3817 1223 3858 ctrina
1271 3802 1535 3872 aptmsita,
1568 3817 1668 3857 nec

27 3909 162 3954 nox
209 3891 440 3948 instans
484 3891 661 3961 p0tuit
712 3891 1022 3957 retardare,
1052 3891 1186 3962 quin
1217 3892 1473 3963 gaudium
1512 3907 1668 3946 stium

29 3992 445 4046 recurrerent
471 3999 596 4042 mox
627 3984 1000 4050 eonfratribns
1048 3983 1165 4039 suis
1217 3983 1666 4040 eommunioarel

25 4078 170 4140 Sic.
209 4077 433 4138 fratres
459 4077 590 4144 mei,
622 4077 701 4134 sic
724 4078 884 4134 debet
933 4077 1116 4133 facere
1165 4091 1292 4132 vera
1316 4077 1576 4140 charitas,
1611 4082 1672 4132 ut

25 4168 331 4240 gaudium
361 4167 748 4238 prosperitatis
765 4182 877 4223 suae
903 4165 1226 4237 quantocius
1251 4165 1469 4221 iestinet
1494 4165 1670 4220 amico

25 4259 348 4322 duritiam.
371 4267 433 4314 ut
455 4259 659 4328 pariter
683 4259 956 4329 gaudeant
976 4259 1067 4330 qui
1089 4272 1213 4316 sese
1240 4257 1442 4329 pariter
1464 4265 1668 4313 amant.

43 4361 250 4421 taque
289 4361 573 4422 surgentes
599 4351 778 4410 eodem
803 4351 955 4418 liora,
987 4351 1179 4407 reuersi
1221 4351 1420 4410 suntin
1443 4348 1667 4406 derasa-

26 4460 170 4508 em,
201 4453 258 4500 et
293 4444 613 4502 inuenerunt
654 4453 994 4516 congregatos
1039 4443 1317 4510 undecim,
1346 4451 1392 4497 et
1445 4458 1529 4497 eos
1580 4441 1669 4513 qni

1774 1940 2035 2004 tivitates,
2061 1941 2234 2008 prima
2262 1940 2464 2006 divina,
2494 1940 2730 2000 secunda
2759 1939 3015 2006 carnalis,
3058 1939 3218 1996 tertia
3243 1939 3352 2010 spi—

1774 2033 2001 2090 ritnalis.
2035 2033 2344 2096 Secundum
2381 2035 2634 2104 primam,
2687 2043 2846 2091 natus
2895 2045 2980 2090 est
3031 2036 3102 2090 ah
3145 2043 3351 2090 esterno

1775 2123 2119 2182 ineii'abiiitor
2139 2134 2194 2180 ut
2222 2124 2334 2180 Deo
2377 2124 2539 2180 Patro
2579 2124 2672 2182 Dei
2702 2125 2908 2189 Filius;
2940 2125 3234 2181 secundum
3265 2139 3352 2179 se-

1771 2219 2027 2282 cundam,
2091 2218 2334 2274 noscitur
2381 2216 2622 2288 quotidie
2674 2217 2970 2273 carnaliter
3023 2219 3090 2273 de
3138 2216 3353 2273 homine

1773 2312 1938 2368 homo
1969 2327 1984 2376 ;
2034 2313 2332 2368 secundum
2367 2311 2606 2374 tertiam,
2660 2309 2904 2380 quotidie
2935 2325 3031 2380 per
3077 2324 3272 2380 aquam
3300 2316 3352 2366 et

1771 2401 2034 2472 Spiritum
2073 2413 2338 2467 sanctum,
2370 2403 2530 2460 homo
2567 2418 2755 2458 servus
2791 2401 2996 2472 peccmi
3028 2402 3353 2468 renascitur,

1774 2504 1832 2552 ut
1859 2495 1930 2554 sit
1953 2495 2245 2564 adoptivus
2285 2494 2376 2552 Dei
2413 2495 2602 2550 Filius.
2636 2495 2712 2550 De
2741 2497 2915 2566 prima
2945 2495 3077 2551 dicit
3103 2494 3264 2551 Pater
3289 2493 3353 2550 ad

1770 2589 2013 2650 Filium:
2063 2591 2198 2645 Ante
2246 2589 2532 2659 luciferum
2571 2590 2728 2660 genui
2775 2598 2825 2644 te
2875 2586 3051 2657 (Psal.
3099 2589 3234 2658 cu).
3280 2587 3354 2648 De

1771 2684 2009 2742 secunda
2039 2683 2166 2738 dicit
2195 2682 2360 2737 David
2390 2700 2403 2736 :
2439 2681 2506 2736 In
2530 2682 2756 2750 peccatis
2803 2680 3035 2751 concepit
3082 2697 3161 2734 tne
3191 2689 3353 2734 mater

1771 2790 1886 2833 mea
1913 2773 2088 2842 (Psal.
2121 2776 2195 2838 ι).
2256 2773 2330 2828 De
2385 2774 2542 2828 tertia
2594 2772 2835 2828 dicitur:
2873 2772 3136 2840 Quotquot
3183 2777 3353 2830 autem

1769 2875 2070 2934 receperunt
2093 2881 2234 2928 eum,
2264 2865 2474 2920 scilicet
2513 2865 2810 2932 Christum,
2851 2865 2993 2920 dedit
3022 2865 3098 2920 eis
3139 2871 3338 2932 potata
3367 2885 3380 2895 ~

1771 2968 1870 3012 tem
1901 2957 2038 3027 ﬁlios
2068 2957 2159 3011 Dei
2185 2957 2334 3027 ﬁeri;
2366 2959 2449 3012 Itis
2477 2959 2566 3029 qui
2595 2959 2814 3013 credunt
2857 2960 2910 3012 in
2957 2958 3166 3013 nomine
3219 2956 3354 3028 ejus,

1770 3051 1860 3120 qui
1913 3066 2013 3104 non
2049 3066 2114 3104 ex
2141 3050 2506 3120 sanguinibus,
2559 3066 2720 3121 neque
2753 3066 2818 3106 ea;
2846 3049 3114 3105 voluntate
3161 3049 3354 3114 carnis,

1771 3144 1862 3199 sed
1891 3160 1962 3199 ea:
1984 3143 2088 3198 Deo
2116 3144 2226 3197 nati
2251 3153 2374 3198 sunt
2419 3141 2602 3215 (Joan.
2634 3145 2739 3213 ut).
2772 3143 2972 3214 Itaque,
3007 3141 3202 3198 fratres
3228 3140 3354 3207 mel,

1723 3233 1739 3256 ³
1772 3233 2006 3288 carnalis
2056 3233 2360 3304 generatio,
2401 3234 2527 3304 quia
2584 3233 2643 3289 iit
2693 3249 2789 3304 per
2833 3233 3105 3289 carnalem
3161 3246 3330 3287 concu

1771 3327 2115 3398 piseentiam,
2148 3343 2256 3383 non
2291 3328 2461 3383 vincit
2502 3327 2690 3382 mundi
2716 3327 3236 3398 concupiscentiam,
3263 3325 3354 3381 sed

1769 3419 1819 3475 ei
1862 3419 2284 3474 eonfwtleratnr.
2321 3419 2446 3477 Sola
2479 3419 2661 3474 divina
2714 3419 2992 3484 nativitas,
3021 3427 3076 3474 et
3100 3419 3354 3490 Spiritus-

1770 3510 1838 3565 iis
1867 3511 2147 3578 nativitas,
2213 3513 2340 3583 quia
2390 3513 2642 3568 fortiores
2692 3521 2818 3568 sunt
2871 3513 3096 3578 mutulo,
3136 3513 3353 3567 vincunt

1772 3604 2050 3658 mundum.
2081 3603 2232 3660 Unde
2263 3604 2520 3660 Dominus
2565 3605 2640 3660 ait
2671 3622 2686 3660 ι
2720 3605 2787 3660 In
2815 3606 3012 3660 mundo
3053 3621 3355 3676 pressuram

1769 3695 2146 3759 habebitis,sed
2165 3696 2431 3764 conﬁdite,
2466 3697 2589 3769 quia
2619 3713 2711 3768 ego
2767 3695 2864 3750 vici
2887 3698 3140 3750 mundum
3173 3695 3354 3765 (Joan.

1772 3791 1907 3861 svr).
1941 3789 2050 3845 Sed
2080 3788 2250 3844 Filius
2277 3789 2368 3845 Dei
2403 3790 2671 3846 naturalis
2698 3807 2794 3864 per
2845 3806 2904 3846 se
2933 3801 2988 3847 et
3017 3790 3224 3848 viribus
3244 3791 3355 3847 suis

1771 3883 1940 3937 vineit
1966 3883 2252 3947 mundum,
2290 3881 2433 3938 illius
2465 3898 2595 3937 vero
2643 3883 2737 3938 Dei
2783 3883 3067 3954 adoptivus
3112 3899 3215 3938 non
3260 3897 3355 3954 per

1772 3989 1852 4040 se,
1877 3974 1970 4029 sed
1996 3989 2093 4045 per
2122 3973 2318 4029 Filium
2351 3974 2660 4030 naturalem
2707 3974 2872 4030 rincit
2901 3977 3180 4030 tnnndum.
3203 3975 3356 4035 Unde

1772 4066 1941 4121 Filius
1970 4067 2062 4122 Dei
2095 4068 2354 4124 naturalis
2411 4068 2534 4123 iiiiis
2579 4068 2845 4140 adoptivis
2874 4067 3052 4124 dixit:
3099 4069 3226 4125 Sine
3276 4085 3356 4126 me

1773 4157 1904 4212 nihil
1934 4159 2370 4229 potestis.fscere
2425 4159 2610 4231 (Joan.
2663 4160 2773 4229 xv).
2823 4160 3126 4228 Quomodo,
3163 4161 3356 4222 fratres

1772 4254 1900 4319 mei,
1929 4253 2244 4310 Vincentius
2269 4263 2324 4310 et
2356 4255 2700 4323 Laurentius,
2732 4257 3028 4326 caeterique
3067 4263 3352 4328 martyres,

1772 4346 1866 4417 qui
1899 4347 2084 4418 utique
2105 4357 2265 4403 erant
2321 4363 2452 4403 caro
2501 4348 2730 4420 fragilis,
2769 4355 2993 4419 possent
3049 4357 3127 4404 tot
3179 4355 3354 4402 terua-

1774 4431 1954 4496 menta
1991 4451 2045 4496 et
2095 4449 2360 4496 tormenta
2423 4442 2607 4496 mundi
2676 4443 2914 4508 vincere,
2953 4441 3053 4496 nisi
3089 4441 3228 4496 Deus
3261 4456 3354 4496 cos

26 4553 160 4592 ’κω
191 4536 348 4606 ipsis
371 4547 552 4601 erant,
575 4537 806 4592 dicentes
843 4537 971 4608 quin
999 4537 1223 4598 surrexit
1257 4535 1510 4592 Dominus
1533 4551 1663 4598 vere,
1697 4564 1745 4624 υ
1777 4541 2067 4598 armasset,
2122 4543 2176 4588 et
2224 4549 2321 4604 per
2376 4549 2468 4589 eos
2498 4534 2766 4589 vicisset?
2814 4533 3154 4588 Nullomodo.
3189 4531 3355 4588 Nemo

29 4641 62 4684 ι
109 4632 406 4701 apparuit
425 4631 652 4688 Simoni.
681 4629 747 4684 Et
765 4630 868 4699 ipsi
893 4631 1180 4690 narrabant
1207 4645 1324 4699 qua:
1351 4639 1494 4700 gesta
1519 4638 1666 4683 erant

26 4743 80 4779 re
137 4724 272 4788 eia,
317 4734 371 4778 et
429 4723 690 4794 quomodo
740 4733 1088 4794 cognoverunt
1137 4738 1254 4778 eum
1313 4722 1368 4775 in
1416 4721 1670 4790 fractione

33 4818 224 4870 anis.
271 4815 433 4872 Hinc
489 4822 544 4869 et
599 4815 722 4870 inde
774 4814 1059 4872 manifesta
1088 4812 1289 4868 Christi
1348 4812 1670 4868 resurrectio

37 4921 344 4962 ovorum
375 4906 619 4961 cumulat
648 4905 932 4962 materiam
966 4904 1312 4976 gaudiorum,
1340 4912 1392 4958 et
1423 4917 1668 4958 eommu-
1724 4896 1727 4899 ’

39 5001 188 5055 iter
253 4999 542 5071 gaudent,
593 4997 684 5068 qtti
738 5013 1077 5053 communem
1134 4995 1399 5067 gaudendi
1450 5009 1671 5052 causam

29 5093 288 5149 aberit.
328 5092 432 5148 Sic
461 5093 590 5157 erit,
619 5091 818 5146 fratres
870 5089 996 5154 mei,
1037 5089 1094 5144 in
1141 5087 1230 5142 illa
1276 5085 1515 5158 generali
1547 5085 1672 5140 bea-

28 5202 229 5244 Drum
296 5181 1093 5252 resurrectione._Communis
1141 5196 1304 5236 causa
1361 5178 1670 5236 communia

27 5277 256 5335 audia
293 5277 618 5349 generabit.
645 5276 710 5330 Et
735 5288 1080 5332 communem
1132 5271 1349 5343 quidem
1391 5270 1516 5325 dioo
1543 5284 1674 5324 catt-

27 5389 170 5436 um,
227 5385 432 5425 testam
455 5371 510 5425 in
537 5367 787 5425 omnibus
812 5367 1158 5432 chaﬁtatem,
1187 5380 1306 5435 qua:
1363 5363 1526 5418 faciet
1546 5376 1675 5432 pro-

31 5468 138 5521 ria
170 5464 565 5536 singulorum
597 5465 734 5518 bona
764 5477 862 5534 per
887 5460 1212 5516 charitatom
1236 5456 1486 5513 omnibus
1515 5471 1670 5512 com-

29 5563 264 5617 iunia.
325 5559 481 5614 Dum
533 5559 762 5630 quisque
813 5557 1017 5612 amabit
1073 5555 1300 5628 gloriam
1356 5563 1562 5608 tantum
1616 5552 1670 5608 in

28 5656 346 5718 roximo,
412 5662 677 5724 quantum
709 5652 763 5706 in
795 5651 1104 5720 semetipso.
1141 5647 1223 5704 Ad
1261 5647 1348 5702 illa
1378 5661 1532 5716 ergo,
1557 5644 1672 5700 fra-

27 5765 126 5804 'cs
157 5745 562 5810 charissimi,
603 5744 922 5802 festinemus
970 5743 1186 5813 gaudia,
1235 5739 1327 5796 ubi
1363 5741 1467 5796 erit
1500 5737 1670 5812 gloria

65 5861 217 5938 (ιι)
289 5861 473 5932 Vulg.
501 5875 608 5919 non
642 5858 771 5918 hab.
799 5859 864 5916 de
888 5855 1038 5916 Iesu.

1777 4629 1941 4701 igitur
1968 4626 2122 4682 fortis
2151 4626 2385 4681 confidat
2442 4627 2508 4682 de
2561 4625 2770 4680 viribus
2817 4625 3096 4700 propriis;
3141 4639 3266 4686 nam
3307 4623 3353 4679 si

1772 4722 1875 4778 hoc
1905 4720 2052 4784 facit,
2081 4717 2341 4774 vincitur.
2393 4717 2513 4790 ipse
2536 4720 2745 4790 primus
2778 4728 2963 4790 pastor
2987 4717 3200 4784 Petrus,
3226 4711 3353 4774 dum

1772 4816 1837 4870 de
1867 4831 1925 4870 se
1951 4812 2252 4886 pra‘sumit,
2294 4813 2543 4886 negando
2585 4813 2810 4879 corruit.
2861 4811 3166 4868 Ostendens
3192 4810 3355 4884 igitur

1773 4907 2050 4979 apostolus
2076 4907 2220 4978 quod
2253 4905 2501 4962 Christus
2538 4906 2684 4961 solus
2717 4905 2885 4960 vincit
2917 4905 3199 4974 mundum,
3226 4905 3355 4960 sub-

1773 5004 1886 5068 dit;
1929 5001 1993 5056 Et
2021 5003 2131 5056 lucc
2178 5011 2254 5057 est
2299 5001 2514 5056 victoria
2556 5017 2675 5071 qua:
2725 5000 2877 5053 vincit
2920 4999 3193 5070 arandum,
3223 4997 3354 5070 ﬁdes

1774 5105 1975 5160 nostra,
2010 5095 2060 5148 ld
2085 5093 2432 5150 estChristus
2459 5108 2619 5162 quem
2675 5093 2968 5148 credimus.
3018 5091 3085 5151 Et
3113 5106 3216 5146 non
3266 5105 3354 5170 so:

1773 5185 1880 5238 lum
1914 5185 2046 5255 ipse,
2074 5186 2167 5241 sed
2204 5185 2366 5240 etiam
2407 5184 2492 5238 ille
2538 5183 2628 5254 qui
2680 5183 2728 5237 ei
2780 5183 3015 5244 adineret
3052 5196 3177 5237 vera
3228 5181 3350 5254 fide,

1771 5277 1940 5332 vincit
1982 5279 2260 5333 mundum.
2313 5277 2464 5333 Unde
2506 5286 2560 5331 ct
2612 5277 2791 5332 subdit
2828 5293 2840 5330 :
2887 5274 2953 5330 Et
2985 5277 3101 5354 quis
3141 5285 3215 5331 est
3264 5259 3354 5352 qui

1772 5371 1932 5426 vincit
1960 5373 2239 5436 mundum,
2272 5372 2374 5425 nisi
2404 5371 2493 5442 qni
2523 5372 2712 5434 credit,
2747 5371 2850 5426 fide
2901 5387 2997 5444 per
3025 5373 3348 5442 charitalem

1771 5473 2030 5536 cperante
2078 5464 2221 5536 (Gal.
2249 5465 2326 5536 v),
2371 5466 2498 5536 quia
2562 5464 2808 5540 Christus
2845 5464 3003 5520 Jews
3054 5460 3131 5529 est
3169 5465 3349 5524 Filius

1786 5557 1904 5613 Dei.
1963 5557 2212 5613 Secundo
2247 5572 2345 5627 per
2391 5575 2510 5630 qua:
2549 5557 2798 5613 Christus
2856 5558 3037 5614 vincat
3068 5560 3346 5636 mundum,

1773 5651 2007 5707 ostendit
2037 5651 2328 5720 Apostolus
2360 5650 2602 5708 subdens
2641 5671 2654 5706 :
2692 5651 2792 5706 llic
2816 5661 2891 5708 est
2916 5654 3008 5728 qui
3035 5655 3189 5720 venit,
3225 5653 3354 5716 sub-

1771 5744 1928 5802 audis
1967 5745 2186 5802 vincere
2231 5746 2524 5813 mundum,
2577 5762 2670 5818 per
2717 5763 2907 5818 aquam
2950 5757 2997 5802 et
3043 5751 3348 5822 snguinem
