3826 6338
569 380 590 435 i
601 372 705 435 863

1663 355 2001 415 ADDENDA.
2040 383 2109 399 -
2147 346 2501 411 RADULPHI
2538 339 2884 404 ARDENTIS
3561 345 3640 403 mi

562 485 854 563 paSsionis.
911 481 1110 539 Tribus
1141 475 1337 546 modis,
1362 476 1561 532 fratres
1599 471 1928 537 cbarissimi,
1978 468 2142 526 Cbri-
2167 472 2215 529 Α
2242 467 2520 524 debemus.
2548 461 2625 516 Ac
2651 459 2694 515 si
2710 442 2925 563 itii-ceret
2953 472 2968 509 :
3014 453 3093 511 εἰ·
3119 451 3434 557 testimonium
3467 456 3645 563 bonum

563 562 682 636 stus
703 576 872 632 vincit
895 575 1174 637 mundum,
1200 567 1478 642 patiendo,
1513 564 1877 623 convertenda
1906 572 1963 619 et
1984 562 2138 618 dam-

564 672 769 730 nanda.
822 668 880 725 In
909 681 1088 740 primo
1116 663 1316 736 quippe
1356 661 1587 717 adventu
1636 656 1805 714 vincit
1853 652 2135 718 mundum,

568 764 998 840 persecutiones,
1051 755 1431 821 contumelias,
1487 764 1544 807 et
1581 750 1788 821 ﬂagella
1829 747 2089 803 malarum
2122 784 2139 809 ,

568 838 949 928 aequanimiter
970 867 1035 909 ea
1066 847 1364 906 tolerando.
1392 846 1460 901 Et
1479 845 1642 900 etiam
1678 841 1846 897 vincit
1874 838 2137 895 malitiam

570 947 925 1020 quorumdam
954 985 970 1011 ,
1020 958 1114 1014 per
1159 940 1479 997 charitatem
1536 952 1629 992 eos
1676 931 2043 990 convertenda
2090 937 2146 983 et

575 1039 996 1099 sanctificando.
1046 1026 1349 1103 Utrunique
1377 1045 1526 1094 vero,
1561 1028 1614 1084 id
1647 1036 1729 1083 est
1751 1023 2065 1097 patientiam
2091 1030 2146 1076 et

576 1134 898 1191 charitatem
930 1128 983 1184 in
1009 1125 1259 1198 passione
1317 1119 1571 1177 ostendit.
1628 1118 1686 1173 In
1732 1113 1966 1171 secundo
2016 1126 2146 1168 vero

576 1225 811 1279 adventu
863 1220 1044 1285 vincet
1072 1216 1329 1271 mundum
1361 1227 1456 1282 per
1491 1208 1779 1279 justitiam,
1823 1204 1992 1259 malos
2031 1202 2149 1257 sci-

577 1316 705 1371 licet
735 1310 1065 1373 damnando,
1122 1316 1175 1361 et
1218 1306 1424 1360 electos
1466 1300 1795 1358 coronando.
1847 1295 1957 1351 Nos
1997 1308 2147 1364 ergo,

576 1408 776 1465 fratres
799 1406 900 1460 mei
926 1444 939 1469 ,
997 1403 1040 1457 si
1074 1400 1167 1455 lilii
1206 1397 1305 1455 Dei
1355 1409 1474 1453 eSse
1518 1393 1786 1456 volumus,
1835 1396 2046 1458 oportet
2090 1395 2152 1441 ut

578 1499 844 1569 unigeniti
885 1496 1009 1552 Filii
1062 1493 1180 1564 ejus
1223 1489 1450 1560 vestigia
1504 1499 1812 1556 sequamur.
1859 1479 2152 1535 Vincamus

581 1592 743 1663 igitur
789 1587 1036 1657 exemplo
1093 1582 1294 1640 Christi
1339 1577 1618 1641 mundutn,
1659 1575 1710 1630 id
1760 1581 1843 1629 est
1890 1570 2150 1626 malitiam

582 1660 1005 1742 mundanorum,
1034 1691 1128 1731 eos
1154 1670 1531 1743 aequanimiter
1560 1666 1861 1721 tolerando.
1897 1661 2032 1718 Nam
2061 1660 2153 1731 qui

582 1773 765 1828 delicit
810 1772 863 1826 in
917 1766 1353 1824 tribulationibus
1395 1772 1451 1817 et
1501 1757 2006 1833 persecutionibus,
2057 1753 2151 1825 qui

2240 556 2331 628 qui
2357 555 2544 624 utique
2566 550 2781 609 mentiri
2808 556 3056 620 possunt,
3086 544 3364 615 recipimus,
3404 546 3647 620 multum

2244 646 2615 705 testimonium
2648 643 2766 707 Dei,
2790 641 2880 712 qui
2932 638 3149 695 mentiri
3176 652 3271 693 non
3311 646 3470 707 potest.
3502 640 3651 710 recipere

2243 742 2524 797 debemus.
2566 738 2701 805 Quia
2733 734 2901 806 igitur
2925 731 3173 789 Christus
3199 744 3339 785 verus
3376 740 3440 785 est
3459 729 3654 791 Deusta-

2245 842 2332 888 tus
2351 841 2433 887 est
2463 830 2554 901 qui
2592 829 2728 884 bene
2773 826 2950 897 potuit
2998 824 3212 879 vincere
3258 822 3488 876 mundum.
3509 822 3555 877 Et
3581 826 3654 894 quia

2246 940 2413 980 verus
2442 934 2524 979 cst
2556 923 2741 986 homo,
2785 918 2908 974 talis
2951 927 3035 973 est
3081 915 3169 986 qui
3197 916 3352 985 potuit
3395 929 3468 984 pro
3502 930 3547 969 eo
3575 916 3659 969 ratio

2246 1016 2448 1073 mendo
2475 1013 2607 1084 pati.
2636 1011 2747 1067 Nos
2785 1025 3027 1081 quoque,
3072 1008 3281 1071 fratres,
3328 1005 3363 1060 si
3412 1004 3484 1058 lilii
3517 1004 3579 1060 Dei
3604 1020 3661 1075 per

2248 1107 2475 1179 gratiam
2500 1118 2706 1168 sumus,
2732 1112 2785 1158 et
2804 1102 2850 1156 si
2884 1099 3263 1154 humanitatem
3282 1107 3477 1151 nostram
3495 1104 3663 1164 pursue

2250 1197 2508 1254 mundam
2546 1209 2855 1259 servamus,
2881 1193 2936 1247 in
2964 1189 3184 1247 Christo
3206 1188 3427 1243 mundum
3450 1187 3665 1256 rinocrepo-

2251 1290 2498 1346 terimus.
2527 1287 2631 1353 Qui
2661 1285 2844 1350 credit,
2879 1283 3083 1353 inquit,
3119 1282 3171 1335 in
3199 1277 3374 1332 Filium
3410 1278 3499 1341 Dei,
3517 1277 3667 1331 habete

2251 1382 2552 1437 stimonium
2583 1377 2681 1432 Dei
2712 1377 2766 1431 in
2795 1394 2871 1441 se,
2901 1376 2952 1430 id
2997 1382 3082 1429 est
3112 1387 3218 1426 rem
3254 1368 3541 1433 testiﬁcatam,
3574 1367 3668 1423 Ciri-

2254 1485 2398 1530 stum
2423 1471 2673 1527 videlicet
2701 1479 2759 1525 ct
2800 1468 2917 1537 ejus
2957 1466 3140 1521 tidem.
3174 1462 3330 1518 liabet
3354 1461 3483 1515 etiam
3521 1460 3670 1513 testiu-

2255 1566 2402 1621 nium
2430 1562 2525 1618 Dei
2555 1564 2607 1616 in
2636 1576 2715 1625 sc,
2774 1571 2831 1614 ut
2876 1558 3088 1614 scilicet
3122 1553 3448 1611 testimonium
3482 1565 3556 1617 quo
3582 1549 3672 1603 testi-

2256 1655 2448 1711 licatus
2478 1663 2562 1709 est
2586 1652 2748 1707 Pater
2770 1650 2836 1705 de
2866 1649 3023 1713 Filio,
3073 1646 3217 1718 quod
3241 1643 3389 1700 Filius
3429 1642 3516 1710 eius
3545 1639 3592 1695 sit
3618 1654 3674 1709 per

2260 1757 2535 1812 naturam,
2563 1746 2883 1801 testiticetur
2908 1742 2973 1797 de
2997 1751 3317 1809 unoquoque
3357 1734 3567 1797 credente,
3592 1729 3674 1797 qud

584 1871 909 1925 murmurat,
964 1860 1052 1929 qui
1100 1857 1356 1912 ultionem
1417 1820 1630 1922 quaerit,
1672 1830 1934 1917 iamnon
1963 1820 2153 1909 vincit,
2190 1820 2230 1878 Β
2263 1839 2526 1899 sitFilius
2570 1837 2684 1907 ejus
2723 1852 2819 1908 per
2847 1834 3098 1906 gratiam.
3132 1831 3326 1900 Itaque,
3377 1826 3529 1881 fratres
3561 1822 3677 1882 taciti

583 1955 676 2010 sed
718 1953 890 2007 victus
920 1959 1022 2015 cst,
1052 1947 1345 2003 secundum
1371 1943 1539 1997 illud:
1597 1939 1725 1995 Noli
1761 1936 1953 1992 vincia
1993 1934 2155 2000 malo,

587 2044 676 2097 sed
696 2045 834 2096 vince
861 2042 913 2094 in
932 2041 1117 2094 bonum
1146 2036 1339 2090 malum
1357 2033 1526 2104 (Rom.
1546 2030 1667 2099 xtl).
1694 2028 1979 2083 Vincamus
1994 2024 2158 2079 etiam

592 2132 850 2186 tnalitiam
872 2131 1287 2191 mundanorum,
1305 2140 1395 2180 eos
1409 2123 1475 2177 ad
1497 2121 1780 2175 Dominum
1798 2116 2160 2173 convertenda

588 2225 726 2279 bona
759 2226 921 2278 verba
960 2220 1308 2289 etcxetnplo,
1341 2232 1437 2288 pro
1479 2214 1619 2270 malo
1654 2212 1875 2278 bonum,
1918 2225 2014 2280 pro
2042 2224 2156 2264 ma-

591 2316 784 2370 ledicto
827 2315 1166 2370 benedictum
1208 2312 1288 2366 eis
1318 2309 1589 2364 reddendo
1617 2316 1671 2362 et
1702 2320 1798 2375 pro
1827 2305 1906 2359 eis
1931 2303 2157 2370 orando,

587 2409 739 2478 juxta
774 2409 898 2462 illud
929 2405 1167 2476 Apostoli
1194 2422 1207 2459 :
1245 2403 1303 2458 Si
1332 2399 1571 2456 esuricrit
1602 2398 1850 2452 inimicus
1875 2408 2018 2462 tuus,
2047 2395 2162 2449 ciba

597 2500 742 2553 illuni
772 2517 789 2563 ;
821 2499 863 2552 si
886 2499 1016 2561 sitit,
1045 2509 1224 2565 potum
1252 2495 1318 2547 da
1348 2494 1446 2547 illi.
1496 2491 1611 2545 Hoc
1636 2491 1772 2545 enim
1822 2488 2017 2557 faciens
2041 2504 2166 2542 eon-

591 2606 732 2661 geres
757 2592 1003 2643 carbones
1028 2604 1183 2656 super
1212 2595 1366 2655 caput
1388 2584 1500 2653 ejus
1538 2581 1740 2652 (ibid.).
1770 2578 1828 2635 Si
1855 2580 1955 2634 hoc
1981 2578 2161 2643 modo,

606 2684 804 2738 fratres
853 2682 975 2744 mei,
1016 2680 1303 2735 vicerimus
1362 2677 1617 2731 mundum
1663 2674 1717 2728 in
1771 2673 1872 2727 hoc
1927 2670 2163 2739 saecula,

594 2776 966 2847 proculdubio
1002 2775 1054 2827 in
1082 2772 1262 2827 futuro
1305 2770 1584 2825 vincemus
1612 2765 1938 2821 dominando
1984 2773 2040 2818 et
2077 2763 2164 2834 ju-

596 2863 1041 2925 dicaudomalos,
1071 2864 1160 2932 qui
1196 2861 1286 2916 hic
1323 2876 1353 2914 a
1398 2859 1601 2914 malitia
1648 2872 1743 2912 sua
1781 2854 2023 2910 converti
2071 2869 2169 2909 που

596 2953 833 3009 luerunt.
869 2954 1141 3021 Scriptum
1184 2960 1267 3006 est
1307 2950 1451 3003 enim
1487 2966 1500 3002 :
1537 2948 1603 3000 Et
1650 2946 2058 3000 dominabuntur
2080 2960 2169 3000 e0-

601 3047 861 3116 rttmjusti
890 3048 945 3099 in
968 3045 1223 3098 matutino
1258 3042 1430 3113 (Psal.
1456 3039 1668 3109 XLVIII),
1698 3039 1749 3092 id
1775 3048 1859 3092 cst
1906 3037 1957 3092 in
1992 3052 2169 3092 resur-

601 3140 863 3192 rectione.
895 3135 1043 3190 Unde
1072 3145 1125 3189 ct
1150 3134 1404 3189 Dominus
1436 3131 1681 3202 promisit
1707 3129 1981 3198 discipulis
2011 3129 2123 3184 suis
2149 3144 2163 3183 :

601 3224 731 3279 Cum
761 3224 972 3289 sederit,
1008 3221 1201 3292 inquit,
1232 3218 1404 3274 Filius
1427 3219 1653 3272 hominis
1682 3218 1736 3271 in
1760 3217 2033 3285 majestate
2048 3233 2167 3282 sua,

600 3316 836 3370 audebitis
864 3326 908 3368 et
942 3331 1026 3369 vos
1057 3330 1212 3383 super
1231 3313 1374 3367 sedes
1400 3310 1696 3375 duodecim,
1711 3309 2013 3378 judicantes
2039 3309 2174 3362 duo-

601 3409 765 3461 decim
790 3406 955 3459 tribus
986 3405 1155 3459 Israel
1180 3402 1400 3474 (Matt/1.
1435 3404 1569 3472 six).
1598 3400 1781 3456 Tertio
1809 3415 1934 3456 vero
1984 3400 2175 3470 probat

603 3494 878 3564 apostolus
901 3496 1044 3564 quod
1078 3494 1326 3548 Christus
1363 3492 1488 3546 talis
1513 3500 1567 3545 et
1591 3501 1771 3545 tantus
1798 3500 1903 3553 est,
1947 3490 2039 3560 qui
2080 3504 2176 3560 per

604 3600 661 3639 se
689 3586 944 3639 mundum
999 3585 1214 3639 vincere
1255 3582 1449 3653 possit,
1499 3581 1781 3636 subdens:
1827 3577 2055 3649 Spiritus
2099 3589 2175 3635 est

605 3679 741 3731 enim
762 3678 850 3747 qui
880 3676 1193 3747 testiﬁcatur
1217 3676 1463 3747 quoniam
1487 3672 1725 3729 Christus
1767 3683 1842 3728 est
1874 3673 2091 3738 ueritas,
2124 3672 2177 3727 id

607 3776 692 3822 est
744 3782 901 3821 vetus
951 3765 1111 3833 Deus,
1160 3775 1214 3820 et
1253 3780 1415 3820 verus
1463 3765 1643 3820 homo.
1711 3762 1942 3834 Spiritus
1980 3763 2179 3833 quippe

607 3865 856 3920 sanctus,
890 3856 980 3925 qui
1019 3856 1075 3910 in
1103 3854 1284 3925 specie
1309 3854 1567 3910 columbae
1587 3853 1733 3909 venit
1758 3869 1921 3924 super
1948 3867 2094 3919 eum,
2124 3862 2180 3908 et

609 3949 699 4019 qui
725 3950 791 4003 ab
818 3949 931 4019 ipso
960 3949 1157 4003 missus
1185 3957 1269 4003 est
1310 3963 1473 4017 super
1520 3947 1812 4016 apostolos,
1855 3946 2180 4001 testiﬁcatur

610 4042 863 4110 quoniam
895 4041 1140 4096 Christus
1162 4051 1245 4096 est
1266 4040 1495 4106 veritas,
1524 4040 1575 4094 id
1618 4048 1701 4094 est
1752 4053 1913 4094 verus
1935 4037 2096 4103 Deus,
2126 4046 2181 4093 ct

610 4133 835 4204 spiritus
865 4135 1153 4199 humanus,
1178 4148 1340 4203 quem
1393 4131 1573 4188 emisit
1601 4134 1652 4185 in
1680 4132 1982 4202 :passione,
2032 4131 2183 4186 testi-

615 4223 831 4288 ticatur,
859 4225 1112 4293 quoniam
1143 4224 1391 4280 Christus
1415 4232 1497 4279 est
1530 4225 1753 4292 veritas,
1792 4224 1846 4278 id
1886 4234 1968 4279 est
2022 4237 2184 4283 verus

613 4315 799 4371 homo.
825 4315 935 4370 Nisi
969 4316 1112 4371 enim
1137 4332 1296 4371 verus
1318 4316 1483 4373 homo
1508 4326 1675 4382 esset,
1714 4330 1902 4371 verum
1935 4314 2183 4386 spiritum

616 4415 671 4461 et
701 4421 882 4461 veram
908 4422 1126 4462 carnem
1160 4423 1265 4462 non
1301 4406 1545 4463 haberet.
1575 4408 1641 4463 Et
1668 4424 1776 4463 non
1829 4416 2035 4463 tantum
2077 4406 2187 4477 spi-

2258 1949 2444 1989 veram
2471 1932 2631 1987 ﬁdem
2691 1926 3058 1989 habuerimus,
3112 1924 3167 1978 in
3214 1938 3273 1978 ea
3327 1918 3479 1975 mundi
3519 1915 3678 1971 malitia

2261 2027 2485 2082 vincere
2533 2022 2829 2094 poterimus
2859 2059 2876 2086 ,
2927 2015 3195 2088 quasdam
3244 2012 3468 2068 malorum
3511 2006 3622 2064 verbo
3651 2012 3681 2061 et

2262 2118 2516 2189 exemplo
2558 2114 2847 2177 vincendo,
2876 2119 2931 2166 at
2979 2109 3046 2164 ad
3078 2107 3346 2163 Christum
3373 2096 3680 2161 "attenduntur

2262 2226 2360 2282 per
2387 2208 2704 2281 patientiam
2752 2201 3138 2275 aequanimiter
3189 2196 3455 2262 tolerando,
3487 2202 3528 2249 et
3559 2192 3684 2260 inpu-

2265 2281 2463 2356 fectum
2530 2305 2773 2352 nostrum
2831 2307 3018 2350 eorum
3080 2289 3338 2346 malitiam
3390 2281 3684 2343 convertam,

2264 2393 2400 2449 alios
2424 2401 2479 2448 et
2507 2386 2850 2459 diiudicanda
2910 2396 2967 2442 ct
3006 2383 3329 2456 separando,
3352 2388 3402 2434 et
3427 2378 3498 2433 hic
3530 2390 3553 2429 ιι
3586 2372 3686 2429 ιοόεο

2264 2492 2379 2539 tate
2439 2480 2741 2547 Ecclesiae,
2789 2488 2845 2533 et
2890 2478 2945 2533 in
3002 2477 3195 2531 futuro
3242 2469 3502 2557 damnando
3532 2475 3686 2557 θυεμ·

2270 2576 2445 2633 rando
2500 2588 2530 2627 a
2580 2580 2897 2627 sanetorum
2925 2568 3214 2625 societate.
3256 2567 3319 2622 Et
3353 2565 3415 2619 ita
3435 2556 3688 2615 veriricm

2269 2666 2453 2726 nmndi
2502 2679 2628 2723 cum
2675 2661 2893 2717 Christo
2950 2668 3007 2716 et
3051 2658 3376 2731 martyribus
3418 2653 3547 2724 ejus,
3576 2647 3689 2702 trisa-

2267 2761 2432 2833 plmm
2462 2752 2704 2812 viatoria;
2752 2753 3107 2820 accipiemus,
3130 2752 3273 2824 :ipso
3297 2753 3535 2821 praestante
3557 2740 3617 2811 qui
3647 2736 3688 2790 ri-

2271 2854 2347 2908 vit
2369 2862 2424 2908 et
2480 2848 2843 2924 regnat'Deus
2891 2860 2989 2917 per
3029 2846 3218 2901 omnia
3261 2841 3435 2900 saecula
3471 2836 3691 2895 statim

2269 2943 2466 2999 Amen.

2841 3028 3123 3087 HOMILIA
3165 3027 3276 3083 LV.

2650 3137 2905 3183 DOIINICA
2933 3137 3097 3178 PBIIA
3132 3137 3263 3180 νοετ
3287 3133 3475 3176 ΡΑΞΕΒΑ.

2344 3218 2477 3274 Cum
2504 3232 2620 3272 sero
2646 3225 2777 3271 esset
2805 3216 2892 3269 die
2919 3214 3037 3284 illo,
3063 3230 3170 3267 una
3221 3211 3545 3271 Sabbatomt,
3564 3212 3598 3259 et
3622 3200 3699 3270 {ora

2273 3318 2442 3365 essent
2467 3306 2683 3373 elauste,
2721 3306 2812 3361 ubi
2858 3314 3008 3360 erant
3045 3304 3293 3375 discipuli
3319 3298 3699 3372 congregatim

2274 3398 2823 3465 metumludccorum,
2850 3398 2993 3452 stetit
3038 3395 3196 3451 Iesus
3245 3398 3300 3449 in
3348 3394 3494 3449 medio
3526 3394 3700 3449 eoum

2276 3493 2408 3547 dixit
2444 3490 2519 3546 eis
2551 3506 2572 3545 :
2631 3488 2751 3545 Pax
2772 3488 2918 3543 vobis
2949 3488 3132 3558 (Joan.
3164 3487 3280 3559 xx).
3319 3487 3458 3542 Sicut
3484 3498 3537 3537 ex
3568 3478 3701 3533 lectioni

2278 3593 2595 3643 Sanctorum
2628 3582 3049 3653 Evangeliorum
3101 3580 3428 3649 collegimus,
3468 3576 3613 3629 fratres
3637 3566 3705 3622 ὼν

2277 3677 2500 3742 tissimi,
2530 3690 2629 3731 sex
2656 3674 2866 3730 vicibus
2899 3675 3161 3729 Dominus
3205 3672 3438 3743 apparuit
3460 3669 3549 3739 ipsa
3579 3665 3635 3717 die
3662 3673 3705 3711 te

2278 3768 2655 3826 surrectiouis.
2692 3766 2877 3822 Primo
2908 3766 3094 3822 Mariae
3137 3764 3467 3836 Hagdaleuz,
3492 3769 3540 3814 ut
3569 3755 3707 3812 ιωωα

2280 3861 2469 3931 refert,
2530 3862 2768 3919 secundo
2802 3859 2902 3931 ipsi
2953 3869 3011 3914 et
3072 3858 3195 3913 aliis
3240 3858 3431 3911 duabus
3463 3848 3705 3908 audientes:

2283 3965 2630 4011 monumento
2655 3950 3028 4015 redeuntibus,
3086 3951 3155 4004 de
3186 3950 3373 4021 quibus
3420 3944 3622 4015 scriptu
3643 3944 3706 3991 διε

2286 4045 2425 4112 Quia
2461 4055 2792 4101 accesserunt
2841 4054 2887 4098 et
2944 4052 3229 4097 tenuerunt
3252 4042 3398 4110 pedes
3424 4038 3536 4108 ejus,
3558 4030 3709 4086 Μέθη-

2283 4148 2467 4193 verunt
2496 4154 2614 4193 eum
2641 4136 2863 4208 (Matth.
2888 4134 3106 4205 xxvm).
3145 4133 3329 4189 Tertio
3369 4130 3557 4191 incoho,
3591 4131 3709 4208 utut

2285 4229 2456 4285 stolus
2484 4207 2676 4293 refert,
2704 4228 2769 4283 de
2795 4241 2904 4298 quo
2953 4226 3120 4280 etiam
3173 4233 3355 4279 narrat
3376 4207 3709 4288 Evsngeliuut‘h-

2288 4341 2568 4393 zarenum,
2601 4325 2731 4396 quia
2759 4326 3057 4379 devoverat
3080 4334 3139 4376 se
3163 4336 3270 4375 non
3300 4305 3707 4375 comesluunnitltl

2287 4415 2497 4470 videret
2540 4430 2663 4470 eum
2698 4414 3085 4470 resurrexisse.
3125 4411 3329 4478 Quarto
3370 4406 3560 4461 duobus.
3599 4397 3635 4450 ίδ
3658 4400 3707 4444 σε

617 4498 755 4555 ritus
792 4499 893 4555 hoc
923 4500 1261 4568 testiﬁcatur,
1291 4498 1401 4555 ima
1452 4500 1612 4555 etiam
1645 4510 1754 4557 tres
1805 4500 1945 4556 idem
1993 4500 2186 4556 testiﬁ-
2218 4516 2262 4571 ι)
2289 4506 2340 4561 in
2367 4507 2454 4561 via
2490 4505 2766 4561 Emmaus.
2799 4504 2999 4571 Quinto
3040 4500 3243 4564 Petro;
3270 4506 3407 4555 sexta
3438 4484 3708 4547 venat-0'

618 4598 830 4647 cantur.
869 4588 1127 4655 Quoniam
1152 4599 1254 4644 tres
1291 4600 1409 4644 sunt
1454 4590 1544 4660 qui
1582 4591 1931 4645 testimonium
1984 4592 2110 4646 dant
2134 4591 2190 4646 in

629 4677 757 4736 calo
785 4697 798 4734 :
833 4678 1013 4746 Pater,
1048 4677 1295 4746 Verbum,
1332 4692 1378 4735 et
1411 4680 1643 4752 Spiritus
1671 4692 1903 4737 sanctus.
1945 4681 2012 4738 lli
2046 4684 2187 4739 enim

621 4782 734 4828 tres
756 4771 1116 4826 testificantur
1143 4772 1195 4827 in
1219 4771 1474 4841 Jordane,
1513 4784 1567 4829 et
1618 4774 1673 4830 in
1720 4783 1904 4830 monte
1953 4775 2189 4843 Thabor,

619 4863 745 4934 quia
779 4863 1025 4921 Christus
1061 4874 1143 4920 est
1173 4878 1331 4920 verus
1362 4865 1524 4922 Deus.
1554 4864 1621 4920 Et
1650 4866 1706 4920 Iri
1736 4877 1838 4921 tres
1861 4883 2020 4921 unum
2046 4876 2189 4934 sunt,

626 4969 738 5009 non
767 4962 978 5010 tantum
1026 4955 1078 5010 in
1112 4955 1438 5023 testimonio,
1489 4958 1586 5012 sed
1628 4958 1789 5013 etiam
1838 4958 1891 5013 in
1938 4958 2188 5015 essentia.

620 5045 690 5102 Et
722 5056 826 5102 tres
872 5056 993 5101 sunt
1048 5049 1139 5119 qui
1193 5049 1542 5104 testimonium
1582 5051 1707 5104 dant
1738 5051 1792 5105 in
1840 5060 2003 5117 terra,
2050 5051 2193 5122 quod

622 5142 870 5199 Christus
901 5142 1151 5199 sitverus
1189 5143 1373 5213 homo,
1398 5145 1642 5215 spiritus,
1695 5160 1834 5216 aqua
1866 5154 1921 5200 et
1952 5146 2195 5216 sanguis,

622 5234 874 5290 videlicet
893 5236 1112 5306 Spiritus
1144 5236 1429 5302 humanus,
1461 5246 1515 5292 et
1560 5252 1724 5306 aqua,
1766 5247 1822 5293 et
1862 5238 2079 5308 sanguis
2101 5237 2195 5309 qui

625 5325 897 5382 ﬂuxerunt
923 5328 988 5383 de
1015 5328 1184 5383 latere
1212 5327 1436 5383 Christi.
1489 5327 1555 5381 Et
1604 5328 1661 5382 lii
1710 5339 1812 5383 tres
1861 5345 2020 5383 unum
2049 5339 2193 5397 sunt,

625 5419 883 5475 subaudis
918 5421 970 5475 in
1021 5421 1352 5499 testimonio,
1393 5430 1449 5475 et
1503 5420 1624 5475 ideo
1677 5421 2003 5476 credendum
2044 5421 2195 5477 testi-

627 5511 808 5566 inonio
832 5528 1038 5579 eorum,
1071 5511 1130 5567 Si
1161 5512 1533 5576 testimonium,
1570 5512 1768 5582 inquit,
1800 5513 2071 5566 hominum
2101 5529 2195 5568 ac-

627 5602 870 5673 cipimus,
903 5604 1198 5658 secundum
1255 5605 1397 5673 quod
1444 5585 1704 5674 scriptum
1733 5613 1815 5661 est
1845 5605 1896 5658 in
1923 5602 2079 5676 iege:
2129 5602 2197 5660 Ut

628 5693 686 5747 in
725 5711 812 5749 ore
842 5696 1067 5749 duorum
1096 5696 1172 5751 vel
1204 5697 1363 5750 triunt
1414 5706 1509 5750 stet
1540 5713 1715 5766 homne
1765 5697 1971 5752 verbum
2015 5697 2197 5768 (Deut.

633 5784 750 5854 xta)
780 5801 794 5839 :
828 5787 1193 5842 testimonium
1245 5786 1363 5853 Dei,
1409 5786 1551 5857 quod
1593 5790 1761 5858 majus
1811 5797 1913 5856 est,
1952 5790 2200 5860 accipere

2290 4604 2487 4667 przcter
2515 4594 2779 4651 Thomam
2815 4593 3163 4665 congregatis
3206 4591 3365 4653 domi,
3388 4597 3437 4641 ut
3481 4577 3709 4639 iniciam

2292 4666 2480 4744 refert.
2511 4686 2619 4742 Nos
2656 4702 2806 4756 ergo,
2846 4686 3067 4751 fratres,
3100 4685 3277 4755 primo
3301 4697 3409 4754 quae
3444 4677 3502 4730 ad
3538 4666 3705 4728 insuti”

2294 4782 2590 4851 pertinent,
2613 4779 2887 4846 secundo;
2928 4795 3051 4850 quae
3076 4778 3147 4833 ad
3180 4774 3498 4847 tropologiam

2295 4848 2361 4927 iit
2387 4872 2545 4937 juxta
2598 4872 2883 4926 historiam
2940 4848 3165 4940 quidem
3231 4868 3407 4937 ingerit
3452 4860 3522 4915 hic
3557 4848 3705 4907 Doti.

2293 4965 2545 5037 gaudium
2574 4980 2686 5019 sua:
2738 4962 3158 5019 resurrectionis
3214 4956 3459 5029 discipulis
3489 4947 3597 5007 suis.

2294 5071 2424 5111 vere
2449 5056 2818 5112 resurrexisse
2871 5054 3057 5109 multis
3104 5056 3297 5124 prohat
3336 5041 3611 5120 argunicatis.
3635 5030 3704 5082 56³Ιι

2295 5158 2476 5201 autem
2508 5145 2666 5216 hujus
2695 5145 2943 5201 lectionis
3000 5156 3235 5213 quatuor
3274 5150 3449 5214 partes.
3476 5134 3609 5190 Prinlo
3626 5130 3699 5173 (⁸⁸⁸
3748 5200 3749 5216 ἰ

2295 5241 2603 5298 ostenditur
2638 5240 2916 5304 Dominus,
2943 5239 3128 5310 januis
3163 5238 3372 5303 clausis,
3414 5223 3616 5295 discil’uiis
3644 5222 3698 5266 ⁵³⁵

2298 5334 2652 5406 apparuisse;
2733 5332 2973 5388 secnndo
3023 5332 3156 5402 quid
3211 5327 3459 5398 discipulis
3490 5310 3697 5372 tantum;

2299 5424 2480 5490 tertio,
2507 5423 2776 5495 quomoda
2803 5423 3142 5478 dubitantem
3170 5418 3455 5490 discipulum
3484 5411 3523 5464 in

2300 5490 2600 5569 [intraverit
2632 5530 2648 5578 ;
2676 5523 2893 5582 quarto,
2936 5513 3207 5583 discipulo
3246 5511 3358 5581 quia
3398 5503 3499 5559 vidit
3519 5490 3691 5551 coriis

2299 5606 2489 5662 beatos
2543 5606 2739 5659 asserit
2781 5602 2876 5675 qui
2938 5619 3047 5658 non
3097 5604 3335 5659 viderunt
3387 5608 3429 5652 et

2302 5699 2486 5756 Primo
2514 5699 2677 5771 igitur
2732 5698 2865 5754 dicit
2892 5698 3229 5769 evangelista
3274 5674 3691 5771 Dominumdifdié“

2307 5764 2626 5861 apparuisse
2642 5788 2821 5860 ianuis
2862 5764 3087 5843 clausis.
3125 5788 3271 5844 Unde
3290 5783 3428 5841 oritur
3444 5768 3606 5843 tum
3622 5764 3675 5809 ³³⁸
