3826 6338
74 337 198 399 £865

766 292 1073 397 nouth
1099 329 1164 388 IN
1202 320 1418 385 EPlS’l‘.
1463 305 1555 374 ET
1601 311 1852 379 eraso.
1896 319 2204 387 mutate.
2245 353 2313 366 —
2340 324 2521 382 mus
2551 319 2592 381 t.

3146 314 3287 414 isse

71 457 230 526 tiptcx,
271 458 431 521 primo
485 453 760 529 quomodo
807 467 995 506 verum
1050 462 1266 517 corpus
1295 443 1395 498 fuit
1447 438 1594 509 quod
1630 447 1672 506 Α
1705 437 1882 504 behat,
1911 427 2086 512 quatis
2118 443 2187 496 ab
2220 441 2320 498 eis.
2357 441 2548 496 videri.
2595 445 2821 508 patpart,
2869 445 3068 504 audiri.
3123 442 3293 513 loqui,

67 549 224 618 ianuis
249 546 428 601 clausis
459 546 769 605 intraverit.
801 545 895 599 Vel
932 544 976 598 si
1004 545 1124 596 ideo
1155 541 1256 594 fuit
1303 537 1432 593 illttd
1475 549 1602 590 cor-

65 655 158 710 pus
178 638 348 695 subtile
369 637 510 708 quod
543 635 727 706 jauttis
757 636 962 692 clausis
986 633 1294 691 intraverit.
1325 627 1598 700 quomodo

67 727 409 800 corporalibus
475 727 649 783 oculis
711 727 880 782 videri
935 725 1019 779 vel
1077 721 1325 777 manibus
1381 718 1603 775 tractari

63 823 290 892 potuerit.
319 819 398 875 vel
421 820 690 891 quomodo
737 819 970 890 potuerit
999 817 1167 887 loqui,
1197 831 1320 870 cum
1357 815 1421 867 ad
1447 826 1602 884 gros-

62 913 192 967 siora
223 921 271 966 et
324 910 624 967 humidiora
671 910 961 966 conveniat
1012 908 1276 962 membra.
1327 902 1608 972 Quomodo

60 1005 211 1060 etiam
232 1017 417 1073 corpus
439 1001 829 1075 gloriﬁeatnm,
875 1015 996 1054 cum
1028 998 1098 1054 sil
1120 996 1448 1064 splendidius
1473 994 1606 1057 sole,

59 1094 260 1152 humani
276 1093 406 1150 oculi
436 1102 730 1166 potuerunt
752 1092 1042 1146 sustinere.
1071 1085 1353 1154 Quomodo
1373 1094 1428 1138 et
1457 1097 1610 1136 man-

57 1183 619 1256 ducavcrit,quomodo
661 1192 717 1238 et
747 1197 934 1238 verum
975 1195 1170 1250 corpus
1220 1177 1406 1240 fuerit,
1463 1172 1610 1244 quod

57 1293 194 1333 nunc
227 1293 498 1348 apparere,
555 1290 702 1330 nunc
739 1287 1065 1330 evanescere
1107 1270 1360 1342 potuerit.
1410 1267 1613 1322 Adho-

55 1387 174 1438 runt
228 1370 537 1425 solutionem
573 1410 588 1433 ,
644 1370 844 1424 fratres
895 1366 1023 1428 mei,
1075 1363 1478 1434 intelligendum
1529 1366 1615 1414 est

53 1461 188 1532 quod
240 1461 289 1516 in
327 1459 728 1516 resurrectione
765 1473 965 1528 corpus
1015 1467 1219 1526 septem
1266 1455 1423 1508 donis
1453 1451 1613 1505 deco-

51 1553 268 1608 rabitur.
309 1551 548 1606 l’rimnm
585 1551 692 1606 erit
735 1541 1030 1606 subtilitas.
1085 1547 1235 1601 Adeo
1261 1544 1426 1600 enim
1483 1550 1614 1596 tmte

47 1643 242 1699 subtile
281 1642 378 1698 erit
406 1657 624 1710 corpus,
653 1641 796 1711 quod
843 1641 1113 1694 obstantia
1167 1649 1396 1706 corpora
1445 1631 1618 1702 possit

41 1745 320 1810 penetrare
352 1776 368 1800 ,
434 1751 538 1792 nec
591 1733 827 1789 vinculis
884 1748 982 1788 nec
1032 1729 1282 1786 claustris
1341 1724 1616 1798 prohiberi

1711 544 1766 590 et
1789 539 2076 590 comedere
2122 544 2326 605 posset.
2375 535 2518 590 Vere
2555 550 2683 605 ergo
2728 535 2796 590 ab
2849 535 2929 591 eis
2984 537 3294 607 videbatur,

1712 643 1841 683 vere
1877 627 2218 697 ρηιρειιιειιιηο,
2251 641 2378 682 vere
2393 626 2746 697 loquebatur,
2782 643 2910 683 vere
2942 631 3292 697 audiebatur.

1712 735 1838 775 vere
1866 720 2199 775 comedebat.
2251 717 2419 773 Cibus
2452 729 2626 774 tamen
2659 720 2750 776 ille
2797 736 2902 776 non
2933 723 3298 782 descendebat

1714 827 1778 866 co
1803 813 1945 881 quod
1977 811 2147 866 nostri
2174 810 2532 875 descendunt,
2565 813 2661 868 sed
2687 813 2741 868 in
2773 813 2886 884 ipsa
2925 818 3316 872 consumeba»

1716 911 1803 956 tur
1827 903 2220 958 masticatioue.

1786 995 2043 1066 Sequitur
2103 1011 2231 1065 pars
2269 996 2526 1064 secunda,
2575 1001 2636 1053 in
2675 1013 2778 1068 qua
2809 1001 3120 1056 ostenditur
3166 1002 3298 1072 quid

1715 1089 1976 1144 Dominus
2027 1091 2078 1144 in
2135 1091 2630 1162 hacapparitione
2679 1092 2968 1148 COItIlllel'il
3022 1094 3301 1164 discipulis

1714 1184 1848 1237 suis.
1903 1181 2142 1237 Primum
2173 1183 2388 1252 quidem
2439 1185 2693 1253 quoniam
2726 1185 2906 1240 lflt'BSll
2955 1197 3133 1251 crant,
3162 1203 3298 1242 con-

1718 1275 1840 1329 tulit
1860 1278 1941 1329 eis
1963 1275 2413 1340 consolationem,
2433 1277 2513 1330 eis
2549 1279 2940 1342 annuutiando,
2969 1294 3090 1332 cum
3123 1279 3260 1335 dixit
3278 1292 3312 1334 εἰ

1715 1367 1836 1422 Pax
1856 1369 2014 1423 vobis.
2051 1369 2146 1422 Est
2167 1371 2309 1422 enim
2341 1385 2406 1423 ac
2433 1369 2478 1423 si
2527 1367 2752 1424 diceret.
2787 1371 2901 1424 Non
2923 1369 3176 1435 dolentis,
3203 1373 3302 1426 sed

1716 1461 1894 1530 potius
1946 1461 2200 1530 gaudete,
2253 1463 2531 1530 quoniam,
2583 1477 2683 1532 per
2727 1464 3034 1531 passionem
3069 1477 3300 1528 .meam,

1717 1570 1821 1625 pax
1856 1554 2000 1608 inter
2029 1555 2198 1609 Demn
2225 1563 2280 1608 et
2308 1555 2581 1609 hominem
2631 1565 2716 1608 est
2755 1554 3068 1610 reformata.
3099 1556 3303 1611 Deinde

1718 1645 1973 1715 quoniam
2027 1645 2294 1700 missurus
2343 1655 2463 1700 erat
2491 1647 2787 1716 discipulos
2813 1649 2882 1702 ad
2932 1649 3073 1703 hanc
3113 1647 3308 1717 praedi-

1723 1741 1981 1802 utttdnm,
2013 1747 2070 1796 et
2102 1740 2330 1794 daturus
2354 1749 2473 1793 erat
2502 1739 2584 1792 eis
2628 1749 2951 1808 potestatem
2985 1741 3182 1810 ligandi
3221 1750 3310 1796 at-

39 1838 227 1901 queat.
267 1825 412 1883 Uude
439 1835 494 1883 et
531 1841 729 1898 corpus
782 1823 986 1879 Christi
1032 1822 1415 1894 glorificatum,
1449 1818 1612 1889 potuil

1726 1847 1828 1902 que
1855 1833 2122 1897 solvendi,
2149 1832 2438 1888 conﬁrmat
2467 1845 2582 1894 eos,
2612 1833 2785 1901 prium
2825 1833 2877 1886 in
2929 1833 3031 1886 ﬁde
3063 1849 3312 1891 resurre-

37 1923 228 1980 clauso
255 1921 498 1992 sepulcro
518 1920 697 1983 exire,
723 1917 1036 1988 clausisque
1057 1916 1240 1985 janttis
1271 1915 1494 1968 intrare.
1513 1913 1616 1968 Se-

35 2016 275 2072 cundum
327 2014 432 2069 erit
467 2011 763 2077 velocitas;
801 2027 926 2066 ttulit
961 2019 1121 2064 tanta:
1167 2007 1473 2063 velocitatis
1515 2007 1622 2059 erit

35 2123 237 2179 corpus
269 2105 647 2179 glorificatum,
676 2104 823 2173 quod
853 2105 904 2158 itt
939 2110 1213 2157 momento
1263 2098 1331 2154 de
1369 2097 1509 2154 eotlo
1550 2096 1620 2150 ad

39 2211 239 2268 terras,
268 2202 331 2255 de
360 2200 522 2256 terris
567 2199 634 2252 ad
658 2197 856 2252 cadum
882 2198 948 2251 ad
992 2197 1201 2252 oriente
1253 2193 1306 2247 iit
1338 2203 1618 2254 occasum,

34 2293 127 2349 vel
149 2309 178 2350 e
205 2309 461 2350 converso
492 2295 572 2350 ire
620 2297 812 2365 possit.
865 2295 1002 2350 lline
1037 2303 1120 2349 est
1178 2290 1322 2362 quod
1357 2288 1624 2343 Dominus

39 2401 307 2458 apparens
347 2388 558 2442 duobus
589 2388 642 2442 itt
685 2389 942 2442 Emmans
971 2384 1126 2457 (Luc.
1169 2383 1343 2452 xxiv),
1379 2397 1504 2436 mox
1529 2395 1626 2450 ap-

37 2483 220 2552 paruit
247 2482 404 2538 Pctro
443 2483 496 2537 itt
527 2481 856 2546 Jerusalem,
900 2497 1023 2536 cttm
1067 2481 1182 2534 loca
1212 2478 1488 2548 sexaginta
1511 2485 1627 2530 sta-

29 2575 148 2629 diis
194 2575 411 2629 distent.
453 2573 698 2629 Tertium
761 2574 868 2628 erit
927 2569 1434 2641 incorruptibilitas.
1473 2569 1648 2621 'l‘tmc-

20 2667 184 2724 enim
215 2682 442 2737 corpora
499 2683 607 2722 non
659 2673 913 2737 poterunt
958 2663 1254 2733 corrumpi,
1287 2677 1384 2717 nec
1425 2668 1647 2724 morte,

19 2774 142 2816 nec
162 2760 329 2824 senio,
361 2775 461 2816 nec
502 2759 716 2823 morbo.
780 2775 880 2815 nec
930 2757 1133 2826 gladio,
1184 2771 1284 2810 nec
1315 2753 1477 2818 fame,
1525 2767 1627 2807 nec

19 2852 155 2922 siti,
179 2865 277 2912 nec
311 2850 494 2920 aliquo
528 2851 891 2906 incommodo.
923 2848 1072 2904 Unde
1094 2847 1334 2919 Joannes
1365 2865 1378 2898 :
1407 2844 1630 2898 Abster-

19 2954 131 3018 gct
173 2944 314 3001 Deus
360 2958 580 3001 onmem
632 2943 930 3014 lacrymatn
976 2941 1047 2997 ab
1095 2939 1267 2996 oculis
1317 2946 1628 2993 sanctorum

19 3039 225 3111 :Apoc.
255 3040 397 3107 ut),
426 3048 534 3094 etc.
564 3035 720 3092 Unde
747 3034 1012 3100 Christus,
1051 3034 1244 3106 inquit,
1271 3046 1544 3101 resurgens
1564 3043 1630 3083 ea:

19 3131 258 3186 normis
295 3131 416 3202 jam
447 3147 552 3187 non
608 3127 1028 3200 ntoriturmom.
1065 3131 1165 3195 vt).
1207 3125 1471 3194 Quartam
1524 3122 1630 3176 erit

1721 1925 1941 1992 clionis,
1967 1926 2205 1980 secundo
2259 1925 2442 1996 aperit
2483 1925 2562 1978 eis
2601 1939 2848 1990 sensmn,
2888 1925 3045 1996 juxta
3076 1926 3308 1993 Lucam,

1721 2029 1780 2074 ιιι
1808 2019 2171 2088 intelligerent
2203 2019 2520 2090 Scripturas
2574 2017 2726 2083 (Luc.
2751 2021 2925 2087 xxrv).
2961 2021 3310 2091 Tertioprze-

1720 2111 1854 2184 cipit
1876 2129 1970 2168 eos
1990 2130 2115 2169 cum
2151 2115 2261 2167 Deo
2289 2126 2346 2168 et
2394 2131 2517 2168 cum
2542 2116 2791 2184 proximo
2820 2130 3008 2184 pacem
3033 2126 3088 2170 et
3130 2117 3313 2170 chari-

1724 2217 1889 2262 tatem
1915 2208 2138 2261 habere.
2171 2207 2378 2274 Quarto
2407 2221 2504 2262 eos
2545 2208 2711 2261 mittit
2761 2209 2828 2261 ad
2885 2209 3310 2276 praalicandntn.

1723 2300 1925 2368 Quinto
1948 2300 2028 2354 eis
2055 2300 2266 2354 confert
2299 2299 2564 2370 Spiritum
2592 2309 2862 2363 sanctum,
2887 2308 2944 2354 et
2989 2301 3068 2354 sic
3090 2301 3157 2352 ad
3184 2299 3316 2353 ulti-

1725 2409 1873 2448 mum
1899 2395 1990 2448 dat
2019 2393 2099 2446 eis
2132 2391 2332 2462 ligandi
2379 2401 2540 2462 atque
2569 2392 2811 2447 solvendi
2855 2383 3196 2461 potestatem.
3246 2391 3319 2448 Et

1730 2485 1913 2556 primo
1941 2486 2158 2555 quidem
2189 2486 2598 2550 convenienter,
2650 2501 2788 2554 quos
2814 2487 2881 2538 ad
2915 2484 3148 2540 alliciunt
3176 2500 3318 2556 pra:-

1727 2579 2022 2636 dicationis
2042 2589 2110 2635 et.
2130 2580 2420 2636 sacerdotii
2477 2579 2743 2635 missurus
2795 2592 2936 2647 erat,
2969 2581 3020 2634 in
3052 2581 3156 2636 fide
3187 2595 3317 2636 con-

1727 2673 1930 2738 ﬁrmat,
1969 2674 2224 2743 quoniam
2255 2675 2431 2743 primo
2461 2673 2513 2727 in
2541 2687 2602 2728 se
2643 2674 2804 2726 debet
2841 2688 2963 2728 esse
2985 2673 3196 2736 ﬁrmus.
3223 2675 3316 2744 qui

1735 2775 1817 2820 est
1835 2765 1972 2821 alios
1995 2764 2437 2820 confirmaturus.
2460 2765 2761 2819 Conﬁrmat
2785 2774 2967 2818 autem
2990 2781 3086 2819 eos
3114 2767 3166 2820 in
3187 2767 3320 2830 ﬁde,

1730 2873 1854 2912 cum
1883 2857 1966 2913 eis
1992 2871 2182 2911 manus
2217 2867 2274 2910 et
2302 2855 2446 2911 latus
2487 2857 2847 2911 demonstrat.
2894 2854 2964 2910 Et
2994 2870 3140 2922 cum,
3161 2855 3320 2923 juxta

1731 2947 1958 3015 Lucam,
2007 2964 2132 3004 cum
2169 2949 2251 3004 eis
2289 2949 2580 3004 manducat
2611 2947 2812 3020 (ibim),
2850 2949 3142 3006 ostendens
3171 2949 3320 3004 illam

1732 3041 1979 3095 eamdem
2023 3053 2274 3105 carnem,
2315 3055 2437 3109 qua:
2481 3039 2694 3096 conﬁxa
2745 3038 2866 3104 fuit,
2921 3037 3320 3109 resurreiisza,

1736 3150 1856 3205 qua:
1885 3134 2123 3189 rediviva
2146 3142 2202 3188 et
2231 3136 2451 3188 tractari
2477 3144 2658 3204 potest
2707 3143 2762 3188 et
2802 3134 3032 3205 epulari.
3068 3135 3325 3192 Secundo

19 3225 316 3282 tn‘titndo.
347 3223 498 3280 Tunc
555 3223 698 3279 enim
728 3232 889 3278 tanta:
925 3220 1260 3276 fortitudinis
1304 3217 1408 3273 erit
1431 3231 1632 3287 corpus
1660 3200 1704 3262 C
1737 3241 1868 3280 vero
1924 3225 2318 3280 convenienter
2370 3200 2587 3294 aperuit
2631 3200 2912 3295 discipulis
2955 3239 3174 3280 sensum
3208 3266 3226 3291 ,
3261 3234 3324 3282 ut

20 3317 596 3388 ;lorificatttttt,quod
649 3326 860 3372 montes
883 3317 1050 3372 etiam
1110 3314 1284 3384 possit
1329 3322 1624 3375 evertere;

25 3411 175 3472 ιιοιι
205 3425 360 3466 nunc
394 3409 616 3480 angelos
636 3423 792 3479 posse
812 3407 1106 3464 credimus.
1138 3404 1289 3460 Unde
1316 3416 1371 3460 et
1396 3403 1628 3474 lapidem

19 3510 82 3566 ι)
121 3507 275 3558 ostio
300 3501 660 3563 monumenti,
689 3501 781 3570 qui
832 3499 988 3554 valde
1041 3514 1270 3570 magnus
1299 3505 1438 3561 erat,
1478 3495 1632 3565 quasi

23 3601 276 3656 ιιιιιιειιιι
311 3594 539 3666 angelus
562 3607 703 3650 unus
724 3593 944 3648 evertit.
972 3593 1229 3660 Quintum
1261 3591 1368 3646 erit
1395 3588 1636 3659 pttleltri-o

19 3691 174 3748 udo.
214 3687 420 3744 Tantae
465 3687 610 3743 enim
640 3685 1079 3757 pulchritudinis,
1137 3695 1407 3754 tantarqtte
1451 3682 1634 3752 glorite

1735 3317 2102 3388 intelligerent
2131 3314 2464 3385 Scripturas,
2523 3315 2782 3385 quoniam
2832 3315 2924 3385 qui
2962 3315 3099 3371 alios
3135 3317 3328 3373 doctu-

1739 3426 1832 3466 rus
1857 3420 1960 3477 est,
1992 3415 2097 3465 non
2125 3410 2296 3464 solum
2327 3409 2486 3462 ﬁdem
2510 3409 2670 3463 debet
2701 3409 2924 3471 habere,
2956 3408 3055 3463 scd
3101 3417 3158 3462 et
3201 3424 3325 3466 eam

1738 3501 2066 3556 testimoniis
2111 3499 2515 3568 Scripturarum
2545 3497 2705 3551 debet
2742 3496 2794 3550 in
2849 3497 2990 3550 alias
3032 3496 3329 3552 conﬁrma-

1738 3609 1798 3648 re
1830 3609 1846 3659 ;
1879 3602 1937 3646 ut
1967 3591 2413 3658 videlicet,juxta
2451 3591 2598 3661 quod
2641 3589 2840 3644 Petrus
2869 3590 2969 3650 ait,
2999 3589 3069 3642 ait
3103 3598 3328 3657 paratus

1738 3686 1802 3738 de
1832 3701 1892 3736 ea
1913 3684 2017 3752 ﬁde
2053 3693 2098 3736 et
2135 3699 2246 3751 spe,
2273 3698 2392 3752 qua:
2431 3681 2483 3734 in
2518 3680 2667 3734 nobis
2691 3690 2789 3745 est,
2826 3681 3044 3734 reddere
3071 3682 3331 3735 rationem

21 3799 150 3840 ultc
179 3783 304 3838 erit
331 3795 552 3852 corpus,
586 3789 644 3834 ut
679 3777 885 3849 fulgeat
906 3778 1047 3832 sicut
1068 3776 1146 3833 sol
1171 3777 1328 3848 (Snp.
1361 3775 1466 3842 in).
1486 3771 1638 3828 Unde

19 3890 58 3934 ξι
113 3875 457 3934 Dominus:
509 3872 844 3945 Fulgebnnt,
875 3872 1069 3940 inquit,
1111 3871 1246 3942 justi
1293 3871 1426 3924 sicut
1464 3866 1543 3921 sol
1579 3865 1636 3920 in

19 3971 176 4025 {orno
209 3966 415 4022 Putris
447 3965 548 4021 mei
569 3964 787 4036 (Matth.
828 3966 970 4032 xm).
1006 3963 1140 4018 Etsi
1189 3960 1438 4032 gloriam,
1474 3972 1638 4027 quam

19 4061 334 4117 )otttinus.
373 4057 442 4114 ad
480 4059 671 4114 horam
724 4057 964 4113 ostendit
1013 4056 1066 4109 iit
1121 4063 1328 4113 monte.
1383 4050 1640 4106 mortales

19 4157 156 4214 tculi
217 4153 516 4210 sustinere
585 4167 692 4207 non
746 4157 1062 4221 potuerunt,
1095 4146 1366 4217 quomodo
1413 4144 1641 4214 gloriam

19 4249 128 4320 jus
160 4247 486 4323 gloriﬁcati
518 4246 663 4302 ferre
691 4243 958 4316 possent?
988 4243 1213 4297 Sextum
1235 4239 1343 4294 erit
1370 4239 1637 4306 voluptas.

19 4343 178 4399 l‘ttttc
211 4341 390 4396 etaim
421 4355 613 4395 omnes
637 4336 887 4409 corporei
917 4349 1111 4392 sensus
1156 4331 1302 4385 veris
1342 4340 1398 4385 et
1425 4329 1643 4384 aeternis
1755 4347 1815 4392 ιιι
1849 4337 1963 4408 ipse
1991 4346 2042 4389 el
2071 4349 2192 4388 cum
2223 4333 2330 4388 Deo
2354 4343 2407 4387 et
2441 4350 2562 4389 cum
2591 4335 2832 4399 homine,
2864 4349 2961 4404 per
2981 4332 3337 4394 charitatem.

20 4430 435 4504 'olttptatibus
489 4427 928 4485 delectabuntur.
988 4425 1144 4480 Visus
1189 4420 1546 4477 delectabitur
1585 4417 1612 4472 it

1745 4431 2004 4501 paciﬁcus
2028 4435 2084 4483 et
2113 4424 2397 4480 familiaris
2426 4426 2710 4482 habeatur.
2741 4425 2874 4480 Nam
2903 4424 3175 4494 quomodo
3203 4423 3342 4477 duos

19 4527 344 4598 plentlore
379 4534 598 4580 aeternae
625 4522 912 4576 claritatis.
948 4519 1178 4574 Auditus
1208 4516 1260 4571 itt
1291 4515 1449 4570 suavi
1479 4513 1612 4569 melo

1753 4524 2016 4578 adversos
2064 4525 2425 4579 reconciliare
2484 4530 2664 4592 potest
2718 4521 2809 4589 qui
2845 4517 2915 4572 ah
2964 4528 3196 4585 utroque
3242 4529 3342 4584 per

20 4623 76 4674 ia
123 4619 508 4692 hymnorum
539 4615 869 4684 rmlestinm.
900 4612 1104 4668 Gustus
1129 4610 1183 4663 itt
1219 4607 1503 4664 dulcedine
1534 4622 1646 4662 εωθ-
1675 4607 1717 4616 ”
1751 4617 1936 4670 odium
1970 4616 2051 4670 γει
2098 4633 2194 4688 ροι-
2224 4616 2584 4687 ignorantia...
2615 4612 2822 4667 divisus
2850 4609 2976 4665 est?
3018 4611 3122 4664 hoc
3149 4616 3341 4675 contra

19 4713 254 4768 hstium
293 4712 571 4767 bonorum
599 4717 652 4763 et
679 4716 1030 4762 aeternorum.
1061 4701 1331 4759 Odoratns
1370 4701 1423 4754 itt
1467 4701 1648 4754 sttavi-
1751 4709 1872 4764 illos
1893 4720 1976 4763 est
2001 4707 2094 4778 qui
2137 4724 2259 4763 cum
2293 4710 2400 4763 sint
2444 4707 2554 4761 ι)υο
2583 4705 2752 4774 ignoti
2799 4717 2895 4772 ρει-
2933 4697 3220 4772 rem-"bam
3261 4697 3343 4751 vi-

19 4815 114 4862 ate
143 4806 433 4862 omnium
458 4812 761 4858 aromatum
792 4808 848 4854 et
900 4800 1406 4853 odoramentorutn.
1449 4796 1612 4846 'l'aetu

1751 4810 1888 4867 tant,
1923 4818 2020 4872 pro
2053 4802 2430 4872 peccatoribus
2472 4805 2812 4867 prtesttmunt
2861 4799 3040 4850 facere
3088 4789 3343 4846 reconcio

20 4907 308 4966 mirabili
348 4905 615 4962 suavitate
642 4913 697 4958 et
725 4901 970 4957 mollitie.
1011 4900 1311 4970 Septimum
1339 4896 1444 4951 erit
1489 4895 1653 4949 libcr-
1753 4895 1994 4950 liatiouis
2021 4896 2374 4965 legationem.
2417 4893 2621 4960 Quinto
2647 4892 2812 4944 etiam
2860 4886 3106 4960 diseipttli
3144 4899 3347 4957 oppor-

20 5018 114 5059 as.
151 5001 349 5056 Adeo
377 4999 522 5053 enim
546 5011 745 5066 corpus
765 4993 1131 5065 gloriﬁcatutn
1159 4993 1262 5045 erit
1304 4990 1554 5050 liberum,
1592 4995 1653 5040 ιιι
1757 4998 1887 5042 tune
1935 4988 2001 5042 ad
2054 4987 2456 5056 praedicandum
2514 4985 2822 5045 mittuntur,
2853 4981 3110 5052 quoniam
3141 4979 3234 5050 qui
3288 4980 3346 5032 in

19 5111 51 5147 τι
71 5107 232 5165 qua:
249 5089 711 5146 nobiscOntraria
735 5083 1069 5145 videntttr,iu
1089 5099 1208 5152 qua:
1232 5083 1387 5136 nobis
1405 5097 1462 5136 se
1485 5080 1656 5150 possit
1758 5079 1862 5134 ﬁde
1890 5089 2015 5150 sunt
2046 5078 2211 5138 ﬁrmi,
2242 5087 2297 5132 et
2333 5077 2384 5131 in
2415 5075 2716 5145 Scripturis
2735 5073 2960 5134 eruditi,
2991 5081 3047 5126 et
3083 5085 3208 5125 cum
3233 5070 3346 5126 Deo

20 5163 471 5252 stendere,‘ut,
499 5198 620 5236 cum
651 5182 722 5237 sit
743 5178 938 5235 subtile
965 5178 1016 5230 itt
1047 5177 1126 5232 sui
1157 5187 1370 5238 natura,
1393 5191 1448 5229 se
1466 5189 1657 5242 eorpu-
1757 5181 1958 5225 etcum
1993 5169 2210 5222 homine
2257 5183 2354 5237 per
2401 5168 2726 5222 charitatem
2756 5164 2990 5234 paciﬁci,
3018 5163 3349 5217 convenien-

20 5289 242 5335 3tttttm
282 5287 355 5333 et
377 5275 642 5348 palpabile
665 5273 834 5343 possit
858 5271 1168 5332 ostendere,
1195 5278 1246 5322 et
1275 5284 1396 5322 curn
1429 5266 1656 5320 voluerit
1759 5273 1843 5318 ter
1883 5264 1948 5317 ad
1977 5263 2376 5332 pra-dicandum
2426 5267 2652 5329 possunt
2693 5257 2852 5312 tttitti.
2885 5255 2999 5310 Non
3022 5266 3204 5309 autem
3246 5255 3347 5324 ipsi

20 5378 518 5434 vanescere,ut,
542 5383 664 5423 eum
692 5367 987 5436 gloriosum
1026 5373 1082 5417 et
1109 5361 1322 5432 fulgens
1371 5360 1438 5414 sit
1473 5361 1524 5412 itt
1574 5359 1656 5413 sui
1761 5371 1858 5425 per
1890 5372 1948 5410 se
1976 5353 2212 5409 ofﬁcium
2261 5353 2664 5423 praedicationis
2699 5358 3006 5412 assumunt,
3047 5347 3144 5400 sed
3169 5349 3352 5418 potius

21 5471 264 5527 atura,
309 5479 376 5518 se
401 5463 502 5516 sub
526 5461 818 5513 obscurum
841 5465 894 5510 et
917 5453 1126 5510 visiltile
1156 5455 1327 5522 possit
1348 5453 1658 5516 ostendere,
1764 5465 1794 5500 a
1826 5447 2052 5501 Domino
2079 5447 2385 5508 mittuntur,
2417 5445 2671 5514 quoniam
2729 5458 2892 5497 nemo
2919 5457 2978 5496 se
3004 5441 3161 5496 debet
3199 5441 3353 5508 inge.

25 5567 120 5605 ιιιι
150 5557 391 5610 nullus
418 5556 522 5610 eihi
547 5563 640 5608 aut
665 5551 832 5606 vestis
854 5547 1303 5619 indigeat,possit
1330 5546 1661 5600 manducare
1767 5557 1902 5596 rere.
1967 5541 2031 5594 Et
2067 5555 2228 5595 nemo
2271 5547 2432 5607 (teste
2482 5539 2672 5609 Paulo)
2725 5538 2888 5592 debet
2909 5534 3012 5590 sibi
3067 5545 3354 5587 assumere

32 5657 226 5698 esse
265 5651 563 5704 vestitum.
595 5645 748 5713 Quod
779 5652 835 5698 et
872 5643 939 5696 de
981 5640 1188 5712 angelis
1227 5640 1472 5709 legimus.
1521 5637 1658 5704 Quia
1757 5622 2056 5697 iuniorem.
2090 5636 2182 5688 sed
2215 5635 2304 5704 qui
2340 5644 2563 5689 vocatus
2607 5639 2696 5687 est
2724 5647 2754 5685 a
2804 5627 3033 5684 Domino
3079 5635 3136 5677 ut
3167 5625 3354 5676 Aaron

19 5751 124 5807 80'
153 5736 505 5798 litaminus
534 5737 750 5794 volebat
803 5735 1038 5805 probare
1084 5732 1406 5788 mortalibus
1433 5747 1657 5786 carnem
1767 5728 1958 5798 (Hebr.
1984 5731 2058 5799 ν).
2095 5729 2163 5782 Ει
2201 5731 2302 5783 hoc
2329 5739 2518 5783 contra
2545 5727 2666 5781 illos
2695 5723 2812 5794 qui,
2851 5737 2949 5791 per
2998 5717 3352 5771 atnbitioueut

19 5844 133 5883 Im
155 5843 374 5889 Vero
416 5849 449 5888 ε
493 5830 724 5888 mortuis
765 5826 1148 5888 resurrexisse,
1196 5823 1356 5880 talem
1397 5840 1454 5880 se
1500 5825 1653 5880 exbi-
1769 5831 1821 5876 et
1879 5820 2176 5877 Simoniant
2279 5822 2512 5877 ofﬁcium
2565 5813 3355 5890 praedicationisprtcsutztunt

593 5944 865 6010 Ρηιιοι..
903 5942 1080 6008 CLV.

2698 5907 2778 5970 59

1741 3779 1791 3848 (I
1825 3779 1968 3833 Patr.
2020 3778 2122 3849 in).
2165 3778 2228 3830 Et
2270 3777 2391 3838 hoc,
2441 3775 2642 3831 fratres
2693 3775 2825 3840 mei,
2883 3783 3072 3830 contra
3099 3774 3219 3830 illos
3248 3783 3336 3832 est

1741 3873 1831 3942 qui
1862 3872 1928 3926 ad
1965 3871 2196 3925 ofﬁcium
2227 3868 2626 3940 pratdicationis
2651 3878 2705 3924 et
2732 3867 3018 3924 sacerdotii
3041 3869 3334 3941 accedunt,

1741 3982 1862 4022 cum
1893 3967 2004 4021 sint
2037 3965 2208 4038 ignari
2233 3962 2663 4034 Scripturarum.
2705 3961 2892 4018 Tertio
2940 3977 3155 4034 quoque
3200 3979 3335 4018 con-

1743 4074 1878 4131 grue
1935 4058 2183 4128 pra-cipit
2237 4056 2519 4127 discipulis
2566 4057 2791 4120 habere,
2839 4070 2938 4126 per
2983 4057 3334 4119 charitatem,

1746 4165 1870 4203 cum
1903 4148 2018 4204 Deo
2045 4156 2100 4201 et
2127 4147 2378 4217 proximo
2411 4161 2624 4214 pacem,
2649 4147 2910 4216 quoniam
2945 4146 3038 4218 qui
3067 4143 3338 4201 Mediator

1751 4245 1894 4299 inter
1926 4244 2092 4298 Deum
2115 4251 2168 4294 et
2196 4250 2511 4310 peccatores
2537 4241 3136 4309 constituitur,oportet
3159 4240 3337 4310 primo
