3822 6316
73 472 186 535 4869

763 450 1070 517 llOMlthE
1103 457 1166 514 IN
1207 454 1426 516 EPIST.
1459 456 1548 516 ET
1595 455 1851 514 EVANG.
1887 453 2186 516 DOMlNlC.
2229 489 2294 500 —-
2337 457 2518 516 PARS
2563 458 2605 514 l.

3159 456 3296 527 tato

67 595 167 652 huc,
205 593 298 638 etc.
352 579 430 635 0b
477 570 704 646 quatuor
762 574 958 645 quippe
1005 590 1196 630 causas
1230 575 1489 630 Dominus
1544 575 1597 629 in
1629 577 1674 636 Α
1706 575 1910 630 munia.
1949 575 2338 631 Debcutetiam
2362 575 2507 630 fores
2541 573 2720 631 cordis
2759 582 2926 635 nostri
2953 599 3071 638 esse
3099 587 3294 643 clausas

67 690 256 748 corpore
278 688 369 727 suo
397 666 693 737 glorificato
725 666 948 720 retinuit
975 667 1128 738 signa
1159 667 1490 722 cicatricum.
1524 665 1595 721 Ut

63 783 246 828 carnem
289 761 590 816 crucitisam
627 773 753 812 vere
785 760 1145 814 resurrexissc
1176 759 1504 822 ostenderet,
1537 767 1597 812 ut

62 877 135 919 eas
157 855 281 915 Patri
313 861 634 928 prmscnlans
670 867 766 921 pro
811 852 966 906 nobis
1005 867 1218 920 semper
1267 850 1590 921 interpellet,

58 966 105 1009 ut
131 950 239 1006 tuali
271 949 316 1000 in
342 946 541 1015 judicio
565 945 780 1000 videant
806 945 858 998 iu
887 960 1045 1018 quem
1073 946 1483 1006 transfixorum.
1511 945 1594 999 vel

57 1061 186 1119 quem
213 1045 654 1107 contempserunt,
693 1046 749 1090 ιιι
774 1037 902 1105 justi
935 1054 1026 1093 cas
1048 1047 1334 1094 cernentes
1363 1039 1592 1093 Domino

53 1156 130 1196 suo
155 1152 240 1207 pro
264 1149 318 1189 se
345 1131 589 1195 inflictas,
638 1131 754 1200 plus
777 1131 828 1184 in
857 1148 1041 1186 amore
1068 1131 1186 1200 ejus
1209 1148 1423 1202 semper
1448 1132 1595 1186 inar-

51 1233 254 1288 descaut.
296 1225 401 1280 Hac
443 1225 603 1279 ctiam
633 1225 700 1279 de
734 1240 921 1288 causa,
955 1243 1094 1280 nunc
1137 1227 1313 1297 imago
1346 1226 1592 1286 crucifixi

48 1326 89 1380 in
123 1319 339 1376 Ecclesia
372 1318 695 1390 depingitur,
731 1329 782 1370 ut
813 1319 1020 1374 scilicet
1041 1329 1330 1374 cernentes
1359 1319 1593 1374 Redem-

45 1426 219 1487 ptorcm
248 1419 483 1465 uestrum
514 1426 609 1481 pro
634 1421 814 1466 nostra
842 1411 1014 1466 salute
1046 1419 1234 1480 sponte
1265 1413 1592 1469 sustinuisse

44 1505 334 1578 pauperiem,
389 1503 788 1569 infirmitatem,
845 1504 1208 1574 improperia,
1255 1513 1447 1573 sputa,
1499 1504 1594 1559 ﬂa-

41 1599 170 1671 gella,
215 1608 456 1660 mortem,
504 1597 675 1666 magis
716 1613 780 1652 ac
820 1599 991 1667 magis
1027 1599 1077 1651 itt
1107 1599 1269 1652 corde
1305 1607 1490 1654 nostro
1527 1599 1591 1654 ad

38 1708 138 1746 cum
183 1691 500 1760 diligendum
535 1691 954 1746 inﬂimmcmur.
999 1693 1137 1760 Quid
1180 1693 1324 1747 enim
1358 1708 1460 1747 non
1494 1694 1590 1749 dc.

37 1788 193 1840 ltetuus
221 1783 392 1838 facere
417 1799 518 1852 pro
552 1801 616 1839 eo
643 1786 732 1855 qui
760 1795 866 1839 tam
894 1787 1085 1858 dignus
1109 1795 1216 1840 tam
1243 1785 1461 1860 indigna
1495 1803 1587 1844 δυο

35 1879 192 1934 stiuuit
220 1893 311 1945 pro
341 1879 497 1931 nobis
530 1888 639 1931 tam
676 1879 930 1950 indignis.

1701 676 1921 736 propter
1976 667 2202 722 insidias
2252 673 2580 730 dauuonum,
2626 683 2694 722 ne
2732 670 2943 748 scilicet
2984 676 3193 743 pOaSilll
3225 682 3292 732 ευι

1700 758 1954 812 interiora
1990 769 2171 814 nostra
2204 775 2300 830 per
2331 759 2524 812 malam
2551 761 2950 830 suggestionem
2993 779 3293 835 .peuctrare

1697 851 1899 922 (ibid.).
1939 851 2004 906 Et
2044 853 2163 907 ideo
2201 853 2479 915 debemus,
2505 853 2659 921 juxta
2688 865 3012 925 prater-ptum
3049 860 3294 916 Satozuo-

1699 942 1806 1006 nis,
1833 944 1978 996 omni
2005 944 2247 997 custodia
2279 960 2373 998 cur
2402 954 2646 999 nostrum
2676 948 2952 1002 custodire
2982 947 3164 1017 (Prov.
3193 956 3291 1021 tv).

1697 1034 1763 1090 Et
1803 1035 1954 1104 juxta
2009 1035 2154 1090 Petri
2202 1039 2513 1092 mandatum
2546 1055 2559 1091 :
2589 1038 2764 1094 Sobrii
2801 1051 2960 1096 estote
2987 1053 3034 1097 et
3062 1045 3290 1117 vigilate,

1697 1128 1903 1183 scilicet
1933 1129 1984 1182 in
2013 1130 2371 1195 orationilms,
2415 1131 2540 1199 quia
2580 1132 2912 1188 aduersarius
2961 1147 3126 1190 vester
3174 1139 3294 1192 dia-

1697 1222 1844 1277 bolus
1875 1233 2124 1293 tanquam
2155 1224 2233 1278 (eo
2263 1226 2473 1294 rugiens
2498 1226 2934 1297 circuitqua'rens
2960 1246 3110 1300 quem
3133 1232 3289 1286 dero-

1696 1325 1770 1367 ret
1813 1313 1866 1384 (1
1917 1311 2062 1369 Petr.
2091 1314 2167 1386 v).
2210 1315 2268 1370 Si
2312 1317 2408 1380 sic,
2440 1315 2639 1372 fratres
2674 1318 2799 1380 mei,
2835 1319 2882 1374 si
2917 1320 2995 1374 sic.
3025 1321 3288 1378 fuerimus

1695 1408 1906 1464 collecti
1943 1409 1994 1463 in
2042 1410 2197 1465 nobis
2224 1425 2321 1481 per
2357 1412 2863 1482 contemplationem
2892 1415 3052 1470 simul
3083 1427 3131 1472 et
3165 1417 3291 1474 eba-

1697 1502 1936 1566 ritatcm,
1985 1499 2193 1556 foribus
2253 1501 2453 1558 clausis
2498 1518 2595 1572 per
2637 1506 2958 1570 custodiam,
3002 1506 3287 1580 loquentes

1694 1595 1888 1650 crebro
1913 1595 1979 1649 de
2003 1592 2129 1649 Jcsu
2157 1603 2210 1649 et
2232 1609 2354 1649 eum
2394 1596 2783 1662 desiderantes,
2802 1598 3166 1668 proculdubio
3195 1601 3282 1655 in-

1698 1689 1861 1744 trabit
1890 1689 1944 1742 in
1985 1705 2107 1752 nos,
2138 1698 2193 1743 et
2221 1687 2320 1742 erit
2376 1688 2655 1744 nobiseum
2703 1693 2843 1746 sicut
2879 1674 3008 1764 ipsc'
3040 1695 3291 1764 promisit

1693 1781 1877 1836 dicens
1909 1800 1923 1837 :
1968 1779 2274 1854 Ubicunque
2305 1785 2410 1837 duo
2448 1785 2524 1839 vel
2545 1795 2648 1839 tres
2677 1786 2870 1854 fuerint
2909 1790 3209 1860 congregati
3231 1791 3286 1845 in

1693 1875 1900 1930 nomine
1937 1892 2068 1941 meo,
2107 1877 2213 1930 illic
2233 1892 2350 1931 sunt
2377 1878 2428 1930 in
2458 1877 2629 1931 medio
2660 1895 2840 1933 eorum
2867 1879 3081 1950 (Matth.
3105 1882 3286 1950 xvm).

89 1971 319 2042 Sequitur
356 1986 484 2040 pars
523 1980 740 2042 quarta,
792 1973 843 2026 iu
876 1988 980 2043 qua
1011 1973 1288 2028 confitenti
1321 1975 1586 2044 discipulo
1619 1941 1664 2001 Β
1697 1969 1763 2025 Et
1810 1971 1939 2039 quid
1986 1971 2231 2026 conferet
2275 1971 2470 2024 nobis?
2507 1971 2698 2025 Pacem
2741 1988 2852 2028 suae
2880 1974 3293 2036 consolationis,

32 2065 230 2119 dicitur:
263 2061 398 2129 Quia
426 2063 602 2116 vidisti
629 2079 727 2126 me,
764 2061 984 2126 Thema,
1014 2065 1304 2132 credidisti,
1342 2065 1478 2120 beati
1498 2066 1586 2137 qui

30 2175 115 2211 non
141 2155 360 2209 riderunt
397 2164 446 2208 et
483 2156 842 2210 Crediderunt.
882 2155 1018 2226 Quia
1047 2157 1223 2211 vidisti
1252 2173 1359 2221 mc,
1389 2159 1584 2229 inquit,

24 2249 279 2304 credidisti.
311 2247 451 2316 Quid
488 2249 672 2304 vidit?
712 2247 848 2316 Quid
876 2249 1148 2304 credidit?
1188 2251 1320 2306 Cum
1352 2251 1485 2306 fldes
1517 2253 1588 2308 sit

24 2341 75 2394 de
109 2341 178 2394 Itis
205 2357 319 2410 qua:
346 2355 454 2394 non
486 2339 763 2406 videntur,
793 2339 937 2396 aliud
968 2342 1103 2396 vidit
1132 2351 1185 2400 et
1214 2342 1360 2398 aliud
1413 2345 1588 2399 credi-

21 2435 97 2489 dit.
133 2433 264 2488 Vidit
301 2435 596 2490 cicatrices
632 2435 682 2488 in
712 2450 897 2503 carne,
941 2444 992 2490 et
1028 2436 1260 2491 credidit
1289 2437 1460 2505 ipsum
1492 2455 1587 2508 per

17 2527 268 2595 potentiam
321 2525 558 2582 Deitatis
604 2542 730 2582 vcrc
771 2528 1151 2583 rcsurrexisse.
1203 2526 1349 2582 Vidit
1399 2529 1588 2584 visibi-

16 2618 99 2671 lem
129 2620 540 2684 humanitatem,
575 2630 628 2674 et
670 2619 902 2675 credidit
929 2619 1184 2674 latentem
1218 2619 1580 2676 divinitatem.

12 2711 155 2777 Bruti,
174 2715 362 2781 inquit,
383 2715 477 2783 qui
502 2730 586 2766 me
610 2730 711 2766 non
738 2711 976 2766 viderunt
997 2722 1044 2765 et
1067 2711 1419 2766 crediderunt.
1445 2711 1584 2780 Quid

11 2790 236 2875 sibi-vult,
264 2806 467 2861 fratres
497 2805 628 2864 mei.
655 2806 756 2859 ista
785 2803 1070 2859 verborum
1102 2804 1412 2875 oppositio?
1442 2804 1588 2860 Nun-

9 2901 116 2968 quid
154 2915 245 2954 nos
279 2900 372 2970 qui
411 2915 522 2951 non
560 2897 795 2950 vidimus
844 2905 895 2951 et
946 2895 1220 2952 credimus
1255 2895 1356 2951 soli
1399 2911 1587 2952 sumus

7 2991 165 3044 beati?
202 2992 262 3044 lit
290 2989 549 3058 Apostoli
580 2991 669 3060 qui
698 2989 954 3043 viderunt
984 2997 1038 3041 ct
1067 2988 1437 3056 crediderunt,
1480 3004 1586 3046 non

5 3094 100 3136 runt
127 3084 309 3138 beati?
353 3082 451 3137 Vel
505 3082 583 3137 illi
630 3090 754 3135 sunt
804 3081 968 3148 beati,
1022 3081 1117 3135 sed
1167 3097 1265 3136 nos
1308 3081 1586 3138 beatiores

5 3173 116 3228 illis?
153 3174 285 3230 Non.
332 3174 445 3230 Sed
481 3174 570 3228 bis
609 3171 792 3228 verbis
828 3172 1136 3226 ostenditur
1167 3173 1424 3244 quoniam
1467 3189 1584 3228 ma-

6 3265 106 3331 ioris
141 3266 314 3319 meriti
357 3273 446 3320 est
500 3265 638 3320 ﬁdes
679 3278 799 3334 qua:
843 3264 960 3318 siuc
1005 3279 1197 3317 sensus
1246 3265 1581 3333 experientia

5 3359 137 3412 credit
153 3374 312 3429 quam
333 3375 397 3413 ea
417 3373 545 3429 quze
563 3357 1058 3436 percsperientjam
1077 3356 1267 3412 credit.
1285 3357 1348 3411 Et
1367 3359 1582 3430 quidem

7 3448 186 3517 uajoris
231 3451 422 3504 meriti
480 3459 630 3503 esset
664 3448 794 3503 fides
838 3459 1045 3514 nostra,
1079 3464 1243 3520 quatn
1287 3449 1418 3502 fides
1458 3466 1584 3518 apo-

5 3541 259 3605 stolorum,
295 3541 342 3597 si
377 3551 566 3606 tanta,
601 3540 645 3594 si
678 3549 783 3594 tam
827 3539 1039 3594 fervens
1088 3549 1234 3595 esset
1277 3550 1329 3594 et
1374 3539 1581 3599 efficax.

5 3631 74 3686 Sed
117 3649 306 3689 eorum
362 3633 510 3688 fides
552 3641 755 3704 quanto
799 3631 1020 3700 certior,
1067 3641 1216 3687 tanto
1265 3633 1580 3690 ferventior.

5 3725 266 3782 ieatissimi
325 3726 568 3784 fuerunt
619 3725 784 3798 igitur
838 3725 1087 3796 apostoli,
1134 3727 1331 3796 quibus
1377 3728 1581 3783 dictum

6 3827 46 3872 st
76 3836 89 3873 :
119 3817 275 3878 Beati
327 3820 483 3875 oculi
521 3819 612 3891 qui
659 3819 828 3872 vident
865 3835 982 3890 qua:
1024 3836 1108 3872 ros
1141 3819 1324 3872 videtis
1363 3819 1578 3892 (Matth.

11 3913 103 3984 ιιι).
131 3915 237 3970 Sed
275 3932 384 3971 nos
413 3930 661 3986 quoque,
689 3911 884 3966 fratres
915 3912 1040 3973 mei,
1073 3911 1164 3982 qui
1214 3929 1318 3966 uou
1350 3915 1582 3968 vidimus

6 4025 18 4060 ι
51 4024 210 4063 carne
261 4007 597 4066 Dominum,
639 4020 826 4062 smnus
863 4004 1027 4066 beati,
1068 4003 1111 4058 si
1146 4018 1269 4057 vere
1300 4019 1421 4058 eum
1463 4020 1582 4059 cre-

5 4099 148 4164 iuuts,
182 4104 227 4156 si
254 4118 388 4157 eum
427 4115 564 4156 vere
592 4099 885 4170 diligimus,
914 4097 957 4152 si
986 4097 1236 4150 mandata
1266 4097 1380 4166 ejus
1409 4097 1581 4151 adim-

5 4194 179 4251 ietuus.
248 4195 430 4251 Juxta
491 4192 845 4264 tropologiam
899 4209 1027 4250 vero
1072 4190 1376 4245 ostenditur
1424 4192 1579 4247 nobis

5 4289 139 4351 rimo,
160 4290 322 4360 quid,
349 4287 618 4358 exemplo
635 4285 1020 4358 apostolorum,
1044 4282 1222 4345 facere
1246 4281 1575 4349 debeamus;

6 4376 161 4451 ritt'dc,
215 4383 359 4449 quid
413 4379 774 4436 emolumenti
825 4377 949 4430 inde
992 4377 1333 4430 consecuturi
1369 4391 1574 4430 smnus.

5 4477 471 4546 mgrcgabantur
519 4483 697 4526 autem
731 4467 977 4538 discipuli
1012 4484 1203 4522 omnes
1257 4484 1380 4523 sero
1430 4469 1575 4524 domi

5 4567 124 4631 'nul,
153 4579 212 4622 et
253 4568 482 4622 clausis
522 4563 703 4633 jauuts
751 4570 968 4633 propter
1003 4570 1204 4615 metum
1239 4559 1573 4626 Judtcorutu,

1690 2062 1758 2118 Et
1789 2063 2082 2118 cxcludens
2121 2081 2149 2118 a
2195 2064 2351 2119 nobis
2377 2079 2592 2120 omnem
2621 2065 2968 2130 dubietatem,
3001 2066 3292 2122 confirmau

1690 2156 1770 2211 bit
1805 2172 1902 2211 nos
1931 2157 1982 2210 in
2017 2157 2140 2222 ftdc,
2191 2157 2400 2228 aperiet
2426 2159 2580 2212 nobis
2611 2174 2825 2213 sensum
2871 2161 2938 2213 ad
2989 2161 3293 2231 intelligen-

1692 2247 1818 2301 tiam
1857 2247 2177 2316 Scripturac,
2209 2249 2358 2302 dabit
2385 2257 2438 2303 et
2469 2247 2626 2302 nobis
2658 2264 2844 2317 pacem
2887 2249 3114 2316 gemina:
3151 2251 3289 2304 chao

1690 2335 1886 2398 ritatis,
1921 2339 2099 2392 mittet
2125 2347 2178 2393 et
2209 2353 2306 2391 nos
2333 2337 2398 2390 ad
2437 2336 2754 2391 lucraudum
2803 2338 3014 2392 animas
3055 2337 3286 2393 fratrum

1690 2441 2018 2486 nostrorum.
2059 2431 2330 2504 lnspiraus
2355 2430 2510 2483 nobis
2546 2429 2805 2498 Spiritum
2846 2440 3092 2484 sanctum
3125 2447 3283 2488 suum

1689 2525 1754 2578 ad
1804 2524 2198 2594 suggerendum
2247 2523 2421 2586 nobis,
2464 2523 2644 2576 omnia
2693 2523 2854 2589 bona,
2897 2524 3055 2578 faciet
3092 2533 3146 2578 ct
3188 2540 3287 2579 nos

1689 2617 1842 2686 quasi
1887 2617 2037 2682 deos,
2090 2617 2215 2670 dum
2261 2615 2344 2670 vel
2377 2616 2465 2669 bie
2500 2614 2617 2670 vice
2640 2629 2734 2668 sua
2771 2616 2998 2686 ligamus
3027 2625 3084 2669 ut
3108 2617 3288 2671 absol-

1688 2709 1868 2764 vimus
1900 2719 2237 2782 peceatores,
2275 2709 2359 2764 vel
2388 2707 2440 2763 iu
2483 2705 2664 2764 futuro
2706 2707 3072 2777 iudicabimus
3119 2711 3291 2778 perti-

1689 2817 1869 2856 naces.
1913 2802 2018 2857 Sed
2061 2800 2106 2855 si
2144 2802 2265 2869 quis
2309 2800 2498 2853 durior
2539 2809 2595 2853 ct
2637 2801 2841 2854 tardior
2878 2801 2933 2854 in
2963 2800 3066 2854 fide
3096 2799 3284 2867 fuerit,

1688 2912 1792 2949 non
1821 2895 2088 2964 desperet,
2112 2894 2206 2947 sed
2231 2893 2314 2964 pia
2349 2900 2527 2947 mente
2566 2892 2858 2947 certiflcari
2891 2901 3060 2962 roget,
3093 2902 3146 2947 et
3176 2893 3283 2947 Du-

1689 2987 1868 3042 tuiuus
1915 2985 2279 3055 apertioribus
2329 2983 2496 3052 signis
2544 2992 2597 3037 et
2641 2983 3001 3044 documentis.
3049 2996 3172 3036 eum
3228 2983 3282 3037 in

1690 3080 1795 3134 fide
1839 3095 1932 3132 sua
1978 3076 2324 3131 certiftcabit.
2373 3076 2474 3142 Qui
2511 3077 2867 3145 untlcqnaquc
2917 3074 3117 3130 electos
3157 3091 3288 3132 suos

1686 3172 2042 3244 congregans,
2077 3178 2132 3223 ct
2161 3169 2214 3223 in
2252 3184 2474 3238 regnum
2504 3184 2661 3222 suum
2707 3167 3077 3232 iutroducens,
3101 3168 3287 3242 cpula-

1687 3267 1830 3322 bitnr
1857 3280 1978 3318 cum
2014 3265 2094 3317 eis
2117 3263 2169 3316 in
2203 3261 2387 3316 la-titia
2431 3261 2780 3330 sempiterna.
2826 3259 2978 3314 Unde
3020 3261 3133 3330 ipse
3165 3261 3283 3318 ait;

1692 3358 1756 3412 Et
1787 3377 1878 3434 ego
1909 3358 2130 3425 dispono
2177 3355 2320 3409 vobis
2369 3352 2808 3426 quemadmodum
2858 3352 3114 3420 disposuit
3155 3351 3286 3408 mihi

1690 3451 1854 3507 Pater
1875 3466 2018 3503 meus
2044 3464 2280 3520 regnum,
2315 3456 2368 3498 ut
2399 3445 2564 3499 cdatis
2586 3455 2632 3497 et
2659 3443 2845 3497 bibatis
2869 3459 3024 3512 super
3049 3459 3286 3496 mensam

1688 3560 1855 3598 meum
1892 3543 1946 3596 in
1987 3557 2144 3610 regno
2182 3555 2294 3592 meo
2327 3535 2478 3607 (Luc.
2508 3537 2664 3606 xxtt).
2707 3535 2859 3604 Quod
2885 3535 2999 3604 ipse
3024 3545 3284 3606 pnestare

1687 3637 1959 3706 dignetur,
1992 3634 2081 3706 qui
2107 3631 2239 3686 vivit
2269 3639 2323 3688 et
2353 3637 2544 3701 regnat
2575 3629 2713 3683 Deus
2740 3644 2838 3700 per
2865 3629 3047 3684 omnia
3082 3625 3282 3685 smcula

1686 3731 2033 3792 saeculorum.
2066 3732 2262 3784 Amen.

2253 3815 2532 3873 llOMlLlA
2567 3814 2705 3872 LVI.

1999 3926 2253 3967 ιιοιιιΝιςι
2292 3923 2527 3964 διξοιιδιιει
2567 3921 2700 3963 νοδτ
2737 3923 2954 3964 ΡΑεειιΑ.

1755 4008 1994 4068 Christus
2023 4021 2208 4078 passus
2233 4013 2306 4060 est
2335 4019 2428 4072 pro
2456 4001 2625 4064 nobis,
2645 4001 2783 4055 vobis
2798 4001 3280 4070 relinquensexemv

1683 4103 1848 4174 plum,
1872 4112 1924 4155 ut
1950 4098 2240 4170 sequamini
2267 4095 2480 4166 vestigia
2499 4094 2612 4172 ejus
2637 4092 2684 4157 (l
2707 4093 2848 4147 Petr.
2870 4094 2952 4163 tt),
2973 4104 3075 4149 etc.
3099 4094 3152 4148 lu
3172 4095 3278 4151 hac

1683 4195 1930 4258 lectione,
1984 4191 2180 4243 fratres
2217 4187 2544 4250 cltarissimi,
2578 4201 2669 4240 sex
2704 4185 2860 4241 nobis
2901 4197 3279 4256 proponuntur

1684 4281 2074 4342 consideranda
2098 4299 2110 4333 :
2131 4279 2262 4347 Quis
2287 4293 2477 4348 passus
2499 4285 2581 4332 est
2600 4288 2655 4332 et
2676 4292 2772 4348 pro
2786 4276 3003 4348 quibus,
3023 4286 3076 4331 et
3102 4294 3279 4346 quan-

1685 4391 1756 4444 ta,
1786 4388 1837 4432 et
1859 4379 1910 4431 iu
1933 4373 2431 4446 quo,etquomodo,
2453 4379 2622 4440 etqua
2647 4377 2828 4422 nostra
2854 4369 3104 4424 utilitate.
3139 4369 3274 4436 Quis

1682 4470 1924 4544 passus?
1967 4467 2105 4521 Dens
2137 4463 2507 4533 impassibilis,
2543 4460 3129 4530 incompreltcnsibilis,
3175 4463 3276 4514 im-

1684 4562 1947 4618 mortalis.
1997 4558 2103 4612 Itcs
2138 4556 2300 4620 mira,
2336 4554 2552 4619 fratres,
2580 4562 2635 4607 ct
2666 4569 2694 4605 a
2728 4553 3008 4606 relroactis
3058 4552 3274 4607 saeculis

25 4659 90 4714 dc
124 4661 377 4714 Domino
414 4656 805 4728 loquebantur,
830 4661 883 4706 ct
912 4668 1034 4706 eum
1064 4652 1431 4722 suspirabaut.
1465 4649 1574 4706 Nos

1721 4653 1947 4718 taudita,
1978 4649 2118 4719 quod
2147 4645 2492 4719 impassibilis
2525 4660 2715 4714 passus
2740 4653 2846 4705 est,
2886 4645 3028 4712 quod
3068 4643 3274 4697 incom-

6 4769 178 4822 'oquc,
206 4753 434 4807 fratres
471 4749 597 4811 mei,
633 4757 914 4817 postquam
943 4745 1038 4817 per
1066 4746 1377 4801 diuturnam
1405 4746 1576 4800 actio-

8 4863 55 4898 tu
89 4847 158 4898 ad
191 4845 440 4917 negotia
491 4842 762 4896 exteriora
793 4839 1107 4905 exierimus,
1153 4853 1277 4894 sero
1310 4853 1407 4909 per
1447 4853 1576 4891 cou-

9 4937 373 5008 nplationetn
439 4934 512 4987 ad
561 4933 922 5004 nosmetipsos
967 4933 1273 4993 redeamus,
1328 4938 1383 4983 ct
1429 4930 1574 4984 intra

5 5029 319 5099 smetipsos
375 5041 491 5080 nos
539 5023 878 5096 colligamus,
937 5032 995 5076 ttt
1036 5023 1162 5091 quid
1194 5023 1573 5093 corrigendum

48 5120 103 5174 in
158 5120 362 5182 nobis,
427 5117 565 5186 quid
617 5117 984 5180 nutriendum,
1045 5114 1173 5186 quid
1235 5115 1572 5169 evellendam

5 5215 51 5268 id
77 5213 485 5285 plantandum
519 5212 915 5280 perquiramus.
947 5208 1062 5264 Non
1089 5209 1257 5262 simus
1285 5208 1424 5261 sicut
1452 5208 1574 5278 qui-

6 5325 70 5368 'u.
99 5309 199 5378 qui
232 5307 365 5362 sola
403 5304 710 5374 qttteritant
754 5305 1047 5366 exteriora,
1080 5300 1288 5370 scipsos
1321 5301 1574 5371 ignoran-

28 5411 86 5454 et
120 5401 532 5474 negligentes.
575 5396 756 5451 Simus
781 5405 834 5449 et
859 5393 1016 5450 simul
1042 5410 1137 5462 per
1159 5393 1414 5447 unionem
1441 5393 1573 5447 cba-

6 5495 124 5561 itis,
161 5506 225 5548 ut
265 5493 589 5562 diligamus
638 5492 803 5544 Deum
855 5489 1136 5560 plusquam
1182 5503 1302 5551 nos,
1342 5494 1396 5541 et
1446 5502 1573 5555 pro-

9 5606 94 5644 tos
128 5599 386 5643 nostros
427 5583 577 5636 sicut
610 5600 730 5646 nos,
758 5584 895 5636 sicut
925 5590 978 5635 et
1014 5581 1079 5634 de
1133 5578 1261 5648 ipsis
1312 5576 1573 5647 apostolis

5 5683 118 5736 itur
146 5699 160 5733 :
197 5679 362 5745 Quia
394 5676 756 5729 multitudinis
775 5674 1112 5734 credentium,
1141 5680 1248 5724 erat
1273 5687 1361 5725 cor
1384 5687 1569 5736 unum,

6 5776 180 5828 ’nima
222 5789 352 5826 una
384 5768 541 5838 (Act.
569 5769 666 5839 tv).
708 5766 816 5820 Nec
842 5775 998 5820 erant
1023 5764 1176 5818 divisi
1203 5779 1298 5834 per
1330 5763 1570 5816 avaritia:

8 5867 369 5934 prietatettt,
405 5861 671 5928 quoniam
705 5859 880 5913 tmllus
904 5859 1044 5913 aliud
1079 5874 1231 5913 sumn
1262 5858 1473 5912 diccbat
1503 5857 1570 5910 dc

13 5977 148 6032 qua:
180 5953 676 6031 posside’bttntur,
720 5953 812 6011 sed
859 5963 1013 6009 erant
1054 5953 1158 6010 illis
1192 5949 1370 6006 omnia
1417 5964 1582 6031 comj

1684 4743 2064 4823 preltensibilis
2107 4741 2530 4811 comprehensus
2577 4745 2706 4791 est:
2753 4738 2892 4804 quod
2950 4736 3273 4792 immortalis

1685 4853 1932 4900 mortuus
1959 4845 2063 4890 est.
2105 4833 2167 4888 Et
2203 4833 2338 4894 lucc,
2371 4840 2424 4883 et
2455 4829 2497 4882 si
2524 4830 2797 4884 contraria
2826 4829 3134 4894 vidcantur,
3185 4840 3271 4883 ta-

1682 4955 1806 4996 meo
1852 4950 1982 4990 vere
2026 4931 2092 4985 de
2133 4928 2317 4982 eadem
2366 4938 2618 4994 persona,
2666 4923 2958 4977 secundum
3009 4923 3166 4976 aliam
3215 4931 3272 4977 et

1681 5031 1842 5085 aliam
1883 5036 2131 5080 naturam
2163 5016 2545 5088 praalicantnr.
2591 5013 2707 5068 Non
2763 5014 2907 5070 enim
2958 5014 3010 5068 in
3054 5014 3271 5072 Cbristo

1682 5131 1811 5180 sunt
1838 5121 1955 5174 dua:
1992 5128 2235 5186 persona:
2267 5110 2404 5164 Deus
2448 5117 2503 5162 ct
2557 5107 2742 5171 homo,
2773 5107 2868 5161 sed
2915 5123 3018 5162 una
3057 5107 3268 5182 eadem,

1680 5213 1892 5268 naturis
1921 5215 2176 5263 constans
2205 5218 2270 5256 ex
2300 5202 2526 5255 duabus.
2566 5200 2738 5254 Tanta
2770 5209 2949 5253 autem
2977 5199 3026 5252 in
3056 5197 3270 5256 Christo

1680 5306 1811 5360 unio
1842 5310 1924 5357 est
1963 5299 2260 5356 divinitatis
2289 5305 2344 5350 ct
2379 5294 2731 5349 humanitatis
2771 5294 2887 5348 sine
2931 5294 3269 5357 confusione,

1681 5409 1739 5454 ut
1783 5394 2042 5469 quidquid
2077 5391 2143 5447 dc
2171 5389 2351 5443 Verbo
2383 5388 2638 5452 dicimus,
2679 5388 2924 5442 dicamus
2969 5397 3026 5441 et
3068 5386 3132 5440 de
3179 5386 3269 5440 illo

1681 5490 1918 5550 homine,
1949 5495 2002 5540 ct
2039 5483 2300 5554 quidquid
2326 5498 2448 5535 cum
2483 5480 2573 5534 illo
2603 5480 2818 5534 ilOlttille
2849 5479 3100 5543 dicimus,
3124 5477 3273 5530 dica-

1678 5599 1797 5640 mus
1827 5590 1882 5636 ct
1913 5579 1978 5634 de
2008 5576 2205 5632 Verbo.
2238 5575 2367 5629 lude
2396 5584 2502 5638 est,
2533 5574 2728 5626 fratres
2756 5573 2881 5634 tttci,
2922 5571 3064 5638 quod
3103 5571 3269 5622 auda-

1677 5686 1795 5732 cter
1818 5675 1984 5727 Deum
2013 5679 2304 5736 mortuum,
2329 5679 2383 5721 et
2408 5667 2678 5722 hominem
2713 5665 2858 5718 illum
2889 5663 3070 5718 mundi
3102 5662 3267 5717 Crea-

1681 5776 1851 5820 torem
1898 5763 2274 5833 prtcdicamus.
2326 5759 2442 5813 Non
2492 5758 2635 5812 enim
2683 5755 2996 5826 pra-iudicat
3047 5750 3266 5807 veritati

1675 5857 1940 5911 dictorum
1972 5854 2362 5918 inconsequens
2380 5851 2633 5921 iunctura
2661 5848 2978 5904 dictionum.
3019 5845 3125 5899 Pro
3146 5845 3265 5913 qni-

1674 5945 1774 6004 bus
1804 5956 1888 6004 est
1917 5944 2142 6018 passus?
2171 5958 2266 6003 vro
2297 5943 2625 6001 hominibus.
2655 5957 2753 6013 pro
2780 5939 2970 6006 servis,
3003 5955 3098 6011 pro
3132 5955 3262 6009 (ct;-
