3822 6316
539 434 675 498 1871

1635 419 1974 483 ΑυυιςΝω.
2011 448 2080 464 -
2121 415 2473 498 uanum"
2508 413 2861 474 ARDENTIS
3593 421 3678 479 im

538 557 834 616 caloribus.
876 557 1074 610 Passus
1107 559 1194 605 est
1228 548 1407 618 itaque
1456 544 1596 599 Deus
1649 558 1748 612 pro
1795 540 2127 600 hominibus,
2159 540 2205 597 Α
2237 539 2542 591 venientius
2571 550 2699 588 vero
2729 543 2870 595 erat,
2902 533 3158 600 quoniam
3202 543 3292 599 per
3332 530 3497 599 lignum
3518 535 3681 603 dolatu,

536 649 803 707 Dominus
830 661 927 716 pro
945 643 1117 699 servis
1137 682 1152 704 ,
1182 648 1398 694 sanctus
1421 652 1516 706 pro
1539 633 1936 702 peccatorilms.
1972 630 2134 686 Ecce.

543 739 766 799 fratres,
802 736 938 788 mira
964 742 1017 788 et
1057 730 1294 785 inamlita
1343 725 1678 792 compassio;
1720 722 1855 776 mira
1889 730 1944 773 et
1976 720 2134 773 inau-

545 831 657 884 dita
691 828 950 896 dignatio.
991 823 1325 879 Erubescant
1363 819 1526 886 igitur
1564 815 1773 869 Domini
1814 812 2142 882 temporales

547 920 828 976 inhumani
857 929 910 972 et
944 916 1188 971 crudeles
1221 913 1271 966 in
1313 925 1501 964 servus
1529 924 1680 968 suos,
1718 907 1809 976 qui
1859 920 2138 958 servorum

549 1025 606 1068 et
633 1025 928 1082 pauperum
963 1007 1151 1061 nolunt
1194 1001 1440 1057 misereri
1481 999 1816 1059 excessibus,
1861 1012 1959 1050 nec
1991 1012 2141 1050 cum-

550 1105 663 1174 pati
724 1099 1102 1160 iulirmatibus,
1156 1094 1264 1147 imo
1305 1102 1359 1146 et
1417 1092 1790 1158 delinquentes
1848 1088 2142 1140 inhumane

552 1196 815 1265 afﬂigunt,
847 1203 900 1246 et
936 1196 1282 1259 a‘grotantes,
1331 1185 1532 1253 frigore
1561 1193 1615 1236 et
1643 1183 1816 1234 inedia
1864 1179 2041 1250 perire
2074 1175 2141 1230 si-

549 1299 704 1349 nunt,
736 1287 853 1356 plus
884 1283 1125 1337 dolentes
1153 1282 1216 1335 de
1257 1280 1572 1332 infirmitate
1602 1275 1830 1344 jumenli
1861 1274 1943 1328 sui
1977 1288 2141 1342 quam

547 1379 692 1434 servi
722 1377 826 1431 sui.
871 1374 1008 1441 Quid
1054 1384 1138 1427 est
1182 1372 1318 1425 hoc?
1368 1371 1511 1425 Deus
1559 1383 1872 1437 eompassus
1915 1375 1999 1420 est
2046 1365 2152 1440 tibi.

551 1472 756 1526 misero
804 1466 1006 1522 homini
1052 1476 1107 1519 et
1152 1463 1446 1534 peccaturi,
1479 1472 1533 1516 ct
1573 1471 1626 1513 tn
1665 1477 1769 1515 non
1815 1458 2143 1528 compateris

548 1564 714 1619 homo
763 1561 991 1626 homini,
1031 1573 1220 1614 servus
1251 1573 1532 1612 conservo.
1582 1555 1680 1623 Qui
1713 1553 1906 1608 nullius
1942 1551 2144 1618 indiget

550 1657 650 1713 tibi
680 1654 933 1727 indigenti
972 1663 1052 1708 cst
1087 1652 1364 1706 misertus.
1408 1650 1473 1707 Et
1525 1658 1577 1702 tu
1620 1648 1708 1715 qui
1744 1647 1971 1714 indiges,
2002 1643 2142 1696 indi-

549 1750 698 1822 genti
731 1765 835 1803 non
861 1745 1158 1801 misereris.
1189 1745 1397 1810 Quanta
1431 1757 1622 1812 passus
1658 1738 1781 1793 est?
1817 1737 2059 1791 defectus
2089 1743 2143 1789 et

551 1841 802 1913 injurias.
841 1839 1092 1894 Defectus
1124 1847 1302 1890 autem
1335 1851 1527 1906 passus
1561 1845 1666 1899 est,
1699 1845 1755 1888 et
1795 1833 1894 1897 rei,
1927 1842 1984 1884 ιιι
2010 1847 2143 1900 pau-

2240 629 2412 684 Adam
2445 635 2746 681 tentaverat
2770 634 2817 677 et
2849 625 3073 678 vicerat.
3101 621 3478 679 Convenientius
3501 643 3592 698 ergo
3607 649 3679 692 cm

2241 730 2296 774 ιιι
2321 721 2410 789 qui
2439 735 2535 789 per
2560 719 2761 790 lignum
2801 716 3071 770 hominem
3104 715 3320 777 vir-eral,
3355 731 3435 785 per
3468 717 3612 786 lignum
3640 726 3682 781 ab

2241 813 2462 867 homine
2500 811 2606 864 vim
2625 820 2827 864 eretur.
2869 807 3210 863 Conveniens
3251 817 3358 861 erat
3397 818 3444 861 ut
3484 810 3600 866 homo
3629 819 3686 885 qui

2242 916 2561 976 peccaverat
2591 919 2686 973 per
2725 902 2850 971 ligni
2879 901 3240 960 dulcedinem,
3266 912 3505 955 saturetur
3525 920 3592 972 per
3608 906 3690 978 ligni

2243 996 2680 1050 amaritudinem.
2724 993 2875 1060 Quod
2899 1002 3078 1046 autem
3111 993 3496 1062 triumphaturus
3513 1001 3695 1055 essetne

2244 1091 2421 1144 minus
2447 1089 2512 1143 de
2538 1087 2772 1151 diabolo,
2816 1087 3132 1155 prmdietum
3162 1095 3276 1139 erat
3306 1102 3331 1137 a
3371 1085 3612 1144 Psaltuista:
3635 1093 3693 1146 Di-

2244 1183 2364 1241 cite,
2395 1181 2589 1250 inquit,
2637 1180 2693 1233 in
2742 1181 3001 1248 gentibus,
3051 1179 3176 1248 quia
3226 1177 3450 1231 Dominus
3492 1187 3698 1249 regnat-itu
3784 1239 3785 1252 χ

2244 1273 2385 1342 ligno
2413 1270 2586 1342 (Psal.
2621 1274 2744 1339 xcv)
2779 1271 2912 1341 (45).
2954 1270 3237 1337 Quomodo
3265 1287 3434 1339 passus
3457 1275 3551 1325 est?
3579 1289 3700 1342 sponte

2244 1377 2294 1421 et
2328 1367 2664 1420 innocenter.
2707 1367 2932 1434 Sponte,
2959 1366 3218 1433 quoniam
3243 1365 3441 1418 tradidit
3461 1364 3647 1433 jndicauti
3669 1388 3705 1427 se

2247 1459 2444 1528 injuste
2471 1456 2519 1528 (1
2554 1457 2698 1512 Pctr.
2729 1461 2812 1521 tt).
2860 1457 3012 1512 Unde
3042 1456 3183 1510 idem
3215 1455 3284 1509 ait
3315 1473 3326 1508 :
3353 1453 3705 1516 Nemolollitame
3784 1463 3785 1512 l

2247 1550 2478 1601 animam
2525 1565 2713 1609 meam,
2747 1549 2837 1601 sed
2866 1564 2958 1616 ego
2995 1564 3133 1614 pono
3173 1564 3312 1609 eam,
3351 1555 3396 1600 et
3439 1549 3582 1603 iterum
3614 1571 3708 1608 samo

2246 1659 2361 1694 eam
2405 1640 2588 1711 (Joan.
2627 1645 2703 1710 Χ).
2747 1641 3092 1705 lttnoccttter,
3133 1641 3379 1710 quoniam
3423 1655 3707 1710 pertutumm
3784 1675 3785 1684 ι

2248 1733 2395 1797 fecit,
2427 1751 2517 1787 nec
2552 1736 2789 1787 inventas
2820 1743 2894 1786 est
2919 1733 3073 1786 dolus
3112 1733 3166 1785 in
3205 1749 3293 1784 ore
3335 1739 3435 1802 ejus
3469 1733 3508 1800 (l
3536 1731 3639 1789 Patr.
3661 1747 3710 1800 ut.

2247 1823 2527 1879 Patienler
2557 1825 2836 1894 quon’am,
2881 1841 2998 1876 cum
3048 1823 3457 1885 malediceretur,
3483 1841 3562 1876 non
3579 1829 3713 1880 nardi-

550 1910 817 2003 perlatum
867 1939 921 1984 et
963 1929 1242 1997 penuriam
1274 1929 1535 1994 corporis,
1591 1936 1650 1978 ut
1697 1924 1919 1987 famem,
1970 1921 2142 1984 sitim,
2180 1910 2222 1965 Β
2251 1920 2421 1978 cebat,
2453 1934 2570 1970 cum
2607 1927 2872 1985 pateretur
2909 1933 3011 1969 non
3040 1915 3454 1968 comminabatur
3480 1916 3624 1986 (il-ii).
3651 1919 3715 1974 Im

559 2025 954 2079 lassitudinem.
1010 2021 1262 2075 Defectus
1292 2020 1456 2071 etiam
1491 2018 1716 2080 mentis,
1769 2028 1826 2070 ut
1874 2015 2147 2070 tristitiam

555 2126 614 2172 et
653 2115 910 2172 dolorem.
965 2113 1193 2184 lnjurias
1239 2113 1404 2165 etiam
1443 2125 1635 2180 passus
1666 2118 1774 2172 est,
1811 2117 1916 2161 tam
1961 2125 1987 2161 τι
2039 2107 2150 2162 suis

555 2223 720 2278 quam
765 2206 832 2260 ab
877 2204 1173 2269 extraneis,
1222 2202 1534 2257 exactiones
1575 2200 1626 2254 in
1661 2216 1800 2262 rem,
1827 2197 2063 2253 convitia
2096 2198 2148 2251 iu

555 2300 724 2355 verbo
749 2297 965 2367 (Matth.
993 2297 1133 2364 xxi),
1170 2295 1488 2350 alﬂictiones
1533 2294 1584 2347 itt
1632 2307 1882 2361 corpore,
1915 2291 2155 2344 exactio-

558 2409 677 2457 nes,
725 2393 850 2461 quia
901 2399 1125 2445 exactus
1169 2388 1426 2442 tributum
1454 2385 1687 2440 reddidit
1713 2385 1914 2439 Caesari
1941 2402 1953 2437 :
1985 2383 2151 2438 vesti-

563 2494 743 2540 menta
772 2482 888 2551 ejus
915 2481 1099 2551 partiti
1131 2489 1257 2534 sunt
1279 2479 1499 2542 milites,
1524 2487 1579 2532 et
1605 2492 1770 2545 super
1801 2488 2003 2530 vestem
2037 2474 2154 2544 ejus

558 2578 828 2632 miserunt
851 2587 1049 2628 sortem
1082 2571 1265 2642 (Joan.
1300 2573 1434 2641 λιιι).
1471 2568 1715 2622 Convitia
1747 2569 1908 2622 etiam
1932 2567 1980 2620 ei
2011 2567 2155 2620 intu-

555 2669 760 2730 lerunt,
799 2672 1055 2721 vocantes
1083 2679 1206 2718 eum
1241 2655 1408 2716 lilium
1444 2661 1602 2723 fabri,
1643 2676 1890 2714 voracem
1920 2668 1974 2712 et
2006 2668 2155 2726 pota-

561 2758 676 2815 ‘rem
719 2760 852 2822 vini,
891 2768 1189 2812 amatorem
1245 2756 1587 2810 meretricum
1641 2763 1694 2808 et
1746 2752 2154 2822 publicanorum

560 2855 780 2925 (Matth.
820 2863 918 2923 χι).
977 2851 1248 2906 Vueantes
1297 2852 1461 2906 etiam
1515 2865 1640 2904 eum
1690 2849 2056 2910 seductorem,
2102 2853 2157 2899 et

561 2951 996 3017 improperantes
1024 2945 1073 2998 ei
1101 2959 1114 2996 :
1151 2944 1293 2997 Alios
1326 2942 1496 2996 salvos
1531 2941 1676 3008 fecit,
1704 2940 1928 3009 "ipsum
1955 2939 2156 2992 salttum

562 3039 736 3109 facere
775 3055 878 3091 non
918 3045 1081 3106 potest
1125 3034 1344 3099 (Matth.
1377 3036 1570 3104 χχιιι).
1614 3033 1946 3088 Aﬂlietioues
1991 3033 2157 3086 etiam

565 3131 619 3182 in
671 3143 898 3198 eorpose
948 3143 1140 3196 passus
1185 3135 1288 3190 est,
1333 3135 1390 3179 ttt
1435 3126 1641 3196 alapas,
1687 3135 1866 3194 sputa,
1918 3123 2156 3188 vincula,

563 3220 794 3291 ﬂagella,
829 3229 1078 3273 mortem.
1112 3216 1332 3273 Fratres
1361 3219 1487 3284 mei,
1526 3218 1568 3271 si
1612 3217 1752 3272 Deus
1793 3215 2045 3270 sustinuit
2078 3222 2156 3268 tot

563 3320 619 3365 et
656 3319 804 3364 tanta
844 3309 1060 3380 indigna
1108 3323 1204 3378 pro
1258 3308 1411 3362 nobis
1451 3307 1706 3376 indignis,
1747 3305 1874 3375 quid
1926 3319 2024 3358 nos
2065 3304 2159 3359 de-
2187 3297 2234 3322 “⁴

561 3403 758 3458 bemus
809 3403 988 3456 facere
1039 3417 1136 3470 pro
1174 3416 1258 3463 eo,
1301 3401 1408 3454 imo
1458 3417 1554 3470 pro
1599 3400 1798 3454 nobis?
1839 3399 1978 3453 Deus
2013 3399 2162 3453 dives

567 3496 810 3552 omnimn
863 3495 1034 3562 factus
1073 3503 1156 3548 est
1202 3511 1301 3564 pro
1337 3503 1388 3550 te
1421 3508 1643 3565 pauper.
1686 3492 1751 3547 Et
1779 3503 1831 3546 ιιι
1863 3509 1960 3562 pro
1989 3493 2165 3547 salute

568 3597 660 3645 tua
689 3587 887 3658 refugis
917 3604 1036 3644 esse
1076 3589 1324 3660 pauper?
1365 3587 1506 3644 Deus
1529 3604 1627 3658 pro
1655 3598 1706 3643 te
1736 3605 1926 3659 passus
1956 3598 2038 3642 est
2081 3588 2162 3644 fa-

567 3699 737 3746 mem,
761 3683 924 3743 sitim,
951 3681 1326 3737 lassitudinem
1353 3691 1406 3738 et
1432 3682 1731 3746 tristitiam,
1758 3691 1813 3735 et
1835 3681 2162 3751 bujusmodi.

569 3775 640 3831 Et
668 3785 719 3828 ιιι
753 3789 848 3844 pro
882 3782 969 3828 tua
999 3774 1170 3828 salute
1197 3775 1312 3828 luce
1353 3772 1557 3844 refugis
1592 3772 1747 3842 pati?
1790 3772 1928 3827 Deus
1971 3782 2024 3827 et
2063 3772 2168 3826 Do-

571 3865 754 3920 minus
781 3864 1022 3917 omuimn
1055 3862 1309 3917 sustinuit
1333 3877 1554 3933 propter
1585 3879 1643 3918 se
1670 3863 2082 3932 subjectiouem,
2113 3872 2168 3918 et

571 3956 807 4011 reddidit
839 3955 1095 4010 tributum
1126 3955 1348 4011 Caesari.
1391 3955 1457 4010 Et
1488 3965 1541 4010 ιιι
1582 3969 1678 4025 pro
1722 3964 1810 4010 tua
1852 3955 2046 4020 salute,
2079 3970 2166 4010 re-

571 4046 716 4119 fugis
751 4046 1136 4116 subjectionem
1169 4054 1224 4102 et
1255 4046 1513 4102 tributum
1547 4045 1661 4100 dari
1695 4046 2028 4117 priueipilms
2062 4055 2172 4100 ter-

572 4140 804 4197 rarum?
845 4139 984 4194 Deus
1012 4148 1252 4209 propter.
1278 4149 1330 4195 te
1379 4140 1634 4195 sustinuit
1683 4141 1927 4195 convicia
1962 4149 2015 4193 et
2046 4139 2170 4194 irri-

576 4231 758 4288 siones
788 4248 816 4284 a
848 4231 1041 4286 servis.
1086 4230 1153 4287 Et
1199 4241 1252 4286 tu
1299 4231 1368 4286 ab
1404 4233 1725 4302 :equalibus,
1764 4232 1878 4288 haec
1927 4231 2022 4287 tibi
2065 4231 2169 4286 diei

573 4340 684 4380 non
714 4333 865 4394 potes
895 4323 1049 4394 pati?
1091 4324 1232 4378 Deus
1266 4339 1458 4394 passus
1496 4335 1581 4379 est
1607 4333 1829 4396 propter
1870 4331 1924 4380 te
1963 4322 2171 4393 ﬂagella

575 4427 630 4475 et
674 4429 940 4482 mortem;
987 4426 1040 4471 et
1082 4426 1135 4472 tu
1178 4432 1274 4486 pro
1305 4417 1673 4488 redemptione
1713 4416 1907 4470 animze
1935 4427 2038 4472 tua:
2067 4432 2172 4471 non

574 4521 732 4585 potes
760 4511 886 4582 pati.
917 4525 1035 4581 qure
1065 4520 1268 4579 tamen,
1292 4509 1426 4565 velis
1462 4511 1598 4565 nolis
1624 4526 1881 4582 passurus
1914 4521 2019 4578 c~t,
2051 4521 2171 4564 tan-

2253 2009 2472 2064 Petrum
2508 2009 2806 2078 redarguit,
2837 2016 2891 2059 et
2922 2023 3110 2059 aurem
3143 2022 3308 2074 quam
3338 2021 3638 2074 atttptttatetat,
3661 2028 3712 2065 ςε-
3784 2021 3785 2078 ξ

2255 2102 2426 2157 navit.
2470 2099 2579 2153 Nos
2613 2115 2848 2169 quoque.
2908 2099 3130 2163 fratres,
3180 2097 3418 2169 Magistri
3459 2102 3588 2154 nostri
3617 2106 3713 2157 vesti-
3784 2089 3785 2130 ξ

2254 2197 2338 2269 gia
2392 2204 2698 2266 sequentes,
2750 2195 3021 2265 patiemur
3073 2206 3272 2265 sponte
3322 2210 3487 2247 amara
3533 2205 3574 2248 et
3618 2199 3719 2251 tristia
3784 2229 3785 2240 ι

2256 2292 2417 2359 hujus
2477 2290 2700 2352 mundi,
2763 2289 3021 2358 quoniam
3071 2289 3220 2341 sicut
3275 2289 3499 2342 infirmus
3540 2304 3617 2342 non
3657 2306 3722 2356 per.

2257 2384 2404 2438 venit
2449 2385 2515 2436 ad
2566 2381 2875 2445 sanitdem,
2927 2381 3029 2435 nisi
3071 2381 3250 2434 tristia
3288 2382 3514 2450 patientia
3540 2392 3582 2435 et
3614 2398 3724 2435 amara

2259 2477 2549 2548 gustando,
2586 2475 2657 2528 ita
2725 2489 2822 2527 nos
2884 2473 3084 2527 inliruti
3145 2474 3390 2543 pereatis
3445 2473 3527 2526 nisi
3581 2474 3727 2528 timet

2262 2584 2446 2620 amara
2499 2566 2771 2636 patiendo,
2827 2566 2892 2620 ad
2936 2581 3118 2618 veram
3156 2565 3392 2620 salutem
3426 2567 3640 2633 pervenire
3667 2583 3725 2619 non
3784 2629 3785 2640 ἦ

2261 2662 2526 2714 valemus.
2566 2659 2864 2717 Patiamur,
2896 2668 3157 2727 quantum
3203 2674 3495 2727 possumus,
3520 2658 3726 2712 innocenter
3784 2641 3785 2654 ³

2262 2751 2328 2806 ad
2370 2749 2674 2819 extritiplmu
2713 2748 2922 2803 Domini
2971 2750 3177 2814 nostri;
3231 2760 3287 2802 ut
3331 2764 3486 2818 ptume
3521 2749 3726 2817 temporales

2262 2859 2369 2898 non
2415 2843 2526 2896 sint
2575 2840 2732 2894 nobis
2777 2857 2935 2911 pmua
2975 2842 3166 2910 culp-.9,
3220 2821 3315 2896 sed
3349 2841 3731 2896 meritnmcnmru.
3784 2815 3785 2828 χ

2264 2935 2370 2991 Sed
2423 2934 2466 2989 si
2514 2933 2838 3002 quandoque
2881 2949 2978 3000 pro
3003 2933 3250 3001 peccatis
3278 2933 3466 2986 nostris
3499 2932 3733 3002 ﬂagellatur,

2262 3027 2316 3085 in
2354 3028 2486 3098 ipsis
2515 3026 2764 3096 ﬂagellis,
2813 3042 2964 3080 more
3011 3027 3189 3080 dextri
3244 3027 3737 3090 lattouis,uosunrtas
3784 3026 3785 3070 1

2264 3123 2608 3186 confitentes,
2659 3119 2909 3182 puriores
2956 3119 3282 3184 reddantur,
3321 3136 3423 3172 non
3461 3132 3580 3171 more
3612 3117 3738 3170 siui‘trl
3784 3149 3785 3186 γ

2266 3215 2490 3270 latronis
2535 3215 2583 3266 iu
2618 3213 2903 3281 iniquitate
2932 3222 3114 3266 nostra
3149 3213 3484 3272 ἰιιιιιιτοιιιιιι,
3526 3219 3570 3262 et
3601 3210 3645 3262 de
3672 3223 3739 3260 cur-

2267 3307 2602 3379 reptionilms
2624 3305 2836 3375 pejores
2861 3305 3180 3360 eﬂiciamur.
3229 3302 3740 3370 Patiamurttpuienzer
3784 3287 3785 3358 ι

2267 3419 2372 3458 nou
2418 3409 2903 3462 remurmurantes,
2947 3414 3053 3452 non
3096 3397 3369 3465 judicium
3404 3397 3486 3450 Dei
3515 3403 3736 3452 accusatus,

2268 3497 2362 3552 sed
2397 3496 2506 3550 Deo
2532 3497 2733 3566 gratias
2774 3502 3017 3560 agentes,
3051 3493 3140 3562 qtti
3179 3491 3381 3546 Filium
3412 3507 3552 3560 qustu
3578 3487 3743 3556 ιεΙιιςάὶῖἓι

2269 3590 2365 3658 git,
2414 3565 2640 3657 corripit
2691 3585 2880 3657 (Hebr.
2914 3587 3038 3656 xu),
3077 3585 3322 3640 scientes
3372 3585 3489 3654 quia
3525 3595 3668 3654 pelta,
3696 3587 3746 3630 at
3784 3565 3785 3628 ἰ

2269 3692 2489 3751 peccata
2534 3690 2786 3750 purgant,
2840 3687 2935 3732 aut
2980 3678 3295 3731 mercedem
3336 3682 3642 3745 angmeutngt.
3680 3675 3748 3736 Qui
3784 3709 3785 3751 ι

2271 3774 2505 3829 utilitate
2557 3783 2740 3828 nostra
2783 3788 2978 3838 passus
3021 3771 3148 3826 est?
3183 3770 3536 3841 quadruplici.
3570 3767 3692 3821 Ptimo
3718 3773 3750 3814 at
3784 3775 3785 3842 ξ

2271 3875 2493 3938 peccata
2521 3875 2704 3920 uestra
2734 3870 2997 3935 portaret,
3041 3866 3352 3918 secundum
3379 3863 3512 3933 quod
3539 3859 3751 3930 prmium

2272 3962 2340 4015 de
2371 3976 2438 4015 eo
2476 3959 2644 4014 Isaias
2674 3976 2687 4012 :
2723 3956 2853 4012 Vere
2902 3957 3189 4027 languore:
3250 3965 3456 4010 nostra:
3499 3955 3586 4023 ipse
3612 3952 3751 4014 talit,d
3784 3957 3785 4014 1

2273 4061 2489 4123 peccatu
2519 4063 2698 4106 nostra
2735 4053 2843 4121 ipse
2894 4053 3119 4122 portarit
3161 4049 3311 4119 (Im.
3359 4053 3464 4119 ιι).
3503 4047 3700 4104 Secundo,
3725 4047 3785 4123 ξιξ

2274 4145 2601 4201 cbaritatem
2634 4162 2795 4215 quam
2823 4145 3056 4201 habebat
3085 4146 3137 4200 in
3168 4161 3298 4210 nos,
3341 4145 3420 4200 sic
3451 4145 3583 4199 nobis
3597 4140 3756 4194 ostens—

2277 4248 2380 4303 rct,
2405 4249 2460 4295 et
2488 4256 2588 4294 nos
2615 4240 2682 4294 ad
2709 4239 2996 4294 amandum
3026 4255 3148 4294 eum
3176 4241 3392 4294 arctius
3413 4237 3640 4293 imitmt.
3673 4233 3756 4284 [ηεξ

2279 4334 2394 4404 ipse
2407 4333 2478 4386 ait
2500 4350 2513 4385 :
2532 4329 2790 4402 Majorem
2805 4331 3115 4384 charitatem
3131 4349 3197 4384 ac
3213 4332 3535 4384 dilectionem
3549 4341 3661 4379 nemo
3672 4324 3755 4374 hard

2280 4433 2337 4477 ut
2357 4427 2588 4478 animum
2613 4441 2763 4477 suam
2787 4435 2944 4493 ponat
2959 4427 3077 4496 quis
3102 4441 3202 4493 pro
3223 4426 3414 4478 amicis
3429 4423 3527 4476 suis
3544 4419 3676 4489 Mean.
3693 4423 3756 4468 nil

2281 4513 2501 4580 Tcrtio,
2555 4523 2614 4568 ut
2663 4517 2968 4586 exemplum
2998 4517 3139 4585 quod
3192 4529 3543 4584 sequeremur
3573 4511 3687 4563 nobis
3713 4519 3756 4556 u-

578 4603 750 4658 dem‘l
790 4601 1031 4666 Fratres,
1054 4602 1236 4656 omnia
1272 4603 1393 4655 vilia
1422 4611 1477 4657 et
1506 4617 1694 4672 aspera
1738 4603 1998 4658 sustinuit
2034 4604 2173 4657 licus
2207 4637 2252 4694 ι)
2283 4609 2572 4679 linqueret.
2607 4607 2758 4663 Unde
2784 4610 2899 4678 ipse
2931 4609 3006 4662 ait
3038 4626 3054 4662 :
3085 4608 3192 4673 Qui
3231 4608 3370 4660 mihi
3405 4604 3632 4658 ministrat
3654 4611 3760 4650 sese»

577 4711 678 4768 pro
703 4694 877 4756 nobis,
907 4703 1103 4764 praeter
1125 4703 1431 4762 peccaturo.
1464 4692 1806 4758 Econtrario,
1837 4711 1933 4748 nos
1966 4693 2170 4760 miseri,

581 4785 967 4854 subjectiouem
1002 4783 1207 4856 peccati
1232 4793 1285 4839 ct
1307 4784 1502 4838 diaboli
1532 4786 1798 4854 patienter
1819 4787 2171 4850 sustinemus,

583 4879 970 4950 subjeetiouem
1011 4893 1137 4930 vero
1177 4877 1479 4941 hominum,
1523 4889 1892 4948 paupertatem
1938 4888 1994 4933 et
2037 4877 2174 4934 allii-

579 4971 817 5026 ctiunetn
859 4971 999 5038 (qum
1025 4968 1288 5023 medicina
1321 4980 1448 5025 sunt
1480 4970 1804 5041 animarum)
1842 4974 1949 5042 pati
1999 4973 2174 5026 nolui--

506 5082 518 5095 “
585 5079 726 5116 mus.
771 5060 841 5115 Ut
865 5058 993 5130 quid
1031 5061 1188 5114 haec?
1213 5063 1314 5116 nisi
1347 5065 1470 5131 quia
1498 5080 1602 5118 non
1633 5064 1749 5134 lege
1780 5064 1892 5129 Dei,
1925 5066 2016 5119 sed
2061 5065 2177 5135 lege

582 5163 770 5209 nostra
800 5153 978 5205 vivere
1026 5152 1292 5219 volumus,
1322 5166 1376 5210 et
1421 5169 1689 5225 nostram,
1743 5175 1848 5213 non
1895 5159 1987 5213 Dei
2031 5160 2176 5211 viam

586 5246 887 5314 sequimur.
931 5244 982 5298 Ιιι
1012 5262 1119 5316 quo
1152 5265 1341 5318 passus
1369 5250 1492 5304 est?
1522 5267 1684 5320 super
1716 5252 1938 5321 lignum.
1986 5251 2180 5320 Dispo-

585 5343 773 5392 sui-rat
809 5353 1039 5408 namque
1072 5339 1212 5394 Deus
1252 5343 1319 5396 ab
1350 5354 1554 5400 mterno
1608 5343 1883 5398 Christum
1928 5344 1979 5396 itt
2034 5343 2180 5413 ligno

585 5444 897 5500 passurum,
926 5440 1037 5485 tmn
1063 5436 1188 5502 quia
1223 5437 1325 5490 hoc
1369 5450 1538 5507 genus
1586 5437 1778 5490 mortis
1824 5445 1943 5489 erat
1996 5436 2176 5500 vilius,

585 5534 702 5578 tum
734 5525 858 5595 quia
889 5529 1316 5583 convenientius.
1368 5531 1536 5586 Vilius
1579 5533 1776 5601 quippe
1803 5540 1942 5594 erat,
1973 5532 2100 5600 quia
2125 5531 2179 5583 in

585 5616 732 5688 ligno
766 5620 1235 5689 Suspetnlebantur
1263 5623 1500 5678 latrones
1527 5632 1582 5677 et
1613 5624 1709 5677 rei.
1752 5622 1876 5678 [huc
1916 5639 2047 5691 ergo
2083 5637 2182 5677 nos

586 5710 700 5778 pati
729 5711 917 5779 voluit,
954 5715 1046 5782 qui
1095 5730 1195 5783 pro
1244 5715 1400 5771 nobis
1437 5716 1552 5788 pati
1586 5716 1776 5772 viliora
1805 5717 1995 5773 voluit.
2035 5718 2178 5774 Con-

662 5864 778 5937 (‘5)
815 5865 974 5940 Vulg.
1015 5886 1121 5925 non
1161 5871 1283 5927 hab.
1327 5892 1360 5928 ει
1398 5873 1559 5944 ligno.

2279 4715 2492 4774 quatur,
2545 4712 2591 4755 et
2645 4701 2734 4754 ubi
2783 4717 2898 4754 sum
2942 4717 3056 4772 ego,
3098 4701 3214 4754 illic
3255 4712 3307 4754 et
3348 4687 3757 4752 ministerium“

2281 4796 2465 4865 (Joan.
2499 4795 2620 4862 χιι).
2660 4792 2890 4861 Quarto,
2919 4804 2978 4847 ιιι
3005 4809 3104 4848 nos
3139 4792 3210 4847 ab
3237 4809 3432 4848 errore
3467 4793 3528 4844 ad
3560 4790 3664 4840 riam
3687 4797 3761 4832 τίει-

2283 4891 2431 4954 tatis,
2475 4906 2507 4943 ει
2555 4889 2796 4944 tenebris
2826 4889 2893 4942 ad
2933 4887 3128 4951 lucem,
3164 4902 3195 4940 a
3237 4887 3390 4941 cultu
3426 4882 3598 4939 diaboli
3634 4871 3760 4928 adrui

2281 4992 2395 5036 ttntt
2429 4981 2704 5038 Creatoris
2751 4982 2919 5036 nostri
2966 4997 3065 5035 nos
3107 4991 3417 5035 revocaret.
3465 4978 3652 5032 hirsutus
3683 4967 3761 5020 enim

2283 5087 2435 5138 ante,
2475 5075 2672 5129 fratres
2699 5076 2827 5139 mei,
2855 5075 3006 5143 quasi
3052 5089 3183 5130 oves
3212 5085 3464 5128 errantes
3488 5071 3588 5123 sine
3615 5072 3759 5136 pastori.

2285 5184 2502 5222 eramus
2535 5168 2685 5232 cauri,
2719 5169 2834 5222 sine
2862 5183 2990 5221 vera
3019 5170 3158 5230 luce,
3184 5181 3419 5220 eramus
3455 5154 3762 5218 servientes

2286 5258 2432 5320 bolo,
2465 5257 2656 5327 ignoro
2688 5273 2815 5311 vero
2839 5259 3115 5312 Creatore.
3163 5258 3276 5312 Sed
3321 5273 3482 5316 nunc,
3509 5253 3665 5308 fratres
3694 5258 3757 5298 τῖες

2286 5346 2640 5415 gaudeamus,
2671 5357 2725 5400 et
2755 5349 3101 5418 liedemptori
3157 5362 3357 5402 nostro
3395 5348 3582 5419 gratias
3613 5347 3757 5409 agam

2286 5438 2542 5507 quoniam
2575 5455 2717 5493 nunc
2737 5455 2922 5493 sumus
2950 5442 3198 5496 conversi
3235 5442 3307 5493 ad
3337 5441 3590 5494 Pastorem
3631 5442 3670 5485 cl
3696 5428 3755 5493 εέτ

2286 5544 2508 5598 Scopum
2561 5530 2864 5585 animarum
2919 5545 3232 5587 nostrarum
3295 5533 3348 5603 (1
3404 5535 3539 5585 I’etr.
3573 5531 3756 5590 ιιι).ηῶ

2287 5632 2400 5676 toto
2427 5623 2588 5676 corde
2625 5624 2846 5692 diligere
2877 5635 2931 5679 et
2962 5628 3090 5679 totis
3120 5627 3336 5679 vir.b:ts
3369 5625 3513 5695 sequi
3553 5622 3754 5674 triiatatzt

2286 5712 2370 5770 bis
2393 5715 2734 5786 oumipoteizs
2770 5716 2926 5774 Pater
2957 5730 3213 5786 mternus,
3253 5721 3354 5791 qui
3386 5737 3505 5776 cum
3530 5717 3676 5772 eodem
3691 5706 3755 5760 55‘
