3822 6316
73 387 188 451 1875

773 367 1083 427 ΗΟΜΙΗΕ
1123 366 1191 423 ΙΝ
1229 366 1454 425 EI’IST.
1490 364 1582 432 ΕΤ

1695 363 1877 424 iANG.
1914 362 2212 420 DOMINlC.
2252 389 2322 404 --
2353 361 2530 418 PARS
2569 363 2610 416 ι.

3147 359 3282 420 1874

70 519 116 567 ει
140 501 316 576 spiritu
340 502 518 554 sancto
539 490 670 547 vivit
691 500 745 547 et
771 496 961 563 regnat
1003 486 1144 542 Deus
1167 501 1262 558 per
1289 484 1470 542 omnia
1499 497 1601 540 sae-
1630 492 1675 548 Α
1708 483 1985 553 prmdicat,
2014 489 2079 576 et
2098 457 2200 576 qua
2233 479 2517 576 deﬁciente
2547 481 2660 576 ipse
2683 493 2878 538 cessat.
2933 479 2999 538 Et
3027 485 3282 555 quoniam

65 600 165 659 eula
192 591 507 653 saeculorum.
545 585 737 638 Amen.

575 674 852 730 IIOMIIJA
876 672 1028 728 LVII.

341 783 582 825 DODIINICA
619 781 852 822 SECUNDA
890 781 1019 820 POST
1059 779 1270 819 PASCIM.

121 866 246 922 Dixit
278 861 426 916 Jesus
463 855 736 922 discipulis
777 855 887 910 suis
921 872 939 909 :
975 855 1084 926 It'go
1125 873 1240 910 sum
1281 861 1461 922 pastor
1499 852 1590 905 bo-

60 978 156 1015 nus.
187 956 348 1010 Bonus
376 961 550 1019 pastor
585 949 819 1002 animum
845 964 994 1000 suam
1035 948 1124 1000 dat
1161 964 1256 1017 pro
1280 947 1460 999 ovibus
1483 945 1594 998 suis

61 1052 214 1124 (Joau.
253 1045 322 1111 χ),
352 1053 452 1098 etc.
487 1039 743 1095 Dominus
771 1056 835 1094 ac
865 1039 1194 1110 Redemptor
1240 1050 1441 1102 noster,
1485 1037 1595 1092 fra-

57 1155 148 1197 tres
168 1134 474 1195 charissitni,
501 1129 755 1202 quoniam
791 1130 936 1184 milis
957 1141 1039 1183 est
1075 1139 1129 1183 et
1159 1129 1378 1184 humilis
1409 1129 1590 1194 corde,

53 1234 218 1286 vilibus
264 1243 317 1281 sc
357 1231 632 1294 comparat
675 1223 940 1292 personis.
988 1219 1101 1274 Non
1143 1223 1284 1275 enim
1339 1221 1413 1273 ait
1441 1237 1455 1272 :
1483 1218 1593 1288 Ego

49 1323 326 1380 sutnbonns
362 1333 472 1380 rex,
511 1317 684 1371 bonus
725 1317 1039 1384 imperator,
1078 1317 1171 1371 sed
1202 1329 1302 1384 ego
1340 1330 1456 1367 smn
1497 1314 1596 1368 bo-

49 1433 130 1471 nus
161 1424 346 1485 pastor.
390 1410 556 1464 Porro
588 1410 639 1464 in
673 1409 921 1471 lectione,
968 1426 1087 1480 qua:
1137 1409 1274 1463 hanc
1317 1408 1591 1479 pra‘cedit.
1651 1417 1654 1421 ‘

45 1511 225 1562 loculus
249 1503 417 1559 fuerat
449 1500 710 1558 Dominus
735 1504 800 1559 de
835 1503 973 1570 fure,
1025 1503 1150 1556 hinc
1199 1512 1596 1571 consequenter

43 1599 249 1669 loquitur
285 1596 348 1649 de
379 1595 734 1660 mercenario,
782 1603 836 1648 et
881 1595 948 1650 de
997 1597 1135 1649 bona
1172 1607 1405 1664 pastore.
1460 1593 1594 1650 Tres

41 1694 179 1764 igitur
210 1699 349 1753 sunt,
387 1689 494 1756 fur,
528 1673 896 1745 tnercetiarius
921 1701 972 1745 et
1008 1701 1210 1760 pastor,
1234 1690 1376 1744 sicut
1422 1690 1592 1745 nunti-

39 1788 192 1843 tnhus.
223 1782 292 1835 ita
322 1782 570 1848 introitu,
603 1782 922 1846 inuentione,
947 1797 1127 1852 Opere,
1152 1795 1206 1837 et
1228 1784 1420 1837 merito
1443 1782 1594 1836 diffe-

1701 591 1830 631 oves
1881 592 1984 629 non
2035 574 2232 643 diligit,
2286 573 2379 628 sed
2438 572 2854 630 emolumentum
2902 579 3043 646 quod
3087 580 3154 634 ab
3201 579 3295 636 eis-

1702 667 1949 736 ’,πείρετ’
2001 675 2184 735 pastor
2236 679 2340 717 non
2387 673 2492 727 est,
2538 665 2791 733 quoniam
2841 683 2944 721 non
2994 685 3141 735 oves,
3186 674 3283 728 sed

1700 761 1862 834 [sese]
1896 776 2114 832 pascere
2147 759 2357 829 qumrit.
2402 756 2554 813 Unde
2593 759 2847 818 Dominus
2873 765 2986 818 ait:
3014 766 3284 823 Mercenn-

1701 855 1808 908 rius
1838 866 1884 908 et
1913 856 2001 924 qui
2031 870 2132 907 non
2156 861 2232 908 est
2258 865 2458 920 pastor,
2499 855 2648 924 cujus
2690 871 2791 909 non
2834 867 2956 910 sunt
3010 876 3125 913 ores
3162 879 3287 931 pro-

1697 948 1847 1016 pria’.
1882 946 1996 1001 Non
2023 947 2166 1002 enim
2196 962 2291 1016 per
2321 961 2560 1002 amorem
2583 962 2676 1003 eas
2715 949 2815 1005 sibi
2851 952 2976 1006 facit
3015 957 3285 1025 proprias,

1699 1039 1793 1092 sed
1829 1054 1924 1108 per
1971 1047 2337 1109 contemptum
2364 1055 2393 1092 a
2420 1054 2477 1095 se
2508 1040 2732 1096 alienas.
2784 1042 3042 1100 lntroitus
3069 1062 3287 1118 quoque

1701 1131 2019 1185 mercenarii
2047 1132 2097 1184 in
2127 1130 2365 1186 Ecclesia
2397 1143 2600 1188 nonest
2625 1149 2718 1203 per
2737 1135 3039 1205 Christum,
3061 1141 3288 1205 ostium.

1701 1227 1794 1278 sed
1825 1225 2001 1293 potius
2031 1239 2127 1294 per
2177 1224 2547 1294 ambitionem,
2599 1226 2923 1296 Simoniam,
2965 1242 3019 1288 et
3067 1235 3288 1290 inanem

1699 1318 1944 1387 gloriam.
1995 1317 2094 1385 Qui
2144 1318 2269 1374 licet
2304 1318 2622 1389 quandoque
2666 1322 2784 1378 sine
2839 1340 3064 1381 munere
3118 1329 3285 1385 etiam

1702 1420 1922 1467 vocatus
1975 1412 2230 1476 introeat,
2282 1414 2406 1485 quia
2449 1425 2646 1483 tamen,
2687 1438 2790 1476 non
2823 1436 2943 1492 qua:
2971 1419 3096 1476 .lesu
3131 1423 3287 1480 Chri-

1701 1503 1792 1566 sti,
1839 1503 1932 1558 sed
1979 1519 2098 1572 qua:
2134 1521 2228 1559 sua
2269 1515 2394 1560 sunt
2444 1513 2658 1578 quavrit,
2711 1528 2816 1567 non
2861 1529 2956 1583 per
3010 1515 3289 1572 Christum

1700 1596 1920 1662 ostium,
1950 1597 2043 1650 sed
2079 1612 2176 1666 per
2218 1598 2566 1654 ambitionem
2619 1601 2802 1657 intrat.
2856 1603 3083 1662 Intentio
3120 1608 3288 1663 etiam

1645 1769 1649 1776 δ
1701 1691 2049 1755 mercenarii,
2089 1693 2346 1762 quoniam
2393 1710 2532 1750 vana
2581 1708 2636 1752 et
2680 1699 2819 1754 mala
2870 1709 2975 1766 est,
3025 1701 3290 1772 quidquid

1701 1779 1855 1846 facit,
1895 1782 2151 1852 quidquid
2183 1786 2459 1852 przedicat,
2493 1789 2749 1858 quidquid
2789 1789 2966 1854 offert,
3003 1791 3110 1846 Deo
3141 1792 3290 1848 inac-

39 1888 206 1931 rentes.
235 1875 339 1930 Fur
365 1877 564 1947 quippe
595 1887 680 1932 est
719 1876 1021 1936 haereticus.
1065 1877 1156 1947 qui
1201 1877 1268 1931 de
1302 1877 1498 1930 unione
1529 1875 1594 1928 ﬁ-
1628 1873 1670 1932 Β
1700 1887 1912 1944 ceptum
1951 1884 2052 1930 est.
2111 1875 2266 1933 Unde
2293 1878 2550 1935 Dominus
2577 1898 2672 1950 per
2696 1881 3012 1937 Malachiam
3053 1888 3288 1956 prophe-

37 1967 104 2019 dei
131 1974 177 2019 et
209 1964 462 2020 Ecclesia:
491 1982 622 2021 oves
661 1967 860 2022 Christi
907 1966 1138 2030 furatur,
1187 1977 1241 2022 et
1281 1969 1331 2021 in
1381 1975 1588 2037 partem

35 2055 200 2112 diaboli
229 2056 389 2110 trahit
420 2066 476 2110 et
511 2057 729 2113 occidit.
773 2057 871 2125 Qui
899 2058 1037 2114 bene
1073 2060 1273 2114 dicitur
1315 2060 1421 2122 fur,
1453 2077 1591 2129 quo-

33 2149 154 2201 niam
182 2146 398 2212 furtum,
443 2149 498 2203 id
545 2159 628 2205 est
671 2151 961 2208 obscurum
1001 2153 1194 2223 diligit,
1223 2151 1376 2220 juxta
1419 2152 1586 2207 illud:

33 2239 124 2305 Qui
142 2241 261 2294 male
293 2242 424 2310 agit,
464 2243 577 2296 odit
619 2242 786 2298 lucem
816 2245 996 2316 (Joan.
1033 2246 1138 2313 ιιι).
1197 2246 1400 2300 Dicitur
1443 2245 1587 2299 enim

27 2330 447 2395 latroalatendo,
485 2335 744 2402 quoniam
786 2336 938 2389 sedet
980 2337 1031 2389 in
1082 2335 1292 2391 insidiis
1341 2337 1584 2403 occultis,

26 2423 369 2479 utiuterﬁciat
397 2425 766 2482 innocentem.
812 2427 927 2484 Non
971 2429 1114 2483 cnim
1155 2445 1337 2484 coram
1386 2431 1588 2484 sanctis

25 2516 299 2571 doctoribus
342 2518 438 2572 sed
489 2518 632 2572 clam
661 2531 716 2573 et
747 2519 930 2573 furtim
961 2521 1296 2590 simplicibus
1324 2531 1376 2575 et
1406 2522 1589 2576 idiotis

25 2611 155 2662 audet
177 2625 320 2661 sttam
355 2609 614 2663 hmresint
645 2611 959 2680 prtedicare.
987 2611 1092 2665 Sed
1119 2629 1217 2668 nec
1247 2628 1343 2681 per
1363 2614 1585 2676 ostium,

25 2709 129 2753 teste
177 2701 402 2754 Domino
451 2701 625 2755 intrat
667 2704 718 2756 in
755 2704 894 2758 ovile
932 2705 1156 2769 ovium,
1203 2707 1294 2758 sed
1345 2706 1589 2760 ascendit.

26 2790 219 2858 aliunde,
248 2793 514 2860 quoniam
566 2810 676 2847 non
703 2809 798 2864 per
832 2795 1188 2850 humilitatem
1233 2797 1378 2859 ostii,
1416 2798 1465 2850 id
1502 2807 1586 2850 est

25 2884 204 2948 Ihristi,
233 2891 328 2941 sed
363 2905 464 2959 per
514 2891 828 2960 Superbiam
855 2901 910 2946 et
949 2891 1161 2947 inanem
1194 2891 1439 2962 gloriam,
1493 2908 1586 2945 nu-

26 2992 138 3029 uero
178 2977 416 3033 ﬁdeliutn
451 2995 517 3035 se
561 2981 774 3051 ingerit.
825 2992 878 3036 et
937 2999 1132 3037 nomen
1183 2984 1283 3038 sibi
1335 2985 1582 3039 assumit.

26 3070 452 3142 utentioqnoque
497 3073 644 3127 illius
684 3083 767 3128 est
796 3090 899 3128 non
945 3075 1222 3144 prodesse,
1271 3078 1366 3132 sed
1408 3077 1587 3146 p0tius

25 3177 207 3216 incesse
228 3173 284 3218 et
314 3181 550 3220 nocere.
581 3162 734 3220 Unde
756 3165 1010 3220 Dominus
1033 3180 1054 3223 :
1076 3165 1214 3230 Fur,
1247 3168 1442 3238 inquit,
1482 3185 1584 3224 non

1698 1977 1806 2022 tam
1835 1970 1915 2022 eis
1943 1969 2185 2040 loquitur
2212 1971 2398 2028 dicens
2430 1992 2443 2027 :
2479 1974 2609 2040 Quis
2648 1987 2720 2029 est
2748 1977 2804 2030 in
2843 1978 2984 2032 vobis
3017 1980 3107 2048 qui
3138 1980 3288 2032 clau-

1693 2061 1782 2113 dat
1815 2063 1977 2125 ostia,
2008 2074 2054 2116 et
2086 2064 2332 2119 incendat
2357 2067 2524 2121 altare
2553 2085 2723 2123 meum
2753 2071 2985 2138 gratuito
3011 2071 3035 2124 2³
3063 2069 3184 2126 Νοη
3211 2080 3289 2126 est

1692 2153 1822 2206 milii
1865 2153 2102 2209 roluntas
2151 2157 2204 2209 in
2251 2157 2415 2222 vobis,
2476 2160 2600 2213 dicit
2651 2160 2928 2227 Dominus,
2984 2179 3174 2217 munus
3224 2164 3291 2219 ds

1692 2261 1853 2298 manu
1900 2256 2070 2300 restra
2116 2264 2218 2301 non
2263 2250 2546 2319 suscipiam
2598 2251 2756 2323 (Μαι.
2801 2254 2864 2322 ι).
2902 2253 3051 2324 Opus
3105 2263 3288 2311 autem

1693 2339 2016 2394 mercenarii
2051 2350 2134 2396 est
2166 2342 2423 2396 honorem
2462 2352 2518 2398 et
2564 2343 2773 2399 lucrum
2815 2347 3112 2416 temporale
3137 2363 3286 2418 qna:-

1651 2448 1833 2520 lrere,
1886 2449 2004 2487 sese
2065 2450 2310 2505 pascere,
2367 2438 2534 2492 verbo
2587 2439 2703 2494 solo
2747 2440 3074 2511 prmdicare,
3138 2441 3283 2498 malo

1693 2525 1938 2595 exemplo
1967 2543 2337 2598 corrumpere,
2380 2547 2568 2586 curam
2621 2534 2802 2588 ovium
2855 2535 3145 2605 negligere,
3193 2551 3289 2592 ve-

1693 2613 1875 2666 niente
1908 2614 2055 2682 lupo,
2083 2614 2287 2686 fugere.
2321 2618 2534 2683 Amant,
2569 2620 2761 2690 inquit,
2790 2622 2987 2690 primos
3015 2623 3286 2678 accubitus

1689 2705 1743 2757 in
1777 2707 1955 2771 comis,
1983 2719 2029 2760 et
2055 2709 2256 2777 primas
2279 2711 2553 2764 cathedras
2584 2713 2637 2766 in
2667 2716 2968 2785 synagogis,
2993 2723 3041 2769 et
3073 2715 3284 2771 saluta-

1689 2796 1852 2852 tiones
1887 2800 1938 2852 in
1969 2800 2107 2868 foro,
2145 2812 2191 2854 et
2216 2803 2390 2855 rocari
2421 2803 2484 2855 ab
2525 2803 2821 2858 hominibus
2854 2804 3018 2859 llabbi
3065 2805 3286 2874 (Matth.

1690 2903 1855 2953 xxnt;
1890 2888 2018 2945 Luc.
2046 2891 2160 2962 xx).
2211 2892 2275 2946 Et
2300 2893 2494 2948 iterum
2536 2911 2630 2964 per
2663 2898 2978 2966 prophetam
3005 2914 3022 2953 :
3063 2896 3156 2952 Va:
3183 2917 3286 2968 pa-

1687 2983 1952 3047 storibus,
2003 2985 2171 3055 inquit
2229 2985 2419 3046 Israel,
2477 2989 2566 3057 qui
2621 2992 2903 3058 pascebant
2955 2992 3287 3061 semetipsos.

1643 3089 1649 3100 ·
1691 3071 1879 3128 Nonne
1905 3093 2081 3146 greges
2110 3091 2400 3146 pascuntur
2421 3097 2452 3133 a
2474 3084 2771 3150 pastoribus
2790 3085 2816 3138 ?
2841 3084 2948 3138 Lac
2972 3085 3284 3140 comedeba-

1690 3163 1777 3226 tis,
1812 3164 1950 3219 lanis
1981 3169 2370 3236 operiebamini,
2397 3188 2600 3242 gregem
2628 3183 2800 3228 autem
2839 3192 3009 3230 meum
3045 3193 3148 3232 non
3187 3195 3290 3246 pa-

27 3257 130 3316 enit,
162 3257 266 3311 nisi
301 3268 360 3312 ut
395 3259 639 3328 furatur,
679 3269 725 3312 et
766 3270 973 3322 nmctet,
1017 3273 1063 3314 et
1103 3263 1310 3332 perdat.
1352 3261 1390 3316 F
1397 3275 1585 3316 uratur
1613 3242 1656 3304 (ἶ
1689 3257 1932 3312 sccbatis.
1977 3259 2130 3324 Quod
2157 3279 2390 3316 crassum
2419 3276 2530 3318 erat
2562 3268 2848 3333 occidistis,
2877 3280 2924 3322 et
2958 3271 3098 3340 quod
3127 3271 3287 3341 inﬁr-

31 3347 332 3416 uippe,dum
354 3351 427 3403 ab
447 3351 656 3405 unione
680 3351 928 3405 Ecclesiae
947 3354 1154 3407 animas
1181 3364 1427 3424 separat;
1466 3370 1581 3408 ma-

27 3447 88 3492 tat
117 3441 335 3511 quippe,
353 3442 490 3497 dum
518 3457 730 3498 veneno
751 3445 968 3514 pet'lidte
989 3445 1210 3501 haeresis
1231 3462 1325 3501 eas
1349 3448 1540 3501 occidit
1563 3463 1578 3511 ;

27 3532 144 3584 erdit
177 3534 420 3600 peuittts,
457 3535 595 3587 dum
642 3534 781 3587 malo
826 3534 1071 3604 exetuplo
1106 3549 1200 3588 eas
1241 3536 1455 3605 penitus
1485 3536 1582 3590 de-

33 3623 146 3676 ruit.
196 3621 350 3693 Opus
386 3639 528 3678 vero
563 3624 704 3678 illius
734 3634 816 3678 est
847 3625 1126 3680 veritatem
1177 3627 1580 3696 Scripturarum

27 3712 106 3768 ale
143 3714 580 3786 interpretando
621 3717 940 3786 depravare,
989 3718 1201 3772 veritati
1243 3717 1433 3774 falsum
1484 3721 1582 3773 ad-

29 3806 211 3874 iscere,
245 3809 472 3865 ealmto
496 3811 636 3881 legis
659 3822 838 3880 caput,
872 3811 922 3864 id
953 3821 1033 3866 e-t
1063 3813 1395 3867 divinitatem
1426 3813 1584 3868 Citri-

27 3900 37 3952 i
77 3902 426 3974 impugnare,
481 3919 588 3972 per
625 3901 932 3974 hypocrisin
983 3903 1239 3958 tnalitiatn
1272 3921 1424 3959 suam
1471 3905 1582 3975 pal-

27 4008 110 4058 tre,
140 4005 194 4050 et
228 3995 303 4050 ita
343 3996 638 4066 decipere,
665 3996 729 4049 de
755 3996 912 4050 rebus
939 3996 1175 4062 iliormn,
1199 4013 1335 4067 quos
1362 3997 1579 4067 decipit,

27 4101 158 4153 rere,
194 4099 250 4143 et
283 4089 414 4144 illos
451 4087 603 4142 maia
637 4089 880 4142 doctrina
919 4099 974 4142 et
1016 4090 1156 4145 malo
1187 4091 1432 4159 exetuplo
1460 4107 1582 4160 per-

31 4193 103 4232 re.
157 4177 427 4234 Meritum
483 4194 620 4233 vero
669 4179 810 4233 illius
849 4181 1144 4248 pessimum
1187 4189 1288 4244 est,
1321 4182 1581 4251 quoniam

30 4293 57 4329 n
79 4280 256 4330 solum
283 4277 502 4330 aniuue
537 4291 650 4329 sua:
671 4285 754 4330 est
781 4291 926 4339 reus,
963 4277 1056 4330 sed
1087 4276 1328 4330 omnium
1363 4275 1580 4330 illarum

30 4384 86 4424 as
126 4369 278 4424 malo
316 4367 594 4437 exetnplo
641 4376 696 4422 et
737 4369 984 4423 doctrina
1023 4369 1198 4438 perdit
1245 4369 1576 4422 animarum.

56 4470 190 4528 qttol
222 4460 462 4514 animus
508 4459 711 4527 perdit,
742 4469 820 4512 tot
850 4460 1224 4514 damnationes
1267 4461 1578 4514 sustinebit.

30 4553 332 4608 rcenarius
359 4567 507 4607 vero
539 4560 622 4604 est
649 4551 826 4604 omnis
870 4551 958 4604 ille
1000 4553 1177 4622 quiin
1212 4551 1446 4606 Ecclesia
1486 4552 1578 4606 Dei

30 4646 142 4698 erit
183 4645 542 4715 pra-sidere,
589 4657 696 4695 non
726 4643 792 4695 ad
821 4643 1076 4697 honorem
1114 4642 1228 4720 Dei.
1263 4658 1360 4696 nec
1401 4642 1464 4695 ad
1495 4659 1582 4696 sa-

29 4753 105 4791 em
138 4738 510 4802 animarum,
554 4734 647 4788 sed
682 4744 888 4788 tantmu
929 4737 996 4789 ad
1043 4735 1391 4805 temporalem
1440 4752 1582 4790 mer-

29 4830 148 4895 lem,
170 4828 380 4898 quales
414 4835 560 4880 sunt
590 4825 751 4881 hodie
771 4827 936 4895 (unde
962 4825 1250 4881 dolendum
1279 4837 1360 4882 est
1388 4827 1580 4900 magis)

29 4936 49 4975 ε
87 4937 295 4975 omnes
345 4917 581 4988 pra-lati
621 4915 1008 4982 Ecclesiarum,
1040 4934 1146 4972 non
1191 4919 1581 4975 nutuducantcs

29 5015 449 5085 evangelizeut,
489 5009 591 5066 sed
621 5011 801 5078 potius
845 5012 1278 5079 evangciizantes
1322 5022 1379 5066 ut
1428 5029 1580 5067 man-

37 5119 156 5174 ent,
217 5118 282 5163 et
334 5107 529 5176 (quod
587 5106 738 5174 pejus
775 5107 880 5175 est)
923 5107 1330 5172 manducautes,
1375 5117 1430 5162 et
1471 5110 1577 5162 n‘on

31 5204 421 5270 ugelizantes.
489 5196 814 5253 Oblatiuues
862 5199 1095 5253 ﬁdelium
1136 5210 1186 5254 et
1227 5212 1447 5268 peccata
1489 5218 1580 5271 po-

32 5297 33 5345 1
75 5297 498 5354 comedentes,
535 5301 590 5343 et
619 5299 795 5344 tamen
824 5306 917 5346 eos
949 5307 1054 5346 non
1084 5295 1444 5362 corrigentes,
1480 5311 1580 5349 nec

31 5386 272 5442 ﬁentes.
319 5382 629 5452 Quzeritur
663 5382 897 5437 Ecclesia
941 5399 1044 5438 non
1090 5385 1178 5438 ubi
1219 5385 1458 5440 abundet
1486 5387 1580 5439 de-

32 5496 65 5529 o
93 5478 386 5534 ﬁdelium.
407 5474 520 5530 sed
554 5474 640 5528 tibi
664 5476 897 5530 abundet
923 5475 1220 5545 amplitudo
1249 5477 1576 5532 reddiluum.

31 5585 43 5623 δ
85 5583 336 5626 amatur
389 5568 704 5623 ttitlltitudo
750 5569 1054 5640 iniqttorum
1093 5586 1315 5624 munera
1349 5569 1580 5625 offeren-

33 5682 66 5729 ι,
100 5683 284 5738 quam
325 5659 604 5718 Ecclesia
630 5678 923 5732 pauperum
957 5663 1192 5718 ﬁdelium
1227 5665 1358 5718 nihii
1383 5665 1579 5719 offerre

39 5763 270 5825 ntium;
314 5771 513 5830 porro
551 5755 691 5808 unde
720 5756 1086 5809 mercenarius
1127 5757 1356 5818 dicatur,
1388 5768 1580 5828 pultms

53 5855 353 5924 quoniam
407 5866 446 5904 δ
505 5849 763 5903 mercede
809 5850 1113 5919 temporali,
1153 5861 1372 5921 propter
1416 5869 1578 5922 quam

1687 3365 1830 3402 nmm
1861 3368 1962 3404 non
1993 3353 2358 3407 consolidastis
2383 3368 2401 3406 :
2431 3358 2568 3425 quod
2589 3369 2841 3426 a‘grotum
2868 3377 2970 3414 non
3003 3364 3230 3416 sanastis
3262 3376 3284 3414 :

1685 3443 1824 3511 quod
1857 3443 2083 3510 fractum
2119 3463 2220 3499 non
2248 3447 2531 3516 alligastis,
2562 3452 2702 3519 quod
2749 3453 3008 3521 abjectum
3053 3471 3154 3507 non
3201 3471 3286 3509 rc-

1686 3534 1950 3589 dua'istis:
1977 3539 2112 3602 quod
2148 3538 2370 3604 perierat
2411 3557 2512 3592 non
2562 3541 2845 3610 qua'sistis,
2893 3544 2984 3596 sed
3018 3559 3133 3596 cum
3186 3562 3286 3598 au-

1685 3627 1918 3680 steritate
1957 3627 2318 3693 imperabatis,
2366 3641 2414 3684 et
2466 3649 2581 3685 cum
2623 3636 2874 3702 potentia.
2928 3633 2994 3688 Et
3034 3637 3285 3705 dispersa:

1686 3729 1807 3770 sunt
1837 3736 1951 3777 ores
1981 3737 2108 3774 mea:
2136 3738 2194 3774 eo
2224 3723 2363 3791 quod
2396 3741 2497 3778 non
2524 3737 2651 3779 esset
2681 3736 2880 3795 pastor,
2907 3738 2953 3782 et
2985 3729 3139 3797 facta:
3161 3739 3286 3784 sunt

1644 3843 1648 3848 -
1685 3808 1740 3861 in
1782 3810 2156 3866 desolationem
2203 3813 2483 3868 bestiarum
2532 3817 2648 3886 agri
2688 3817 2904 3886 (Ezecb.
2937 3821 3146 3889 xxxiv).
3203 3822 3284 3876 Ac

1687 3898 1730 3952 si
1756 3899 1959 3954 diceret
1988 3920 2002 3956 :
2029 3902 2161 3956 Cum
2189 3904 2254 3959 de
2276 3905 2612 3960 orationibus
2642 3917 2692 3960 et
2719 3919 2953 3977 peccatis
2977 3912 3155 3979 pepuli
3186 3928 3282 3968 vos

1685 3995 2004 4061 pasceretis,
2036 4005 2211 4051 tamen
2244 3997 2475 4053 ofﬁcium
2516 4003 2746 4070 pastoris
2777 4019 2879 4056 non
2914 4003 3136 4070 fecistis,
3174 4006 3284 4060 fra-

1686 4093 1832 4138 ctum
1884 4087 2113 4143 tliVCl'aiS
2167 4089 2603 4146 lrilmlationilms
2659 4095 2980 4149 sacerdotali
3028 4113 3129 4166 ope
3173 4113 3282 4153 non

1685 4179 2096 4244 consolidastis;
2123 4197 2408 4237 erronemn
2433 4186 2496 4236 a.l
2531 4185 2668 4238 viam
2693 4185 2881 4242 Salutis
2916 4204 3020 4240 non
3054 4194 3278 4242 revoca-

1685 4271 1804 4336 stis,
1850 4271 2229 4342 desperatione
2279 4277 2546 4344 perditum
2602 4279 2857 4345 pastorali
2919 4280 3282 4337 sollicitudine

1686 4378 1791 4417 non
1845 4365 2166 4434 requisistis.
2229 4366 2284 4420 In
2323 4368 2423 4421 hoc
2467 4384 2681 4438 quoque
2715 4371 2779 4423 de
2817 4387 2924 4440 quo
2967 4388 3280 4427 sermonem

1688 4454 1917 4510 facimus
1955 4457 2268 4526 Evangelia,
2315 4459 2572 4514 Dominus
2612 4463 2677 4513 de
2729 4463 3065 4515 mercenario
3100 4463 3277 4516 dicit:

1698 4545 1837 4602 Vidit
1873 4549 2052 4619 lupum
2081 4552 2366 4605 venientem
2398 4563 2444 4604 et
2473 4553 2687 4606 dimittit
2719 4570 2859 4614 oves,
2888 4564 2934 4606 et
2970 4555 3126 4622 fugit.
3170 4553 3278 4607 Lu-

1687 4658 1787 4711 pus
1821 4643 2088 4711 siquidem
2136 4655 2218 4698 est
2265 4644 2526 4707 diabolus,
2581 4645 2660 4698 vel
2705 4646 2945 4698 metnbra
2995 4644 3132 4711 t-jus,
3182 4646 3276 4714 qui

1683 4734 1874 4790 ovibus
1897 4735 2095 4788 Christi
2130 4733 2468 4788 insidiantur.
2524 4735 2580 4787 Si
2624 4735 2870 4789 diabolus
2909 4749 3038 4788 oves
3071 4733 3278 4790 Christi

1684 4836 1878 4891 tentat,
1919 4828 2211 4890 abstrahit,
2264 4836 2319 4880 et
2358 4825 2600 4888 dilaniat,
2633 4827 2743 4894 ipse
2773 4825 2926 4896 fugit,
2957 4828 3080 4880 dum
3112 4844 3277 4896 super

1635 4963 1638 4966 .
1683 4937 1776 4976 eas
1807 4923 2031 4992 vigilare
2061 4922 2277 4989 refugit.
2309 4921 2363 4975 Si
2408 4920 2578 4974 malus
2611 4923 2770 4974 homo
2799 4921 2964 4975 bonos
2994 4925 3273 4993 opprimit,

1684 5013 1729 5066 si
1757 5015 2012 5083 pupillum
2045 5024 2097 5064 et
2124 5014 2336 5066 viduam
2366 5013 2577 5080 spoliat,
2601 5012 2643 5065 si
2680 5013 2971 5067 Ecclesium
3008 5015 3272 5084 inquietat

1684 5110 2080 5170 mercenarius;
2117 5107 2392 5159 incurrere
2427 5107 2620 5158 timens
2647 5106 2902 5158 damnum
2946 5105 3100 5176 fugit,
3145 5112 3273 5164 dum

1685 5200 1880 5268 rigoris
1922 5198 2245 5252 sententiam
2299 5209 2484 5252 contra
2538 5197 2705 5252 tnalos
2753 5214 3008 5252 exercete
3055 5199 3274 5270 refugit.

1686 5292 1751 5346 Et
1787 5306 1951 5360 quare
1991 5291 2166 5360 fugit?
2199 5292 2322 5360 quia
2347 5290 2696 5342 mercenarius
2721 5299 2814 5352 est,
2847 5301 2893 5343 et
2925 5308 3027 5345 non
3051 5293 3272 5361 pertinet

1683 5386 1752 5437 ad
1785 5401 1899 5438 eum
1933 5385 1996 5435 de
2021 5384 2218 5449 oribus,
2258 5383 2306 5436 id
2334 5393 2415 5438 est
2443 5383 2766 5448 mercedem,
2826 5399 2931 5438 non
2983 5402 3112 5441 ores
3150 5387 3273 5439 dili-

1683 5477 1864 5544 gchat.
1906 5474 2042 5528 Hinc
2075 5475 2334 5528 Dominus
2374 5490 2469 5544 per
2500 5474 2812 5544 prophetae:
2838 5493 2850 5529 :
2880 5475 3001 5530 Non
3029 5477 3274 5530 ascendi-

1684 5570 1777 5620 stis
1807 5584 1870 5620 ex
1899 5568 2133 5631 adverso,
2171 5584 2262 5620 nec
2301 5570 2548 5638 posuistis
2591 5586 2676 5624 ros
2715 5586 2922 5624 murum
2967 5584 3062 5640 pro
3114 5569 3271 5624 domo

1683 5659 1852 5714 Israel
1887 5660 2102 5730 (Exerit.
2141 5664 2282 5730 xm).
2321 5662 2394 5715 Ex
2427 5663 2652 5714 adverso
2689 5664 2952 5723 ascendit.
2980 5673 3032 5716 et
3059 5677 3118 5718 se
3151 5678 3270 5716 mtt-

1687 5770 1804 5809 rum
1837 5771 1934 5824 pro
1962 5757 2122 5809 domo
2159 5757 2316 5810 Israel
2355 5760 2573 5826 opponit
2614 5759 2702 5826 qui
2748 5757 2960 5812 fortiter
2985 5773 3043 5812 se
3077 5766 3269 5813 contra

1684 5861 2059 5918 persecutores
2089 5851 2321 5920 erigens,
2361 5868 2479 5903 sese
2525 5854 2575 5904 in
2619 5851 2988 5906 defensionem
3026 5865 3123 5920 pro
3168 5851 3267 5907 Ee-
