3822 6316
603 324 743 383 1875

1691 313 2044 370 ADDENDA.
2081 343 2155 358 --
2189 310 2542 370 BADULNH
2569 308 2922 371 Al‘tDEN'liS

3614 330 3695 387 l376

587 442 756 499 clesia
802 441 1045 512 opponit.
1084 437 1332 493 Meritum
1396 449 1526 490 vero
1575 432 1898 488 mercenarii
1945 440 2051 498 est,
2093 447 2190 502 pro
2221 435 2263 492 Α
2295 439 2348 485 et
2399 443 2644 484 summus
2694 436 2898 498 pastor.
2953 424 3022 478 At
3071 438 3165 478 nos
3202 422 3379 478 minimi
3408 441 3585 495 pastore;
3614 446 3698 499 ιξμη.

584 536 728 592 bono
763 529 831 604 (si
867 537 1009 602 quod
1047 532 1184 586 forte
1234 528 1362 600 egit)
1410 542 1620 582 merces
1677 524 1990 595 temporalis
2029 542 2042 578 :
2084 540 2184 594 pro

584 625 728 681 malo
762 639 890 680 vero
925 624 1066 696 quod
1098 624 1230 692 egit,
1265 632 1404 674 male
1448 617 1698 682 vivendo,
1757 626 1812 671 et
1857 632 1988 670 oves
2042 615 2184 670 malo

585 715 835 789 exemplo
884 716 1302 786 corrumpendo,
1353 712 1630 767 damnatio
1671 709 1986 779 spiritualis.
2051 707 2185 762 Nam

585 810 715 880 quid
761 820 998 866 meretur
1049 821 1251 881 pastor,
1285 807 1374 876 qtti
1431 822 1530 876 per
1587 804 1968 876 negligentiam
2031 819 2184 858 suam

587 901 909 957 commissas
953 916 1082 955 oves
1121 901 1306 954 sinens
1338 895 1560 958 laniari,
1594 895 1660 948 ad
1707 894 1991 948 Dominum
2039 894 2188 947 solus

586 995 773 1052 redit?
824 993 962 1050 llinc
1007 993 1266 1063 propheta
1300 1009 1312 1044 :
1345 989 1664 1057 Pmpterea,
1703 997 1972 1056 pastores,
2005 985 2189 1040 audite

587 1091 814 1146 verbum
849 1087 1060 1143 Domini
1093 1103 1105 1140 :
1141 1083 1276 1139 Ecce
1305 1100 1398 1154 ego
1425 1085 1534 1152 ipse
1572 1098 1730 1150 super
1749 1095 1985 1149 pastores
2016 1079 2192 1149 requi-

587 1197 702 1235 τιιηι
744 1195 950 1250 gregem
991 1191 1187 1239 meum,
1233 1191 1348 1228 01⁵0³
1388 1190 1530 1227 nteas
1577 1174 1641 1226 de
1691 1188 1852 1225 manu
1896 1186 2098 1233 eorum,
2143 1179 2190 1222 et

587 1287 790 1327 cessare
846 1269 1044 1340 [etiam
1086 1286 1193 1334 eos,
1249 1276 1306 1320 ut
1356 1265 1494 1318 ultra
1556 1282 1660 1318 non
1713 1273 1930 1334 pascant
1984 1277 2191 1332 gregem

584 1380 780 1429 meum,
799 1369 1118 1431 uecpascant
1135 1359 1360 1428 amplius
1382 1368 1616 1424 pastores
1639 1354 1945 1424 semetipsos
1968 1350 2190 1424 (Ezetlt.

588 1456 798 1527 nnv).
826 1453 1092 1523 Quoniam
1116 1451 1168 1506 in
1201 1460 1302 1506 hac
1322 1450 1428 1506 vita
1460 1449 1606 1504 omni
1635 1448 1951 1518 prwlatione
1976 1446 2193 1517 privati,

586 1547 1053 1607 etoumimiserim
1074 1541 1324 1612 subjecti,
1348 1560 1450 1598 non
1479 1549 1704 1614 poscent
1730 1556 1804 1604 se,
1842 1551 1900 1594 ut
1926 1537 2194 1604 solebant,

586 1660 726 1700 vana
769 1641 961 1715 gloria,
1003 1651 1057 1696 et
1086 1635 1452 1694 oblationibus
1480 1637 1740 1700 ﬁdelium,
1776 1641 1869 1690 sed
1902 1644 2196 1706 pascentur

585 1739 772 1812 potius
796 1751 827 1791 a
869 1733 1144 1790 vermibus
1172 1773 1188 1797 ,
1260 1727 1350 1800 qui
1381 1746 1484 1786 non
1521 1728 1850 1792 moriuntur,
1889 1738 1944 1782 et
1975 1728 2043 1782 ab
2077 1729 2198 1798 igne

2290 523 2355 577 rii
2411 520 2552 588 ejus,
2609 520 2701 589 qui
2755 517 2918 573 etiam
2981 527 3193 587 pastore
3239 516 3498 588 indigemus,
3539 544 3698 595 qttattluzn

2293 617 2412 687 ipse
2459 616 2688 677 dederit,
2723 597 2962 682 vestigia
3009 608 3128 679 ejus
3183 625 3447 679 sequantur.
3484 615 3700 687 Nonsumu;

2294 707 2642 770 mercenarii,
2669 706 2763 761 sed
2808 713 3078 775 pastores.
3116 697 3225 756 Non
3252 720 3355 768 nos,
3382 709 3456 760 sed
3479 726 3572 767 oves
3589 717 3696 773 om,

2297 805 2449 857 liit‘lts
2499 815 2720 871 pascere
2757 810 3085 868 quau-entes,
3133 791 3372 851 intremus
3399 801 3568 861 inorile
3603 818 3704 870 (Hle

2296 911 2404 950 ιιοιι
2436 892 2674 954 aliunde,
2709 892 2854 945 sicut
2885 889 2970 944 l'ur
3003 900 3060 942 et
3114 892 3469 958 mercenarius;
3506 898 3543 949 id
3577 916 3626 953 est
3649 926 3706 960 mm

2295 1002 2390 1057 per
2412 985 2786 1046 ambitionem,
2817 996 2922 1034 non
2954 995 3050 1050 per
3069 977 3707 1060 SilliOlliillll,IIOlIPENiiqttitn

2301 1094 2499 1133 vanem
2530 1088 2580 1131 et
2609 1076 2806 1132 malam
2839 1072 3223 1136 intentionem,
3251 1073 3333 1127 scd
3362 1089 3441 1142 per
3457 1080 3612 1146 ostium,
3633 1093 3711 1154 qm

2300 1181 2388 1225 est
2425 1171 2698 1234 Christus,
2724 1168 2844 1238 ejus
2873 1167 3078 1222 scilicet
3110 1165 3326 1236 gloriam
3354 1177 3400 1220 et
3430 1170 3565 1224 ovium
3585 1193 3711 1232 suarum

2299 1263 2603 1335 profectum
2667 1270 2993 1332 qmercntes.
3028 1260 3360 1314 lntendamus
3407 1265 3535 1328 magis
3564 1271 3714 1333 ρηιιξιιειρ

2297 1372 2460 1427 quam
2490 1371 2741 1427 przeesse,
2767 1352 2970 1408 Christi
2997 1367 3108 1405 non
3156 1358 3382 1406 nostram
3436 1353 3598 1422 gloriam
3635 1378 3721 1428 qua.

2302 1466 2440 1506 rere.
2475 1451 2755 1506 Imitemur
2776 1457 2830 1501 et
2870 1446 3108 1502 studium
3134 1445 3323 1498 summi
3346 1449 3544 1514 pastoris,
3568 1457 3721 1520 propria

2299 1560 2427 1598 oves
2458 1557 2836 1611 agnoscamus,
2867 1537 3017 1593 intus
3057 1552 3156 1605 per
3203 1536 3720 1604 confessionem,exn-nan

2300 1656 2398 1710 per
2435 1640 2558 1692 vitae
2589 1644 2642 1691 et
2670 1649 2883 1691 morum
2912 1631 3416 1688 considerationem.
3439 1629 3547 1684 Oves
3569 1639 3722 1688 immitia-

2305 1737 2399 1790 tint
2453 1748 2708 1790 vocemus
2731 1774 2746 1797 ,
2795 1745 3240 1800 unamquamque
3270 1729 3524 1782 secundant
3561 1734 3725 1802 ptnpriam

588 1829 680 1902 qni
706 1843 812 1884 non
842 1823 1228 1896 exstinguitur.
1273 1817 1468 1876 Pastor
1506 1834 1636 1873 vero
1669 1827 1754 1872 est
1799 1815 1914 1887 qui,
1968 1832 2074 1872 non

2233 1821 2274 1876 Β
2304 1834 2557 1888 virtutem
2601 1831 2667 1884 ad
2696 1828 3032 1900 operandum
3060 1827 3312 1882 citantes.
3343 1821 3464 1879 Oves
3479 1825 3724 1879 edat-amasti:

590 1915 944 1988 temporalem
977 1915 1307 1975 mercedem,
1339 1910 1432 1966 sed
1455 1911 1524 1965 ob
1551 1907 1726 1964 solam
1752 1907 1842 1960 Dei
1873 1915 1927 1961 et
1957 1903 2189 1976 proximi

589 2011 911 2075 charitatem
939 2023 1069 2064 Oves
1099 2004 1405 2062 Dominicas
1429 2003 1626 2074 pascit,
1660 2019 1766 2056 non
1792 2017 1911 2073 qua:
1943 2016 2040 2054 sua
2065 2011 2192 2054 sunt

591 2117 864 2176 qumrens,
905 2100 1000 2155 sed
1033 2115 1154 2170 qua:
1188 2095 1316 2153 Jcsu
1353 2093 1557 2152 Christi
1611 2091 1870 2166 (Philipp.
1901 2091 1986 2164 ιι).
2019 2091 2192 2147 Porro

591 2212 730 2251 unus
757 2202 811 2250 et
838 2206 1084 2250 summus
1129 2198 1320 2261 pastor
1355 2191 1461 2254 est,
1499 2185 1591 2258 qui
1623 2201 1721 2258 per
1751 2187 2191 2242 antonomasiam

590 2289 658 2345 de
696 2305 756 2345 se
795 2288 915 2344 ait:
961 2283 1078 2359 Ego
1117 2301 1234 2340 sum
1286 2294 1468 2355 pastor
1509 2282 1695 2338 bonus.
1751 2281 1963 2336 Dicitur
2009 2289 2192 2335 autem

590 2391 741 2436 reete
780 2389 988 2451 pastor,
1035 2376 1297 2450 quoniam
1340 2377 1455 2446 ipse
1498 2371 1674 2444 pascit
1707 2387 1836 2428 oves
1868 2387 2016 2436 suas,
2049 2369 2192 2426 bono

591 2473 856 2545 (xetnplo,
890 2472 1028 2528 bona
1060 2471 1331 2538 doctrina,
1357 2480 1409 2524 et
1434 2468 1699 2538 sanguine
1725 2483 1842 2522 suo.
1884 2465 2000 2538 Ipse
2027 2469 2194 2522 etiam

595 2579 719 2622 tum
762 2565 925 2622 Patre
967 2573 1054 2622 est
1091 2565 1290 2621 ostium
1323 2571 1378 2618 et
1407 2562 1688 2627 ostiarius,
1730 2559 1780 2614 id
1812 2569 1892 2615 est
1934 2570 2194 2630 potestas,

594 2679 879 2734 perquam
914 2664 1050 2732 ipse,
1087 2669 1185 2716 attt
1233 2658 1468 2714 vicarius
1496 2658 1633 2726 t-jns,
1669 2657 1734 2710 ad
1779 2655 2038 2728 regendas
2066 2668 2199 2709 oves

593 2753 915 2828 ingreditur.
959 2751 1112 2809 Unde
1163 2752 1278 2822 ipse
1319 2751 1486 2807 dicit:
1525 2749 1630 2816 Qui
1681 2751 1842 2803 intrat
1873 2765 1965 2816 per
1995 2747 2198 2802 ostium

594 2854 704 2914 ipse
733 2858 806 2903 est
829 2856 1014 2918 pastor
1040 2845 1238 2908 ovium,
1270 2845 1395 2898 Ituic
1435 2842 1685 2898 ostiarius
1721 2841 1907 2909 aperit.
1964 2839 2202 2894 Intentio

597 2953 778 2998 autem
823 2941 1019 2994 summi
1051 2938 1284 3009 pastoris
1310 2948 1415 3005 est,
1453 2953 1559 2994 non
1592 2950 1826 3007 praeesse
1859 2934 2076 3000 ovibus,
2107 2931 2202 2988 sed

595 3037 885 3108 prodesse:
923 3032 1039 3086 Non
1068 3033 1214 3085 enim
1239 3029 1384 3084 venit
1412 3027 1710 3084 ministrari
1734 3027 1826 3081 sed
1855 3026 2201 3094 ministrare;

599 3143 706 3182 non
741 3125 886 3180 venit
932 3123 1018 3179 hic
1057 3137 1306 3192 regnare,
1355 3119 1447 3174 sed
1497 3121 1639 3190 pati;
1677 3134 1781 3175 non
1831 3119 1979 3174 venit
2029 3118 2198 3190 pasci.

599 3221 693 3274 sed
731 3234 972 3290 pascere.
1021 3213 1270 3272 Oﬂieium
1320 3229 1451 3269 vero
1485 3215 1634 3268 illitts
1670 3223 1755 3268 est
1795 3214 2044 3284 proprias
2073 3229 2203 3270 oves

599 3328 918 3384 agnoscere,
947 3318 1003 3364 et
1033 3325 1126 3363 eas
1166 3307 1486 3362 nominatim
1515 3320 1730 3370 vocare,
1775 3320 1870 3360 cas
1909 3307 2106 3363 ducere
2149 3317 2206 3362 et

601 3407 931 3477 |)l‘:L'(‘Ctith‘c,
977 3417 1201 3474 pascere
1237 3411 1293 3454 et
1327 3399 1638 3465 custodire;
1685 3401 1812 3470 lupo
1857 3400 2095 3456 venienti
2149 3416 2208 3457 se

601 3515 894 3572 Opponere,
925 3507 980 3553 ct
1019 3512 1116 3568 pro
1140 3496 1332 3550 ovibus
1363 3494 1477 3548 suis
1511 3493 1750 3550 animam
1785 3509 1938 3549 suam
1977 3510 2204 3564 ponere,

601 3604 658 3649 ct
699 3608 828 3648 oves
869 3605 1067 3648 curare
1100 3599 1156 3646 ct
1195 3603 1547 3660 congregare.
1588 3589 1844 3660 Proprias
1881 3590 2026 3644 enim
2075 3603 2206 3644 oves

603 3687 868 3760 agnoscit,
900 3697 955 3742 et
993 3702 1090 3758 per
1119 3683 1614 3758 pr.edestinationis
1643 3683 1993 3748 electionem,
2025 3693 2079 3738 et
2112 3698 2210 3752 per

603 3785 762 3840 bona:
816 3780 940 3836 vita:
989 3779 1459 3851 approbationem.
1514 3775 1621 3830 Eas
1660 3777 1981 3830 nominatim
2028 3785 2205 3842 vocat,

606 3876 733 3932 dum
767 3873 1008 3946 singulos
1052 3888 1148 3944 per
1179 3871 1418 3941 singulas
1450 3869 1679 3923 virtutes
1710 3869 1810 3923 sibi
1853 3877 2009 3924 notas
2045 3870 2113 3922 ad
2151 3883 2210 3922 se

607 3967 762 4032 citat,
798 3976 855 4020 ιιι
884 3963 1018 4019 Abel
1058 3977 1153 4032 per
1202 3961 1591 4023 innocentiam,
1619 3957 1718 4013 Job
1746 3974 1842 4030 per
1869 3961 2207 4029 patientiam,

607 4060 829 4133 Moysen
860 4075 957 4130 per
981 4055 1477 4118 mansuetudinem,
1505 4054 1670 4108 David
1701 4069 1800 4123 per
1827 4054 2207 4110 humilitatem.

610 4155 753 4213 Oves
806 4153 972 4214 ducit,
1035 4148 1338 4214 educendo,
1401 4147 1784 4210 conducendo,
1842 4147 2208 4216 perducendo.

611 4247 806 4304 Educit
835 4245 901 4298 de
933 4245 1049 4299 lacu
1081 4242 1333 4308 tniseriaz,
1369 4241 1623 4295 conducit
1659 4256 1756 4310 per
1796 4241 1938 4296 viam
1967 4239 2210 4308 justititc,

611 4339 862 4415 perducit
888 4340 954 4393 ad
982 4353 1179 4408 pascua
1212 4335 1358 4389 vine.
1418 4333 1677 4387 Praecedit
1707 4347 1836 4387 oves
1862 4332 2005 4387 bono
2028 4348 2213 4387 exem-

614 4437 706 4507 plo
731 4435 836 4499 sui,
875 4433 1017 4486 viam
1062 4426 1507 4485 demonstrando.
1558 4425 1738 4480 Pascit
1772 4425 2130 4495 corporaliter
2157 4435 2213 4478 et

2300 1925 2423 1979 lacu
2454 1933 2826 1993 peccatorum.
2872 1920 3262 1975 Conducamus
3288 1933 3375 1987 per
3412 1914 3614 1984 justitiam
3633 1918 3724 1970 llos».

2299 2033 2420 2072 rum
2452 2031 2702 2087 operum,
2728 2013 3114 2083 perducamus,
3139 2017 3390 2079 quantum
3414 2009 3458 2060 in
3489 2008 3724 2069 IIObls'Clei.’

2300 2127 2507 2183 pascua
2563 2119 2894 2164 arternorum
2944 2104 3292 2175 gaudiorum.
3337 2100 3464 2156 Oves
3505 2104 3726 2171 praecisae

2301 2203 2551 2275 exemplo
2584 2203 2846 2258 bonorum
2871 2213 3119 2271 operum.
3152 2196 3440 2250 Paseamns
3459 2211 3532 2248 cas
3561 2195 3729 2262 spiritui.

2304 2307 2408 2363 ter,
2439 2309 2495 2352 et
2521 2299 2686 2350 etiam
2711 2310 2802 2348 cas
2825 2292 2918 2364 qui
2952 2291 3209 2360 indigent
3234 2288 3577 2360 corporaliter;
3602 2298 3640 2340 ut
3667 2301 3727 2342 ur.-

2309 2392 2435 2446 detn
2479 2403 2768 2459 pascanmr
2813 2403 2938 2442 cum
2987 2386 3069 2439 eis
3123 2381 3464 2438 :etcrualiter.
3499 2380 3732 2436 Custtxtims

2305 2498 2426 2546 cas,
2451 2491 2712 2552 quantum
2738 2493 3048 2548 possumus,
3089 2476 3306 2530 orando
3332 2483 3387 2529 et
3432 2473 3677 2544 przedicaaia
3701 2473 3733 2522 ti

2308 2576 2524 2630 insidiis
2553 2573 2777 2636 diaboli,
2807 2587 2836 2624 τι
2862 2569 3192 2640 contagione
3222 2566 3442 2637 peccati,
3481 2582 3504 2616 a
3543 2566 3659 2634 pinnis

2306 2668 2474 2722 ferni.
2507 2666 2659 2736 Lupo
2710 2665 2971 2732 venienti,
3009 2664 3062 2718 id
3110 2672 3198 2718 est
3233 2661 3438 2716 diabolo
3465 2660 3531 2713 vel
3579 2658 3667 2712 male
3687 2661 3735 2709 in.

2309 2761 2470 2824 miui,
2508 2761 2558 2814 in
2587 2775 2717 2815 oves
2741 2760 2933 2814 saevire
2958 2756 3186 2819 volenti,
3245 2769 3344 2809 nos
3368 2767 3630 2823 appenninus
3648 2768 3656 2801 :
3674 2753 3734 2801 tit-

2308 2851 2496 2907 bolum
2551 2851 2984 2921 abjurationibus
3041 2849 3340 2919 lugautes,
3385 2847 3552 2900 malum
3584 2843 3742 2898 bucera

2311 2949 2582 3002 sententia
2614 2943 2867 3015 pastorali
2895 2941 3250 2998 cohibentes.
3284 2939 3386 2996 Pro
3413 2939 3580 3000 ovibus,
3612 2938 3642 2990 si
3669 2952 3744 3002 opus

2309 3037 2499 3102 luerit,
2538 3051 2646 3092 non
2671 3035 2846 3091 solum
2876 3051 2989 3090 rem
3022 3033 3381 3097 exteriorem,
3425 3031 3507 3085 sed
3539 3040 3577 3082 et
3604 3028 3746 3082 animm

2313 3140 2558 3186 nostram
2585 3142 2872 3198 ponamus.
2900 3125 2956 3181 lu
2988 3127 3090 3180 hoc
3129 3125 3282 3180 enim
3307 3123 3546 3195 pnecipue
3562 3119 3675 3173 bOttilS
3701 3133 3747 3184 pa-

2312 3233 2428 3279 stor
2458 3239 2488 3276 a
2530 3220 2648 3276 iure
2673 3229 2729 3275 et
2755 3217 3094 3273 mercenaria
3119 3216 3465 3271 discernitur.
3489 3214 3596 3269 0m
3616 3225 3742 3276 quoue.

2313 3315 2594 3385 dispersas
2624 3311 2988 3382 τοίιιιῖτθηιυε.
3020 3318 3074 3366 ει
3103 3311 3171 3364 de
3203 3317 3466 3380 poleState
3493 3306 3654 3362 diaboli,
3681 3316 3743 3368 Qi‘j

2309 3421 2604 3478 possumus
2628 3404 2945 3476 cripicntes,
2970 3402 3025 3456 in
3045 3402 3261 3457 Christi
3311 3399 3447 3455 ovile
3481 3407 3743 3468 congressos.

2314 3498 2562 3567 διιὶεοιειε
2616 3515 2711 3570 per
2759 3513 3004 3554 errorem
3061 3496 3416 3554 reducentes.
3460 3509 3559 3563 qua:
3598 3495 3750 3558 perm:

2313 3592 2592 3664 peccando
2623 3601 2984 3661 requirentes,
3014 3591 3248 3651 fractas,
3283 3602 3379 3658 per
3423 3583 3697 3656 pmuitrutiact
3713 3599 3749 3627 ις

2316 3684 2571 3754 “Salues.
2597 3683 2846 3738 inﬁrmas
2865 3681 3343 3736 consolationibus
3362 3687 3415 3733 et
3434 3672 3754 3735 «hominum

2313 3779 2742 3842 consolidantes,
2803 3778 3030 3847 pingues
3082 3785 3140 3830 et
3197 3773 3390 3837 fortes,
3440 3780 3492 3826 ut
3526 3777 3755 3840 penetrari.

2314 3875 2704 3929 custodientes.
2732 3871 2885 3938 Quod
2919 3871 2965 3927 si
2994 3871 3099 3926 hoc
3133 3869 3462 3931 fecerimus,
3493 3865 3676 3919 meritum
3696 3874 3759 3924 pra-

2316 3970 2407 4024 cul
2449 3968 2875 4023 dubionostrum
2905 3964 3013 4020 erit
3040 3979 3333 4033 magmnn,
3373 3959 3588 4029 quoniam
3618 3969 3687 4007 nou
3701 3949 3759 4008 ait

2319 4062 2414 4117 sed
2441 4075 2564 4115 cum
2599 4057 3049 4130 multiplicatione
3074 4056 3263 4126 gregis
3313 4053 3382 4109 ad
3412 4051 3642 4107 Dominum
3667 4056 3762 4094 reis-

2321 4164 2522 4218 temur,
2555 4162 2635 4206 tot
2662 4165 2895 4205 coronas
2917 4158 3050 4219 quot
3086 4149 3310 4202 animas
3331 4147 3397 4199 ad
3430 4159 3538 4199 eum
3575 4135 3763 4193 ducentas

2322 4245 2618 4316 recepturi,
2651 4253 2706 4298 et
2735 4243 2878 4298 sicut
2900 4242 3166 4312 scriptum
3189 4251 3300 4302 est,
3347 4251 3577 4307 tanquam
3601 4231 3712 4286 stella

2322 4340 2580 4396 momenti
2609 4337 2888 4408 fulgebunt
2910 4337 3004 4407 qui
3031 4337 3340 4392 erudierint
3376 4333 3555 4388 tnultos
3576 4327 3689 4397 (Dan.
3707 4336 3763 4369 ιι..

2321 4434 2490 4497 Ecce,
2518 4434 2713 4489 fratres
2743 4431 3076 4495 cbarissimi,
3105 4430 3347 4486 audistis
3389 4428 3595 4482 cilicium
3633 4427 3764 4471 amant

616 4527 992 4599 spiritualiter,
1021 4535 1074 4579 et
1107 4521 1318 4576 tandem
1367 4520 1716 4574 :eternalitcr.
1750 4520 1998 4574 Custodit
2023 4520 2093 4572 ah

2253 4548 2297 4610 ι)
2325 4539 2379 4584 et
2405 4527 2708 4599 periculum
2743 4536 3012 4580 nostrum.
3044 4523 3248 4577 Audito
3288 4537 3321 4576 e
3351 4517 3601 4574 contrarie

617 4623 772 4679 sidiis
802 4619 1025 4684 diaboli,
1053 4636 1083 4672 a
1111 4617 1436 4686 contagione
1470 4615 1703 4686 peccati,
1740 4633 1769 4668 a
1807 4614 1961 4668 fovea
1995 4613 2214 4679 inferni,

617 4727 672 4774 et
715 4730 819 4772 non
862 4725 946 4770 est
985 4714 1074 4782 qui
1107 4711 1273 4782 possit
1312 4724 1504 4765 eruere
1531 4708 1598 4763 de
1627 4724 1788 4762 manu
1837 4707 1955 4776 ejus
1981 4706 2104 4780 (loli
2138 4710 2214 4778 ιι).

620 4809 774 4880 Lupo
804 4807 1038 4862 venienti
1083 4823 1142 4860 se
1184 4803 1432 4872 opponit,
1483 4799 1600 4868 ejus
1631 4801 1853 4855 insidias
1901 4802 2218 4872 aperiendo,

621 4903 740 4974 ejus
755 4909 1076 4973 potestatem
1099 4897 1445 4962 refrenando,
1465 4897 1581 4966 ejus
1603 4906 1857 4950 conatum
1881 4897 2218 4963 evacuando,

623 5011 754 5052 oves
783 4995 850 5048 ab
886 5009 952 5047 eo
993 4990 1343 5062 protegendo.
1399 4988 1504 5043 Pro
1543 4989 1736 5043 ovibus
1768 4989 2005 5043 animam
2047 4993 2219 5059 ponit,

626 5087 884 5160 quoniam
928 5100 1021 5138 eas
1063 5100 1091 5137 a
1135 5091 1405 5152 potestate
1451 5081 1647 5137 diaboli
1693 5082 1958 5152 sanguine
2000 5082 2220 5152 proprio

628 5182 868 5238 redimit.
898 5178 1038 5235 Oves
1068 5192 1283 5248 quoque
1320 5186 1497 5240 Curat.
1525 5188 1577 5232 et
1603 5192 1740 5248 quas
1764 5177 2069 5246 ubicunque
2097 5192 2224 5248 pro-

628 5276 778 5345 prius
810 5271 1078 5343 agnoscit,
1109 5288 1137 5324 ιι
1165 5271 1289 5341 lupo
1319 5271 1372 5326 iu
1400 5279 1644 5342 tempore
1671 5270 1917 5341 caliginis
1946 5270 2224 5338 dispersas

631 5362 872 5429 adducit,
923 5370 976 5417 et
1029 5361 1313 5433 recolligit,
1357 5371 1412 5418 ut
1461 5363 1553 5417 liat
1601 5377 1765 5417 unum
1811 5363 1952 5417 ovile
1987 5375 2043 5416 et
2084 5377 2224 5415 unus

633 5466 839 5529 pastor.
875 5456 1026 5512 Unde
1055 5457 1170 5529 ipse
1196 5473 1293 5528 per
1321 5457 1643 5528 prophetam
1667 5474 1681 5511 :
1717 5454 1854 5510 Ecce
1877 5472 1992 5526 ego,
2025 5455 2223 5525 inquit,

636 5553 895 5622 requiram
923 5569 1036 5607 oves
1057 5569 1219 5606 meas.
1261 5549 1416 5616 Quod
1443 5550 1699 5620 ubjectum
1727 5549 1932 5620 [ueram
1957 5549 2224 5613 reducant,

635 5647 774 5717 quod
803 5649 1030 5715 perierat
1066 5646 1350 5717 requiram,
1376 5646 1516 5716 quod
1554 5644 1785 5712 fractum
1821 5651 1931 5698 erat
1977 5643 2228 5713 alligabo,

635 5752 686 5795 et
732 5742 870 5811 quod
910 5739 1178 5808 inﬁrmum
1222 5739 1578 5804 cousolidabo,
1643 5749 1689 5792 et
1743 5736 1884 5808 quod
1939 5738 2130 5808 pingue
2182 5745 2229 5789 et

645 5832 780 5901 forte
826 5835 1120 5889 custodiant
1153 5832 1371 5901 (Ezech.
1419 5833 1627 5902 xxxiv).
1681 5832 1793 5890 ιιοιι
1835 5831 1970 5889 facit
2006 5844 2234 5902 magnus

2324 4634 2571 4679 vestrum
2601 4631 2655 4677 et
2679 4619 2982 4692 periculum
3024 4627 3298 4671 vestrum.
3343 4613 3507 4668 Porro
3545 4603 3764 4662 oliitiumi-a

2325 4732 2520 4773 uarum
2549 4717 2732 4768 ovium
2785 4721 2894 4775 est,
2925 4725 3177 4778 magnum
3208 4717 3267 4761 et
3324 4717 3574 4759 suuunum
3616 4695 3764 4763 pair-“T3

2327 4822 2626 4881 agnoscere
2656 4821 2752 4876 per
2778 4804 2961 4869 (idem,
2991 4818 3116 4856 eum
3141 4802 3400 4871 diligere,
3428 4809 3479 4852 et
3516 4811 3598 4865 pro
3622 4787 3764 4843 σοιίέριι

2328 4916 2532 4973 ponere
2559 4913 2658 4969 per
2697 4897 3048 4959 charitatem,
3091 4909 3214 4951 eum
3263 4894 3456 4948 audire
3503 4899 3548 4941 et
3586 4880 3690 4950 mihi
3727 4881 3764 4936 ξεῖ

2329 4994 2722 5057 obedientiam,
2747 4991 2862 5045 fieri
2888 5005 3011 5045 cum
3040 4989 3130 5043 illo
3155 4989 3256 5043 sub
3286 4987 3412 5041 aliis
3452 4998 3596 5037 unum
3611 4977 3706 5029 mile
3731 4981 3761 5034 ξε

2329 5086 2698 5152 dilectionem,
2723 5095 2776 5140 et
2801 5093 3269 5140 sacramentorum
3324 5073 3705 5134 communionem.
3729 5061 3761 5109 5‘

2329 5195 2518 5236 norem
2540 5179 2702 5233 etiam
2725 5187 3001 5247 pastorem
3033 5176 3412 5230 debentbomn
3445 5185 3563 5223 ores
3585 5169 3761 5232 agit-bi?"

2329 5285 2385 5328 et
2413 5273 2664 5344 diligere,
2688 5271 2878 5325 audire
2898 5282 2955 5323 et
2979 5270 3155 5336 sequi,
3185 5277 3354 5337 atque
3379 5277 3598 5336 pascere.
3616 5256 3664 5310 Et
3686 5251 3762 5310 sui“

2331 5366 2461 5419 vitia
2490 5366 2692 5418 habent
2729 5374 2924 5433 tegere,
2958 5369 3012 5415 et
3046 5362 3145 5414 sub
3173 5373 3238 5412 eo
3269 5375 3442 5412 unum
3469 5355 3594 5410 ovile
3611 5364 3695 5402 caci
3720 5349 3762 5388 ut

2336 5461 2472 5514 lieri.
2505 5459 2788 5513 Pastorem
2817 5458 3008 5511 debuit
3035 5466 3504 5524 ovosagnosocrc,
3525 5448 3570 5499 id
3596 5452 3655 5496 est
3676 5439 3762 5524 ἓιῖεέξ

2337 5555 2504 5606 vitam
2534 5561 2588 5606 et
2618 5567 2802 5605 mores
2829 5549 2945 5617 ejus
2994 5558 3182 5602 notare
3225 5558 3288 5599 ct
3342 5543 3633 5615 approbare.
3673 5519 3762 5617 liti-Vi]

2338 5647 2501 5700 etiam
2527 5659 2649 5698 eum
2679 5644 2904 5713 diligere
2932 5651 3182 5709 tauquam
3223 5635 3559 5707 spiritualent
3601 5609 3762 5695 ιιςειιπλά

2337 5740 2532 5792 anima:
2558 5755 2670 5791 stne
2693 5713 2969 5791 custodem
2997 5745 3048 5788 et
3080 5751 3174 5804 pro
3198 5751 3264 5787 eo
3303 5747 3483 5785 orare.
3513 5724 3597 5793 Qui
3621 5731 3714 5774 enixi
3735 5723 3762 5770 {4-1

2344 5842 2546 5886 storem
2576 5847 2728 5886 suum
2763 5844 2870 5884 non
2901 5828 3096 5895 diligit,
3131 5839 3251 5881 eum
3281 5825 3470 5880 audire
3509 5828 3552 5871 et
3583 5809 3688 5877 M35
3715 5815 3762 5858 ε’*
