3826 6338
578 383 715 438 18ῗ9

1629 384 1976 445 ADDENDA.
2017 419 2089 434 --
2131 391 2480 449 RADULPRI
2522 391 2867 451 ARDENTIS
3600 417 3678 473 tm

575 503 868 558 saecularis.
927 496 1044 559 Non
1093 503 1267 558 solum
1336 505 1404 557 ab
1449 505 1700 560 omnibus
1744 506 2049 576 superﬂuis,
2070 508 2163 563 sed
2193 511 2245 568 Α
2272 508 2470 577 quippe
2499 507 2671 563 solum
2701 525 2799 564 nos
2836 511 2902 565 ad
2923 512 3150 566 invicem
3181 513 3440 584 bumiliare,
3468 533 3510 576 et
3537 526 3679 590 iniice.

536 638 543 643 .
576 598 742 655 etiam
767 613 796 652 τι
819 596 1138 667 quibusdam
1170 598 1492 653 necessariis
1531 614 1681 655 more
1727 603 1994 671 peregrini
2034 604 2159 659 abs—

544 690 863 752 tineamus,
912 692 1182 747 evitantes
1229 692 1653 762 superlinitatent
1726 712 2001 761 curarum,
2036 713 2158 766 pos-

572 786 875 840 sessionum
903 796 956 839 et
980 787 1288 840 divitiarum
1319 804 1333 840 :
1370 785 1556 841 Omnis
1584 791 1722 842 enim
1765 790 1856 859 qui
1890 792 1943 844 in
1992 808 2157 860 agone

572 876 860 939 contendit,
902 876 967 930 ab
1006 878 1243 931 omnibus
1275 895 1329 931 se
1359 879 1582 932 abstinet
1614 878 1662 949 (l
1690 878 1810 933 Cor.
1842 884 1942 945 Ix),
1966 882 2155 935 victum

570 984 776 1037 quoque
816 978 863 1021 et
905 970 1141 1022 vestitum
1213 970 1494 1037 habentes,
1555 972 1637 1024 liis
1687 974 1915 1027 contenti
1974 991 2155 1028 sumus

573 1059 626 1130 (1
661 1061 798 1116 Tim.
864 1064 979 1127 vr):
1031 1063 1096 1115 Et
1139 1062 1299 1116 etiam
1345 1064 1457 1133 ipsa
1520 1067 1848 1126 necessaria,
1895 1078 2153 1137 quantum

571 1166 877 1222 possumus,
926 1152 1375 1209 circumeidamus
1425 1170 1577 1210 more
1627 1158 1922 1228 peregrini,
1973 1170 2028 1213 et
2071 1175 2156 1219 re:

534 1310 537 1315 ι
568 1248 914 1316 ilringamus.

640 1336 896 1407 anuitnr
921 1355 1045 1409 pars
1083 1342 1337 1402 secunda.
1386 1343 1441 1396 in
1489 1358 1591 1412 qua
1638 1352 1821 1398 monet
1857 1342 2153 1413 'Apostolus

568 1439 627 1484 ut
665 1431 799 1485 bene
825 1430 965 1486 inter
989 1446 1176 1502 gentes
1204 1450 1611 1497 conversemur,
1648 1437 1833 1491 dicens
1862 1455 1874 1489 :
1927 1439 2154 1492 Conver-

565 1523 821 1579 sationem
849 1525 987 1579 inter
1008 1539 1182 1596 gentes
1224 1528 1471 1582 habentes
1504 1529 1713 1583 bonam.
1752 1530 1860 1583 lloc
1884 1541 1968 1585 est
2008 1533 2153 1600 quod

565 1617 695 1670 dicit
723 1616 941 1680 Paulus,
959 1621 1286 1687 proridentes
1310 1621 1444 1674 bona
1469 1638 1569 1674 non
1592 1632 1793 1675 tantum
1814 1640 1989 1677 coram
2021 1625 2150 1688 Deo,

563 1710 655 1764 sed
680 1710 835 1763 etiam
871 1727 1046 1764 coram
1075 1714 1313 1766 omnibus
1341 1714 1640 1768 hominibus
1666 1713 1845 1783 (Rom.
1871 1718 1994 1785 xu).
2024 1715 2152 1770 Tria

564 1812 711 1866 sunt,
741 1803 936 1858 fratres
966 1805 1089 1869 mei,
1122 1821 1240 1874 (pne
1287 1805 1524 1859 formant
1557 1806 1748 1860 bonam
1776 1810 2150 1864 conversatio-

564 1910 715 1959 nem,
764 1896 1085 1951 innocenter
1130 1898 1333 1961 vivere,
1386 1899 1513 1952 nulli
1565 1900 1879 1954 scandalum
1919 1916 2142 1970 ponere,

564 1986 660 2040 sed
684 1987 895 2041 cunctis
928 1987 1077 2041 utilia
1118 1997 1172 2041 et
1201 1998 1358 2058 grata
1399 2006 1661 2058 qumrere.
1690 1992 1754 2045 Et
1791 1992 1834 2044 si
1875 1992 2019 2046 enim
2049 1993 2150 2047 ali-

523 2076 688 2147 .quis
731 2088 814 2133 est
863 2080 1037 2133 bonus
1083 2081 1136 2134 in
1195 2096 1275 2141 se,
1330 2081 1373 2135 si
1419 2090 1595 2136 tamen
1642 2097 1769 2137 vero
1810 2092 1863 2137 et
1900 2085 2149 2153 exemplo

564 2169 699 2225 alios
718 2171 1071 2235 scandalizat,
1105 2188 1209 2228 non
1239 2173 1376 2228 bene
1411 2184 1775 2229 conversatur
1808 2174 2063 2239 Rursum,
2094 2186 2151 2232 ct

564 2260 612 2315 si
643 2261 845 2316 nullum
876 2262 1121 2327 olfendit,
1144 2265 1236 2318 sed
1272 2275 1449 2319 tamen
1475 2268 1730 2333 prodesse
1752 2265 1873 2319 aliis
1899 2275 2149 2321 contem-

563 2355 668 2421 nit,
695 2371 797 2409 non
838 2354 976 2409 bene
999 2355 1142 2410 inter
1169 2366 1360 2423 gentes
1384 2367 1760 2411 conversatur.
1796 2356 2003 2414 Rursus
2028 2371 2084 2414 et
2104 2362 2150 2415 si

560 2446 834 2501 uetnincm
866 2445 1106 2509 oﬂ‘endit.
1144 2456 1197 2501 ct
1233 2446 1352 2501 aliis
1394 2448 1653 2516 prodesse
1683 2449 1897 2516 quaerit.
1942 2449 2034 2504 sed
2070 2461 2153 2503 ta-

562 2553 686 2593 men
710 2539 810 2592 hoc
840 2548 992 2608 grate
1015 2548 1068 2592 et
1095 2538 1403 2593 amabiliter
1443 2539 1619 2592 facere
1648 2539 1837 2601 nescit,
1873 2554 1976 2594 non
2011 2541 2150 2597 bene

561 2630 702 2686 inter
732 2641 920 2699 gentes
967 2640 1339 2685 conversatur.
1372 2630 1474 2697 Qui
1521 2631 1685 2702 igitur
1731 2632 2049 2686 iuuoreuter
2095 2633 2149 2686 in

560 2737 622 2779 se
650 2723 801 2791 vivit,
841 2723 1042 2777 nullum
1091 2722 1337 2783 oﬂ‘endit.
1369 2738 1428 2777 se
1466 2724 1677 2777 eunetis
1717 2725 1868 2778 utilia
1904 2735 1960 2779 et
1999 2736 2151 2797 grata

561 2814 1001 2883 qumrit,bonam
1052 2816 1192 2868 inter
1243 2823 1430 2881 gentes
1480 2813 1641 2869 habet
1684 2817 2150 2871 conversationem

562 2910 618 2957 et
641 2914 872 2973 gratam.
895 2903 1034 2970 Quid
1067 2907 1191 2960 boni
1220 2904 1434 2960 confert
1472 2907 1612 2960 bona
1654 2909 2038 2962 coniversatio?
2067 2909 2151 2962 lu-

518 3070 521 3073 _
563 2993 782 3050 famiain
811 2998 1127 3067 exstinguit,
1164 3012 1258 3051 ora
1290 3000 1657 3055 detracturum
1690 3000 1942 3064 obstruit,
1974 3001 2149 3056 homi-

559 3103 661 3145 nes
684 3089 986 3157 gloriﬁcare
1025 3090 1187 3145 Deum
1220 3092 1365 3155 facit,
1399 3093 1538 3146 bono
1560 3094 1808 3163 exemplo
1835 3096 2002 3151 malos
2026 3112 2151 3151 cou-

561 3179 743 3235 vertit.
794 3180 1020 3250 Propter
1074 3180 1214 3236 hanc
1257 3198 1386 3252 ergo
1435 3184 1786 3251 undliplicem
1835 3186 2149 3253 utilitatem,

562 3274 862 3344 appetenda
892 3283 941 3327 el
964 3274 1306 3327 conversatio
1329 3275 1486 3327 bona.
1532 3273 1680 3329 Unde
1723 3286 1777 3329 et
1804 3277 1983 3331 subdit
2014 3292 2030 3333 :
2081 3276 2147 3332 Ut
2178 3255 2225 3317 C

561 3364 617 3419 in
644 3380 705 3417 eo
736 3363 875 3434 quod
897 3363 1190 3418 detrectent
1218 3364 1282 3416 de
1302 3364 1444 3416 vobis
1473 3373 1722 3432 tauquam
1746 3367 1811 3418 de
1837 3367 2151 3435 malefacto-

560 3456 708 3512 rt'bos
737 3470 801 3509 ea:
842 3456 991 3509 bonis
1035 3454 1273 3523 aperibus
1314 3472 1400 3508 ros
1435 3456 1827 3511 considerantes
1858 3458 2151 3527 gloriﬁcent

558 3548 731 3606 Deum
774 3551 830 3604 in
867 3550 955 3603 die
984 3550 1317 3603 uisitationis.
1356 3548 1567 3619 itaque,
1603 3551 1797 3604 fratres
1851 3552 1976 3618 mei,
2027 3568 2150 3606 cum

560 3644 709 3698 omni
767 3644 946 3701 studio
994 3652 1314 3713 appetamus
1354 3643 1489 3698 bene
1527 3645 1669 3699 inter
1702 3654 1889 3715 gentes
1924 3661 2152 3701 conver—

561 3737 695 3795 sari.

637 3830 896 3903 Sequitur
918 3848 1045 3902 pars
1069 3834 1248 3895 tertia,
1272 3834 1327 3887 iu
1368 3849 1473 3903 qua
1498 3843 1678 3889 mouet
1705 3847 1895 3888 oinnes
1922 3836 2153 3903 Aposto-

560 3925 649 3980 lus
694 3926 759 3979 ad
803 3926 1157 3995 subjectionis
1202 3927 1585 3988 lmmilitatem,
1635 3937 1690 3982 et
1740 3927 1915 3996 primo
1953 3927 2153 3993 liberos

562 4033 688 4073 cum
717 4018 938 4073 subdit:
988 4017 1223 4090 Subjcui
1263 4030 1438 4074 estote.
1489 4020 1565 4074 Ac
1603 4022 1649 4074 si
1699 4021 1902 4077 diceret
1936 4041 1953 4078 :
1998 4022 2064 4077 Et
2106 4022 2150 4076 si

563 4124 760 4179 genere
801 4109 883 4163 vel
924 4109 1096 4178 gratia
1131 4111 1283 4164 liberi
1323 4111 1475 4173 estis,
1523 4123 1699 4165 lmueu
1731 4129 1838 4166 nou
1870 4114 2154 4183 superbia-

566 4202 658 4266 tis,
717 4202 799 4254 vel
842 4203 907 4255 de
949 4203 1263 4271 praedatione
1315 4206 1659 4259 contendatis
1687 4246 1702 4270 ,
1745 4206 1888 4260 sicut
1944 4205 2153 4261 faciunt

505 4358 513 4365 ι
564 4304 839 4349 atnatores
866 4295 1021 4362 hujus
1051 4298 1255 4363 mundi,
1294 4297 1387 4351 sed
1424 4302 1605 4364 potius
1632 4298 1833 4352 subditi
1861 4308 2055 4354 estote.
2088 4300 2155 4355 Et

562 4386 820 4458 quoniam
874 4386 1137 4454 subjectio
1184 4388 1301 4442 sine
1332 4389 1545 4455 merito,
1578 4399 1660 4443 est
1684 4389 1896 4455 vitiosa,
1928 4391 2030 4444 nisi
2060 4392 2157 4446 liat

506 4548 511 4555 _
563 4481 837 4550 quomodo
864 4480 1040 4543 debet,
1067 4491 1122 4534 et
1147 4481 1232 4535 cui
1266 4483 1449 4543 debet,
1484 4492 1541 4535 et
1579 4499 1751 4551 quare
1773 4484 1951 4549 debet,
1983 4486 2152 4548 addit,

563 4573 705 4627 omni
743 4572 989 4627 Ittttlttttttt.’
1019 4583 1274 4626 creatam
1312 4583 1522 4643 propter
1544 4574 1729 4629 Deum.
1764 4576 2034 4631 Facienda
2066 4587 2154 4632 est
2184 4609 2233 4668 ι)

516 4730 521 4739 ε
561 4680 692 4737 ergo
721 4668 984 4738 subjectio
1016 4682 1121 4721 non
1159 4676 1365 4730 coacte,
1406 4669 1500 4722 sed
1535 4680 1744 4737 sponte.
1773 4671 1973 4725 Coacta
2006 4673 2150 4726 enim
2206 4734 2209 4737 Α

504 4828 507 4831 Α
562 4759 826 4829 subjectio
874 4762 1067 4813 misera
1113 4770 1216 4815 est.
1267 4760 1478 4816 Rursus
1509 4770 1562 4815 et
1596 4764 1638 4815 si
1673 4762 1768 4815 liat
1813 4775 2023 4833 sponte,
2057 4766 2153 4818 sed

564 4866 672 4907 non
713 4853 797 4907 cui
825 4852 1008 4916 debet,
1037 4854 1227 4906 vitiosa
1255 4863 1358 4915 est,
1388 4857 1593 4909 servire
1637 4856 1780 4908 enim
1809 4856 2043 4920 diaLolo,
2072 4858 2119 4910 vi
2138 4886 2153 4897 -

564 4942 761 4998 tiosmu
796 4949 895 4997 est.
923 4941 1214 5013 Propterea
1248 4943 1419 5007 addit,
1448 4945 1591 4997 omni
1611 4948 1853 5000 humatur
1875 4958 2150 5011 creaturw,

563 5037 618 5090 id
646 5044 732 5090 est
756 5036 902 5089 omni
932 5036 1159 5097 homini,
1195 5036 1442 5091 videlicet
1469 5053 1571 5091 nou
1599 5048 1807 5093 tantum
1834 5041 2151 5108 majoribus,

563 5129 659 5184 sed
692 5130 855 5184 etiam
878 5128 1177 5198 mqualibus
1206 5141 1260 5184 et
1282 5130 1605 5185 minoribus.
1642 5131 1753 5185 lluc
1782 5148 2013 5202 sequens
2057 5134 2154 5187 do-

565 5219 746 5274 minus
784 5222 1113 5291 apostolicus
1145 5231 1300 5276 vocat
1332 5237 1388 5275 se
1422 5237 1640 5277 servum
1695 5239 1975 5277 servorum
2035 5225 2147 5287 Dei,

557 5315 713 5385 juxta
750 5314 876 5367 illud
908 5333 921 5367 :
953 5324 1150 5384 quanto
1178 5318 1350 5385 major
1379 5334 1454 5380 es,
1484 5316 1705 5369 humilia
1734 5332 1779 5369 te
1822 5317 1876 5368 in
1915 5317 2152 5371 omnibus

563 5406 766 5477 (Eccle.
796 5407 900 5477 ιιι).
932 5406 1137 5461 Rursus
1168 5408 1457 5479 subjectio,
1490 5409 1605 5462 etsi
1641 5410 1734 5460 liat
1761 5411 2034 5477 quomodo
2058 5409 2153 5462 de-

562 5499 675 5562 bet,
724 5511 781 5553 et
819 5500 903 5553 cui
945 5500 1123 5564 debet,
1168 5501 1260 5554 sed
1304 5516 1409 5553 non
1440 5515 1609 5570 quare
1639 5500 1818 5562 debet,
1865 5500 2003 5554 bona
2046 5517 2152 5554 non

564 5605 668 5647 est.
692 5592 791 5659 Qui
825 5595 970 5646 enim
1000 5593 1177 5647 alieno
1208 5609 1265 5648 se
1313 5596 1495 5648 subdit
1539 5595 1795 5654 indebita.
1828 5603 1887 5646 ut
1932 5603 2155 5663 propter

565 5688 918 5754 temporalem
963 5688 1343 5752 intentionem,
1360 5699 1580 5757 propter
1609 5688 1961 5743 ambitionem
1983 5699 2036 5743 et
2056 5705 2153 5743 cu-

570 5777 874 5846 ιοίιιιιιιιειιι,
925 5777 1187 5843 subjectio
1237 5779 1358 5832 talis
1399 5781 1534 5833 bona
1571 5789 1809 5835 nonest.
1859 5780 2152 5850 Propterea

577 5866 816 5934 adjuugit
874 5868 1184 5936 Apostolus,
1241 5879 1451 5937 propter
1507 5868 1692 5924 Deum.
1747 5868 1975 5940 Propter
2028 5887 2152 5927 eum

2184 1861 2231 1919 Β

2267 615 2369 654 nos
2394 601 2627 655 subdere
2651 603 2933 667 debemus,
2957 605 3049 673 qui
3091 608 3227 674 quod
3264 611 3461 679 percipit
3495 615 3576 683 ipse
3595 620 3679 685 ierit,

2269 700 2326 743 ut
2357 691 2496 743 alter
2526 691 2683 743 alteri
2708 693 3162 757 ministraremus,
3187 705 3235 749 el
3265 696 3381 753 alter
3406 702 3680 777 alteriusperh

2265 783 2589 839 lavaremns.
2625 782 2746 839 Sire
2775 787 2903 857 regi,
2937 790 3087 858 quasi
3130 794 3527 859 praceUeMi,siu
3553 806 3678 862 duit.

2264 878 2416 945 quasi
2446 895 2477 929 α
2511 877 2619 931 Deo
2644 879 2841 942 missis,
2862 880 2933 932 ad
2961 880 3239 934 vindictam
3274 885 3602 955 malefactorem,
3621 896 3679 949 ιο.

2264 970 2381 1023 dent
2415 986 2532 1023 vero
2572 970 2848 1026 bonorum.
2881 971 2993 1026 lloc
3037 982 3118 1028 est
3158 977 3290 1042 quod
3324 975 3483 1033 Paulus
3500 982 3589 1035 ait!
3617 985 3682 1040 iis:

2262 1069 2345 1116 est
2379 1072 2605 1130 potestas
2646 1062 2745 1115 nisi
2800 1079 2833 1114 a
2864 1061 2992 1123 Deo,
3020 1072 3068 1116 et
3109 1065 3197 1131 qui
3224 1070 3437 1133 potestati
3470 1073 3683 1137 resistit,Dn'

2265 1155 2586 1208 ordinationi
2615 1155 2826 1209 resistit.
2850 1153 2940 1208 Vis
2961 1171 3065 1209 non
3091 1159 3267 1211 timere
3287 1167 3560 1225 potestatem!
3577 1168 3684 1221 iam

2264 1247 2373 1317 fac,
2398 1258 2446 1299 rt
2470 1248 2681 1303 habebis
2703 1250 2913 1304 laudem
2943 1267 3011 1304 ex
3041 1269 3125 1307 ea.
3158 1250 3215 1307 Si
3247 1263 3405 1308 autem
3444 1275 3587 1323 peccat,
3606 1264 3687 1327 (ιιι,

2264 1340 2391 1408 quia
2425 1355 2525 1393 non
2548 1340 2661 1393 sine
2703 1357 2863 1394 causa
2901 1340 3141 1410 gladium
3176 1354 3338 1411 portat
3366 1346 3510 1415 (item.
3539 1354 3687 1415 suam

2267 1431 2371 1485 hoc
2398 1431 2565 1498 enim,
2596 1431 2793 1487 fratres
2824 1433 2950 1497 mei,
2992 1433 3136 1489 Deus
3161 1436 3413 1491 ordinavit
3447 1446 3687 1507 potestatesis

2267 1524 2369 1577 hoc
2408 1523 2625 1587 szecnlo,
2658 1535 2715 1577 ut
2756 1526 2928 1579 bonos
2961 1528 3287 1592 custodiant,
3330 1530 3475 1584 malos
3506 1546 3685 1590 cum

2263 1613 2365 1679 Qui
2390 1615 2495 1669 etsi
2519 1616 2843 1685 quandoque
2868 1632 2967 1671 sua
2998 1626 3263 1687 potestate
3283 1621 3689 1687 abutuntumuuia-

2264 1716 2347 1762 tes
2374 1708 2569 1777 jnstos,
2585 1708 2949 1778 justiﬁcautes
2973 1711 3171 1777 malos,
3203 1722 3371 1768 tamen
3404 1716 3517 1770 Deus
3537 1718 3604 1772 hoc
3623 1721 3691 1776 te:

2264 1801 2572 1868 provenire,
2604 1801 2673 1853 ad
2706 1800 2999 1856 vindictam
3032 1808 3320 1868 malorum,
3349 1804 3527 1861 laudent
3545 1823 3627 1864 rem
3646 1814 3694 1868 b-

2263 1908 2480 1947 norum.
2513 1892 2655 1957 Quia
2696 1895 2771 1947 sic
2812 1905 2888 1948 est
2928 1895 3176 1950 voluntas
3215 1895 3324 1959 Dei,
3373 1909 3421 1951 ut
3455 1900 3687 1961 bestiariis.

2261 1986 2613 2039 obmutescere
2642 1988 2849 2055 faciatis
2876 1990 3292 2057 imprudentium
3315 1991 3682 2064 Ιιοιιιὶιηιιιςιη.

2259 2078 2413 2137 tiam,
2443 2077 2533 2145 qui
2564 2092 2685 2147 qua:
2716 2078 2987 2146 ignorant,
3031 2092 3320 2149 spernunt,
3353 2092 3402 2136 et
3431 2098 3532 2151 qum
3559 2088 3684 2140 silib-

2259 2167 2486 2238 plicent.
2537 2170 2816 2225 damnant.
2881 2170 3054 2236 Quasi
3102 2172 3257 2227 liberi
3308 2174 3356 2229 in
3404 2182 3691 2238 utentem

2260 2260 2471 2313 scilicet
2497 2271 2673 2316 estote
2721 2261 3050 2327 hominibus,
3087 2275 3139 2319 et
3171 2282 3274 2318 non
3303 2267 3443 2335 quasi
3470 2268 3690 2321 nam»

2261 2347 2438 2403 bentes
2483 2350 2706 2405 malitia:
2747 2352 3064 2416 libertatem,
3117 2357 3214 2411 sed
3265 2357 3459 2426 generis
3496 2356 3557 2411 vel
3585 2362 3695 2428 grata.

2261 2442 2364 2497 llic
2395 2443 2566 2513 tangit
2592 2446 2879 2515 quosdam,
2909 2446 3113 2503 fratres
3155 2450 3282 2514 mei,
3308 2450 3482 2518 quibus
3502 2452 3699 2506 libertam

2264 2534 2487 2588 occasio
2524 2535 2696 2602 magis
2719 2537 3013 2604 peccandi;
3043 2540 3140 2607 qui
3165 2551 3367 2609 quanto
3400 2541 3699 2610 sontiumque

2264 2624 2568 2692 liberiores,
2622 2638 2769 2682 tanto
2818 2638 2945 2683 sunt
2990 2633 3060 2684 ad
3108 2632 3433 2700 peccandum
3481 2633 3699 2687 laritanis

2261 2719 2391 2787 quia
2420 2718 2571 2774 liberi
2597 2732 2724 2775 sunt
2754 2722 2991 2789 generis,
3026 2722 3165 2776 tinnt
3193 2724 3334 2778 servi
3366 2724 3701 2791 peccatietdib

2259 2810 2321 2865 li.
2379 2812 2485 2866 Sed
2541 2813 2681 2867 sicut
2737 2814 2880 2869 servi
2946 2814 3040 2869 Dei
3101 2816 3197 2885 qui
3261 2817 3450 2871 mdlam
3503 2820 3697 2872 servitute:

2261 2902 2583 2968 abhorrent,
2613 2905 2715 2959 nisi
2756 2909 3079 2962 servitutem
3121 2909 3356 2977 peccati.
3383 2920 3433 2963 et
3456 2910 3704 2963 nule

2262 3006 2431 3053 tatem
2464 2999 2584 3069 plus
2604 3011 2863 3070 appetunt
2893 3018 3059 3072 quam
3086 3002 3397 3058 libertatem
3421 3000 3703 3058 eveniebant:

2257 3092 2533 3155 honorate,
2568 3093 2723 3161 juxta
2763 3095 2933 3148 illud:
2971 3093 3193 3150 Honore
3234 3097 3441 3151 invicem
3476 3098 3705 3160 prcit-iuta

2260 3184 2435 3255 (Rom.
2462 3186 2561 3257 xu)
2603 3185 3014 3243 Fraternitatem
3042 3190 3280 3260 diligite,
3313 3201 3365 3245 et
3394 3190 3555 3246 adet-lu
3580 3202 3611 3244 et
3640 3187 3709 3241 τε·

2258 3288 2371 3332 ctu.
2407 3279 2570 3333 Deum
2598 3281 2789 3341 time:e.
2810 3296 2931 3335 cum
2958 3298 3174 3344 amore,
3193 3293 3247 3338 et
3280 3292 3449 3337 amate
3473 3298 3566 3335 cura
3591 3282 3707 3333 limat.

2257 3368 2447 3439 Regem
2475 3370 2845 3438 honori/irate,
2871 3369 3026 3438 juxta
3064 3371 3198 3425 illati
3235 3389 3250 3427 :
3299 3372 3395 3427 Cui
3420 3372 3708 3427 annonam-

2259 3479 2387 3526 rem,
2441 3463 2527 3515 cui
2579 3463 2795 3531 vectigal
2849 3465 3090 3534 rectigal,
3151 3467 3240 3519 cui
3294 3466 3523 3519 tributum
3566 3462 3706 3515 tribu-

2261 3550 2441 3621 (Rom.
2475 3554 2619 3622 xm).
2648 3551 2728 3606 Ad
2773 3562 3081 3608 extremum
3130 3566 3317 3611 mouet
3364 3570 3542 3619 servos,
3571 3563 3612 3606 ιιι
3639 3556 3711 3605 sic!

2258 3645 2592 3707 comlitioue.
2624 3646 2695 3699 ita
2727 3644 3004 3700 voluntate
3029 3648 3343 3702 subdantur
3377 3648 3572 3703 dominis
3593 3655 3709 3709 tuor

2258 3738 2484 3791 ralibus.
2517 3736 2581 3790 In
2612 3739 2755 3791 omni
2782 3738 2988 3801 timore.
3024 3739 3077 3793 id
3100 3751 3189 3795 est
3220 3756 3327 3796 non
3351 3740 3504 3795 solum
3518 3734 3713 3795 servili,ssl

2260 3830 2422 3883 etiam
2450 3830 2630 3895 liliali;
2668 3841 2725 3884 ut
2753 3832 2964 3885 scilicet
2993 3832 3227 3888 timeant
3262 3844 3317 3889 et
3334 3834 3533 3903 diligant
3561 3845 3637 3884 eos.
3656 3826 3712 3879 Νι

2258 3923 2455 3987 solum,
2487 3924 2684 3993 inquit,
2712 3926 2860 3978 bonis
2881 3934 2932 3978 et
2961 3927 3236 3991 modestis,
3277 3927 3367 3982 sed
3400 3928 3535 3981 etiam
3566 3922 3714 3993 min

2260 4015 2315 4071 id
2366 4027 2449 4070 est
2492 4018 2701 4087 asperis
2727 4014 2780 4072 et
2820 4018 3203 4075 immoderatis
3242 4020 3458 4088 subjecti
3483 4026 3623 4073 estote
3646 4011 3715 4063 Πιτ

2258 4110 2399 4163 enim
2423 4120 2499 4163 est
2528 4112 2719 4178 gratia,
2746 4122 2803 4163 ut
2833 4111 3041 4165 scilicet
3074 4113 3347 4167 modestia
3372 4121 3426 4167 et
3448 4107 3717 4181 patientia!!-

2258 4217 2474 4266 vorum,
2502 4203 2713 4273 mitiget
2741 4212 2794 4258 et
2817 4212 3082 4274 temperet
3106 4204 3557 4276 intemperantiarn
3573 4198 3717 4254 deuin-

2259 4310 2402 4348 rum.
2456 4294 2825 4349 Humilitatem
2882 4297 3208 4353 Voluntaria:
3256 4291 3755 4365 sulijectiouierui-m

2258 4385 2387 4447 mei,
2422 4394 2534 4439 toto
2569 4387 2733 4440 corde
2771 4387 3189 4456 amplectentur,
3237 4389 3480 4458 quoniam
3511 4389 3597 4440 hac
3627 4378 3715 4433 ἀρά

2259 4478 2529 4540 crudeles,
2561 4478 2943 4546 :cquanimiter
2990 4481 3287 4549 patiendo;
3316 4480 3424 4535 haec
3455 4476 3587 4531 vincit
3605 4484 3714 4540 super

2260 4572 2361 4626 bos
2384 4586 2443 4626 se
2475 4571 2839 4637 humiliando;
2867 4572 2983 4626 haec
3025 4574 3195 4626 vincit
3246 4573 3532 4627 iracundos.
3558 4574 3711 4621 W

2262 4664 2504 4718 tudinem
2541 4664 2878 4729 exhibendo;
2913 4666 3027 4719 lucc
3057 4666 3228 4719 vincit
3254 4652 3715 4719 contumeliosum“
3752 4650 3753 4669 ‘

2259 4759 2676 4827 respondendo;
2704 4760 2818 4814 lucc
2839 4759 3008 4813 vincit
3034 4759 3271 4822 invidos,
3305 4760 3510 4829 gloriam
3534 4752 3712 4823 fugiatis:
3750 4822 3751 4827 η

2261 4852 2378 4905 ιιωο
2405 4851 2573 4905 vineit
2595 4851 2838 4920 cupidos.
2867 4851 3078 4905 modico
3102 4861 3361 4905 contenta
3386 4845 3612 4904 existeado
3631 4840 3711 4901 ιω

2260 4950 2499 4998 meretur
2539 4942 2767 5013 gloriam
2813 4942 3110 5002 hominum.
3137 4943 3393 4997 omnibus
3434 4932 3709 4994 δεξιώωὲ

2259 5042 2376 5094 lucc
2414 5050 2659 5094 meretur
2702 5038 3066 5094 imitationem
3098 5037 3328 5101 Christi,
3374 5052 3470 5091 non
3497 5029 3705 5086 miltiam.

2259 5132 2353 5185 sed
2400 5132 2713 5186 ministrare
2740 5132 3069 5201 appetendo;
3095 5132 3211 5185 lucc
3237 5142 3464 5183 ureretur
3480 5141 3505 5177 a
3529 5114 3709 5177 Debent"

2261 5226 2387 5291 tari,
2430 5238 2487 5277 se
2538 5238 2754 5292 semper
2815 5222 3170 5277 lunniliaudo.
3222 5222 3393 5288 Quam
3435 5217 3632 5269 virtutem
3662 5206 3706 5253 id

2260 5315 2416 5369 nobis
2446 5316 2790 5385 omnipotens
2825 5314 3085 5368 Dominus
3119 5324 3303 5367 mente
3345 5322 3398 5364 et
3431 5318 3609 5375 carpo“!
3636 5310 3705 5350 ε’·

2259 5410 2435 5472 sequi,
2491 5421 2587 5476 per
2634 5406 2922 5461 Dominum
2989 5416 3234 5462 nostrum
3302 5403 3475 5460 Iesum
3512 5393 3697 5454 ωδε*

2256 5500 2449 5553 Amen.

2837 5591 3116 5647 llOMlLlA
3152 5591 3287 5645 LIX.

2592 5701 2844 5740 DOHIMCA
2898 5701 3095 5739 TERTIA
3136 5701 3268 5738 P051“
3306 5696 3503 5737 Ριςαι.
3646 5756 3649 5763 1

2336 5777 2481 5831 Dixit
2513 5778 2669 5832 Jesus
2701 5780 2973 5848 discipulis
3001 5781 3111 5832 suis
3132 5792 3150 5829 :
3185 5775 3443 5830 Modicam
3468 5783 3506 5824 et
3534 5758 3693 5819 sui”

2283 5873 2400 5928 bitis
2430 5888 2530 5941 me,
2555 5883 2601 5927 et
2636 5874 2825 5927 iterum
2850 5873 3109 5929 modicum
3132 5881 3176 5927 et
3202 5867 3433 5926 uidebitis
3456 5858 3692 5925 attriti"
