3826 6338
73 398 210 456 1881

829 402 1134 462 llOMlLlJE
1171 402 1236 461 IN
1281 399 1500 460 EPIST.
1535 400 1624 459 ET

1775 407 1922 466 \NG.
1956 409 2257 469 DOMINlC.
2286 442 2354 454 --
2385 412 2564 470 PAllS
2588 413 2626 470 ι.

3208 416 3345 478 i883

64 517 139 570 do
163 518 234 572 ad
255 531 454 587 patrem
484 515 664 587 (Joan.
694 525 826 587 xvi).
853 519 1032 575 ltttrus
1053 521 1118 576 ad
1143 521 1442 592 passiduem
1472 519 1650 578 Domi-
1673 529 1726 588 Ἀ
1765 525 1913 583 Unde
1933 539 1989 584 et
2015 544 2044 583 a
2074 529 2235 585 Petro
2255 530 2304 585 ei
2332 528 2534 586 dictum
2567 540 2650 586 est
2680 551 2692 586 :
2725 535 2868 587 Absit
2896 533 2992 586 hac
3014 550 3045 586 tt
3066 543 3133 597 te,
3162 534 3346 593 Domi-

63 622 176 664 nus
227 618 282 664 et
317 608 648 679 Redemptor
700 621 899 675 noster,
934 631 996 670 ea
1047 630 1168 684 qua:
1209 614 1487 686 discipulis
1541 617 1655 672 suis

65 712 332 757 eventura
377 703 555 768 erant,
592 704 672 758 eis
714 708 980 774 przedixit.
1009 709 1222 777 Quare?
1264 711 1458 781 triplici
1495 712 1656 766 ratio-

66 809 182 851 ne:
219 792 286 850 Ut
320 810 386 851 se
406 795 570 851 Deum
611 801 852 854 omnium
886 800 1190 858 futurorum
1235 804 1517 876 pr:escittm
1553 805 1648 859 de-

65 898 428 952 monstraret;
465 899 522 944 ιιι
561 891 849 962 discipulos
872 909 1058 951 contra
1103 897 1329 953 adversa
1364 898 1658 968 prtetnnni-

65 991 186 1046 ret;
231 991 291 1037 ut
317 983 379 1046 in,
404 985 647 1040 adversis
676 1001 771 1041 eos
797 1004 1018 1058 sperare
1046 992 1473 1047 consolationem
1520 1007 1658 1063 prse-

67 1071 311 1129 doceret.
348 1073 489 1130 Sunt
517 1086 697 1132 autem
729 1091 967 1148 quatuor
985 1094 1184 1153 partes
1202 1081 1363 1149 ltujtts
1387 1083 1654 1138 lectionis.

68 1165 254 1222 Primo
279 1168 423 1223 enim
457 1171 705 1239 praedixit
743 1173 1000 1228 Dominus
1030 1174 1310 1245 discipulis
1336 1175 1450 1231 suis
1475 1191 1656 1232 reces-

68 1275 191 1315 sum
232 1269 287 1316 et
316 1263 547 1318 reditum
595 1280 772 1322 smnn.
805 1265 1056 1323 Secundo
1102 1269 1320 1339 ponitur
1350 1278 1536 1323 mutua
1575 1269 1659 1323 in-

68 1355 366 1424 terrogatio
422 1357 806 1427 discipulorum
871 1361 998 1415 illud
1051 1378 1157 1416 non
1222 1361 1654 1434 intelligentiam.

70 1443 260 1502 Tertio
317 1451 553 1504 ostendit
583 1450 841 1509 Dominus
865 1455 994 1524 qttid
1026 1455 1106 1509 vel
1139 1456 1191 1510 in
1222 1472 1433 1511 recessu
1477 1456 1561 1511 vel
1603 1457 1656 1512 itt

68 1540 248 1597 reditu
276 1556 376 1598 suo
412 1543 692 1614 discipulis
721 1558 1042 1602 eventurum
1072 1559 1209 1602 erat.
1234 1547 1441 1616 Quarto
1469 1565 1565 1615 per
1585 1548 1659 1604 si-

67 1631 428 1690 militudinem
462 1635 588 1689 illud
633 1637 909 1708 explanat.
963 1639 1139 1694 ltnrtts
1187 1640 1351 1710 igitur
1398 1641 1660 1698 Dominus

66 1726 136 1780 ad
168 1728 494 1796 passionem.
526 1728 702 1799 primo
726 1746 818 1785 eos
850 1733 1140 1801 pl'il'mllllil
1181 1733 1247 1786 de
1291 1747 1506 1788 recessu
1537 1749 1657 1799 Suo,

67 1831 195 1874 eum
235 1819 364 1876 dicit
392 1837 406 1875 :
441 1819 710 1876 Modicum
747 1834 794 1878 et
817 1840 922 1878 non
954 1825 1195 1880 videbitis
1216 1843 1318 1882 me.
1348 1827 1454 1882 Sed
1496 1843 1564 1882 ne
1593 1829 1660 1884 de

63 1909 318 1968 absentia
343 1912 460 1983 ejus
481 1914 852 1983 desperarent,
881 1917 1107 1986 spondet
1127 1919 1207 1972 eis
1229 1920 1372 1989 quod
1395 1929 1516 1989 post
1538 1936 1658 1974 mo-

62 2004 254 2060 dicum
280 2020 404 2060 cum
445 2006 714 2073 viderent,
750 2024 872 2063 cum
909 2011 1134 2066 subdit:
1175 2009 1239 2065 Et
1281 2015 1466 2068 iterum
1492 2015 1661 2069 modi-

65 2114 192 2153 cum
216 2108 262 2152 et
282 2099 519 2154 videbitis
549 2117 650 2166 nte.
679 2100 746 2156 Et
775 2117 842 2157 ne
892 2103 1085 2158 iterum
1130 2105 1396 2174 corporali
1449 2116 1658 2164 tanlttttt

69 2191 374 2260 pmentim
404 2191 522 2262 ejus
569 2193 932 2260 atlluererent,
978 2195 1107 2252 dit-it
1128 2207 1252 2267 post
1295 2199 1565 2254 modicum
1603 2217 1664 2256 se

65 2297 422 2338 ascensttrnm
466 2286 536 2340 ad
563 2285 803 2350 Patrem,
837 2297 895 2341 ιιι
941 2303 1063 2342 eum
1112 2290 1322 2345 scilicet
1347 2293 1414 2345 ad
1462 2292 1659 2350 cadum

66 2375 226 2444 sequi
258 2374 652 2432 desiderarent.
681 2376 948 2432 Similiter
976 2377 1126 2441 facit.
1158 2380 1355 2436 fratres
1402 2381 1664 2439 charissi-

65 2467 174 2532 ml,
207 2469 446 2538 qttolidie
474 2469 733 2524 Dominus
763 2470 953 2526 electis
972 2472 1104 2537 suis,
1137 2484 1255 2544 post
1279 2475 1660 2534 adversitatetn

67 2561 214 2616 dans
253 2562 332 2618 eis
359 2563 808 2631 consolationem,
832 2576 888 2619 et
928 2577 1054 2637 post
1089 2570 1515 2628 consolationem
1564 2575 1663 2630 atl-

67 2652 412 2708 versitatem.
444 2653 503 2709 Si
532 2656 677 2709 enim
705 2671 922 2729 semper
961 2661 1044 2716 eis
1088 2660 1248 2715 daret
1274 2663 1660 2721 adversilatem

68 2745 136 2800 in
161 2747 260 2802 hoc
291 2747 514 2811 mundo,
546 2749 918 2819 deSperarent,
948 2763 998 2810 et
1048 2754 1092 2809 si
1122 2770 1338 2826 semper
1379 2758 1538 2813 daret
1577 2758 1660 2814 eis

65 2847 394 2910 prarscntem
443 2842 886 2910 prosperitatem,
917 2844 966 2899 ei
997 2847 1297 2910 adhaerent,
1329 2857 1383 2903 et
1424 2849 1660 2904 futura-

68 2945 188 2986 non
237 2930 625 2990 desiderarent.
679 2933 869 3006 Itaque
931 2937 1197 3007 benignus
1248 2951 1302 2995 et
1353 2942 1662 2999 misericors

66 3021 339 3080 Dominus
381 3023 569 3082 electis
611 3028 725 3084 suis
755 3029 807 3084 itt
859 3029 961 3085 hoc
1024 3033 1224 3088 mundo
1271 3049 1413 3089 nunc
1464 3034 1660 3092 faciem

70 3117 328 3184 advertit,
357 3135 499 3175 nuttc
525 3122 782 3178 ostendit.
815 3121 981 3191 Quasi
1029 3125 1172 3179 enim
1209 3125 1402 3182 faciem
1441 3129 1659 3195 avertit,

68 3207 205 3263 dum
228 3210 380 3278 quasi
403 3225 499 3266 eos
526 3211 800 3276 deserens,
821 3215 952 3270 sinit
975 3217 1371 3286 persecutionis
1388 3221 1658 3278 Irihulari.

63 3299 292 3357 Faciem
323 3318 476 3358 suam
505 3305 764 3375 ostendit,
812 3309 938 3363 dum
976 3323 1072 3364 eos
1116 3310 1167 3365 in
1207 3310 1350 3368 bono
1396 3314 1663 3383 prolicere

67 3391 232 3448 facit.
275 3391 382 3450 Sed
432 3405 742 3468 utrumque,
797 3397 994 3455 fratres
1045 3402 1174 3467 mei,
1226 3403 1353 3460 facit
1401 3405 1664 3461 Dominus

63 3501 280 3557 magna
304 3497 359 3544 et
387 3488 503 3544 tttili
535 3490 951 3562 diSpensttione,
1001 3494 1110 3550 Eos
1138 3497 1271 3551 sinit
1318 3499 1545 3564 turbari,
1595 3517 1664 3556 ne

65 3578 150 3634 de
177 3593 236 3634 se
270 3591 632 3650 prtesumant;
660 3598 756 3640 eos
783 3584 912 3640 facit
943 3589 1272 3657 prosperari,
1297 3603 1364 3643 ne
1385 3590 1662 3647 deficiant.

64 3667 370 3740 Propterea
397 3671 618 3740 fratres,
651 3675 703 3729 in
736 3677 981 3733 adversis
1025 3678 1206 3746 positi,
1237 3693 1454 3751 semper
1483 3697 1511 3735 a
1556 3681 1665 3738 Deo

69 3761 305 3816 meliora
335 3778 635 3833 speremus,
672 3765 725 3820 in
763 3767 1035 3837 prosperis
1075 3783 1205 3822 vero
1233 3785 1450 3839 semper
1475 3771 1666 3829 timea-

65 3865 236 3916 mus;
265 3851 318 3907 in
343 3854 586 3909 adversis
623 3855 675 3909 in
713 3855 823 3912 Deo
859 3873 1155 3926 speremus.
1179 3857 1476 3926 Quoniam,
1509 3863 1664 3933 juxta

69 3941 455 4009 Salomonem,
483 3947 603 4016 quis
625 3951 850 4018 sperari!
879 3950 934 4004 in
963 3951 1178 4005 domino
1207 3962 1254 4005 et
1277 3953 1529 4023 confusus
1555 3955 1671 4010 est.’

67 4033 270 4106 (Eccii.
304 4036 389 4108 tt).
428 4038 483 4094 ltt
529 4043 802 4110 prosperis
855 4057 986 4097 vero
1037 4043 1350 4109 timeamus,
1401 4047 1663 4116 quoniam

65 4132 262 4186 beatus
287 4142 360 4186 est
391 4133 473 4187 uir
495 4134 586 4203 qui
618 4150 820 4201 semper
847 4143 923 4189 est
955 4137 1177 4205 pavidus
1209 4137 1391 4207 (Prov.
1422 4141 1617 4212 xxt‘ttt)
1651 4161 1664 4197 :

71 4221 150 4276 E:
179 4222 326 4276 beata
359 4234 442 4278 est
475 4223 671 4278 civitas
701 4239 820 4293 qua:
850 4225 902 4279 itt
929 4240 1062 4295 pace
1095 4225 1292 4280 bellum
1330 4228 1506 4284 timet.

151 4311 410 4382 Sequitur
435 4328 562 4382 pars
591 4316 849 4377 secunda,
871 4315 922 4368 itt
945 4331 1052 4386 qua
1079 4316 1325 4387 diSt'ipllli
1351 4320 1416 4371 ad
1437 4317 1670 4376 invicem

67 4414 354 4475 quaerunt.
385 4405 526 4472 Quid
555 4417 627 4460 est
669 4407 766 4460 hoc
793 4408 932 4478 quod
973 4409 1098 4462 dicit
1127 4422 1146 4462 :
1183 4409 1452 4464 Modicum
1487 4424 1533 4466 et
1566 4430 1671 4468 non
1737 4417 1740 4422 ’

67 4496 325 4553 videbitis
367 4513 486 4560 me;
529 4507 634 4553 etc.
702 4497 1018 4563 Nescimus,
1068 4500 1357 4570 inquittnt',
1400 4505 1530 4574 quid
1587 4505 1669 4559 fo-

1760 636 1842 684 ue,
1860 637 1963 674 non
1986 623 2082 676 erit
2109 622 2204 676 tibi
2227 625 2323 678 hoc
2346 622 2558 693 (Matth.
2592 633 2726 693 XVI.)
2750 626 2854 682 Sed
2875 625 3132 682 Dominus
3155 644 3340 698 repre-

1769 712 2012 768 hendens
2049 715 2188 770 hanc
2214 731 2404 770 vanam
2435 714 2552 784 ejus
2598 719 3009 774 testimationem
3036 720 3112 774 ait
3142 737 3155 774 :
3199 719 3342 777 Vade

1767 816 1926 866 retro.
1960 805 2215 873 Satanas,
2260 825 2362 863 non
2406 811 2546 881 sapis
2589 828 2649 864 ea
2693 829 2810 882 qum
2851 810 2948 866 Dei
2987 823 3107 868 sunt
3140 813 3341 886 (ibid.).

1767 897 2033 966 Quoniam
2065 901 2208 954 enim
2257 901 2308 956 itt
2352 903 2452 957 hac
2501 905 2803 959 sentcntian
2847 898 3043 960 divina:
3080 905 3344 964 voluntati
3389 940 3394 947 ε

1763 987 1963 1046 Petrus
1993 1002 2110 1047 erat
2140 994 2505 1058 adversarius,
2549 996 2780 1054 Satanas
2803 989 3144 1055 vocatur.Et
3175 1009 3232 1054 ut
3262 1016 3346 1055 re-

1763 1082 2036 1152 linqueret
2063 1101 2183 1156 qtue
2206 1087 2346 1142 tnale
2389 1089 2652 1159 sapiebat,
2681 1101 2735 1145 et
2761 1092 2998 1148 divinam
3028 1103 3348 1164 sequeretur

1735 1177 2090 1256 0sententiam
2121 1178 2398 1233 invitatur.
2430 1178 2572 1235 Petri
2619 1191 2675 1237 et
2715 1182 3100 1254 discipulorum
3143 1183 3347 1240 Christi

1762 1265 1938 1320 adhuc
1966 1267 2176 1320 rudium
2209 1278 2333 1322 sunt
2359 1267 2523 1324 etiam
2557 1267 2716 1326 l‘iodie
2740 1273 2959 1342 quidam
2999 1274 3226 1339 similes,
3251 1275 3347 1344 qui

1761 1367 1951 1430 ptttattt
2006 1361 2152 1416 viros
2187 1361 2365 1431 justos
2416 1373 2470 1416 et
2511 1362 2604 1418 Dei
2656 1364 2936 1439 ministros
2980 1382 3345 1436 nequaquam,

1763 1451 1906 1521 quod
1939 1451 2025 1506 hic
2068 1464 2465 1521 paupertatem,
2493 1453 2871 1522 abjcclionetn,
2915 1463 2972 1512 et
2999 1455 3349 1527 aﬂlictionetu

1762 1545 2060 1614 patiantur,
2089 1544 2172 1598 vel
2201 1545 2345 1613 quod
2367 1547 2435 1599 ab
2467 1541 2690 1614 iniquis,
2715 1548 3082 1614 contumeliis,
3106 1533 3346 1618 “injuriis.

1767 1638 2079 1699 tormentis,
2110 1646 2163 1689 et
2208 1647 2382 1690 morte
2413 1636 2739 1708 puniantur;
2784 1638 3116 1694 :estimantes
3141 1653 3234 1692 eos
3253 1638 3349 1710 qui

1764 1729 1893 1783 talia
1922 1738 2111 1798 agunt,
2154 1728 2235 1782 vel
2268 1728 2546 1798 patiuntur
2575 1729 2664 1784 hic
2703 1746 2732 1783 a
2770 1728 2880 1785 Deo
2923 1746 3042 1787 esse
3088 1731 3349 1801 reproba-

1767 1831 1890 1887 tos;
1923 1831 1977 1875 et
2003 1837 2032 1876 c
2055 1820 2336 1876 contrario
2364 1829 2617 1890 putantes
2655 1811 2750 1875 eos
2789 1822 2879 1891 qui
2918 1823 3004 1877 hic
3027 1838 3353 1893 prnsperan-

1767 1926 1878 1979 tur,
1901 1929 2021 1970 esse
2050 1916 2234 1970 beatos
2269 1923 2324 1968 et
2364 1913 2454 1968 Dei
2483 1912 2712 1969 amicos.
2743 1913 2861 1969 Sed
2899 1915 3024 1969 talia
3061 1915 3351 1972 :cstimanti

1763 2009 2049 2063 dicendum
2079 2016 2185 2064 est.
2217 2008 2344 2062 vade
2367 2015 2505 2058 retro
2539 2003 2796 2070 Satanas,
2831 2025 2932 2063 non
2957 2007 3100 2071 sapis
3139 2025 3200 2062 ea
3233 2021 3353 2078 qut:

1763 2112 1883 2158 sunt
1911 2101 2032 2157 Dei.
2065 2099 2168 2168 Qui
2197 2103 2383 2172 utique
2407 2104 2459 2158 in
2489 2104 2657 2158 tnttlta
2693 2088 3064 2166 tribulatione,
3095 2091 3355 2170 tanquam

1765 2209 1958 2248 aurum
1993 2195 2044 2248 in
2073 2193 2294 2249 fornace
2319 2195 2405 2250 hic
2432 2194 2637 2250 electos
2672 2209 2801 2249 suos
2842 2193 3069 2248 intendit
3098 2191 3354 2263 probare,

1766 2295 1825 2338 ut
1853 2300 1948 2340 eos
1973 2287 2146 2356 inagis
2180 2285 2429 2356 put-iores
2455 2285 2509 2342 in
2549 2285 2809 2342 thesauro
2835 2299 2934 2339 suo
2972 2283 3149 2340 valeat
3189 2282 3357 2342 collo-

1766 2393 1913 2433 care.

1837 2471 2097 2542 Sequitur
2122 2485 2248 2542 pars
2276 2472 2527 2538 tertia,in
2559 2486 2665 2542 qua
2691 2471 2953 2528 Dominus
2975 2485 3039 2527 ea
3067 2485 3186 2542 qua:
3209 2485 3347 2540 prte-

1765 2561 1975 2618 dis’erat
1995 2579 2092 2634 per
2113 2564 2505 2634 consequentia
2531 2561 2720 2619 eorum
2745 2578 2866 2633 quae
2914 2561 3040 2619 inde
3076 2562 3357 2635 discipulis

1764 2663 1922 2709 erant
1974 2665 2266 2721 eventura,
2327 2657 2652 2723 confirmat,
2701 2655 2892 2712 dicens
2924 2673 2938 2712 :
2971 2655 3160 2723 Amen,
3193 2673 3347 2712 amen

1764 2749 1882 2802 dico
1906 2749 2069 2810 vobis,
2101 2749 2223 2820 quia
2247 2739 2520 2819 plorabitis
2545 2759 2592 2804 et
2610 2748 2801 2819 ﬂebitis
2835 2766 2948 2814 vos,
2987 2747 3214 2804 mundus
3266 2765 3360 2804 att-

1766 2848 1865 2893 tem
1895 2840 2165 2911 gaudebit.
2198 2839 2274 2896 Ex
2296 2857 2361 2896 eo
2382 2842 2526 2896 enim
2566 2842 2710 2911 quod
2735 2841 3032 2897 Christum
3080 2851 3356 2897 mortuum

1764 2941 1822 2989 et
1852 2933 1904 2988 in
1934 2935 2187 3005 sepulcro
2214 2935 2475 3006 positum,
2519 2935 2735 2992 modico
2784 2930 3028 3006 tempere
3059 2952 3167 2994 non
3197 2937 3354 2994 vide-

1767 3039 1919 3092 runt,
1959 3036 2015 3082 et
2045 3026 2299 3096 discipuli
2320 3026 2692 3097 ploraverunt,
2719 3037 2774 3082 et
2797 3028 3057 3104 mundani
3088 3029 3356 3096 homines,

1745 3131 2009 3191 'quorum
2043 3119 2211 3173 vitam
2243 3121 2565 3190 arguebant,
2599 3120 2767 3192 gavisi
2816 3129 2964 3175 sunt.
2995 3119 3072 3176 Ex
3123 3136 3190 3176 eo
3226 3136 3359 3179 vero

1769 3216 1913 3286 quod
1950 3225 2072 3286 post
2127 3218 2588 3272 resurrectionem
2645 3233 2768 3272 eum
2809 3203 3082 3283 viderunt,
3137 3217 3359 3274 tristitia

1691 3267 1740 3331 ο
1769 3305 2157 3376 discipulorum
2207 3323 2468 3362 conversa
2498 3317 2579 3362 est
2621 3308 2672 3362 in
2703 3309 2985 3381 gaudium,
3015 3320 3070 3364 et
3096 3310 3358 3381 gaudium

1773 3397 2171 3452 mundanorum
2197 3397 2476 3452 hominum
2495 3413 2815 3474 conversum
2829 3398 2985 3454 estin
3004 3398 3281 3454 tristitiam
3299 3408 3360 3454 et

1770 3499 1998 3544 metum.
2028 3488 2139 3545 Nec
2185 3490 2357 3544 solum
2413 3490 2556 3558 illos,
2604 3489 2806 3546 fratres
2863 3492 2992 3554 mei,
3048 3491 3142 3546 sed
3192 3492 3359 3547 etiam

1767 3595 2119 3652 quoscunque
2147 3581 2441 3649 fideles,eSt
2462 3596 2685 3637 necesse
2716 3581 2770 3636 in
2802 3583 2904 3637 hac
2925 3581 3066 3638 valle
3090 3583 3362 3654 lacryma-

1769 3689 1892 3728 rum
1919 3673 2147 3738 tristari,
2173 3673 2388 3743 plorare
2416 3683 2470 3728 et
2497 3671 2641 3728 ﬂere.
2679 3671 2794 3741 Qua
2823 3673 2890 3728 de
2904 3674 3106 3730 causa?
3133 3673 3357 3745 duplici,

1772 3775 1884 3820 tum
1909 3775 2129 3838 propter
2165 3782 2386 3838 gravem
2413 3776 2760 3836 peccatorum
2809 3768 3220 3832 conscientiam,
3245 3775 3360 3822 tum

1743 3868 1993 3929 propter
2023 3859 2264 3914 caelestis
2293 3861 2480 3930 patrita
2516 3860 2858 3915 dilationem.
2912 3861 3046 3916 Cttm
3098 3861 3244 3916 enim
3276 3874 3361 3913 re-

1771 3951 2062 4006 cordamur
2100 3967 2222 4022 qua:
2246 3961 2302 4005 et
2325 3966 2523 4020 quanta
2550 3961 2770 4022 peccata
2803 3951 3256 4022 perpetravituns,
3305 3959 3363 4006 et

1771 4051 1972 4112 quanta
2005 4056 2164 4113 paena
2218 4043 2322 4098 illis
2375 4045 2612 4114 peccatis
2653 4045 2705 4098 in
2765 4044 2976 4099 inferno
3005 4055 3357 4114 praeparetur,

1774 4151 1996 4191 necesse
2021 4147 2108 4192 est
2153 4153 2251 4192 nos
2290 4137 2526 4207 plorare,
2569 4139 2822 4208 quoniam
2875 4139 3128 4210 lacrytna:
3181 4137 3362 4193 lavant

1774 4227 2052 4290 delictum,
2085 4227 2228 4297 quud
2261 4237 2345 4282 est
2373 4229 2545 4298 pudor
2570 4245 2665 4282 ore
2695 4227 2966 4284 confiteri.
3001 4228 3211 4286 Rursus
3235 4245 3359 4284 cum

1775 4319 2107 4375 meditanmr
2136 4321 2277 4374 inter
2298 4321 2548 4376 miserias
2576 4319 2735 4389 hujus
2765 4320 2965 4386 exsilii,
3004 4330 3206 4391 quanta
3235 4323 3360 4376 bea-

1776 4411 1950 4467 titudo
1973 4413 2044 4468 sit
2080 4412 2133 4467 in
2164 4413 2304 4468 caelo
2335 4425 2635 4484 pneparata
2658 4414 2845 4484 justis,
2879 4429 3100 4469 necesse
3129 4429 3227 4467 nos
3277 4422 3362 4468 est

1741 4511 1746 4517 ‘
1776 4499 1928 4562 flere.
1975 4503 2134 4573 juxta
2164 4503 2293 4557 illud
2327 4521 2341 4558 :
2377 4501 2548 4574 Super
2573 4506 2796 4575 ﬂumina
2822 4501 3108 4574 Babylonis
3135 4504 3244 4557 illic
3273 4521 3358 4558 se-

37 4590 281 4662 .quitur.
313 4590 419 4645 Sed
449 4605 572 4644 cum
597 4589 681 4643 illa
713 4591 920 4646 Domini
945 4593 1104 4646 verba
1137 4592 1371 4650 difficilia
1398 4611 1502 4650 non
1526 4598 1654 4658 sint,
1700 4636 1748 4695 ο
1778 4595 1951 4649 dimas
1999 4607 2046 4648 et
2091 4597 2330 4666 [ierimus
2363 4637 2378 4661 ,
2430 4599 2554 4650 dum
2608 4597 3006 4649 recordareutur
3055 4595 3172 4658 tui,
3229 4594 3361 4649 Sion

69 4687 177 4743 sed
202 4686 376 4755 potius
397 4683 553 4754 plana
582 4683 648 4739 ad
678 4685 1104 4754 intelligendum,
1123 4687 1250 4755 quid
1268 4697 1351 4742 est
1380 4689 1482 4744 hoc
1525 4691 1668 4758 quod

72 4777 334 4848 discipuli
360 4778 570 4841 dicunt,
611 4777 868 4832 nescimus
911 4779 1038 4850 quid
1082 4777 1364 4849 loquitur?
1400 4777 1511 4834 Nisi
1545 4783 1672 4850 quia

71 4885 229 4931 eum,
287 4885 448 4939 quem
497 4867 772 4924 Christum
821 4869 913 4924 Dei
951 4869 1144 4924 Filium
1189 4887 1310 4926 esse
1357 4872 1669 4940 credebant,

68 4978 183 5036 per
211 4963 518 5033 passionem
547 4979 577 5016 a
610 4977 667 5018 se
696 4977 1064 5027 recessurum,
1092 4974 1148 5019 et
1177 4981 1272 5035 per
1319 4966 1674 5020 resurrectio-

69 5072 215 5118 nom‘
261 5055 558 5111 rediturum
617 5057 684 5110 ad
740 5070 799 5110 se
845 5070 950 5110 non
997 5057 1328 5112 credebant?
1374 5056 1668 5128 Propterea

69 5152 232 5226 quod
268 5150 525 5205 Dominus
555 5164 696 5218 δειξρο
723 5148 938 5204 dixerat
977 5163 1037 5204 se
1064 5164 1352 5219 passurum
1395 5159 1452 5204 et
1486 5167 1674 5206 resur-

73 5255 390 5304 recturum,
423 5243 489 5296 ad
513 5241 750 5296 litteram
797 5241 1198 5310 adimplcndutn
1240 5258 1361 5296 esse
1412 5259 1517 5296 non
1558 5259 1676 5296 cre-
1735 5255 1738 5262 '

73 5339 297 5396 debant
343 5335 448 5392 Sed
473 5351 572 5407 per
599 5335 684 5390 illa
711 5335 872 5390 verba
902 5334 1120 5405 aliquod
1163 5334 1307 5388 alitul
1353 5337 1675 5408 mysterium

73 5427 388 5501 significari
434 5426 799 5483 aestimabant.
837 5425 972 5480 llinc
1003 5433 1085 5478 est
1124 5425 1268 5494 quod
1295 5422 1526 5479 dicunt:
1568 5423 1678 5479 Ne-

71 5526 289 5581 scimus
318 5521 444 5590 qttid
469 5521 720 5590 loquitur,
766 5519 818 5573 id
846 5528 927 5574 est
953 5518 1230 5573 nescimus
1273 5531 1340 5571 ex
1373 5533 1480 5586 quo
1515 5533 1676 5571 sensu

75 5626 206 5676 iure
249 5617 412 5670 verba
460 5617 528 5668 ab
553 5629 618 5667 eo
665 5612 1032 5683 proferantur.
1079 5610 1264 5665 Rudes
1289 5611 1488 5681 quippe
1524 5621 1678 5666 erant
1731 5623 1736 5629 '

79 5723 139 5766 et
177 5711 357 5763 adlmc
387 5707 654 5770 carnales,
690 5714 744 5760 et
786 5719 1128 5774 nequaquam
1180 5705 1442 5773 putabant
1483 5703 1679 5757 Filium

85 5807 190 5863 Dt-i
228 5805 423 5858 decere
446 5801 587 5872 quod
621 5801 689 5856 ad
717 5811 921 5855 tantam
957 5799 1279 5870 injuriarum
1323 5797 1678 5866 abjectionem

87 5901 405 5962 deveniret,
428 5896 572 5968 quod
594 5904 704 5951 tam
744 5894 923 5952 viliter
946 5903 1226 5976 pateretur
1269 5901 1325 5948 et
1356 5901 1676 5948 moreretur.

1780 4689 1956 4760 (Psaf.
1981 4689 2532 4760 cxxxvr)-.Propterea
2557 4690 2698 4743 hunc
2724 4705 2854 4757 ergo
2884 4690 3155 4756 geminum
3177 4685 3360 4741 fletum

1777 4783 2131 4852 germinavit,
2160 4782 2346 4835 dicens
2388 4799 2401 4834 :
2434 4777 2734 4834 Plorabitis
2760 4793 2804 4833 et
2834 4781 3024 4851 ﬂebitis
3064 4796 3174 4832 vos.
3211 4777 3362 4832 llunc

1777 4890 1908 4946 ergo
1933 4873 2204 4943 geminum
2232 4871 2416 4924 fletum
2440 4888 2630 4926 omnes
2656 4888 2773 4933 nos,
2806 4873 3002 4926 fratres
3033 4871 3160 4935 mei,
3193 4885 3361 4938 appe-

1781 4978 1894 5022 tere
1911 4978 1963 5022 et
1981 4981 2167 5020 amare
2191 4965 2472 5027 debemus,
2498 4975 2555 5018 ιιι
2585 4965 2830 5018 dicamus
2865 4979 2986 5017 cum
3025 4961 3309 5016 Psaltnista
3343 4979 3358 5016 :

1781 5057 2236 5125 Quemadmodum
2271 5058 2534 5110 desiderat
2567 5073 2746 5110 cerrus
2768 5056 2835 5108 ad
2875 5054 3042 5123 fontes
3068 5069 3354 5124 aquarum,

1779 5154 1853 5206 ita
1882 5151 2147 5204 desiderat
2175 5151 2352 5204 attimu
2383 5166 2497 5202 utea
2529 5150 2598 5202 ad
2649 5159 2718 5210 te,
2768 5149 2927 5201 Deus.
2980 5144 3150 5201 Sitivit
3183 5146 3364 5199 anima

1781 5261 1894 5298 mea
1921 5243 1990 5295 ad
2017 5242 2208 5305 Deum,
2251 5241 2437 5308 fortem
2486 5241 2674 5303 cirum,
2707 5242 2916 5309 quando
2943 5239 3143 5292 reuiam
3187 5248 3234 5292 et
3266 5254 3363 5308 ap-

1779 5334 1972 5404 parebo
1997 5345 2122 5386 aute
2155 5334 2346 5402 faciem
2372 5331 2506 5387 Dei?
2533 5329 2775 5386 Fuerunt
2806 5331 2934 5384 mihi
2962 5331 3210 5400 lacrymte
3239 5345 3366 5382 mea:

1737 5449 1740 5454 -
1782 5443 1942 5496 panes
1977 5427 2062 5480 die
2090 5443 2152 5478 ac
2177 5437 2325 5478 nocte
2355 5423 2526 5495 (Psal.
2560 5425 2672 5492 ιχ).
2705 5423 2858 5490 Quod
2906 5424 2948 5477 si
2981 5433 3222 5477 nostrmn
3272 5435 3367 5476 cor

1736 5545 1738 5548 ν
1781 5523 1977 5576 dttrutn
2007 5531 2061 5575 et
2085 5519 2298 5574 aridum
2334 5519 2521 5582 fuerit,
2547 5534 2768 5573 oremus
2791 5518 3046 5572 continue
3089 5516 3156 5570 ad
3181 5513 3367 5569 Domi-

1784 5633 1932 5678 num,
1985 5625 2042 5669 ut
2086 5615 2202 5684 ipse
2254 5629 2351 5683 per
2401 5611 2828 5666 misericordiam
2880 5626 3031 5664 suam
3087 5607 3366 5676 largiatur,

1785 5709 1945 5765 nobis
1999 5709 2226 5762 istarum
2296 5704 2634 5774 geminat-unt
2689 5703 2920 5772 gratiam
2981 5701 3364 5772 lacrytnarunt.
3437 5745 3446 5758 .

1788 5801 1919 5868 Qui,
1960 5801 2061 5855 etsi
2087 5800 2412 5870 quandoque
2434 5797 2648 5851 differat
2675 5811 2778 5850 non
2825 5804 3002 5848 tamen
3029 5808 3244 5862 semper
3273 5807 3370 5845 au-

1815 5893 1954 5951 feret
1978 5910 2007 5948 a
2051 5893 2210 5950 nobis
2232 5889 2662 5954 misericordiam
2687 5885 2972 5954 suam,sed
2997 5885 3152 5948 nobis
3195 5885 3369 5955 tacrys
