3822 6316
522 353 657 407 i835

1444 343 1795 403 AltDEND.\.
1837 372 1908 385 —-
1942 341 2121 401 ΒΑΜ

2231 341 2299 398 ιιι
2338 338 2682 398 ARDENTIS
3598 343 3685 429 188d

517 484 726 523 marum
767 469 1003 538 gratiam
1035 464 1282 522 conferet
1324 463 1707 518 desideratam.
1759 460 1912 529 Quod
1971 461 2109 517 hcue
2139 467 2184 525 Α
2222 459 2388 514 trario
2414 466 2559 513 tanta
2579 458 2683 512 erit
2721 458 3033 529 magnitudo
3069 472 3245 528 pmna!
3275 457 3553 528 gehennalis
3583 460 3617 514 iu
3640 481 3692 533 re.

516 557 855 627 significatur
880 576 974 628 per
999 558 1115 613 Axn
1148 553 1543 623 liliamCalcpb,
1564 567 1683 622 qum
1707 552 1906 608 sedens
1936 566 2101 620 super

518 652 744 713 asinam,
782 661 838 707 et
863 653 930 706 ad
966 666 1224 721 sponsum
1278 664 1432 703 suum
1467 660 1716 716 pergens,
1755 643 1987 715 ploravit
2018 659 2107 698 su-

517 747 730 816 Spirans
770 754 827 800 et
865 746 1048 801 dicens
1092 763 1104 799 :
1158 742 1235 797 Da
1288 740 1416 795 milti
1445 740 1876 802 benedictionem,
1938 751 2104 809 pater.

517 838 815 896 Australem
843 848 891 894 et
914 838 1123 893 aridam
1176 846 1368 888 terram
1408 832 1533 884 milii
1564 831 1795 894 dedisti;
1839 829 1907 883 da
1957 830 2105 895 mihi,

512 948 719 1003 quatso,
764 931 1022 1001 irriguum
1058 926 1318 997 superius,
1360 935 1405 978 et
1450 923 1705 993 irriguum
1750 922 1990 993 inferius.
2041 920 2106 978 Et

522 1026 770 1079 concessit
806 1025 853 1078 ei
883 1034 1029 1092 pater
1057 1020 1240 1089 (Iosue
1265 1020 1374 1087 xv).
1407 1016 1599 1071 Anima
1630 1032 1845 1087 quoque
1895 1026 2109 1082 nostra,

520 1116 647 1171 dum
690 1112 966 1170 cmlestem
1016 1126 1273 1181 sponsum
1310 1120 1490 1164 mente
1537 1108 1669 1180 petit
1712 1110 1905 1164 sedens
1946 1124 2112 1179 super

519 1207 754 1274 asinam,
779 1206 830 1261 id
858 1214 941 1261 est
962 1204 1220 1261 bestiales
1254 1210 1432 1257 motus
1464 1201 1645 1256 carnis
1676 1217 2029 1272 compescens
2057 1210 2120 1257 et

519 1316 728 1370 regens,
759 1300 994 1371 suspiret
1034 1312 1087 1357 et
1126 1301 1315 1359 clamet
1354 1306 1421 1359 ad
1470 1303 1684 1361 Patrem
1717 1305 2017 1370 cmlestem,
2057 1313 2113 1359 et

516 1393 663 1465 dicat
724 1410 737 1446 :
804 1392 879 1448 Da
934 1395 1086 1459 mihi,
1145 1395 1388 1463 Domine,
1461 1400 1891 1455 benedictionem
1942 1410 2108 1472 tuam.

518 1483 917 1540 Nammcnlem
951 1485 1150 1541 siccam
1185 1498 1237 1542 et
1290 1489 1481 1544 duram
1542 1491 1761 1555 dedisti,
1824 1490 1888 1543 da
1954 1488 2109 1556 mihi,

519 1590 721 1646 quarso,
771 1574 1033 1647 irriguum
1066 1579 1340 1648 superius,
1374 1591 1428 1635 et
1472 1580 1737 1653 irriguum
1767 1580 2012 1644 inferius,
2056 1588 2114 1632 tt‘t

521 1668 769 1725 videlicet
796 1681 906 1725 tum
938 1688 1037 1741 pro
1076 1675 1317 1743 peccatis
1356 1677 1513 1740 meis,
1566 1684 1677 1730 tttttt
1710 1693 1809 1746 pro
1841 1677 2113 1732 desiderio

518 1759 708 1831 patriae
731 1760 970 1819 ctelestis
1003 1763 1228 1834 plorem.
1262 1762 1325 1820 Et
1355 1769 1618 1839 benignus
1638 1768 1915 1833 Dominus,
1942 1787 2115 1840 quatt-

520 1850 698 1922 doqtto
723 1861 965 1908 nostram
993 1854 1117 1910 audi
1147 1866 1201 1910 et
1230 1826 1567 1926 petitionem.
1614 1858 1721 1914 llas
1774 1826 1975 1930 itaque,
2006 1863 2113 1916 fra-
2148 1826 2167 1886 ι

521 1950 633 1999 tres
659 1944 786 2012 mei,
818 1944 1086 2015 lacryutas
1113 1960 1334 2004 sanctas
1378 1963 1718 2023 appetamus,
1746 1956 2000 2025 quoniam
2032 1955 2115 2009 lue

521 2035 709 2105 procul
740 2036 904 2093 dubio
931 2049 1321 2096 convertentur
1354 2043 1404 2097 iu
1436 2045 1727 2112 gaudium;
1793 2062 1916 2101 cum
1975 2064 2111 2116 gau-

521 2126 777 2187 debimus
810 2128 877 2186 de
900 2144 1259 2205 peccatorum
1294 2150 1605 2193 nostrorum
1663 2141 1871 2209 integra
1925 2141 2117 2196 remis-

522 2220 693 2291 sione,
738 2236 795 2280 et
838 2225 904 2281 de
945 2227 1182 2283 cmlestis
1226 2232 1417 2300 pati-ite
1478 2235 1904 2299 consecutione,
1958 2238 2115 2306 juxta

522 2316 656 2372 illttd
689 2333 703 2372 :
732 2315 886 2373 Beati
910 2321 1002 2391 qui
1025 2321 1229 2393 lugent,
1273 2326 1525 2396 quoniam
1576 2326 1676 2396 ipsi
1704 2328 2118 2387 consolabuntur

524 2408 740 2479 (Matth.
780 2428 847 2478 v;
880 2411 1009 2470 an.
1038 2420 1137 2486 vt).
1180 2418 1333 2471 Sicut
1359 2435 1389 2473 e
1415 2421 1688 2474 contrario
1722 2421 2117 2478 mundanorum

522 2502 779 2573 gaudium
804 2502 1105 2574 hominum,
1134 2508 1225 2582 qui
1260 2511 1337 2566 sic
1362 2522 1751 2582 prosperantur
1780 2513 1832 2567 in
1859 2514 1967 2569 vita
1996 2531 2117 2582 sua,

523 2593 731 2651 ducunt
768 2592 822 2650 in
852 2595 1009 2653 bonis
1036 2598 1153 2653 dies
1185 2616 1334 2666 suos,
1358 2613 1412 2658 et
1436 2600 1691 2656 lit-tantur
1720 2619 1843 2658 cum
1895 2604 2122 2660 malefe-

523 2687 717 2754 cerint,
736 2690 1045 2745 verteturin
1069 2690 1346 2765 lacrytnas
1364 2697 1752 2768 sempiternas,
1776 2694 1931 2763 juxta
1957 2695 2119 2751 illud:

524 2798 598 2838 ra:
619 2783 710 2854 qui
731 2782 934 2849 ridetis,
958 2787 1206 2857 quoniam
1229 2786 1503 2858 plorabitis
1537 2787 1797 2860 (an.vt).

597 2872 862 2949 Sequitur
887 2895 1016 2950 pars
1037 2890 1256 2950 quarta,
1283 2881 1335 2935 itt
1365 2897 1472 2952 qua
1509 2882 1771 2939 Dominus
1826 2882 1968 2938 dicta
2025 2897 2123 2954 per

524 2966 931 3026 similitudinem
961 2972 1318 3037 demonstrat,
1350 2972 1535 3029 dicens
1564 2993 1578 3027 :
1613 2972 1812 3030 Mulier
1849 2992 1975 3030 cum
2022 2993 2122 3045 pu-

525 3063 616 3127 rit,
640 3062 908 3118 tristitiao:
934 3060 1109 3132 habet,
1141 3066 1263 3136 quia
1286 3066 1420 3122 venit
1445 3069 1577 3123 liora
1610 3067 1746 3138 ejus.
1773 3065 1905 3123 Cum
1949 3083 2123 3123 autem

524 3154 720 3227 peperit
741 3153 935 3226 lilium,
958 3158 1076 3229 jam
1103 3175 1204 3214 non
1229 3162 1462 3214 meminit
1482 3172 1967 3232 pressumpmpter
1992 3179 2124 3233 gau-

527 3250 696 3307 dium.
738 3250 863 3321 quia
888 3262 1041 3306 natus
1065 3263 1141 3307 est
1171 3253 1325 3307 homo
1352 3254 1407 3308 in
1440 3256 1712 3310 mundum.
1744 3254 1855 3310 Hoc
1875 3257 2125 3325 estquod

528 3353 628 3410 per
654 3337 813 3394 aliam
836 3339 1247 3397 similitudinem
1300 3342 1586 3400 l’salmista
1616 3347 1746 3402 dicit
1774 3362 1788 3400 :
1825 3344 1929 3413 Qui
1966 3346 2125 3401 semi-

530 3440 663 3485 nant
691 3432 746 3488 in
771 3431 1041 3505 lacrynu’s,
1066 3436 1119 3489 in
1141 3436 1494 3492 exsultatione
1512 3449 1720 3494 metant.
1753 3436 1953 3493 Euntes
1978 3439 2123 3494 ibant

525 3535 576 3585 et
599 3522 795 3594 ﬂebant
832 3527 1095 3583 mittentes
1123 3530 1325 3583 semina
1350 3547 1469 3585 sua.
1505 3527 1779 3585 Venientes
1814 3543 1990 3586 autem
2034 3548 2125 3587 ve~

532 3616 676 3672 nieut
699 3621 1193 3691 cuntfexsultatione
1215 3633 1483 3692 portantes
1496 3622 1791 3695 manipulos
1804 3641 1925 3678 suos
1950 3622 2125 3694 (Psal.

531 3713 720 3781 cxsv).
752 3706 924 3768 Porro
955 3712 1347 3769 convenienter
1373 3725 1655 3785 comparat
1707 3716 1967 3771 Dominus
2011 3716 2129 3771 ani-

533 3820 677 3859 matn
705 3802 835 3873 justi
869 3804 1083 3861 mulieri
1122 3805 1442 3879 praegnanti.
1478 3804 1614 3860 Nam
1671 3807 1811 3863 sicut
1840 3807 2032 3863 mulier
2060 3823 2127 3863 ex

533 3897 816 3970 contplent
846 3896 946 3955 viri
997 3899 1236 3971 concipit
1294 3899 1442 3956 intus
1490 3916 1741 3971 puerutn,
1800 3902 1873 3959 ita
1926 3900 2127 3967 animo,

533 4000 631 4059 per
652 3988 881 4060 gratiam
914 3992 1089 4048 sancti
1125 3991 1380 4063 Spiritus,
1412 3993 1647 4065 concipit
1688 3994 1740 4048 iu
1774 4003 1979 4057 mente,
2033 4008 2131 4064 per

536 4079 718 4144 fidem,
778 4097 967 4152 spem,
1025 4091 1083 4137 et
1128 4082 1504 4150 cltaritateut,
1561 4085 1869 4140 ncrccdrm
1926 4083 2136 4141 fructus

536 4171 759 4229 mterni.
806 4172 1437 4247 Convenienterqnoque
1485 4186 1764 4247 comparat
1791 4175 2028 4232 laborem
2078 4186 2135 4232 et

537 4264 776 4320 dolorem
824 4265 980 4336 justi,
1033 4265 1086 4323 iu
1138 4268 1240 4325 hac
1277 4268 1421 4341 vita},
1461 4269 1705 4325 mulieris
1751 4272 2128 4341 parturitionl.

537 4356 672 4413 Nam
701 4358 840 4414 sicut
870 4360 1061 4417 mulier
1109 4376 1205 4432 spe
1264 4362 1356 4416 filii
1390 4363 1649 4418 nascituri
1688 4364 1928 4418 dolorem
1970 4365 2135 4420 susti-

541 4464 630 4509 net
655 4454 944 4526 patieutcr,
973 4456 1046 4511 ita
1069 4450 1249 4523 justus
1272 4456 1511 4513 laborem
1543 4465 1597 4509 et
1631 4457 1962 4515 anxietatem
1990 4470 2131 4515 tent-

2210 550 2414 621 probis,
2433 551 2577 621 quod
2604 550 2765 606 fat-iet
2790 546 3147 606 cosoblivisri
3172 553 3422 619 gaudium
3440 562 3600 609 ft'lt‘l‘tlit:
3617 573 3692 627 pto-

2210 644 2510 713 spcritatis,
2545 654 2603 698 ttt
2632 644 2838 700 scilicet
2870 647 2921 700 in
2954 649 3372 716 comparatione
3397 659 3574 703 (PlCI'IHI‘
3589 668 3693 719 puta

2211 738 2554 809 prosperitas
2591 740 2904 809 temporalis
2933 749 3197 807 tauquam
3227 740 3408 794 lntnus
3441 741 3571 795 fuisse
3586 743 3695 798 vile:-

2215 843 2320 896 tttr,
2352 832 2436 885 vel
2469 848 2711 887 somnus.
2747 831 2952 888 Deinde
2976 834 3240 888 Dominus
3261 834 3513 903 adoptans
3535 834 3698 892 similitu-

2212 927 2393 982 dinem
2447 927 2779 998 praemissam
2829 929 3109 1000 subjnugit
3142 947 3155 983 :
3187 928 3255 983 Et
3295 944 3386 982 ros
3427 929 3589 998 quidem
3617 947 3700 985 nunc

2213 1022 2483 1075 tristitiam
2513 1021 2739 1088 habetis,
2771 1020 3034 1076 subaudis
3079 1025 3147 1076 de
3190 1036 3315 1076 meo
3348 1036 3556 1088 recessu,
3583 1023 3704 1077 itaita

2214 1115 2591 1169 antetnvitlebo
2619 1132 2726 1181 ros,
2766 1126 2889 1184 post
2933 1116 3419 1179 resurrectionem,
3471 1125 3507 1168 et
3545 1118 3706 1187 gaudent

2215 1223 2307 1260 car
2336 1221 2578 1271 restrain,
2612 1219 2658 1262 et
2684 1210 2937 1279 gaudium
2960 1219 3186 1263 vestrum
3226 1224 3380 1262 nemo
3425 1206 3541 1262 tollet
3566 1211 3708 1265 atatis.

2216 1297 2324 1354 Nos
2353 1316 2569 1370 quoque
2602 1298 2799 1354 fratres
2827 1298 2957 1364 mei,
3015 1300 3145 1353 duttt
3180 1299 3234 1353 itt
3272 1300 3376 1354 hoc
3405 1299 3566 1351 sta-culo
3598 1310 3709 1353 tctus-

2217 1407 2340 1446 ntttt'
2370 1403 2421 1446 et
2445 1390 2754 1464 alIl‘gitnur,
2784 1393 2936 1464 quasi
2977 1392 3205 1448 Domino
3238 1406 3341 1445 tios
3393 1389 3495 1445 deri
3510 1390 3712 1460 linquente,

2219 1486 2493 1539 tristitiam
2528 1485 2788 1541 habemus
2809 1527 2822 1548 ,
2856 1488 2948 1539 sed
2994 1485 3041 1539 si
3070 1484 3304 1540 adversa
3338 1483 3713 1553 a‘qnanintitcrto-

2219 1571 2534 1643 loravimus,
2588 1588 2644 1630 et
2695 1576 2747 1629 itt
2796 1574 3075 1630 tristitiam
3128 1576 3340 1646 gratias
3378 1568 3480 1629 Deo
3515 1575 3713 1645 egerimus,

2219 1666 2417 1721 iterum
2447 1677 2566 1737 post
2591 1668 2901 1738 generalem
2960 1662 3427 1724 resurrectionem
3469 1668 3714 1743 vitlrltituos,

2218 1769 2272 1813 et
2315 1775 2343 1811 a
2389 1759 2546 1813 nobis
2587 1760 2859 1815 videbitur
2905 1758 3043 1816 facie
3084 1762 3152 1813 atl
3207 1752 3653 1825 t‘acientlknuinus;
3683 1773 3717 1817 et

2218 1852 2475 1923 gaudebit
2511 1869 2609 1920 cor
2641 1865 2906 1920 uestrum,
2950 1865 3005 1908 ct
3067 1852 3329 1926 gaudium
3382 1867 3590 1907 nosmun
3618 1870 3718 1911 uento

2222 1945 2373 2000 tollet
2402 1962 2431 2000 a
2467 1946 2645 2001 nobis.
2673 1944 2827 2015 Quod
2866 1946 3023 2002 nobis
3070 1958 3339 2018 praestare
3384 1947 3714 2019 digneturquiitt

2221 2036 2491 2095 Triuitate
2531 2037 2773 2113 perfecta
2801 2040 2929 2094 vivit
2957 2049 3010 2095 et
3045 2049 3240 2111 regnat
3270 2040 3433 2094 Deus.
3458 2044 3611 2095 Amen.

2806 2130 3089 2191 ltOMlLtA
3125 2132 3240 2189 ιχ.
3689 2117 3694 2122 ’

2538 2241 2793 2281 ΒΟΜΙΧΙΕΑ
2833 2237 3074 2289 QUABTA,
3117 2241 3253 2280 POST
3292 2240 3513 2281 υςειιι.

2296 2316 2465 2374 Omne
2504 2318 2685 2372 (latum
2725 2322 2999 2389 optimum,
3029 2331 3078 2373 et
3124 2336 3281 2373 autne
3311 2320 3504 2372 donum
3530 2303 3723 2389 perfectae
3798 2314 3799 2331 ¹

2222 2410 2498 2468 desursum
2525 2422 2624 2479 est,
2654 2414 2971 2466 descendens
3009 2430 3040 2465 a
3080 2409 3243 2466 Patre
3274 2412 3526 2465 quenum
3556 2413 3723 2483 (luat),

2222 2517 2329 2562 etc.
2365 2506 2606 2573 Quatuor
2640 2504 2791 2570 facit,
2823 2504 3023 2559 fratres
3055 2505 3183 2569 mei,
3221 2504 3276 2557 in
3305 2504 3409 2558 hac
3441 2504 3626 2557 lectione
3641 2521 3725 2571 am-

2225 2600 2439 2651 smlus:
2480 2595 2664 2651 Primo
2705 2596 2850 2653 enim
2877 2592 3010 2648 dicit
3043 2610 3207 2649 outue
3247 2594 3445 2647 bonum
3484 2612 3509 2646 a
3539 2593 3724 2647 Decesse.
3798 2582 3799 2591 “

2227 2687 2480 2743 Secundo
2503 2687 2740 2741 ostendit
2780 2686 2989 2741 nullutn
3027 2685 3228 2739 malum
3272 2702 3302 2739 a
3335 2684 3441 2739 Deo
3469 2700 3586 2740 esse.
3607 2685 3729 2741 Tettio

2225 2780 2466 2836 ostendit
2505 2779 2648 2850 quod
2693 2779 2831 2833 bona
2873 2779 2967 2833 dat
3007 2774 3149 2833 Deus
3180 2772 3375 2847 gratis.
3410 2776 3725 2844 Quartomenct

2225 2887 2325 2926 nos
2354 2880 2411 2925 ut
2434 2881 2709 2926 sectemur
2736 2871 2901 2937 bona,
2938 2880 2994 2926 ct
3024 2868 3304 2939 fugiamus
3332 2871 3487 2922 mala.
3518 2868 3730 2924 Ostentum
3798 2932 3799 2943 χ

2229 2965 2392 3035 igitur
2429 2964 2606 3035 primo
2642 2975 2805 3019 omne
2855 2964 3056 3017 bonum
3100 2977 3130 3016 a
3175 2962 3291 3015 Deo
3333 2977 3473 3027 esse,
3513 2961 3731 3015 aitz0atu

2227 3058 2412 3113 datum
2441 3058 2718 3129 optimum,
2751 3065 2857 3112 etc.
2894 3055 3034 3111 Sttttt
3061 3064 3272 3120 autem,
3307 3050 3499 3109 fratres
3527 3054 3617 3115 uici,
3638 3069 3733 3121 qua-

2231 3158 2354 3209 tuor
2372 3150 2581 3220 species
2606 3151 2894 3205 honorum.
2927 3147 3061 3202 Nam
3088 3146 3378 3208 bonorum,
3401 3146 3498 3201 alia
3526 3157 3735 3201 suttttrta-
3798 3166 3799 3219 ι

2232 3243 2459 3316 poralia,
2488 3241 2592 3296 alia
2621 3240 2916 3299 naturalia.
2942 3239 3047 3295 alia
3073 3242 3175 3310 spit
3194 3240 3410 3302 itualia,
3431 3239 3525 3293 alia
3546 3237 3735 3291 C(I‘Jesllt.

2229 3332 2576 3403 Tetnporalia
2608 3331 2747 3388 bona
2782 3342 2929 3396 sunt,
2957 3348 3079 3401 qua:
3116 3346 3145 3385 a
3184 3332 3344 3386 nolus
3381 3330 3598 3385 exterius
3619 3324 3738 3398 μοξεέι

2228 3428 2448 3492 dentur,
2480 3436 2537 3480 ut
2563 3440 2650 3480 res
2675 3434 2729 3481 et
2753 3426 3152 3496 possessiones,
3185 3425 3411 3487 diviti'n,
3445 3430 3735 3494 potestatem

2230 3516 2487 3576 honores.
2526 3517 2590 3572 Et
2621 3517 2735 3573 lucc
2775 3517 2995 3587 quidem
3036 3517 3090 3572 in
3129 3528 3323 3572 natura
3366 3532 3456 3571 sua
3491 3517 3607 3597 bona
3644 3522 3741 3573 sttui.

2230 3611 2485 3682 quoniam
2512 3627 2542 3665 a
2580 3610 2722 3666 bono
2767 3622 3015 3664 creatore
3058 3619 3244 3663 creata
3277 3617 3421 3663 sunt.
3460 3606 3593 3676 juxta
3617 3602 3741 3657 illud:

2245 3699 2383 3757 Vidit
2432 3702 2571 3757 Dens
2615 3712 2800 3756 cuncta
2846 3716 2965 3772 qute
2995 3700 3214 3769 fecerat,
3246 3712 3294 3755 et
3326 3707 3469 3754 erant
3502 3696 3629 3752 ralde
3653 3694 3744 3746 ista

2234 3790 2390 3867 (Cen.
2425 3795 2486 3866 t).
2515 3790 2640 3850 lltec
2662 3803 2844 3849 autem
2872 3793 3010 3849 bene
3032 3791 3315 3848 utentibus
3344 3790 3422 3846 eis
3447 3789 3639 3846 materia
3663 3797 3745 3839 stat

2233 3890 2374 3947 bene
2418 3890 2633 3960 agendi,
2685 3898 2743 3945 et
2796 3888 2936 3943 male
2984 3890 3266 3943 utentibus
3310 3887 3389 3941 eis
3435 3885 3621 3940 occasio
3653 3880 3749 3934 taste
3798 3880 3799 3951 Τ

2236 3985 2464 4058 agetnli;
2507 3987 2622 4041 haec
2662 3984 2807 4040 enim
2850 3993 3061 4039 tantum
3113 3983 3294 4037 valent.
3337 3981 3466 4035 bona
3502 3974 3749 4048 temporalia

2237 4079 2446 4151 iniquo,
2472 4079 2616 4150 quod
2644 4076 2855 4149 gladius
2879 4076 3197 4131 furibundo,
3226 4071 3490 4127 Naturalia
3517 4085 3626 4121 γεω
3650 4068 3751 4118 bona

2236 4185 2383 4242 sunt,
2426 4189 2546 4244 qua:
2594 4172 2735 4229 Deus
2776 4168 2989 4227 confert
3027 4185 3056 4223 a
3081 4169 3361 4224 creatione
3408 4166 3678 4231 unicuique.
3717 4168 3753 4209 si

2237 4269 2380 4325 bona
2409 4267 2605 4322 anima:
2626 4277 2681 4322 et
2707 4267 2844 4322 bona
2871 4263 3135 4334 corporis.
3165 4261 3313 4316 Bona
3339 4261 3539 4322 animus,
3565 4267 3611 4309 ut
3634 4252 3753 4311 ratio,

2240 4362 2499 4418 memoria
2541 4370 2598 4415 et
2649 4358 3012 4431 providentia.
3068 4355 3214 4410 Bona
3253 4353 3485 4424 corporis
3524 4359 3578 4403 ut
3607 4348 3753 4402 forata.

2240 4453 2521 4521 fortitudo,
2570 4452 2870 4514 velocitas,
2919 4459 2975 4505 et
3018 4449 3357 4520 huiusmodi;
3413 4460 3522 4518 qttre
3565 4439 3683 4495 simil
3702 4446 3756 4489 let

540 4551 777 4620 poraletu
807 4565 902 4620 spe
923 4561 1141 4609 attenta:
1177 4553 1512 4610 hmrcditatis
1560 4558 1791 4612 sustinet
1836 4556 2127 4627 patienter.
2163 4567 2213 4629 ι)
2241 4563 2362 4603 cum
2391 4547 2444 4602 itt
2474 4545 2555 4601 sui
2589 4555 2781 4599 natura
2815 4543 2954 4599 bona
2996 4540 3129 4606 sint,
3160 4550 3337 4594 tamen
3374 4539 3502 4591 male
3538 4531 3756 4629 utendas;

542 4644 1130 4701 Convenieuterctiam
1170 4658 1452 4717 comparat
1497 4647 1892 4719 susceptionem
1938 4646 2131 4705 mterni

542 4740 746 4808 pratmii
772 4740 1109 4809 susceptioni
1148 4740 1262 4796 uati
1296 4741 1412 4805 lilii,
1444 4741 1700 4811 quoniam
1735 4742 1873 4797 sicut
1902 4744 2135 4799 nonnisi

543 4848 638 4902 per
684 4834 1101 4903 parturitiouem
1158 4834 1455 4903 suscipitur
1486 4834 1665 4901 proles
1692 4846 2024 4903 expectata,
2062 4836 2135 4891 ita

544 4941 650 4980 non
683 4925 785 4981 nisi
814 4942 911 4995 per
945 4927 1261 4996 patientiam
1307 4923 1511 4980 laboris
1564 4927 1898 4995 temporalis,
1928 4943 2136 4984 merces

544 5017 870 5074 desiderata.
896 5019 1050 5085 Quod
1080 5026 1269 5073 contra
1325 5016 1446 5071 illos
1491 5027 1578 5073 est
1613 5019 1703 5087 qui
1737 5034 1832 5088 per
1867 5029 2138 5091 tempora-

546 5110 651 5165 lem
702 5112 1115 5181 prosperitatem
1172 5111 1238 5163 ad
1282 5118 1542 5164 mteruam
1588 5112 1819 5181 patriam
1853 5128 1912 5167 se
1945 5121 2139 5182 putant

545 5219 703 5274 posse
757 5202 1057 5272 pervenire.
1116 5200 1272 5257 Sicut
1309 5212 1489 5257 autem
1548 5202 1805 5273 gaudium
1842 5205 1909 5258 de
1968 5218 2138 5275 puero

549 5306 679 5350 nuto
711 5294 1117 5351 facitoblivisci
1165 5295 1403 5351 dolorem
1442 5297 1840 5368 parturitiouis,
1883 5298 1956 5351 ita
2007 5314 2138 5368 guno

549 5386 697 5440 dium
755 5394 972 5442 attenta:
1015 5386 1369 5443 beatitudinis
1426 5386 1557 5443 facit
1599 5387 1843 5443 obliviscr
1900 5388 2136 5443 laborem

554 5479 869 5549 temporalis
897 5478 1281 5542 tribulationis,
1329 5490 1386 5534 ut
1417 5479 1469 5535 itt
1513 5480 1921 5550 comparatione
1957 5481 2139 5552 gaudii

552 5575 764 5641 artcrui,
806 5572 958 5630 labor
995 5575 1328 5646 temporalis,
1361 5575 1451 5644 qtti
1503 5573 1798 5642 praecessit,
1829 5572 2007 5628 nullus
2060 5572 2141 5627 vi-

552 5671 764 5735 deatur,
785 5675 936 5739 juxta
959 5670 1086 5725 illud
1111 5672 1355 5742 Apostoli
1389 5688 1403 5725 :
1438 5669 1699 5726 Existimo
1716 5672 1853 5725 enim
1874 5671 2012 5742 quod
2036 5686 2141 5741 non

553 5769 969 5838 suntcondignat
1013 5769 1283 5837 passiones
1308 5767 1468 5836 hujus
1512 5767 1758 5835 temporis
1786 5767 1855 5820 ad
1902 5766 2141 5835 futuram

548 5863 775 5932 giarium
802 5876 919 5931 qua
941 5863 1254 5919 revelabitur
1289 5863 1345 5919 in
1386 5861 1533 5919 nobis
1547 5857 1729 5931 (Rom.
1760 5858 1897 5929 vm).
1936 5859 1978 5912 Ε
2006 5874 2140 5911 ron-

2240 4642 2348 4697 illis
2378 4648 2508 4696 sunt
2534 4639 2700 4706 mala,
2730 4639 2873 4693 sicut
2901 4638 3038 4692 bene
3064 4634 3341 4689 tuentibus
3364 4642 3477 4687 sunt
3504 4630 3649 4682 beata.

2240 4738 2454 4796 ritualia
2491 4736 2787 4793 verobona
2824 4741 2970 4790 sunt.
3004 4742 3061 4788 ut
3095 4729 3253 4795 fides,
3282 4744 3419 4799 spes,
3441 4724 3677 4781 charitaﬁ.
3698 4730 3754 4769 ἑτι·

2240 4830 2467 4902 pientia,
2505 4828 2741 4899 jnstitia,
2798 4824 3080 4889 fortitudo,
3127 4821 3469 4893 temperantia
3512 4827 3564 4872 et
3600 4820 3755 4868 calet!

2241 4926 2488 4987 virtutes,
2528 4930 2836 4991 certet-aque
2867 4918 3107 4988 Spiritus
3134 4917 3308 4973 sancti
3350 4914 3501 4975 dona,
3539 4924 3649 4980 qua:
3671 4918 3755 4969 ἕπτ’·

2243 5020 2380 5074 tttita
2421 5017 2585 5082 dona,
2621 5017 2737 5069 sive
2768 5012 2977 5083 gratias,
3011 5011 3269 5064 dicuntur
3297 5024 3388 5079 per
3421 4999 3755 5061 audientiam:

2242 5112 2498 5183 quoniam
2530 5119 2714 5179 gratos
2742 5107 2988 5163 homines
3015 5116 3065 5160 et
3095 5105 3266 5161 bonos
3293 5102 3537 5159 cilicium,
3563 5106 3613 5149 et
3631 5107 3659 5146 a
3682 5104 3758 5143 uu-

2242 5205 2309 5261 lis
2340 5220 2439 5259 nec
2476 5201 2663 5256 haberi
2710 5215 2809 5255 nec
2855 5198 3104 5269 usurpari
3134 5205 3374 5268 possunt.
3403 5187 3639 5247 Cuslcstia
3669 5192 3756 5233 τεῖῑ

2242 5297 2385 5354 bona
2426 5304 2570 5360 sunt,
2614 5292 3022 5357 inmortalitas,
3070 5289 3476 5360 intpassibilitas,
3523 5292 3576 5338 ct
3613 5284 3757 5334 αὕτη

2244 5393 2407 5456 bona,
2435 5404 2554 5459 qua:
2590 5389 2644 5442 in
2685 5386 3081 5441 resurrectione
3128 5382 3311 5438 electis
3355 5376 3688 5433 conferentur.
3712 5364 3756 5416 lle

2244 5483 2442 5555 quibus
2470 5480 2670 5536 dicitur
2705 5469 2962 5548 quoniam
3005 5494 3103 5532 nec
3150 5476 3329 5529 oculus
3366 5470 3501 5533 vidit,
3534 5480 3621 5519 nec
3655 5474 3754 5510 εεω

2244 5579 2469 5642 audivit,
2501 5594 2591 5630 nec
2624 5577 2679 5629 in
2716 5592 2807 5629 cor
2843 5574 3069 5627 ltomiuis
3108 5568 3335 5625 ascendit
3364 5580 3466 5638 qua:
3498 5559 3753 5630 prerem;

2249 5673 2388 5727 Dens
2415 5670 2750 5741 diligentibus
2773 5686 2826 5723 se
2856 5668 2909 5737 (1
2951 5666 3078 5721 Car.
3122 5666 3206 5735 ιι).
3239 5664 3369 5717 Sunt
3396 5658 3553 5727 igitur
3582 5653 3748 5704 ismm‘

2248 5778 2483 5836 quatuor
2503 5780 2703 5835 genera
2738 5765 3033 5827 honorum;
3070 5763 3175 5817 duo
3211 5761 3369 5830 prima
3398 5768 3500 5810 tam
3539 5753 3743 5805 bonum

2248 5876 2409 5929 una»:
2446 5858 2713 5913 maiorum
2741 5856 3077 5914 communia.
3107 5854 3304 5910 relicua
3327 5865 3439 5935 vero
3456 5847 3560 5902 duo
3588 5846 3742 5894 tsi-tiim
