3822 6316
144 349 269 412 1885

836 330 1150 390 ΠΟΜΙΙΛᾸί
1176 329 1244 388 IN
1283 330 1501 386 EPIST.
1535 328 1622 384 ΕΤ
1671 327 1712 382 Ε

1833 324 1934 382 \‘G.
1973 319 2272 379 DOMI‘NIC.
2301 348 2372 360 -——
2409 313 2587 372 PARS
2625 312 2666 368 l.

3273 309 3409 367 1880

143 474 387 529 bonorum
419 461 561 521 sunt,
597 462 652 508 et
692 452 810 508 ideo
844 451 1014 520 magis
1055 447 1375 520 appetenda.
1428 447 1519 499 Est
1561 444 1704 497 enim
1743 447 1786 502 Α
1818 441 1923 495 tum
1961 438 2094 510 (Isti.
2137 441 2288 507 xcv).
2329 435 2503 490 Vitam
2546 432 2707 486 ctiam
2739 431 3090 501 rcprohorutn
3125 428 3385 481 obmubra

147 571 340 622 tamtum
374 549 687 621 temporale,
727 548 909 600 datum
949 545 1168 610 hotuun,
1221 541 1314 596 sed
1351 538 1597 595 naturale
1628 544 1712 590 est

138 657 351 716 lmelins;
391 645 664 717 spirituale
709 658 834 696 vrro
867 651 952 697 est
991 641 1274 709 optiuuuu.
1310 635 1544 692 lecsm
1586 647 1711 686 vero

143 751 328 805 donum
353 749 435 795 est
460 735 754 808 perfectum
774 733 992 786 donum.
1017 730 1083 784 Et
1111 740 1288 784 tamen
1316 742 1474 780 omne
1496 723 1708 786 datum,

144 840 249 895 sive
289 835 509 892 bonum,
557 828 671 882 sive
719 825 928 892 melius,
981 824 1096 877 sive
1142 819 1428 892 Optimum,
1457 829 1510 872 ct
1549 809 1712 872 etiam

143 944 293 988 omne
316 926 514 980 donum
558 905 852 992 pcrfccnnn
896 918 1176 972 desursum
1209 924 1312 970 est.
1349 914 1555 982 Itaque.
1600 913 1711 964 fra-

146 1037 249 1080 tres
263 1019 560 1084 utei,nemo
585 1028 645 1068 se
667 1012 1098 1081 decipiat,ncmo
1129 1006 1325 1061 bouum
1355 1006 1497 1074 quod
1531 1003 1713 1067 habet,

143 1119 236 1174 sibi
276 1113 550 1168 attribuat.
584 1121 740 1162 nemo
779 1106 892 1160 suis
929 1104 1156 1169 virilms,
1201 1116 1360 1157 nemo
1399 1115 1510 1154 sam
1560 1099 1718 1152 indu-

107 1260 110 1270 ,
146 1210 306 1272 stria',
337 1219 494 1259 nemo
531 1216 628 1256 suo
671 1200 868 1266 labori,
898 1199 1097 1254 bonum
1131 1195 1272 1264 quod
1305 1192 1466 1248 habet
1499 1192 1599 1247 sibi
1632 1207 1718 1254 as-

146 1303 328 1362 cribat,
353 1297 447 1354 sed
489 1309 708 1352 summo
735 1303 788 1347 et
812 1301 1016 1346 interno
1047 1290 1214 1355 Patri,
1244 1303 1272 1341 a
1302 1302 1406 1360 quo
1428 1300 1588 1340 onme
1619 1284 1717 1338 bo-

100 1446 102 1448 ,
147 1409 264 1449 num
297 1387 590 1448 dest-endit,
615 1383 822 1457 gratias
848 1393 990 1455 agat.
1016 1381 1337 1451 'l‘emporale
1367 1395 1493 1434 vero
1517 1365 1717 1431 bonum

103 1539 107 1544 .
143 1495 197 1541 et
231 1481 496 1546 naturale,
535 1480 665 1549 quia
707 1478 1013 1532 conuuunla
1043 1483 1192 1535 sunt.
1225 1474 1390 1528 etiam
1429 1471 1716 1533 malorum,

144 1587 301 1645 parva
327 1577 552 1638 reputet.
582 1567 874 1636 Spirituale
899 1582 1024 1620 vero
1049 1575 1103 1619 et
1130 1563 1351 1618 cmleste
1377 1561 1574 1616 bonum
1600 1559 1720 1613 nisu
1769 1626 1772 1627 ν

97 1711 104 1722 ..
147 1674 251 1718 toto
297 1661 580 1732 acquirere
630 1659 873 1718 desudct.
923 1665 978 1712 et
1028 1652 1338 1718 desideriis,
1382 1650 1630 1722 precibus
1668 1657 1723 1703 et

145 1752 390 1823 suspiriis
422 1767 487 1806 ea
515 1767 546 1804 a
579 1749 786 1804 coelesti
821 1749 978 1803 Patre
1021 1744 1275 1819 postulet,
1314 1743 1403 1811 qui
1437 1753 1521 1796 est
1558 1741 1722 1795 Pater

145 1847 406 1902 luminum
451 1844 720 1906 omnium,
760 1842 898 1916 sive.
922 1839 1057 1893 luris
1095 1835 1430 1907 temporalis.
1465 1849 1623 1902 quam
1667 1832 1724 1886 in

146 1936 407 2008 principio
461 1935 531 1990 ad
579 1933 990 1989 illuminandum
1037 1932 1294 1986 mundum
1347 1929 1574 1993 creavit,
1611 1925 1724 1981 sive

149 2029 479 2102 spiritualis,
543 2044 648 2098 qua
701 2028 846 2081 intus
900 2034 1212 2096 peccatores
1262 2021 1558 2096 illuminat,
1612 2019 1724 2074 sive

145 2134 348 2179 etetnae
377 2137 542 2192 quant
571 2121 624 2175 in
649 2118 892 2188 empireo
915 2115 1055 2172 coelo
1075 2114 1279 2184 angelis
1311 2122 1366 2168 ct
1389 2112 1579 2167 electis
1606 2113 1725 2166 Suis

145 2214 484 2286 pra'paravit.
509 2211 576 2267 Et
599 2209 946 2282 temporalem
973 2207 1190 2278 quidem
1218 2205 1388 2260 lucem
1423 2203 1513 2258 dat
1546 2203 1611 2257 ad
1637 2218 1725 2257 so-

143 2310 352 2373 latium,
388 2304 730 2377 spiritualem
772 2301 841 2357 ad
890 2301 1165 2364 meritum,
1211 2308 1471 2353 aeternam
1510 2295 1721 2374 vero_iu

143 2402 439 2473 praemium.
473 2397 726 2465 Proinde,
747 2396 945 2450 fratres
975 2393 1106 2460 mei,
1129 2407 1228 2448 nos
1250 2391 1340 2462 qui
1373 2389 1722 2459 temporalem

147 2495 312 2550 lucem
333 2494 604 2554 videmus.
635 2491 710 2544 ita
737 2507 804 2546 ea
847 2499 1089 2556 utamur,
1131 2497 1190 2540 ιιι
1215 2501 1309 2557 per
1341 2499 1457 2539 eam
1478 2485 1544 2538 ad
1568 2494 1726 2538 (uter-

136 2603 254 2647 uatn
281 2587 591 2643 veniamus.
622 2583 724 2652 Qui
756 2597 883 2638 vero
923 2579 1276 2652 temporalem
1309 2577 1480 2632 lucem
1510 2592 1616 2632 non
1647 2575 1724 2630 vi-

135 2681 292 2745 detis,
323 2694 436 2735 non
465 2693 632 2745 grave
669 2674 881 2739 feratis,
915 2673 961 2729 si
1011 2688 1073 2728 ca
1115 2671 1232 2726 luce
1277 2670 1531 2734 carentis,
1561 2685 1723 2739 quam

135 2773 327 2846 periuri
349 2781 416 2827 et
443 2770 712 2837 inﬁdeles,
739 2777 1020 2838 serpentes
1046 2775 1101 2821 et
1126 2765 1354 2820 butones
1367 2764 1586 2820 habent.
1605 2761 1722 2832 Spi-

137 2863 387 2920 ritualem
426 2878 554 2919 vero
584 2861 760 2920 lucem
790 2873 982 2914 omnes
1019 2855 1220 2911 habere
1246 2855 1590 2921 Studeamus,
1629 2867 1726 2923 per

133 2971 290 3026 quant
317 2954 398 3008 ad
434 2965 716 3016 teternam,
755 2950 808 3005 in
844 2963 952 3020 qua
1000 2947 1142 3004 Deus
1185 2946 1482 3014 videbitur,
1529 2959 1723 3018 perve~

133 3049 248 3104 nire
279 3061 527 3104 utereatn
535 3063 620 3101 ur.

198 3142 464 3214 Sequitur
478 3156 604 3211 pars
621 3138 877 3200 secunda.
899 3138 952 3193 itt
977 3150 1085 3208 qua
1103 3105 1406 3192 ostenditur
1421 3133 1564 3204 quod
1580 3132 1719 3187 mala
1749 3163 1794 3226 Ο

132 3256 193 3296 ex
222 3240 334 3296 Deo
367 3255 476 3294 non
505 3247 654 3303 sunt,
687 3252 808 3292 cum
837 3234 1128 3292 subditur:
1158 3233 1311 3303 Apud
1336 3249 1486 3305 quem
1523 3249 1625 3286 non
1646 3239 1726 3286 est

131 3329 544 3391 transmutatio,
585 3342 677 3380 nec
731 3324 1105 3380 vicissitudinis
1164 3323 1512 3377 obuntbratio.
1565 3320 1722 3388 Ideo,

132 3420 328 3478 fratres
385 3420 515 3482 mei,
569 3433 677 3472 non
703 3424 787 3473 est
836 3415 1235 3480 transmutatio,
1289 3413 1542 3483 quoniam
1580 3412 1725 3467 nulla

133 3514 442 3568 mutatione
457 3512 720 3567 variatur.
734 3507 920 3579 Neque
942 3509 1085 3563 enim
1109 3522 1202 3577 per
1213 3506 1616 3577 generationem
1643 3505 1725 3560 vel

131 3605 539 3676 corruptionem
589 3611 849 3664 mutatur,
889 3598 980 3668 qui
1021 3597 1288 3666 principio
1317 3606 1466 3650 caret
1499 3606 1552 3650 et
1584 3595 1719 3660 ﬁne;

131 3711 302 3768 neque
336 3711 442 3767 per
464 3702 811 3764 augmentum
839 3689 922 3744 vel
952 3688 1393 3750 diminutionem,
1426 3689 1516 3758 qui
1550 3685 1725 3756 major

133 3791 213 3846 vel
243 3791 430 3844 minor
457 3802 579 3843 esse
615 3801 720 3840 non
769 3791 974 3854 potest,
1005 3794 1182 3850 neque
1219 3797 1314 3851 per
1344 3781 1722 3835 alterationem

133 3885 216 3938 vel
249 3883 356 3939 loci
397 3880 778 3944 mutationem,
817 3877 908 3945 qui
945 3873 1280 3930 invariabilis
1321 3882 1376 3926 et
1427 3856 1724 3926 immensus

130 3985 233 4032 est.
257 3975 414 4032 Unde
440 3981 497 4026 et
515 3972 580 4025 ad
608 3985 732 4024 eum
761 3984 856 4039 per
877 3967 1165 4036 quemdam
1192 3965 1492 4034 sapientem
1518 3963 1720 4018 dictum

129 4075 213 4121 est
243 4081 260 4121 :
295 4083 317 4117 ι
358 4063 618 4118 Mundam
653 4073 880 4116 movens
905 4072 1015 4112 non
1043 4056 1298 4121 moveris,
1326 4055 1500 4110 locum
1535 4065 1723 4108 tenens

131 4170 240 4213 non
275 4155 514 4218 teneris;
541 4165 754 4221 tempus
784 4161 1004 4206 mutans
1033 4164 1136 4204 non
1163 4148 1428 4211 mutaris;
1466 4161 1598 4215 vaga
1628 4147 1722 4198 lir-

133 4263 294 4304 tuans
317 4263 426 4303 non
461 4247 699 4317 rogaris.
732 4263 752 4296 ι
779 4244 883 4299 Sed
913 4243 990 4298 ita
1022 4249 1304 4296 creaturas
1327 4239 1438 4310 ipse
1468 4240 1723 4294 immuta-

133 4343 258 4396 bilis
313 4349 517 4406 mutat,
557 4355 660 4394 nou
713 4346 890 4392 tamen
941 4351 1036 4390 eas
1078 4341 1426 4396 transmutat,
1469 4332 1723 4401 quoniam

131 4445 286 4493 trans
325 4436 634 4492 naturalem
663 4433 962 4489 bonitatem
989 4447 1084 4486 eas
1126 4445 1221 4500 per
1251 4428 1437 4482 vitium
1479 4444 1586 4483 non
1627 4427 1722 4480 de-

130 4542 354 4603 pravat,
385 4534 528 4602 quod
553 4530 794 4598 apertius
821 4528 1271 4599 exponitttr,cum
1297 4522 1582 4578 subditur:
1612 4517 1722 4573 Nec
1756 4526 1804 4586 ι)

127 4624 518 4678 ricissitudinis
539 4622 886 4684 obumbratio,
913 4622 963 4673 id
988 4628 1070 4673 est
1095 4633 1195 4672 nec
1225 4615 1459 4670 tenebrae
1486 4610 1722 4666 vicissim

129 4721 550 4775 olmmhrantes.
581 4718 645 4772 Ut
677 4719 821 4772 enim
848 4715 1090 4771 Joannes
1117 4713 1194 4767 ait
1223 4729 1238 4764 :
1267 4709 1405 4763 Deus
1429 4709 1522 4761 lux
1553 4715 1648 4770 est,
1675 4715 1722 4758 et

127 4812 366 4866 tenebit?
394 4816 542 4866 tneo
586 4825 687 4863 non
717 4819 835 4862 sunt
881 4806 1007 4862 ulla:
1056 4805 1105 4878 (Ι
1134 4804 1292 4858 Joau.
1351 4802 1414 4870 t).
1450 4800 1725 4853 lllutnittat

129 4908 306 4966 enim.
345 4921 452 4959 non
483 4904 822 4968 ebteucbrat.
862 4901 1130 4956 Caeterum
1163 4895 1397 4953 tenebrae
1440 4895 1557 4948 aliae
1601 4901 1726 4946 sunt

127 4999 340 5061 tun-tis,
377 4997 494 5049 aliae
537 5002 662 5050 sunt
695 4993 1059 5055 atlversitatis,
1099 4991 1218 5045 alia:
1248 4999 1465 5044 merita:
1503 4987 1728 5040 datuna-

127 5090 324 5154 tionis,
353 5089 470 5140 alite
494 5086 717 5156 peccati.
751 5085 920 5140 l’nrro
948 5087 1086 5139 dicm
1113 5083 1349 5151 vicissim
1376 5079 1516 5134 Deus
1530 5079 1722 5133 obum-

125 5182 252 5236 brat
283 5197 389 5250 per
417 5186 664 5243 mortem,
702 5179 845 5233 unde
871 5178 920 5232 ei
949 5176 1184 5230 dicitur:

588 5289 822 5347 lt’l‘ttd’
847 5305 1018 5345 rerum
1053 5289 1282 5343 conditor

539 5362 752 5418 Noctem
781 5364 1024 5432 diemque
1060 5362 1149 5430 qui
1181 5360 1334 5428 regis.

533 5434 599 5504 Et
637 5446 921 5504 temporum
954 5437 1049 5484 das
1079 5443 1334 5498 tempora,

539 5503 601 5560 Ut
635 5503 819 5559 ollares
851 5505 1145 5574 fastidiunt.

125 5600 564 5671 Prosperitatent
597 5615 812 5670 quoque
851 5598 1086 5651 vicissim
1125 5593 1414 5649 obumbrat
1457 5593 1598 5645 θυεμ
1631 5610 1727 5663 per

122 5694 550 5748 adversitatcm.
579 5694 728 5750 Unde
750 5704 803 5746 ut
827 5692 961 5745 idem
987 5689 1052 5743 de
1077 5705 1133 5744 se
1164 5698 1430 5742 testatur:
1463 5685 1726 5741 Formati:

122 5792 302 5847 lucent
332 5799 380 5844 st
409 5802 590 5842 creatis
621 5789 878 5854 tenebras,
889 5788 1089 5859 faciens
1114 5803 1314 5858 parem,
1340 5797 1384 5840 ct
1410 5802 1590 5841 errans
1613 5800 1728 5840 tuo-

1819 533 1962 587 lleus
1987 548 2083 600 per
2107 532 2355 585 tenebras
2373 537 2588 582 (eterna:
2606 524 2992 588 damnationis,
3014 521 3271 593 quoniam
3298 520 3410 592 ipse

1819 625 1870 680 in
1913 624 2019 680 line
2065 625 2244 678 mittet
2281 635 2374 676 eos
2416 620 2468 673 iu
2518 617 2773 691 teutbras
2818 616 3139 670 exteriores.
3179 611 3408 667 Mentem

1815 732 2034 787 quoque
2066 717 2344 771 hominum
2374 725 2650 781 nunquam
2675 709 2910 763 vicissim
2938 708 3228 762 obumbrat
3271 707 3410 761 Deus

1818 827 1914 880 per
1937 812 2190 864 tenebras
2228 807 2538 868 interiores,
2573 805 2622 858 id
2669 813 2753 858 est
2786 802 3063 856 vitiorum.
3099 801 3174 856 Ita
3209 801 3408 872 quippe

1818 901 2043 954 imtuitit
2090 900 2365 954 tuentibus
2411 897 2712 952 claritatem
2751 894 3033 952 virtutum,
3080 893 3220 960 quod
3271 908 3409 945 nuu-

1822 1005 1982 1060 quam
2035 991 2255 1044 immitit
2301 991 2550 1043 tenebras
2601 987 2875 1040 vitiorum.
2924 983 3076 1050 Quod
3116 983 3164 1036 si
3217 982 3414 1051 legitur

1825 1080 2161 1136 Pharaonem
2195 1080 2391 1152 (Exod.
2438 1080 2512 1147 tv)
2549 1087 2604 1134 et
2645 1087 2870 1132 caeteros
2905 1073 3075 1131 malos
3130 1075 3412 1128 iudurasse

1821 1173 1905 1228 vel
1933 1189 2258 1239 cxczrrasse,
2283 1175 2393 1226 lucc
2419 1174 2599 1242 utique
2627 1170 2775 1233 fet-it,
2803 1182 2905 1224 non
2937 1165 3273 1230 immolando
3299 1180 3414 1219 ma-

1820 1265 2015 1329 litiam,
2034 1269 2128 1322 sed
2153 1267 2526 1322 subtrahendo
2549 1265 2802 1334 gratiam.
2822 1264 3028 1333 Itaque,
3058 1260 3257 1316 ﬁ-atres
3282 1260 3412 1326 mei,

1821 1359 1963 1414 bona
1997 1375 2213 1429 semper
2247 1359 2488 1412 dicamus
2525 1373 2623 1411 nos
2664 1358 2862 1412 habere
2889 1371 2918 1410 a
2951 1355 3060 1410 Deo
3091 1369 3194 1407 non
3225 1368 3292 1408 ex
3321 1369 3416 1408 uo—

1822 1445 1926 1504 bis.
1959 1449 2024 1504 Et
2048 1450 2183 1504 mala
2211 1449 2455 1506 dicantus
2475 1464 2686 1518 setnper
2715 1460 2814 1501 nos
2843 1448 3064 1511 habere,
3090 1461 3193 1500 non
3222 1459 3251 1498 a
3282 1441 3411 1510 Deo,

1824 1545 1919 1596 sed
1950 1557 2014 1597 ex
2049 1541 2222 1596 nobis.
2259 1537 2365 1595 Nec
2398 1557 2494 1595 nos
2525 1549 2848 1596 excusantes
2893 1537 3058 1593 Detuu
3089 1549 3416 1591 accusemus

1825 1654 1975 1693 more
2000 1637 2200 1692 veteris
2228 1636 2376 1701 Adae,
2409 1637 2681 1692 dicentes:
2709 1636 2823 1692 Non
2856 1651 3074 1708 possunt
3107 1634 3198 1688 Dei
3226 1631 3416 1704 gravia

1827 1741 2090 1801 prmi-cpta
2138 1727 2474 1799 adimpicre;
2523 1743 2628 1782 non
2681 1743 2899 1798 possum
2946 1727 3080 1782 vitio
3136 1727 3416 1791 resistere,

1756 1806 1796 1867 Β
1827 1825 2081 1893 quoniam
2125 1819 2372 1876 inﬁrmus
2403 1833 2452 1876 ct
2485 1821 2752 1890 impotens
2782 1820 3104 1875 naturaliter
3134 1836 3274 1876 sum.
3303 1816 3416 1874 lloc

1827 1914 1970 1968 enim
2003 1924 2087 1966 est
2117 1928 2180 1967 ac
2217 1913 2503 1977 dicamus;
2537 1910 2640 1966 hoc
2668 1923 2771 1964 non
2799 1911 2956 1976 tttihi,
2982 1912 3076 1965 scd
3113 1911 3221 1965 Deo
3252 1910 3415 1964 ascric

1825 2005 2058 2060 bcndum
2091 2014 2190 2066 est.
2228 2004 2316 2072 qui
2354 2018 2436 2057 me
2477 2003 2633 2057 talem
2684 2001 2907 2058 creavit.
2944 1999 3086 2058 Proh
3127 2003 3299 2069 nefas,
3330 2015 3416 2058 as-

1826 2100 2086 2154 crihimus
2124 2099 2270 2168 justo
2303 2098 2663 2168 iniquitatem,
2708 2107 2760 2152 ct
2795 2097 2881 2168 pio
2921 2095 3322 2163 crudelitatem,
3355 2107 3414 2154 et

1828 2190 2076 2263 discipuli
2104 2189 2424 2260 igttOt‘attlitt‘.
2447 2206 2766 2244 accusamus
2799 2190 3106 2254 Dominum,
3138 2199 3194 2243 ttt
3223 2189 3413 2244 videao

1830 2293 1914 2337 tur
1958 2284 2169 2338 nescire
2215 2282 2356 2353 qttod
2407 2283 2553 2344 fecit,
2598 2292 2651 2336 et
2695 2281 2901 2336 nescire
2943 2281 3086 2350 quod
3125 2280 3312 2351 jussit.
3347 2279 3415 2336 Et

1827 2375 1977 2446 quasi
2006 2374 2207 2431 oblitus
2240 2373 2550 2445 fragilitatis
2584 2375 2854 2436 humanae.
2892 2373 3046 2442 cujus
3079 2382 3268 2428 auctor
3301 2373 3415 2445 ipse

1827 2478 1929 2532 cst,
1971 2469 2174 2523 homini
2219 2468 2538 2538 imposuerit
2575 2467 2827 2522 mandata
2855 2483 2976 2537 qua:
3006 2466 3150 2521 ferre
3183 2483 3286 2522 non
3317 2482 3415 2539 po-

1830 2568 1950 2616 test.
1994 2557 2120 2621 Sed,
2164 2557 2360 2613 fratres
2399 2556 2527 2622 uu-i,
2573 2574 2731 2614 nemo
2767 2559 2938 2629 magis
2970 2557 3118 2612 novit
3154 2558 3294 2613 vires
3322 2573 3406 2613 no-

1827 2663 1989 2714 stras,
2034 2667 2192 2722 quem
2229 2651 2315 2704 ille
2354 2650 2444 2722 qui
2492 2667 2584 2705 cas
2613 2650 2768 2705 nobis
2800 2651 2966 2706 dedit.
2997 2650 3106 2706 Nec
3136 2650 3280 2705 enim
3313 2648 3414 2706 ali-

1829 2743 1960 2814 quid
1986 2740 2321 2813 impossibile
2351 2739 2657 2811 imperavit,
2681 2741 2770 2810 qui
2792 2741 2973 2810 justus
2998 2747 3095 2796 est.
3129 2739 3237 2796 Nec
3267 2740 3412 2796 datur

1827 2849 2054 2892 naturus
2081 2847 2164 2892 cst
2195 2835 2472 2892 hominem
2509 2851 2607 2908 pro
2632 2850 2695 2890 co
2721 2835 2864 2906 quod
2889 2850 2994 2890 non
3023 2834 3198 2905 potttit
3227 2833 3413 2901 vitare,

1826 2928 1916 3000 qui
1949 2929 2065 2998 pius
2096 2935 2203 2984 est.

1898 3007 2154 3092 Sequitur
2177 3037 2302 3090 pars
2334 3021 2521 3084 tertia,
2553 3018 2607 3074 in
2635 3035 2739 3092 qua
2771 3018 3073 3075 ostenditur
3099 3017 3240 3089 quod
3273 3015 3414 3076 Deus

1826 3114 1915 3170 dat
1943 3115 2109 3184 gratis
2140 3113 2294 3167 nobis
2317 3129 2414 3168 sua
2444 3113 2606 3176 bona,
2635 3128 2756 3164 cum
2788 3111 3071 3180 subditur:
3109 3105 3414 3164 Voluntaria

1829 3204 2003 3277 genuit
2033 3221 2124 3258 nos
2165 3201 2317 3258 verbo
2355 3201 2611 3264 raritatis,
2658 3211 2712 3255 ut
2755 3203 2917 3255 simus
2959 3199 3175 3270 aliquod
3212 3199 3421 3254 initium

1831 3307 2087 3351 creatura:
2114 3297 2252 3366 ejus.
2286 3291 2439 3362 Quod
2481 3292 2548 3350 de
2589 3309 2692 3346 ttna
2730 3291 2899 3359 gratia
2933 3290 3083 3353 dicit,
3115 3289 3178 3343 de
3207 3286 3422 3342 czcteris

1829 3388 2081 3443 omnibus
2113 3367 2521 3456 intelligendum
2554 3383 2829 3454 relinquit.
2856 3380 3040 3435 Prima
3068 3377 3334 3450 siquidem
3364 3386 3420 3434 et

1831 3479 2006 3548 major
2027 3478 2223 3549 gratia.
2249 3493 2409 3547 quam
2444 3475 2581 3530 Deus
2605 3475 2693 3530 hic
2716 3474 2930 3527 confert
2957 3472 3112 3526 nobis
3141 3479 3245 3536 est,
3272 3470 3418 3540 quod

1832 3586 1930 3624 nos
1952 3576 2263 3639 generatos,
2292 3583 2387 3638 per
2410 3565 2908 3634 concupiscentiam
2936 3562 3116 3618 carnis
3141 3561 3278 3617 ﬁlios
3300 3561 3414 3629 irae,

1831 3670 2114 3732 regcucrat
2148 3677 2242 3731 per
2272 3659 2501 3732 gratiam
2537 3658 2792 3728 baptismi
2834 3658 2886 3711 in
2931 3656 3068 3712 ﬁlios
3109 3655 3420 3726 adeptiouis

1828 3765 1882 3811 ct
1910 3753 2316 3817 misericordiae,
2356 3751 2498 3822 quod
2536 3751 2600 3805 de
2633 3748 2756 3804 ﬁliis
2788 3748 3152 3803 damnationis
3185 3746 3312 3800 facit
3345 3744 3419 3799 ﬁ-

1831 3849 1930 3904 lios
1956 3845 2256 3910 electionis,
2291 3847 2433 3914 quod
2463 3845 2526 3899 de
2555 3844 2678 3898 ﬁliis
2707 3841 2929 3904 diaboli.
2969 3840 3096 3895 facit
3136 3840 3271 3894 ﬁlios
3301 3839 3416 3893 Dei.

1829 3941 1897 3998 Et
1935 3942 2008 3996 ita
2050 3939 2268 4010 quidem
2308 3953 2404 3992 nos
2433 3945 2721 4006 regenerat
2767 3933 2953 3998 verbo,
2983 3933 3033 3989 id
3063 3942 3143 3988 est
3177 3948 3270 4002 per
3303 3945 3420 3986 ver-

1829 4035 1957 4090 bum
1987 4029 2253 4087 veritatis.
2291 4029 2408 4086 Non
2445 4029 2521 4084 ait
2555 4045 2648 4100 per
2687 4027 3010 4098 baptismum
3043 4025 3236 4088 sohun,
3283 4038 3420 4095 quo-

1830 4127 1975 4184 niam
2009 4139 2063 4182 ct
2097 4127 2149 4182 in
2193 4125 2464 4195 baptismo
2504 4123 2724 4178 verbum
2760 4119 3004 4177 mundat.
3038 4118 3170 4175 Nam
3213 4119 3255 4172 si
3285 4119 3415 4173 sub-

1831 4220 2017 4274 trahas
2041 4217 2289 4281 verbum,
2319 4213 2448 4286 quid
2487 4225 2568 4270 est
2596 4232 2734 4285 aqua
2760 4210 3086 4285 baptisterii.
3116 4210 3217 4266 nisi
3245 4209 3419 4279 aqua?

1829 4309 2190 4384 lli-generavit
2225 4310 2389 4382 igitur
2427 4325 2524 4366 nos
2571 4308 2622 4363 iu
2665 4307 2805 4362 ﬁlios
2828 4321 2955 4361 suos
2989 4307 3126 4359 ltcus
3162 4319 3259 4372 per
3299 4318 3419 4357 ver-

1830 4402 1956 4460 bum
2005 4403 2271 4467 veritatis,
2312 4401 2364 4456 id
2409 4409 2513 4466 est,
2559 4415 2658 4470 per
2705 4397 2896 4453 Filium
2941 4411 3121 4458 suum,
3170 4395 3282 4448 sive
3322 4405 3418 4462 per

1831 4497 2057 4554 verbum
2093 4493 2235 4558 ﬁdei,
2266 4495 2408 4565 quod
2438 4493 2550 4564 ipse
2576 4487 2745 4546 Filius
2775 4489 2927 4545 nobis
2951 4487 3277 4558 przedicavit.
3306 4484 3418 4540 lloc

1830 4601 1913 4648 est
1952 4588 2095 4662 quod
2142 4589 2380 4645 Joannes
2430 4587 2505 4642 ait
2546 4604 2560 4641 :
2613 4585 2878 4655 Quotquot
2911 4592 3083 4636 mitem
3118 4591 3416 4648 receperunt

1829 4699 1967 4748 eum,
1997 4683 2135 4737 dedit
2166 4684 2237 4736 eis
2261 4689 2566 4752 potestatem
2597 4676 2735 4746 ﬁlios
2781 4675 2874 4729 Dei
2903 4673 3041 4745 ﬁeri,
3069 4673 3146 4726 liis
3182 4671 3272 4742 qui
3301 4688 3416 4724 tre-

1829 4777 1959 4831 dunt
1997 4777 2048 4829 in
2079 4776 2286 4829 nomine
2316 4773 2428 4844 ejus
2460 4769 2642 4839 (Joan.
2677 4769 2737 4840 t).
2768 4763 2918 4823 Fecit
2951 4777 3126 4819 autem
3167 4765 3267 4818 hoc
3305 4781 3412 4818 non

1831 4869 2042 4924 tucritis
2079 4866 2309 4926 nostris.
2345 4881 2463 4934 qua:
2494 4859 2636 4917 nulla
2669 4869 2847 4928 erant,
2870 4859 2975 4913 ’sed
3009 4857 3328 4919 voluntarie.
3365 4858 3415 4911 id

1829 4972 1930 5026 est,
1960 4959 2071 5015 sola
2104 4977 2197 5014 sua
2228 4957 2457 5029 gratuita
2496 4954 2795 5008 voluntate.
2843 4948 2992 5007 Unde
3019 4947 3254 5003 Joannes
3287 4964 3300 4999 :
3339 4947 3406 5002 In

1832 5037 1928 5110 hoc
1960 5053 2205 5125 apparuit
2236 5049 2467 5104 Charitas
2502 5044 2613 5107 Dei.
2652 5063 2753 5100 nun
2786 5043 2933 5116 quasi
2959 5060 3050 5096 nos
3081 5037 3416 5094 (Ματρί-ξυιυς

1830 5163 1965 5211 cum,
1985 5144 2073 5199 sed
2091 5144 2213 5214 quia
2238 5141 2494 5210 ipseprim
2517 5136 2807 5190 dileximus
2827 5134 2872 5204 (1
2895 5131 3054 5189 Jomt.
3074 5133 3166 5201 tv).
3188 5132 3243 5185 Si
3268 5132 3412 5185 enim

1830 5247 2105 5307 qttmratut'
2151 5250 2320 5305 quare
2368 5229 2511 5286 Deus
2592 5243 2691 5282 nos
2747 5227 2903 5296 elegit
2963 5227 3016 5280 in
3065 5225 3202 5279 ﬁlios
3264 5239 3411 5276 suos.

1831 5327 1968 5382 Vera
2000 5339 2053 5381 et
2079 5327 2322 5380 absoluta
2348 5331 2428 5378 cst
2457 5322 2758 5391 responsio,
2782 5320 2906 5389 quia
2932 5315 3010 5372 sic
3042 5319 3225 5370 voluit.
3261 5315 3413 5382 Quod

1831 5420 1952 5472 inde
2003 5416 2238 5471 maxime
2285 5425 2450 5484 patet,
2500 5411 2752 5483 quoniatu
2805 5410 3122 5465 necessitate
3170 5424 3272 5460 non
3316 5407 3415 5459 fuit

1829 5521 2068 5570 coactus,
2104 5510 2192 5577 qui
2228 5507 2347 5577 cogi
2383 5522 2485 5559 non
2535 5513 2731 5576 potest,
2764 5519 2864 5558 nec
2908 5518 3003 5557 sua
3039 5502 3267 5554 utilitate
3300 5511 3413 5552 tra-

1830 5615 1967 5665 ctus,
1998 5603 2085 5671 qui
2113 5603 2378 5655 honorum
2423 5607 2728 5652 nostrorum
2763 5608 2868 5650 non
2901 5605 3039 5666 eget,
3073 5611 3176 5648 non
3207 5593 3412 5648 ttteritis

1832 5692 2028 5746 nostris
2077 5691 2356 5752 astrictus,
2399 5706 2518 5758 quae
2572 5689 2712 5742 nulla
2767 5696 3173 5759 pt'tcccsscrant.
3219 5684 3322 5738 Sed
3364 5683 3412 5738 si

1832 5785 2011 5855 aliqua
2049 5784 2245 5838 merita
2293 5781 2548 5850 subsequi
2594 5779 2872 5849 videntur,
2903 5795 3000 5834 sua
3032 5775 3217 5849 procul
3253 5775 3412 5833 dubio
