3826 6338
512 334 645 393 1887

1390 364 1393 365 ν
1446 337 1795 394 ADDENDA.
1832 367 1901 380 -—-
1942 336 2293 394 RADULPHI
2330 334 2679 393 ABDENTIS

3526 338 3609 398 1888

503 454 674 522 gratia
704 461 851 517 sunt,
883 452 1140 522 quoniam
1173 452 1297 524 ipse
1322 465 1580 525 operatur
1609 455 1661 508 in
1692 455 1847 510 nobis
1869 465 1923 509 et
1954 454 2096 509 velle
2124 458 2170 514 Α
2199 464 2310 508 tum
2348 468 2639 524 possumus
2674 454 2942 508 evitemus
2974 452 3159 523 ipsam,
3187 450 3352 521 ineque
3374 462 3522 508 motum
3541 473 3615 511 nr.

503 555 559 599 et
589 543 848 614 perlicere
876 543 1134 615 (Philipp.
1165 547 1246 605 tt).
1269 548 1508 616 Agaums
1536 548 1718 614 igitur,
1747 545 1943 601 fratres
1967 548 2094 615 mei,

506 637 615 693 Deo
642 636 870 705 gratias,
900 637 1014 706 qui,
1037 622 1106 691 ob
1132 622 1299 693 solam
1331 654 1485 691 suam
1516 641 1808 708 gratuitam
1843 639 2095 693 \‘ttittttla-

505 740 636 795 tem,
668 744 767 784 nos
808 745 837 783 ει
871 747 1096 786 numero
1142 733 1493 801 reproborum
1525 748 1835 801 segregans,
1870 733 1922 786 in
1958 732 2095 787 filios

503 837 632 878 suos
658 821 844 893 elegit,
876 808 1154 877 beneficiis
1182 825 1295 878 suis
1321 825 1638 881 cumulavit.
1668 826 2095 879 nobismtcruatu

504 912 898 969 beatitudinem
929 914 1279 984 pra-paravit.
1319 914 1365 967 si
1398 926 1576 967 tamen
1618 915 1669 968 in
1699 916 1876 983 gratia
1916 917 2092 986 bapti-

428 1060 437 1067 ,
504 1003 608 1058 smi
658 1005 1209 1074 per~everaverimns.
1257 1005 1301 1058 si
1356 1005 1474 1076 ejus
1524 1007 1791 1061 mamlatis
1850 1008 2093 1063 obsecuti

504 1093 788 1150 fuerimus.
823 1094 991 1149 Porro
1016 1097 1082 1147 ad
1111 1096 1237 1164 quid
1269 1111 1367 1150 nos
1396 1095 1695 1150 voluntarie
1719 1099 1906 1166 genuit
1930 1098 2094 1153 verbo

504 1186 786 1242 veritatis?
817 1184 884 1241 Ut
906 1188 1071 1240 simus
1108 1189 1317 1242 initium
1341 1189 1553 1253 aliquod
1584 1201 1840 1244 creatura:
1867 1176 2002 1260 ejus,
2037 1199 2097 1245 ιιι

504 1279 752 1335 videlicet
785 1279 837 1333 in
869 1279 1419 1350 illamdignitatentct
1448 1279 1899 1352 principalitatem
1934 1297 2095 1337 crea-

503 1379 748 1425 turarum
811 1386 1209 1440 repararemur,
1252 1372 1304 1426 in
1337 1389 1441 1443 qua
1469 1374 1635 1427 creati
1669 1372 1891 1426 fuimus.
1922 1373 2095 1429 llomo

502 1461 648 1516 enim
694 1461 903 1516 initium
952 1473 1325 1517 creaturarum
1369 1472 1482 1527 est,
1530 1479 1633 1517 non
1690 1474 1951 1535 tempore,
2000 1466 2095 1520 sed

502 1568 668 1609 causa
697 1563 750 1607 et
780 1553 1060 1625 dignitate.
1084 1553 1351 1625 Tempore
1381 1554 1525 1609 enim
1556 1573 1659 1609 non
1691 1568 1773 1611 est
1802 1558 1967 1611 homo
1993 1558 2097 1610 ini-

503 1648 636 1704 tiunt
669 1660 1069 1710 creaturarum,
1099 1649 1352 1719 quoniam
1380 1665 1485 1704 non
1520 1626 1694 1707 ltomo‘
1717 1661 1842 1705 ante
1869 1661 2096 1707 cmtcras

503 1751 807 1804 creaturas,
849 1741 942 1794 sed
986 1741 1164 1810 potius
1204 1750 1411 1796 cetera:
1441 1751 1704 1797 creatura:
1747 1752 1873 1798 ante
1918 1744 2096 1798 bomi-

2198 556 2414 615 genlem
2457 544 2640 599 statim
2672 545 3007 599 refrenemus
3032 553 3082 597 et
3114 543 3419 607 retartlemus,
3450 551 3617 614 quoniam

2202 655 2358 693 mora
2392 649 2446 692 ct
2483 638 2711 693 tarditas
2752 636 3051 692 remedium
3083 635 3168 687 itte
3193 647 3284 695 est,
3310 647 3353 687 et
3386 636 3445 688 ira
3468 654 3619 694 rumve.

2201 731 2461 796 tardatur,
2491 729 2804 799 mitigatur.
2853 726 2971 791 Ira,
3015 727 3195 793 inquit,
3236 726 3315 777 riri
3348 726 3542 794 justitiam
3571 730 3622 784 Da'

2200 838 2301 875 non
2334 829 2600 889 aperatur.
2634 818 2841 873 Litotes
2875 827 2983 881 est,
3029 817 3197 870 minus
3229 817 3398 875 dicens.
3421 828 3462 870 et
3485 822 3623 886 pingi.

2198 916 2482 986 gnifiraus.
2513 915 2648 969 Cum
2676 914 2821 968 enim
2863 928 3020 967 mens
3055 910 3152 965 viri
3185 911 3255 963 ira
3281 912 3559 979 perturbatur,
3577 916 3625 967 ιι.

2195 1008 2464 1079 jnstitiam
2508 1016 2787 1077 operatur.
2818 1004 3133 1073 Propterea,
3162 1002 3352 1064 fratres,
3384 1003 3523 1059 discite
3547 1005 3625 1057 ins

2197 1101 2393 1164 vitare,
2419 1109 2477 1154 et
2502 1101 2661 1156 mites
2694 1098 3073 1167 mansuctique
3108 1110 3249 1160 esse;
3279 1095 3483 1164 quoniam
3504 1110 3626 1166 quam

2199 1192 2371 1263 magis
2391 1193 2543 1247 eritis
2581 1192 2848 1247 mansueti
2873 1201 2927 1246 et
2952 1188 3243 1257 tranquilli.
3260 1198 3387 1241 tanto
3404 1188 3516 1242 eritis
3528 1192 3627 1257 magis

2200 1282 2311 1337 Deo
2332 1283 2541 1339 similes
2564 1293 2619 1339 et
2640 1283 2951 1354 propinqui,
2973 1281 3029 1336 in
3048 1294 3202 1351 quem
3220 1279 3377 1333 nullus
3390 1289 3520 1333 motus
3532 1281 3626 1335 calit.

2200 1374 2269 1432 Ut
2292 1386 2472 1431 autem
2501 1376 2636 1431 iram
2667 1387 2723 1431 et
2750 1374 3076 1443 iniustitiam
3106 1373 3266 1427 vitare
3297 1372 3628 1430 valeatisniira

2202 1483 2391 1523 earnm
2441 1483 2471 1522 ιι
2527 1468 2679 1524 vobis
2712 1468 2952 1536 abjicite,
3004 1479 3215 1518 omnem
3264 1463 3627 1525 imrnundit'nmtt

2201 1561 2592 1615 abundantiam
2628 1560 2877 1625 malitiae;
2907 1567 2967 1612 ut
2993 1556 3240 1611 videlicet
3268 1555 3479 1609 transitis
3498 1556 3630 1608 iun-

2197 1654 2251 1707 di
2291 1654 2344 1707 itt
2391 1667 2489 1707 vos
2514 1653 2700 1716 corde,
2742 1667 2842 1706 nec
2887 1650 3142 1705 malitiosi
3180 1650 3231 1702 in
3265 1646 3569 1717 proximum
3592 1648 3634 1701 iu

2198 1761 2321 1801 com
2350 1745 2762 1801 mansuetudine
2786 1744 3117 1799 obedientize
3143 1742 3377 1806 suscipite
3400 1741 3551 1792 mbas
3567 1742 3636 1791 ini-

503 1849 627 1890 nem
650 1842 849 1889 creata—
870 1843 1017 1888 sunt.
1042 1832 1216 1889 Causa
1243 1849 1369 1888 vero
1401 1843 1483 1888 est
1511 1835 1671 1888 homo
1705 1835 1916 1889 initium
1940 1814 2095 1891 crea-
2130 1814 2173 1869 Β
2200 1851 2333 1900 tum.
2374 1840 2426 1894 id
2456 1849 2539 1893 est
2565 1838 2892 1891 seminatnm
2925 1837 2979 1890 in
3025 1832 3199 1889 vobis.
3232 1829 3381 1893 Ordo,
3412 1831 3631 1893 fratrum;

434 1952 437 1955 ·
504 1935 774 1986 turarnm.
819 1927 1074 1996 quoniam
1125 1936 1331 1981 ett-tera:
1373 1938 1591 1999 propter
1639 1929 1939 1992 hominem,
1988 1945 2091 1984 non

503 2016 667 2073 homo
693 2028 913 2088 propter
948 2028 1224 2074 creaturas
1250 2028 1466 2073 creatus
1496 2027 1599 2073 est.
1632 2019 1900 2087 Dignitate
1925 2022 2093 2075 etiam

502 2117 588 2162 est
638 2107 800 2163 homo
848 2109 1058 2163 initium
1116 2118 1523 2175 creaturarum,
1571 2110 1828 2180 quoniatn
1881 2114 2096 2167 caeteris

504 2202 776 2255 creaturis
808 2201 1030 2256 dominii
1061 2212 1113 2254 et
1149 2200 1377 2255 rationis
1403 2202 1761 2271 praerogativa
1793 2204 2090 2259 antecellit.

503 2289 853 2349 Vindicemns
888 2294 1069 2365 igitur,
1104 2292 1303 2347 fratres
1345 2293 1471 2357 mei,
1513 2295 1693 2349 divina
1737 2295 1893 2350 nobis
1918 2297 2097 2366 opitu-

503 2383 652 2439 lante
692 2387 887 2457 gratia.
932 2386 1343 2456 pra-rogativam
1391 2396 1446 2440 et
1482 2386 1781 2441 dominium
1819 2390 1962 2458 quod
2000 2389 2095 2443 ba-

502 2477 720 2531 buitnus
748 2492 779 2531 a
815 2478 1081 2548 principio
1112 2478 1162 2530 in
1195 2477 1483 2532 creaturis.
1511 2475 1627 2530 Non
1663 2477 1958 2533 subdamns
1996 2494 2097 2534 nos

501 2581 601 2638 per
628 2570 912 2623 avaritiam
946 2572 1106 2623 rebus
1130 2568 1542 2638 temporalibus,
1566 2571 1659 2624 sed
1683 2571 1864 2639 potius
1893 2571 1973 2625 eis
1999 2572 2095 2627 do-

503 2659 790 2715 tninemur.
819 2659 931 2714 Non
956 2661 1290 2715 admiremur
1315 2661 1417 2727 eis,
1444 2664 1539 2715 sed
1570 2663 1747 2732 potius
1769 2671 2094 2717 contemna-

502 2766 739 2807 muscas
773 2754 825 2805 in
858 2752 1174 2823 obsequium
1212 2753 1328 2817 Dei,
1364 2763 1419 2807 ct
1457 2753 1510 2808 in
1552 2764 1793 2809 nostrant
1828 2755 2094 2826 proximi-

502 2855 609 2911 que
640 2843 1015 2897 necessitatem
1044 2844 1439 2913 expendamus.

575 2931 833 3003 Seqnitnr
854 2949 980 3003 pars
1010 2945 1223 3004 quarta.
1254 2935 1305 2990 in
1334 2951 1437 3006 qua
1472 2944 1657 2990 monet
1677 2951 1776 2991 nos
1804 2935 2094 3005 Apostolus

503 3025 655 3094 sequi
701 3025 838 3079 bona
883 3035 938 3079 et
965 3026 1136 3081 vitare
1182 3026 1340 3092 mala,
1380 3043 1501 3081 cunt
1540 3027 1721 3082 subdit
1752 3046 1765 3081 :
1802 3027 1885 3082 Sit
1918 3040 2092 3082 autem

505 3117 674 3173 omnis
716 3119 869 3172 Itonia
899 3117 1156 3173 relox'ad
1188 3120 1544 3187 audiendum,
1579 3120 1835 3175 subaudis
1865 3122 2089 3175 verbum

442 3286 445 3289 ν
504 3208 622 3265 Dei.
653 3211 736 3265 Ad
780 3211 1110 3267 audiendum
1155 3214 1300 3266 enim
1336 3215 1669 3283 vaniloqnia,
1707 3214 2088 3277 scurrilitates,

505 3301 869 3369 adulationes,
896 3304 1285 3371 detractiones,
1314 3314 1367 3359 et
1398 3305 1755 3375 blapbemias,
1794 3322 1897 3360 non
1936 3322 2095 3361 aures

505 3396 742 3466 aperire,
785 3399 877 3452 sed
927 3399 1104 3468 potius
1145 3400 1402 3455 obturare
1444 3401 1727 3464 debemus,
1766 3418 1832 3456 ne
1867 3416 1964 3473 per
2001 3418 2095 3457 eas

504 3504 778 3545 venenosa
814 3492 975 3546 verba
1023 3492 1357 3547 introcuntia
1400 3493 1637 3547 animam
1678 3492 1893 3548 valeant
1935 3494 2098 3549 suffo-

506 3596 657 3639 care.
700 3580 856 3638 Unde
897 3583 1127 3654 Sapiens
1156 3604 1169 3637 :
1205 3586 1328 3654 Sepi
1358 3602 1512 3640 aures
1542 3596 1661 3641 tuas
1690 3588 1873 3656 spinis,
1906 3605 1971 3642 ne
1999 3606 2095 3641 au-
2138 3614 2143 3619 -

438 3740 447 3747 _
506 3676 652 3729 sliant
684 3677 916 3747 linquant
952 3693 1170 3744 nequam
1202 3676 1373 3747 (I'Jrcl.
1409 3679 1623 3748 xxvttt).
1652 3708 1722 3719 —
1746 3677 1974 3743 Tardus,
2013 3679 2097 3734 in-

506 3767 646 3839 quit,
688 3770 758 3821 ad
800 3768 1141 3838 loquendum,
1189 3778 1236 3822 et
1284 3769 1470 3822 tardus
1518 3770 1586 3822 ad
1630 3770 1787 3822 irant.
1828 3767 2094 3836 Quoniam

506 3862 801 3931 Apostolus
847 3860 1267 3933 sitmilicioribns
1308 3860 1648 3932 loquebatur,
1690 3872 1874 3916 monet
1915 3877 2009 3916 eos
2042 3872 2099 3915 ut
2136 3882 2137 3887 η

506 3952 724 4009 veloces
752 3955 863 4007 sint
893 3956 959 4008 ad
990 3953 1316 4008 andiemlum
1360 3952 1583 4007 verlnun
1629 3953 1745 4015 Dei,
1771 3963 1826 4007 ct
1858 3952 1992 4006 tardi
2028 3953 2096 4006 ad

508 4046 862 4118 loquendum,
904 4048 1161 4117 quoniam
1212 4046 1412 4101 veritas
1465 4047 1632 4100 tutius
1670 4045 1888 4100 attditnr
1932 4061 2093 4115 quam
2134 4060 2141 4069 ν

2136 4148 2147 4152 ’
2200 4136 2384 4193 Primo
2432 4137 2595 4206 igitur
2640 4131 2986 4205 praedicit‘se
3034 4123 3242 4182 iturum
3289 4125 3351 4179 ad
3387 4122 3666 4177 Patri-Itur“In

508 4141 853 4213 praedicetur.
887 4140 999 4196 lloc
1030 4152 1217 4196 contra
1249 4140 1369 4196 illos
1403 4140 1491 4211 qui
1525 4150 1816 4209 antequam
1849 4140 2098 4195 noverint

510 4240 633 4288 esse
665 4232 934 4303 discipuli,
977 4232 1110 4286 fiunt
1141 4233 1386 4303 magistri
1414 4247 1429 4287 :
1466 4232 1531 4287 Et
1572 4233 1715 4303 quod
1751 4248 1855 4286 non
1889 4232 2097 4286 didice-

511 4334 659 4391 runt,
692 4326 887 4380 docere
921 4335 1272 4394 przesumunt.
1306 4324 1411 4379 Sed
1443 4325 1622 4379 onmis
1665 4325 1849 4388 bomo,
1896 4322 2099 4380 fratres
2134 4344 2137 4347 ν

512 4419 641 4487 mei,
677 4419 850 4489 magis
879 4419 1099 4473 auribus
1130 4435 1292 4489 quam
1336 4405 1516 4488 lingua
1547 4418 1706 4474 debet
1751 4419 1861 4481 uti;
1891 4428 1944 4473 et
1977 4434 2099 4473 cum

2200 1948 2475 2003 congruos
2500 1941 2605 1998 est,
2640 1930 2899 1999 quoniam
2930 1928 3035 1982 nisi
3067 1927 3215 1997 prius
3235 1923 3495 1979 evellantur
3518 1938 3540 1975 ι
3559 1926 3627 1975 μω

2200 2024 2369 2094 Spina:
2394 2033 2451 2077 et
2485 2022 2665 2078 tribuli
2700 2018 3063 2075 innnunditite
3093 2027 3148 2072 et
3170 2015 3388 2071 malitim.
3414 2024 3624 2067 celem;

2200 2132 2308 2186 que
2344 2117 2625 2177 vitiorum,
2673 2129 2778 2168 non
2822 2112 3022 2181 poterit
3065 2111 3118 2163 in
3151 2108 3300 2164 nobis
3325 2108 3630 2177 germinante-

2200 2208 2350 2264 bntn.
2395 2208 2670 2278 Scriptum
2698 2213 2779 2261 est
2812 2206 2957 2259 cnim
2985 2219 3001 2256 :
3039 2201 3256 2257 Declina
3280 2218 3311 2254 a
3334 2199 3453 2253 uiola
3473 2210 3508 2250 et
3529 2198 3637 2265 {stti-

2202 2318 2327 2354 num
2355 2299 2531 2370 (Psal.
2564 2297 2699 2368 xvt).
2747 2296 2957 2365 Itaque,
2991 2294 3191 2349 fratres
3219 2292 3337 2353 mei.
3372 2290 3642 2359 spinassrilut

2200 2392 2457 2446 vitiorum
2484 2406 2512 2443 ει
2540 2388 2796 2447 cordibus
2820 2385 3023 2442 vestris
3047 2386 3199 2455 prius
3225 2383 3419 2437 evellite
3437 2390 3483 2432 ut
3502 2381 3550 2431 in
3568 2394 3642 2446 pr:-

2201 2482 2440 2536 dicalnm
2466 2479 2560 2535 Dei
2588 2479 2813 2532 verbum
2839 2476 2890 2531 in
2914 2476 3077 2530 vobis
3101 2474 3279 2527 valeat
3309 2470 3645 2525 Iidelitersdtcu-

2200 2590 2281 2638 re,
2309 2574 2602 2644 perjngem
2632 2570 2949 2626 memoriam
2982 2568 3038 2622 in
3072 2568 3228 2622 vobis
3250 2564 3440 2619 radices
3461 2561 3645 2630 ﬁgemptf

2198 2669 2444 2724 crebram
2473 2666 2877 2721 meditationem
2901 2662 2952 2716 in
2979 2662 3137 2716 vobis
3154 2672 3415 2717 exercere.
3435 2670 3509 2725 per
3526 2654 3641 2706 bona

2197 2756 2767 2820 veluntatemllorere,
2797 2755 3066 2823 [ιρι-,ωηο
3091 2765 3256 2820 opera
3303 2747 3573 2801 lructiticani.
3599 2754 3648 2807 ρετ

2198 2850 2658 2921 perseverantiam
2696 2848 2909 2902 animas
2937 2856 3152 2900 vestras
3177 2841 3399 2901 salvare.
3424 2845 3603 2907 operante
3620 2832 3646 2883 il

2196 2941 2353 2996 vobis
2386 2942 2475 2995 Dei
2500 2940 2689 3007 verbo,
2709 2940 2799 3008 qui
2831 2952 2954 2991 cum
2977 2935 3212 2989 Patreet
3226 2930 3416 3002 Spiritu
3432 2922 3643 2982 sanctuarii

2195 3042 2250 3089 et
2276 3012 2467 3105 regnat
2511 3031 2652 3086 Deus
2675 3045 2772 3100 per
2795 3028 2974 3081 omnia
2999 3026 3203 3080 saecula
3230 3018 3526 3079 seculorum.
3542 3016 3640 3068 λιιι

2754 3117 3037 3174 ιιιιιιιιιΑ
3094 3114 3231 3171 LXI.

2519 3228 2781 3271 DONINICL
2815 3226 3031 3277 QUARTL
3073 3224 3211 3265 POS'I'
3249 3220 3447 3263 νιεειιλ.

2202 3318 2203 3321 “
2275 3309 2425 3365 Vada
2456 3312 2524 3363 ad
2556 3323 2673 3362 eum
2696 3308 2788 3377 qui
2812 3306 2958 3358 irrisit
2984 3320 3091 3367 me,
3123 3314 3171 3356 et
3194 3317 3343 3355 nemo
3367 3292 3655 3352 ambulato“

2199 3412 2346 3473 rogat
2384 3417 2505 3456 me:
2540 3398 2658 3464 Quo
2686 3396 2877 3452 vadis?
2911 3392 3100 3463 (Joan.
3136 3391 3277 3461 xvt.)
3321 3389 3475 3443 Itnrus
3501 3379 3657 3473 Dousa!

2198 3504 2253 3547 et
2274 3492 2601 3561 Redemptor
2633 3498 2840 3552 noster,
2866 3486 3068 3540 fratres
3099 3481 3418 3539 cbarissimi.
3445 3490 3519 3545 per
3538 3481 3659 3538 [NW

2201 3601 2322 3641 nem
2354 3585 2422 3639 ad
2470 3584 2710 3643 Patrem.
2743 3577 3023 3648 discipulis
3062 3577 3181 3630 suis
3220 3590 3371 3628 suum
3409 3564 3593 3641 prauum
3618 3572 3661 3611 re»

2199 3693 2432 3741 cessum,
2461 3693 2549 3743 ne,
2581 3676 2625 3729 si
2662 3674 2843 3727 subito
2861 3682 2916 3725 et
2940 3686 3006 3725 ex
3042 3671 3339 3739 improviso
3366 3662 3660 3718 metuerem“

2200 3772 2341 3825 ultra
2376 3770 2590 3823 modum
2624 3765 3018 3821 tttmstilicaret.
3054 3759 3309 3815 Ptzedicit
3338 3749 3662 3825 igitureissml

2201 3864 2253 3918 in
2281 3865 2381 3917 bac
2410 3860 2637 3916 lectione
2661 3857 2987 3917 audivimus.
3011 3864 3287 3925 quatuor:
3311 3848 3440 3919 quod
3465 3847 3519 3897 sal
3536 3850 3661 3909 tum"

2201 3956 2328 4017 iret,
2352 3952 2495 4021 quod
2527 3950 2632 4006 boc
2655 3950 2736 4004 eis
2762 3947 3068 4018 expediret,
3100 3945 3249 4014 quod
3288 3938 3605 3995 consolatorem
3622 3940 3664 3977 ut

2202 4046 2465 4111 mitteret,
2494 4054 2548 4098 et
2571 4044 2716 4113 quod
2746 4042 2882 4095 bona
2906 4039 2988 4093 eis
3017 4039 3138 4108 ipse
3172 4033 3464 4092 consolator
3480 4024 3665 4082 conferret

2202 4226 2384 4282 subdit
2409 4243 2422 4278 :
2456 4224 2601 4278 Vada
2626 4224 2695 4277 ad
2716 4238 2832 4277 eum
2855 4221 2945 4293 qui
2975 4219 3117 4274 misit
3145 4233 3245 4272 me.
3265 4215 3395 4283 Quid
3420 4221 3488 4265 est
3514 4206 3667 4261 [totum

2202 4319 2346 4390 quod
2375 4319 2511 4373 dicis
2528 4319 2553 4371 ?
2583 4316 2662 4370 Tu
2686 4330 2903 4385 semper
2923 4329 2983 4368 es
3006 4327 3134 4366 cum
3162 4310 3337 4371 Patre,
3367 4317 3415 4361 et
3440 4303 3567 4357 Pater
3585 4307 3667 4348 stl-

2201 4426 2300 4481 per
2348 4418 2551 4473 tecum,
2596 4408 2870 4479 quomodo
2914 4405 2983 4459 ad
3018 4419 3147 4458 eum
3187 4403 3268 4456 ire
3301 4409 3457 4468 potes.
3495 4396 3668 4481 cuius?
3734 4426 3735 4479 ξ

446 4576 449 4585 ι
511 4474 923 4581 ιοιιιιίιιιτ.υριιιιι
954 4474 1502 4580 ptmcorisidcratiobe
1546 4510 1819 4582 loquatur,
1846 4509 2002 4580 juxta
2036 4511 2099 4566 il-
2131 4520 2177 4575 ι)
2204 4515 2418 4571 semper
2445 4515 2610 4553 unum
2638 4508 2694 4553 et
2740 4499 2905 4551 idem.
2932 4495 3029 4551 es?
3064 4492 3259 4548 Nonne
3291 4506 3405 4585 cum
3429 4488 3509 4539 hoc

438 4668 443 4671 _
511 4600 603 4657 lml
628 4600 902 4673 Sapientis
926 4619 979 4658 ει
1008 4601 1142 4657 Cum
1174 4602 1256 4656 vis
1281 4601 1483 4672 aliquid
1517 4602 1695 4656 alieno
1721 4602 1925 4665 dicere,
1950 4602 2099 4673 prius

444 4762 447 4765 Α
512 4692 600 4750 dic
628 4693 745 4749 tibi.
781 4711 800 4745 ι
845 4692 1140 4755 Caeterum,
1184 4693 1342 4747 istam
1379 4693 1691 4750 tarditatem
1732 4695 1806 4748 ita
1852 4696 2101 4750 modere-

513 4801 657 4852 mur,
690 4794 747 4840 ut
788 4801 888 4842 nec
930 4786 1217 4856 loquamur
1250 4798 1377 4842 ante
1416 4797 1648 4855 tempus,
1682 4804 1782 4841 nec
1820 4802 2101 4844 cessemus
2134 4808 2139 4813 ε

450 4946 455 4959 τ
513 4880 569 4935 in
603 4889 864 4950 tempore.
892 4877 1023 4934 Nam
1061 4880 1204 4935 sicut
1248 4881 1439 4936 vitiosa
1470 4891 1553 4935 est
1590 4880 1902 4936 festinantia
1934 4881 2100 4936 nimia
2132 4872 2138 4907 ί

440 5040 447 5051 ⁸
513 4969 787 5041 loquendi,
817 4971 889 5025 ita
919 4981 973 5025 et
1010 4971 1176 5025 nimia
1210 4971 1454 5027 tarditas.
1493 4971 1769 5043 Scriptum
1799 4982 1884 5026 est
1913 4971 2057 5026 euint
2083 4987 2099 5026 :
2125 4982 2133 4991 '

442 5126 445 5131 I
526 5060 615 5120 Vw
652 5066 803 5129 mihi,
831 5065 955 5136 quia
986 5066 1129 5119 tacui
1157 5065 1179 5119 .'
1204 5063 1339 5136 (lsa.
1387 5064 1490 5135 vt.)
1520 5063 1633 5118 Non
1686 5064 1828 5118 enim
1865 5079 2099 5128 nmrum,
2134 5080 2137 5081 ν

513 5156 609 5211 sed
635 5157 834 5210 ostium
859 5157 1000 5226 quod
1027 5173 1168 5210 nunc
1196 5156 1486 5220 clauditur,
1512 5171 1656 5209 nunc
1686 5158 1950 5224 aperitur,
1980 5164 2104 5209 orat

440 5316 443 5317 ν
514 5232 785 5319 Propheta
812 5248 891 5302 ori
923 5264 1024 5305 suo
1052 5248 1272 5319 apponi,
1297 5248 1483 5302 dicens
1513 5263 1529 5301 :
1560 5244 1727 5311 Pone,
1755 5247 1993 5310 Domine,
2014 5263 2104 5300 cu-

515 5343 741 5398 stodiant
774 5341 855 5396 ori
891 5358 1003 5396 meo
1044 5351 1090 5395 et
1128 5346 1319 5395 ostium
1351 5340 1761 5393 circumstantia-
1792 5339 1946 5393 labiis
1974 5339 2103 5391 meis

436 5416 443 5503 ς
517 5435 692 5508 (Psal.
741 5434 891 5503 CXL.)
932 5432 1047 5490 Non
1099 5442 1279 5489 autem
1310 5449 1376 5489 eo
1426 5431 1584 5486 modo
1646 5429 1867 5501 intelligi
1924 5431 2104 5495 debet,

516 5533 661 5601 quod
692 5530 891 5585 dicitur
919 5528 1104 5583 tardus
1130 5528 1198 5584 ad
1226 5528 1385 5592 iram,
1422 5541 1532 5597 quo
1565 5525 1887 5594 intelligitur
1920 5524 2106 5579 tardus

520 5623 587 5678 ad
619 5623 968 5693 loquendum.
1004 5620 1122 5677 Non
1151 5625 1295 5675 enim
1328 5620 1469 5675 sicut
1504 5618 1797 5689 aliquando
1829 5617 1997 5686 loqui,
2029 5616 2105 5670 ita

439 5772 461 5793 η
521 5716 810 5784 aliquando
840 5716 1037 5771 bonum
1068 5721 1151 5769 est
1186 5711 1370 5778 irasci,
1392 5711 1486 5767 sed
1517 5712 1830 5781 praecipitur
1862 5707 2019 5763 nobis
2048 5716 2107 5761 ut

525 5808 571 5863 si
596 5821 807 5876 semper
851 5808 988 5863 iram
1030 5808 1205 5864 vitare
1235 5819 1340 5861 non
1372 5818 1682 5876 possumus,
1712 5801 2109 5872 saltetn‘quan-

2205 4605 2372 4658 terra,
2400 4605 2453 4648 ιιι
2489 4609 2549 4647 es
2586 4606 2709 4646 cum
2743 4588 2901 4644 Patre
2946 4589 3001 4643 in
3031 4587 3198 4649 caelo,
3233 4595 3290 4640 et
3330 4582 3473 4638 Pater
3499 4587 3619 4629 tectu:
3640 4580 3667 4616 ω

2205 4686 2391 4742 terra?
2423 4684 2644 4740 Fratres
2670 4683 2797 4748 tnei,
2819 4680 3096 4751 quomodo
3116 4678 3290 4733 Filius
3320 4673 3404 4730 Dei
3734 4710 3735 4717 χ

2203 4777 2366 4833 Patre
2396 4778 2447 4831 in
2478 4786 2700 4840 terram,
2720 4783 2776 4829 et
2807 4776 2879 4828 ita
2907 4788 2937 4828 a
2963 4772 3166 4828 mundo
3188 4766 3421 4825 ascendit
3442 4765 3497 4817 ad
3516 4746 3666 4849 Patrue?

2205 4876 2498 4932 Descendit
2519 4874 2857 4937 humiliatus,
2878 4867 3476 4936 ascenditglorilieatns;

2205 4981 2301 5035 per
2329 4964 2686 5020 lnnnilitatem
2718 4959 3125 5023 incarnationis,
3150 4953 3387 5012 ascendit
3411 4964 3493 5020 per
3510 4939 3667 5029 adulta?

2209 5060 2409 5114 tionem
2444 5054 2876 5128 glorificationis.
2926 5050 3216 5107 Descendit
3255 5047 3437 5115 quippe
3468 5052 3542 5115 per

2208 5151 2503 5211 liationcm,
2544 5165 2639 5218 per
2664 5145 3177 5207 dissimilitudinem,
3222 5157 3318 5211 per
3357 5130 3664 5218 Ιυινίοιιθτξπιυ·

2209 5252 2338 5297 tem.
2370 5240 2474 5297 Per
2511 5239 3034 5310 dissimilitudinem,
3060 5235 3188 5305 quia
3217 5236 3284 5287 de
3315 5232 3532 5285 Creatori:

2207 5342 2291 5387 est
2317 5342 2589 5395 creatura,
2614 5341 2668 5385 et
2694 5304 3097 5399 ιιιέίιηιιιιεδίιιίιί
3123 5322 3407 5397 paSsibilis.
3435 5315 3516 5370 Pet
3536 5304 3663 5362 ῑυιὶθέν

2210 5426 2548 5487 seuritatem,
2569 5424 2693 5493 quia
2718 5425 2808 5495 qui
2835 5424 2887 5478 in
2910 5421 3050 5477 caelo
3075 5420 3246 5489 magis
3271 5431 3385 5472 esse
3403 5408 3595 5467 certatur.
3612 5406 3661 5461 pd

2210 5519 2313 5573 loci
2365 5518 2677 5585 puritatem,
2726 5518 2974 5587 apparuit
3018 5516 3332 5569 incarnatus
3376 5510 3422 5562 in
3455 5498 3659 5559 malitia.“

2210 5627 2319 5681 quo
2352 5610 2491 5665 Dens
2526 5610 2703 5664 mith
2731 5625 2852 5664 esse
2884 5608 3096 5661 videtur
3124 5620 3224 5674 per
3253 5603 3349 5657 loci
3376 5591 3655 5654 obscuritate.

2212 5703 2475 5757 Ascendit
2518 5717 2732 5772 quoque
2782 5717 2879 5770 per
2928 5695 3333 5771 glorificationis
3375 5684 3655 5746 enimuere".

2205 5795 2361 5867 juxta
2382 5794 2510 5851 illud
2529 5810 2543 5849 :
2559 5790 2740 5848 Gloria
2758 5803 2805 5847 et
2825 5798 3018 5847 honore
3036 5790 3295 5845 coronusti
3312 5800 3416 5839 eum
3435 5776 3562 5849 (Pici.
3578 5782 3651 5821 "vr
