3822 6316
543 410 681 468 1895

1526 408 1873 466 ADDENDA.
1908 438 1980 452 -—
2011 403 2364 465 RADULPlll
2404 402 2768 462 ARDENTIS.

3588 418 3677 479 1896

541 527 619 580 tos
645 541 771 580 suos
803 540 873 578 ao
904 522 1222 595 petendum,
1261 526 1501 580 secundo
1538 527 1785 595 praedicit
1809 526 1888 580 eis
1912 526 2125 597 quando
2158 525 2204 582 Λ
2232 523 2431 577 fratres
2484 522 2624 585 mei,
2672 536 2701 574 τι
2749 520 2969 575 domino
3026 521 3244 591 petenda
3297 537 3401 579 esse
3439 532 3676 596 temporalia,

541 626 690 671 recte
714 617 886 671 scient
916 627 1139 686 petere,
1172 617 1329 671 tertio
1356 616 1590 670 ostendit
1634 624 1761 671 tunc
1795 616 2004 672 Patrem
2056 617 2121 670 ad

538 708 866 763 audiendum
899 725 995 764 eos
1036 708 1152 764 fore
1183 710 1495 778 prepitiutn,
1543 722 1737 779 quarto
1780 710 2125 782 stthjungitur

540 801 928 870 discipulorum
958 802 1254 872 responsio.
1295 801 1480 856 Printo
1506 802 1648 856 enim
1681 803 1953 859 instruens
2012 804 2123 857 dis-

540 893 747 962 cipulos
799 910 925 949 suos
973 895 1039 949 ad
1082 896 1406 965 petendum,
1455 895 1565 948 ait:
1601 895 1764 949 Anien
1807 912 1957 949 amen
2002 897 2121 950 dico

539 987 706 1054 vobis,
736 988 780 1041 si
807 988 937 1058 quid
959 988 1205 1057 petieritis
1239 985 1449 1039 Patrem
1479 987 1530 1041 in
1564 990 1773 1041 nomine
1796 1003 1931 1055 meo,
1977 988 2125 1042 dabit

540 1079 703 1132 vobis.
742 1078 835 1132 llis
864 1079 1041 1132 verbis
1072 1079 1289 1133 instruit
1319 1094 1417 1132 nos
1446 1079 1728 1143 Dominus,
1756 1080 1953 1133 fratres
1993 1081 2119 1143 mei,

539 1178 599 1223 ut
638 1171 682 1225 si
715 1171 957 1223 vohuuus
987 1170 1209 1241 petittnn
1243 1172 1356 1225 dati
1391 1172 1578 1236 nobis,
1606 1182 1856 1241 petamus
1884 1172 2037 1242 quid,
2070 1185 2121 1228 et

540 1277 571 1317 ει
602 1261 779 1327 Patre,
825 1272 878 1315 et
916 1263 967 1315 ιιι
1025 1262 1241 1315 nomine
1270 1261 1395 1316 .lesu
1430 1262 1657 1318 Christi.
1695 1264 1756 1317 Et
1783 1265 1827 1317 si
1882 1266 1983 1319 ista
2019 1264 2121 1317 tria

541 1354 935 1417 concurrerint,
969 1353 1276 1418 conﬁrmat,
1308 1370 1401 1423 per
1440 1354 1855 1425 duplicationem
1883 1356 2122 1411 aliirma-

543 1446 634 1499 tivi
667 1445 928 1513 adverbii,
952 1462 1125 1511 amen,
1154 1446 1277 1515 quia
1303 1446 1453 1500 dabit
1492 1447 1668 1501 nobis.
1696 1446 1786 1501 llle
1818 1449 1948 1517 petit
1975 1447 2124 1517 quid,

542 1536 594 1591 id
626 1546 727 1603 est,
778 1537 999 1607 aliquid,
1030 1538 1121 1607 qui
1164 1538 1295 1607 petit
1359 1538 1503 1591 illam
1562 1553 1724 1591 unam
1785 1538 2125 1606 petitionem,

540 1645 703 1698 quam
728 1629 1015 1685 PSaImista
1050 1631 1308 1699 postulat,
1339 1631 1525 1685 dicens
1555 1646 1570 1684 :
1617 1629 1786 1684 Unam
1810 1634 1932 1699 petii
1956 1650 1987 1683 ιι
2016 1632 2125 1684 Do-

540 1721 708 1784 mino,
741 1722 875 1774 lianc
908 1721 1191 1790 requiram.
1226 1730 1283 1773 ut
1317 1722 1603 1774 inhabilem
1635 1722 1688 1774 in
1713 1731 1866 1775 domo
1910 1722 2126 1776 Domini

540 1814 780 1867 omnibus
837 1814 1016 1866 diebus
1063 1816 1178 1867 ιοὶιαε
1223 1830 1350 1867 mea:
1379 1813 1549 1882 (I’sal.
1586 1815 1756 1882 χιιι).
1793 1814 1857 1867 Ει
1907 1815 1973 1869 de
2020 1829 2125 1884 qua

2231 618 2530 687 priesertim
2568 632 2690 671 cum
2721 615 2961 669 Ecclesia
2985 615 3222 686 quotidie
3259 626 3361 669 oret
3384 632 3467 687 pro
3489 635 3601 689 pace,
3620 643 3677 695 pro

2236 711 2491 773 aanitate,
2522 726 2622 779 pro
2676 708 2976 774 fertilitate,
3010 708 3102 762 sed
3130 707 3224 761 ista
3259 723 3367 762 cum
3395 709 3496 764 linis
3534 718 3681 771 rectitu-

2231 806 2377 868 dine,
2429 814 2482 858 et
2510 821 2631 859 cum
2658 803 2983 858 conditionis
3026 803 3334 858 discretione
3376 809 3562 876 petenda
3588 825 3682 867 Sunt.

2231 898 2331 965 Qui
2359 897 2502 952 enim
2534 912 2594 951 ea
2623 906 2839 966 propter
2865 910 2923 949 se
2941 936 2955 957 ,
2980 912 3085 949 nou
3134 907 3340 963 propter
3367 912 3549 966 regnum
3577 903 3684 957 emta.

2233 1005 2353 1044 runt
2386 989 2825 1059 consequendum
2856 990 3014 1058 petit,
3064 988 3198 1042 male
3228 991 3366 1057 petit,
3401 1005 3483 1043 nec
3522 996 3687 1051 exaudiri

2232 1093 2555 1138 mereretur.
2603 1082 2753 1137 Uttde
2791 1080 3047 1143 Jaeohns,
3102 1078 3280 1133 Petitis
3317 1092 3359 1134 et
3397 1100 3480 1137 non
3508 1087 3686 1151 accipitis.

2231 1191 2291 1227 eo
2318 1175 2458 1243 quod
2486 1173 2623 1227 male
2650 1174 2837 1243 petatis
2877 1171 2933 1239 (.l
2940 1190 3019 1225 ac.
3053 1173 3149 1241 tv),
3179 1181 3233 1225 ut
3264 1172 3312 1226 in
3351 1178 3690 1242 concupiscentiis

2229 1266 2426 1320 vestris
2450 1266 2758 1319 insinttatis.
2796 1264 3023 1329 Rursus,
3056 1267 3145 1333 qui
3199 1264 3311 1318 sine
3354 1268 3608 1321 conditionis
3639 1271 3689 1323 (ii-

2238 1358 2511 1411 scretione
2539 1358 2669 1426 petit
2696 1358 3035 1426 temporalia,
3060 1355 3222 1411 stulte
3245 1358 3385 1427 petit,
3413 1375 3495 1413 nec
3526 1363 3689 1416 exaudiri

2232 1461 2492 1503 meretur.
2535 1449 2830 1504 indiscrete
2871 1450 3007 1518 petit
3040 1448 3236 1502 Paulus
3280 1465 3307 1502 a
3335 1465 3386 1504 se
3413 1450 3685 1517 tolliangelult

2233 1542 2468 1606 Satanze,
2496 1543 2587 1611 qui
2614 1542 2800 1613 utique
2842 1542 2944 1595 sibi
2981 1541 3318 1596 necessarius
3344 1550 3447 1595 erat
3480 1542 3530 1595 ad
3548 1559 3689 1597 mater.

2231 1636 2503 1690 vatiouem
2530 1633 2881 1694 humilitatis,
2901 1634 3043 1687 unde
3076 1649 3176 1689 nec
3201 1634 3481 1697 exauditur,
3507 1636 3573 1687 sed
3592 1636 3623 1689 ei
3641 1636 3693 1690 di-

2232 1727 2411 1781 citur:
2478 1724 2658 1778 Virtus
2702 1725 2755 1778 in
2799 1724 3106 1794 inﬁrmiiate
3140 1724 3489 1795 perﬁcitur“!
3511 1724 3697 1799 Coma).

2236 1816 2393 1872 Unde
2427 1818 2563 1871 idem
2596 1819 2663 1869 de
2696 1830 2755 1869 se
2783 1817 2983 1869 ibidem
3017 1816 3189 1869 dicit:
3232 1814 3307 1869 Ne
3334 1818 3589 1887 magnitudo
3610 1836 3701 1873 rere

541 1902 804 1957 Dominus
837 1903 981 1962 alibi.
1022 1905 1247 1970 primum
1275 1905 1490 1973 quaerite
1522 1921 1734 1974 regnum
1767 1905 1860 1957 Dei
1885 1916 1932 1959 et
1954 1906 2120 1975 justi-
2162 1901 2204 1981 1}
2234 1910 2495 1962 lationttm
2522 1909 2745 1962 extollat
2772 1924 2877 1971 me,
2908 1909 3065 1961 datus
3087 1918 3175 1964 est
3196 1909 3320 1961 mihi
3343 1909 3703 1979 stiuutluscarnit,

542 1996 668 2048 tiam
706 1996 819 2064 ejus
848 1995 1065 2065 (Matth.
1095 1999 1190 2061 v.).
1238 1996 1368 2049 Illud
1417 1997 1560 2049 enim
1616 1998 1666 2050 itt
1719 1999 2128 2067 comparatione

545 2098 919 2159 temper-anan:
951 2093 1237 2155 bonorum,
1268 2107 1392 2144 vere
1421 2090 1680 2161 estquid,
1710 2092 1833 2159 quia
1883 2100 1962 2145 est
1998 2108 2125 2163 per-

541 2195 799 2254 petuum,
854 2185 1186 2240 immutabile
1232 2193 1284 2238 et
1329 2181 1617 2237 subiciens.
1679 2183 1953 2252 Quidquid
1997 2198 2127 2237 vero

546 2276 841 2347 temporale
869 2287 949 2329 est
982 2290 1087 2330 non
1120 2284 1203 2329 est
1239 2289 1364 2329 vere
1386 2274 1539 2343 quid,
1586 2274 1710 2343 quia
1734 2284 1817 2326 est
1841 2274 2124 2341 variabile,

545 2368 704 2422 labile
749 2380 803 2423 et
850 2367 1222 2423 insnfiiciens:
1265 2366 1415 2423 Unde
1456 2366 1670 2420 illorum
1714 2366 1917 2421 nullum
1967 2369 2130 2421 satiat

544 2459 826 2516 habentes.
848 2462 919 2515 De
935 2463 1131 2532 quibus
1154 2462 1429 2528 Salomon,
1484 2460 1705 2515 Vauitas
1739 2462 2030 2515 ranitatum
2082 2470 2131 2515 et

543 2554 715 2607 omnia
732 2556 933 2607 vanitas
948 2552 1147 2625 (Ercle.
1172 2556 1232 2623 t).
1250 2552 1363 2607 Non
1380 2554 1523 2608 enim
1543 2570 1668 2608 vere
1690 2564 1794 2616 est,
1811 2553 1953 2623 quod
1969 2554 2129 2609 modo

541 2649 939 2709 cst,modonon
972 2659 1070 2701 est.
1102 2648 1201 2715 Qui
1233 2663 1360 2718 ergo
1385 2646 1489 2701 tale
1512 2648 1665 2716 petit.
1692 2648 1985 2718 quidquam
2021 2661 2129 2701 non

542 2738 698 2809 petit.
734 2737 888 2794 Unde
916 2750 969 2793 et
1016 2742 1103 2795 hic
1138 2742 1393 2794 Dominus
1447 2742 1721 2811 subiungit
1748 2760 1761 2795 :
1793 2740 2128 2812 Usquemodo

542 2846 647 2885 non
673 2834 871 2903 petistis
901 2834 1183 2905 quidquam
1205 2835 1256 2888 in
1282 2835 1489 2888 nomine
1515 2852 1646 2887 meo.
1671 2834 1835 2888 Multa
1859 2834 2127 2904 siquidem

541 2923 815 2993 petierant
852 2924 1099 2995 discipuli
1124 2943 1151 2977 ιι
1181 2926 1429 2980 Domino.
1474 2926 1753 2980 Petierunt
1799 2923 2034 2979 Jacohns
2074 2936 2129 2980 et

540 3014 777 3071 Joannes
809 3026 867 3070 ut
904 3020 1173 3081 sederent,
1200 3019 1338 3073 alter
1367 3020 1433 3073 ad
1467 3020 1769 3083 dexteram,
1800 3029 1851 3073 et
1892 3020 2030 3073 alter
2061 3020 2128 3075 ad

543 3109 820 3164 s‘nistram
851 3109 965 3179 ejus
989 3110 1040 3164 in
1086 3127 1252 3181 regno
1278 3128 1373 3165 suo
1399 3111 1617 3183 (Matth.
1660 3112 1776 3180 xx).
1827 3110 2126 3177 Petierunt,

543 3208 602 3252 ιιι
633 3199 772 3270 ignis
801 3200 867 3255 de
893 3201 1035 3255 eualo
1059 3204 1405 3257 combureret
1436 3203 1809 3256 Samaritanos
1836 3200 1992 3271 (Luc.
2026 3206 2124 3272 Ix).

541 3290 780 3346 Pctierat
820 3293 974 3347 beata
1020 3292 1181 3365 Virgo
1223 3295 1402 3348 vinum
1451 3296 1503 3349 in
1551 3297 1771 3365 nuptiis.
1823 3296 2003 3367 (Joau.
2041 3300 2126 3368 ιι).

540 3378 818 3439 Petierunt
844 3383 1098 3455 discipuli
1128 3385 1354 3440 salutem
1402 3385 1523 3439 tilia:
1555 3386 1876 3443 Chananwzc
1909 3391 2125 3461 (Matth.

542 3474 637 3545 xv)
669 3493 681 3529 :
714 3484 768 3530 et
811 3484 994 3531 tamen
1028 3477 1159 3531 dicit
1205 3479 1285 3531 eis
1344 3478 1622 3542 Dominus,
1667 3483 1983 3550 usquemodo
2025 3501 2129 3538 non

540 3570 738 3641 petistis
777 3569 1083 3640 quidquam.
1120 3569 1254 3637 Quia
1280 3571 1424 3624 enim
1450 3574 1765 3642 temporalia
1792 3577 2130 3643 quarrebaut,

542 3664 838 3733 quidquam
867 3682 969 3719 non
999 3664 1274 3734 petebant,
1318 3668 1410 3719 sed
1462 3667 1589 3734 quid
1636 3675 1823 3734 petere
1873 3669 2127 3735 debeant,

543 3758 801 3823 ostendit,
826 3774 947 3811 cum
977 3758 1175 3812 subdit.
1212 3755 1380 3811 Potite
1411 3767 1458 3810 et
1490 3758 1777 3827 accipietis,
1801 3768 1856 3811 ut
1876 3761 2131 3828 gaudium

543 3860 766 3904 vestrum
798 3850 863 3902 sit
886 3848 1120 3918 plenum.
1150 3848 1213 3902 Et
1242 3848 1542 3917 accipietis,
1573 3848 1853 3914 subaudis,
1880 3851 1923 3904 si
1958 3867 1987 3903 a
2020 3851 2126 3905 Pa-

542 3948 626 3995 tre
654 3950 707 3997 et
740 3942 793 3995 in
825 3942 1040 3996 nomine
1067 3939 1193 3995 Jesu
1244 3941 1460 4010 petatis.
1491 3940 1546 3995 ιιι
1592 3942 1690 3996 hac
1749 3944 1878 4003 vita,
1916 3944 2124 3998 fratres

541 4034 674 4101 tnei,
704 4050 808 4087 non
837 4043 1014 4105 potest
1036 4048 1157 4087 esse
1190 4034 1403 4103 plenum
1442 4036 1734 4104 gaudium,
1768 4039 1860 4091 sed
1893 4037 2132 4107 particu-

541 4123 678 4189 lare,
706 4120 1052 4192 insulhcicns,
1077 4134 1129 4179 et
1174 4126 1360 4179 breve.
1408 4124 1761 4188 Pztrticulare.
1795 4129 2049 4197 quoniam
2085 4130 2130 4183 si

541 4217 597 4273 iu
624 4219 806 4288 aliquo
835 4219 1094 4282 succedit,
1132 4218 1255 4273 huic
1286 4219 1488 4272 homini
1523 4237 1626 4273 non
1661 4220 1924 4277 succedit.
1957 4221 2131 4276 lnsuf-

543 4311 753 4374 ficiens,
784 4311 1039 4381 quoniam
1077 4312 1127 4365 itt
1154 4328 1260 4378 quo
1286 4313 1335 4367 ei
1361 4313 1625 4376 succedit,
1656 4312 1707 4366 in
1756 4313 1945 4367 eodem
1979 4325 2130 4384 optat

543 4406 737 4463 melius
783 4406 961 4461 adhuc
1010 4406 1299 4462 succedere
1344 4407 1466 4460 sibi.
1515 4405 1705 4470 Breve,
1738 4408 2020 4476 quoniam,
2074 4417 2131 4462 ut

542 4501 620 4557 ait
647 4502 947 4557 Salomon:
997 4500 1150 4556 Risus
1208 4502 1387 4555 dolore
1435 4501 1757 4567 miscebitur,
1807 4513 1853 4553 et
1898 4513 2129 4556 extrema

540 4598 723 4668 gaudii
754 4598 925 4651 luctus
956 4606 1169 4666 occupat
1205 4594 1387 4665 (Prov.
1421 4596 1554 4663 xw).
1579 4594 1843 4648 Caeterum
1867 4610 1896 4647 e
1915 4605 2130 4649 contra-
2161 4614 2209 4673 Β
2236 4589 2554 4657 piirareritis
2577 4590 2863 4653 orationes,
2891 4603 2994 4639 non
3012 4586 3308 4639 exaudiam
3330 4601 3436 4639 ros.
3472 4581 3637 4638 Manus
3662 4596 3697 4627 (υ

541 4693 623 4747 rio
647 4692 697 4745 itt
722 4690 900 4745 futura
929 4691 1034 4743 vita
1068 4692 1171 4743 erit
1201 4688 1415 4759 plenum
1440 4687 1717 4758 gaudium,
1746 4688 1999 4758 quoniam
2028 4688 2132 4742 erit

542 4784 868 4852 universale,
898 4780 1169 4838 sufﬁciens
1195 4791 1250 4837 et
1297 4789 1557 4836 aeternum
1587 4798 1602 4835 :
1629 4781 1961 4845 universale,
1999 4797 2131 4849 quo-

540 4880 688 4936 niam
714 4880 767 4935 itt
792 4878 1043 4933 omnibus
1074 4877 1209 4931 bene
1237 4877 1509 4938 succedet,
1546 4874 1818 4930 sutlit-iens
1871 4875 2125 4944 quoniatn

539 4992 700 5032 nemo
741 4973 932 5027 melius
991 4970 1091 5025 sibi
1123 4970 1418 5025 succedere
1465 4970 1649 5036 volet;
1679 4978 1959 5033 aeternum,
1989 4982 2127 5037 quo.

540 5075 687 5129 niatu
720 5070 897 5126 nullus
923 5084 1123 5125 mmror
1152 5068 1200 5124 ei
1228 5070 1501 5123 succedet.
1528 5066 1729 5137 Itaque,
1771 5067 1967 5121 fratres
2001 5066 2127 5131 mei,

540 5165 717 5221 edocti
771 5180 800 5216 a
840 5161 1103 5227 Domino,
1150 5178 1257 5235 non
1307 5172 1552 5233 petamus
1609 5160 1748 5214 mala
1796 5177 1824 5213 a
1869 5160 2145 5226 Domino;

540 5267 599 5311 ut
651 5256 869 5327 quidam
921 5253 1158 5316 faciunt,
1209 5261 1453 5323 petentes
1526 5253 1783 5306 damnum
1853 5252 2129 5322 proximi,

540 5352 623 5406 vel
665 5360 890 5405 mortem
937 5347 1160 5404 inimici.
1200 5347 1310 5402 Nec
1351 5356 1598 5415 petamus
1647 5361 1675 5399 a
1731 5345 1955 5400 Domino
1992 5360 2129 5398 vana

535 5450 603 5503 ut.
642 5443 859 5513 quidam
916 5440 1122 5495 fueiunt
1169 5449 1413 5510 petentes
1446 5438 1696 5502 divitias,
1748 5437 1949 5507 glorias
1977 5476 1992 5502 ,
2036 5438 2132 5491 ho-

540 5552 727 5601 nores,
782 5536 1105 5605 voluptates,
1153 5542 1210 5587 et
1258 5534 1452 5601 gaudia
1506 5532 1797 5595 mundana,
1830 5531 1922 5585 sed
1953 5530 2131 5601 potius

541 5644 789 5704 petamus
859 5626 1197 5685 immutabile
1265 5627 1500 5691 bonum,
1566 5634 1817 5694 petamus
1883 5633 1940 5677 ut
1998 5637 2130 5693 gau-

542 5726 686 5780 dium
738 5730 978 5777 nostrum
1028 5720 1099 5773 sit
1137 5717 1373 5789 plcmnn.
1423 5718 1529 5773 Sed
1570 5729 1623 5771 ct
1670 5718 1716 5770 si
1747 5717 1966 5787 quando
1992 5726 2129 5771 tem-
2170 5754 2173 5755 ν

541 5813 744 5886 poralia
771 5814 912 5865 bona
938 5808 1204 5878 petimus,
1234 5818 1454 5880 propter
1483 5823 1709 5878 regnum
1761 5807 2023 5861 enatorum
2073 5816 2128 5859 et

545 5908 610 5962 ad
644 5917 866 5974 regnum
898 5901 1153 5955 eceteram
1206 5918 1266 5954 ea
1316 5912 1585 5971 petamus.
1627 5899 1741 5954 Non
1792 5917 1925 5969 nego
1978 5898 2123 5953 enim

2234 2002 2452 2070 angelus
2468 2001 2679 2055 Satanze
2693 2001 2781 2070 qui
2799 2018 2881 2054 me
2894 2001 3193 2071 colaphizot
3204 2042 3217 2055 .
3230 2001 3615 2061 Proinde,fr.ttrts
3626 2008 3704 2067 mei,

2235 2110 2460 2163 regnum
2493 2093 2583 2148 Dei
2611 2103 2829 2163 propter
2845 2108 2902 2145 se
2924 2103 2979 2147 et
3002 2094 3368 2163 principaliter
3383 2102 3606 2161 petamus;
3624 2105 3705 2149 tem-

2234 2185 2437 2255 poralia
2465 2201 2593 2239 vero
2613 2202 2717 2238 non
2742 2196 2961 2255 propter
2983 2202 3066 2248 se,
3098 2186 3196 2239 sed
3214 2196 3420 2255 propter
3438 2187 3562 2243 illud.
3580 2197 3614 2239 et
3632 2202 3704 2239 cum

2235 2278 2563 2333 comlitiouis
2592 2279 2959 2341 discretione;
2994 2288 3053 2333 ut
3089 2279 3338 2333 videlicet
3365 2280 3445 2333 det
3467 2280 3706 2335 nobiseasi

2235 2370 2432 2439 placet,
2463 2379 2516 2423 et
2543 2370 2586 2424 si
2611 2371 2711 2423 scit
2738 2387 2799 2423 ea
2825 2370 2981 2423 nolis
3009 2370 3273 2439 expedire
3294 2412 3307 2429 .
3336 2370 3422 2439 qui
3446 2372 3567 2423 novit
3590 2370 3709 2421 melius

2238 2460 2396 2513 nobis
2424 2475 2541 2527 qua:
2570 2460 2858 2529 expediant
2892 2461 3065 2513 nobis.
3115 2459 3289 2527 Quem
3337 2462 3526 2514 modum
3571 2462 3708 2530 petendi

2238 2554 2353 2624 ipse.
2382 2556 2536 2608 nobis
2563 2554 2808 2623 exemplo
2830 2555 2910 2608 sui
2958 2555 3374 2617 demonstravit,
3403 2554 3481 2621 qui
3505 2570 3599 2607 ctun
3634 2569 3710 2605 cono

2236 2647 2438 2701 ditionc
2467 2646 2691 2700 calicem
2719 2646 2984 2716 passionis
3013 2659 3043 2698 a
3069 2659 3131 2697 se
3162 2644 3435 2699 transferri
3462 2645 3639 2712 rogarit,
3664 2645 3711 2693 dio

2237 2752 2397 2791 cens:
2433 2736 2613 2802 Pater,
2649 2737 2694 2788 si
2722 2736 2963 2804 possibile
2997 2746 3095 2801 est,
3138 2744 3371 2788 transeat
3394 2753 3424 2786 α
3452 2751 3519 2787 ine
3540 2736 3713 2786 manu

2238 2827 2457 2899 (Matth.
2494 2836 2663 2897 xum).
2697 2827 3010 2883 leestium
3046 2842 3181 2881 vero
3219 2838 3273 2880 et
3324 2826 3623 2896 spiritualium
3656 2826 3712 2876 [ιο-

2237 2938 2429 2977 norum
2463 2930 2610 2974 tanta
2644 2929 2727 2973 est
2754 2921 3007 2987 dignitas,
3037 2922 3186 2989 quod
3225 2937 3287 2974 ea
3338 2920 3549 2973 absolute
3570 2928 3607 2971 et
3642 2919 3714 2967 sine

2236 3014 2547 3070 conditione
2596 3012 2950 3083 postulamus.
2990 3011 3033 3066 Α
3070 3028 3183 3080 quo
3226 3023 3409 3081 petere
3446 3008 3708 3064 debemus”

2237 3108 2347 3162 Deo
2381 3105 2558 3160 Patre.
2591 3104 2763 3159 Porro
2800 3120 2921 3158 ctttn
2954 3102 3142 3167 Pater,
3174 3114 3230 3157 et
3278 3103 3460 3162 Filius.
3489 3112 3527 3155 et
3558 3101 3715 3167 Spiritus

2238 3211 2457 3257 sanctus
2499 3201 2607 3257 sint
2639 3215 2777 3254 untts
2804 3208 2996 3253 auctor
3024 3208 3079 3253 et
3130 3200 3384 3260 donator,
3413 3207 3558 3249 tamen
3595 3208 3720 3246 ouans

2239 3297 2409 3351 ferme
2434 3296 2711 3350 orationes
2761 3294 2947 3359 dirigit
3010 3292 3260 3347 Ecclesia
3326 3292 3389 3345 ad
3430 3291 3617 3345 Patrem.
3641 3304 3723 3355 pate
3770 3328 3771 3341 χ

2236 3405 2332 3445 cas
2366 3390 2430 3443 ad
2462 3388 2686 3450 Filium,
2714 3387 2997 3457 pauciores
3024 3387 3093 3439 ad
3134 3385 3399 3453 Spiritum
3428 3392 3637 3437 sanctum.
3768 3422 3769 3431 η

2236 3484 2581 3555 pra'cipiettte
2627 3484 2925 3535 mediatore
2967 3490 3157 3533 nostro
3188 3478 3320 3534 Jcsu
3354 3477 3561 3537 Christo,
3584 3490 3604 3525 ει
3629 3472 3726 3524 Patre
3766 3518 3767 3521 η

2235 3577 2414 3628 omnia
2442 3576 2579 3628 bona
2613 3584 2879 3643 petaums,
2912 3572 3175 3640 quoniam
3212 3571 3328 3641 ipse
3379 3578 3454 3623 est
3498 3566 3724 3637 principia-.2
3764 3586 3765 3613 ι

2238 3666 2358 3720 Filii
2387 3679 2440 3720 et
2468 3666 2702 3736 Spiritus
2742 3666 2938 3727 sancti,
2970 3665 3338 3733 omniumque
3366 3664 3613 3716 bonorum.
3640 3658 3727 3711 Uni:
3762 3690 3763 3703 η

2234 3767 2291 3811 et
2318 3757 2368 3810 in
2401 3756 2646 3811 oratione
2683 3755 2961 3809 Dominica
2993 3756 3059 3807 ad
3101 3756 3275 3809 Deum
3307 3754 3504 3807 Patrem
3535 3752 3727 3816 tlirigiustzt
3760 3778 3761 3793 ι

2238 3859 2841 3912 scrtnonetu,voeantes
2858 3864 2981 3900 eum
3016 3847 3520 3916 I‘att'ctu,quoniam
3552 3858 3729 3907 morem.
3758 3880 3759 3883 η

2239 3945 2335 3997 tris
2356 3944 2474 4013 pius
2488 3953 2569 3996 est
2593 3958 2754 4009 super
2770 3951 2981 3994 nostras
3002 3941 3298 4010 petitione.
3314 3940 3500 4009 justas,
3517 3939 3552 3989 si
3569 3934 3728 4003 peram
3754 3924 3757 4013 λ

2237 4036 2504 4089 dieudiam
2532 4046 2579 4089 et
2598 4034 2935 4089 sanctitatem
2964 4034 3111 4102 digiti
3140 4033 3263 4103 ejus
3289 4032 3458 4086 tiliiex
3492 4029 3733 4087 stiterimn;

2236 4129 2372 4181 alias
2406 4138 2658 4196 tanquam
2716 4126 3015 4197 degeneres
3058 4135 3112 4179 et
3169 4125 3421 4194 indignos
3462 4120 3644 4175 minime

2238 4220 2411 4273 audit.
2460 4219 2731 4286 Seriptum
2757 4227 2841 4271 est
2864 4216 3027 4271 enim.
3066 4216 3177 4282 Qui
3224 4215 3433 4269 obturat
3471 4218 3741 4285 auremsag

2238 4329 2299 4365 ne
2354 4313 2537 4363 audiat
2569 4311 2751 4377 legem,
2807 4309 2979 4361 oratio
3016 4309 3134 4376 ejus
3166 4306 3498 4361 exsecrabilis
3537 4316 3599 4357 est
3624 4302 3735 4377 tl’rcq

2234 4415 2451 4474 xxvnt);
2495 4415 2546 4457 et
2600 4402 2795 4456 lsaias:
2844 4400 2976 4455 Cum
3043 4402 3341 4455 levaveritis
3402 4404 3469 4452 ad
3506 4414 3578 4449 me
3624 4411 3702 4448 mat:

2238 4508 2453 4557 rastros,
2484 4506 2713 4548 avertam
2745 4494 2935 4561 {aciem
2966 4508 3133 4545 meam
3160 4509 3194 4544 a
3251 4492 3413 4551 vobis,
3442 4502 3484 4541 et
3508 4505 3607 4540 cum
3628 4482 3721 4535 nidi

3690 4140 3733 4167 ΙΩ

3690 4140 3753 4414 ζ]

3700 4414 3747 4719 i

3699 4719 3739 4872 ﬁl

3685 4872 3737 4984 Il

3686 4984 3734 5059 ἶ]

3674 5059 3734 5355 1

3670 5316 3700 5355 π

3600 5355 3725 5465 m

3667 5465 3724 6243 l

2237 4694 2418 4739 castra:
2446 4684 2698 4751 sanguine
2742 4681 2910 4749 plena:
2950 4688 3074 4731 sunt
3121 4676 3261 4747 (Isa.
3298 4681 3360 4747 t).
3414 4676 3465 4730 In
3505 4688 3597 4742 quo
3628 4680 3701 4738 p‘tf

2238 4775 2552 4831 debemus?
2585 4776 2636 4827 in
2668 4772 2911 4836 nomine,
2962 4772 3012 4824 id
3045 4780 3123 4825 est
3176 4772 3233 4824 in
3292 4771 3397 4826 title
3441 4770 3554 4823 Jesu
3594 4756 3717 4817 Clusi

2238 4872 2391 4941 Quod
2423 4872 2607 4940 utique
2660 4868 2910 4929 facimus,
2951 4864 2994 4919 si
3031 4866 3141 4918 veri
3181 4864 3480 4919 Christiani
3509 4854 3668 4913 Chrisu'

2238 4986 2354 5024 ram
2388 4969 2547 5022 tidem
2578 4974 2630 5019 et
2669 4964 2975 5019 doctrinam
3010 4972 3290 5017 tenemus.
3323 4957 3379 5013 In
3421 4954 3615 5011 Christo
3639 4946 3691 5003 cui

2236 5074 2290 5118 et
2321 5078 2415 5132 per
2456 5061 2729 5115 Christum
2764 5058 3117 5112 mediatorem
3149 5064 3430 5116 nostrum,
3462 5048 3546 5119 qui
3590 5054 3650 5098 ρει

2236 5167 2355 5213 ctor
2386 5165 2439 5208 et
2465 5165 2615 5207 actor
2629 5147 3251 5218 nostrreredetnptionis,
3284 5160 3382 5215 per
3404 5156 3553 5212 quem
3568 5135 3669 5193 habe

2236 5245 2708 5315 accessum,etqui
2738 5260 2835 5313 pro
2850 5237 3491 5310 nobisinterpellatapud
3508 5234 3673 5287 Patrem

2236 5340 2400 5394 lutetn
2421 5354 2447 5390 a
2466 5337 2623 5392 Patre
2653 5336 3037 5391 ohtittehimus.
3062 5330 3219 5387 Unde
3234 5340 3497 5384 etomnes
3510 5316 3700 5380 lenoni

2236 5449 2329 5487 ne'.
2344 5430 2443 5485 Per
2484 5429 2763 5483 Dominum
2804 5438 3036 5479 nostrum
3063 5422 3254 5476 Jcsum
3285 5419 3569 5481 Christum,

2235 5524 2431 5580 dentur
2460 5540 2476 5577 :
2510 5522 2776 5589 Quoniam
2806 5535 2909 5573 non
2940 5525 3023 5572 est
3048 5516 3193 5569 aliud
3224 5529 3431 5568 nomen
3458 5511 3511 5567 in
3542 5506 3667 5565 cule.

2237 5618 2289 5673 iit
2322 5628 2465 5671 terra
2495 5617 2546 5668 in
2577 5629 2686 5684 quo
2714 5620 2963 5682 oporteat
3000 5624 3099 5663 nos
3127 5607 3346 5661 salvari
3400 5606 3537 5675 (Act.
3566 5610 3638 5661 tt).
3663 5598 3684 5654 0

2234 5728 2367 5781 ergo
2391 5710 2562 5767 Judaei
2612 5719 2669 5765 et
2710 5705 2926 5778 pagani,
2961 5702 3193 5772 falsique
3247 5697 3568 5758 Christiani.
3612 5694 3650 5745 in

2232 5803 2436 5860 Christi
2470 5816 2576 5857 non
2608 5809 2818 5871 petunt,
2848 5806 3106 5852 aeternam
3145 5794 3397 5849 salutem
3441 5791 3648 5845 obtineri

2234 5906 2479 5967 possunt.
2510 5895 2715 5964 Itaque,
2743 5890 2937 5943 fratres
2966 5887 3089 5941 ttiL‘i.
3125 5885 3171 5936 si
3227 5883 3505 5955 petieritis
3545 5874 3657 5949 ιιιιὶιῖτ
