3826 6338
85 393 106 447 l
116 383 214 448 89?

787 384 1092 445 llOMlLl/E
1115 383 1186 442 IN
1212 379 1428 442 EPIST.
1471 379 1560 440 ET
1599 382 1852 441 EVAN'G.
1887 379 2184 440 DOMINIC.
2220 413 2291 426 ο-
2323 383 2506 440 PARS
2545 384 2587 440 l.

81 506 252 568 Patre,
279 499 331 559 in
379 495 596 558 nomine
619 498 744 556 Jesu
771 479 998 568 Christi,
1053 499 1180 555 illud
1223 498 1407 569 procul
1461 498 1627 554 dubio
1658 500 1704 556 Α
1731 498 1969 566 Domine,
2005 515 2160 570 quam
2201 498 2518 553 abscondisti
2542 497 2842 554 timentibus
2866 507 2916 553 te
2941 493 3120 570 (Psal.
3148 503 3324 575 xxx),

79 594 234 649 Pater
255 593 402 648 dabit
423 592 596 648 vobis.
628 591 742 647 Non
772 591 850 645 ait
871 591 998 657 illis,
1027 590 1133 646 Pro
1153 590 1344 660 quibus
1397 590 1636 660 potetis?

78 685 211 740 Nam
241 699 404 756 prava
437 684 544 739 vita
587 684 942 754 reproborum
1005 681 1281 737 multoties
1341 681 1522 736 obstat
1566 697 1636 737 ne

77 775 334 830 Dominus
380 775 656 832 orationes
690 788 789 846 pro
813 773 896 830 eis
944 772 1116 828 factas
1147 771 1427 828 exaudiat.
1479 769 1635 829 Unde

75 865 328 922 Dominus
369 879 468 935 per
501 865 812 936 prophetam
843 877 859 918 :
887 861 955 918 Et
985 874 1064 931 tu,
1087 863 1166 932 ﬁli
1213 862 1442 917 hantinis
1463 903 1478 927 ,
1531 879 1638 917 non

71 973 308 1013 assumas
339 956 548 1011 laudent
576 967 622 1011 et
645 957 934 1012 oralionem
987 970 1081 1024 pro
1127 953 1319 1024 populo
1356 955 1478 1020 isto,
1508 971 1636 1026 quo-

71 1050 211 1102 niam
238 1063 338 1102 non
379 1047 662 1100 exaudiam
699 1055 750 1100 te
787 1042 922 1114 (Jer.
950 1043 1049 1114 ιχ).
1078 1043 1162 1114 [Et
1206 1042 1358 1109 alibi,
1388 1045 1435 1098 si
1486 1049 1641 1097 stete-

70 1139 176 1192 rint
207 1136 409 1208 Moyses
431 1145 484 1191 et
510 1133 726 1191 Samuel
752 1149 930 1190 curant
954 1150 1056 1200 me,
1089 1150 1192 1189 non
1221 1144 1296 1188 est
1325 1131 1504 1188 anima
1523 1149 1638 1187 mea

68 1229 140 1282 ad
161 1227 405 1300 populant
436 1228 597 1282 istum
619 1225 755 1298 (Jer.
787 1225 992 1296 ιγ).Αο
1025 1225 1322 1280 sidiceret:
1350 1223 1456 1281 Nec
1477 1224 1638 1280 etiam

69 1334 168 1376 eos
187 1319 278 1390 qui
300 1318 356 1374 in
381 1318 756 1390 impetratione
780 1317 1044 1372 orationis
1063 1317 1362 1387 probantur
1383 1315 1638 1387 viguisse,

61 1409 282 1464 audiam
309 1424 410 1480 pro
433 1409 575 1474 istis,
602 1411 695 1464 sed
724 1418 780 1463 et
809 1407 854 1463 si
904 1406 1101 1462 fratres
1127 1406 1254 1470 mei,
1282 1421 1386 1460 non
1418 1405 1638 1459 dabitur

67 1516 175 1570 pro
203 1501 404 1572 quibus
439 1499 682 1569 reprobis
723 1496 1150 1569 postulaveritis,
1193 1505 1378 1552 tamen
1429 1493 1646 1552 dabitur

1733 588 2073 646 Abscondisti
2097 606 2126 645 a
2156 588 2576 662 negligentibus,
2601 596 2667 644 et
2697 589 2949 646 revelasti
2997 591 3308 652 timentibus

1733 687 1808 735 se.
1835 679 1951 738 lloc
1972 689 2058 735 est
2100 680 2243 752 quod
2286 680 2543 736 Dominus
2583 679 2690 735 ait:
2737 679 3066 736 Abscondisti
3119 684 3230 739 lucc
3269 701 3308 739 ι

1736 771 2056 839 sapientibus
2095 781 2146 826 et
2197 770 2563 842 prudentibus,
2603 781 2658 824 et
2699 771 2936 827 ret-claui
2977 789 3040 828 ea
3076 776 3310 845 parvulis

1740 861 1952 930 (Matth.
1982 863 2212 929 t1;Luc.
2240 863 2318 932 χ).
2357 861 2540 918 Potest
2591 862 2774 930 etiam,
2825 862 3038 931 fratres,
3091 874 3147 920 et
3193 866 3310 922 base

1739 953 1874 1008 hora
1928 952 2153 1023 intelligi
2181 955 2287 1007 vita
2316 951 2524 1017 futura,
2547 953 2759 1022 quando
2784 967 2893 1009 non
2910 951 3024 1023 iam
3063 956 3309 1012 exterius

1740 1059 1836 1113 per
1848 1043 2135 1112 proverbia
2165 1043 2414 1113 loquetur
2430 1043 2714 1108 Dominus,
2741 1043 2834 1100 sed
2857 1045 3018 1101 rebus
3045 1045 3178 1116 ipsis
3205 1062 3312 1102 no-

1741 1133 1826 1188 bis
1870 1133 2237 1202 loquentibus,
2281 1131 2462 1204 palam
2512 1133 2578 1188 de
2625 1131 2789 1190 Patre
2831 1135 3170 1193 annuutiabit
3208 1151 3314 1195 uo-

1741 1225 1846 1290 bis,
1874 1223 2028 1293 juxta
2047 1225 2193 1294 quod
2217 1222 2544 1280 Paulusait:
2583 1222 2826 1280 Videmus
2845 1243 2983 1281 nunc
3007 1244 3102 1296 per
3125 1245 3282 1298 specu

1741 1316 1850 1394 lum
1883 1324 1936 1370 et
1984 1316 2040 1370 in
2079 1315 2373 1386 aenigmate,
2433 1324 2556 1370 tunc
2601 1326 2775 1372 autem
2817 1316 2958 1386 [acie
2989 1319 3059 1371 ad
3102 1317 3315 1388 facient.

1746 1407 1904 1462 Nunc
1949 1422 2201 1477 cognosco
2218 1421 2288 1461 ea:
2312 1415 2481 1476 parte,
2507 1415 2632 1460 tunc
2657 1423 2964 1479 cognoscam
2993 1409 3128 1465 sicut
3155 1420 3204 1466 et
3222 1427 3318 1464 co-

1744 1504 1918 1573 gnitus
1939 1518 2053 1557 sum
2083 1501 2134 1572 (1
2156 1501 2278 1556 Cor.
2294 1500 2439 1570 xm).
2470 1499 2538 1555 In
2559 1500 2676 1567 illo,
2706 1502 2900 1573 inquit.
2924 1503 3009 1558 die
3032 1504 3088 1559 in
3109 1506 3317 1560 nomine

67 1593 250 1660 vobis,
289 1595 542 1664 quoniatn
576 1607 675 1648 vos
697 1592 762 1647 de
790 1605 952 1662 opere
981 1589 1223 1662 pietatis,
1252 1588 1370 1643 sine
1397 1585 1645 1642 mercede
1747 1608 1860 1646 meo
1883 1591 2084 1662 petatis.
2109 1589 2388 1644 Rutilante
2416 1589 2614 1660 quippe
2639 1591 2823 1646 sterni
2849 1592 2954 1648 diei
2976 1591 3092 1648 εοιο
3109 1593 3317 1650 anima.

59 1700 175 1740 non
201 1685 353 1740 eritis
375 1726 388 1748 ,
416 1681 572 1752 juxta
601 1681 728 1738 illud
759 1681 1079 1745 Psalmistze,
1124 1677 1194 1733 El
1222 1677 1392 1732 oratio
1420 1692 1536 1730 mea
1591 1675 1648 1728 in
1747 1681 1851 1737 bus
1877 1689 2213 1746 sanctorum,
2245 1693 2352 1735 non
2374 1679 2484 1750 jam
2511 1679 2848 1750 temporalia,
2878 1682 2973 1738 sed
3002 1681 3170 1739 solam
3200 1692 3316 1738 sto.

61 1778 190 1830 sinu
216 1791 326 1829 meo
355 1784 677 1830 convertetttr
713 1771 884 1844 (Psal.
910 1770 1116 1842 εἰςιν).
1149 1770 1215 1826 Et
1245 1767 1375 1824 illud
1414 1766 1652 1836 Evange-
1674 1837 1715 1844 _
1753 1773 1856 1828 lam
1879 1771 2322 1837 immortalitatis,
2348 1780 2406 1826 et
2443 1770 2545 1827 sibi
2584 1769 2697 1840 jam
2720 1770 2944 1828 alteram
2975 1773 3317 1837 habentibus,

61 1867 122 1920 lii
153 1883 167 1918 :
199 1865 268 1918 Et
297 1867 346 1920 si
369 1865 527 1935 fuerit
551 1864 624 1918 ibi
641 1837 782 1933 ﬁlius
826 1862 988 1932 pacis,
1015 1837 1295 1932 requiescet
1329 1872 1486 1924 super
1525 1870 1639 1909 eum

1753 1879 1800 1925 et
1827 1869 2073 1926 ﬁdelibus
2113 1867 2289 1923 adhuc
2323 1867 2382 1923 in
2438 1837 2600 1922 terra-
2632 1865 3000 1924 laborantibus
3033 1875 3321 1937 utramque

61 1973 180 2026 pax
207 1968 394 2013 vestra.
441 1954 539 2012 Sitt
573 1966 750 2010 autem
789 1954 858 2008 ad
901 1969 988 2008 vos
1035 1961 1316 2007 revertetur
1361 1948 1516 2020 (Luc.
1563 1947 1642 2020 x).
1747 1960 1996 2017 ηονειιῑιιι
2025 1958 2316 2028 postulare,

58 2051 198 2106 illud
227 2064 440 2121 quoque
469 2047 761 2105 notandum
793 2053 896 2114 est,
935 2043 1188 2115 quoniam
1227 2055 1334 2096 non
1377 2039 1495 2106 ait,
1522 2054 1639 2093 mox

1821 2053 2080 2124 Sequitur
2118 2067 2246 2122 pars
2293 2051 2447 2108 tertia
2471 2093 2490 2120 ,
2524 2051 2580 2108 in
2630 2067 2734 2123 qua
2781 2051 3021 2108 ostendit
3060 2051 3323 2108 Dominus

65 2141 224 2198 dabit
243 2141 682 2212 vobis,quoniam
705 2148 761 2195 et
779 2138 824 2194 si
847 2137 1103 2194 Dominus
1124 2131 1317 2199 ὤσει-ι,
1337 2142 1516 2186 tamen
1541 2145 1646 2186 non
1746 2145 1962 2204 patrem
2030 2144 2148 2201 [οι-ο
2208 2159 2438 2215 pronum
2495 2145 2564 2201 ad
2624 2145 2943 2204 audiendum
3009 2144 3322 2216 discipulos.

51 2232 247 2290 aufert
286 2233 568 2304 petitiones
607 2240 838 2295 vestras,
881 2227 973 2285 sed
1011 2234 1286 2298 prorogat,
1317 2233 1376 2276 ut
1409 2237 1502 2278 vos
1533 2236 1650 2276 ma-

53 2325 153 2397 gis
185 2325 407 2396 rogetis,
456 2334 513 2379 et
538 2321 712 2394 magis
756 2319 1091 2377 mereamini.
1136 2317 1236 2385 Qui
1285 2326 1468 2370 tamen
1524 2321 1645 2386 post

64 2421 285 2491 longam
319 2417 627 2474 instantiam
671 2415 862 2488 procul
901 2413 1063 2469 dubio
1113 2411 1262 2468 dabit
1311 2408 1483 2475 vobis,
1516 2423 1651 2480 quo-

53 2511 218 2566 niam
249 2508 358 2563 vult
387 2507 639 2571 utPater,
675 2514 732 2562 et
751 2513 926 2576 potest
951 2514 1008 2558 ut
1036 2503 1200 2558 Deus.
1227 2500 1491 2570 Quoniam
1523 2512 1651 2553 vero

53 2602 328 2673 pradicta
352 2599 628 2672 Evangelii
660 2599 827 2654 verba
868 2595 1128 2666 apostolis
1168 2595 1345 2648 adhuc
1393 2590 1652 2661 simplici.

53 2695 172 2747 ints
186 2691 343 2762 plana
369 2700 424 2746 et
452 2698 638 2760 aperta
667 2687 1006 2754 videbantur,
1021 2685 1212 2740 etideo
1237 2680 1522 2753 aliquando
1546 2678 1651 2734 ali-

53 2782 206 2852 quid
253 2782 558 2851 petentibus
595 2791 649 2836 et
693 2794 800 2834 non
838 2776 1311 2846 consequentibus,
1369 2789 1474 2828 non
1523 2787 1653 2827 vera

45 2888 197 2930 esse
223 2872 528 2938 videantur,
555 2869 793 2927 ostendit
827 2869 1084 2924 Dominus
1127 2882 1188 2923 ea
1211 2865 1464 2922 subtilius
1491 2878 1652 2936 quam

57 2965 357 3029 sonarent,
383 2961 790 3034 perscrutanda,
817 2973 941 3016 eum
967 2958 1151 3014 subdit
1175 2977 1188 3013 :
1221 2956 1336 3013 Hoc
1368 2959 1421 3011 in
1441 2971 1656 3027 prover-

41 3058 176 3111 biis
210 3057 414 3109 locutus
435 3067 550 3108 sunt
585 3051 752 3107 vobis.
794 3050 1144 3106 Proverbium
1169 3049 1368 3120 quippe
1408 3057 1490 3102 est
1537 3062 1652 3102 scr-

1751 2235 1964 2306 quando
1984 2235 2241 2307 petierint
2259 2236 2312 2290 in
2343 2234 2558 2291 nomine
2593 2248 2693 2291 suo
2729 2235 2950 2294 dicens:
2981 2233 3050 2290 Et
3074 2249 3176 2290 non
3203 2234 3323 2289 dico

1747 2325 1874 2397 quia
1899 2324 2090 2394 rogabo
2117 2321 2330 2379 Patr-ent
2359 2338 2454 2392 pro
2479 2323 2658 2390 vobis,
2685 2323 2795 2394 ipse
2825 2320 2991 2380 Pater
3027 2331 3172 2378 ornat
3209 2339 3318 2378 uos.

1750 2416 1830 2472 Ac
1857 2415 1904 2470 si
1931 2415 2079 2470 dicat
2109 2431 2123 2468 :
2165 2410 2318 2469 Tunc
2343 2415 2560 2484 quando
2587 2415 2789 2484 potetis
2812 2413 3028 2472 Patrem
3060 2414 3118 2469 in
3149 2415 3324 2470 nomi-

1755 2518 1824 2559 ne
1847 2518 1989 2572 meo,
2021 2503 2142 2560 dico
2170 2503 2294 2574 quia
2322 2519 2428 2559 non
2459 2504 2660 2575 rogabo
2687 2512 2818 2562 tunc
2839 2502 3056 2562 Patrem
3084 2519 3186 2576 pro
3223 2519 3323 2562 vo-

1751 2597 1858 2662 bis,
1892 2607 2150 2668 tauquam
2180 2596 2374 2650 durum
2404 2595 2472 2652 ad
2517 2596 2845 2652 audisttdum
2871 2612 2989 2654 vos.
3033 2597 3152 2670 Ipse
3176 2598 3330 2656 enim.
3359 2637 3362 2654 .

1753 2687 1917 2744 Pater
1943 2695 2089 2743 amat
2114 2702 2231 2752 vos,
2257 2687 2398 2744 sicut
2420 2695 2478 2743 et
2511 2701 2634 2758 ego,
2683 2695 2741 2744 et
2779 2689 3050 2759 propitius
3093 2689 3202 2746 erit
3253 2688 3323 2746 ad
3357 2721 3362 2726 ι

1757 2781 2083 2838 audiendum
2103 2795 2220 2837 vos.
2263 2779 2419 2836 Patet
2441 2780 2624 2851 igitur,
2665 2779 2867 2837 fratres
2899 2780 3026 2847 mei.
3065 2795 3163 2852 per
3187 2793 3323 2838 cou-

1758 2870 2019 2934 trarium,
2047 2870 2304 2940 quoniam
2354 2869 2447 2940 qui
2494 2869 2730 2938 divitias,
2786 2869 2874 2926 vel
2917 2871 3186 2935 honores.
3238 2871 3364 2929 vel-

1759 2961 1960 3031 aliquid
1992 2959 2288 3032 temporale
2327 2961 2462 3029 petit
2507 2975 2538 3014 a
2587 2959 2770 3028 Patre,
2823 2975 2929 3017 non
2979 2963 3117 3032 petit
3160 2961 3250 3020 illa
3293 2977 3328 3020 a

1761 3051 1922 3107 Patre
1953 3053 2006 3108 in
2037 3052 2252 3107 nomine
2275 3050 2422 3119 issu,
2465 3052 2517 3107 id
2541 3061 2625 3109 est
2659 3053 2728 3108 ad
2763 3051 2992 3109 salutem
3039 3063 3324 3118 aeternam,

51 3163 170 3204 suo
225 3147 406 3203 brevis
443 3156 497 3202 et
521 3149 750 3217 planus,
781 3143 1033 3200 subtilius
1062 3159 1228 3215 quant
1268 3154 1422 3198 sonet
1459 3142 1655 3198 intelli—
1677 3180 1722 3238 ε
1761 3146 1856 3201 sed
1903 3147 2081 3216 potius
2131 3145 2198 3200 ad
2232 3144 2557 3216 explendam
2606 3145 2936 3202 voluntatem
2979 3161 3134 3204 suam
3157 3163 3174 3212 ;
3197 3162 3328 3219 proo

95 3241 305 3298 ettdus.
1337 3295 1344 3300 ,

33 3259 411 3398 εθὲἒέῗίίιιιν
435 3341 564 3398 pars
586 3327 841 3393 secunda,
883 3325 938 3382 in
963 3341 1072 3398 qua
1111 3295 1359 3398 prtedicit
1398 3325 1656 3381 Dominus

44 3418 382 3490 discipulis,
413 3420 627 3490 quando
667 3422 809 3475 tecte
831 3419 1009 3474 scient
1045 3429 1246 3490 petere,
1277 3435 1398 3474 cum
1421 3417 1608 3480 subdit
1634 3432 1652 3471 :

41 3513 242 3570 Venit
283 3513 419 3565 hora
459 3527 575 3564 cunt
608 3511 725 3582 jam
777 3513 958 3564 nonin
999 3512 1281 3576 proverbiis
1330 3510 1513 3579 loquar
1562 3523 1652 3562 tio-

29 3607 171 3670 bis,
205 3587 300 3656 sed
323 3600 496 3671 palam
525 3603 588 3655 de
621 3600 779 3655 Patre
799 3603 1122 3655 annuntiabo
1150 3601 1310 3656 vobis.
1343 3601 1466 3655 llaac
1493 3601 1651 3664 itura,

29 3700 295 3762 fratres,
345 3695 448 3750 fuit
489 3703 612 3765 post
655 3694 1026 3750 ascensionem
1082 3703 1136 3748 et
1197 3693 1431 3763 Spiritus
1481 3692 1652 3748 sancti

31 3789 420 3854 amissionem,
449 3787 664 3858 quando
695 3787 782 3841 illa
835 3785 994 3841 verba
1017 3802 1139 3856 qua:
1187 3786 1463 3858 discipulis
1502 3787 1655 3856 prius

29 3880 259 3936 sasinus
290 3877 730 3948 iutclligentibus,
765 3875 979 3932 fuerant
1012 3879 1296 3948 proverbia
1334 3877 1494 3943 facta,
1530 3885 1656 3932 sunt

25 3969 135 4024 ad
173 3968 582 4038 intelligendum
613 3967 769 4039 plana
828 3977 885 4022 et
933 3979 1140 4038 aperta,
1189 3969 1405 4040 quando
1455 3981 1511 4024 et
1557 3984 1654 4040 per

33 4057 342 4126 Spiritum
367 4061 705 4128 sanctumde
747 4060 963 4116 arcanis
992 4059 1086 4116 Dei
1122 4059 1319 4128 Patris,
1345 4059 1512 4114 Filius
1558 4075 1654 4115 eos

28 4146 242 4200 altius
264 4146 519 4202 instruxit
553 4165 567 4200 :
593 4149 660 4202 de
689 4163 792 4218 qua
827 4149 957 4204 liora
988 4158 1045 4206 et
1068 4149 1251 4206 suddit
1275 4165 1290 4203 :
1315 4149 1380 4204 In
1403 4149 1494 4202 illo
1541 4149 1650 4217 die,

27 4240 117 4291 in
151 4237 368 4298 nomine
389 4245 500 4292 meo
523 4240 724 4307 petatis.
752 4237 904 4296 'l‘unc
958 4241 1101 4296 enim
1150 4250 1356 4296 tantum
1393 4252 1652 4297 aeternam

25 4327 332 4391 salutent,
359 4329 441 4385 vel
469 4332 534 4383 ad
558 4345 676 4386 eam
709 4332 1003 4402 petierunt.
1036 4329 1274 4396 Utinam,
1305 4330 1502 4387 fratres
1526 4331 1649 4398 mei,

21 4431 120 4476 et
155 4434 259 4475 vos
285 4429 338 4474 et
363 4435 481 4486 nos,
513 4407 766 4478 Dominus
798 4438 895 4494 per
931 4422 1191 4494 Spiritum
1221 4433 1466 4478 sanctum
1493 4437 1650 4478 suum

1753 3237 1844 3293 cul
1888 3237 2055 3294 dubio
2115 3237 2170 3292 in
2227 3237 2320 3292 tali
2379 3237 2635 3308 petitione
2689 3236 2914 3300 durum.
2957 3248 3016 3294 et
3053 3237 3326 3294 diﬁcilem

1756 3329 1992 3384 inveniet
2029 3328 2267 3385 Patrem.
2297 3327 2404 3384 Sed
2434 3328 2480 3385 si
2505 3327 2648 3383 forte
2677 3326 2886 3384 dederit
2935 3328 2987 3384 ei
3042 3329 3326 3399 requisita,

1757 3419 1905 3476 dabit
1931 3433 1997 3474 ea
2025 3419 2078 3474 in
2111 3419 2188 3474 ira
2216 3433 2335 3478 sua.
2373 3419 2482 3475 Sed
2529 3419 2660 3490 quid
2687 3427 2775 3476 est
2833 3433 2958 3476 eum
3011 3418 3326 3490 subiungit:

1755 3511 1866 3582 ipse
1896 3507 2062 3565 Pater
2085 3518 2227 3566 amat
2254 3526 2363 3577 vos,
2390 3511 2514 3581 quia
2550 3526 2637 3566 vos
2680 3525 2761 3564 me
2802 3509 3041 3576 amastis,
3089 3519 3141 3566 et
3187 3513 3328 3583 quod

1753 3602 1878 3675 quia
1908 3620 1941 3657 α
1981 3600 2091 3657 Deo
2137 3603 2271 3658 exitii
2305 3603 2542 3657 creditis.
2586 3601 2840 3671 Nunquid
2877 3601 3123 3672 discipuli
3175 3603 3330 3672 prius
3371 3651 3376 3654 .

1757 3702 1996 3763 tempore
2021 3692 2106 3748 vel
2131 3708 2294 3748 causa
2322 3702 2642 3748 amaverunt
2670 3693 2978 3759 Dominum,
3005 3703 3062 3748 et
3085 3693 3330 3752 ideotPa-

1757 3795 1840 3840 ter
1859 3791 2007 3838 amat
2032 3797 2128 3840 eos
2153 3783 2177 3837 ‘t
2210 3782 2348 3849 Non,
2378 3782 2573 3840 fratres
2598 3784 2738 3850 mei,
2771 3785 2883 3840 imo
2927 3793 3063 3841 teste
3095 3785 3326 3852 Joanne.

1758 3873 1876 3944 Ipse
1901 3875 2052 3944 prior
2086 3890 2181 3929 nos
2211 3875 2393 3930 dilexit
2421 3875 2472 3944 (1
2495 3876 2656 3934 Joan.
2681 3878 2778 3946 tv).
2811 3877 2948 3946 Quia
2997 3893 3125 3950 ergo
3168 3878 3328 3934 Pater

1755 3963 2048 4034 discipulos
2076 3964 2314 4029 amavit;
2336 3963 2584 4035 discipuli
2606 3967 2772 4022 Deum
2795 3976 3116 4022 amaverunt
3133 3974 3192 4022 et
3212 3981 3328 4023 cre-

1754 4053 2028 4108 diderunt.
2041 4052 2289 4110 Causalis
2311 4054 2457 4109 enim
2479 4054 2784 4122 coniunctio
2812 4054 3086 4125 signiﬁcat
3101 4054 3200 4120 ibi,
3219 4071 3325 4112 non

1753 4160 1971 4200 causam
2001 4145 2236 4210 essendi,
2261 4147 2353 4200 sed
2373 4161 2592 4201 causam
2620 4147 2970 4217 intelligendi.
3001 4145 3152 4216 Quod
3181 4148 3330 4206 enim

1754 4236 2005 4308 discipuli
2037 4246 2357 4292 amaverunt
2387 4245 2445 4292 et
2471 4237 2822 4294 crediderunt
2851 4238 3044 4306 Deum,
3080 4255 3187 4296 non
3228 4239 3332 4296 fuit

1754 4329 1864 4384 Deo
1885 4344 2046 4384 causa
2075 4337 2132 4384 ut
2152 4342 2249 4384 eos
2275 4328 2546 4399 diligeret,
2569 4329 2666 4386 sed
2688 4329 2996 4387 hominibus
3019 4329 3120 4386 fuit
3140 4346 3325 4394 causa.

1754 4435 1859 4490 qua
1891 4421 2272 4478 intellexerunt
2299 4421 2440 4492 quod
2468 4420 2608 4478 Deus
2637 4436 2731 4480 eos
2757 4423 2997 4479 amabat.
3028 4422 3143 4478 Non
3182 4425 3326 4478 enim

23 4517 232 4571 intus
255 4511 596 4568 invisibiliter
623 4515 844 4570 erudire
874 4514 1143 4586 dignetur,
1175 4524 1236 4569 ut
1281 4515 1444 4570 verba
1486 4528 1654 4569 sacrae
1681 4514 1732 4576 ι)
1756 4513 1927 4570 Deum
1955 4523 2246 4582 potuerunt
2291 4530 2497 4582 amare,
2525 4514 2628 4572 nisi
2678 4517 2823 4572 Deus
2867 4530 2962 4572 eos
2991 4528 3244 4584 amsset,
3274 4529 3332 4572 et

23 4603 410 4672 Scriptura,
433 4617 552 4672 qua:
574 4605 729 4659 nobis
755 4614 880 4660 sunt
907 4605 1059 4675 quasi
1092 4605 1318 4661 obscura
1347 4603 1653 4673 proverbia,

21 4699 217 4753 ﬁant
253 4694 410 4749 nobis
444 4695 616 4749 lucida
648 4705 707 4748 et
735 4704 947 4764 aperta,
975 4706 1241 4766 quatenus
1265 4695 1330 4750 de
1365 4693 1460 4749 Dei
1487 4694 1652 4764 gloria

9 4797 120 4842 et
150 4782 446 4838 dulcedine
469 4783 630 4838 altius
657 4783 930 4838 valeamus
952 4783 1272 4854 intelligere,
1305 4791 1361 4839 et
1397 4797 1494 4853 per
1525 4797 1656 4837 con-

15 4871 494 4942 acmplationem
524 4873 829 4944 degustare,
864 4881 924 4928 ut
954 4875 1204 4930 omnibus
1225 4871 1420 4944 spretis
1456 4882 1660 4943 tempo-

15 4967 312 5031 νει-ἰδίη,
341 4982 459 5023 eam
505 4968 675 5023 solam
703 4967 1068 5023 desideremus
1098 4979 1154 5024 et
1198 4968 1522 5042 ﬂagitemus,
1569 4966 1656 5021 div

7 5068 274 5114 centes
317 5073 440 5113 cum
475 5057 758 5112 Psalmista
790 5074 802 5110 :
840 5055 980 5123 Quid
1001 5059 1136 5112 enim
1167 5059 1298 5112 mihi
1319 5068 1396 5114 es:
1427 5059 1480 5112 in
1507 5058 1654 5123 caelo,

0 5160 102 5205 et
134 5165 178 5200 α
204 5157 260 5200 te
280 5148 406 5216 quid
431 5148 568 5202 volui
591 5161 746 5214 super
775 5157 967 5202 terram
988 5149 1017 5203 2
1039 5147 1210 5220 (Psal.
1241 5151 1434 5221 μυξη.)
1465 5149 1655 5216 Nemo,

1 5241 306 5302 fratres,
336 5240 388 5292 in
431 5239 644 5308 ingenio
671 5253 788 5305 suo,
817 5255 974 5294 nemo
999 5241 1066 5295 de
1100 5241 1277 5296 studio
1318 5257 1433 5307 suo,
1463 5252 1520 5296 ut
1539 5243 1660 5313 qui-

5 5337 208 5387 dam
235 5327 464 5393 faciunt,
499 5330 794 5400 scripturas
815 5327 1117 5400 intelligere
1146 5340 1438 5400 praesumat
1468 5348 1482 5384 :
1518 5331 1658 5400 Quo.

0 5441 78 5482 n
94 5422 233 5475 iam
275 5420 378 5476 nisi
401 5421 571 5476 clavis
595 5421 787 5484 David,
815 5435 936 5491 qua:
963 5419 1138 5491 aperit
1157 5427 1212 5475 et
1254 5434 1411 5474 nemo
1432 5420 1656 5488 claudit,

0 5510 292 5574 claudit
315 5519 371 5566 et
391 5525 546 5568 nemo
567 5511 933 5582 aperitplpoc.
960 5511 1064 5582 tn),
1087 5511 1243 5566 nobis
1267 5511 1492 5580 aperiat,
1515 5511 1661 5567 clau-

0 5613 176 5662 sus
195 5599 304 5654 erit
326 5601 479 5656 nobis
498 5612 806 5656 sanctarum
827 5601 964 5657 liber
979 5599 1382 5672 Scripturarum
1402 5619 1415 5655 :
1439 5599 1663 5656 Etclau-

0 5711 134 5758 sa
167 5693 282 5748 erit
304 5692 457 5748 nobis
481 5693 858 5764 contemplatio
879 5694 1074 5750 divina:
1098 5693 1416 5756 dulcedinis.
1445 5695 1511 5754 de
1549 5707 1657 5763 qua

0 5807 66 5847 ο
83 5786 112 5834 i
131 5791 158 5840 ι
171 5781 458 5841 ῨθΜπιὶεω
483 5798 501 5837 :
525 5781 693 5850 Quam
713 5798 902 5854 magna
924 5783 1204 5840 multitudo
1225 5783 1512 5839 dulcedinis
1534 5794 1657 5851 tum,

338 5887 610 5954 Ριτκοιη
649 5895 826 5960 CLV.

1754 4605 1838 4660 eis
1856 4620 2094 4664 amorem
2121 4621 2276 4662 suum
2305 4605 2640 4677 inspirasset.
2656 4603 2836 4670 Exivi,
2857 4606 3052 4677 inquit,
3087 4623 3120 4661 α
3144 4604 3327 4671 Pure,

1754 4707 1804 4752 et
1833 4699 1946 4754 ueni
1957 4699 2020 4752 in
2038 4698 2291 4754 mundum
2316 4715 2337 4764 ,°
2373 4707 2422 4753 et
2447 4698 2636 4752 iterum
2668 4696 2904 4768 relinquo
2953 4697 3204 4752 mundum
3231 4738 3247 4763 ,
3277 4709 3328 4753 et

1756 4789 1892 4845 uado
1904 4790 1975 4843 ad
1999 4787 2232 4844 Patrem.
2256 4790 2334 4843 Ac
2361 4787 2406 4844 si
2430 4788 2603 4844 dicat:
2625 4785 2742 4843 Non
2763 4785 2962 4843 subicit
2977 4788 3131 4844 vobis
3151 4787 3329 4844 credi-

1757 4876 1902 4932 disse
1919 4881 2060 4946 quod
2086 4876 2228 4932 exivi
2272 4891 2304 4932 a
2344 4875 2506 4932 Patre
2542 4891 2642 4947 per
2666 4885 2926 4932 :eteruatn
2965 4877 3326 4942 nativitatem,

1760 4967 1862 5022 nisi
1888 4975 1943 5022 et
1963 4967 2202 5023 credatis
2229 4981 2317 5022 me
2341 4967 2555 5024 venisse
2581 4969 2636 5024 in
2659 4969 2915 5024 mundum
2937 4983 3036 5038 per
3058 4977 3329 5042 tempora-

1758 5055 1863 5111 lem
1877 5056 2236 5120 _nativitatem,
2275 5065 2332 5114 et
2343 5057 2636 5115 tacitorum
2649 5059 3332 5130 relinqueremeudumper

1757 5146 2094 5215 corporalem
2118 5161 2415 5213 recessum,
2435 5155 2492 5202 et
2536 5148 2830 5204 ascendere
2864 5148 2936 5203 ad
2977 5146 3194 5203 Patrem
3231 5163 3330 5219 per

1758 5233 2100 5305 corporalem
2140 5235 2479 5291 ascensionis
2525 5229 2990 5307 gloriﬁcationem.
3027 5235 3138 5293 llos
3182 5239 3328 5294 enim

1759 5340 1883 5381 cum
1907 5325 2120 5381 caeteris
2149 5324 2395 5380 articulis
2424 5325 2567 5390 ﬁdei,
2598 5325 2730 5380 ﬁdes
2768 5324 3030 5382 catholica
3049 5326 3241 5397 exigit,
3266 5338 3328 5384 ut

1755 5419 2039 5474 credamus
2067 5419 2090 5472 ?

1832 5510 2090 5580 Sequitur
2115 5524 2242 5580 pars
2261 5517 2484 5580 quarta,
2514 5509 2568 5565 in
2595 5523 2698 5580 qua
2727 5507 2972 5582 discipuli
2999 5510 3330 5579 respondent

1759 5601 1829 5654 ad
1856 5601 1958 5655 hoc
1991 5601 2134 5670 quod
2161 5599 2422 5656 Dominus
2445 5600 2588 5656 sein
2607 5599 2908 5670 proverbiis
2931 5598 3174 5656 locutum
3209 5614 3331 5656 esse

1753 5689 1988 5754 dixerat,
2015 5701 2071 5746 et
2095 5701 2378 5748 venturam
2405 5691 2616 5758 horam.
2644 5691 2698 5746 in
2723 5705 2831 5761 qua
2861 5705 2967 5747 non
2999 5691 3053 5747 in
3099 5705 3330 5760 prover-

1761 5781 1887 5848 biis,
1913 5781 2004 5836 sed
2029 5780 2204 5851 palam
2234 5782 2314 5839 eis
2357 5781 2698 5853 loqueretur:
2731 5780 2888 5848 Ecce,
2935 5782 3201 5858 inquiunt,
3229 5797 3320 5852 ραι

2773 5895 2852 5954 εο

3131 5963 3212 5979 ..ι-ν
3243 5984 3246 5985 ν
