3822 6316
450 384 589 443 ως

1459 340 1780 429 sunt;qu
1811 397 1877 411 --
1906 366 2249 426 uacuum
2283 365 2633 425 ARDENTIS
2710 408 2713 413 .

446 472 552 550 tant
587 456 833 569 loqueris,
874 497 921 544 et
962 440 1283 558 proverbium
1326 481 1522 537 nullum
1555 483 1706 538 dicis.
1739 481 2010 569 Quoniam
2039 487 2086 545 Α
2118 480 2305 536 risibili
2338 489 2574 550 peccata
2605 487 2913 535 renarrant.
2946 476 3054 533 Sed
3086 476 3166 532 illi
3188 473 3433 545 profecto
3468 492 3641 547 peccata

446 568 687 655 namque
720 579 963 650 discipuli
993 578 1311 634 exteriorem
1350 575 1635 629 verborum
1664 569 1873 627 Domini
1906 568 2019 640 pla-

448 678 633 733 nitiem
668 671 1053 742 intelligebaut,
1083 669 1336 741 putabant
1362 666 1471 736 ipsa
1497 664 1658 718 verba
1692 662 1849 732 plana
1875 676 2020 728 esse,

449 770 499 824 et
526 768 722 822 nullius
750 762 1063 839 subtilitatis
1086 751 1498 830 profunditatem
1540 755 1842 810 continere.
1875 753 2020 820 Quo-

448 846 567 921 rum
597 863 755 919 etiam
780 861 938 917 hodie
969 866 1091 913 sunt
1138 854 1363 915 similes,
1387 851 1476 921 qui
1528 850 1698 905 solam
1730 846 2023 918 Scriptura:

449 970 619 1011 sacrae
650 952 987 1024 superﬁciem
1028 946 1382 1005 attendentes,
1416 938 1558 997 nulla
1598 949 1793 1011 putant
1817 938 1887 995 ibi
1929 954 2022 993 ar-

449 1032 713 1102 canorum
735 1042 984 1113 mysteria
1009 1035 1296 1093 contineri.
1323 1033 1427 1089 Sed
1462 1033 1737 1103 Scriptura
1766 1044 1922 1085 sacra
1948 1030 2021 1083 ita

450 1147 530 1191 est
562 1126 874 1202 temperata,
915 1128 1054 1198 quod
1107 1126 1158 1181 in
1188 1139 1249 1180 ea
1280 1133 1454 1194 potest
1484 1132 1538 1178 et
1562 1120 1813 1192 parvulus
1839 1118 2024 1175 ambu-

450 1222 583 1293 lare,
613 1237 666 1282 et
702 1226 849 1296 gigas
874 1232 1078 1276 natare.
1107 1218 1164 1274 ln
1190 1233 1252 1274 ea
1274 1232 1368 1288 per
1386 1216 1709 1271 exteriorem
1738 1213 2021 1268 historiam

447 1319 531 1373 vel
567 1316 923 1371 moralitatem
954 1318 1245 1384 pascuntur
1276 1308 1456 1374 rudes,
1489 1315 1544 1361 et
1572 1320 1671 1375 per
1713 1304 2023 1359 interiorem

404 1464 415 1480 ε
450 1407 758 1478 allegoriam
805 1413 1126 1459 exercentur
1171 1400 1460 1470 sapientes.
1495 1396 1651 1451 Nunc
1698 1388 1911 1457 scimus,
1944 1393 2026 1447 in-

450 1499 660 1565 quiunt,
692 1494 817 1563 quia
847 1491 947 1546 scis
979 1490 1174 1555 omnia,
1211 1496 1257 1540 et
1284 1503 1384 1541 non
1411 1500 1539 1555 opus
1583 1492 1654 1535 est
1684 1482 1778 1534 tibi
1819 1490 1873 1533 ut
1907 1478 2025 1546 quis

436 1568 501 1641 te
521 1588 818 1655 interroget.
846 1581 907 1637 1η
935 1582 1031 1634 hoc
1053 1579 1330 1642 credimus,
1352 1577 1473 1645 quia
1497 1591 1528 1626 a
1564 1574 1668 1627 Deo
1690 1572 1869 1626 existi.
1888 1569 2025 1635 Quia

451 1690 683 1745 namque
705 1675 962 1730 Dominus
982 1687 1074 1728 eos
1101 1672 1166 1724 de
1196 1670 1306 1725 suis
1326 1667 1571 1721 omnibus
1600 1661 2024 1719 dubitationibus

451 1779 556 1818 non
586 1762 757 1818 solum
790 1759 1113 1820 instruebat,
1137 1755 1230 1809 sed
1260 1753 1422 1808 etiam
1453 1751 1867 1817 interrogantes,
1892 1758 2026 1815 quas

2119 587 2217 626 sua
2247 586 2352 625 non
2400 571 2749 636 confitentur,
2777 569 2871 623 sed
2923 568 3107 638 potius
3148 566 3456 635 praedicant.
3483 567 3643 625 Dicitur

2122 670 2304 714 autem
2328 658 2603 725 confessio
2646 658 2803 729 quasi
2849 657 3157 712 communis
3184 654 3374 720 fassio,
3405 664 3457 709 ut
3478 658 3645 713 scilicet

2120 754 2307 820 corde,
2338 768 2455 821 ore,
2505 766 2673 823 opere
2700 751 3059 807 confiteantur
3107 765 3206 804 nos
3242 763 3501 818 peccasse;
3522 752 3650 805 corde

2121 844 2500 915 peniteamus,
2540 858 2635 898 ore
2663 858 2763 898 nos
2790 855 3132 903 accusemus,
3181 855 3350 910 opere
3402 840 3653 895 satisfaciv

2122 951 2262 989 mus.
2315 934 2412 989 Est
2454 943 2638 989 autem
2680 933 2951 989 confessio
3004 932 3141 986 adeo
3180 930 3340 987 nobis
3375 934 3650 996 necessaria,

2123 1027 2265 1099 quod
2306 1042 2401 1099 per
2430 1042 2549 1082 eam
2598 1038 2820 1096 peccata
2864 1035 3049 1081 nostra
3092 1024 3458 1085 dimittantur,
3491 1034 3534 1078 et
3560 1026 3655 1081 sine

2123 1136 2185 1175 ea
2218 1136 2323 1175 non
2354 1119 2713 1174 dimittantur.
2742 1117 2896 1184 Quod
2941 1132 3036 1187 per
3062 1114 3456 1171 confessionem
3480 1126 3654 1183 peccata

2124 1209 2487 1275 dimittantur,
2521 1220 2747 1279 apparet
2785 1209 2838 1262 in
2870 1207 3058 1271 David,
3087 1208 3173 1262 cui
3218 1222 3343 1260 cum
3369 1215 3669 1269 secantem,

2128 1313 2156 1351 a
2192 1296 2402 1352 Nathan
2430 1300 2690 1368 propheta
2741 1298 2807 1351 de
2849 1295 3113 1351 adulterio
3161 1310 3288 1348 cum
3341 1294 3661 1361 Betsabeeet

2127 1389 2401 1444 occisione
2446 1387 2545 1443 viri
2594 1386 2733 1457 ejus,
2773 1403 2868 1458 per
2917 1386 3232 1458 paradigma
3284 1386 3464 1441 divitis
3486 1398 3661 1444 centu:

2126 1496 2254 1535 oves
2293 1480 2563 1544 habentis,
2600 1491 2655 1535 et
2686 1482 2861 1536 vicino
2909 1480 3130 1549 pauperi
3176 1479 3397 1533 unicam
3441 1480 3659 1535 oriculam

2128 1573 2406 1641 rapientis,
2426 1580 2704 1641 peccatum
2728 1587 2883 1627 suum
2902 1586 3083 1625 coram
3106 1572 3363 1625 omnibus
3381 1587 3477 1625 non
3491 1572 3666 1628 erubuit

2128 1662 2369 1717 confiteri
2395 1663 2579 1718 dicens
2603 1677 2617 1716 :
2646 1660 2861 1716 Peccavi
2883 1678 3057 1715 coram
3085 1660 3313 1713 Domino
3338 1660 3420 1731 (11
3450 1660 3662 1731 ἢες.ιι);

2130 1762 2183 1807 et
2224 1754 2298 1808 ait
2342 1769 2465 1808 mox
2510 1754 2558 1808 ei
2609 1752 2867 1809 Dominus
2908 1768 3005 1822 per
3036 1752 3397 1820 prephetam;
3428 1750 3667 1804 Transtulit

453 1854 643 1908 facturi
695 1859 868 1914 erant,
904 1842 1275 1918 respondendo
1320 1840 1703 1913 prteveuiebat,
1746 1845 1798 1891 et
1836 1834 1902 1889 ad
1928 1849 2021 1887 oc-
2054 1829 2101 1889 Β
2131 1842 2383 1896 Dominus
2409 1860 2440 1895 α
2470 1852 2519 1895 ιε
2561 1852 2825 1906 peccatum
2872 1852 3019 1895 tuum
3062 1839 3262 1909 (ibid.).
3314 1838 3472 1903 Ecce,
3510 1839 3671 1895 fratres

452 1945 626 1999 cultas
647 1940 1000 2011 cogitationes
1022 1930 1398 2004 respondebat,
1419 1930 1497 1983 sic
1516 1944 1637 1983 eum
1662 1925 1841 1981 omnia
1864 1923 2023 1984 scire,

453 2048 509 2091 ct
538 2051 567 2090 a
608 2035 716 2089 Deo
762 2030 1094 2089 confitentur
1138 2025 1367 2079 venisse.
1404 2021 1484 2075 Ad
1540 2017 1782 2073 occultas
1831 2014 2027 2083 quippe

454 2118 806 2199 cogitationes
827 2131 880 2178 et
898 2117 1259 2176 dubitationes
1277 2112 1625 2183 respondere,
1655 2108 1895 2161 divinum
1917 2112 2025 2167 est,
2050 2183 2057 2195 ι

454 2194 561 2276 non
600 2218 916 2272 humanum.
959 2210 1113 2267 Unde
1140 2216 1194 2262 et
1226 2207 1291 2259 a‘tl
1320 2220 1442 2259 eum
1476 2217 1575 2271 per
1605 2200 1917 2269 Sapientem
1950 2194 2028 2248 dio

455 2306 741 2363 citurz‘Tu
766 2298 907 2358 solus
951 2301 1087 2354 nosti
1137 2297 1294 2352 corda
1342 2296 1571 2363 ﬁliorum
1623 2290 1895 2344 hominum
1941 2286 2024 2358 (ιι

455 2402 586 2453 I’or.
622 2404 716 2468 vi).
748 2396 881 2463 Quia
928 2408 1078 2463 ergo,
1108 2389 1306 2443 fratres
1352 2386 1493 2449 mei,
1527 2385 1831 2450 ubicunque
1862 2379 2031 2431 latea-

456 2506 600 2553 tnus,
620 2498 743 2541 ante
762 2485 947 2541 oculos
968 2484 1158 2537 divina-
1186 2478 1483 2546 majestatis
1506 2488 1709 2536 sumus,
1734 2471 1821 2541 qui
1844 2483 2026 2539 opera,

457 2583 624 2643 dicta,
677 2577 1053 2649 cegitatioues,
1108 2579 1160 2627 et
1208 2569 1508 2640 voluptates
1552 2575 2031 2635 quantumcunque

389 2670 398 2678 ’
457 2674 718 2737 occultas,
767 2668 1092 2741 speculatur.
1152 2664 1438 2733 Propterea
1490 2672 1682 2728 magna
1735 2656 1902 2710 imlita
1950 2660 2034 2705 est

458 2762 612 2819 nubis
659 2759 953 2816 necessitas
999 2758 1222 2810 honeste
1272 2748 1652 2811 conversandi,
1682 2746 1935 2811 quoniam
1986 2743 2030 2797 si

458 2855 824 2913 erubescimus
868 2849 1067 2921 aliquid
1111 2857 1266 2917 turpe
1316 2844 1493 2899 dicere
1539 2840 1624 2895 vel
1675 2839 1854 2894 facere
1904 2844 2032 2890 ante

458 2945 642 3001 oculos
668 2943 811 3012 regis
839 2941 924 2997 vel
952 2939 1209 3011 principis
1243 2936 1465 3002 terreni,
1493 2942 1695 3003 quanto
1717 2930 1886 2999 magis
1908 2936 2034 2982 ante

458 3038 645 3092 oculos
691 3034 787 3090 Dei
836 3029 1219 3102 omnipotentis
1268 3026 1468 3096 aliquid
1522 3034 1675 3095 turpe
1721 3021 1901 3075 facere
1948 3017 2034 3073 vel

460 3131 643 3183 dicere
690 3128 948 3183 debemus
994 3120 1357 3177 erubescere?
1411 3117 1796 3185 Abstergamus
1845 3110 2029 3182 igitur,

461 3219 655 3274 fratres
700 3218 823 3281 mei,
861 3215 1071 3271 fletibus
1110 3209 1460 3284 poenitentiae,
1488 3183 1795 3261 nostrorum
1845 3200 2033 3258 sordes
2061 3183 2107 3248 ο

461 3322 826 3383 peccatorum,
854 3308 1187 3377 corrigamus
1217 3303 1381 3356 vitam
1408 3309 1671 3362 nostram,
1694 3305 1749 3352 et
1777 3293 2036 3349 emunde-

462 3420 583 3459 inus
610 3394 993 3457 conscientiam
1016 3406 1278 3452 nostram.
1304 3391 1453 3447 Beati
1475 3391 1616 3444 enim
1644 3388 1837 3441 ntuudo
1857 3385 2030 3451 corde,

461 3496 708 3565 quoniam
734 3494 831 3562 ipsi
856 3492 953 3546 soli
978 3489 1144 3543 Deam
1170 3485 1406 3539 videbunt
1436 3481 1651 3553 (Matth.
1700 3481 1778 3549 v).
1807 3478 2035 3533 Oremus

464 3587 627 3656 igitur
664 3584 834 3652 ipsum
875 3586 1147 3648 quatenus
1189 3575 1301 3645 ipse
1327 3574 1414 3643 qui
1451 3572 1593 3627 solus
1623 3578 1816 3640 potest,
1848 3584 2036 3622 cmun-

465 3680 554 3732 det
574 3688 669 3729 cor
701 3681 969 3733 nostrum,
1000 3676 1058 3722 ut
1098 3668 1268 3737 ipsum
1308 3665 1361 3719 in
1392 3664 1555 3719 corde
1584 3677 1680 3717 suo
1710 3662 1890 3714 videre
1920 3674 2036 3713 me-

465 3780 705 3829 reamur,
738 3776 833 3831 per
860 3760 1038 3813 omnia
1068 3755 1263 3812 swcula
1297 3753 1637 3809 saeculorum.
1668 3752 1857 3803 Anien.

1007 3856 1279 3914 llOMlLlA
1307 3854 1464 3910 LXIV
1480 3893 1493 3906 .

964 3955 1012 3992 IN
1066 3951 1279 3992 ιιτΑΝιλ
1337 3949 1522 3989 ιιυοιιι
1532 3972 1543 3985 ι

537 4032 866 4103 Conﬁtemini
896 4029 1206 4083 alterutrum
1228 4034 1437 4096 peccata
1466 4033 1650 4089 vestra,
1694 4030 1743 4075 et
1774 4030 1917 4075 orate
1942 4037 2035 4091 pro

466 4129 685 4182 invicem
706 4135 763 4177 ut
788 4120 1057 4177 solventini
1086 4117 1228 4189 (Jac.
1257 4117 1332 4188 ν),
1365 4126 1470 4172 etc.
1499 4116 1577 4169 Ad
1613 4115 1711 4167 tria
1740 4114 1898 4175 bona,
1931 4112 2039 4165 fra-

468 4232 580 4273 tres
594 4213 1083 4279 mei,nosliortatur
1094 4209 1385 4280 apostolus,
1399 4209 1452 4261 in
1469 4209 1569 4261 hac
1586 4206 1831 4268 lectione,
1849 4204 1914 4257 ad
1929 4219 2043 4257 mu-

472 4322 616 4365 tuam
644 4305 893 4361 videlicet
921 4302 1315 4357 confessionem
1334 4340 1348 4365 ,
1367 4299 1432 4353 ad
1450 4305 1687 4354 mutuam
1715 4298 2039 4358 orationem,

469 4411 521 4455 et
538 4399 603 4453 ad
620 4407 856 4452 mutuam
870 4391 1426 4450 correctlonem.Suut
1444 4399 1618 4442 autem
1636 4390 1747 4442 haec
1760 4388 1861 4441 tria
1880 4385 2037 4449 bona,

470 4504 665 4557 magna
696 4499 878 4541 coram
895 4485 1084 4548 Deo,et
1096 4482 1249 4537 valde
1268 4471 2041 4536 nobis'necessaria.Coufessio

471 4584 667 4651 quippe
681 4576 982 4635 necessaria
1003 4571 1617 4643 estnobismetipsis,ora
1628 4571 1700 4624 tio
1711 4579 1765 4625 et
1778 4571 2040 4625 correctio

471 4669 625 4723 nobis
650 4674 705 4721 et
731 4666 870 4719 aliis.
902 4662 1006 4717 Per
1028 4671 1267 4717 mutuam
1298 4664 1441 4715 enim
1485 4658 1881 4713 confessionem
1913 4672 2038 4712 nos-
2106 4668 2107 4671 ‘

473 4760 728 4826 inetipsos
756 4755 1098 4817 mandamus,
1125 4762 1181 4806 et
1229 4766 1325 4819 per
1352 4759 1591 4804 mutuam
1621 4751 1918 4805 orationem
1945 4765 2040 4804 nos

472 4849 873 4913 coatljuvamus.
901 4844 1006 4898 Per
1051 4851 1291 4896 mutuam
1321 4841 1729 4905 correctionem,
1755 4842 1890 4895 alter
1917 4840 2044 4896 alte-

475 4957 591 4995 rum
629 4939 737 4993 Deo
787 4933 1173 4990 luerifacirnus.
1199 4932 1375 4987 Porro
1403 4935 1467 4987 ad
1517 4935 1910 4988 confessionem
1941 4948 2043 4988 nos

473 5041 657 5086 mouet
712 5043 836 5083 cum
885 5026 1017 5079 dicit
1056 5021 1429 5092 τευθιριεαὶηὲ
1473 5027 1782 5080 alterutrum
1831 5037 2042 5094 peccata

466 5132 662 5176 oestro.
718 5117 951 5179 Videte,
976 5115 1172 5169 fratres
1214 5117 1339 5180 "rei,
1377 5118 1504 5188 quid
1532 5118 1601 5171 sit
1640 5118 1936 5184 confessio,
1988 5126 2044 5173 et

475 5211 617 5265 unde
651 5210 884 5271 dicatur,
912 5208 1170 5276 quantum
1210 5209 1282 5261 sit
1312 5208 1637 5272 necessaria,
1690 5212 1773 5263 cui
1810 5208 1922 5263 fieri
1950 5210 2043 5265 de.
2108 5210 2115 5293 ξ
2146 5220 2275 5287 Qua;
2302 5221 2571 5277 confessio
2615 5221 2756 5278 bene
2788 5221 3129 5293 δίεηίῃοειυτ
3159 5236 3256 5292 ρει-
3283 5221 3489 5277 “bium
3518 5233 3744 5287 meum

476 5308 623 5365 beat,
659 5311 713 5355 et
751 5301 984 5368 quando,
1013 5309 1068 5353 et
1106 5301 1393 5371 quomodo.
1428 5301 1521 5355 Est
1552 5310 1727 5355 autem
1773 5302 2043 5359 confessio

475 5397 667 5453 flebilis
689 5394 1023 5465 propriorum
1045 5407 1385 5464 peccatorum
1410 5396 1699 5451 enarratio.
1719 5396 1842 5451 llaec
1866 5406 2042 5452 autem

475 5490 671 5548 ﬂebilis
698 5504 818 5545 esse
845 5489 1021 5554 debet,
1053 5492 1306 5559 quoniam
1356 5491 1445 5559 qui
1493 5490 1558 5545 ad
1590 5491 1928 5560 iactantiam,
1964 5493 2043 5548 vel

479 5582 546 5634 ad
566 5572 979 5635 delectationem
1009 5589 1226 5646 peccata
1254 5595 1349 5634 sua
1395 5579 1581 5639 refert.
1619 5597 1722 5636 non
1769 5592 1921 5636 curat
1960 5586 2049 5646 ea,

478 5673 575 5728 sed
604 5680 780 5743 auget.
814 5671 880 5724 Et
925 5661 1050 5731 hoc,
1072 5664 1275 5725 fratres
1304 5671 1430 5735 mei,
1464 5683 1651 5727 contra
1686 5674 1802 5727 illos
1828 5682 1927 5737 est,
1958 5673 2048 5742 qui

479 5774 700 5834 peccata
731 5777 987 5827 sna,-non
1011 5777 1130 5816 cum
1163 5762 1343 5817 habitu
1379 5762 1562 5828 ﬂebili,
1593 5764 1688 5817 sed
1723 5766 1898 5834 potius
1926 5782 2047 5819 cum

2128 1933 2253 1995 mei,
2280 1932 2401 1999 quis
2427 1929 2651 1985 sufficiat
2677 1945 2905 2000 pensare
2929 1930 3133 1985 viscera
3176 1929 3373 1985 divina:
3408 1930 3664 1984 misericor-

2128 2024 2247 2089 ὀίω,
2274 2018 2365 2097 qui
2385 2025 2450 2079 ad
2476 2025 2643 2080 solam
2664 2026 3056 2081 confessionem
3084 2034 3309 2094 peccata
3335 2034 3507 2078 ettatn
3522 2027 3662 2094 gravia

2126 2110 2376 2167 destruit.
2407 2111 2542 2169 Hinc
2574 2113 2685 2182 ipse
2716 2115 2882 2169 David
2908 2114 3038 2189 dicit
3062 2132 3076 2169 :
3102 2115 3230 2168 Dixi
3250 2130 3269 2168 :
3294 2112 3575 2180 Coufitebor
3598 2120 3672 2166 et-

2128 2221 2330 2258 rersum
2371 2204 2787 2272 meinjustitiam
2827 2221 2994 2258 meam
3035 2204 3261 2258 Domino
3301 2216 3347 2258 et
3387 2215 3441 2257 tu
3472 2206 3703 2271 remisisti,

2129 2296 2446 2364 impietatem
2491 2297 2688 2365 peccati
2711 2296 2811 2349 mei
2853 2295 3024 2366 (l’sal.
3057 2298 3231 2365 xxxi).
3263 2295 3419 2361 Quod
3447 2312 3563 2349 vero
3586 2298 3685 2350 sine

2136 2386 2482 2442 confessione
2531 2385 2747 2442 habenti
2791 2396 3002 2456 tempus
3030 2388 3080 2442 ei
3124 2388 3302 2441 locum
3349 2399 3557 2455 peccata
3599 2403 3686 2439 non

2132 2470 2730 2543 dimittantur,ostendit
2756 2479 3015 2549 propheta
3038 2495 3162 2534 cuin
3188 2480 3322 2534 dicit
3345 2498 3359 2533 :
3386 2480 3539 2534 Dicta
3557 2481 3680 2550 prius

2132 2571 2436 2640 iniquitates
2482 2580 2623 2635 tuas,
2668 2582 2722 2623 ut
2749 2570 3059 2639 justiﬁceris
3125 2570 3266 2640 (Isa.
3303 2573 3476 2641 mit).
3506 2571 3567 2625 Et
3590 2572 3691 2641 phi-

2133 2658 2385 2729 losophus
2410 2679 2423 2713 :
2455 2680 2472 2712 t
2500 2660 2557 2716 Si
2580 2676 2821 2733 operam,
2846 2662 3043 2732 inquit,
3069 2663 3396 2718 medicantis
3415 2673 3690 2732 exspectas.

2132 2758 2346 2819 oportet
2371 2759 2430 2804 ut
2464 2751 2658 2806 vulnus
2691 2752 2929 2822 detegas.
2968 2770 2987 2805 ι
3020 2752 3118 2808 Cui
3151 2752 3271 2807 ﬁeri
3304 2753 3462 2807 debet
3500 2752 3690 2809 confa-

2135 2839 2256 2895 sio‘t
2290 2838 2570 2895 Confessio
2611 2841 2970 2896 criminalium
3007 2842 3165 2897 debet
3192 2842 3310 2897 fieri
3348 2842 3695 2907 sacerdoti,et

2135 2930 2474 2997 nominatim,
2514 2932 2602 3002 qui
2631 2931 2776 2988 solus
2802 2933 2967 2989 habet
2991 2943 3317 3004 potestatem
3340 2936 3534 3003 ligandi
3552 2948 3693 3005 atque

2136 3021 2399 3086 solvendi,
2433 3022 2574 3078 sicut
2603 3032 2658 3078 et
2697 3024 2857 3095 lepra:
2899 3026 3161 3097 judicium
3192 3027 3325 3083 solis
3350 3028 3693 3084 sacenbuhes

2138 3112 2193 3168 in
2235 3113 2348 3184 lege
2374 3123 2493 3169 erat
2535 3116 2904 3171 commissum.
2940 3115 3221 3172 Confessio
3268 3132 3407 3172 vero
3436 3118 3702 3172 venialiurn

2137 3205 2453 3261 alterutrum
2505 3215 2560 3262 et
2604 3207 2841 3276 cuilibet,
2889 3208 3058 3263 etiam
3107 3209 3335 3277 minori,
3372 3219 3545 3279 potest
3579 3209 3711 3275 ﬁeri,

2135 3296 2388 3367 quoniam
2415 3306 2633 3368 propter
2659 3298 2888 3352 venialia
2919 3315 3025 3355 nou
3050 3311 3340 3371 separatur
3371 3302 3709 3361 humoribus,

2137 3387 2243 3443 nisi
2262 3387 2399 3441 ultra
2424 3388 2640 3443 modum
2663 3389 3035 3457 perincuriam
3057 3392 3311 3457 excedat,
3337 3392 3480 3446 sicut
3506 3405 3610 3445 nec
3628 3405 3718 3461 per

2138 3480 2374 3536 scabiem
2408 3479 2491 3533 vel
2534 3495 2631 3549 per
2661 3480 3047 3551 impetiginem,
3080 3481 3277 3552 aliquis
3308 3483 3363 3536 in
3407 3481 3524 3551 lege
3567 3498 3715 3550 sepa-

2140 3571 2363 3625 rabatur
2386 3585 2414 3623 a
2444 3572 2656 3626 castris.
2680 3570 2766 3625 Fit
2787 3581 2965 3627 autem
2988 3572 3103 3627 lucc
3126 3572 3423 3637 confessio,
3450 3590 3563 3629 non
3590 3574 3721 3643 quod

2138 3662 2307 3732 possit
2336 3677 2365 3715 a
2395 3663 2634 3731 peccatis
2683 3662 2981 3730 absolvere,
3032 3663 3124 3719 sed
3173 3665 3301 3734 quia
3342 3674 3576 3734 propter
3610 3680 3721 3735 pro-

2138 3754 2310 3822 priam
2336 3754 2793 3821 humiliationem,
2820 3764 2876 3809 et
2902 3765 3247 3826 peccatorum
3278 3766 3597 3811 nostrorum
3640 3772 3723 3811 ac-

2140 3848 2494 3910 cusationem,
2520 3855 2574 3901 et
2612 3847 2798 3901 fratris
2838 3848 3157 3911 orationem,
3187 3849 3521 3902 mundamur
3553 3864 3582 3901 a
3612 3865 3727 3918 pec-

2139 3939 2298 3993 catis.
2331 3938 2483 3993 Unde
2510 3947 2564 3992 et
2593 3922 2696 3993 non
2740 3939 2971 3994 dicimus
2997 3957 3009 3992 :
3043 3956 3062 3989 ι
3092 3938 3205 4007 Ego
3233 3941 3452 3993 dimitto
3478 3940 3579 3994 tibi
3607 3955 3725 4008 pec-

2141 4041 2258 4086 cata
2289 4042 2400 4095 tua,
2422 4051 2441 4084 i
2460 4033 2552 4087 sed
2580 4032 2810 4087 dicimus
2833 4032 3039 4087 orando
3065 4050 3078 4085 :
3107 4031 3439 4087 Misereatur
3460 4035 3542 4087 mi
3573 4037 3731 4086 omni-

2141 4136 2318 4190 potens
2348 4125 2510 4192 Deus,
2538 4135 2641 4181 etc.
2670 4125 2894 4193 Quando
2923 4125 3082 4181 debet
3110 4127 3231 4183 fieri
3274 4126 3559 4181 confessio
3591 4127 3735 4179 haec?

2143 4217 2301 4274 Omni
2337 4227 2577 4288 tempore
2607 4233 2715 4288 quo
2745 4233 2841 4273 nos
2869 4234 3127 4288 peccasse
3171 4220 3588 4289 cognoscimus.
3620 4217 3732 4271 Sive

2144 4309 2285 4363 enim
2318 4308 2486 4373 domi,
2535 4309 2649 4364 sive
2698 4310 2751 4364 in
2789 4325 2940 4379 agro,
2993 4310 3106 4367 sive
3145 4312 3201 4364 in
3250 4312 3357 4375 via,
3413 4324 3737 4380 peccavero,

2144 4402 2314 4455 debeo
2343 4400 2526 4454 statim
2552 4400 2731 4455 dicere
2757 4401 2908 4456 fratri
2931 4402 3020 4471 qui
3046 4418 3257 4457 mecum
3280 4412 3364 4457 est
3392 4421 3407 4454 :
3442 4421 3460 4451 ι
3492 4400 3736 4470 peccavi.

2144 4505 2238 4546 ora
2268 4504 2366 4561 pro
2397 4505 2504 4545 me.
2536 4509 2554 4542 ι
2591 4489 2691 4556 Qui
2720 4492 2763 4546 si
2800 4507 2905 4545 non
2933 4492 3131 4553 aderit,
3158 4491 3327 4546 debeo
3348 4491 3611 4545 conﬁteri
3634 4487 3743 4541 Deo

2145 4580 2367 4635 dicens:
2396 4597 2414 4630 ι
2450 4578 2696 4645 Domine,
2738 4579 2981 4649 peccavi,
3010 4580 3274 4633 miserere
3312 4580 3444 4632 mei.
3480 4597 3501 4629 ι
3538 4575 3740 4630 Praeci-

2144 4671 2319 4739 cipue,
2355 4671 2574 4736 fratres,
2605 4670 2656 4725 in
2685 4670 2858 4741 prima
2887 4670 2993 4726 diei
3032 4670 3197 4742 hera,
3218 4670 3492 4739 debemus
3526 4665 3749 4723 confes-

2144 4761 2350 4816 sionem
2378 4760 2556 4816 facere
2584 4759 2651 4814 de
2686 4761 2771 4815 his
2803 4776 2922 4830 qua
2956 4761 3009 4815 in
3037 4770 3199 4815 nocte
3226 4761 3592 4830 deliquimus,
3614 4768 3671 4810 et
3692 4757 3741 4808 ia

2144 4854 2495 4925 completorio
2519 4853 2585 4908 de
2614 4854 2703 4909 his
2728 4868 2847 4924 qua
2868 4854 2920 4908 in
2954 4854 3041 4909 die
3065 4854 3437 4924 peccavimus.
3468 4850 3547 4905 Et
3568 4849 3744 4903 maxi-

2144 4963 2232 5003 me
2279 4946 2496 5014 fratres,
2547 4948 2762 5016 quando
2813 4946 3075 5002 accedere
3123 4946 3374 5001 volumus
3407 4945 3475 4999 ad
3507 4943 3742 4997 missam

2144 5039 2228 5093 vel
2262 5040 2327 5093 ad
2358 5038 2501 5093 aliud
2544 5048 2947 5094 sacramentum
3000 5037 3415 5104 celebrandum,
3442 5035 3536 5091 vel
3566 5034 3745 5089 susci-

2143 5130 2423 5200 piendum,
2448 5145 2547 5201 per
2573 5128 2969 5187 confessionem
3000 5146 3101 5187 nos
3135 5131 3397 5185 mundare
3438 5129 3741 5184 debemus.

2148 5313 2203 5367 in
2240 5313 2380 5384 lege,
2406 5313 2559 5383 quod
2582 5313 2763 5384 posuit
2806 5311 3022 5385 Moyses
3053 5314 3125 5368 ad
3155 5314 3428 5384 introitum
3462 5310 3745 5365 tabemta-

2148 5402 2278 5468 culi,
2306 5404 2358 5456 in
2383 5418 2491 5473 quo
2529 5404 2887 5461 sacrificaturi
2938 5421 3131 5461 manus
3172 5404 3557 5460 emundarent.
3594 5398 3747 5465 Quo-

2150 5495 2311 5548 modo
2338 5495 2587 5550 confiteri
2618 5496 3056 5551 debemus?Cum
3087 5497 3270 5552 cordis
3290 5492 3739 5563 compuncsiooe.

2118 5656 2121 5657 ν
2148 5599 2270 5641 cum
2294 5587 2473 5641 vultus
2501 5587 2828 5654 humilitate,
2855 5602 2976 5643 cum
3008 5588 3250 5660 pectoris
3292 5586 3580 5647 tunsione,
3616 5594 3741 5634 cum

2151 5664 2397 5744 corporis
2447 5658 3023 5744 stipplicatioue;cum
3083 5679 3232 5734 vocis
3286 5676 3603 5731 θεωιίωιε,
3662 5668 3739 5720 Ad

2118 5754 2127 5849 ι’
2156 5766 2393 5820 annuam
2420 5782 2543 5822 vero
2573 5769 2871 5824 orationem
2902 5762 3589 5837 llOSllOl’UlUl’APOSlOlBS
3616 5773 3739 5813 eum
