3822 6316
148 382 250 444 1901

799 371 1104 432 llOMllel-Z
1143 370 1210 432 lN
1253 371 1467 434 EPIST.
1517 370 1604 431 ΕΤ
1637 377 1667 431 ΙΞ

1778 375 1889 434 NG.
1922 370 2222 434 DONlNlC.
2259 408 2329 418 -—
2360 371 2539 434 PARS
2574 376 2614 433 l.

3204 365 3341 440 ιιισέ

147 499 292 558 mw“
317 512 329 548 ε
356 491 411 546 Et
433 499 576 544 orate
611 501 707 558 pro
745 485 988 554 invicem,
1023 501 1081 544 ut
1097 491 1388 546 salvemini.
1425 491 1656 545 Multum
1689 498 1733 549 Α
1762 492 1838 544 bis
1863 494 2138 560 erraverit,
2164 500 2216 572 et
2259 497 2571 550 converterit
2599 495 2714 566 quis
2737 511 2878 561 eum,
2917 494 3129 553 scilicet
3176 499 3343 577 verbo

143 592 252 648 enim
271 585 384 643 valet
402 581 690 651 deprecatio
709 580 846 650 justi
875 582 1116 636 assidua.
1143 582 1236 636 Est
1267 593 1446 638 autem
1481 583 1660 638 oratio

143 683 239 755 pius
277 673 453 732 mentis
478 671 702 727 allectus
733 671 800 725 ad
843 669 1038 737 Deum,
1064 674 1158 743 qui
1209 675 1532 744 quandoque
1582 675 1662 745 pi.

140 773 332 846 gritante
369 765 542 820 animo
571 763 844 818 excitatur
893 779 990 833 per
1031 778 1237 822 vocem.
1279 764 1464 822 Oratio
1497 767 1662 836 igitur

140 877 224 919 non
247 867 320 914 est
341 872 456 919 vos,
489 855 584 909 sed
607 854 786 922 potius
808 854 1008 909 mentis
1035 855 1285 921 allectus,
1317 871 1420 927 qua
1453 859 1664 914 scilicet

133 952 400 1008 affectamus
423 946 623 1016 aliquid
649 945 897 1001 obtinere
919 959 950 1002 a
980 947 1114 1003 Deo.
1132 946 1198 1002 Et
1219 947 1335 1003 haec
1355 947 1518 1004 debet
1543 961 1664 1005 esse

134 1045 226 1116 pia,
255 1039 488 1112 quoniam
518 1051 638 1107 quae
657 1036 723 1091 ad
773 1037 1028 1108 pietatem
1073 1039 1371 1108 pertinent,
1403 1038 1664 1095 debemus

133 1153 214 1209 per
232 1133 512 1191 orationem
559 1129 854 1202 postulare.
884 1129 1112 1199 Quando
1139 1129 1284 1188 enim
1314 1133 1532 1190 animus
1563 1149 1664 1191 no-

133 1238 225 1284 ster
245 1227 290 1280 in
316 1222 550 1280 oratione
578 1221 852 1291 pigressit,
880 1223 1142 1278 debemus
1164 1219 1313 1280 illum
1351 1219 1452 1296 per
1474 1238 1662 1282 vocem

131 1319 356 1380 excitare,
388 1325 444 1370 ut
472 1328 639 1369 sonus
673 1315 786 1370 oris
841 1315 1055 1372 intrans
1102 1331 1200 1385 per
1243 1331 1428 1383 aures,
1460 1321 1666 1375 excitet

128 1408 363 1480 pigritiam
390 1404 602 1459 mentis.
627 1402 812 1459 Oratio
835 1405 1002 1475 igitur
1027 1421 1147 1476 qua:
1171 1405 1229 1462 lit
1263 1403 1378 1462 solo
1400 1407 1582 1471 corde,
1609 1416 1667 1464 et

129 1501 280 1555 sinon
304 1496 470 1560 labiis,
496 1494 606 1551 Deo
630 1507 848 1566 accepta
877 1505 981 1552 est.
1017 1493 1169 1553 Unde
1216 1507 1270 1554 et
1305 1499 1554 1556 Susanna
1585 1513 1666 1556 ta-

127 1606 238 1647 cens
258 1588 442 1643 dicitur
468 1586 734 1642 clamasse
789 1596 1012 1658 propter
1044 1590 1419 1644 vehementem
1467 1586 1666 1646 mentis

127 1679 473 1744 intentionem,
518 1688 574 1734 et
625 1694 655 1733 a
722 1680 832 1735 Deo
864 1681 1046 1736 audita
1101 1680 1272 1737 fuisse
1301 1678 1468 1752 (Dan.
1515 1683 1662 1754 xm).

123 1773 284 1828 Oratio
307 1786 427 1827 vero
456 1786 576 1842 quae
611 1771 745 1826 solis
775 1771 933 1828 labiis
962 1772 1043 1838 ﬁt,
1075 1789 1179 1828 non
1209 1783 1294 1828 est
1321 1784 1448 1828 ante
1495 1774 1664 1829 Deum

1762 581 1846 637 vel
1869 584 2139 656 exemplo,
2168 585 2273 650 gvel
2297 587 2563 653 oratione,
2591 589 2726 642 scire
2751 587 2918 654 debet,
2964 591 3213 660 quoniam
3243 582 3338 663 qui

1761 677 1988 730 converti
2012 677 2192 746 fecerit
2220 683 2542 748 peccatorem
2569 680 2633 734 ab
2657 696 2834 735 errore
2884 681 2979 736 vita
3009 699 3140 748 sure,
3160 700 3344 738 servae

1762 767 1838 820 bit
1864 770 2097 823 animam
2119 770 2234 840 ejus
2260 789 2292 825 a
2316 782 2503 828 morte.
2536 769 2790 829 Ostendit
2815 781 3000 830 autem
3028 791 3190 846 quam
3231 777 3339 832 ulla

1762 855 1828 912 lis
1876 857 1945 912 sit
1971 859 2251 916 conversio
2307 859 2565 928 fratrum,
2597 870 2652 917 et
2685 875 2974 930 converso,
3019 873 3078 920 et
3113 881 3344 922 convers

1765 946 1922 1001 tenti.
1953 946 2226 1014 Quantum
2255 959 2340 1006 est
2365 950 2514 1007 utilis
2539 964 2824 1019 converso,
2859 954 2952 1024 Qui
2984 953 3164 1011 salvat
3217 959 3342 1013 ani-

1764 1042 1909 1092 mam
1931 1035 2052 1106 ejus
2079 1051 2109 1093 a
2146 1051 2343 1097 morte.
2375 1039 2529 1099 Sicut
2549 1044 2695 1101 enim
2721 1045 3013 1117 pretiosior
3055 1055 3142 1102 est
3162 1048 3346 1104 anima

1765 1140 1928 1196 quam
1954 1143 2174 1200 corpus,
2200 1131 2274 1187 ita
2306 1132 2481 1204 major
2512 1146 2598 1192 est
2649 1136 2994 1210 eleemosyna
3020 1151 3140 1210 quae
3168 1139 3348 1196 salvat

1765 1216 2001 1274 animam
2024 1233 2296 1293 nunquam
2326 1227 2844 1300 morituram,quam
2876 1245 2997 1302 quas
3017 1231 3192 1287 salvat
3221 1247 3348 1288 cor-

1765 1320 1868 1377 pus
1896 1314 2207 1368 necessario
2257 1328 2599 1372 moriturum.
2630 1317 2902 1384 Quantum
2936 1334 3067 1377 vero
3096 1321 3168 1377 sit
3196 1321 3346 1378 utilis

1767 1398 1866 1469 ipsi
1901 1403 2262 1472 convertenti,
2319 1409 2554 1463 ostendit
2603 1423 2726 1464 cum
2776 1412 3007 1468 subdit:
3056 1413 3124 1467 Et
3173 1416 3343 1483 operit

1765 1490 2152 1548 multitudinem
2174 1507 2527 1566 peccatorum,
2559 1501 2787 1557 subaudi
2815 1504 3179 1574 propriorum.
3199 1506 3348 1560 Scrit

1765 1592 1917 1653 ptum
1970 1595 2054 1641 est
2095 1588 2238 1643 enim
2268 1607 2282 1643 :
2313 1589 2466 1646 Sicut
2517 1609 2654 1664 aqua
2699 1597 2984 1667 exstinguit
3045 1598 3242 1667 ignem,
3273 1599 3349 1652 ita

1767 1675 2096 1748 eleemosyna
2122 1676 2413 1750 exstinguit
2459 1692 2732 1752 peccatum
2759 1685 2962 1756 (Eccle.
2990 1686 3094 1758 ιιι).
3119 1688 3229 1744 Nec
3255 1704 3348 1744 so-

1771 1765 1881 1820 lum
1924 1774 2208 1825 conversio
2248 1771 2435 1828 fratris
2473 1776 2650 1844 operit
2693 1789 2911 1845 peccata
2956 1762 3347 1838 convertentis.

124 1841 643 1933 acceptabilisUnde
688 1873 742 1919 et
765 1864 880 1934 ipse
925 1865 1058 1919 dicit
1089 1883 1102 1918 :
1135 1863 1372 1934 Populus
1402 1865 1485 1919 hic
1511 1865 1668 1919 labiis
1699 1841 1742 1900 Β
1772 1857 1864 1910 sed
1893 1867 1946 1912 et
1969 1860 2017 1914 ei
2047 1861 2279 1928 acquirit
2329 1841 2610 1918 coronam.
2640 1841 2784 1932 Quot
2827 1867 2972 1921 enim
3023 1869 3146 1936 quis
3169 1870 3345 1923 salvat

120 1973 187 2010 me
208 1957 438 2022 honorat,
467 1972 559 2009 cor
580 1967 756 2010 autem
783 1973 965 2011 eorum
995 1957 1148 2027 longe
1181 1967 1254 2010 est
1283 1975 1314 2010 a
1347 1973 1428 2011 me
1449 1956 1661 2027 (Matth.

122 2066 202 2114 xv;
244 2047 350 2103 Isa.
394 2050 566 2120 χχιιι).
600 2049 850 2105 Ostendit
898 2060 1078 2105 autem
1118 2048 1206 2107 hic
1251 2051 1524 2122 apostolus
1570 2066 1669 2120 pro

119 2140 287 2209 quibus
319 2139 388 2193 sit
435 2139 723 2206 orandum,
773 2148 827 2196 et
861 2141 1012 2209 quid,
1063 2151 1118 2194 et
1171 2141 1350 2195 oratio
1405 2138 1578 2208 cuius,
1613 2153 1670 2197 et

119 2228 266 2297 qualis
285 2228 454 2282 valeat
483 2238 537 2284 et
568 2238 849 2298 quantum.
883 2229 988 2284 Pro
1011 2231 1207 2299 quibus
1241 2239 1325 2284 est
1361 2229 1671 2285 orandum?

113 2335 197 2387 pro
221 2319 466 2387 invicem,
483 2319 535 2374 id
564 2329 646 2374 est
668 2335 766 2390 pro
793 2318 1068 2376 fratribus.
1096 2314 1205 2375 Pro
1229 2321 1496 2376 haereticis
1522 2321 1670 2377 enim

113 2423 159 2467 et
182 2411 498 2477 infidelibus,
529 2422 583 2468 et
606 2413 658 2466 in
707 2413 956 2483 spiritum
995 2425 1242 2468 sanctum
1295 2415 1669 2484 peccantibus,

110 2488 201 2558 non
235 2503 304 2556 ita
340 2513 595 2558 tenemur
621 2519 799 2559 orare.
837 2504 990 2560 Unde
1019 2515 1073 2560 et
1121 2502 1358 2560 Joannes
1388 2520 1402 2558 :
1434 2499 1553 2572 Est,
1588 2507 1672 2560 iu-

109 2594 229 2662 quit,
255 2604 526 2663 peccatum
551 2588 619 2648 ad
649 2605 886 2650 mortem.
929 2593 1037 2649 Pro
1077 2612 1138 2649 eo
1174 2612 1276 2649 non
1303 2596 1420 2649 dico
1451 2608 1504 2649 ut
1553 2595 1671 2666 quis

103 2694 201 2737 oret
247 2683 300 2755 (Ι
319 2682 491 2738 Joan.
520 2683 597 2756 v).
625 2684 729 2740 Pro
755 2684 950 2756 quibus
993 2686 1040 2740 si
1079 2701 1318 2752 oramus,
1341 2701 1532 2742 eorum
1563 2704 1668 2742 non

105 2773 336 2838 salutem,
365 2773 461 2829 sed
481 2775 900 2854 conversionem
953 2777 1208 2847 petimus,
1239 2787 1290 2831 et
1319 2793 1442 2832 cum
1482 2774 1672 2832 condi-

103 2865 236 2920 tione
279 2864 542 2920 videlicet
589 2865 1001 2937 subiungendo:
1033 2865 1188 2922 Sicut
1237 2877 1292 2922 et
1324 2867 1423 2933 vis,
1455 2876 1508 2923 et
1540 2868 1670 2937 scis,

100 2955 334 3019 Domine,
363 2957 439 3012 ita
467 2958 554 3013 eis
582 2957 775 3013 facias.
799 2958 939 3025 Quid
964 2967 1048 3014 est
1077 2958 1342 3014 orandum
1364 2960 1388 3013 ‘l
1410 2958 1480 3014 Ut
1505 2960 1673 3013 salve-

94 3047 256 3102 mini:
297 3046 419 3105 Non
480 3048 561 3103 ait
606 3058 665 3104 ut
691 3049 1056 3114 bonoremini,
1089 3049 1171 3104 vel
1220 3047 1550 3118 gloriemini,
1590 3048 1670 3105 vel

92 3140 430 3197 delectemini
459 3141 521 3196 in
561 3142 664 3197 hoc
686 3141 904 3197 saeculo.
952 3141 1026 3196 De
1067 3140 1378 3210 hujusmodi
1401 3141 1546 3196 enim
1578 3156 1674 3208 po-

88 3232 413 3289 stulantibus
449 3232 694 3290 Jacobus
718 3234 833 3290 ait:
865 3232 1052 3288 Petilia
1091 3235 1230 3289 enim
1260 3243 1308 3288 et
1339 3251 1442 3288 non
1481 3233 1673 3304 accipi-

85 3326 167 3390 tis,
200 3343 259 3380 eo
284 3325 435 3398 quod
473 3326 690 3396 indigne
730 3325 939 3396 petatis,
967 3334 1024 3379 ut
1045 3325 1098 3380 in
1128 3325 1560 3393 concupiscentiis
1590 3341 1676 3379 ue-

82 3417 198 3475 stris
221 3421 527 3476 insinuatis
549 3417 689 3492 (Jac.
713 3419 805 3490 tv).
837 3419 944 3475 Sed
962 3430 1208 3490 petamus
1233 3431 1292 3474 ut
1323 3419 1373 3473 in
1397 3417 1676 3489 evangelio

83 3515 319 3584 prarcipit
351 3513 630 3570 Dominus
664 3529 678 3567 :
715 3511 955 3566 Primum
1000 3513 1218 3582 quwrite
1249 3526 1464 3582 regnum
1501 3507 1599 3562 Dei
1625 3517 1676 3562 et

74 3605 336 3670 iustitiam
368 3609 582 3678 ejus,et
611 3607 722 3661 licet:
745 3606 922 3660 omnia
944 3605 1261 3674 adjicientur
1286 3603 1427 3671 vobis
1455 3601 1672 3672 (Matth.

73 3699 162 3765 vn).
195 3697 372 3766 Cujus
410 3697 598 3752 valeat
631 3695 810 3751 oratio
840 3693 1100 3760 ostendit,
1133 3708 1255 3748 cum
1288 3691 1490 3756 subdit,
1511 3687 1672 3760 justi.

70 3789 200 3845 Nam
233 3792 380 3846 oculi
434 3789 654 3844 Domini
690 3804 847 3858 super
889 3789 1087 3866 justas,
1132 3795 1178 3839 et
1233 3801 1390 3838 aures
1438 3783 1554 3850 eius
1605 3782 1674 3836 ad

65 3901 240 3952 preces
270 3900 500 3938 eorum.
543 3879 730 3935 Vultus
765 3890 940 3934 autem
971 3878 1184 3933 Domini
1231 3892 1388 3946 super
1417 3871 1672 3945 facientes

65 3976 424 4050 mala(Psal.
464 3975 694 4044 xxxiii).
748 3972 935 4040 Qualis
983 3971 1160 4050 oratio
1191 3969 1392 4033 valeat,
1436 3969 1677 4024 ostendit

60 4087 180 4124 cum
215 4072 383 4130 dicit,
410 4070 723 4138 deprecatio
773 4065 1012 4126 assidua,
1047 4063 1100 4116 id
1127 4071 1232 4127 est,
1257 4075 1378 4131 qua:
1411 4059 1674 4114 intensio-

60 4178 183 4217 nem
217 4161 398 4217 habet
420 4171 478 4216 et
523 4158 858 4214 instantiam.
902 4155 1036 4210 Nam
1085 4154 1204 4208 laxa
1244 4159 1300 4207 et
1325 4151 1469 4207 lassa
1500 4153 1676 4206 oratio

54 4255 369 4325 impetrare
403 4268 528 4308 non
550 4251 704 4306 solet.
738 4249 1012 4317 Quantum
1038 4261 1165 4302 vero
1187 4245 1382 4310 valeat,
1412 4244 1674 4311 ostendit,

55 4361 179 4401 cum
205 4345 380 4412 dicit,
415 4343 652 4397 multum
683 4342 836 4396 valet.
861 4337 1051 4394 Oratio
1096 4337 1296 4408 quippe
1321 4336 1477 4390 nobis
1500 4350 1530 4389 a
1566 4335 1678 4390 Deo

46 4435 322 4505 impetrat
338 4433 581 4488 veniam
600 4439 971 4499 peccatorum,
987 4426 1330 4483 collationem
1354 4425 1674 4498 gratiarum,

1770 1950 2002 2017 animas,
2035 1962 2115 2006 tot
2167 1954 2387 2008 habebit
2440 1971 2690 2012 coronas.
2744 1957 2870 2013 Inde
2921 1960 3184 2029 scriptum
3216 1970 3348 2015 est:

1769 2043 2016 2112 quoniam
2041 2045 2172 2097 sicut
2205 2045 2370 2099 stella:
2400 2047 2720 2114 ﬁrmamenti
2769 2049 3062 2120 fulgebunt,
3091 2052 3180 2122 qui
3209 2051 3350 2105 mulo

1772 2141 1849 2185 tos
1880 2134 2168 2187 erudierint
2193 2133 2355 2205 (Dan.
2382 2137 2502 2206 xu).
2533 2137 2662 2204 Qua:
2689 2138 2856 2206 enim,
2896 2139 3092 2196 fratres
3145 2141 3357 2198 charis-

1773 2222 1916 2286 simi,
1945 2238 2064 2292 qua:
2083 2224 2444 2297 cleemosyna,
2470 2225 2842 2296 quze'victoria
2873 2238 3051 2299 potest
3082 2245 3201 2286 esse
3231 2247 3348 2286 ma-

1766 2311 1892 2380 jor,
1951 2329 2110 2383 quam
2160 2315 2226 2370 ad
2288 2316 2696 2373 similitudinem
2753 2321 2923 2375 nostri
2977 2318 3356 2393 Redemptoris

1775 2402 2054 2490 frangerer
2083 2419 2234 2480 seras
2281 2405 2498 2475 inferni,
2549 2409 2760 2479 eripere
2809 2426 2935 2465 vasa
2998 2412 3351 2482 captivitatis.

1773 2509 1968 2550 eruere
1998 2510 2120 2550 reos
2150 2497 2214 2552 de
2243 2496 2488 2555 faucibus
2512 2500 2736 2563 diaboli,
2785 2509 2842 2556 et
2869 2500 3087 2557 Christo
3112 2502 3313 2558 lucrari
3332 2505 3358 2556 ?

1774 2581 1987 2652 Itaque,
2011 2584 2206 2642 fratres
2233 2589 2358 2652 mei,
2398 2581 2629 2645 mortem
2668 2590 2782 2660 jam
2823 2592 2979 2647 nobis
3030 2593 3351 2655 instantem.

1774 2684 1826 2730 et
1861 2676 2165 2733 districtum
2221 2679 2313 2734 Dei
2357 2678 2621 2749 judicium
2657 2696 2874 2752 semper
2901 2693 3028 2739 ante
3047 2685 3235 2741 oculos
3257 2701 3357 2742 no-

1775 2775 1918 2823 stros
1939 2769 2323 2836 habeamus,et
2349 2784 2569 2843 peccata
2593 2775 2898 2831 criminalia
2923 2777 3079 2846 quasi
3118 2787 3350 2834 mortem

1775 2859 2068 2931 fugiamus.
2111 2861 2354 2920 Venialia
2379 2881 2508 2922 vero
2535 2877 2592 2923 et
2614 2867 2932 2939 quotidiana
2961 2880 3186 2939 peccata
3213 2886 3356 2940 quoa-

1779 2951 1909 3006 tidie
1938 2953 2140 3009 mutuis
2195 2954 2639 3014 confessionibus
2693 2972 2974 3025 curemus,
3015 2961 3360 3017 orationibus

1775 3041 1842 3096 ad
1869 3042 2099 3098 invicem
2123 3057 2221 3101 nos
2247 3046 2582 3116 adjuvemus,
2605 3049 2745 3105 alter
2776 3050 3002 3107 alterius
3033 3067 3201 3108 onera
3235 3069 3365 3123 por-

1781 3139 1975 3198 temus,
2005 3132 2491 3194 errantes'lucrari
2549 3138 2661 3197 Deo
2693 3149 3024 3211 satagamus,
3056 3154 3136 3209 ut,
3172 3137 3216 3200 si
3248 3160 3360 3200 non

1779 3239 2088 3295 possumus,
2115 3241 2238 3285 cum
2271 3239 2349 3285 tot
2380 3231 2670 3303 triumphis
2714 3246 2839 3288 cum
2883 3244 3016 3305 quot
3068 3232 3266 3292 Petrus
3297 3246 3356 3291 et

1776 3313 1997 3384 Paulus,
2027 3320 2218 3377 saltem
2247 3334 2368 3378 cum
2411 3339 2519 3380 uno
2545 3327 2628 3380 vel
2673 3324 2906 3395 duobus,
2939 3331 3024 3381 vel
3076 3343 3199 3383 cum
3227 3337 3362 3398 quot

1776 3423 2086 3479 possumus,
2103 3418 2170 3468 ad
2201 3430 2453 3486 magnum
2477 3415 2619 3471 diem
2635 3417 2826 3488 judicii
2856 3428 2910 3474 et
2933 3429 3152 3476 αξιοι-ηπ
3175 3435 3358 3476 remu—

1777 3501 2072 3558 nerationis
2128 3504 2532 3574 perveniamus,
2576 3505 2840 3577 largiente
2895 3506 3121 3564 Domino
3168 3519 3363 3564 nostro

1775 3589 1901 3646 Jesu
1928 3591 2168 3660 Christo,
2201 3596 2293 3664 qui
2324 3611 2448 3652 cum
2496 3596 2660 3654 Patre
2689 3607 2743 3654 et
2774 3598 2982 3669 Spiritu
3004 3610 3196 3658 sancto
3227 3601 3363 3658 vivit

1777 3693 1832 3738 et
1861 3695 2051 3757 regnat
2082 3685 2224 3744 Deus
2248 3688 2302 3742 in
2343 3700 2631 3744 aeternum.
2661 3690 2855 3746 Amen.

2328 3790 2609 3848 llOMlLlA
2638 3792 2798 3849 LXV.

2275 3889 2328 3929 IN
2373 3891 2592 3931 ιιῐΑΝιΑ
2639 3890 2860 3933 IAJORE.

1851 3964 1982 4030 Quis
2023 3974 2248 4021 vestrum
2308 3967 2516 4042 habebit
2575 3970 2840 4036 amicum,
2883 3979 2932 4026 et
2979 3969 3072 4024 ibit
3120 3971 3190 4026 ad
3240 3985 3361 4026 eum

1778 4059 1953 4113 media
1991 4070 2164 4126 nocte,
2212 4069 2260 4114 et
2299 4061 2434 4115 dicet
2477 4062 2557 4115 illi
2600 4075 2621 4115 :
2661 4063 2873 4130 Amice,
2903 4064 3176 4119 commoda
3232 4067 3362 4120 mihi

1777 4159 1882 4204 tres
1907 4167 2088 4220 panes,
2109 4150 2358 4221 quoniam
2387 4152 2590 4207 amicus
2620 4168 2764 4208 meus
2790 4151 2928 4209 venit
2957 4156 3020 4209 de
3049 4156 3130 4209 via
3154 4156 3222 4209 ad
3257 4169 3360 4220 me,

1777 4248 1826 4292 et
1845 4255 1947 4293 non
1969 4240 2132 4295 habeo
2152 4242 2292 4310 quod
2312 4259 2505 4312 ponam
2534 4255 2655 4298 ante
2689 4243 2838 4298 illum
2860 4243 3014 4316 (Luc.
3046 4245 3144 4316 xl).
3175 4242 3362 4302 Lectio

1781 4330 1908 4397 ista,
1931 4330 2132 4387 fratres
2153 4331 2482 4400 charissimi,
2521 4349 2622 4404 per
2650 4337 2787 4392 duas
2812 4335 3098 4406 parabolas
3128 4337 3357 4406 biperti—

1783 4431 1834 4478 ta
1860 4434 1964 4480 est.
1990 4422 2254 4491 Quoniam
2285 4425 2429 4480 enim
2476 4425 2620 4483 Deus
2667 4438 2723 4483 et
2746 4426 3005 4483 Dominus
3034 4435 3237 4492 noster,
3265 4444 3364 4484 nos

45 4527 428 4582 aversionem
461 4522 878 4586 adversitatum,
924 4518 1352 4576 consolationem
1399 4517 1674 4588 prosperi-
1713 4523 1758 4582 ι)
1783 4523 2003 4572 orantes
2031 4515 2305 4571 multoties
2357 4531 2463 4572 non
2497 4518 2682 4573 statim
2713 4518 2884 4584 audit,
2916 4517 3011 4572 sed
3051 4515 3252 4584 differt,
3305 4527 3366 4573 ut

39 4628 251 4674 tatum.
322 4616 544 4674 Oratio
590 4613 864 4670 diabolum
902 4611 1076 4684 fugat,
1133 4611 1268 4665 iram
1331 4608 1426 4664 Dei
1477 4609 1683 4690 placat,

38 4723 306 4768 nostram
345 4709 520 4764 viam
566 4705 773 4776 dirigit,
821 4713 877 4760 et
921 4704 990 4758 ad
1021 4718 1242 4774 regnum
1271 4703 1362 4758 Dei
1409 4702 1675 4772 perducit.

28 4803 239 4861 Oratio
282 4801 461 4856 valet
501 4807 558 4854 et
584 4814 614 4853 a
640 4813 748 4868 quo
778 4796 871 4863 lit,
926 4804 983 4850 et
1027 4812 1125 4866 pro
1160 4810 1267 4863 quo
1294 4795 1390 4848 iit:
1420 4793 1484 4848 Et
1527 4793 1573 4847 si
1603 4793 1678 4847 illi

26 4911 132 4965 pro
156 4911 283 4966 quo
319 4893 394 4948 fit
419 4906 547 4948 non
577 4889 739 4954 valet,
762 4888 840 4944 illi
867 4897 1045 4944 tamen
1079 4903 1110 4942 a
1139 4902 1247 4958 quo
1271 4886 1359 4957 pie
1384 4885 1444 4941 lit
1462 4925 1478 4952 ,
1499 4883 1680 4942 valere

18 4997 245 5058 potest.
280 4985 604 5055 Scriptum
629 4990 715 5038 est
750 4982 894 5037 enim
930 4997 945 5034 :
977 4979 1043 5034 Et
1091 4981 1260 5035 oratio
1308 4996 1426 5036 mea
1473 4979 1531 5035 in
1555 4979 1679 5035 sinu

19 5095 140 5133 nea
161 5085 561 5134 convertatur
587 5069 760 5142 (Psal.
780 5069 988 5141 xxxiv).
1015 5069 1184 5125 Porro
1214 5077 1479 5140 quantum
1500 5069 1680 5126 oratio

14 5173 236 5240 valeat,
285 5165 584 5226 ostendit
610 5164 861 5234 exemplo
897 5162 1027 5217 Elize
1063 5170 1120 5218 et
1170 5171 1257 5217 est
1296 5169 1679 5234 argumentum

15 5282 41 5317 a
71 5263 332 5318 minori.
367 5259 534 5314 Nam
559 5257 603 5311 si
628 5270 776 5310 unus
797 5254 961 5309 homo
987 5252 1128 5308 sicut
1171 5262 1227 5307 et
1250 5268 1350 5308 nos
1385 5249 1677 5322 passibilis,

11 5360 208 5414 minas
246 5354 455 5410 unius
499 5349 834 5406 muliercula:
881 5346 1092 5420 fugiens
1115 5386 1130 5413 ,
1167 5350 1345 5400 tamen
1376 5344 1678 5408 sustinens,

13 5463 60 5508 et
83 5462 369 5507 mortem
420 5446 660 5508 timens,
689 5458 794 5496 una
819 5443 1067 5499 oratione
1109 5437 1344 5509 pluviam
1374 5436 1589 5500 avertit,
1627 5442 1681 5490 et

19 5556 252 5615 terum.
282 5554 442 5597 cam
485 5535 658 5592 terris
683 5533 897 5590 dederit
925 5530 1045 5600 (III
1072 5529 1208 5602 Reg.
1244 5525 1410 5600 xvn),
1444 5527 1574 5601 quid
1602 5526 1682 5582 fa-

9 5637 168 5691 :ient
202 5632 510 5703 plurium
533 5626 804 5695 justorum
823 5623 1099 5678 orationes
1128 5622 1294 5676 etiam
1323 5615 1678 5675 assiduzelAd

9 5724 485 5798 orrectionem
520 5730 648 5770 vero
673 5725 726 5769 et
759 5713 1166 5770 conversionem
1190 5710 1416 5764 fratrum
1450 5723 1688 5786 peccang

12 5826 143 5881 tum
187 5797 313 5874 nos
351 5797 667 5874 hortatur,
686 5823 806 5865 cum
831 5807 962 5865 dicit
992 5819 1009 5863 :
1063 5801 1121 5861 Si
1149 5807 1264 5876 quis
1293 5815 1465 5860 autem
1495 5818 1558 5858 ex
1587 5818 1681 5881 ro-r
1703 5865 1724 5875 δ

1786 4607 1959 4679 magis
2003 4616 2057 4664 et
2085 4609 2258 4682 magis
2292 4619 2544 4676 orantes,
2577 4609 2774 4680 magis,
2807 4610 2980 4681 magis
3034 4625 3361 4670 mereamur.

1782 4698 1908 4754 ldeo
1953 4714 2050 4769 per
2092 4701 2318 4769 primam
2368 4699 2681 4770 parabolam
2735 4701 2984 4756 hortatur
3008 4716 3130 4766 nos,
3169 4717 3239 4758 ne
3293 4707 3364 4761 ab

1782 4775 2026 4847 oratione
2059 4787 2366 4862 fatigamur,
2385 4792 2468 4847 vel
2492 4791 2562 4848 de
2585 4791 2965 4862 impetratione
2989 4791 3362 4863 desperemus.

1782 4883 1875 4938 sed
1906 4883 2085 4953 potius
2105 4892 2433 4954 opportune,
2458 4881 2692 4939 orationi
2720 4883 3005 4949 instemus,
3036 4885 3365 4954 promittens

1782 4975 2038 5047 quoniam
2077 4973 2383 5045 importune
2407 4985 2676 5045 petentes,
2699 4983 3003 5046 opportune
3026 4974 3214 5046 procul
3267 4978 3368 5030 du-

1781 5065 1873 5124 bio
1903 5081 1934 5119 a
1968 5065 2076 5121 Deo
2095 5063 2478 5120 exaudientur.
2508 5062 2834 5136 Sumitergo
2850 5062 3363 5152 istam‘paraholam

1783 5159 1850 5215 de
1876 5157 2098 5214 homine
2117 5156 2210 5229 qui
2229 5158 2297 5213 ad
2331 5158 2566 5214 amicum
2613 5173 2774 5214 suum
2815 5159 2870 5213 in
2919 5159 3247 5216 necessitate
3274 5176 3366 5217 re-

1783 5250 1976 5307 currit.
2017 5249 2188 5318 Quem
2243 5249 2370 5306 licet
2417 5258 2768 5307 excusantem
2819 5259 2876 5306 et
2924 5266 2986 5306 se
3039 5267 3144 5306 non
3207 5267 3367 5322 posse

1783 5340 2073 5398 subvenire
2093 5341 2384 5409 dicentem,
2415 5349 2597 5396 tamen
2621 5339 2724 5397 etsi
2751 5356 2858 5397 non
2881 5344 3139 5406 amicitia,
3164 5343 3362 5397 saltem

1785 5432 2197 5503 importunitate
2237 5445 2361 5487 eum
2413 5429 2588 5486 ﬂectit
2618 5430 2718 5487 sibi
2749 5432 3058 5489 subvenire.
3088 5432 3363 5501 Quantum

1785 5541 1916 5598 ergo
1951 5524 2018 5580 ad
2046 5524 2282 5580 litteram
2305 5524 2560 5592 pertinet,
2590 5521 2698 5578 duo
2722 5523 2776 5578 in
2821 5522 2925 5578 hac
2955 5525 3210 5593 parabola
3235 5533 3364 5578 sunt

1787 5619 1944 5674 nobis
1971 5615 2390 5682 consideranda,
2423 5613 2674 5670 videlicet
2714 5612 3033 5684 negligentia
3068 5629 3227 5682 quam
3258 5615 3360 5666 ha.

1785 5713 1974 5766 bemus
2004 5709 2058 5764 in
2085 5723 2205 5774 nos,
2253 5714 2308 5761 et
2359 5706 2500 5763 bona
2530 5706 2780 5764 voluntas
2809 5719 2969 5768 quam
3001 5703 3143 5759 Deus
3196 5704 3360 5758 habet

1784 5819 1911 5877 erga
1935 5817 2050 5862 nos.
2091 5801 2161 5872 Et
2191 5800 2574 5874 negligentiam
2605 5801 2822 5874 quidem
2863 5799 3124 5857 habemus
3151 5798 3203 5852 in
3232 5812 3353 5861 nos,
