3822 6316
532 365 666 422 ηπ

1550 358 1887 414 ADDENDA.
1915 384 1984 399 -ο
2019 355 2364 414 RADULPHI
2399 355 2746 413 ABDENTIS

3623 362 3722 421 im

532 482 784 552 quoniam
813 483 865 536 in
907 481 1164 552 petitione
1189 487 1238 530 et
1269 474 1621 545 acquisitione
1649 482 1864 525 :etcrna:
1895 471 2088 524 salutis
2126 485 2170 540 Α
2198 470 2340 524 nulla
2371 471 2595 525 satietas
2654 471 2944 527 invenitur.
3003 471 3113 526 Nec
3145 488 3279 534 nos,
3311 474 3438 542 quid
3494 485 3612 530 ante
3633 493 3720 534 eum

532 573 866 644 negligentes
890 587 1103 634 smnus;
1127 570 1179 622 in
1214 565 1470 638 petitione
1502 579 1631 618 vero
1654 571 1707 617 et
1735 562 2092 631 acquisitione

532 665 908 736 temporalium
936 664 1201 721 ferventes
1229 675 1432 716 smnus.
1462 657 1596 712 Nam
1629 658 1672 712 si
1697 657 1914 728 ingruat
1939 657 2096 711 nobis

527 759 706 828 aliqua
738 759 1032 813 necessitas
1064 753 1394 822 temporalis,
1445 749 1657 805 solliciti
1712 765 1900 804 sumus
1920 791 1935 815 ,
1968 749 2095 803 dor-

527 846 666 904 mire
707 863 812 902 non
860 862 1163 916 possumus,
1193 852 1249 897 et
1276 843 1342 896 de
1394 842 1566 895 media
1600 851 1756 896 nocte
1805 851 2094 910 surgentes

527 939 902 1002 discurrimus,
942 938 1144 992 amicos
1183 943 1238 989 et
1285 933 1494 988 vicinos
1533 933 1846 1002 fatigamus,
1881 932 2096 989 fletibus

527 1035 582 1081 et
603 1028 868 1098 suspiriis,
906 1026 1155 1098 precibus
1182 1033 1238 1077 et
1265 1023 1546 1093 promissis
1593 1021 1807 1091 pulsare
1839 1037 1942 1076 non
1969 1038 2090 1076 ces-

526 1133 727 1180 samus,
759 1117 928 1172 donec
959 1114 1100 1184 quod
1124 1112 1278 1166 nobis
1309 1111 1520 1173 deerat,
1576 1110 1924 1179 accipiamus.
1955 1109 2088 1163 Cum

523 1223 654 1262 vero
677 1210 890 1276 ingruat
915 1205 1067 1262 nobis
1108 1205 1324 1260 assidue
1355 1205 1594 1260 maxima
1627 1205 1870 1258 omnium
1903 1219 2094 1258 neces-

521 1299 762 1362 sitatum,
787 1295 1008 1350 cvitatio
1029 1295 1282 1350 videlicet
1303 1295 1489 1351 mortis
1511 1304 1751 1360 .eternze,
1780 1303 1835 1349 et
1857 1294 1924 1349 ad
1949 1295 2090 1348 banc

520 1387 826 1442 evitandam
857 1387 1186 1458 negligentes
1210 1402 1416 1451 sumus,
1433 1386 1751 1450 dormimus,
1772 1400 1879 1440 non
1909 1384 2089 1455 surgi-

519 1498 639 1537 mus
681 1490 802 1536 ante
841 1483 1045 1549 lucem;
1077 1494 1132 1538 ut
1158 1481 1324 1536 Deum
1353 1490 1407 1536 et
1449 1478 1564 1548 ejus
1591 1489 1810 1532 sanctos
1835 1475 2090 1547 precibus

517 1583 574 1626 et
621 1573 979 1642 promissione
1035 1573 1432 1628 emundatiouis
1478 1570 1788 1642 pulsemus,
1819 1577 2088 1638 quatenus

519 1665 754 1742 dimissis
780 1666 1013 1733 peccatis
1063 1667 1283 1731 nostris,
1318 1674 1548 1719 mortem
1598 1673 1854 1717 mternam
1881 1663 2087 1717 evitare

516 1757 806 1825 possimus.
838 1756 989 1824 Quod
1016 1758 1058 1810 si
1089 1757 1395 1826 promiserit
1420 1771 1514 1809 rex
1545 1753 1701 1809 nobis
1732 1754 1812 1808 vel
1835 1755 2086 1824 princeps

2200 577 2485 632 ponamus,
2511 572 2793 624 habemus,
2826 579 2952 633 quia
2990 563 3173 617 divina
3224 566 3394 634 gratia
3416 606 3429 627 ,
3458 581 3572 634 qua:
3614 568 3721 629 cibus

2197 655 2361 708 animi
2392 664 2498 718 est,
2533 656 2584 710 in
2610 672 2771 709 manu
2798 656 3032 712 hominis
3086 673 3194 712 non
3230 667 3337 712 est.
3389 656 3554 713 Fame
3603 661 3722 732 igitur

2196 743 2353 798 amici
2421 753 2676 816 cogente,
2707 761 2812 800 non
2859 757 2940 802 est
2971 747 3323 812 morandum,
3351 757 3412 801 ut
3451 747 3643 805 faciunt
3661 756 3720 823 qui

2195 836 2420 904 salutem
2471 838 2667 892 animae
2712 854 2823 894 suze
2875 842 3302 910 procrastinant,
3346 842 3442 897 sed
3480 844 3544 896 de
3593 850 3719 902 media

2197 937 2353 982 nocte
2383 930 2588 998 peccati
2627 939 2684 984 et
2726 929 3042 996 ignorantia:
3076 946 3239 1002 quam
3273 932 3387 986 cito
3421 937 3716 1003 surgendum,

2191 1027 2241 1071 et
2267 1019 2331 1071 ad
2365 1019 2597 1074 amicum
2627 1019 2842 1092 unicum
2875 1032 3143 1086 nostrum,
3187 1023 3406 1078 scilicet
3445 1024 3606 1080 Deum
3651 1027 3718 1082 Pa-

2196 1117 2353 1174 trem,
2382 1125 2541 1178 quam
2565 1111 2674 1165 cito
2700 1110 3031 1177 festinando,
3076 1123 3189 1169 tres
3216 1131 3386 1185 panes
3431 1127 3554 1171 sunt
3591 1119 3645 1169 ab
3675 1138 3720 1176 ω

2191 1201 2520 1268 postulandi,
2553 1204 2604 1258 id
2631 1212 2716 1258 est
2742 1204 2876 1260 ﬁdes
2917 1203 3224 1270 Trinitatis,
3265 1208 3348 1261 vel
3378 1209 3566 1278 triplex
3595 1229 3716 1270 sacra:

2193 1289 2486 1358 Scriptum
2509 1295 2835 1364 intellectus,
2855 1297 3063 1352 scilicet
3092 1298 3414 1363 historicus,
3448 1302 3715 1364 moralis.et

2193 1383 2478 1454 mysticus,
2500 1386 2696 1454 quibus
2725 1387 2888 1440 animi
2922 1389 3090 1442 nostri
3113 1390 3323 1444 esuries
3351 1391 3532 1447 valeat
3561 1395 3712 1452 satiari.

2191 1474 2341 1528 Sicut
2374 1476 2518 1530 enim
2561 1478 2742 1547 justus
2771 1495 2836 1533 ex
2857 1479 2964 1547 ﬁde
2989 1480 3111 1535 vivit
3149 1479 3330 1549 (Rom.
3360 1483 3426 1549 ι),
3476 1483 3546 1536 ita
3591 1496 3631 1539 et
3665 1491 3710 1542 de

2189 1568 2332 1620 omni
2371 1569 2523 1621 verbo
2551 1571 2690 1639 quod
2711 1571 2942 1639 procedit
2967 1571 3033 1624 de
3059 1588 3147 1625 ore
3172 1570 3272 1625 Dei
3305 1571 3528 1637 (uouit.
3553 1576 3712 1644 tv).llle

2188 1655 2405 1710 deintus
2428 1659 2756 1727 respondens
2787 1675 2846 1713 se
2872 1670 3119 1725 excusat,
3148 1661 3277 1715 dum
3323 1661 3512 1717 clausa
3548 1669 3715 1722 exaudi-

2190 1745 2349 1799 tionis
2372 1745 2535 1814 janua
2567 1749 2826 1803 auxilium
2873 1749 3016 1805 ferre
3067 1751 3402 1806 dissimulat.
3439 1753 3505 1808 Et
3547 1770 3606 1810 ex
3645 1756 3716 1815 hoc

517 1848 792 1902 stecularis
845 1863 904 1901 se
958 1848 1206 1901 daturum
1259 1848 1414 1901 nobis
1471 1846 1689 1900 divitias
1719 1845 1801 1899 vel
1846 1845 2070 1900 honores

2188 1837 2420 1904 videtur,
2452 1840 2577 1908 quia
2626 1841 2822 1894 ostium
2869 1842 3274 1912 przedicationis
3321 1844 3567 1900 clausum
3593 1859 3717 1905 estet

517 1938 677 2008 hujus
720 1937 924 2000 mundi,
970 1947 1168 2007 quanto
1204 1936 1472 1992 desiderio
1520 1951 1643 1989 eum
1699 1934 1998 2004 sequimur,
2026 1943 2081 1989 et

516 2039 716 2098 quanta
747 2027 1022 2096 diligentia
1069 2027 1118 2082 ci
1186 2025 1657 2081 famulamur?Ad
1712 2024 1921 2096 jussum
1969 2023 2084 2092 ejus

518 2115 809 2169 lustramus
845 2116 1121 2179 mundum,
1150 2115 1562 2169 transfretamus
1609 2129 1826 2182 aequora
1847 2155 1862 2178 ,
1890 2113 2083 2167 visita-

516 2229 635 2266 mus
662 2213 919 2266 barbaras
943 2213 1210 2276 nationes,
1244 2227 1348 2265 nou
1375 2210 1674 2265 retinemur
1722 2210 1941 2278 frigore,
1973 2225 2080 2264 non

508 2311 669 2370 testu,
706 2316 810 2355 non
862 2302 1135 2372 periculis,
1167 2317 1272 2356 non
1303 2300 1518 2372 gladiis.
1574 2299 1638 2352 Et
1684 2297 1786 2353 hoc
1817 2307 1988 2352 totum
2020 2307 2081 2351 ut

513 2410 929 2463 consequamur,
959 2410 1094 2464 quas
1121 2395 1257 2448 forte
1296 2407 1567 2464 nunquam
1620 2391 1962 2448 consecuturi
1989 2405 2082 2444 su-

511 2501 655 2550 mus,
689 2485 849 2542 falsas
869 2496 923 2541 et
950 2486 1142 2541 breves
1165 2484 1324 2554 hujus
1364 2484 1549 2538 mundi
1584 2483 1803 2538 divitias
1823 2492 1876 2537 et
1904 2484 2076 2538 bono.

511 2590 622 2628 res.
650 2574 799 2630 Nunc
823 2584 1002 2630 autem
1031 2591 1151 2628 eum
1169 2574 1434 2644 promittit
1457 2573 1803 2644 omnipotens
1828 2584 1882 2627 et
1912 2587 2076 2626 verax

509 2665 651 2719 Deus
705 2667 916 2719 beatum
966 2674 1020 2719 et
1075 2673 1336 2718 :eternum
1379 2677 1625 2733 regnum,
1659 2662 1979 2732 negligimus
2027 2661 2074 2715 ei

509 2757 750 2819 obedire,
795 2765 850 2810 et
898 2755 1144 2810 famulari
1189 2755 1605 2818 contemnimus,
1635 2767 1733 2808 nec
1779 2753 1942 2807 etiam
1979 2768 2078 2822 per

508 2848 622 2915 ipsa
649 2863 903 2918 prospera
947 2860 1070 2902 eum
1095 2846 1246 2916 sequi
1281 2845 1544 2899 volumus.
1585 2843 1786 2914 thuid
1816 2843 1918 2900 ho':
1970 2843 2078 2897 fra-

506 2937 652 2991 tres?
675 2937 775 2991 nisi
801 2935 926 3007 quia
970 2936 1202 2991 radicem
1241 2943 1479 2989 nostram
1528 2933 1582 2987 in
1617 2947 1858 2989 amorem
1891 2932 2074 2986 mttndi

507 3030 742 3100 figimus,
769 3037 824 3084 et
872 3028 981 3085 Deo
1003 3028 1337 3100 promittenti
1387 3041 1616 3097 regnum
1668 3025 1959 3091 etelorum,
1988 3026 2074 3081 vel

507 3136 613 3174 non
639 3121 943 3185 credimus,
975 3119 1056 3173 vel
1085 3118 1503 3175 contemnimus.
1533 3117 1746 3172 Tamen
1797 3117 1939 3172 Deus
1969 3116 2074 3171 Pa.

2186 1929 2358 1997 pueri,
2387 1929 2436 1983 id
2463 1941 2548 1985 est
2578 1932 2750 1986 sancti
2781 1933 3166 2001 praedicatores
3193 1947 3224 1987 a
3251 1947 3457 1989 carnea
3482 1947 3618 1990 veste
3638 1937 3712 2006 iam

2185 2021 2353 2086 exuti,
2382 2035 2502 2075 cum
2532 2023 2644 2077 Deo
2669 2033 2796 2078 sunt
2828 2023 2881 2078 in
2921 2023 3086 2080 cubili
3117 2034 3337 2081 :eternze
3362 2029 3708 2097 requiei,etct

2187 2111 2272 2166 his
2301 2127 2405 2165 non
2436 2113 2648 2168 videtur
2676 2115 2936 2185 possibile
2959 2116 3104 2185 quod
3130 2116 3271 2171 Deus
3299 2128 3514 2187 surgat,
3547 2121 3622 2174 vel
3649 2139 3706 2192 per

2185 2217 2265 2267 se,
2297 2203 2381 2257 vel
2405 2220 2502 2274 per
2531 2206 2806 2262 ministros
2832 2223 2960 2263 suos
2977 2208 3045 2261 ad
3068 2209 3433 2264 erudiendum
3464 2227 3582 2266 nos.
3607 2213 3710 2280 Quod

2185 2294 2366 2360 hodie,
2389 2295 2613 2362 fratres,
2636 2299 2882 2356 evenisse
2902 2299 3140 2365 videtur,
3179 2299 3309 2355 dum
3359 2304 3710 2373 praedicationis

2180 2384 2377 2438 ostium
2406 2403 2510 2441 non
2556 2387 2733 2444 minus
2773 2389 2827 2442 in
2867 2389 3324 2459 prmdicatoribus
3369 2408 3532 2464 quam
3583 2396 3624 2450 in
3643 2412 3713 2451 an-

2182 2475 2454 2533 tlientibus
2481 2479 2694 2534 videtur
2711 2480 2825 2549 iam
2845 2481 3088 2536 clausum
3114 2497 3258 2549 esse,
3285 2484 3535 2555 utrisque
3556 2488 3712 2557 pariter

2181 2568 2579 2628 deficientibus.
2608 2572 2888 2636 Attamen,
2916 2589 3015 2628 nos
3043 2574 3262 2641 fratres,
3293 2576 3340 2630 si
3373 2591 3710 2648 perseverare-

2184 2659 2354 2715 rimus
2409 2663 2706 2731 precibus,
2766 2665 3018 2734 suspiriis
3073 2675 3129 2722 et
3184 2666 3408 2724 fletibus
3461 2670 3711 2740 pulsantes,

2179 2751 2300 2806 dico
2337 2751 2489 2808 vobis
2526 2755 2781 2822 quoniam
2823 2770 2946 2808 cum
2986 2770 3086 2810 suo
3136 2771 3364 2824 amore,
3404 2774 3526 2813 cum
3564 2772 3712 2816 nostro

2177 2841 2415 2898 clamore
2469 2841 2674 2909 ﬂexus,
2730 2843 2889 2900 nobis
2949 2861 3146 2917 panem
3205 2846 3542 2904 ministrabit
3586 2851 3710 2920 spiri-

2179 2931 2397 2986 tualem.

2249 3023 2508 3092 Sequitur
2533 3025 2637 3078 alia
2662 3025 2939 3096 parabola,
2966 3026 3019 3081 in
3045 3041 3150 3098 qua
3203 3030 3449 3085 ostendit
3477 3029 3698 3096 Dominus,

2181 3116 2438 3182 quoniam
2467 3131 2572 3168 non
2617 3115 2721 3169 nisi
2770 3115 2910 3170 bona
2952 3116 3046 3170 dat
3070 3115 3212 3172 Deus
3253 3117 3446 3187 Pater,
3486 3130 3536 3174 et
3553 3137 3603 3174 ea
3630 3122 3705 3176 dat

501 3221 609 3272 ter.
641 3227 788 3268 more
813 3213 884 3282 pii
913 3182 1112 3277 Patris,
1163 3212 1355 3266 bonam
1388 3209 1716 3264 voluntatem
1747 3209 1912 3265 habet
1939 3226 2070 3281 erga
2178 3224 2281 3262 non
2334 3219 2556 3279 prapter
2591 3210 2843 3264 meritum
2877 3208 2959 3263 vel
3007 3209 3476 3282 importunitatem
3513 3224 3712 3268 nostram

503 3318 624 3369 nos,
669 3304 998 3373 negligentes
1037 3302 1256 3366 excitat,
1309 3301 1596 3371 promissis
1632 3301 1841 3366 invitat,
1889 3311 2073 3371 petere

505 3395 750 3466 imperat.
783 3397 845 3450 Et
869 3405 1040 3460 certe,
1076 3394 1288 3453 fratres.
1322 3395 1411 3464 qui
1443 3394 1690 3464 praeripit
1735 3403 1938 3464 petere,
1971 3410 2069 3448 eu-

496 3485 747 3554 pitdare.
789 3485 970 3548 I’etite,
999 3486 1190 3555 inquit,
1224 3495 1272 3538 et
1307 3485 1597 3554 accipietis,
1645 3486 1869 3554 qutrrite
1908 3496 1955 3538 et
1982 3487 2067 3539 in-

501 3577 736 3641 venietis,
755 3575 958 3644 pulsate
982 3586 1029 3629 et
1057 3579 1317 3645 aperietur
1343 3578 1505 3630 vobis.
1544 3575 1600 3629 In
1632 3576 1832 3645 quibus
1864 3577 2065 3642 verbis,

502 3670 698 3722 fratres
752 3668 878 3730 mei,
909 3667 1062 3723 nobis
1113 3670 1350 3724 ostendit
1387 3668 1660 3739 quomodo
1691 3667 2065 3735 postulandum

499 3763 590 3828 sit,
624 3769 681 3816 ut
723 3778 1026 3816 mereamur
1072 3762 1266 3817 audiri.
1299 3761 1415 3816 Non
1469 3761 1637 3823 enim,
1693 3763 1736 3814 si
1788 3761 1901 3814 sola
1936 3775 2066 3814 voce

497 3861 764 3923 petamus,
793 3853 962 3906 audiri
1003 3869 1293 3907 meremur.
1342 3853 1459 3922 Ipse
1516 3852 1658 3906 enim
1707 3850 1832 3904 alibi
1882 3851 2060 3904 dicit:

499 3944 624 4000 Non
650 3946 786 4000 enim
809 3947 975 4000 omnis
1003 3947 1230 4017 qttidicit
1255 3947 1404 4011 milii,
1440 3945 1684 4010 Domine,
1710 3943 1952 4008 Domine,
1977 3945 2064 3997 in-

496 4037 653 4092 trabit
684 4039 738 4093 in
762 4055 974 4108 regnum
1003 4038 1270 4102 calorum,
1299 4038 1389 4092 sed
1436 4038 1527 4109 qui
1563 4036 1698 4106 facit
1746 4037 2063 4090 voluntatem

498 4125 676 4182 Patris
702 4131 821 4192 mei,
851 4131 959 4199 ipse
987 4130 1194 4183 intrabit
1226 4129 1282 4183 in
1309 4144 1524 4198 regnum
1568 4126 1815 4181 calorum
1845 4125 2060 4195 (Matth.

496 4219 614 4289 vn).
640 4218 696 4274 Si
728 4233 855 4288 ergo
887 4221 1129 4274 volumus
1159 4220 1384 4285 intrare,
1415 4228 1664 4288 petamus
1701 4219 1884 4281 corde,
1917 4234 2068 4288 qum-

498 4324 680 4364 ramus
735 4327 920 4379 opere,
967 4311 1239 4380 pulsemus
1288 4311 1750 4380 perseveratione.
1805 4309 2064 4362 Petamns

494 4399 686 4455 devote
700 4402 924 4465 orando,
950 4417 1260 4470 quaaramus
1293 4401 1428 4454 bene
1453 4399 1756 4470 operando,
1786 4399 2062 4467 pulsemus

495 4490 757 4545 instanter
785 4490 1194 4561 perseverando.
1232 4491 1294 4544 Et
1325 4505 1392 4544 ne
1445 4490 1782 4552 dubitemus,
1831 4487 2053 4550 fratres,
2088 4515 2134 4572 ο
2163 4478 2359 4546 quippe
2397 4489 2550 4546 P918?
2581 4479 2699 4548 Plus
2727 4479 2958 4534 illlendil
3005 4483 3219 4537 ﬂllll‘ire
3257 4497 3451 4552 corpus
3507 4482 3607 4538 ﬁlii
3647 4486 3716 4538 sui

491 4580 558 4634 de
603 4581 1006 4652 impetratioue,
1051 4581 1302 4649 quoniam
1349 4590 1481 4634 teste
1508 4579 1774 4642 Veritate,
1799 4577 1889 4648 qui
1919 4593 2055 4647 pne-

489 4670 636 4725 dicto
659 4671 817 4728 modo
845 4673 988 4740 petit,
1013 4671 1196 4740 accipit
1221 4682 1265 4724 et
1289 4673 1378 4735 qui
1397 4671 1581 4740 qnwrit
1611 4670 1836 4736 invenit,
1856 4678 1903 4721 et
1935 4668 2055 4731 pul-

488 4764 626 4816 santi
649 4763 909 4832 aperietur
933 4761 1080 4831 (Luc.
1118 4760 1399 4831 χι)..1ιιιιθ
1438 4760 1721 4829 mysticum
1758 4775 1888 4814 vero
1931 4775 2055 4813 sen-

489 4869 631 4917 sum,
662 4853 866 4906 amicus
897 4862 1096 4915 noster,
1135 4853 1200 4905 ad
1229 4866 1387 4919 quem
1421 4850 1471 4902 in
1515 4861 1668 4903 nocte
1707 4849 2056 4904 necessitatis

490 4959 769 5000 recurrere
795 4945 1069 5005 debemus,
1099 4944 1239 4996 Deus
1266 4942 1424 4995 Pater
1452 4952 1556 5008 est,
1588 4943 1697 5012 qui,
1715 4951 1773 4996 ut
1801 4941 1877 4994 ait
1899 4942 2048 5009 Apo-

485 5033 674 5096 stolus,
701 5042 911 5101 propter
960 5031 1173 5084 nimiam
1217 5030 1523 5084 charitatem
1559 5047 1709 5084 suam
1739 5047 1844 5100 qua
1869 5031 2051 5084 dilexit

486 5142 598 5186 nos,
631 5123 768 5176 misit
796 5118 997 5172 Filium
1023 5136 1174 5173 suum
1223 5120 1276 5173 in
1298 5121 1695 5175 similitudinem
1737 5121 1917 5175 carnis
1933 5136 2066 5198 ρει-κ

484 5215 589 5267 cati
623 5211 837 5282 (Ephes.
873 5212 950 5276 ιι).
979 5211 1196 5266 Amicus
1225 5226 1354 5266 vero
1404 5212 1512 5276 ille,
1549 5213 1640 5282 qui
1689 5213 1755 5266 de
1788 5213 1869 5265 via
1905 5212 2050 5266 venit

483 5305 549 5356 ιηιι
579 5319 700 5366 nos,
723 5311 804 5356 est
828 5302 1035 5356 animus
1064 5303 1368 5371 noster,qui
1397 5303 1555 5356 t0ties
1584 5317 1612 5355 a
1643 5302 1796 5357 nobis
1824 5302 2045 5367 recedit,

480 5393 695 5464 quoties
725 5408 835 5455 sine
863 5402 917 5446 et
944 5402 1142 5446 nostra:
1193 5391 1384 5446 salutis
1434 5391 1656 5455 oblitus,
1707 5392 1774 5445 ad
1831 5399 2043 5445 terrena

479 5484 966 5554 concupiscendum
992 5485 1126 5541 exit.
1154 5482 1305 5537 Tunc
1327 5497 1457 5537 vero
1490 5483 1558 5536 de
1587 5483 1672 5535 via
1705 5481 1770 5536 ad
1829 5497 1927 5537 nos
1952 5496 2043 5536 ve-

477 5581 582 5642 ‘eit,
611 5577 826 5649 quando
848 5583 912 5631 de
938 5578 1162 5646 strepitu
1197 5584 1534 5630 terrenarum
1567 5573 1948 5642 cupiditatum,
1974 5573 2042 5625 ad

476 5673 838 5727 meditandum
870 5671 935 5725 de
989 5677 1171 5725 nostra
1219 5683 1423 5738 suaque
1450 5666 1623 5722 salute
1678 5666 1838 5720 redit.
1875 5665 2040 5719 Redit

475 5778 655 5821 autem
683 5763 978 5828 famelicus,
1008 5763 1261 5832 quoniam
1289 5761 1341 5814 in
1371 5758 1602 5814 terrenis
1647 5756 2031 5826 cupiditatibus

2171 3298 2504 3368 compulsus,
2529 3299 2623 3353 sed
2653 3299 2836 3352 statim
2865 3308 3088 3370 propter
3113 3299 3369 3356 affectum
3394 3305 3715 3372 paternalem.

2171 3386 2422 3442 Ostendit
2453 3396 2634 3443 autem
2685 3388 2807 3452 hoc,
2835 3400 3053 3462 sumpto
3093 3406 3126 3445 a
3178 3392 3378 3447 tninori
3408 3407 3712 3464 argumento.

2170 3476 2424 3547 quoniam
2447 3477 2491 3530 si
2513 3485 2694 3547 patres
2716 3477 2980 3543 carnales,
3002 3494 3126 3533 eum
3145 3495 3252 3534 non
3282 3482 3394 3535 sint
3420 3496 3484 3536 ex
3503 3497 3559 3537 se
3588 3482 3718 3547 boni,

2168 3567 2263 3622 sed
2292 3567 2470 3635 potius
2495 3567 2642 3635 mali,
2680 3577 2946 3623 noverunt
2994 3569 3117 3624 filiis
3155 3571 3271 3625 suis
3300 3574 3600 3640 petentibus
3626 3591 3716 3629 non

2171 3656 2334 3725 mala,
2359 3658 2452 3712 sed
2480 3659 2656 3729 potius
2684 3659 2825 3714 bona
2865 3661 3177 3730 temperalia
3233 3662 3440 3733 largiri,
3474 3679 3580 3720 non
3625 3680 3715 3720 tne-
3794 3649 3795 3669 ¹

2170 3749 2275 3803 rito
2324 3748 2407 3803 vel
2467 3751 2812 3821 improbitate
2870 3751 3103 3806 filiorum
3164 3755 3348 3818 tracti,
3381 3757 3471 3810 sed
3519 3766 3718 3826 paterna

2167 3840 2384 3908 pietate,
2410 3840 2575 3896 multo
2601 3842 2776 3912 magis
2797 3841 3034 3898 celestis
3059 3843 3240 3909 Pater,
3278 3862 3400 3901 cum
3423 3847 3716 3901 naturaliter

2166 3932 2237 3985 sit
2258 3932 2448 3995 bonus,
2470 3931 2618 3986 dabit
2649 3931 2776 3988 filiis
2803 3933 2918 3989 suis
2946 3933 3253 4003 petentibus
3282 3935 3416 3990 bona
3437 3936 3718 4006 spiritualia

2166 4029 2221 4072 et
2243 4030 2465 4083 aeterna,
2495 4019 2692 4075 ductus
2719 4021 2860 4087 sola,
2889 4036 3054 4093 quam
3072 4023 3238 4078 habet
3261 4026 3597 4090 naturaliter,
3625 4028 3714 4096 pie.-

2168 4119 2296 4164 tate.
2337 4108 2494 4166 Juxta
2527 4111 2782 4177 litteram,
2813 4114 3015 4170 fratres
3053 4115 3183 4180 mei,
3225 4132 3517 4186 pensemus
3548 4120 3600 4173 in
3634 4120 3720 4173 hae
3781 4139 3783 4181 ι

2165 4203 2443 4272 parabola,
2487 4219 2651 4274 quam
2675 4205 2746 4260 sit
2782 4214 2995 4280 terrena
3037 4215 3093 4261 et
3144 4209 3394 4263 animalis
3416 4211 3596 4280 pietas
3634 4227 3712 4280 pa.

2165 4307 2377 4351 rentum
2409 4297 2708 4352 carnalium
2738 4299 2791 4353 in
2832 4276 2971 4353 ﬁlios
3000 4315 3146 4362 suos,
3193 4310 3248 4355 et
3277 4317 3434 4371 quam
3491 4304 3569 4357 sit
3607 4319 3718 4357 vera

2163 4387 2403 4443 charitas
2453 4390 2692 4446 etelestis
2757 4389 2935 4446 Patris
2992 4393 3043 4446 in
3099 4392 3239 4446 tilios
3289 4408 3432 4448 suos.
3481 4394 3717 4450 Cannis

3754 4193 3782 4619 l

3699 5506 3752 6248 l

2161 4586 2323 4638 quam
2369 4571 2628 4636 animam,
2682 4571 2947 4627 sollicitus
2999 4573 3227 4628 multum
3269 4589 3334 4629 ne
3391 4574 3543 4628 filius
3607 4591 3715 4629 suus

2159 4662 2382 4723 esuriat,
2409 4677 2474 4715 ne
2497 4660 2706 4731 frigeat,
2740 4677 2806 4716 ne
2851 4678 2881 4717 a
2907 4675 3156 4734 serpente
3186 4666 3429 4728 feriatur,
3458 4683 3533 4722 ne
3556 4669 3718 4738 aliqua

2157 4766 2282 4805 casn
2308 4753 2589 4814 moriatur,
2622 4755 2935 4808 thesaurum
2959 4756 3008 4809 ei
3045 4766 3356 4827 congregat,
3400 4773 3712 4827 quocunque

2157 4843 2316 4897 modo
2358 4857 2481 4898 eum
2515 4843 2689 4899 ditare
2741 4844 2964 4900 festinat
3012 4855 3068 4900 et
3112 4849 3454 4916 htereditare,
3508 4855 3738 4920 instruit

2155 4943 2276 4984 eum
2294 4933 2344 4984 in
2370 4933 2661 4987 calliditate
2683 4934 2998 5003 acquirendi
3023 4935 3240 4991 divitias
3267 4945 3320 4991 et
3341 4941 3708 4993 conservandi.

2155 5021 2423 5076 Cancrum
2448 5025 2494 5078 si
2529 5023 2706 5078 videat
2728 5039 2850 5077 eum
2907 5027 3244 5089 mendacem,
3274 5028 3319 5081 si
3347 5026 3650 5098 periurum,
3677 5030 3709 5081 si

2154 5115 2425 5178 fallacem,
2469 5117 2514 5171 si
2563 5117 2814 5187 cupidum
2868 5125 2924 5172 et
2969 5131 3216 5182 avarum,
3259 5118 3313 5173 “si
3372 5133 3633 5188 rapacem
3667 5128 3707 5170 et

2152 5207 2473 5271 violentum,
2526 5209 2847 5275 contemnit,
2903 5209 3015 5263 imo
3043 5209 3228 5278 potius
3257 5209 3480 5282 gaudet,
3521 5225 3708 5265 vocatis

2148 5313 2270 5352 eum
2295 5300 2596 5370 sapientem
2617 5311 2672 5356 et
2699 5303 2949 5371 probum.
2981 5301 3090 5358 Sed
3113 5304 3243 5374 quid
3265 5303 3387 5359 inde
3407 5306 3730 5380 contingat.

2148 5389 2448 5460 Postquam
2499 5394 2673 5450 malus
2705 5394 2843 5450 filius
2883 5410 2914 5450 a
2952 5395 3096 5452 maio
3123 5404 3277 5467 patre
3305 5397 3612 5453 instructus
3632 5411 3730 5456 αα-.

2146 5481 2402 5545 creverit,
2428 5493 2702 5553 paternam
2744 5485 2909 5541 vincit
2957 5486 3246 5542 malitiam.
3277 5486 3344 5542 Et
3387 5489 3700 5558 primani:

2145 5572 2317 5640 ipsum
2361 5584 2638 5643 parentem
2687 5578 2948 5649 exsurgit,
3006 5577 3123 5648 ejus
3175 5581 3341 5634 vitam
3385 5575 3544 5646 ooit,
3597 5592 3696 5636 em!

2142 5662 2470 5732 exlneredat,
2501 5677 2554 5721 et
2577 5667 2717 5724 fame
2750 5677 3063 5739 pereuntem
3102 5686 3162 5726 se
3202 5687 3326 5726 eum
3353 5683 3532 5726 nosse
3557 5671 3694 5725 dissi-

2145 5754 2328 5809 mulat.
2359 5755 2402 5810 0
2429 5758 2591 5812 miser
2615 5769 2783 5830 pater,
2813 5776 2910 5814 cur
2940 5760 3104 5816 filium
3129 5776 3292 5831 super
3315 5763 3416 5816 hoc
3443 5759 3692 5819 accusas?
