3822 6316
166 393 270 451 filiis

805 381 1112 438 IIOMILIAS
1155 383 1222 439 IN
1256 386 1473 442 EPIST.
1508 388 1593 442 ΕΤ
1619 386 1872 445 ΕΥΑΝΕ.
1907 391 2198 449 DOMINIC.
2234 419 2304 435 --
2333 394 2508 449 PARS
2539 396 2575 448 I.

3179 403 3315 458 ΗΜ

161 509 248 564 lloc
271 502 372 558 facit
399 499 524 569 quod
552 506 608 553 tu
656 516 779 554 eum
809 503 1096 558 docueras.
1125 501 1182 556 Si
1231 518 1354 558 eum
1386 505 1529 573 pium
1561 503 1646 557 in-
1677 509 1721 564 Δ
1759 506 1864 562 tius
1894 508 1938 564 si
1965 509 2161 579 aliquis
2183 525 2280 582 per
2306 511 2664 581 ignorantiam
2692 514 2758 566 ab
2787 530 2849 568 eo
2878 515 2979 570 sibi
3025 520 3182 573 noxia
3220 538 3290 589 po
3369 512 3383 550 ί

158 597 302 653 venire
320 592 523 655 volebas,
549 605 718 658 quare
739 605 862 645 eum
889 593 1035 662 pium
1067 607 1189 648 esse
1213 610 1319 649 non
1344 595 1648 651 docuerasl

158 691 315 744 Sieum
335 685 506 755 justum
536 682 777 736 invenire
809 683 1045 749 volebas,
1073 699 1240 754 quare
1291 702 1413 741 eum
1435 687 1645 754 justum

152 793 350 838 essenon
372 773 648 831 docueras?
691 772 796 830 hoc
848 775 990 844 quod
1033 777 1303 831 tradidisti
1331 777 1422 843 ei,
1469 779 1648 833 reddit

155 871 244 926 tibi.
265 867 400 922 Tales
423 873 568 922 erant
597 864 876 932 Israelitee,
906 882 1040 936 quos
1093 877 1250 924 vocat
1277 866 1513 925 Joannes
1556 887 1648 940 ge.

147 961 309 1017 nintina
337 960 615 1030 viperarum
645 956 795 1023 (Luc.
828 959 934 1029 ιιι),
966 961 1017 1014 id
1052 971 1137 1015 est
1165 975 1464 1036 venenosos
1490 977 1648 1018 vene-

147 1067 355 1110 ttosorum
396 1050 541 1105 ﬁlios.
579 1049 642 1104 Et
684 1050 942 1106 Dominus
971 1067 1071 1122 per
1112 1051 1456 1108 Ezechielem
1491 1052 1648 1123 :Ego

95 1190 115 1218 λ’
139 1160 233 1198 sum
254 1141 378 1196 Dens
392 1140 586 1206 zelotes,
610 1140 883 1195 vindicans
903 1150 1115 1210 peccata
1131 1153 1406 1213 parentum
1429 1145 1483 1198 in
1506 1145 1648 1213 ﬁlios

91 1247 101 1272 ι
142 1231 303 1302 (Exod.
337 1239 418 1301 xx)
437 1230 566 1300 (id).
594 1239 834 1300 paternae
862 1231 1070 1287 scilicet
1093 1233 1311 1289 malitia:
1335 1235 1646 1306 discipulos.

139 1325 266 1380 Sicut
287 1323 411 1376 eniut
445 1321 736 1387 puniuntur
778 1331 1033 1392 parentes
1076 1334 1297 1396 propter
1321 1340 1540 1395 pravam
1565 1326 1650 1381 itt-

135 1414 436 1470 structionem
486 1412 739 1479 ﬁliorum,
797 1412 873 1468 ita
922 1415 1219 1483 puniuntur
1270 1416 1366 1472 ﬁlii
1425 1428 1650 1489 propter

132 1504 296 1559 malam
337 1503 680 1559 imitationem
711 1515 1016 1574 parentum.
1046 1505 1298 1564 Caelestis
1331 1524 1462 1565 vero
1489 1509 1651 1565 Pater

127 1612 230 1651 vera
251 1594 512 1650 dilectione
557 1594 730 1666 diligit
758 1595 896 1652 filios
924 1611 1071 1666 suos,
1097 1613 1204 1654 non
1237 1598 1413 1655 solum
1458 1601 1512 1656 in
1545 1603 1649 1657 hoc

127 1687 245 1756 quod
265 1687 325 1740 ab
341 1695 530 1741 aeterno
555 1701 648 1742 eos
669 1685 852 1758 elegit,
877 1697 926 1743 et
950 1689 1093 1758 quod
1115 1704 1210 1745 eos
1234 1691 1498 1762 sanguine
1528 1691 1648 1747 Filii

120 1778 188 1830 sui
207 1774 432 1838 redemit,
455 1783 507 1828 et
531 1775 676 1843 quod
705 1775 784 1831 eis
806 1785 1069 1833 aeternum
1100 1794 1326 1850 regnum
1376 1796 1649 1852 pratpara-

1750 597 2003 663 stularet,
2040 600 2158 670 ipse
2185 593 2277 669 qui
2309 602 2455 655 novit
2486 600 2676 655 melius
2707 602 2859 657 nobis
2883 607 3010 674 quid
3062 613 3314 679 expediat

1750 686 1927 750 nobis,
1957 702 2081 744 eum
2107 707 2213 745 non
2245 692 2543 746 exaudiret.
2567 690 2719 747 Unde
2747 707 2845 748 nec
2863 694 3084 752 Paulum
3117 717 3313 771 rogan-

1748 786 1854 832 tem
1894 793 1990 848 pro
2041 782 2261 837 Stimulo
2290 781 2470 838 carnis
2506 784 2828 848 amovendo,
2857 787 2997 854 quod
3049 791 3235 860 utique
3265 793 3316 847 ei

1748 869 1969 922 noxium
2010 869 2246 928 faciebat
2279 871 2416 938 fore,
2450 872 2622 929 noluit
2650 876 2906 929 exaudire
2930 874 3019 946 (11
3038 877 3161 933 Cor.
3192 885 3310 946 xu).

1750 957 1803 1014 In
1828 974 1954 1029 quo,
1978 960 2191 1026 fratres,
2226 962 2384 1018 nobis
2406 964 2614 1032 praebet
2638 964 2964 1034 exemplum,
2996 976 3053 1019 ut
3077 968 3129 1021 in
3161 970 3316 1022 bouis

1750 1065 1857 1104 non
1889 1050 1942 1103 in
1982 1050 2139 1106 malis
2168 1063 2385 1108 nostros
2405 1054 2755 1108 exaudiamus
2781 1055 3005 1110 amicos.
3040 1055 3141 1123 Qui
3168 1059 3312 1111 enim

1749 1137 2036 1208 aliquando
2087 1140 2140 1195 in
2172 1139 2314 1196 malo
2375 1141 2618 1209 exaudit,
2663 1157 2722 1198 se
2771 1143 2818 1198 ei
2875 1159 2996 1200 esse
3037 1145 3316 1200 inimicum

1748 1229 2000 1286 ostendit.
2032 1231 2168 1286 Hinc
2207 1241 2308 1300 est,
2334 1231 2551 1301 fratres,
2581 1234 2723 1304 quod
2773 1237 2891 1305 pius
2915 1244 2970 1291 et
3007 1237 3316 1293 misericoi-s

1749 1319 2033 1386 Dominus,
2054 1337 2152 1377 nos
2182 1322 2236 1376 in
2259 1323 2440 1378 multis
2467 1324 2624 1379 malis
2653 1324 2959 1392 desideriis,
2982 1326 3036 1380 in
3065 1329 3314 1383 discretis

1747 1410 2108 1479 petitionibus
2134 1411 2357 1477 nostris,
2386 1427 2486 1468 nos
2509 1427 2614 1466 non
2645 1415 2883 1482 exaudit,
2915 1416 2969 1470 in
3001 1431 3107 1485 quo
3139 1432 3197 1472 se
3222 1434 3317 1472 ve~

1752 1516 1868 1556 rum
1898 1511 2106 1570 patrem
2136 1511 2192 1556 et
2223 1515 2411 1557 verum
2441 1505 2674 1559 amicum
2703 1521 2824 1562 esse
2859 1508 3012 1562 nobis
3061 1511 3315 1564 ostendit.

1749 1587 1926 1660 Ipsum
1960 1605 2097 1660 ergo
2120 1604 2286 1661 super
2315 1591 2498 1646 omnia
2526 1603 2582 1648 et
2607 1609 2718 1662 pra:
2737 1596 2988 1652 omnibus
3009 1598 3314 1670 diligamus.

1749 1681 1927 1754 Ipsum
1952 1682 2085 1737 totis
2108 1682 2409 1738 visceribus
2437 1684 2846 1754 amplectamur,
2873 1704 2967 1758 pro
2990 1706 3056 1745 eo
3101 1708 3317 1747 omnem

1752 1773 2140 1842 turpitudinem
2189 1781 2245 1827 et
2299 1787 2460 1828 omne
2509 1773 2702 1829 vitium
2753 1776 3012 1844 vitemus,
3060 1764 3317 1836 n‘utndum

123 1867 200 1930 vis,
229 1864 314 1920 sed
355 1865 513 1922 etiam
546 1841 600 1920 in
630 1867 944 1937 quotidiana
985 1841 1325 1928 correctione
1351 1841 1407 1928 εἰ
1455 1841 1640 1928 crudi-
1678 1841 1723 1902 Β
1751 1862 2044 1932 ῐυείθιιιεηι
2092 1861 2386 1934 Γαδίδῐηιιεο
2439 1871 2496 1919 ει
2540 1865 2724 1920 omnia
2777 1869 3128 1933 transitoria.
3167 1880 3323 1924 ame-

116 1958 259 2014 tione.
282 1956 402 2013 Odit
422 1959 564 2012 enim
590 1971 684 2014 eos
712 1959 764 2014 in
791 1959 951 2026 malo,
979 1969 1034 2018 et
1080 1962 1254 2034 diligit
1298 1979 1392 2020 eos
1421 1964 1476 2019 in
1505 1964 1647 2021 bono

115 2056 162 2100 et
196 2046 255 2101 ad
281 2047 494 2111 bonum,
528 2047 580 2101 in
609 2061 717 2118 quo
751 2063 879 2104 vera
920 2051 1172 2107 consistit
1224 2053 1443 2109 dilectio
1477 2071 1490 2108 :
1542 2054 1648 2121 Qui

109 2137 224 2188 enim
245 2135 406 2203 parcit
429 2137 604 2206 virgea,
631 2137 743 2192 odit
775 2138 946 2207 ﬁlium
995 2157 1151 2195 suum
1177 2140 1368 2212 (Prov.
1409 2145 1553 2213 xttt).
1586 2145 1653 2200 Et

108 2234 242 2298 pater
271 2226 434 2280 lilium
483 2241 645 2296 quem
688 2227 808 2300 plus
851 2229 1043 2302 diligit,
1100 2232 1346 2304 corripit.
1380 2233 1470 2291 Sic
1513 2251 1645 2308 ergo

97 2316 310 2373 celestis
355 2315 520 2372 Pater
547 2318 690 2375 ﬁlios
737 2335 866 2377 suos
894 2329 1113 2379 revocat
1159 2339 1190 2379 a
1247 2325 1388 2382 malo
1412 2328 1654 2398 prohibi-

97 2408 330 2474 tionilms,
362 2409 526 2466 minis
557 2419 611 2467 et
650 2412 898 2484 ﬂagellis.
930 2413 1123 2472 Trahit
1154 2432 1283 2474 vero
1323 2435 1416 2476 eos
1453 2426 1522 2476 ad
1553 2422 1654 2478 bo-

91 2513 222 2564 nuut,
272 2500 569 2565 mandatis,
613 2503 898 2572 promissis
936 2513 993 2560 et
1031 2506 1306 2564 beneflcio
1345 2511 1650 2580 gratiarum

89 2605 305 2645 suarum.
328 2591 523 2663 Itaque
550 2603 734 2664 patres
761 2604 816 2652 et
844 2607 1048 2655 matres
1082 2598 1336 2668 familias,
1367 2604 1650 2661 caelestem

85 2677 281 2736 Patrem
305 2681 623 2750 imitamini,
651 2684 811 2752 ﬁlios,
833 2699 1080 2759 nepotes,
1110 2700 1166 2746 et
1187 2692 1351 2748 etiam
1378 2694 1654 2764 quoslibet

84 2773 270 2830 amicos
301 2784 542 2842 vestros,
569 2775 776 2849 diligite
795 2779 852 2833 in
880 2781 1019 2837 bono
1041 2788 1224 2838 etnon
1248 2783 1302 2839 in
1332 2785 1491 2842 malo.
1523 2787 1656 2841 Dili-

75 2867 175 2934 gite
226 2880 322 2923 eos
343 2868 472 2938 plus
513 2869 574 2924 in
621 2870 803 2926 anima
847 2887 1012 2944 quam
1051 2873 1106 2930 in
1136 2890 1384 2947 corpore,
1436 2876 1556 2948 plus
1582 2876 1653 2933 ad

79 2959 230 3014 Deum
270 2976 442 3031 quam
487 2961 564 3016 ad
603 2962 886 3020 mundum.
927 2963 1120 3037 Optate
1154 2976 1211 3024 et
1261 2969 1530 3040 acquirite
1567 2971 1647 3026 eis

67 3048 178 3120 plus
207 3051 544 3121 spirituales
573 3053 788 3109 divitias
819 3069 982 3124 quam
1001 3057 1330 3128 corporales,
1349 3059 1470 3130 plus
1496 3060 1658 3117 ctele-

66 3152 166 3199 stes
185 3159 353 3214 quam
389 3154 674 3200 terrenas.
709 3143 794 3201 Ab
832 3147 1000 3204 ubere
1037 3147 1286 3206 instruite
1321 3165 1418 3206 eos
1456 3149 1512 3207 in
1550 3149 1646 3208 Dei

63 3235 271 3304 timore,
316 3238 376 3293 in
417 3237 565 3302 ﬁde,
606 3237 660 3293 in
698 3238 886 3309 spe,in
925 3240 1213 3307 charitate,
1255 3243 1310 3298 in
1345 3243 1569 3314 pietate,
1599 3245 1655 3301 in

57 3329 331 3397 patientia,
370 3337 434 3384 et
498 3326 849 3396 humilitate,
887 3331 1204 3402 ceterisque
1257 3333 1546 3392 virtutibus
1595 3345 1656 3392 et

55 3418 203 3474 bonis
257 3419 556 3483 moribus,
607 3421 949 3477 attendentes
985 3424 1240 3493 quoniam
1277 3424 1450 3496 gloria
1487 3429 1656 3497 patris

47 3521 115 3564 est
135 3511 283 3580 ﬁlius
305 3511 573 3582 sapiens,
611 3520 660 3566 et
711 3514 1046 3584 opprobrium
1072 3524 1373 3585 parentum,
1404 3526 1481 3574 est
1509 3519 1656 3590 filius

44 3603 318 3672 insipiens.
350 3601 427 3657 Et
457 3604 611 3658 sicut
649 3601 794 3673 ﬁlius
840 3605 1002 3661 bonus
1036 3616 1111 3660 est
1132 3617 1408 3678 parentum
1443 3627 1658 3666 suorum

37 3695 354 3760 benedictio,
389 3697 476 3749 ita
501 3695 661 3766 ﬁlius
687 3697 857 3752 malus
886 3707 960 3754 est
999 3710 1272 3769 parentum
1298 3717 1514 3756 suorum
1541 3719 1659 3758 ma-

33 3782 244 3840 ledictio
279 3784 490 3859 (Prov.
540 3783 624 3858 x).
671 3783 824 3844 Sicut
861 3787 1007 3845 enim
1054 3789 1253 3848 bonum
1293 3789 1526 3848 ﬁliorum
1571 3800 1660 3850 est

26 3889 334 3945 parentum
371 3879 482 3950 qui
538 3893 640 3934 eos
692 3879 1015 3948 docuerunt,
1072 3882 1145 3938 ita
1197 3885 1396 3940 malum
1424 3884 1656 3941 ﬁliorum

29 3979 107 4024 est
134 3981 465 4042 parentum
516 3969 616 4040 qui
659 3984 754 4026 eos
794 3973 1064 4044 corrigere
1093 3973 1466 4044 neglexerunt.
1493 3975 1560 4031 Et
1589 3977 1656 4030 ad

21 4064 120 4117 hoc
161 4066 475 4120 habemus
534 4062 870 4134 exetnplum,
921 4066 1358 4136 reprobationem
1409 4068 1660 4124 videlicet

25 4152 130 4208 ileli
156 4154 566 4224 ﬁliorumque
591 4169 837 4210 suorum.
863 4153 1024 4212 Juxta
1055 4172 1184 4213 vero
1222 4159 1508 4230 mysticum
1535 4174 1661 4215 sen-

18 4263 147 4310 tum,
183 4262 297 4318 per
331 4256 592 4318 panetn'
628 4246 965 4318 significatur
1003 4250 1264 4317 charitas,
1318 4265 1424 4320 qua
1471 4250 1659 4308 anima

28 4336 288 4400 elicitur,
329 4346 398 4393 et
431 4338 789 4402 econtrario,
820 4352 918 4407 per
948 4337 1198 4407 lapidem,
1223 4339 1424 4395 duritia
1460 4343 1661 4398 mentis

17 4445 44 4481 ιι
95 4429 262 4486 malo
299 4429 644 4492 induratae,
675 4426 972 4498 ﬁguratur;
1004 4443 1100 4498 per
1128 4428 1329 4498 piscem
1381 4419 1658 4502 verm-qui

1751 1967 1912 2022 quam
1953 1951 2020 2006 ab
2073 1952 2154 2008 eis
2208 1951 2626 2024 relinquemur,
2669 1954 3058 2025 relinquamus.
3112 1958 3194 2012 Ad
3245 1974 3320 2012 ar-

1753 2054 1904 2098 terna
1955 2043 2096 2099 bona
2150 2051 2262 2099 toto
2310 2043 2585 2100 desiderio
2623 2044 2981 2112 festinemus,
3037 2058 3096 2102 ut
3146 2050 3315 2104 Deuut

1753 2132 1966 2188 Patrem
2004 2150 2190 2190 verum
2253 2134 2308 2190 in
2367 2137 2561 2192 decore
2615 2152 2716 2193 suo
2769 2139 2953 2194 videre
2990 2156 3316 2196 nte-reantur.

1751 2225 1938 2281 Amen.

2292 2317 2576 2375 HOMILIA
2613 2317 2794 2374 LXVI.

2088 2423 2138 2463 IN
2179 2423 2377 2464 VIGILIA
2414 2423 2750 2466 ASCENSIONIS
2786 2425 2991 2467 DOIINI.

1826 2495 2114 2570 Unicuique
2151 2509 2382 2555 nostrum
2416 2500 2545 2555 data
2575 2511 2650 2555 cst
2675 2501 2849 2572 gratia
2869 2502 3155 2557 secundum
3177 2520 3325 2558 men-

1752 2606 1933 2644 suram
1977 2591 2278 2647 donationis
2314 2589 2513 2646 Christi
2539 2591 2757 2664 (Epltes.
2800 2592 2897 2663 tv),
2931 2602 3037 2648 etc.
3072 2593 3222 2649 IIanc
3249 2595 3326 2649 le-

1753 2685 2006 2751 ctionem,
2037 2685 2238 2742 fratres
2268 2686 2602 2752 charissimi,
2647 2686 2879 2742 sollicite
2909 2685 3166 2743 debemus
3205 2700 3327 2757 pver-

1754 2780 2006 2846 scrutari,
2035 2781 2292 2851 quoniam
2327 2779 2598 2844 doctrina,
2627 2781 2683 2836 in
2735 2795 2800 2836 ea
2855 2783 3183 2848 continetur,
3209 2783 3330 2837 sine

1753 2884 1860 2940 qua
1884 2886 1994 2926 non
2043 2879 2220 2942 potest
2248 2884 2368 2927 esse
2392 2870 2564 2928 salus.
2603 2870 2730 2943 Agit
2760 2873 2905 2928 enim
2934 2871 3024 2928 hic
3052 2872 3329 2943 apostolus

1756 2964 1826 3021 de
1853 2964 2029 3035 gratia
2056 2965 2172 3030 Dei,
2202 2979 2300 3035 per
2326 2979 2491 3034 quam
2521 2965 2716 3029 solam,
2749 2973 2808 3018 ut
2848 2964 2926 3018 ait
2957 2964 3072 3035 ipse
3101 2965 3332 3034 Aposto-

1754 3055 1858 3122 lus,
1886 3073 2076 3112 sumus
2101 3057 2324 3128 id-quod
2353 3072 2538 3113 sumus
2561 3056 2612 3126 (I
2642 3055 2764 3111 Cor.
2789 3056 2868 3128 ι).
2893 3055 3039 3111 Inter
3070 3057 3330 3113 articulos

1683 3187 1725 3246 ο
1756 3149 1954 3219 quippe
1981 3147 2104 3204 ﬁdei
2128 3157 2346 3213 nostrae,
2366 3147 2529 3202 etiam
2553 3147 2656 3202 hoc
2683 3145 3053 3202 necessarium
3087 3147 3332 3201 contine-

1760 3250 1865 3306 tur,
1899 3247 1957 3296 ut
1993 3241 2279 3296 credamus
2323 3237 2468 3309 quod
2503 3237 2764 3308 quidquid
2824 3236 2949 3292 boni
2989 3238 3272 3301 habemus,
3297 3251 3331 3290 a

1758 3331 1870 3388 Deo
1906 3331 2075 3403 gratis
2108 3329 2397 3386 habemus.
2430 3327 2533 3396 Qui
2587 3343 2714 3382 vero
2739 3327 3001 3398 gloriatur
3027 3342 3086 3383 se
3111 3327 3329 3397 aliquod

1757 3421 1956 3478 bonum
1988 3419 2190 3476 habere
2217 3436 2249 3475 a
2300 3435 2379 3484 se,
2417 3419 2503 3474 vel
2551 3432 2621 3474 ex
2673 3416 2884 3473 meritis
2929 3419 3063 3483 suis,
3097 3417 3329 3488 gloriam

1758 3528 1864 3568 non
1913 3511 2130 3568 habebit
2173 3510 2314 3580 apud
2367 3509 2560 3565 Deum.
2606 3508 2779 3564 liabet
2814 3507 2976 3578 igitur
3018 3508 3134 3561 haec
3169 3505 3331 3562 lectio

1759 3604 1995 3676 quinque
2018 3611 2230 3673 partes.
2259 3599 2442 3657 Primo
2463 3601 2608 3656 enim
2633 3599 2766 3655 dicit
2788 3598 3080 3668 Apostolus
3111 3597 3328 3653 unicui-

1760 3713 1866 3768 que
1893 3695 2119 3768 gratiam
2151 3694 2330 3750 datam
2353 3707 2473 3749 esse
2494 3690 2786 3761 a‘,Christo.
2814 3690 3064 3746 Secundo
3088 3691 3186 3744 hoc
3205 3705 3331 3760 pro-

1759 3788 1852 3842 bat
1881 3786 2202 3842 auctoritate
2229 3784 2547 3852 Scriptum.
2577 3781 2761 3838 Tertio
2789 3781 2935 3852 ipsas
2961 3782 3164 3849 gratias
3183 3796 3320 3834 eun--

1763 3891 1956 3938 merat.
2002 3879 2207 3947 Quarto
2247 3877 2314 3932 ad
2348 3892 2509 3948 quem
2550 3890 2706 3932 usum
2753 3875 2892 3930 datae
2937 3874 3065 3937 sint,
3115 3874 3334 3928 demou-

1761 3981 1916 4030 εει-ιιι.
1951 3970 2147 4040 Quinto
2175 3985 2335 4044 quem
2369 3970 2528 4027 tinem
2576 3970 2832 4035 habeant,
2865 3965 3194 4024 manifestat.
3241 3961 3336 4020 Att

1763 4066 1924 4134 igitur
1952 4064 2127 4134 primo
2160 4063 2450 4132 Apostolus
2483 4081 2497 4117 :
2531 4060 2825 4132 Unicuique
2851 4070 3084 4115 nostrum
3110 4059 3237 4111 data
3257 4068 3331 4110 est

1761 4158 1935 4228 gratia
1963 4157 2251 4210 secundum
2287 4168 2586 4208 mensuram
2627 4151 2924 4206 donationis
2964 4148 3180 4204 Christi.
3205 4145 3333 4202 Tria

1778 4252 1908 4306 dicit
1939 4269 1952 4306 :
1982 4250 2135 4318 Quod
2165 4251 2458 4321 unicuique
2489 4257 2732 4304 nostrum
2776 4245 2899 4300 data
2931 4256 3014 4300 est
3059 4244 3255 4314 gratia,
3281 4255 3336 4297 et

1763 4345 1904 4412 quod
1929 4341 2224 4398 secundum
2255 4354 2594 4406 mensuram,
2619 4350 2673 4395 et
2699 4338 2841 4409 qttod
2867 4355 2896 4392 a
2919 4338 3154 4392 Christo.
3173 4334 3338 4390 Licet.

1765 4443 1943 4488 autent
1968 4447 2065 4504 per
2082 4434 2184 4488 hoc
2205 4430 2345 4502 quod
2367 4431 2764 4502 aitApostolus,
2777 4427 3053 4498 unicuique
3077 4435 3331 4484 nostrum,

23 4534 42 4571 λ
72 4519 480 4576 absconditis
513 4532 787 4586 aquarum
822 4517 972 4583 vivit,
1008 4518 1142 4572 fides
1169 4534 1290 4587 quae
1327 4519 1394 4575 de
1424 4521 1657 4576 abscon-
1688 4529 1742 4590 ι)
1770 4525 2031 4595 intelligat
2053 4524 2199 4580 solos
2235 4523 2518 4579 ministros
2546 4535 2688 4587 esse,
2736 4530 2916 4574 tamen
2949 4513 3332 4570 universaliter

15 4610 113 4667 itis
143 4619 213 4668 et.
241 4607 674 4666 invisibilibus
696 4615 780 4663 est
807 4608 1144 4678 exprimitur.
1174 4608 1326 4664 Sicut
1349 4611 1660 4667 econtrario

17 4716 77 4755 er
100 4709 508 4771 praesentem
549 4706 862 4767 serpentem
895 4712 1159 4754 venenum
1197 4699 1536 4756 infidelitatis
1570 4701 1657 4756 vel

14 4791 219 4846 Presis
257 4788 693 4861 significatur.
723 4785 828 4840 Per
869 4801 1029 4842 ovum
1084 4803 1326 4858 quoque,
1357 4789 1412 4843 in
1443 4804 1549 4858 quo
1576 4801 1664 4846 est

17 4897 98 4936 tes
160 4881 370 4947 fetus,
439 4891 601 4950 spes
647 4877 990 4946 exprimitur,
1020 4878 1164 4934 sicut
1193 4893 1224 4934 e
1256 4881 1532 4936 contrario
1569 4897 1668 4952 per

12 4973 401 5044 orpionem,
442 4969 572 5041 qui
601 4969 862 5035 cauda,id
886 4981 969 5026 est
1000 4970 1104 5026 ﬁne
1130 4973 1374 5040 corporis
1402 4975 1662 5042 percutit,

11 5067 154 5122 talis
193 5062 606 5136 desperatio
659 5061 967 5116 denotatur.
998 5061 1055 5116 Si
1103 5061 1226 5131 quis
1277 5079 1430 5132 ergo,
1465 5063 1669 5119 fratres

3 5160 80 5224 ei,
111 5177 151 5214 ε
211 5155 550 5214 caelestis
609 5152 770 5208 Patre
809 5154 1162 5224 postulaverit
1191 5153 1373 5219 ﬁdem,
1420 5171 1572 5225 spem
1618 5165 1674 5210 ct

11 5251 375 5313 aritatem,
411 5243 704 5312 nunquid
751 5244 1015 5313 benignus
1062 5254 1118 5298 et
1167 5245 1477 5302 misericors
1507 5246 1669 5302 Pater

1768 4632 1952 4672 verum
1979 4626 2063 4673 est
2107 4619 2398 4688 unicuique
2431 4614 2636 4670 homini
2667 4613 2896 4684 gratiam
2928 4627 2958 4663 a
2986 4609 3202 4663 Christo
3233 4606 3331 4659 da-

1771 4719 1879 4764 tam
1910 4724 2050 4765 esse.
2073 4709 2207 4764 Cum
2237 4709 2382 4764 enim
2435 4707 2609 4777 gratia
2639 4705 2850 4759 dicatur
2877 4698 3140 4771 quidquid
3169 4699 3349 4766 gratis.

1769 4800 1953 4868 datur,
1992 4801 2250 4871 quidquid
2287 4799 2448 4853 habet
2488 4798 2650 4852 homo
2700 4794 2816 4849 sive
2859 4791 3071 4848 bonum.
3107 4798 3335 4850 natura,

1777 4893 1896 4946 sive
1919 4893 2118 4948 bonum
2149 4891 2375 4945 fortuna:
2407 4889 2488 4960 (ut
2534 4887 2638 4943 dici
2673 4885 2828 4954 solet)
2853 4883 2966 4938 sive
2992 4884 3188 4935 bonum
3214 4894 3339 4950 gra-

1772 4982 1882 5046 tiae,
1907 4984 2031 5051 quia
2060 4997 2089 5035 a
2118 4981 2225 5035 Deo
2252 4981 2436 5034 datum
2459 4989 2544 5034 est
2575 4978 2766 5046 gratis,
2786 4975 2958 5045 gratia
2989 4971 3083 5027 Dei
3117 4971 3222 5024 dici
3251 4985 3342 5038 po-

1777 5087 1900 5132 test.
1932 5076 2067 5142 Quia
2099 5085 2278 5129 tameu
2307 5074 2446 5128 bona
2470 5081 2675 5126 natura
2703 5080 2756 5123 et
2782 5071 2922 5124 bona
2951 5066 3200 5128 fortunae,
3230 5071 3338 5116 tam

1778 5170 2038 5223 bonorum
2067 5181 2229 5236 quam
2261 5165 2548 5229 malorum,
2583 5173 2709 5219 sunt
2753 5159 3079 5220 communia.
3109 5167 3340 5210 antono-

1776 5258 1971 5313 matice
1986 5256 2213 5310 virtutes
2231 5263 2286 5310 et
2312 5269 2442 5309 usus
2467 5267 2678 5315 earum,
2696 5250 2953 5320 quoniam
2979 5249 3197 5317 propria
3215 5252 3346 5300 sunt

7 5342 106 5397 bit
154 5342 225 5398 ei
264 5340 448 5397 vitia
497 5337 716 5391 harum
763 5337 1026 5390 virtutum
1075 5337 1390 5392 contraria?
1421 5339 1677 5394 videlicet
1779 5348 2046 5403 bonorum
2100 5353 2308 5401 tantum
2359 5344 2547 5415 gratiae
2595 5343 2768 5398 solent
2822 5340 3101 5410 appellari.
3157 5336 3347 5391 Noluit

4 5426 456 5496 idelitatem,
522 5423 997 5494 desperationem,
1043 5433 1100 5480 et
1145 5428 1347 5483 mentis
1374 5427 1674 5483 duritiam?

0 5537 411 5597 quaquam,
458 5517 757 5588 quoniam
788 5517 929 5590 apud
953 5531 1077 5573 eum
1104 5532 1211 5574 non
1237 5527 1321 5573 est
1352 5528 1676 5576 transmuta-

0 5663 16 5686 ,
56 5637 197 5676 nec
247 5612 756 5673 vicissitudinis
779 5611 1126 5668 obumbratio
1154 5609 1292 5682 (Jac.
1320 5613 1380 5682 ι).
1406 5611 1543 5678 Quin
1575 5627 1674 5703 po:

1785 5439 1929 5496 enim
1974 5437 2236 5494 Dominus
2259 5437 2494 5506 aliquam
2519 5450 2670 5492 suam
2695 5443 3000 5489 creaturam
3029 5429 3241 5500 penitus
3277 5428 3346 5478 ab

1784 5532 1966 5601 aliqua
1986 5529 2406 5601 participatione
2426 5524 2684 5582 bonitatis
2700 5541 2809 5580 sute
2833 5539 2951 5579 esse
2973 5529 3264 5582 exsortem,
3279 5531 3350 5568 ne

1797 5621 2046 5677 indecora
2075 5629 2130 5676 et
2153 5635 2252 5675 suo
2281 5612 2506 5674 auctore
2542 5616 2756 5687 indigna
2787 5628 2906 5673 esse
2933 5611 3224 5672 videretur.
3251 5606 3347 5664 εειι

11 5737 135 5806 εσ)
189 5733 319 5790 Νη
390 5729 560 5806 uale
625 5728 682 5785 in
723 5727 870 5801 Vulg.
923 5725 1196 5800 reperitur
1230 5725 1284 5784 in
1321 5724 1624 5790 Ezechiele,
1659 5727 1747 5795 qui
1791 5740 2008 5787 econtra
2055 5730 2168 5784 ait:
2216 5727 2383 5782 Filius
2415 5740 2518 5778 non
2545 5724 2770 5795 portabit
2808 5721 3129 5792 iniquitatem
3180 5713 3346 5785 patris

0 5801 178 5864 Lech.
234 5801 517 5873 ιγιιι).
