3822 6316
451 371 586 432 ιθοτ

1438 370 1776 428 ADDENDA.
1816 399 1877 414 -ι
1906 369 2257 427 RADULPHI
2292 368 2634 425 ARDENTIS

3560 352 3659 427 nos

452 485 750 554 quamlibet
780 498 1081 549 creaturam
1114 501 1268 551 suam
1320 484 1501 556 aliqua
1531 502 1628 542 sua
1655 486 1827 556 gratia
1856 486 2022 556 privi-
2046 487 2098 547 Α
2126 492 2235 539 tum
2257 498 2422 556 super
2434 483 2706 554 apostolos
2727 492 3074 552 ceterosque
3090 468 3335 546 sanctos,
3361 478 3443 536 vel
3466 480 3658 552 aliquan-

455 576 692 647 legiavit.
721 577 934 645 Quare?
964 578 1162 649 triplici
1204 575 1413 633 ratione
1442 595 1457 632 :
1490 574 1559 631 Ut
1576 577 1800 635 haberet
1828 576 2021 648 quaeli-

453 667 543 722 het
572 678 823 724 creatura
849 669 1053 740 aliquid
1089 670 1141 725 in
1168 683 1250 735 se,
1281 668 1334 723 in
1384 682 1494 737 quo
1524 668 1720 723 divina:
1766 668 2023 722 bonitatis

453 758 761 828 largitatem
796 760 847 814 in
879 776 937 816 se
967 760 1459 822 demonstraret,ut
1486 757 1714 813 haberet
1744 756 1886 811 unde
1915 757 2023 811 Deo

449 848 696 920 largitori
730 851 936 925 gratias
964 849 1212 915 referret,
1238 858 1298 903 ut
1346 849 1572 903 haberet
1612 850 1896 903 materiam
1925 862 2023 918 per

447 958 611 1011 quam
639 944 778 1012 apud
802 943 967 998 Deum
1019 941 1315 1011 promereri
1345 949 1545 1011 posset.
1575 940 1759 1011 Itaque
1778 980 1794 1005 ,
1825 940 2022 995 fratres

450 1036 579 1103 luci,
621 1036 989 1105 unusquisque
1025 1036 1093 1089 de
1127 1034 1298 1104 gratia
1349 1034 1456 1087 sibi
1521 1032 1645 1087 data
1705 1048 1765 1088 se
1802 1032 2021 1103 dignum

447 1129 728 1196 exhibeat,
750 1128 815 1184 de
839 1143 902 1182 ea
932 1127 1041 1182 Deo
1065 1126 1271 1181 auctori
1297 1125 1501 1195 gratias
1532 1125 1740 1189 reddat,
1773 1139 1868 1194 per
1901 1138 2020 1177 eam

449 1220 709 1275 fratribus
759 1220 876 1274 suis
921 1218 1405 1281 subministrando,
1472 1215 1677 1283 majora
1723 1213 2021 1285 promereri

447 1320 678 1381 satagat.
708 1311 809 1378 Qui
838 1310 997 1365 habet
1046 1310 1389 1379 sapientiam,
1432 1309 1592 1362 rudes
1622 1306 1871 1362 instruat.
1916 1305 2020 1372 Qui

449 1400 610 1467 habet
643 1409 987 1469 potestatem,
1015 1400 1337 1465 Ecclesiam,
1366 1399 1613 1468 pupillos,
1640 1407 1693 1451 et
1718 1398 1906 1450 viduas
1930 1396 2023 1449 de-

448 1489 648 1544 tendat.
669 1491 767 1557 Qui
792 1493 954 1545 habet
987 1491 1224 1557 divitias,
1250 1490 1372 1544 inde
1395 1490 1645 1558 inopibus
1676 1487 2018 1558 suffragetur.

446 1580 547 1647 Qui
594 1584 757 1638 habet
794 1584 1025 1653 gratiam
1078 1583 1464 1638 familiaritatis
1514 1583 1655 1653 apud
1691 1582 2015 1652 principem,

445 1686 544 1742 pro
576 1676 903 1745 pauperibus
924 1674 1065 1744 apud
1098 1690 1221 1728 eum
1253 1674 1527 1743 loquatur.
1562 1674 1669 1741 Qui
1705 1674 1869 1727 habet
1908 1671 2022 1725 elo-

444 1766 749 1834 quentiam,
776 1766 899 1831 inde
950 1766 1269 1822 inconsultis
1302 1767 1693 1836 patrocinetur.
1732 1764 1831 1831 Qui
1873 1767 2023 1821 novit

446 1857 681 1926 aliquam
710 1868 907 1925 artem,
946 1858 1074 1913 inde
1095 1860 1456 1929 indigentibus
1480 1857 1793 1927 opituletur.
1818 1856 2021 1913 Caveat

445 1946 819 2016 unusquisque
855 1960 921 2001 ne
968 1947 1317 2002 commissum
1372 1946 1479 2002 sibi
1531 1961 1561 1999 a
1618 1947 1725 2001 Deo
1763 1946 2021 2001 talentum

445 2038 787 2104 occultando,
820 2054 887 2094 eo
911 2039 1025 2109 ipso
1055 2038 1373 2108 ueterisque
1411 2039 1566 2093 bonis
1598 2050 1871 2093 mereatur
1895 2052 2021 2109 spo-

446 2130 591 2185 liari.
617 2129 714 2185 Est
736 2140 915 2186 autem
944 2130 1236 2200 unicuique
1263 2136 1507 2186 nostrum
1544 2131 1714 2201 gratia
1745 2131 1866 2185 data
1887 2172 1901 2198 ,
1929 2144 2021 2186 se-

444 2222 687 2276 cundum
720 2237 1053 2277 mensuram.
1081 2222 1263 2278 Noluit
1300 2223 1499 2293 quippe
1543 2222 1803 2278 Dominus
1832 2238 2023 2279 omnes

442 2314 653 2383 gratias
690 2313 849 2369 alicui
874 2315 1023 2370 dare.
1053 2313 1278 2382 Quare?
1318 2314 1515 2383 triplici
1544 2314 1774 2370 ratione.
1803 2314 1884 2369 Ne
1915 2314 2020 2369 ali-

444 2420 552 2473 qua
582 2415 834 2460 creatura
858 2421 920 2461 se
947 2407 1269 2476 quandoque
1290 2404 1537 2462 Creatori
1574 2421 1672 2462 suo
1701 2407 2019 2472 :estimaret,

442 2513 516 2553 ne
538 2512 597 2554 se
620 2497 798 2554 nullus
822 2499 1064 2569 indigere
1109 2508 1343 2567 putaret,
1390 2513 1457 2553 ne
1485 2507 1712 2555 czeteras
1740 2509 2022 2556 creaturas

443 2598 839 2645 contemneret.
872 2588 978 2645 Sed
1007 2590 1177 2645 voluit
1226 2591 1407 2660 potius
1435 2605 1876 2661 unumquemque
1923 2605 2023 2646 no-

444 2694 614 2741 strum
646 2683 871 2739 alterius
901 2683 1090 2754 gratia:
1128 2682 1669 2754 indigere,utvidens
1702 2684 1931 2753 quisque
1959 2700 2019 2739 se

446 2774 594 2828 illius
638 2774 828 2843 gratias
863 2775 1128 2845 indigere,
1177 2790 1285 2846 qua
1316 2773 1485 2829 frater
1547 2789 1679 2829 suus
1732 2774 2019 2845 perfulget,

442 2879 567 2921 eum
591 2865 692 2920 sibi
727 2864 1026 2935 praeferret,
1067 2865 1292 2936 ejusque
1312 2865 1573 2920 auxilium
1613 2866 1934 2936 postularet,
1963 2875 2020 2921 et

444 2956 499 3010 iu
532 2956 634 3011 hoc
663 2956 782 3025 ipso
806 2958 1039 3029 disceret
1059 2958 1127 3015 de
1163 2959 1336 3028 gratia
1360 2958 1461 3013 sibi
1493 2960 1638 3024 data,
1657 2958 2023 3029 indigentibus

444 3046 780 3111 ministrare,
809 3048 1265 3116 quemadmodum
1294 3048 1510 3104 volebat
1542 3057 1770 3104 czeteros
1804 3049 1870 3103 de
1900 3064 2022 3119 gra-

455 3139 549 3193 tiis
578 3140 691 3194 suis
729 3141 1042 3196 ministrare
1067 3142 1190 3196 sibi.
1224 3142 1427 3210 Itaque,
1455 3140 1647 3195 fratres
1690 3143 1815 3207 mei,
1854 3158 2021 3198 unus-

446 3234 680 3304 quisque
736 3233 966 3288 multum
1014 3234 1202 3287 deesse
1256 3232 1414 3287 nobis
1476 3242 1748 3301 putemus,
1813 3234 2019 3306 gratias

446 3326 678 3379 fratrum
731 3337 1040 3380 nostrorum
1085 3323 1441 3386 admiremur,
1472 3332 1531 3376 ut
1581 3323 1651 3377 ita
1704 3324 1859 3379 nobis
1890 3324 2023 3378 vile—

445 3434 685 3480 scamus,
717 3426 771 3473 et
812 3417 1011 3472 fratres
1048 3424 1263 3471 nostros
1313 3414 1469 3469 nobis
1524 3430 1923 3483 praeponamus.
1956 3416 2025 3470 Et

447 3510 589 3564 sicut
608 3524 703 3565 eos
722 3510 789 3563 de
826 3509 1016 3580 gratiis
1047 3509 1160 3563 suis
1206 3509 1361 3563 nobis
1404 3508 1718 3562 ministrare
1744 3507 2019 3572 volumus,

446 3603 521 3655 ita
550 3610 604 3656 et
631 3602 697 3656 de
732 3602 908 3672 gratia
956 3600 1112 3655 nobis
1141 3600 1266 3654 data
1289 3600 1370 3654 eis
1398 3600 1793 3664 ministremus,
1821 3609 1877 3653 ut
1928 3613 2025 3668 per

450 3696 553 3747 hoc
575 3695 737 3749 etiam
771 3694 974 3762 gratias
994 3707 1131 3762 quas
1154 3708 1258 3747 non
1287 3693 1573 3756 habemus,
1599 3692 1897 3761 promereri
1932 3706 2026 3745 va-

445 3784 674 3841 leamus.
738 3784 826 3839 Fit
881 3794 1062 3840 autem
1113 3783 1231 3839 haec
1268 3783 1578 3855 gratiarum
1631 3783 1943 3840 distributio
1994 3798 2024 3837 a

447 3878 663 3933 Christo
687 3876 850 3932 simul
878 3892 1002 3934 eum
1029 3876 1190 3931 Patre
1219 3885 1274 3930 et
1303 3875 1509 3946 Spiritu
1535 3884 1744 3939 saneto,
1764 3876 1856 3944 qui
1879 3876 2023 3931 sicut

448 3979 574 4025 sunt
598 3985 736 4024 unus
768 3979 981 4033 auctor,
1005 3969 1078 4022 ita
1111 3977 1164 4023 et
1195 3982 1337 4022 unus
1362 3966 1611 4036 largitor,
1644 3980 1674 4019 a
1695 3965 1914 4021 Christo
1941 3975 2023 4021 ta-

449 4074 571 4111 men
604 4059 861 4113 dicuntur
882 4056 1132 4112 distribui
1164 4057 1372 4128 gratiae,
1410 4071 1475 4111 eo
1504 4057 1645 4125 quod
1675 4056 1788 4125 ipse
1817 4067 1901 4111 est
1932 4072 2021 4112 ca-

447 4160 545 4218 put
571 4150 811 4205 omnium
868 4149 1137 4214 fidelium;
1171 4148 1327 4219 cujus
1376 4149 1575 4219 capitis
1619 4150 1858 4204 membra
1895 4159 2023 4205 sunt

448 4255 637 4295 omnes
666 4240 867 4295 fideles.
896 4239 952 4293 ln
980 4238 1194 4294 Christo
1219 4248 1400 4293 autem
1427 4248 1685 4309 tauquam
1741 4240 1796 4293 in
1844 4242 2022 4310 capite

448 4330 761 4385 continetur
783 4329 1026 4384 omnium
1067 4329 1349 4398 plenitudo
1370 4331 1691 4400 gratiarum.
1728 4330 1847 4400 Ipse
1875 4332 2021 4387 enim

448 4437 640 4478 omnes
666 4422 872 4493 gratias
899 4421 1083 4484 habet.
1121 4437 1229 4478 non
1277 4427 1487 4477 tantum
1539 4422 1593 4478 in
1633 4432 1903 4494 poteSIate
1952 4425 2020 4480 ad

2126 575 2295 632 tulum
2328 577 2527 631 irroret
2574 590 2737 645 super
2776 590 2899 642 nos,
2930 585 3196 642 tanquam
3243 572 3429 626 ultima
3453 572 3656 628 Ecclesia

2124 684 2234 725 sua:
2268 668 2534 723 membra.

2197 760 2456 831 Sequitur
2482 776 2609 830 pars
2641 760 2903 823 secunda,
2955 760 3011 813 in
3045 775 3153 829 qua
3198 759 3413 830 gratias
3451 759 3614 814 donari
3636 776 3658 816 α

2123 851 2340 908 Christo
2368 853 2561 922 probat
2603 869 2701 922 per
2721 852 3109 907 auctoritatem
3142 853 3446 921 prophetat,
3468 867 3574 906 cum
3596 852 3652 905 di-

2122 943 2197 997 cit
2223 958 2239 997 :
2279 943 2501 1011 Propter
2520 944 2660 1012 quod
2691 944 2820 996 dicit
2857 961 2869 996 :
2913 941 3217 996 Ascendem
3246 942 3301 995 in
3333 942 3511 1003 altum,
3536 943 3643 1008 capti

2122 1050 2240 1087 vam
2271 1033 2419 1086 duxit
2461 1034 2834 1102 captivitatem,
2876 1034 3022 1085 dedit
3044 1033 3187 1084 dona
3212 1033 3522 1085 hominibus.
3552 1032 3667 1086 Cou-

2123 1124 2267 1181 sistit
2304 1136 2485 1181 autem
2546 1126 2599 1180 in
2642 1126 2745 1180 hoc
2784 1127 2865 1180 vis
2921 1124 3282 1195 probationis.
3313 1125 3559 1194 quoniam
3583 1126 3669 1181 tale

2123 1226 2204 1270 est
2237 1217 2529 1288 negotium,
2560 1219 2830 1285 quod-nec
2862 1232 2892 1270 a
2934 1232 3072 1285 puro
3104 1217 3345 1279 homine,
3378 1232 3475 1270 nec
3512 1232 3537 1269 a
3562 1233 3670 1286 puro

2125 1309 2234 1364 Deo
2273 1310 2449 1375 potuit
2502 1310 2823 1364 ministrari.
2851 1308 3109 1378 Captivos
3140 1310 3347 1378 quippe
3401 1310 3594 1375 eripere
3618 1310 3669 1363 de

2124 1399 2359 1465 inferno,
2391 1408 2445 1454 et
2473 1400 2525 1453 in
2551 1400 2717 1453 altqu
2746 1400 2967 1463 ducere,
3002 1408 3058 1454 et
3095 1399 3235 1454 dona
3286 1397 3511 1466 spiritus
3530 1403 3667 1452 sancti

2124 1490 2432 1546 hominibus
2457 1491 2616 1558 dare,
2652 1492 2813 1546 homo
2842 1506 2947 1544 non
3002 1491 3178 1561 potuit
3212 1489 3316 1544 nisi
3348 1488 3490 1543 Deus
3532 1502 3665 1543 esset.

2124 1579 2408 1635 Descendit
2429 1598 2559 1652 ergo
2579 1583 2729 1651 prius
2755 1583 3085 1636 assumendo
3136 1585 3191 1635 in
3231 1595 3296 1635 se
3322 1581 3602 1645 hominem,
3627 1592 3668 1634 et

2122 1672 2225 1727 hoc
2268 1682 2351 1727 est
2398 1675 2539 1742 quod
2593 1673 2884 1743 Apostolus
2928 1688 3208 1743 exponens
3278 1671 3466 1726 subdit
3503 1688 3516 1725 :
3550 1673 3670 1736 Quod

2122 1765 2381 1826 ascendit,
2414 1764 2538 1834 quid
2565 1775 2638 1817 est
2672 1764 2773 1817 nisi
2794 1765 2918 1833 quia
2950 1764 3221 1817 descendit
3274 1765 3508 1832 primum
3540 1764 3587 1815 is
3612 1766 3672 1815 in-

2056 1825 2095 1885 B
2126 1855 2340 1924 feriare:
2364 1825 2541 1925 partes
2564 1868 2717 1910 teme
2737 1858 2762 1910 2
2786 1825 2862 1911 Ac
2886 1857 2931 1912 si
2958 1857 3188 1921 diceret,
3217 1825 3503 1926 quomodo
3528 1867 3665 1924 posset

2124 1950 2443 2017 ascendere,
2469 1950 2571 2004 nisi
2594 1951 2771 2020 primo
2791 1949 3197 2007 descendisset?
3221 1948 3513 2003 descendit
3532 1957 3661 2003 ante:

2123 2056 2231 2097 non
2259 2049 2465 2095 tantum
2491 2040 2543 2094 in
2575 2040 2799 2106 inferas,
2838 2040 2933 2097 sed
2962 2040 3126 2095 etiam
3172 2040 3225 2093 in
3267 2039 3554 2093 inferiores
3576 2054 3661 2107 par-

2123 2140 2203 2188 tes
2232 2143 2409 2200 terrae,
2435 2134 2487 2188 id
2514 2143 2615 2200 est,
2633 2134 2699 2189 ad
2722 2134 3029 2201 iuferna,ea
3052 2132 3447 2202 confringens,
3461 2143 3514 2188 et
3535 2134 3667 2205 Capti-

2122 2223 2344 2279 vitatem
2373 2224 2639 2295 captivam
2663 2223 3169 2294 educens.Populus
3191 2224 3343 2279 enim
3372 2228 3669 2287 sanclomm,

2123 2315 2217 2385 qui
2263 2315 2318 2370 in
2350 2314 2560 2371 inferno
2608 2315 2972 2381 detinebatur,
3005 2331 3111 2370 non
3147 2322 3366 2370 tantum
3399 2317 3672 2383 captivitas,

2123 2408 2234 2464 imo
2272 2407 2435 2462 etiam
2484 2407 2754 2479 captivata
2797 2408 3081 2479 captivitas
3120 2416 3269 2463 erat.
3303 2407 3361 2462 In
3391 2407 3673 2477 hocquippe

2123 2498 2267 2568 quod
2292 2515 2321 2552 a
2352 2499 2525 2568 patria
2554 2499 2810 2568 paradisi,
2844 2500 2914 2554 ad
2943 2514 3107 2569 quam
3140 2500 3499 2554 obtinendam
3521 2510 3673 2555 creata

2123 2586 2322 2653 fuerat,
2346 2602 2446 2658 per
2469 2587 2796 2643 diabolieam
2822 2588 3069 2642 fraudem
3100 2587 3172 2641 ad
3200 2587 3371 2657 hujus
3396 2590 3565 2644 mundi
3592 2592 3673 2643 nti-

2124 2679 2322 2734 seriam
2372 2678 2590 2747 expulsa
2624 2678 2930 2741 exsulabat,
2982 2678 3279 2748 captivitas
3326 2689 3468 2734 erat.
3497 2680 3675 2735 Rursus

2124 2779 2177 2826 et
2205 2770 2257 2825 in
2290 2770 2394 2825 hoc
2419 2772 2561 2839 quod
2616 2770 2834 2824 miseria
2867 2767 3026 2837 hujus
3054 2770 3177 2824 vita:
3209 2770 3281 2823 ad
3332 2770 3581 2839 majorem
3607 2774 3673 2825 ia-

2125 2858 2265 2915 ferni
2297 2861 2571 2916 miseriam
2597 2860 2869 2929 captivata
2900 2860 3109 2926 fuerat,
3136 2876 3246 2915 non
3279 2869 3490 2915 tantum
3530 2863 3673 2929 capti-

2125 2954 2286 3017 vitas,
2317 2954 2424 3008 imo
2452 2954 2614 3007 etiam
2651 2954 2864 3024 captiva
2914 2955 3204 3023 captivitas
3233 2965 3382 3008 erat.
3409 2953 3543 3008 Hauc
3562 2968 3669 3023 ergo

2124 3044 2393 3113 captivam
2433 3044 2820 3114 captivitatem,
2856 3060 3005 3100 more
3069 3045 3507 3116 triumphatoris,
3530 3046 3664 3097 duxit

2126 3153 2309 3193 secum
2355 3138 2615 3193 Dominus
2646 3139 2700 3193 in
2729 3137 2919 3192 altum.
2951 3137 3107 3193 Sicut
3153 3139 3306 3193 enim
3355 3138 3538 3207 aliquis
3556 3154 3678 3205 pra:-

2126 3231 2355 3286 liaturus
2383 3238 2569 3285 contra
2594 3230 2825 3293 hostem,
2849 3245 2909 3285 se
2934 3230 3084 3298 prius
3106 3240 3310 3296 armat,
3338 3230 3518 3284 deinde
3536 3239 3677 3282 caute

2126 3324 2334 3379 hostem
2390 3322 2722 3394 aggreditur,
2752 3331 2806 3376 et
2847 3337 2943 3392 per
3003 3337 3263 3392 magnum
3304 3322 3537 3377 laborem
3572 3336 3681 3373 eum

2126 3424 2364 3486 superat,
2393 3423 2576 3483 postea
2599 3429 2723 3469 eum
2768 3413 2961 3483 ligans,
2996 3412 3112 3481 ejus
3142 3414 3497 3468 munitionem
3534 3414 3681 3467 dissi-

2125 3517 2236 3578 pat,
2264 3516 2320 3561 et
2363 3507 2602 3577 captivos
2647 3506 2848 3572 educit,
2880 3513 2933 3559 et
2984 3521 3107 3560 cum
3156 3506 3337 3576 signis
3363 3506 3603 3559 victori:
3631 3506 3691 3556 ad

2124 3598 2308 3653 sedem
2336 3612 2487 3652 suam
2520 3596 2753 3663 rediens,
2781 3596 3005 3652 donaria
3035 3595 3369 3650 satellitibus
3386 3596 3493 3650 suis
3520 3595 3689 3648 distrio

2125 3688 2261 3753 buit,
2291 3688 2363 3741 ita
2413 3687 2540 3742 fecit
2565 3696 2619 3742 et
2663 3687 2942 3741 Dominus.
2994 3685 3153 3741 Prius
3179 3688 3330 3740 enim
3363 3685 3695 3755 praeliaturus

2127 3794 2248 3835 cum
2266 3779 2506 3845 diabolo,
2535 3794 2594 3834 se
2642 3778 2944 3833 humilitate
2974 3782 3234 3844 armavit,
3291 3795 3390 3848 per
3429 3779 3696 3834 occultam

2127 3872 2446 3941 sapientiam
2470 3886 2593 3926 eum
2618 3886 2905 3941 aggressus
2931 3881 3036 3935 est,
3069 3887 3166 3941 per
3194 3873 3516 3941 patientiam
3548 3886 3698 3939 supe-

2126 3965 2285 4031 ravit,
2317 3978 2415 4034 per
2461 3963 2829 4018 fortitudinem
2860 3979 2985 4018 eum
3038 3965 3306 4034 alligavit,
3341 3975 3395 4019 et
3424 3963 3697 4017 infernum

2124 4058 2402 4127 frangens,
2433 4070 2560 4110 suos
2580 4057 2671 4125 qui
2704 4057 2775 4109 ibi
2806 4056 3004 4127 captivi
3028 4058 3377 4124 tenehantur,
3406 4057 3627 4119 eduxit,
3655 4064 3707 4109 et

2125 4165 2247 4205 cum
2280 4149 2554 4219 triumpho
2580 4148 2634 4202 in
2685 4146 2883 4202 coelum
2912 4147 3237 4209 ascendens,
3273 4149 3410 4202 dona
3454 4147 3697 4216 Spiritus

2123 4242 2301 4298 sancti
2327 4240 2441 4297 suis
2470 4240 2635 4294 dedit.
2660 4237 2776 4294 Non
2802 4238 2944 4308 quod
2973 4238 3073 4294 hac
3096 4239 3211 4295 sola
3238 4239 3354 4293 vice
3368 4254 3428 4293 ea
3464 4237 3707 4297 dederit,

2123 4336 2216 4404 qui
2267 4333 2451 4403 utique
2500 4348 2529 4385 a
2581 4330 2850 4401 principio
2880 4346 3095 4401 semper
3118 4333 3233 4386 suis
3258 4333 3495 4402 gratiam
3554 4346 3709 4386 suain

2124 4426 2353 4496 largitus
2381 4434 2491 4490 est,
2515 4424 2608 4479 sed
2636 4424 2777 4493 quod
2801 4423 3073 4479 occultum
3108 4435 3246 4491 erat,
3272 4426 3552 4479 donorum
3608 4438 3716 4477 ec-

447 4512 901 4579 distribuendum,
939 4522 1000 4568 ut
1025 4512 1191 4579 Deus,
1217 4512 1311 4569 sed
1331 4514 1495 4569 etiam
1528 4514 1580 4569 in
1604 4531 1726 4582 usu,
1759 4523 1817 4569 ut
1836 4515 2023 4582 homo,
2055 4552 2101 4612 υ
2126 4516 2343 4571 lestium
2370 4530 2430 4572 se
2456 4514 2767 4585 largitorem
2799 4529 2920 4570 esse
2957 4514 3243 4570 visibiliter
3269 4516 3715 4570 demonstraret.

449 4607 615 4663 habet
634 4607 838 4678 gratias
862 4621 1051 4664 omnes
1074 4622 1212 4678 quas
1257 4621 1385 4664 eum
1414 4605 1621 4662 habere
1647 4607 1835 4673 decet;
1874 4616 1931 4661 et
1956 4606 2024 4662 de

447 4696 780 4767 plenitudine
800 4698 915 4769 ejus
936 4708 1073 4755 teste
1091 4696 1300 4754 Joanne
1319 4698 1503 4767 (Joan.
1531 4698 1593 4767 t).
1607 4699 1697 4768 qui
1725 4715 1829 4754 non
1862 4698 2026 4754 habet

451 4788 711 4859 Spiritum
734 4792 799 4845 ad
832 4807 1161 4854 mensuram.
1187 4790 1497 4859 accepimus
1521 4804 1712 4847 omnes
1751 4790 1818 4845 ad
1870 4806 2025 4846 men-

449 4896 630 4935 suram
655 4880 976 4952 (Ephemv).
996 4881 1149 4948 Quod
1170 4881 1306 4935 bene
1331 4879 1671 4947 significatur
1689 4882 1741 4936 in
1767 4880 2023 4937 unctione

450 4972 652 5036 Aaron,
686 4989 848 5042 super
867 4983 1030 5044 caput
1058 4973 1232 5042 cujus,
1262 4986 1386 5026 cum
1440 4972 1717 5042 plenitudo
1745 4974 2019 5029 unctionis

451 5080 482 5117 a
514 5064 693 5136 Moyse
718 5064 1104 5131 effunderetur,
1131 5064 1407 5119 distillavit
1446 5081 1541 5134 per
1588 5066 1809 5120 barbam
1837 5075 1892 5121 et
1920 5081 2020 5136 per

450 5166 649 5213 extera
686 5159 953 5224 membra,
985 5170 1156 5227 usque
1208 5156 1260 5211 in
1312 5165 1610 5211 extremam
1667 5173 1820 5212 oram
1856 5160 2022 5213 vesti-

451 5249 619 5303 menti
641 5249 758 5319 ejus
788 5249 961 5319 (Paal.
991 5250 1217 5318 cum}.
1248 5248 1357 5316 Sic,
1378 5250 1576 5305 fratres
1612 5252 1740 5317 mei,
1768 5253 1833 5305 de
1855 5242 2024 5320 plehi-

449 5342 637 5396 tudine
666 5342 986 5411 gratiarum,
1028 5342 1225 5412 quibus
1243 5342 1494 5398 Christus
1521 5359 1550 5397 a
1584 5342 1745 5398 Patre
1770 5342 2045 5398 invisihi!

450 5433 575 5486 liter
601 5442 797 5487 unctus
827 5443 937 5496 est,
963 5434 1206 5489 distillat'
1236 5435 1389 5504 prius
1438 5444 1494 5490 et
1528 5435 1914 5490 abundantius
1967 5437 2019 5489 in

450 5522 697 5589 barbam,
730 5522 781 5575 id
809 5529 894 5576 est
938 5522 991 5576 in
1017 5522 1198 5578 viriles
1229 5532 1284 5578 et
1314 5521 1689 5592 perfectiores,
1739 5524 1936 5579 deinde
1968 5525 2019 5578 in

452 5622 699 5677 caeteros,
750 5615 915 5669 etiam
960 5630 1130 5685 usque
1178 5616 1570 5669 adrextremos.
1606 5614 1790 5680 Unde,
1821 5616 2019 5671 fratres

452 5705 579 5768 mei,
609 5706 869 5774 suspiriis
904 5717 959 5762 et
988 5709 1277 5776 gemitibus
1305 5722 1427 5762 eum
1476 5724 1721 5771 oremus,
1746 5718 2021 5776 quatenus

455 5796 516 5853 de
535 5812 628 5852 sua
653 5799 981 5869 plenitudine
1009 5802 1393 5871 gratiarum.ct
1415 5802 1461 5858 si
1485 5817 1589 5857 non
1621 5809 1825 5857 tantum
1853 5818 2021 5873 quan-

2128 4606 2502 4677 lleprarsentat
2531 4616 2712 4661 autem
2761 4607 2905 4662 hanc
2938 4605 3141 4661 Christi
3173 4605 3463 4662 victoriam
3515 4617 3713 4664 sancta

2124 4700 2368 4757 Ecclesia
2398 4716 2496 4771 per
2521 4700 3068 4771 processiones,quas
3099 4701 3151 4755 iu
3183 4702 3265 4757 his
3286 4701 3489 4757 diebus
3535 4702 3719 4756 facere

2124 4794 2425 4849 consuevit.
2457 4793 2712 4849 Procedit
2739 4794 2937 4864 quippe
2967 4794 3020 4847 in
3055 4795 3393 4865 processioue
3442 4802 3718 4865 tanquam

2124 4883 2301 4938 victor
2330 4882 2623 4938 cruciﬁxus
2654 4884 2705 4937 in
2736 4899 2898 4939 carne
2934 4900 3121 4949 cruce,
3147 4901 3265 4939 cum
3308 4884 3497 4937 armis
3527 4883 3718 4938 videli-

2125 4986 2355 5031 cetcum
2385 4977 2582 5045 quibus
2631 4977 3004 5046 triumphavit.
3036 4977 3170 5031 Cum
3216 4991 3313 5044 quo
3341 4991 3511 5044 aqua
3559 4976 3722 5030 bene-

2125 5070 2265 5126 dicta
2293 5058 2556 5137 procedit,
2584 5069 2638 5123 id
2664 5080 2749 5124 est
2775 5071 2948 5140 gratia
2980 5086 3086 5142 qua
3113 5086 3236 5125 suos
3265 5070 3479 5122 irrorat
3514 5081 3579 5123 et
3603 5087 3713 5123 mu-

2126 5160 2552 5215 uit.Proceduut
2605 5168 2784 5215 autem
2817 5160 3009 5216 vexilla
3064 5176 3174 5215 suae
3224 5160 3482 5214 victoriae
3535 5164 3717 5233 signa.

2124 5251 2376 5306 Procedit
2431 5259 2484 5305 et
2512 5251 2678 5305 draco
2736 5260 2993 5319 tanquam
3054 5253 3223 5306 victus
3248 5260 3369 5304 ante
3408 5255 3715 5311 victorem.

2125 5343 2214 5410 qui
2247 5342 2362 5397 solo
2393 5340 2570 5410 capite
2605 5341 2792 5410 vigens
2819 5350 2921 5405 est,
2969 5356 3171 5396 vacuus
3226 5342 3275 5394 in
3311 5352 3495 5408 parte
3534 5352 3714 5413 poste-

2124 5433 2278 5497 riori,
2305 5432 2559 5502 quoniam
2587 5433 2654 5486 ad
2682 5434 2913 5501 primam
2942 5435 3148 5502 peccati
3173 5441 3407 5503 partem,
3430 5433 3494 5487 id
3520 5446 3611 5491 est
3637 5449 3713 5489 ea-

2123 5528 2440 5595 gitationem
2478 5522 2704 5594 suggere
2734 5525 2890 5578 valet.
2919 5526 2998 5578 Ad
3049 5510 3516 5581 consuetudinem
3572 5542 3707 5585 vero.

2123 5618 2205 5674 vel
2249 5620 2315 5673 ad
2370 5616 2754 5687 perficiendum
2798 5626 3104 5685 peccatum,
3153 5630 3327 5670 servos
3366 5616 3602 5673 Christi
3629 5634 3705 5673 ee-

2124 5724 2252 5779 get'e
2297 5724 2403 5764 non
2436 5717 2631 5779 potest.
2663 5707 2727 5759 Et
2773 5716 2921 5769 certe
2970 5707 3137 5766 hostis
3184 5706 3452 5761 infirmus
3488 5720 3600 5771 est,
3628 5709 3703 5777 qui

2128 5802 2231 5857 nisi
2259 5802 2360 5859 sibi
2393 5799 2819 5859 consentientem
2848 5802 3038 5855 lacdere
3074 5818 3176 5857 non
3199 5797 3363 5856 valet.
3402 5802 3703 5877 διδδεςίείο
