3822 6316
118 351 232 410 1909

787 344 1096 403 nosam;
1130 338 1208 400 "ut
1245 319 1462 402 EPlS‘l'.
1508 344 1594 400 nr
1636 332 1888 398 nunc;
1926 340 2221 400 nom-mc;
2253 370 2332 386 ..-
2355 339 2532 396 rans
2568 339 2605 394 π

3190 311 3354 404 ἰοῖσ-

115 479 188 520 tur
209 470 366 518 autem
393 461 619 532 populus
666 457 906 513 ﬁdelium
956 460 1009 513 in
1061 460 1410 530 processione
1461 458 1642 513 cruci-
1670 458 1961 518 Aaterna
2012 452 2385 509 damnationis
2432 427 2932 518 succidendi'sunt,
2974 423 3096 523 quia
3123 440 3326 507 terram

113 555 271 620 fixum,
301 561 548 622 tanquam
580 547 793 605 liberati
840 549 1214 615 liberatorem,
1258 558 1642 623 exspectantes

112 645 245 700 abeo
284 658 496 698 suarum
541 642 680 697 dona
713 642 1034 713 gratiarum.
1087 639 1495 714 Snbsequamur
1515 657 1643 712 ergo

110 749 236 799 eum,
268 731 458 788 fratres
485 733 618 796 mei,
645 731 1194 801 subsequantur-eum
1217 745 1321 787 non
1353 732 1468 787 solo
1484 731 1638 802 pede,

107 825 188 880 sed
206 838 316 879 vera
341 823 462 888 fide,
489 831 545 878 et
568 823 722 878 ﬁrma
748 821 1056 886 dilectione,
1076 830 1131 878 et
1158 837 1380 893 operum
1409 832 1464 878 et
1487 827 1642 878 man;

104 915 326 969 datorum
347 914 460 982 ejus
473 912 844 976 exsecutione,
868 911 1124 980 quoniam
1147 912 1226 966 sic
1250 927 1374 966 eum
1402 926 1636 982 sequen-

103 1003 230 1060 tibus
257 1019 352 1058 non
380 1003 575 1069 deerit,
606 1002 700 1057 sed
733 999 920 1071 procul
963 1000 1126 1058 dubio
1156 999 1435 1072 largietur,
1470 1009 1526 1056 et
1552 1001 1641 1056 hic

100 1094 340 1165 stipendia
365 1094 665 1165 gratiarum
692 1107 938 1159 suarum,
965 1100 1020 1148 et
1048 1092 1103 1146 in
1128 1091 1310 1148 futuro
1347 1093 1640 1147 beatitudi-

98 1201 210 1240 nem
230 1187 582 1254 pramiorum.
615 1183 694 1239 Ne
739 1193 920 1240 autem
959 1185 1240 1240 videretur
1283 1184 1466 1251 alicui,
1496 1185 1640 1254 quod

95 1277 391 1347 quibusdam
425 1276 692 1331 hareticis
712 1275 886 1330 visum
917 1283 1022 1340 est,
1051 1274 1259 1329 duasin
1275 1273 1491 1330 Christo
1517 1289 1641 1329 esse

95 1383 350 1439 personas,
365 1368 604 1424 ostendit
634 1365 924 1436 Apostolus
946 1366 1200 1437 quoniam
1236 1382 1341 1420 una
1367 1377 1420 1421 et
1447 1367 1640 1421 eadem

95 1473 302 1528 persona
330 1467 411 1513 est
428 1466 483 1513 et
502 1457 591 1512 ille
613 1457 702 1528 qui
727 1457 1008 1512 descendit
1029 1464 1087 1512 et
1107 1457 1352 1512 ascendit
1373 1467 1433 1511 ut
1455 1457 1640 1522 homo,

91 1558 141 1602 ot
161 1548 244 1602 ille
268 1549 349 1618 qui
376 1549 514 1604 dona
537 1547 779 1618 Spiritus
798 1547 972 1603 sancti
993 1547 1138 1603 dedit
1165 1557 1223 1603 ut
1244 1549 1406 1613 Deus,
1424 1548 1644 1617 subjun-

92 1639 354 1710 gens:Qui
382 1642 644 1695 descendit
665 1641 772 1711 ipse
798 1651 871 1695 est
898 1651 944 1695 et
967 1641 1058 1712 qui
1091 1641 1324 1694 ascendit
1347 1657 1503 1709 super
1527 1657 1643 1694 ont-

90 1747 172 1785 nes
192 1732 356 1798 caelos,
388 1742 446 1786 ut
467 1731 774 1801 adimpleret
797 1734 994 1795 omnia,
1029 1733 1095 1787 de
1123 1747 1188 1786 eo
1216 1745 1314 1800 per
1346 1733 1640 1802 prophetas

87 1822 347 1892 pradicla.
366 1822 429 1876 Et
441 1822 578 1876 idem
600 1799 708 1890 ipse
718 1833 792 1876 est
811 1821 899 1893 qui
916 1821 1058 1876 dedit
1073 1799 1328 1891 quosdam
1349 1799 1638 1891 apostolos,
1672 1799 1717 1859 Β

85 1913 212 1966 alios
226 1913 520 1983 prophetas,
539 1922 645 1967 etc.
664 1912 948 1967 Estautem
978 1913 1094 1968 hac
1117 1928 1243 1982 pars
1263 1913 1508 1977 tertia,in
1534 1929 1640 1985 qua

85 2005 366 2072 Apostolus
401 2011 690 2058 enumerat
716 2002 978 2073 quasdam
1001 2003 1204 2074 gratias
1227 2004 1652 2060 administratio-

86 2111 203 2150 num
217 2110 346 2164 quas
360 2097 500 2151 Deus
511 2093 1008 2150 contulitministris
1020 2094 1272 2150 Ecclesia
1283 2111 1392 2151 sua
1409 2110 1652 2166 perquas

87 2188 136 2240 in
161 2188 264 2240 hoc
289 2185 481 2240 sarculo
509 2200 626 2240 eam
673 2193 920 2255 regerent
941 2185 1316 2241 etlerudirent.
1349 2185 1493 2242 inter
1518 2201 1653 2257 quos

83 2278 401 2348 principales
423 2286 550 2333 sunt
573 2277 820 2346 apostoli,
849 2292 986 2348 quos
1013 2276 1272 2334 Dominus
1297 2288 1480 2334 noster
1496 2278 1653 2335 Jesus

77 2369 322 2425 Christus
372 2370 521 2425 misit
549 2384 578 2423 a
607 2367 775 2426 latere
803 2381 920 2433 suo,
951 2379 1012 2425 ut
1039 2368 1198 2424 fidem
1230 2369 1420 2425 salutis
1452 2372 1653 2442 ignaris

77 2463 477 2518 annuntiarent.
518 2461 624 2517 Alii
673 2470 797 2517 sunt
818 2463 1113 2532 propheta,
1137 2462 1228 2531 qui
1268 2477 1364 2532 per
1393 2463 1657 2533 Spiritum

73 2563 319 2608 sanctum
367 2563 598 2608 ventura
640 2553 1036 2622 praedixerunt,
1068 2563 1142 2607 ut-
1177 2553 1395 2623 Agabus
1430 2562 1484 2610 et
1534 2554 1655 2610 lilia

73 2645 322 2716 Philippi.
340 2645 442 2700 Alii
461 2654 586 2700 sunt
607 2644 974 2716 evangelista,
994 2644 1085 2714 qui
1115 2643 1360 2700 videlicet
1378 2646 1654 2716 Evangelii

69 2735 340 2790 scribendi
364 2735 702 2806 privilegium
736 2734 1058 2790 habuerunt.
1086 2732 1192 2787 Alii
1244 2743 1373 2789 sunt
1407 2747 1653 2805 pastores

68 2835 126 2882 et
151 2828 428 2890 doctores,
451 2827 544 2896 qui
579 2826 828 2882 videlicet
861 2835 1108 2881 sanctam
1140 2825 1437 2882 Ecclesiam
1468 2835 1658 2900 regunt

64 2926 121 2973 et
147 2917 366 2973 docent.
400 2915 544 2972 Bene
572 2924 772 2986 autem,
817 2915 1018 2973 fratres
1067 2917 1196 2982 mei,
1231 2919 1508 2988 apostolus
1551 2935 1656 2974 non

65 3009 142 3064 ait
174 3017 391 3065 tantum
440 3017 707 3080 pastores,
735 3009 828 3064 sed
879 3010 1044 3064 etiam
1105 3007 1350 3078 adiunxit
1385 3011 1656 3076 doctores,

1742 552 2029 614 occupant,
2085 554 2140 599 et
2195 541 2430 598 fructum
2463 556 2570 598 non
2609 531 2813 596 faciunt
2860 539 3011 612 (Luc.
3069 543 3212 613 xm).
3257 533 3330 599 Et

1741 652 1879 709 opus
1911 636 2201 693 ministerii
2241 633 2307 691 ad
2341 635 2471 706 quid
2508 633 2762 705 prodest?
2798 634 2868 688 ad
2924 624 3332 691 consummatio.

1743 746 1858 784 nem
1883 739 2213 794 sanctorum,
2239 736 2288 783 et
2333 727 2401 782 ad
2427 717 2828 796 aedi/irationem
2857 729 3087 796 corporis
3109 719 3326 782 Christi.

1744 819 1816 877 Ut
1865 819 2116 875 videlicet
2158 834 2256 888 per
2287 818 2646 873 ministerium
2699 820 3001 880 doctorum,
3067 825 3124 871 et
3169 813 3327 872 electi

1743 913 1964 984 singuli,
2012 912 2068 966 in
2117 911 2313 982 quibus
2360 918 2595 980 oportet,
2623 907 2995 980 prolicientur,
3042 915 3103 962 et
3157 915 3326 962 totum

1743 1019 1944 1074 corpus
1973 1002 2198 1066 Christi,
2233 1001 2284 1056 id
2315 1011 2399 1056 est
2448 1000 2712 1065 Ecclesia,
2766 999 2820 1054 in
2857 997 3114 1054 membris
3163 987 3330 1051 adifi-

1743 1107 1916 1162 cetur,
1975 1113 2041 1152 ne
2067 1096 2152 1152 vel
2195 1095 2470 1166 aliquibus
2530 1094 2788 1150 membris
2838 1082 3094 1146 Ecclesia
3129 1088 3332 1158 aliquid

1743 1187 1901 1251 desit,
1930 1173 2014 1240 vel
2040 1185 2140 1257 ipsi
2165 1185 2420 1242 Ecclesia
2449 1186 2589 1240 desit
2631 1185 2847 1255 aliquod
2880 1182 3202 1238 membrum.
3230 1180 3332 1234 De-

1746 1277 2054 1332 ficientibus
2083 1277 2226 1332 enim
2261 1275 2570 1331 doctoribus
2617 1276 2670 1328 in
2703 1271 2966 1335 Ecclesia,
3001 1269 3334 1340 frustrantur

1743 1366 1899 1421 electi
1929 1366 2197 1431 doctrina,
2223 1375 2281 1421 et
2308 1365 2560 1437 impletur
2590 1364 2718 1419 illud
2743 1363 3118 1435 propheticum
3149 1361 3164 1415 ὲ
3189 1353 3333 1414 Ῥατ-

1743 1449 2129 1528 ιηιιίρειίεηιηι
2183 1468 2476 1527 panem,“
2526 1473 2629 1512 non
2665 1467 2777 1511 erat
2813 1457 2904 1526 qui
2945 1454 3208 1525 frangeret
3260 1451 3333 1505 eis

1744 1539 1960 1620 (Thren.
1989 1551 2085 1618 tv).
2109 1549 2172 1603 Et
2199 1549 2440 1604 Ecclesia
2482 1550 2594 1617 ipsa
2625 1549 2738 1603 suis
2789 1545 3049 1602 membris
3081 1543 3333 1599 mutilata

1744 1647 1847 1704 est,
1889 1655 1994 1694 non
2025 1639 2229 1694 habens
2279 1639 2516 1709 linguam
2550 1639 2617 1692 ad
2659 1636 3035 1703 erudiendum,
3068 1649 3170 1691 nec
3201 1647 3336 1688 ocu-

1745 1734 1824 1790 los
1843 1735 1909 1790 ad
1931 1734 2070 1789 viam
2095 1732 2397 1789 videndam.
2433 1732 2640 1788 Dicitur
2664 1739 2843 1786 autem
2869 1729 3106 1786 Ecclesia
3130 1739 3340 1800 corpus

1752 1828 1973 1892 Christi,
1996 1827 2250 1896 quoniam
2282 1825 2532 1880 Christus
2578 1832 2741 1893 caput
2774 1821 3029 1876 Ecclesia
3079 1818 3173 1876 est"
3198 1832 3338 1890 qua-

1752 1920 1875 1974 dam
1928 1917 2282 1973 similitudine
2309 1917 2507 1971 dictus.
2535 1915 2669 1969 Cum
2711 1913 2858 1968 enim
2886 1920 3047 1988 caput
3077 1920 3132 1968 et
3171 1908 3342 1967 mem;

1751 2011 1848 2066 bra
1877 2011 2035 2066 unius
2065 2010 2177 2064 sint
2200 2017 2428 2073 natura,
2460 2016 2639 2062 tamen
2675 2013 2838 2076 caput
2866 2003 3139 2076 praesidet,
3171 2017 3340 2058 excu-

1752 2101 1866 2167 bat,
1893 2107 1950 2155 et
1981 2099 2120 2170 regit
2153 2099 2335 2154 omnia
2365 2098 2625 2167 ‘corporis
2659 2084 2902 2150 membra
2931 2107 2971 2149 ‘a
3029 2095 3329 2151 Secretario

1753 2189 1964 2246 cerebri
2017 2189 2123 2254 sui,
2162 2187 2252 2244 ubi
2299 2195 2383 2242 est
2420 2186 2579 2242 sedes
2633 2199 2914 2251 sensuum,
2961 2183 3260 2254 sapientia,
3287 2193 3343 2236 et

1752 2277 1979 2350 vigoris,
2006 2276 2310 2332 diffundens
2367 2291 2466 2346 per
2503 2275 2766 2331 medullas
2822 2274 3088 2330 beneficia
3118 2277 3340 2342 vegeta-

1755 2371 1920 2426 tionis
1942 2379 1998 2426 et
2026 2384 2240 2434 sensus,
2267 2369 2335 2424 ad
2358 2367 2616 2424 inferiora
2655 2366 2896 2423 membra
2937 2365 3041 2422 sibi
3077 2365 3259 2420 nervis
3286 2363 3341 2419 ot

1756 2463 1908 2517 venis
1944 2461 2343 2533 compaginata.
2399 2458 2639 2516 Membra
2669 2474 2799 2514 vero
2856 2458 3102 2529 corporis
3154 2448 3340 2533 totius,

1757 2568 1855 2609 suo
1886 2553 2047 2623 capiti
2079 2532 2275 2623 parent
2326 2560 2381 2606 et
2427 2549 2782 2615 famulantur,
2822 2549 2990 2618 capiti
3043 2547 3246 2618 pariter
3287 2532 3345 2600 ei

1757 2645 1860 2701 sibi
1889 2645 2118 2699 invicem
2145 2642 2416 2714 colligata,
2450 2657 2569 2698 sese
2599 2639 2996 2710 coadjuvantia,
3025 2648 3082 2694 et
3135 2627 3344 2713 submi-

1757 2737 2043 2793 nistrantia
2096 2735 2218 2791 sibi.
2253 2735 2366 2801 Sic,
2405 2732 2608 2788 fratres
2658 2731 2782 2796 mei,
2836 2721 2920 2784 sic
2963 2726 3347 2792 Christus,'ut

1759 2838 1904 2886 esset
1929 2836 2092 2898 caput
2117 2836 2386 2892 nostrum,
2412 2816 2588 2881 factus
2610 2825 2772 2881 homo
2808 2821 2966 2877 unius
2992 2815 3216 2887 natura,
3250 2832 3348 2891 no-

1758 2922 1967 2978 biscum
1991 2921 2262 2992 praesidet,
2312 2921 2666 2985 excubat,'et
2715 2916 2854 2986 regit
2877 2914 3058 2969 omnia
3103 2914 3348 2968 membra

1760 3013 2034 3070 Ecclesia.
2064 3013 2130 3068 Et
2176 3012 2242 3068 de
2271 3010 2540 3067 thesauris
2573 3009 2851 3081 sapientia
2900 3017 2956 3063 et
2978 3007 3192 3061 virtutis
3223 3021 3348 3076 gra-

61 3107 256 3170 aperte
301 3099 673 3155 demonstrans
703 3101 957 3170 quoniam
985 3099 1195 3170 pralati
1245 3112 1447 3158 sancta
1477 3103 1660 3160 Eccle—
1686 3139 1733 3203 ο
1765 3108 2068 3175 tiarumque
2094 3121 2312 3161 suarum
2358 3103 2593 3159 infundit
2618 3104 2672 3157 in
2705 3101 2964 3158 inferiora
2989 3100 3227 3154 membra
3250 3114 3350 3154 sua

59 3192 184 3256 sia,
215 3204 326 3244 non
359 3198 568 3244 tantum
621 3199 902 3261 pastores,
935 3191 1027 3245 sed
1079 3190 1244 3246 etiam
1284 3191 1532 3248 doctores
1568 3192 1661 3249 de-

57 3280 202 3336 bent
253 3296 400 3345 esse,
430 3291 488 3336 ut
535 3281 783 3337 videlicet
805 3297 944 3352 quos
988 3292 1219 3352 pascunt
1258 3285 1536 3355 exemplo,
1567 3282 1664 3340 do-

55 3371 456 3426 ceantverbo.
483 3371 638 3438 Quod
671 3372 957 3426 manifeste
985 3383 1178 3426 contra
1205 3373 1327 3428 illos
1359 3383 1441 3430 est
1479 3376 1568 3444 qui
1606 3376 1668 3431 in'

54 3461 316 3516 Ecclesia
371 3460 744 3530 magisterium
789 3471 1093 3528 assumunt,
1123 3477 1246 3518 cum
1275 3464 1377 3547 ipsi
1409 3465 1462 3519 in
1507 3480 1660 3520 sacra

52 3549 361 3621 Scriptura
393 3550 521 3606 caci
573 3549 700 3605 sint.
733 3549 865 3605 Nam
891 3550 1046 3619 juxta
1075 3555 1242 3620 ipsam
1271 3552 1586 3621 Veritatem,
1616 3555 1664 3611 si

50 3655 254 3700 caecus
302 3654 508 3694 caecum
577 3641 818 3708 duxerit,
849 3656 1028 3695 nonne
1049 3642 1208 3696 ambo
1237 3643 1289 3696 in
1335 3644 1545 3700 foveam
1572 3659 1665 3702 ca-

46 3737 203 3787 dunt
231 3730 454 3803 (Matth.
485 3732 622 3803 xv)?
655 3731 748 3787 Ha
795 3743 976 3789 autem
1020 3733 1278 3790 Ecclesia
1316 3736 1667 3793 administra-

46 3827 281 3890 tiones,
311 3827 358 3880 si
413 3842 537 3880 cum
585 3811 834 3881 interiori
875 3827 1049 3896 gratia
1107 3827 1413 3894 charitatis,
1442 3839 1666 3886 calora-

43 3933 313 3988 rumque
359 3918 622 3973 virtutum
673 3919 1008 3984 habeantur,
1074 3919 1261 3988 procul
1291 3921 1454 3977 dubio
1484 3926 1681 3993 magni

39 4011 254 4066 meriti
285 4021 436 4074 sunt,
461 4012 595 4066 alias
647 4026 754 4066 non
795 4011 987 4078 juvant
1035 4012 1315 4076 habentes,
1354 4014 1448 4068 sed
1484 4016 1666 4084 potius

35 4112 295 4158 nocent.
335 4102 475 4170 Quid
518 4103 661 4158 enim
707 4103 858 4159 Juda
899 4103 1100 4174 profuit
1140 4105 1502 4174 apostolatus?
1526 4108 1664 4174 Quid

31 4193 296 4248 Balaam
329 4203 386 4247 et
414 4193 633 4262 Caipha
660 4195 977 4264 prophetia?
1002 4192 1140 4261 Quid
1170 4197 1438 4251 hareticis
1463 4197 1666 4267 profuit

26 4286 433 4355 Evangelium
482 4288 806 4356 scripsisse?
834 4286 972 4353 Quid
1016 4287 1199 4356 pravis
1248 4288 1520 4358 magistris
1569 4291 1666 4345 do-

25 4378 290 4433 cuisse?
325 4374 562 4432 Proinde
586 4375 804 4442 fratres,
837 4393 933 4432 nos
956 4378 1047 4448 qui
1079 4379 1131 4431 in
1162 4377 1396 4432 Ecclesia
1427 4383 1668 4450 suscepi-

1764 3197 1864 3254 sibi
1922 3196 2027 3252 iide
2072 3205 2129 3250 et
2181 3194 2471 3251 dilectione
2495 3194 2893 3264 compaginata.
2933 3192 3062 3260 Quae
3103 3189 3348 3247 membra

1763 3286 2040 3352 Ecclesia,
2083 3286 2136 3341 id
2156 3292 2240 3340 est
2271 3297 2461 3340 omnes
2492 3291 2757 3353 quotquot
2789 3297 2974 3338 sumus
3009 3281 3214 3344 fideles,
3249 3280 3348 3333 de-

1762 3381 1952 3437 bemus
1989 3378 2154 3450 capiti
2182 3384 2368 3432 nostro
2394 3375 2614 3432 Christo
2655 3375 2875 3429 obedire
2905 3381 2958 3428 et
2986 3371 3258 3433 famulari,
3293 3378 3350 3450 et

1764 3475 1812 3530 ei
1847 3488 1941 3545 per
1971 3471 2292 3527 charitatem
2322 3467 2710 3539 compaginari.
2747 3452 2901 3521 Alias
2929 3457 3349 3541 amittimusbei

1764 3565 1956 3622 neiicia
1985 3562 2172 3635 gratia
2193 3577 2324 3628 sua,
2344 3570 2398 3618 et
2423 3559 2651 3615 arefacti
2685 3569 2936 3629 tanquam
2959 3557 3146 3611 nociva
3166 3545 3351 3609 'memé

1763 3661 1862 3717 bra
1884 3666 2228 3727 amputamur
2255 3672 2286 3711 a
2314 3655 2559 3724 corporis
2579 3652 2780 3708 Christi
2812 3645 3042 3706 unitate.
3072 3636 3353 3704 Debemus"

1765 3763 2001 3825 quoque‘,
2038 3750 2234 3806 fratres
2289 3749 2426 3818 mei,
2463 3749 2531 3804 ad
2570 3748 2797 3803 invicem
2821 3789 2834 3813 ,
2880 3755 3134 3816 tanquam
3160 3730 3167 3738 ’
3191 3735 3352 3825 unius‘

1765 3824 2012 3916 corporis
2037 3841 2307 3908 membra,
2335 3855 2433 3912 per
2455 3839 2742 3895 charitatis
2776 3827 3047 3892 vinculum
3086 3824 3348 3905 colligari,

1766 3947 1820 3994 et
1851 3953 1947 3993 nos
1989 3937 2055 3991 ad
2090 3925 2322 3990 invicem
2347 3931 2691 4002 coadjuvare,
2715 3940 2768 3984 et
2795 3929 2931 3983 alter
2956 3921 3106 3982 alteri
3140 3917 3349 3981 submi-

1769 4029 2024 4082 nistrare.
2052 4023 2306 4093 Nunquid
2354 4022 2499 4077 enim
2535 4019 2724 4076 oculus
2783 4018 2891 4074 sibi
2910 4015 3008 4072 soli
3043 4014 3220 4070 videt?
3243 4013 3352 4069 imo"

1767 4126 1820 4172 et
1850 4116 2067 4170 caeteris
2097 4112 2377 4169 membris.
2427 4111 2679 4181 Nunquid
2721 4107 3092 4184 pes‘segsolum
3143 4106 3355 4178 portat?

1766 4209 1875 4264 imo
1895 4217 1947 4263 et
1977 4218 2173 4263 catera
2197 4206 2459 4260 membra.
2486 4203 2736 4277 Nunquid
2761 4218 2948 4256 manus
2976 4216 3034 4256 se
3056 4194 3228 4255 solam
3262 4198 3356 4274 de:

1770 4300 1966 4366 fendit,
2007 4297 2094 4352 vel
2121 4296 2222 4353 sibi
2251 4297 2349 4352 soli
2400 4295 2706 4352 necessaria
2737 4292 2992 4349 attrahit?
3030 4291 3143 4346 imo
3166 4301 3220 4346 et
3245 4306 3352 4346 ca-

1767 4392 1900 4448 teris
1925 4391 2206 4447 membris.
2238 4387 2497 4444 Similiter
2523 4388 2888 4457 unusquisque
2909 4383 3092 4440 fidelis
3123 4387 3189 4440 de
3226 4386 3354 4456 graé

19 4487 186 4526 mus
231 4470 787 4537 administrationem,
811 4484 1028 4524 oremus
1060 4471 1214 4524 nobis
1266 4486 1295 4524 a
1343 4472 1452 4527 Deo
1480 4472 1663 4544 largiri
1701 4475 1750 4542 ι)
1774 4485 1978 4540 liasibi
2011 4500 2040 4538 a
2077 4483 2186 4539 θεο
2213 4483 2360 4548 data,
2393 4497 2501 4536 non
2531 4479 2631 4536 sibi
2668 4480 2788 4548 εοιῑ,
2813 4478 2906 4534 sed
2937 4473 3146 4532 (emeris
3172 4475 3359 4546 Εοςιε.

20 4561 310 4634 gratiam
329 4561 682 4626 interiorem,
708 4576 803 4632 per
836 4577 997 4632 quam
1039 4563 1198 4634 digne
1225 4562 1497 4620 valeamus
1521 4569 1680 4620 exte-'

17 4658 172 4710 rius
204 4653 634 4708 administrare.

111 4753 418 4823 Sequitur
449 4766 578 4824 pars
602 4761 816 4822 quarta,
841 4752 895 4806 in
928 4767 1033 4821 qua
1083 4751 1390 4808 ostenditur
1419 4750 1484 4806 ad
1512 4765 1672 4822 quem

7 4862 230 4906 usum
267 4847 538 4903 Dominus
563 4847 846 4919 praedictas
871 4847 1074 4918 gratias
1103 4845 1414 4901 hominibus
1443 4844 1671 4910 dederit,

6 4956 188 4998 cum
247 4939 560 4993 stibditur:
610 4937 692 4991 Ad
741 4937 1242 4992 consummationem
1292 4945 1591 4989 sanctorum
1618 4939 1674 4991 in

5 5051 194 5105 opus
225 5033 539 5086 ministerii.
565 5032 643 5085 Ad
666 5047 825 5102 quem
859 5045 1012 5085 usum
1040 5031 1248 5101 gratias
1284 5029 1404 5084 illas
1431 5027 1594 5093 dedit,
1620 5024 1686 5083 in'

5 5141 204 5197 opus
233 5122 578 5178 ministerii?
600 5123 682 5175 Ad
715 5123 820 5176 hoc
843 5122 1042 5190 quippe
1061 5119 1433 5176 dedit'homini
1462 5119 1676 5190 apoSlo—

5 5221 66 5274 la
82 5229 269 5281 tutn,
310 5207 374 5270 ut
409 5204 522 5284 ipse
577 5212 984 5269 annuntiet.Ad
1028 5212 1131 5267 hoc
1165 5211 1310 5266 dedit
1339 5211 1676 5282 prophetiam

5 5308 320 5374 Isontini,
345 5315 410 5360 ut
438 5305 528 5360 ille
555 5303 733 5359 futura
762 5304 1040 5374 praedicet,
1068 5303 1148 5357 Ad
1177 5303 1277 5357 hoc
1301 5302 1447 5356 dedit
1468 5301 1678 5373 sapien-

5 5404 200 5457 tiam
247 5400 496 5465 homini,
529 5407 588 5452 nt
640 5396 728 5452 ille
771 5397 989 5451 doceat.
1043 5394 1196 5462 Quod
1245 5401 1431 5462 aperte
1461 5393 1683 5449 damnat

5 5499 188 5553 illos
211 5497 327 5566 qui
349 5496 405 5549 in
437 5495 724 5550 commissa
771 5491 1242 5547 administratione
1282 5489 1496 5545 desides
1525 5502 1679 5557 sunt;

5 5589 289 5648 Locum
334 5586 571 5656 pastoris
618 5593 825 5649 tenent,
859 5591 914 5638 et
961 5599 1065 5636 non
1099 5587 1368 5651 pascunt,
1416 5582 1682 5652 stipendia

5 5677 473 5754 praedicatoris
503 5676 792 5746 accipiunt,
817 5684 870 5728 et
899 5689 1002 5728 non
1031 5672 1355 5742 pradicant,
1373 5671 1560 5726 volunt
1587 5688 1684 5728 vo-

5 5770 185 5834 cari
238 5757 531 5835 doctores,
581 5778 638 5825 et
693 5769 798 5824 nan
827 5765 1067 5825 fdoceut.
1123 5764 1225 5835 Qui
1273 5763 1465 5824 merito
1506 5766 1692 5824 securi

1772 4578 1867 4634 sia
1913 4577 2177 4633 membris
2233 4575 2630 4630 subministret.
2671 4567 3052 4642 sapiensipq'ui
3095 4576 3176 4625 est
3203 4569 3358 4640 quasi

1773 4668 1960 4724 oculus
2007 4665 2286 4730 Ecclesia,
2329 4679 2435 4717 non
2488 4663 2587 4718 sibi
2640 4662 2760 4728 soli,
2795 4662 2902 4720 imo
2947 4651 3110 4716 etiam
3143 4659 3357 4714 cateris

1776 4760 2020 4816 fidelibus
2037 4759 2275 4829 sapiatet
2299 4749 2963 4827 pravideat.Pradic'ator,
2977 4752 3067 4824 qui
3082 4761 3163 4807 est
3175 4750 3367 4822 lingua

1777 4849 2052 4914 Ecdesia,
2078 4865 2182 4904 non
2215 4861 2274 4902 se
2312 4847 2510 4911 solum,
2539 4832 2648 4900 imo
2677 4835 2852 4900 etiam
2873 4851 3101 4920 cateros
3123 4841 3363 4900 erudiat.

1775 4940 1933 4997 Plebs
1964 4955 2089 4996 vero
2120 4937 2366 5002 inferior,
2395 4953 2515 5010 qua
2540 4946 2622 4991 est
2644 4936 2796 5010 quasi
2824 4950 2918 5006 pes
2945 4932 3216 4997 Ecclesia,
3247 4946 3354 4986 non

1778 5049 1836 5090 se
1893 5033 2084 5098 solam,
2137 5033 2230 5087 sed
2286 5032 2450 5088 etiam
2485 5038 2652 5086 totum
2692 5042 2886 5098 corpus
2924 5026 3197 5092 Ecclesia,
3230 5026 3358 5081 'suis

1779 5132 2043 5180 sustentet
2094 5122 2390 5178 laboribus.
2427 5120 2687 5189 Princeps
2735 5134 2883 5186 vero,
2922 5117 3014 5188 qui
3069 5124 3154 5171 est
3201 5115 3357 5186 quasi

1781 5229 1972 5270 manus
2006 5211 2284 5278 Ecclesia,
2313 5227 2420 5267 non
2439 5225 2498 5266 se
2526 5209 2720 5275 solum,
2750 5209 2843 5264 sed
2868 5208 3033 5263 etiam
3061 5216 3228 5262 totam
3259 5193 3372 5260 Ec?

1781 5305 1998 5361 clesiam
2026 5303 2298 5360 defendat.
3171 5289 3174 5292 ’

1855 5395 2113 5466 Sequitur
2161 5409 2288 5465 pars
2339 5393 2548 5466 quinta,
2582 5393 2636 5448 in
2686 5406 2791 5461 qua
2840 5389 3141 5445 ostenditur
3197 5383 3376 5460 quem'

1787 5486 1948 5542 finem
2000 5485 2273 5556 pradicta
2321 5483 2817 5538 admi‘niStrationes
2871 5480 3072 5537 habere
3107 5481 3360 5545 debeant.

1786 5594 1908 5635 cum
1941 5577 2188 5633 subditur
2217 5595 2231 5630 :
2265 5576 2443 5630 Donec
2469 5569 2881 5629 ei‘occu'rramus
2909 5559 3084 5626 omnes
3115 5571 3168 5626 in
3189 5571 3364 5625 unita-

1788 5682 1893 5728 tem
1924 5671 2048 5739 ﬁdei
2071 5677 2118 5725 et
2145 5656 2425 5738 agnitionis
2442 5661 2570 5720 Filii
2591 5664 2707 5720 Dei.
2731 5665 2898 5720 Porro
2921 5661 3109 5732 duplex
3137 5659 3256 5716 finis
3274 5660 3365 5716 hic

1792 5773 2029 5834 notatur,
2054 5773 2117 5820 'ct
2143 5761 2454 5819 intentionis
2477 5768 2527 5815 et
2554 5759 2887 5817 cessationis.
2917 5755 3140 5812 Ministri
3167 5741 3370 5827 quippe
