3822 6316
477 325 612 379 19η

1428 329 1773 383 ADDEtVDA.
1798 352 1868 367 --
1910 328 2048 383 MD

2153 328 2257 384 Pﬂl
2333 329 2671 385 ABDENIIS
3578 334 3668 398 illa

475 448 674 494 sanetae
722 438 977 495 Ecclesiae
1022 424 1125 494 hac
1154 438 1454 495 intentione
1498 441 1782 511 praedictas
1812 440 2047 496 admini-
2077 448 2126 505 Α
2155 439 2483 510 Redemptor
2525 453 2729 506 noster,
2769 441 2970 496 fratres
2998 439 3333 501 cbarissimi.
3365 441 3578 500 instante
3593 448 3669 515 jam

474 530 772 585 strationes
800 530 1000 587 debent
1025 531 1429 596 administrare.
1455 550 1559 588 non
1584 542 1643 587 ut
1671 534 1758 588 hic
1786 534 2051 600 ditentur,

483 637 590 677 non
618 632 676 676 ut
715 622 803 678 hie
831 623 1155 694 glorientur,
1202 642 1308 681 non
1363 626 1535 686 ut.hie
1563 626 1914 690 honorentur,
1946 642 2053 681 non

472 724 533 770 ut
557 714 643 769 hic
668 714 805 784 gula
817 724 873 771 et
890 716 1063 771 ventri
1083 718 1437 782 satisfaciant,
1463 718 1555 772 sed
1580 727 1639 772 ut
1656 733 1779 772 cum
1808 718 2053 787 plebibus

474 808 592 862 suis
614 807 715 863 sibi
737 808 999 879 subjectis
1033 808 1578 880 irreprehensibiliter
1614 810 1821 880 possint
1856 825 2051 864 occur-

474 913 595 954 rere
617 897 837 955 Christo
871 900 940 957 ad
958 900 1221 968 judicium
1260 916 1415 955 suum
1450 902 1702 957 venienti.
1748 900 1897 957 Tunc
1920 918 2053 972 quo-

472 1003 583 1058 que
629 986 834 1046 fratres
854 990 982 1053 mei,
1017 991 1196 1045 omnis
1228 992 1349 1046 talis
1383 991 1776 1047 administratio
1800 992 2051 1048 cessabit.

472 1077 628 1136 Tunc
648 1080 795 1136 enim
854 1081 1025 1135 sancti
1058 1097 1163 1136 non
1208 1082 1525 1152 indigebunt
1572 1082 1791 1153 corrigi,
1824 1097 1924 1137 nec
1972 1082 2053 1137 in-

472 1172 607 1225 strui
634 1186 735 1226 nec
765 1171 876 1241 regi
897 1172 965 1225 ab
989 1173 1227 1239 homine,
1256 1188 1393 1244 quos
1414 1174 1702 1245 pnesentia
1726 1174 1919 1229 divina:
1943 1190 2055 1228 ma-

467 1261 684 1330 jestatis
721 1261 1039 1318 illustrabit.
1068 1262 1353 1319 Certeuius
1375 1279 1503 1335 ergo
1526 1265 1744 1329 fratres,
1783 1273 2055 1321 certemus

471 1352 623 1407 omni
643 1352 1022 1420 sollicitudine,
1046 1367 1106 1409 ut
1133 1355 1292 1410 simul
1319 1356 1534 1411 Christo
1558 1356 1796 1411 venienti
1824 1356 2056 1425 irrepre—

472 1442 766 1500 hensiblles
789 1447 1058 1515 possimus
1081 1463 1393 1514 occurrere,
1420 1457 1471 1504 et
1499 1448 1601 1505 hoe
1623 1448 1675 1502 in
1703 1450 1907 1503 unitate
1933 1448 2057 1505 fidei

476 1542 533 1587 et
560 1535 835 1606 agnitione
873 1536 995 1592 Filii
1025 1538 1141 1594 Dei.
1169 1539 1285 1594 Duo
1328 1540 1525 1611 quippe
1554 1550 1824 1609 ponuntur
1863 1540 1970 1603 hic,
2001 1540 2054 1593 in

476 1623 675 1692 quibus
704 1641 829 1681 vera
878 1630 1155 1687 beatitudo
1204 1632 1504 1685 animarum
1569 1631 2049 1692 consummabitur,

473 1715 605 1771 unio
628 1716 879 1774 videlicet
898 1720 1157 1775 mentium
1189 1731 1246 1776 et
1269 1723 1472 1792 agnitio
1514 1721 1707 1777 divina:
1737 1721 2049 1790 maiestatis.

2155 550 2249 590 sua
2311 536 2582 604 passione,
2630 533 2771 589 fudit
2809 533 2876 586 ad
2912 533 3131 589 Patrem
3182 533 3325 587 hanc
3366 549 3529 603 quam
3564 545 3672 600 modo

2156 624 2437 679 audivistis
2477 624 2800 679 orationem.
2836 624 3105 679 Cancrum
3135 640 3263 679 cum
3294 622 3465 678 Filius
3495 626 3556 680 sit
3576 630 3675 700 eju-

2154 714 2277 769 dem
2329 714 2668 769 auctoritatis
2700 724 2755 770 et
2796 715 3051 786 potentia:
3074 729 3199 769 cum
3227 713 3417 780 Patre,
3441 726 3498 770 et
3527 732 3572 770 ei
3592 736 3674 790 qn

2154 806 2371 875 petebat
2412 821 2566 876 eque
2610 806 2838 861 daturus
2884 814 3052 869 esset,
3096 804 3245 861 sicut
3270 815 3324 860 et
3355 805 3538 870 Pater,
3559 826 3677 878 quare

2153 899 2441 968 postulavit
2492 914 2522 953 a
2570 898 2765 964 Patre;
2814 914 2938 955 cum
2985 898 3272 969 postulare
3324 899 3568 955 videatur
3596 919 3677 961 me

2154 989 2381 1046 minoris
2412 990 2829 1062 impotentisque
2879 991 3175 1061 persona?
3227 990 3457 1061 Tripliei
3514 995 3678 1062 ratione,

2154 1080 2405 1137 videlicet
2435 1092 2494 1138 ut
2523 1083 2883 1138 humilitatem
2910 1092 2964 1137 et
2992 1083 3397 1138 humanitatem
3447 1099 3542 1152 pro
3574 1088 3678 1143 nobis

2155 1182 2511 1242 assumptam,
2565 1174 2619 1229 in
2666 1189 2772 1245 qua
2818 1176 2995 1231 minor
3036 1185 3120 1231 est
3166 1174 3359 1242 Patre,
3413 1190 3541 1228 vere
3572 1178 3611 1231 in
3640 1196 3680 1235 se

2154 1261 2519 1329 exprimeret;
2566 1272 2624 1317 ut
2667 1263 2720 1317 in
2766 1263 2869 1318 hoe
2917 1264 3058 1319 sicut
3086 1274 3143 1318 et
3170 1264 3225 1318 in
3251 1265 3500 1329 caeteris,
3531 1281 3680 1337 semper

2157 1349 2267 1406 Deo
2304 1349 2456 1406 Patri
2489 1351 2758 1419 deferret,
2798 1362 2857 1407 ut
2888 1353 3045 1409 nobis
3080 1355 3405 1424 exempturo
3438 1365 3496 1409 et
3522 1357 3679 1414 formam

2156 1442 2349 1497 orandi
2390 1444 2812 1500 demonstraret.
2852 1443 2963 1501 Nos
3013 1460 3252 1515 quoque,
3299 1444 3526 1509 fratres,
3558 1445 3679 1504 Deiot

2158 1531 2367 1586 Domini
2402 1534 2570 1590 nostri
2606 1550 2819 1605 semper
2865 1544 3159 1604 sequentes
3197 1535 3676 1605 exemplum,bmni-

2156 1620 2387 1685 litatem,
2433 1623 2807 1694 vilitatemque
2852 1632 3090 1679 nostram
3119 1639 3348 1693 semper
3375 1627 3679 1693 proﬁteantur.

2096 1701 2120 1735 ·”
2154 1708 2302 1765 Nihil
2329 1712 2507 1776 nobis,
2543 1713 2636 1768 sed
2669 1712 2776 1769 Deo
2805 1711 2950 1767 Patri
2982 1713 3165 1767 omnia
3207 1712 3586 1780 attribuamm,
3614 1714 3685 1768 ln-

472 1800 649 1862 Porro
676 1814 804 1867 tune
832 1823 938 1864 non
962 1810 1065 1863 erit
1085 1810 1239 1871 lides.
1257 1828 1377 1881 qua:
1401 1812 1705 1867 umbratilis
1720 1813 1933 1872 est.sed
1960 1828 2054 1881 po-
2089 1795 2131 1851 Β
2160 1803 2336 1859 tribus
2366 1805 2567 1860 nostris
2593 1818 2809 1874 semper
2835 1804 3050 1861 deferre
3072 1806 3429 1871 studeamuS.
3454 1806 3685 1872 de'olioni.

474 1891 581 1948 tius
610 1894 847 1964 plenaria
901 1898 1142 1953 omnium
1172 1899 1426 1953 scientia.
1458 1899 1562 1955 Sed
1599 1901 1718 1954 ideo
1759 1900 1892 1954 dixit
1920 1900 2055 1969 Apo-

472 1983 667 2047 stolus,
682 1986 739 2040 in
760 1988 1010 2042 unitatem
1028 1989 1173 2056 ﬁdei,
1195 1992 1448 2059 quoniam
1470 1991 1542 2045 illi
1562 1991 1658 2045 soli
1677 1992 1766 2062 qui
1783 1991 1869 2045 hic
1882 2008 2057 2062 quan-

474 2080 589 2127 tum
639 2084 892 2145 possunt,
928 2076 1050 2132 fidei
1103 2093 1249 2132 verte
1306 2080 1598 2136 observant
1646 2080 1928 2145 unitatetn,
1985 2079 2054 2135 ad

471 2159 617 2217 illam
647 2163 940 2234 plenariam
971 2166 1282 2235 pervenient
1320 2170 1578 2224 mentium
1635 2170 1915 2234 unionem,
1958 2169 2053 2225 ubi

473 2254 655 2309 sancti
700 2271 821 2319 cum
872 2256 978 2311 Deo
1014 2266 1069 2312 et
1095 2273 1123 2311 a
1153 2258 1262 2313 Deo
1290 2259 1342 2314 in
1373 2261 1637 2316 charitate
1676 2262 1953 2327 unientur,
1994 2270 2055 2317 ut

472 2360 583 2402 non
629 2346 737 2404 nisi
785 2364 951 2404 unum
979 2359 1033 2406 et
1058 2350 1199 2406 idem
1229 2353 1445 2421 penitus
1474 2352 1612 2409 velle
1635 2363 1856 2419 queant.
1902 2351 2054 2408 Unde

473 2447 533 2494 et
553 2438 600 2495 si
623 2453 731 2510 qua
758 2450 919 2496 erunt
945 2440 1275 2513 singulorum
1316 2445 1556 2515 propria,
1607 2461 1702 2517 per
1727 2446 2052 2501 charitatem

472 2539 633 2586 erunt
668 2532 1001 2589 communia.
1035 2533 1251 2605 Agnitio
1285 2550 1413 2591 vero
1445 2536 1639 2592 divina:
1666 2536 1969 2605 maiestatis
1991 2543 2047 2590 et

469 2621 775 2692 splendoris
803 2624 856 2679 in
890 2624 1080 2682 electis
1122 2626 1245 2683 vine
1282 2629 1667 2686 beatitudinem
1704 2644 2050 2685 consumma-

470 2714 570 2779 δὴ.
601 2713 756 2785 juxta
804 2716 947 2787 quod
986 2718 1245 2775 Dominus
1286 2721 1365 2775 ait
1392 2739 1407 2776 :
1437 2720 1567 2776 Ηιεσ
1602 2733 1676 2777 est
1723 2733 1900 2776 autent
1947 2721 2049 2778 vita

471 2814 693 2871 adorna,
724 2816 779 2861 ut
807 2819 1085 2878 cognoscat
1113 2824 1163 2865 te
1199 2811 1366 2868 Deum
1396 2831 1595 2880 verum,
1618 2826 1665 2870 et
1685 2833 1835 2886 quem
1863 2816 2049 2871 misisti

471 2903 658 2958 Iesum
720 2900 989 2957 Christum
1055 2904 1239 2972 (Joan.
1290 2910 1445 2978 xvtr).
1503 2908 1746 2976 Quanta,
1806 2911 2039 2977 fratres,

480 3003 671 3048 ‘uanta
694 2995 902 3063 putatis
928 2995 1175 3062 dulcedo,
1200 3009 1399 3068 quanta
1426 3001 1701 3056 beatitudo
1726 3002 1831 3056 erit
1854 3002 2039 3058 videre

469 3098 621 3143 utam
671 3085 1031 3154 maiestatem,
1082 3088 1229 3142 illum
1284 3090 1647 3161 splendorem,
1685 3090 1737 3146 in
1768 3106 1928 3161 quem
1954 3093 2049 3147 de-

472 3174 715 3229 siderant
759 3176 932 3248 angeli
983 3177 1157 3233 sancti
1200 3180 1512 3249 conspicere
1543 3180 1592 3249 (Ι
1630 3179 1773 3235 Patr.
1803 3189 1865 3250 ι),
1896 3181 2048 3251 cujus

474 3266 613 3320 visio
640 3275 695 3321 et
742 3268 1030 3336 pncsentia
1074 3284 1293 3324 onmem
1336 3270 1718 3339 ignorantiam,
1747 3272 2045 3340 miseriam,

474 3356 651 3413 tabem
698 3367 753 3413 et
797 3359 1166 3414 inﬁrmitatem
1210 3362 1460 3432 espeilet.
1488 3362 1641 3416 Sicut
1674 3363 1816 3416 enim
1842 3361 2047 3417 ferrum

475 3465 542 3503 ex
574 3451 971 3521 propinquitate
1014 3452 1153 3524 ignis
1204 3453 1274 3506 ita
1324 3452 1688 3507 inflammatur
1714 3462 1770 3508 et
1797 3453 2046 3527 ignescit,

472 3550 536 3596 ut
563 3557 666 3596 non
705 3540 817 3612 jam
857 3544 1081 3609 ferrum,
1129 3544 1222 3598 sed
1262 3552 1436 3598 totum
1481 3543 1727 3600 videatur
1752 3546 1933 3615 ignis;
1972 3543 2045 3597 ita

474 3637 697 3706 spiritus
749 3638 931 3703 beati,
976 3654 1042 3694 ex
1084 3640 1391 3709 prtesentia‘
1422 3639 1589 3694 divini
1642 3640 1943 3711 Splendoris
1992 3649 2047 3694 et

471 3727 671 3784 caloris
712 3728 1215 3795 inllarnmabuntur,
1264 3739 1323 3784 ut
1359 3746 1464 3786 non
1488 3729 1601 3799 jam
1629 3742 1909 3792 creaturze,
1951 3732 2045 3786 sed

473 3828 601 3874 tota:
652 3820 849 3875 divinae
897 3820 1178 3875 videantur
1206 3839 1220 3875 :
1251 3832 1303 3877 et
1340 3823 1443 3877 hoc
1494 3822 1588 3877 lict
1634 3821 1687 3877 in
1736 3821 2044 3886 animabus,

474 3911 527 3963 in
565 3911 882 3981 corporibus
912 3927 1038 3967 vero
1071 3927 1418 3968 occurremus
1439 3913 1491 3967 in
1518 3913 1691 3967 virum
1724 3912 2042 3984 perfectum,

474 4008 530 4057 in
554 4018 860 4059 mensuram
885 4004 1066 4060 relatis
1090 4004 1441 4075 plenitudinis
1470 4004 1693 4060 Christi.
1720 4004 1870 4059 Tunc
1897 4006 2042 4058 enim

472 4090 698 4161 perfecti
729 4094 934 4149 erimus
970 4094 1027 4147 in
1050 4093 1328 4158 membris,
1354 4103 1409 4148 et
1436 4093 1489 4147 in
1514 4093 1730 4158 decore,
1760 4102 1815 4147 et
1851 4102 1959 4146 tam
1991 4094 2044 4146 in

470 4182 677 4235 viribus
712 4198 877 4252 quam
914 4180 1224 4247 virtutibus,
1266 4191 1321 4237 et
1348 4182 1403 4236 in
1424 4192 1602 4237 relate.
1641 4181 1798 4237 Unde
1830 4190 1886 4237 et
1913 4182 2042 4236 sub-

472 4274 555 4326 dit
587 4291 600 4326 ;
637 4271 704 4326 In
754 4288 1077 4337 mensuram,
1120 4288 1225 4326 non
1275 4274 1489 4343 quidem
1522 4284 1745 4327 statura:
1778 4274 2045 4341 corporis,

469 4363 563 4418 sed
588 4362 935 4433 plenitudinis
978 4366 1148 4419 rotatis
1196 4364 1414 4418 Christi.
1454 4364 1510 4418 tu
1537 4365 1696 4436 plena
1721 4364 1861 4418 enim
1886 4373 2044 4417 aetate

2160 1894 2524 1965 orationique,
2557 1911 2677 1967 quze
2706 1895 3140 1953 Christianorum
3171 1896 3587 1967 inexpugnabile
3606 1915 3679 1953 ιιι-

2160 1984 2458 2041 nimentum
2524 1996 2654 2053 est,
2717 2004 2816 2043 nos
2864 1988 3316 2044 assuefaciamus.
3377 1989 3520 2043 Sunt
3564 2001 3675 2045 autem

2160 2072 2323 2143 hujus
2355 2075 2603 2133 lectionis
2627 2078 2744 2132 dum
2769 2086 2951 2147 partes
2984 2077 3080 2134 :ln
3113 2078 3295 2149 prima
3329 2088 3459 2133 orat
3493 2078 3680 2134 Domine

2157 2178 2255 2235 pro
2280 2164 2364 2220 sui
2386 2165 2811 2233 clarificatione;
2852 2168 2905 2222 in
2945 2168 3181 2224 secunda
3215 2183 3320 2239 pro
3358 2184 3683 2224 suos-uincan-

2157 2256 2484 2313 servatione.
2530 2257 2796 2315 Oraturus
2838 2259 3002 2329 igitur
3036 2260 3330 2326 Dominus,
3355 2259 3537 2330 primo
3555 2261 3685 2314 ocula

2157 2366 2284 2405 suos
2326 2351 2393 2405 ad
2449 2350 2649 2407 crelum
2697 2351 2983 2419 sublevat;
3024 2352 3220 2409 deinde
3244 2352 3480 2409 Patrem
3510 2353 3687 2413 inrorat.

2155 2455 2215 2498 se
2241 2442 2404 2497 etiam
2434 2441 2630 2497 Filium
2657 2445 2927 2509 nominat,
2958 2454 3014 2498 et
3034 2444 3113 2499 sic
3134 2444 3363 2498 demum
3392 2454 3560 2513 rogat.
3579 2446 3685 2510 Quod

2156 2530 2265 2599 ille,
2310 2531 2513 2589 fratres
2559 2534 2686 2599 mei,
2738 2534 2919 2590 verius
2968 2534 3147 2591 facere
3200 2536 3407 2605 potuit,
3439 2537 3689 2604 quiocubs

2154 2624 2335 2680 cordis
2381 2626 2465 2679 sui
2505 2640 2717 2696 semper
2760 2626 2828 2680 ad
2861 2626 3054 2683 ctelum
3088 2628 3292 2692 erexit,
3323 2637 3380 2681 et
3416 2643 3540 2681 vere
3565 2628 3685 2681 Deam

2155 2712 2373 2771 Patrem
2417 2715 2628 2781 habuit,
2659 2725 2714 2772 et
2744 2731 2870 2772 vere
2894 2731 2952 2773 se
2979 2717 3175 2774 Filium
3203 2716 3482 2772 exhibuit.
3517 2718 3633 2773 [inde
3651 2730 3687 2770 ct

2150 2805 2202 2861 ei
2228 2821 2258 2860 a
2278 2806 2441 2863 Patre
2467 2806 2670 2863 dictum
2697 2816 2779 2863 est
2804 2826 2820 2863 :
2850 2806 2927 2862 Tu
2948 2825 3003 2864 es
3026 2807 3201 2863 Filius
3227 2825 3383 2863 meus
3422 2810 3628 2868 dilectu,
3645 2810 3682 2861 is

2149 2916 2252 2971 quo
2299 2900 2429 2954 mihi
2467 2901 2594 2957 bene
2641 2902 2933 2970 complacui
2979 2901 3394 2972 (Matutam).
3426 2900 3530 2956 Nos
3553 2910 3686 2955 tam

2152 3006 2251 3062 pro
2276 2992 2495 3048 modulo
2542 3001 2731 3050 nostro
2784 3008 2905 3047 eum
2961 3002 3283 3061 sequentes,
3334 2992 3539 3046 oraturi
3573 2992 3681 3061 prius

2154 3081 2500 3138 sublevemus
2545 3083 2611 3137 ad
2657 3081 2854 3140 caelum
2905 3083 3092 3138 oculos
3140 3084 3345 3146 cordis,
3397 3094 3457 3136 et
3493 3081 3683 3136 desiderii

2154 3174 2351 3240 nostri,
2389 3176 2502 3244 spei
2542 3184 2597 3230 et
2645 3175 2961 3231 intentionis
3002 3186 3219 3231 nostrae.
3264 3175 3405 3229 Nam
3436 3175 3687 3244 qrriowlos

2152 3283 2282 3325 suos
2309 3276 2617 3324 statuerunt
2643 3267 2916 3324 declinare
2939 3268 2990 3323 in
3015 3276 3217 3322 terram
3243 3267 3422 3336 (Prol.
3456 3272 3572 3336 xvi),
3598 3268 3693 3320 ideo

2154 3378 2263 3419 non
2310 3372 2588 3419 merentur
2620 3362 2890 3417 exaudiri.
2941 3361 3263 3416 lnvocemtts
3307 3372 3365 3418 et
3425 3361 3575 3416 Deum
3613 3359 3691 3414 Pa-

2154 3467 2312 3519 trem,
2359 3456 2646 3511 credentes
2672 3471 2795 3509 eum
2826 3454 2973 3522 pium
3012 3464 3067 3509 et
3100 3454 3444 3521 paternalem
3480 3452 3691 3507 adortum

2156 3566 2349 3620 gerere
2397 3565 2562 3619 super
2599 3564 2738 3614 nos;
2791 3550 2933 3619 quod
2963 3564 3063 3604 nos
3088 3550 3264 3619 primo
3287 3550 3511 3614 creavit,
3535 3557 3689 3619 postea

2152 3655 2249 3708 per
2299 3639 2618 3710 sanguinem
2685 3637 2806 3691 Filii
2876 3638 3174 3703 recreavit;
3222 3640 3368 3707 quod
3418 3654 3511 3692 nos
3551 3640 3693 3707 gratis

2152 3734 2205 3789 in
2258 3732 2397 3787 filios
2447 3731 2753 3803 adoptionis
2795 3731 3092 3802 generavit,
3138 3733 3283 3801 quod
3324 3733 3481 3787 nobis
3504 3733 3692 3785 cmleste

2152 3842 2375 3897 regnum
2408 3824 2767 3896 praeparavit;
2802 3824 2944 3893 quod
2975 3838 3139 3893 super
3174 3824 3415 3879 filiorum
3443 3824 3689 3893 petitiones

2148 3917 2515 3973 exaudiendus
2552 3916 2672 3985 pius
2725 3924 2979 3985 tauquam
3008 3913 3168 3969 Pater
3191 3916 3283 3968 sit.
3306 3914 3407 3982 Qui
3436 3916 3563 3968 enim
3590 3915 3685 3966 tunc

2151 4025 2258 4065 non
2289 4008 2539 4073 credunt,
2586 4022 2692 4061 non
2733 4016 3014 4061 merentur
3052 4005 3325 4062 exaudiri.
3369 4006 3687 4059 Exhibeamus

2150 4115 2365 4170 quoque
2409 4114 2527 4163 nos,
2573 4105 2832 4166 quantum
2862 4112 3166 4168 possumus,
3198 4097 3391 4166 dignos
3419 4098 3500 4149 Dei
3530 4093 3688 4147 Patris

2150 4191 2310 4245 filios.
2358 4187 2745 4249 Exhibeamus,
2793 4189 3035 4257 inquam,
3068 4202 3167 4256 per
3194 4186 3539 4247 dilectionem,
3566 4184 3680 4236 ohe-

2154 4280 2414 4336 dientiam
2442 4288 2497 4334 et
2524 4279 2899 4334 imitationem.
2928 4277 3029 4345 Qui
3059 4278 3203 4333 enim
3224 4292 3322 4348 per
3339 4283 3687 4342 contemptura,

2148 4380 2200 4424 et
2222 4368 2639 4424 inobedientiam
2662 4382 2962 4437 pravosque
2983 4382 3163 4421 mores
3188 4367 3501 4435 degenerant
3527 4381 3551 4417 a
3578 4363 3684 4416 Deo

473 4456 532 4512 in
556 4471 663 4527 qua
691 4455 942 4511 Christus
982 4467 1122 4521 erat,
1172 4456 1391 4525 quando
1434 4472 1622 4526 passus
1665 4464 1766 4519 est,
1809 4471 2045 4510 resurreo
2080 4478 2125 4534 ο
2153 4475 2256 4515 non
2287 4468 2566 4516 merentur
2593 4458 2787 4513 audiri.
2819 4457 2873 4513 Si
2901 4472 3052 4528 ergo,
3081 4457 3302 4523 fratres,
3329 4456 3499 4517 oculos
3527 4456 3689 4509 inten-

472 4549 616 4605 cturi
644 4563 852 4605 sumus.
902 4549 983 4603 Ad
1025 4549 1169 4604 illius
1216 4548 1377 4619 igitur
1408 4550 1823 4605 resurrectionis
1857 4548 2044 4603 inetia-

471 4642 637 4699 bilem
664 4641 1075 4708 beatitudinem,
1125 4642 1341 4707 fratres,
1388 4650 1502 4695 toto
1548 4641 1814 4696 desiderio
1865 4642 2048 4696 tenda-

2154 4552 2318 4607 tiouis
2367 4560 2566 4621 nostra:
2613 4551 2682 4607 ad
2731 4551 2930 4605 cretum
2978 4539 3353 4616 levaverimus,
3385 4549 3499 4603 siin
3529 4546 3683 4600 Deum

2152 4644 2373 4699 Patrem
2418 4644 2646 4699 linntter
2688 4643 3101 4706 crediderimus,
3153 4643 3199 4697 si
3247 4658 3344 4697 nos
3383 4642 3549 4711 dignos
3574 4639 3685 4705 risus

474 4748 629 4800 mus;
670 4748 765 4803 spe
809 4733 951 4790 illius
995 4735 1161 4789 vitam
1201 4743 1523 4805 praesentem
1557 4731 1911 4797 fastidiamus,
1952 4749 2054 4806 spe
2152 4735 2292 4791 illius
2324 4750 2425 4804 pro
2467 4750 2627 4806 posse
2656 4744 2843 4791 nostro
2870 4733 3315 4799 exhibuerimus;
3364 4744 3477 4789 tunc
3509 4745 3683 4787 secure

474 4824 623 4880 illius
681 4827 861 4881 omnia
917 4826 1225 4882 transitoria
1275 4834 1723 4888 contemnamus;
1776 4841 1872 4895 spe
1906 4825 2047 4880 illius

471 4918 659 4972 omnia
698 4919 831 4973 dura
857 4930 911 4972 et
941 4917 1169 4973 adversa
1210 4916 1658 4987 complectamur,
1701 4918 1829 4972 vitia
1876 4917 2049 4988 fugia-

471 5023 618 5073 mus,
647 5016 704 5062 et
734 5010 873 5062 bona
908 5008 1085 5061 facere
1127 5007 1560 5071 contendamus;
1606 5005 1822 5061 dissolvi
1850 5014 1903 5061 et
1927 5023 2048 5063 esse

472 5114 594 5154 cum
638 5099 854 5155 Christo
897 5099 1197 5167 cupiamus,
1247 5106 1305 5150 ut
1357 5096 1570 5152 tandem
1620 5098 1723 5153 lzeti
1771 5099 1824 5154 in
1875 5099 2047 5168 gloria

472 5207 569 5246 sua
594 5207 719 5246 eum
741 5192 926 5247 videre
961 5205 1272 5245 mereamur
1296 5206 1311 5255 ;
1347 5190 1465 5260 ipso
1490 5201 1779 5260 przestante
1800 5192 1891 5262 qui
1923 5206 2045 5245 cum

472 5280 637 5336 Patre
662 5288 718 5335 et
764 5280 969 5350 Spiritu
1014 5291 1203 5336 sancto
1227 5282 1361 5336 vivit
1386 5291 1439 5335 et
1467 5290 1656 5347 regnat
1690 5281 1829 5336 Deus
1864 5281 1913 5334 in
1946 5297 2044 5335 sa:-

472 5373 623 5431 cuia.
648 5374 841 5428 Amen.
1595 5422 1601 5428 .

1008 5463 1287 5521 liOhllLlA
1308 5464 1395 5521 LX
1406 5463 1511 5518 νη.

916 5575 968 5613 IN
1000 5574 1198 5615 νιςιιιΑ
1236 5572 1589 5612 Αεεεκειοδιε.

551 5650 841 5708 Sub/enatis
863 5651 1019 5733 (esus
1042 5650 1205 5706 oculis
1238 5652 1292 5704 in
1317 5649 1502 5705 cretum
1528 5649 1699 5703 dixit:
1734 5648 1912 5710 Pater,
1936 5649 2044 5702 cla-

481 5741 627 5809 uim
684 5744 847 5805 ﬁlium
901 5756 1055 5801 timur
1098 5743 1277 5810 (Joan.
1326 5758 1485 5812 artu,
1528 5752 1630 5800 etc.
1693 5742 1944 5798 Dominus
1991 5750 2044 5796 et

2149 4844 2272 4882 eum
2341 4843 2535 4897 rogare
2591 4829 2907 4897 poterimus.
2968 4823 3143 4881 Porro
3209 4841 3398 4897 rogans
3448 4823 3679 4879 Dominus

2149 4920 2325 4990 primo
2369 4921 2591 4989 exponit
2636 4921 2955 4989 petitionem
3000 4934 3190 4984 suam;
3252 4916 3470 4973 secundo
3511 4914 3675 4973 lines).

2152 5012 2310 5067 tertio
2360 5012 2608 5077 modum,
2647 5020 2846 5081 quarto
2890 5011 3199 5075 utilitatem,
3231 5010 3407 5079 quinto
3433 5008 3674 5060 interitum.

2151 5104 2217 5159 Et
2263 5104 2578 5174 petitionem
2622 5103 2842 5173 quidem
2868 5118 3043 5157 suam
3087 5102 3328 5171 exponit,
3376 5115 3483 5154 cum
3513 5096 3669 5149 dicit:

2150 5192 2398 5262 Clariﬁca
2432 5191 2635 5246 Filium
2681 5205 2849 5245 tuum.
2876 5191 3075 5249 Verum
3125 5206 3247 5246 cum
3295 5190 3446 5246 Filius
3489 5187 3563 5242 Dei
3618 5185 3672 5235 in

2150 5285 2371 5352 deitate,
2422 5301 2528 5355 qua
2577 5284 2725 5342 Patri
2766 5301 2979 5353 semper
3008 5295 3090 5340 est
3116 5285 3354 5356 azqualis,
3380 5296 3463 5335 nec
3493 5278 3669 5343 ιιιθὶιπι

2150 5392 2251 5433 ncc
2292 5378 2558 5443 sanctior,
2590 5393 2689 5432 nec
2716 5377 3002 5445 gloriosior
3030 5391 3152 5430 esse
3188 5376 3351 5446 possit
3390 5374 3434 5426 in
3472 5384 3521 5423 ea
3556 5382 3665 5419 una

2149 5469 2302 5536 petiit
2349 5468 2664 5538 gloriﬁcari.
2705 5467 2799 5521 sed
2830 5466 3009 5537 potius
3040 5467 3124 5520 vel
3157 5467 3208 5519 in
3246 5462 3549 5519 humanitate.
3580 5456 3665 5505 id

2154 5560 2205 5613 in
2233 5574 2455 5630 operum
2489 5558 2756 5635 claritate,
2804 5555 2886 5610 vel
2922 5557 2977 5610 in
3027 5558 3353 5611 credentium
3378 5546 3567 5611 ﬁde-Hel
3602 5546 3661 5597 in

2147 5651 2334 5720 judicii
2369 5660 2657 5721 potestate.
2687 5650 2748 5704 Et
2776 5663 3030 5719 quoniam
3064 5663 3179 5716 ipse
3207 5662 3236 5700 a
3261 5642 3490 5701 desiderio
3508 5636 3661 5693 lati»

2157 5760 2273 5800 rum
2320 5758 2540 5800 suorum
2584 5741 2821 5799 (raudari
2861 5757 2964 5796 non
3014 5739 3205 5813 potuit,
3238 5740 3288 5795 in
3313 5739 3386 5794 his
3405 5740 3588 5809 quatuor
3619 5743 3653 5779 δ
