3826 6338
61 277 186 335 “l3

710 274 1018 333 llOMlleﬁ
1055 277 1122 333 ΙΝ
1152 277 1369 336 EPlST.
1403 281 1495 336 ΕΤ
1534 279 1784 339 EYANG.
1823 281 2121 339 DOMIMC.
2159 311 2231 324 --
2263 280 2443 340 PARS
2470 281 2505 335 Ι.

3117 259 3314 338 toit'

56 393 202 449 Patre
217 386 539 443 clarilicatus
565 389 683 446 fuit.
720 388 778 444 lu
813 391 1154 450 humanitate
1178 395 1376 466 quippe
1404 396 1609 453 clariﬁ-
1635 406 1686 462 Α
1713 415 1866 470 quem
1912 398 2106 453 misisti
2146 396 2325 453 Iesum
2365 397 2652 451 Christum.
2705 397 2999 454 Utilitatem
3025 397 3147 453 dico
3178 413 3312 452 nou'

51 479 358 538 cavitPater
381 479 602 546 Filium,
639 485 855 554 quando
883 501 1004 540 eum
1040 487 1426 554 resuscitavit;
1467 498 1525 543 et
1553 489 1608 544 in

53 569 519 638 carne‘gloriﬁcata
543 587 666 628 eum
698 575 766 629 ad
801 575 1080 632 dexteram
1108 592 1264 633 suam
1294 578 1606 634 collocavit.

49 665 102 719 lu
129 663 376 733 operibus
416 680 540 722 vero
566 680 689 722 cum
724 668 1065 739 gloriﬁcavit,
1095 670 1313 742 quando
1338 671 1423 726 vel
1454 681 1606 740 ante,

48 757 122 812 re!
157 765 272 826 post
299 758 749 814 resurrectionem
777 761 1049 817 miraculis
1077 771 1130 817 et
1160 762 1453 818 virtutibus
1483 779 1608 818 eum

46 859 220 900 verum
267 860 387 901 esse
435 845 626 900 Filium
679 848 770 904 Dei
817 850 1227 907 demonstravit.
1286 850 1440 908 Unde
1493 853 1611 925 ipse

43 946 133 1001 per
159 945 340 987 vocem
374 933 442 988 de
479 934 616 990 cmlo
657 937 856 993 factam
898 941 1075 996 dixit:
1107 941 1175 995 Et
1204 939 1514 1012 clari/icavi,
1558 951 1610 997 et

41 1022 221 1075 iterum
249 1023 574 1092 clariﬁcabo.
605 1026 660 1081 ln
695 1027 852 1084 ﬁdem
887 1030 1054 1085 etiam
1099 1031 1433 1087 credentium
1485 1046 1610 1086 eum

40 1111 391 1180 t-larillcavit;
441 1117 658 1184 quando
684 1119 968 1176 credentes
999 1122 1050 1176 in
1077 1136 1200 1177 eum
1232 1125 1525 1178 sanctitate
1552 1130 1608 1177 et

41 1216 198 1272 opere
223 1202 403 1260 claros
427 1203 575 1261 fecit.

103 1289 261 1346 llnde
287 1300 344 1347 et
369 1293 483 1363 ipse
521 1294 691 1352 Filius
723 1297 774 1352 in
809 1301 1158 1371 sequentibus
1201 1302 1330 1357 dicit
1359 1319 1374 1360 :
1403 1301 1472 1356 Et
1499 1303 1610 1357 ἰα-

35 1382 273 1450 ri/icatus
299 1400 412 1438 sum
441 1387 494 1440 in
527 1389 622 1452 eis,
655 1390 905 1446 videlicet
929 1393 980 1447 in
1012 1395 1310 1469 discipulis.
1344 1395 1398 1450 ln
1420 1395 1608 1464 judicii

29 1488 156 1528 vero
205 1484 496 1544 potestate,
541 1495 662 1535 eum
718 1483 951 1554 amplius
1000 1485 1340 1551 clarilicabit,
1390 1491 1610 1558 quando

26 1567 280 1624 ostendet
305 1583 428 1625 eum
457 1571 692 1640 judicem
723 1578 991 1643 omnium,
1021 1578 1261 1648 judicem
1311 1581 1607 1637 salvantem

22 1671 167 1746 suos,
211 1667 280 1712 et.
322 1659 668 1718 danmantem
702 1665 994 1734 'reprobos.
1022 1667 1212 1746 Finem
1240 1684 1367 1724 vero
1392 1671 1607 1741 petitio-

17 1745 100 1801 nis
142 1761 258 1804 θυῖε
309 1751 530 1821 θιροηίῑ
550 1767 672 1809 cum
703 1755 870 1810 dicit:
903 1754 973 1811 Ut
1003 1738 1327 1814 Filius'tuus
1355 1738 1602 1830 clari/iret
1638 1738 1679 1794 Β

12 1847 79 1891 te.
127 1836 431 1910 Signiﬁcat
472 1851 650 1898 autem
685 1845 801 1902 luec
831 1848 1163 1919 conjunctio,
1187 1859 1265 1914 ut,
1293 1866 1400 1905 non
1429 1851 1602 1908 solum

19 1931 491 2000 consecutionem,
517 1935 610 1990 sed
638 1937 800 1992 etiam
835 1954 1054 1994 causam
1087 1940 1324 1997 ﬁnalem.
1374 1942 1438 1996 Et
1475 1957 1606 1997 con-

22 2023 366 2078 secutionem
415 2025 636 2095 quidem
679 2029 975 2101 Signiﬁcat,
1013 2032 1267 2102 quoniam
1295 2048 1418 2088 cum
1446 2033 1607 2089 Pater

20 2124 73 2168 et
119 2113 293 2171 Filius
351 2125 607 2188 tanquam
658 2120 881 2176 relativa
929 2123 1039 2178 sint
1093 2123 1254 2180 simul
1308 2137 1502 2180 natura
1549 2137 1605 2182 et

15 2206 355 2274 cognitione,
385 2210 602 2279 cognito
642 2219 696 2265 et
726 2211 1025 2268 clariﬁcato
1064 2213 1221 2280 Filio,
1270 2231 1607 2287 consequens

10 2304 92 2350 est
136 2305 197 2351 ut
237 2307 299 2352 et
341 2296 503 2354 Pater
549 2310 920 2368 cognoscatur
977 2315 1034 2360 et
1085 2305 1433 2362 clariﬁcetur.
1467 2306 1606 2362 Bur-

11 2402 104 2443 sus
151 2405 278 2446 cum
325 2389 491 2447 Pater
533 2403 589 2448 et
623 2393 790 2450 Filius
836 2395 946 2450 sint
986 2395 1420 2452 substantialiter
1461 2397 1609 2453 simi-

15 2477 116 2544 les,
150 2488 206 2536 et
238 2481 297 2537 in
341 2495 449 2538 uno
473 2484 634 2540 simili
673 2495 1030 2556 cognoscatur
1063 2487 1365 2558 reliquum,
1415 2502 1608 2544 conse-

9 2585 187 2642 quens
212 2583 304 2630 est
339 2581 418 2640 ιιι,
441 2576 658 2646 cognito
693 2587 748 2633 et
789 2577 1088 2634 clariﬁcan
1126 2577 1282 2646 Filio,
1315 2593 1608 2649 cognosca-

9 2672 95 2718 tur
141 2673 203 2721 et
244 2665 586 2723 clarillcetur
619 2671 784 2725 etiam
829 2670 1009 2726 Pater.
1040 2667 1270 2726 Causam
1305 2684 1436 2724 vero
1467 2670 1604 2725 ﬁna-

10 2753 118 2810 lem
175 2756 483 2828 signiﬁcat,
537 2761 939 2830 quoniam'ltoc
979 2761 1085 2817 ﬂne
1139 2761 1371 2832 postulat
1427 2759 1605 2817 Filius

9 2847 321 2906 clariﬁcari
354 2865 382 2904 a
413 2850 592 2917 Patre,
626 2861 686 2908 ut
722 2853 774 2909 in
805 2854 906 2909 hoc
943 2853 1274 2910 clariﬁcetur
1307 2851 1489 2908 Pater.
1523 2852 1603 2908 Ac

9 2941 52 2995 si
79 2941 236 2998 dicat
263 2956 280 2997 :
313 2943 494 3010 Pater,
528 2945 762 3000 clarifica
801 2960 888 3000 me
915 2945 979 3000 ad
1009 2945 1220 3001 laudem
1255 2956 1314 3001 et
1335 2947 1599 3001 honorem

9 3033 254 3089 nominis
287 3035 389 3088 tui.
419 3033 474 3089 ln
502 3051 632 3106 quo,
661 3036 856 3091 fratres
899 3035 1027 3103 mel,
1072 3039 1163 3092 dat
1211 3037 1367 3092 nobis
1409 3051 1598 3092 exemo

9 3122 181 3190 plum,
233 3133 300 3180 ut
355 3127 616 3197 quidquid
657 3128 904 3184 volumus
944 3138 1000 3184 et
1054 3128 1317 3199 petimus,
1374 3143 1478 3183 non
1529 3127 1598 3183 ad

9 3227 276 3281 instram,
333 3217 428 3271 sed
456 3217 522 3272 ad
555 3218 763 3275 laudem
785 3230 839 3274 et
869 3220 1128 3276 honorem
1154 3219 1251 3275 Dei
1285 3219 1522 3274 velimus
1544 3227 1599 3275 et

9 3317 279 3370 tctanms,
317 3305 564 3364 dicentes
602 3323 724 3362 cum
762 3308 1046 3364 Psalmista
1076 3327 1090 3364 :
1124 3309 1245 3365 Non
1283 3310 1455 3374 nobis,
1489 3308 1598 3362 Do-

9 3398 156 3466 sine,
185 3413 302 3451 non
353 3399 521 3466 nobis,
559 3401 650 3455 scd
694 3401 891 3454 nomini
937 3410 1028 3454 tuo
1067 3401 1137 3456 da
1175 3401 1395 3472 gloriam
1425 3398 1599 3482 (Psal.

16 3490 154 3558 χιι).
195 3486 545 3544 Clariﬁcavit
563 3498 741 3544 autem
774 3488 942 3545 Filius
963 3489 1177 3546 Patrem
1201 3492 1373 3547 tribus
1401 3490 1598 3557 modis,

9 3578 123 3649 ejus
151 3591 370 3633 nomen
412 3578 723 3634 hominibus
761 3579 1123 3650 praedicando,
1155 3580 1206 3634 in
1235 3580 1352 3650 ejus
1381 3579 1601 3635 nomine

9 3671 156 3742 .igna
224 3678 290 3725 et
347 3669 610 3724 miracula
659 3669 926 3737 faciendo,
957 3672 1002 3726 ei
1028 3671 1208 3726 omnia
1233 3671 1597 3735 attribuendo,

9 3772 39 3817 et
66 3763 142 3817 ad
169 3775 312 3818 eum
347 3761 528 3816 omnia
571 3760 872 3816 referendo.
901 3761 1070 3829 Quem
1093 3770 1148 3816 et
1176 3779 1273 3818 nos
1303 3761 1596 3827 imitantes,

9 3863 204 3909 ratrcs
247 3850 593 3918 cbarissimi,
650 3851 1036 3917 clariﬁcemus,
1085 3861 1346 3921 quantum
1403 3865 1596 3920 possu-

9 3958 135 4009 ous,
195 3955 413 3998 nomen
450 3939 568 4006 Dei,
595 3939 712 4008 ejus
738 3941 960 4012 gloriam
987 3956 1202 4012 semper
1224 3941 1596 4010 praedicando;

9 4053 32 4090 η
83 4036 216 4104 ejus
277 4032 508 4088 nomine
558 4033 695 4087 bona
761 4048 858 4102 pro
903 4047 1062 4104 posse
1100 4043 1283 4087 nostro
1327 4031 1595 4098 faciendo,

10 4130 174 4185 turnia
224 4127 384 4183 bona
431 4137 615 4182 nostra
650 4127 700 4183 ei
731 4127 1094 4192 attribuendo,
1123 4137 1179 4182 et
1206 4129 1271 4182 ad
1302 4143 1426 4183 eum
1452 4127 1596 4182 refe-

10 4222 192 4276 endo.
237 4216 473 4275 Modum
517 4232 729 4288 quoque
762 4217 1164 4274 clariﬁcationis
1200 4220 1440 4289 exponit,
1469 4234 1594 4274 cum

9 4310 173 4367 obdit
267 4325 286 4364 :
345 4307 498 4364 Sicut
549 4310 736 4384 dediin
794 4309 844 4364 ei
901 4319 1205 4379 potestatem
1261 4311 1428 4366 omnis
1477 4327 1598 4364 car-

1713 502 1889 550 suam,
1921 487 2012 542 sed
2048 496 2316 542 nostram.
2347 484 2465 556 Ipse
2499 485 2641 539 enim
2685 499 2789 539 non
2828 485 3014 550 nostri,
3053 495 3108 539 ut
3145 487 3282 540 alius

1712 576 1942 648 indiget,
1968 576 2053 630 cui
2089 575 2220 629 dicit
2261 574 2541 629 Psalmista
2571 591 2587 627 :
2617 571 2754 626 Deus
2779 591 2922 626 meus
2959 593 3011 628 es
3045 587 3122 639 tu,
3154 594 3283 646 quo-

1713 665 1854 754 niam
1914 666 2164 720 bonorum
2207 680 2442 718 meorum
2487 679 2590 716 non
2630 680 2743 734 eges
2775 661 2946 724 (Psal.
2997 665 3107 735 xv).
3166 663 3282 720 Non

1711 757 1853 813 enim
1879 770 1908 810 a
1941 757 2100 813 nobis
2126 757 2270 811 credi
2308 755 2391 810 vel
2420 756 2667 824 cognosci
2719 755 2885 809 voluit
2935 768 3154 827 propter
3199 773 3278 816 se.

1710 848 1803 903 sed
1841 857 2058 918 propter
2092 864 2209 901 nos.
2259 847 2374 917 Ipse
2417 846 2613 916 quippe
2657 861 2781 900 cum
2832 861 3043 901 summe
3091 847 3282 902 beatus

1711 948 1876 1004 esset,
1913 955 2017 993 non
2056 940 2333 1010 indigebat
2358 956 2387 993 a
2417 940 2628 994 miseris
2652 937 2926 1008 cognosci,
2961 937 3042 992 vel
3071 937 3138 992 ad
3167 939 3283 992 Vmi-

1711 1046 1865 1086 seros
1888 1031 2167 1086 accedere.
2223 1029 2328 1086 Sed
2361 1046 2458 1085 nos
2483 1047 2605 1085 cum
2641 1028 2824 1084 miseri
2851 1044 3111 1090 essemus,
3147 1028 3285 1083 indi-

1709 1120 1968 1192 gebamus
2009 1134 2220 1175 summe
2257 1119 2473 1176 beatum
2518 1135 2833 1192 agnoscere,
2861 1129 2913 1175 et
2944 1121 3008 1174 ad
3039 1135 3163 1174 eum
3189 1135 3282 1175 ac.

1711 1210 1926 1274 cedere,
1956 1210 2091 1267 alias
2118 1227 2222 1266 non
2251 1222 2561 1282 poteramus
2585 1213 2752 1267 vitam
2775 1222 3032 1267 aeternam
3059 1214 3278 1267 habere.

1710 1298 1974 1367 Quoniam
2015 1301 2124 1356 lucc
2149 1312 2248 1365 est,
2277 1303 2472 1374 inquit,
2509 1304 2615 1359 vita
2640 1314 2858 1367 a'terna,
2888 1314 2943 1356 ut
2969 1314 3280 1373 cognoscant

1708 1399 1759 1445 te
1774 1391 1944 1445 solum
1973 1391 2137 1446 Deum
2169 1408 2367 1457 verum,
2397 1403 2442 1447 et
2471 1410 2622 1464 quem
2659 1393 2848 1447 misisti
2895 1392 3079 1448 Jcsum
3121 1393 3278 1446 Citri-

1708 1489 1868 1536 stum.
1901 1479 2068 1535 Porro
2093 1483 2330 1549 cognitio
2355 1481 2530 1537 Patris
2555 1492 2609 1536 et
2633 1483 2754 1537 Filii
2775 1499 2897 1538 cum
2935 1491 3121 1537 sancto
3160 1482 3283 1553 Spi-

1710 1573 1840 1638 ritu,
1885 1572 2080 1644 duplex
2103 1583 2186 1629 est
2217 1590 2230 1626 :
2259 1572 2438 1628 Prima
2464 1571 2545 1630 ρει
2578 1575 2628 1628 in
2656 1575 2780 1642 ﬁde,
2805 1575 2973 1630 altera
3009 1575 3060 1630 in
3082 1576 3282 1646 specie.

1710 1662 1891 1718 Prima
1949 1672 2031 1720 est
2087 1665 2140 1718 in
2194 1664 2323 1731 via,
2371 1665 2540 1720 altera
2599 1666 2651 1719 in
2701 1666 2899 1736 patria.
2954 1665 3136 1721 Prima
3196 1678 3283 1722 est

1707 1756 2070 1826 mnigmatica,
2093 1755 2262 1811 altera
2289 1765 2500 1826 aperta.
2528 1755 2772 1828 Utraque
2798 1767 2976 1813 tamen
3001 1773 3100 1813 suo
3125 1759 3283 1813 modo

1707 1858 1885 1919 potest
1914 1848 2096 1904 vocari
2138 1848 2248 1901 vita
2286 1859 2512 1913 aeterna,
2552 1850 2805 1919 quoniam
2841 1851 2906 1904 ad
2932 1849 3096 1905 vitam
3123 1863 3284 1904 atter-

1705 1954 1831 1994 nam
1853 1938 2021 1994 ducit.
2051 1938 2299 2011 Cognitio
2330 1954 2458 1995 vero
2479 1940 2679 2010 speciei
2709 1941 2908 1996 dicitur
2929 1941 3038 1997 vita
3057 1951 3282 2007 aeterna,

1705 2029 1961 2100 quoniam
1994 2030 2157 2085 vitam
2187 2039 2442 2088 aeternam
2468 2032 2697 2087 confert.
2722 2032 2968 2104 Cognitio
3008 2033 3204 2103 quippe
3227 2043 3284 2086 et

1705 2118 1843 2173 visio
1881 2119 2075 2174 divinae
2124 2119 2420 2188 majestatis
2456 2128 2512 2175 et
2557 2121 2742 2192 gloriae
2783 2137 2999 2178 omnem
3051 2121 3284 2192 expellet

1705 2207 1773 2262 ab
1795 2209 1986 2264 electis
2025 2208 2332 2276 miseriam,
2370 2218 2426 2266 et
2452 2225 2667 2266 omnem
2710 2212 2792 2267 eis
2826 2213 3074 2270 conferet
3111 2211 3281 2266 beati-
3317 2217 3321 2222 '

1707 2298 1970 2354 tudinem.
2011 2298 2160 2356 Visio
2185 2301 2362 2356 sereni
2392 2309 2447 2356 et
2475 2301 2578 2356 laeti
2608 2303 2750 2357 aeris
2781 2301 2956 2357 reddit
2999 2301 3279 2357 hominem

1706 2389 1908 2446 laetum.
1953 2391 2092 2460 Quid
2135 2409 2266 2464 ergo
2315 2392 2534 2460 mirum,
2572 2395 2616 2450 si
2647 2393 2841 2449 divinae
2872 2391 3172 2462 majestatis
3202 2391 3282 2458 iu-

1704 2484 2089 2554 comparabilis
2104 2484 2420 2554 jucunditas
2439 2485 2708 2542 videntem
2729 2483 3026 2554 jucundum
3050 2483 3286 2540 elliciat?

1704 2573 1856 2631 Visio
1887 2575 2080 2632 solaris
2104 2576 2321 2632 luminis
2343 2585 2399 2632 et
2423 2575 2620 2632 caloris
2650 2577 2896 2632 homines
2932 2575 3204 2630 illuminat
3225 2581 3284 2630 et
3310 2611 3312 2614 ν

1705 2662 1974 2720 calefacit.
2029 2665 2096 2720 Et
2133 2665 2262 2734 quid
2309 2665 2528 2734 mirum,
2580 2665 2625 2721 si
2676 2665 2842 2722 divini
2886 2663 3186 2736 splendoris
3226 2673 3278 2731 et

1703 2755 1987 2812 charitatis
2040 2757 2378 2813 immensitas
2421 2768 2714 2828 praesentes
2771 2756 3036 2813 illutninct
3089 2765 3146 2822 et
3195 2756 3284 2812 in-e

1703 2845 1986 2903 ilammet?
2021 2845 2310 2903 Prtesentia
2335 2847 2688 2919 fragrantium
2719 2856 3026 2904 aromatum
3053 2861 3285 2924 quaeque

1703 2938 1948 3009 proxima
1993 2938 2232 2995 suaviter
2277 2937 2621 2994 aretnatizat.
2655 2937 2794 3005 Quid
2826 2935 3046 3006 mirum,
3073 2935 3118 2999 si
3143 2937 3282 2992 divi-

1707 3032 1795 3086 tiae
1836 3031 2122 3088 suavitatis
2166 3039 2220 3087 et
2263 3029 2574 3101 fragrantia:
2614 3028 2960 3086 inelfabilitas
2989 3038 3282 3101 praesentes

1703 3123 2025 3179 aromatizet
2044 3133 2097 3179 et
2123 3121 2389 3180 delectet?
2418 3121 2742 3179 Musicorum
2791 3119 3279 3176 instrumentorum

1703 3213 1931 3268 melodia
1960 3215 2208 3270 homines
2228 3214 2459 3269 delectat
2481 3213 2800 3268 audientes:
2827 3212 2958 3282 quid
2988 3213 3206 3275 tnirum,
3235 3213 3280 3266 si

1701 3304 1897 3360 divinae
1932 3306 2299 3362 consonantia
2335 3305 2614 3360 harmonia
2665 3302 2952 3360 ineffabilia
2981 3314 3280 3373 prmscntes

1701 3395 1905 3454 alliciat
1931 3407 1985 3452 et
2011 3397 2277 3452 delectet?
2314 3395 2486 3452 Mellis
2533 3406 2590 3452 et
2635 3395 2878 3452 nectaris
2922 3395 3147 3450 dulcedo
3179 3412 3278 3466 gu-

1701 3496 1908 3542 stantes
1962 3486 2214 3550 delectat,
2262 3486 2391 3555 quid
2437 3486 2652 3550 mirum,
2691 3487 2736 3543 si
2776 3485 2972 3541 divinae
3017 3486 3282 3557 bonitatis

1701 3579 1928 3634 dulcedo
1951 3577 2284 3633 admirabilis
2305 3589 2584 3648 gustantes
2607 3587 2796 3648 pascat
2821 3587 2879 3632 et
2908 3577 3181 3639 delectet?

1769 3667 1988 3723 Gustata
2026 3678 2073 3722 et
2109 3669 2293 3733 videte,
2316 3669 2488 3737 inquit
2515 3667 2820 3736 Psalmista,
2838 3669 3084 3738 quoniam
3103 3669 3279 3732 suavis

1698 3767 1773 3814 est
1830 3757 2088 3813 Dominus
2134 3754 2306 3827 (Psal.
2356 3759 2574 3829 sxxrn).
2623 3759 2766 3814 Etsi
2812 3759 3130 3830 temporalia
3173 3759 3300 3824 ista-

1697 3847 1824 3903 vilia
1865 3858 1920 3904 et
1960 3849 2294 3917 transitoria,
2327 3850 2524 3906 fratres
2553 3849 2886 3916 cbarissimi,
2913 3850 2994 3905 sic
3015 3847 3277 3920 adiciunt,

1697 3950 1930 4012 pascunt
1982 3951 2038 3996 et
2078 3941 2380 4006 delectant,
2433 3928 2597 4012 quam.
2635 3941 3131 4016 incomparabiliter
3183 3941 3275 4008 illa

1697 4033 1882 4090 divina
1921 4033 2256 4102 jncnnditas,
2305 4035 2394 4100 ille
2435 4035 2712 4104 splendor,
2756 4035 2845 4090 illa
2877 4034 3142 4102 suavitas,
3183 4034 3276 4090 illa

1697 4125 1922 4181 dulcedo
1953 4141 2079 4181 suos
2113 4123 2328 4189 alliciet,
2367 4136 2549 4195 pascet
2590 4135 2646 4182 et
2691 4126 2978 4184 delectabit
3020 4128 3072 4182 in
3114 4139 3275 4196 atere
3305 4150 3324 4164 υ

1696 4218 1874 4273 num?
1919 4217 1986 4274 Et
2027 4219 2244 4289 quidem
2277 4223 2610 4290 comparatio
2641 4230 2980 4277 terrenorum
3022 4224 3088 4279 ad
3117 4235 3280 4282 retere

1696 4309 1923 4365 nitatem
1959 4307 2100 4366 nulla
2133 4319 2240 4376 est,
2269 4310 2360 4367 sed
2402 4327 2518 4374 nos,
2555 4321 2613 4372 ut
2653 4325 2958 4392 possumus,
2991 4315 3272 4386 magnalia
3299 4333 3319 4385 ε

10 4405 83 4468 is,
119 4412 184 4457 ut
233 4414 410 4456 omne
447 4401 587 4471 quod
617 4400 807 4455 dedisti
844 4401 892 4455 si
927 4401 1011 4455 det
1042 4401 1116 4456 eis
1137 4403 1299 4456 vitam
1323 4411 1593 4456 meritam.
1628 4417 1672 4474 ῃ
1698 4401 1792 4456 Dei
1816 4402 1994 4471 potius
2049 4402 2376 4462 balbutimns
2414 4420 2576 4477 quam
2616 4406 2961 4477 eloquamur,
3013 4407 3276 4476 quoniam,

10 4494 247 4557 ulmudi,
289 4491 374 4547 ita
419 4504 540 4546 esse
575 4506 762 4546 verum
807 4491 1061 4548 omnibus
1091 4491 1396 4548 manifesta.
1437 4493 1591 4560 Quod

9 4590 204 4643 uidem
261 4586 326 4641 in
391 4591 548 4654 parte
593 4582 706 4653 jam
761 4582 1037 4654 impletum
1085 4592 1189 4638 est.
1247 4581 1592 4640 Manifestum

10 4683 117 4736 iiut
172 4679 304 4749 jam
368 4683 458 4730 est
505 4673 752 4731 ﬁdelibus
797 4677 1071 4732 Christum
1121 4677 1319 4733 habere
1364 4691 1394 4730 a
1431 4675 1594 4732 Patre

10 4783 325 4830 stestatetn
367 4768 551 4822 omnis
596 4768 777 4822 carnis
803 4785 818 4822 :
847 4779 896 4823 et
944 4769 1212 4834 ﬁdelibus,
1263 4767 1353 4838 qui
1381 4765 1454 4822 ab
1491 4767 1594 4822 hoc

9 4865 180 4920 eoulo
219 4861 647 4931 'migraveruut,
691 4858 805 4929 jam
843 4858 992 4914 dedit
1028 4860 1191 4914 vitam
1220 4869 1500 4914 atternam.
1535 4859 1590 4914 lu

9 4973 77 5011 ne
132 4969 285 5011 vero
339 4949 730 5006 universaliter
770 4950 1022 5005 omnibus
1071 4951 1176 5005 erit
1218 4949 1591 5016 manifestum,

10 5047 202 5102 nando
239 5043 432 5114 iudex
482 5041 760 5111 apparebit
808 5039 1070 5103 omnium,
1114 5041 1253 5096 dans
1276 5042 1390 5097 suis
1422 5042 1589 5097 vitam

14 5153 280 5198 lernam.
315 5145 385 5190 et
417 5134 666 5203 reprobis
699 5147 935 5201 ptenam,
977 5144 1034 5188 et
1070 5143 1200 5188 tunc
1225 5133 1466 5203 plenarie
1494 5133 1596 5188 Pa-

9 5253 47 5289 τι·
70 5251 134 5290 ιη
169 5231 362 5291 Filio.
405 5234 462 5282 et
497 5225 664 5281 Filius
691 5226 1019 5282 clariticatus
1052 5227 1158 5280 erit
1197 5226 1249 5281 in
1277 5225 1462 5282 Patre.
1489 5227 1592 5283 Po-

10 5335 243 5381 rstatcm
277 5333 429 5375 vero
453 5316 583 5377 dicit
617 5317 863 5372 Christus
910 5318 1013 5372 sibi
1055 5333 1084 5370 a
1133 5315 1292 5372 Patre
1337 5333 1457 5372 esse
1498 5318 1593 5371 da-

9 5433 109 5482 tm,
140 5413 440 5486 quoniam
483 5423 604 5480 quae
643 5417 762 5463 erat
801 5409 876 5473 ei,
913 5409 968 5462 in
993 5417 1252 5478 quantum
1297 5418 1384 5464 est
1426 5407 1591 5471 Deus.

9 5521 174 5567 “lth
199 5508 440 5564 factum
467 5512 553 5558 est
583 5501 656 5566 ci,
687 5501 740 5557 in
766 5509 1026 5571 quantum
1064 5507 1151 5553 est
1189 5499 1371 5565 homo,
1396 5500 1589 5572 gratia.

10 5603 305 5657 tilitatem
345 5591 583 5662 exponit
612 5605 734 5645 cum
765 5591 1078 5663 subiungit;
1105 5590 1234 5646 Ilwc
1285 5601 1359 5644 est
1418 5599 1592 5645 autem

12 5704 70 5748 ta
106 5701 368 5752 manus,
418 5690 474 5737 ut
513 5693 824 5760 cognoscant
863 5692 910 5740 te
946 5682 1112 5738 solum
1155 5679 1318 5736 Deam
1345 5697 1517 5738 errant
1545 5695 1591 5738 st

1697 4507 1790 4546 nec
1810 4492 1992 4546 oculus
2011 4493 2158 4559 vidit,
2181 4511 2273 4550 nec
2305 4497 2450 4549 auris
2476 4496 2696 4561 audivit,
2723 4515 2814 4552 nec
2842 4499 2896 4551 in
2926 4515 3016 4552 cor
3045 4497 3278 4562 hominis

1693 4585 1924 4637 ascendit
1959 4600 2075 4654 qua:
2117 4587 2428 4654 prwparavit
2467 4585 2604 4640 Deus
2641 4588 2976 4657 diligentibus
3008 4603 3062 4642 se
3109 4588 3266 4657 (lsai.

1693 4687 1846 4738 utv;
1881 4670 1909 4725 Ι
1935 4671 2058 4727 Cor.
2099 4674 2180 4743 tt).
2222 4672 2472 4732 Meritum
2502 4675 2724 4744 exponit
2750 4692 2871 4732 cum
2903 4675 3120 4731 subdit:
3158 4674 3274 4744 Ego,

1694 4771 1744 4817 te
1779 4762 2068 4832 clari/ﬁcari
2097 4780 2252 4831 super
2295 4774 2511 4832 terram,
2561 4781 2692 4834 Opus
2744 4768 3098 4821 consummari
3131 4768 3268 4838 quod

1695 4854 1885 4909 dedisti
1908 4856 2036 4909 mihi
2065 4863 2122 4908 ut
2151 4855 2368 4924 faciam.
2419 4853 2668 4911 Christus
2708 4857 2906 4928 quippe
2945 4855 3096 4911 solus
3142 4871 3272 4909 vere

1695 4943 1892 5000 meruit
1923 4956 1978 5000 et
2009 4945 2203 5000 mereri
2234 4945 2428 5016 potuit.
2451 4946 2530 5001 Ad
2557 4947 2661 5003 hoc
2681 4947 2878 5017 quippe
2902 4947 3044 5016 quod
3070 4947 3270 5016 aliquis

1697 5038 1914 5108 proprie
1955 5037 2152 5092 mereri
2202 5038 2434 5105 dicatur,
2477 5039 2582 5094 duo
2624 5049 2980 5102 concurrunt,
3019 5038 3268 5102 videlicet

1694 5141 1754 5185 ut
1774 5130 1844 5184 sit
1864 5140 2050 5184 auctor
2071 5130 2250 5200 operis
2271 5130 2376 5196 sui,
2398 5140 2452 5184 et
2473 5139 2532 5185 ut
2550 5145 2660 5200 prae
2684 5145 2744 5185 se
2768 5131 2960 5185 habeat
2983 5130 3266 5208 majorem,

1694 5220 1834 5288 apud
1879 5234 2040 5289 quem
2090 5230 2384 5276 mereatur.
2429 5219 2540 5276 Nisi
2583 5221 2725 5275 enim
2761 5220 2834 5276 sit
2863 5233 3050 5278 auctor
3086 5223 3266 5292 operis

1694 5310 1800 5377 sui,
1829 5312 2026 5366 mereri
2061 5327 2166 5367 non
2197 5321 2402 5383 potest;
2431 5313 2557 5382 quia
2589 5328 2747 5368 nemo
2775 5329 2874 5385 pro
2902 5316 3080 5371 alieno
3107 5319 3269 5382 debet

1693 5419 1864 5475 opere
1893 5404 2168 5471 coronari,
2217 5420 2319 5460 nec
2362 5405 2628 5460 damnari.
2678 5406 2745 5462 Et
2784 5407 2886 5463 nisi
2921 5409 3119 5464 habeat
3157 5423 3268 5478 pra:

1696 5511 1758 5554 se
1807 5497 2092 5566 majorem,
2149 5498 2346 5553 mereri
2400 5515 2505 5555 non
2555 5512 2755 5572 potest,
2806 5503 3060 5572 quoniam
3109 5517 3266 5561 netnq

1698 5601 1965 5654 meretur,
2015 5592 2058 5646 si
2104 5607 2208 5646 non
2253 5601 2337 5646 est
2373 5607 2551 5662 aquo
2593 5596 2868 5665 praemium
2906 5594 3261 5666 prmstoletur,

1702 5684 1814 5751 Hac
1870 5697 1996 5765 ergo
2044 5685 2252 5741 ratione
2304 5683 2464 5741 homo
2512 5686 2595 5744 vel
2641 5687 2858 5774 angelus
2916 5687 3108 5757 mereri
3157 5701 3261 5754 non
