3822 6316
485 399 626 456 19ιὸ

1436 397 1777 452 ADDENDA.
1820 426 1888 436 -—
1921 392 2267 449 RADULPHI
2300 391 2642 449 ABDENTIS

3596 391 3697 450 1946

483 523 686 587 potest,
719 513 977 585 quoniam
1026 523 1080 568 et
1118 514 1164 567 si
1208 514 1404 568 habeat
1436 527 1544 582 [tl‘LB
1570 529 1628 566 se
1657 513 1946 579 majorem;
1991 519 2070 563 ta—
2099 509 2144 565 Α
2171 507 2309 577 apud
2331 506 2565 572 Patrem,
2595 506 2712 576 ejus
2742 522 3049 564 sermonem
3070 489 3078 495 ”
3098 510 3478 575 observemus,
3502 517 3705 580 quoniam

483 623 610 662 men
657 607 842 676 operis
887 607 969 661 stti
1013 616 1204 660 auctor
1250 620 1371 660 esse
1418 621 1522 658 non
1570 614 1766 674 potest,
1810 605 2068 674 quoniam

486 699 734 754 omnium
782 698 1048 753 bonorum
1097 713 1218 767 qua
1260 698 1376 766 ipse
1433 695 1582 760 fecit,
1614 707 1824 751 nonest
1858 705 2068 761 auctor,

485 788 580 842 sed
612 797 820 842 tantum
864 788 1136 853 minister,
1178 787 1430 856 quoniam
1473 785 1614 840 Deus
1645 796 1729 839 est
1755 785 1846 855 qui
1878 795 2072 854 open-

487 889 578 932 tnr
607 879 659 933 in
691 880 845 933 nobis
884 889 938 934 et
982 879 1115 933 velle
1151 888 1204 932 et
1231 877 1489 947 perlicere
1527 875 1780 947 (Philipp.
1813 876 1895 943 tt).
1948 875 2054 930 Sed

483 988 584 1027 nec
609 973 749 1028 Deus
779 972 937 1028 Pater
967 973 1047 1026 vel
1081 971 1317 1040 Spiritus
1345 981 1570 1026 sanctus
1621 969 1818 1023 mereri
1868 976 2065 1038 potest,

481 1065 742 1130 quoniam
769 1064 888 1119 etsi
915 1064 982 1118 sit
1019 1073 1209 1118 auctor
1248 1065 1432 1133 operis
1472 1063 1575 1126 sui,
1603 1073 1779 1114 tamen
1810 1061 2067 1131 majorem

481 1153 626 1221 apud
671 1169 829 1222 quem
876 1162 1152 1205 mereatur
1203 1168 1306 1204 non
1357 1151 1540 1205 habet.
1570 1151 1818 1206 Christus
1851 1164 2067 1219 quoque

482 1245 629 1300 solus
651 1256 752 1308 est,
779 1245 896 1314 qtti,
923 1245 975 1298 itt
1002 1256 1264 1315 quantum
1308 1244 1449 1298 Deus
1493 1253 1599 1306 est,
1653 1256 1840 1297 auctor
1888 1243 2067 1312 operis

484 1335 568 1388 sui
617 1350 737 1390 esse
783 1346 979 1406 potest,
1010 1346 1084 1401 et,
1111 1337 1162 1390 itt
1188 1347 1448 1406 quantum
1476 1338 1635 1390 honto
1660 1345 1763 1398 est,
1801 1336 2063 1406 majorem

483 1426 626 1495 apud
673 1442 832 1497 quem
875 1437 1172 1494 mereatur,
1223 1428 1404 1482 habet.
1458 1427 1706 1482 Christus
1752 1442 1881 1498 ergo
1921 1426 2066 1480 solus

482 1519 681 1573 meruit
711 1531 763 1573 et
789 1521 983 1573 mereri
1015 1521 1204 1590 potuit.
1238 1521 1501 1576 Dicuntur
1528 1528 1708 1573 autent
1741 1519 1914 1574 sancti
1953 1534 2067 1573 me-

483 1611 614 1678 reri,
663 1611 918 1678 quoniam
945 1610 1065 1664 etsi
1099 1626 1201 1664 non
1236 1626 1334 1680 per
1361 1626 1418 1663 se
1445 1613 1580 1664 bona
1621 1620 1932 1679 operantur,
1979 1618 2061 1662 ta-

482 1717 606 1756 men
645 1703 753 1756 Deo
799 1713 1206 1773 cooperantur:
1257 1703 1320 1756 Et
1374 1704 1492 1755 ideo
1533 1718 1653 1756 cum
1695 1701 1865 1755 solum
1907 1718 2060 1755 suum

480 1808 619 1863 opus
648 1804 873 1848 coronet
915 1793 1055 1847 Dens
1097 1795 1148 1847 itt
1199 1795 1378 1858 nobis,
1431 1791 1682 1848 dicuntur
1740 1801 1914 1846 tamen
1966 1807 2062 1860 pro

479 1885 696 1940 meritis
737 1886 1027 1950 coronari;
1062 1886 1302 1938 divinam
1330 1885 1557 1955 gratiam
1587 1899 1691 1936 non
1719 1885 1818 1937 ttisi
1848 1883 2062 1953 proprie

487 1974 681 2027 merita
716 1983 898 2027 nostra
927 1983 1204 2038 vocantes,
1236 1990 1357 2028 cunt
1391 1984 1578 2042 aperte
1605 1973 1798 2026 clamet
1830 1975 2061 2041 Aposto-

483 2063 591 2130 lus,
620 2065 876 2134 quoniam
911 2083 1014 2118 non
1043 2083 1104 2118 ea:
1136 2067 1376 2134 operibus
1416 2065 1666 2134 jttstitire,
1703 2081 1820 2134 qua?
1843 2063 2061 2132 fecimus

487 2174 604 2224 nos,
647 2159 737 2212 sed
777 2159 1060 2212 secundum
1104 2175 1253 2210 suam
1301 2159 1713 2212 misericordiam
1751 2161 1922 2211 salvos
1970 2173 2061 2209 nos

479 2249 605 2318 [erit
658 2248 785 2320 (Tit.
817 2249 925 2319 ιιι).
991 2249 1283 2319 Exponens
1333 2264 1461 2318 ergo
1505 2248 1830 2316 Redemptor
1881 2257 2064 2303 noster

483 2341 735 2394 meritum
772 2357 928 2396 suum
976 2343 1052 2396 ait
1090 2360 1103 2395 :
1137 2340 1248 2410 Ego
1282 2352 1330 2394 te
1355 2341 1642 2409 clariﬁcavi
1662 2357 1815 2408 super
1845 2351 2058 2394 terram.

480 2427 599 2482 Non
629 2430 726 2494 ait,
757 2429 808 2484 itt
858 2439 1027 2494 terra,
1075 2432 1330 2499 quoniam
1384 2430 1434 2482 itt
1491 2429 1592 2482 illis
1644 2429 1734 2497 qui
1781 2445 1877 2497 per
1929 2445 2060 2481 con-

484 2530 747 2590 temptum
803 2520 986 2575 mundi
1036 2521 1233 2575 nonin
1282 2532 1446 2586 terra,
1500 2520 1594 2574 sed
1648 2534 1810 2588 super
1863 2529 2060 2573 terram

480 2622 633 2676 sunt,
667 2612 901 2667 maxime
927 2613 1067 2666 Deus
1094 2612 1451 2673 clarificatur,
1497 2611 1623 2665 dum
1655 2610 1917 2665 clariﬁcat
1943 2625 2057 2664 eos.

481 2703 590 2759 Sed
623 2714 676 2759 et
700 2706 812 2776 ipsa
837 2722 1024 2776 opera,
1077 2723 1172 2776 per
1210 2721 1328 2774 qua:
1377 2707 1515 2760 Deus
1561 2702 1913 2767 clarificatur,
1955 2719 2059 2756 non

481 2806 718 2860 terrena,
775 2799 868 2852 sed
923 2801 1098 2869 potius
1152 2813 1318 2868 super
1370 2808 1569 2852 terram
1599 2806 1746 2851 sunt.
1789 2794 1937 2865 Opus
1977 2799 2058 2847 tn-

475 2887 724 2956 iunetutn
763 2893 1158 2956 consummavi,
1207 2893 1298 2945 sed
1338 2907 1442 2945 non
1473 2904 1537 2945 ex
1572 2906 1679 2955 me,
1716 2890 1971 2960 quoniam
2006 2900 2060 2943 ιιι

483 2981 602 3050 ipse
652 2995 711 3034 es
757 2982 847 3050 qui
877 2982 1004 3036 illud
1049 2983 1178 3034 tnihi
1224 2982 1527 3050 injunxisti,
1569 2991 1628 3035 ut
1657 2981 1784 3035 illud
1825 2979 2060 3034 facerent

483 3071 622 3125 tnihi
673 3070 890 3124 dedisti.
924 3071 979 3124 In
1011 3087 1118 3140 quo
1169 3072 1514 3125 confunditur
1561 3071 1770 3125 illorum
1809 3071 2060 3141 superbia

480 3162 571 3230 qui
599 3176 734 3230 opus
762 3175 916 3214 snutn
947 3177 1011 3216 ex
1037 3162 1204 3214 libero
1231 3163 1458 3216 arbitrio
1483 3172 1537 3217 et
1565 3178 1629 3216 ex
1665 3162 1898 3232 propriis
1928 3161 2061 3214 viri-

2173 599 2264 668 qui
2293 598 2419 653 Filii
2447 614 2750 655 sermonem
2783 611 3169 670 aspernantur,
3218 601 3422 658 fmstra
3449 618 3565 658 eum
3599 609 3706 672 apud

2170 688 2388 744 Patrem
2415 690 2830 746 intercessorem
2861 693 3270 761 przestolantur,
3297 695 3544 764 quoniam
3572 711 3702 752 seruit

2171 781 2290 836 Filii
2320 797 2387 838 ex
2410 782 2572 838 Patre
2600 791 2703 838 est.
2735 781 2889 838 Unde
2922 792 2978 839 et
3020 785 3225 846 subdit,
3269 783 3341 838 Et
3381 802 3481 840 non
3508 803 3701 856 rogasse

2170 883 2312 942 runt,
2339 875 2466 942 quia
2501 877 2677 929 omnia
2722 892 2842 944 quia
2878 876 3068 930 dedisti
3108 876 3271 939 mihi,
3312 887 3433 929 sunt
3469 877 3557 930 abs
3594 890 3646 932 te.
3671 877 3706 934 lt

2168 980 2276 1035 quo
2303 966 2465 1020 etiam
2490 965 2618 1022 illud
2656 966 2883 1037 intelligi
2913 967 3095 1032 datur,
3125 983 3294 1036 quam
3323 968 3461 1022 sicut
3505 970 3714 1023 mandata

2169 1071 2276 1111 non
2299 1056 2682 1125 observantur,
2740 1059 2842 1113 nisi
2875 1060 3024 1128 prius
3073 1068 3499 1129 cognoscantur,
3538 1061 3602 1114 ita
3640 1078 3718 1115 nec
3816 1109 3817 1152 ᾗ

2168 1147 2408 1217 perfecte
2448 1157 2674 1220 possunt
2721 1151 2998 1220 cognosci,
3028 1149 3132 1205 nisi
3190 1150 3348 1219 prius
3388 1149 3717 1204 observentur.

2167 1236 2515 1294 Observando
2541 1239 2738 1310 quippe
2767 1240 3142 1310 Evangelium,
3172 1253 3451 1293 meremur
3479 1251 3534 1293 ut
3557 1241 3614 1294 ad
3653 1244 3718 1293 in-

2170 1330 2426 1385 teriorem
2467 1331 2584 1401 ejus
2607 1332 3013 1404 intelligentiam
3037 1342 3418 1402 penetremus,
3447 1343 3499 1387 et
3526 1344 3577 1388 ut
3615 1337 3718 1390 illud

2168 1435 2275 1474 non
2299 1423 2366 1476 ab
2395 1422 2635 1487 homine,
2663 1424 2760 1477 sed
2786 1440 2817 1477 a
2858 1424 2968 1480 Deo
3001 1440 3124 1479 esse
3152 1439 3556 1493 cognoscamus.
3587 1425 3716 1482 Unde

2168 1512 2429 1582 propheta
2453 1531 2466 1566 :
2488 1509 2530 1564 Α
2549 1515 2814 1569 mandatis
2829 1517 2933 1569 tuis
2955 1516 3192 1570 intellexi
3206 1515 3383 1584 (Psal.
3403 1523 3593 1581 cum).
3612 1520 3716 1572 lude

2167 1603 2414 1672 estquod
2443 1605 2532 1673 qui
2558 1604 2835 1677 negligant
2858 1607 3211 1677 Evangeliunt
3243 1608 3381 1660 illud
3433 1625 3534 1662 non
3562 1612 3718 1664 iuteili-

2167 1703 2316 1761 gunt.
2341 1694 2407 1748 Et
2434 1705 2653 1766 propter
2693 1697 3093 1768 simplicitatem
3123 1699 3430 1770 evangelici
3479 1706 3718 1766 sentiatis,

2168 1783 2297 1848 illud
2347 1802 2452 1840 non
2490 1799 2609 1843 esse
2635 1803 2665 1842 a
2695 1788 2823 1854 Deo,
2854 1792 2948 1845 sed
2980 1807 3012 1846 a
3061 1792 3406 1862 simplicibus
3453 1792 3714 1850 hominibus

2094 1872 2138 1931 Β
2168 1873 2444 1932 inventum
2468 1889 2682 1950 putant.
2720 1880 3010 1950 Cteterum,
3043 1899 3114 1938 ne
3154 1883 3412 1954 discipuli
3459 1885 3713 1941 blandire»-

2168 1976 2255 2022 tur
2281 1969 2381 2023 sibi
2414 1983 2668 2040 putantes
2713 1987 2790 2040 se,
2836 1973 2920 2028 vel
2963 1975 3432 2042 observationem,
3470 1979 3548 2032 vel
3570 1981 3704 2048 cogi-

2169 2057 2368 2114 tionem
2401 2061 2565 2116 divini
2621 2065 2887 2120 sermonis
2919 2081 2949 2119 a
3000 2081 3060 2122 se
3092 2066 3375 2134 habuisse,
3427 2070 3590 2123 addit.
3609 2072 3704 2134 Quis

2167 2150 2320 2205 verba
2355 2169 2473 2222 qua:
2512 2154 2707 2208 dedisti
2749 2156 2901 2220 mihi,
2929 2158 3048 2210 dedi
3070 2159 3168 2225 eis,
3203 2173 3313 2213 non
3339 2158 3518 2213 solum
3553 2161 3604 2214 in
3623 2178 3713 2216 ante

2165 2243 2432 2311 corporis,
2463 2245 2558 2300 sed
2582 2246 2748 2300 etiam
2781 2247 2834 2302 in
2853 2263 2985 2302 aure
3008 2249 3232 2305 mentis.
3259 2249 3374 2306 Sed
3393 2251 3560 2305 etiam
3581 2252 3630 2305 in
3648 2256 3713 2306 hac

2165 2334 2309 2401 quod
2337 2333 2468 2388 dicit
2510 2351 2614 2391 non
2662 2352 2781 2401 sua,
2813 2338 2909 2393 sed
2963 2337 3142 2395 Patris
3178 2341 3346 2397 verba
3396 2342 3484 2397 eis
3532 2344 3717 2405 dedisse,

2165 2423 2448 2480 confundit
2502 2427 2714 2483 illorum
2763 2433 3267 2503 praesumptionem,
3296 2434 3391 2502 qui
3448 2436 3715 2490 nondedi-

2169 2517 2287 2570 vina
2317 2519 2587 2586 doctrina,
2635 2522 2731 2576 sed
2759 2524 2826 2578 de
2855 2538 2954 2580 suo
2979 2541 3139 2580 sensu
3187 2537 3531 2595 prcsumunt
3552 2531 3718 2596 populis

2169 2611 2515 2677 annuntiare,
2558 2628 2678 2666 cum
2715 2613 2863 2669 dicat
2899 2613 3160 2672 Dominus
3200 2619 3488 2687 propheta:
3539 2619 3716 2688 (Euri.

2168 2699 2275 2769 ιιι).
2301 2695 2371 2753 Et
2401 2711 2456 2755 tu
2478 2705 2817 2760 annuntiabis
2843 2707 2916 2760 eis
2945 2723 3010 2761 ea:
3051 2723 3156 2762 nte.
3210 2707 3283 2762 Et
3307 2711 3436 2779 ipsi,
3463 2711 3642 2779 inquit,
3662 2730 3722 2764 st-

2167 2801 2431 2858 ceperunt.
2462 2794 2541 2848 Ac
2570 2794 2616 2848 si
2648 2795 2812 2861 dicat,
2844 2798 2969 2853 etsi
2997 2800 3223 2855 omnino
3271 2801 3354 2855 eis
3384 2803 3552 2872 gratis
3577 2803 3719 2857 thura

2167 2887 2273 2944 est,
2307 2889 2484 2936 tamen
2517 2883 2570 2937 in
2599 2885 2702 2940 hoc
2749 2886 2892 2956 quod
2921 2897 3208 2958 gratanter
3228 2902 3562 2961 acceperunt
3586 2904 3634 2946 et
3659 2911 3721 2946 rc-

2170 2973 2468 3042 tinuerunt,
2502 2987 2832 3032 meruerunt.
2884 2979 2952 3034 Et
2990 2993 3368 3052 cognoverunt,
3419 2984 3718 3056 imminentia

2166 3077 2197 3116 a
2221 3073 2271 3118 te
2289 3067 2445 3132 exivi,
2481 3067 2566 3122 vel
2617 3083 2715 3138 per
2747 3079 3004 3126 aeternam
3035 3074 3411 3142 nativitatem,
3443 3077 3520 3131 vel
3543 3092 3622 3146 per
3648 3077 3716 3130 in-

2168 3158 2558 3215 carnationem.
2593 3160 2660 3215 Et
2686 3176 2755 3217 ne
2800 3162 3079 3219 videretur
3102 3165 3216 3235 jam
3246 3170 3556 3238 percepisse
3597 3168 3720 3222 illam

478 3253 579 3307 bus
601 3269 659 3308 se
683 3254 900 3308 duxisse
922 3256 987 3308 ad
1013 3247 1264 3308 effectum
1287 3255 1599 3324 opinantur.
1626 3255 1790 3310 Filius
1819 3256 1907 3310 Dei
1933 3256 2061 3310 dicit
2090 3232 2135 3296 ο
2167 3259 2413 3318 aperiam
2438 3253 2802 3323 cognitionem
2827 3270 2947 3325 quae
2989 3232 3180 3312 erit'in
3229 3232 3441 3324 futuro,
3487 3275 3721 3329 exponens

483 3345 588 3399 sibi
622 3347 805 3398 datum
834 3361 954 3400 esse
978 3361 1008 3400 a
1036 3345 1216 3407 Patre,
1246 3357 1302 3398 ut
1327 3347 1526 3400 faceret
1551 3347 1692 3416 quod
1723 3346 1868 3401 fecit.
1912 3346 1975 3400 Et
2005 3357 2058 3400 tu

480 3435 680 3489 vermis
731 3435 987 3499 insolens,
1015 3436 1149 3490 dicis
1176 3446 1228 3490 te
1252 3453 1315 3490 ex
1352 3447 1402 3490 te
1438 3437 1629 3490 fecisse
1685 3439 1826 3505 quod
1860 3437 2057 3492 fecisti.

477 3525 550 3579 Et
583 3544 742 3591 nunc,
776 3530 970 3599 inquit,
997 3531 1231 3598 clari/ica
1281 3548 1381 3596 me,
1415 3541 1470 3583 tu
1504 3530 1684 3596 Pater,
1712 3533 1849 3600 apud
1882 3542 2062 3585 temet-

475 3621 668 3685 ipsum.
723 3620 802 3674 Ac
841 3621 887 3673 si
919 3630 1104 3690 aperte
1155 3623 1298 3676 dicat
1335 3637 1347 3674 :
1388 3623 1508 3676 Feci
1557 3624 1694 3693 quod
1755 3623 2056 3690 injunxisti,

476 3710 639 3764 redde
675 3712 952 3780 prtemiunt
983 3714 1123 3780 quod
1147 3714 1335 3768 nterui.
1376 3713 1623 3782 Clariﬁca
1669 3732 1748 3768 me
1796 3716 1934 3784 apud
1979 3727 2056 3769 te-

477 3805 778 3872 melipsum,
821 3821 908 3860 me
965 3807 1170 3861 scilicet
1216 3823 1311 3876 per
1360 3809 1812 3863 resurrectionem
1859 3808 2060 3880 gloriﬁ-

476 3897 672 3964 cando,
702 3906 758 3951 et
796 3899 861 3952 ad
892 3899 1168 3952 dexteram
1211 3909 1356 3952 tuatn
1383 3899 1757 3968 colloquendo.
1783 3900 2058 3964 Claritate,

478 3987 668 4056 ittqttit,
700 4005 858 4050 quam
881 3990 1040 4042 ltabui
1067 4001 1342 4059 antequam
1383 3993 1608 4044 mundus
1647 3991 1792 4059 ﬁeret
1833 3994 2058 4060 apudte,

475 4077 528 4132 id
551 4088 631 4131 est
655 4078 982 4142 claritatem,
1009 4095 1171 4147 quam
1205 4097 1417 4149 semper
1448 4081 1608 4135 habui
1632 4093 1685 4134 ct
1713 4083 1886 4136 habeo
1912 4083 2057 4152 apud

406 4218 410 4222 .
477 4178 552 4231 te,
585 4184 670 4222 me
695 4169 896 4224 habere
924 4169 1229 4224 hOntinibus
1256 4165 1484 4225 declara.
1516 4171 1845 4240 Manifestari
1875 4189 2060 4226 nomen

475 4269 654 4323 tuum,
684 4275 879 4314 nomen
932 4263 1138 4317 scilicet
1169 4265 1504 4332 paterttitatis
1539 4274 1658 4318 tnze.
1694 4263 1826 4317 Nam
1864 4279 2060 4318 nomen

474 4347 782 4403 divinitatis
813 4351 1080 4420 aliquibus
1127 4361 1310 4406 nottttn
1344 4353 1540 4420 fuerat,
1572 4355 1664 4408 sed
1708 4356 1850 4424 quod
1895 4354 2060 4409 habe-

474 4447 559 4493 ret
603 4439 767 4493 lilium
818 4439 919 4494 sibi
969 4443 1484 4497 consobstantialent
1543 4456 1727 4498 notum
1773 4463 1876 4500 non
1915 4455 2058 4512 erat,

2164 3338 2315 3404 dicit,
2345 3339 2413 3394 Et
2455 3341 2786 3398 crediderunt
2819 3359 2945 3399 vere
2964 3347 3088 3414 quia
3139 3357 3197 3400 tu
3241 3365 3325 3402 nte
3357 3350 3567 3411 misisti,
3593 3350 3640 3402 id
3663 3360 3724 3401 est

2164 3421 2437 3484 incarnari
2477 3433 2827 3488 constituisti.
2857 3433 3050 3490 Postea
3097 3451 3266 3491 orans
3327 3454 3426 3506 pro
3470 3439 3719 3506 discipulis

2165 3519 2277 3576 suis
2309 3524 2403 3588 ait,
2438 3522 2549 3593 Ego
2573 3542 2668 3593 pro
2695 3528 2768 3580 eis
2809 3543 2957 3596 rogo,
2984 3544 3086 3583 non
3133 3547 3232 3597 pro
3260 3532 3479 3595 ntundo,
3505 3532 3727 3585 videbat

2163 3629 2263 3684 pro
2288 3619 2704 3674 conservatione
2729 3635 2938 3686 eorum,
2971 3620 3034 3673 Et
3065 3639 3170 3675 non
3215 3634 3422 3676 tantum
3449 3642 3541 3693 pro
3561 3629 3634 3678 eis
3658 3629 3722 3694 (ut

2153 3712 2286 3772 .post
2313 3706 2575 3775 exponit),
2605 3709 2696 3762 sed
2721 3711 2875 3762 etiam
2897 3727 2992 3780 pro
3019 3711 3095 3764 eis
3115 3712 3207 3780 qui
3239 3715 3491 3766 credituri
3514 3727 3634 3767 sunt
3657 3729 3732 3782 per

2163 3797 2372 3850 verbum
2392 3814 2570 3852 eorum
2602 3801 2654 3854 in
2702 3818 2801 3855 me.
2833 3801 2888 3856 In
2912 3821 3014 3871 qua
3063 3807 3334 3869 oratione,
3366 3806 3563 3863 fratres
3621 3807 3726 3870 md.

2164 3890 2327 3942 etiam
2360 3905 2458 3959 pro
2509 3891 2664 3946 nobis
2690 3895 2886 3956 oravit,
2921 3896 2967 3949 si
3000 3895 3161 3950 fidem
3195 3909 3252 3952 et
3285 3900 3580 3954 doctrinam
3619 3914 3732 3968 apo-

2165 3980 2424 4035 stolorum
2457 3993 2748 4036 sectamur.
2787 3985 2908 4039 Non
2966 4003 3063 4055 pro
3115 3990 3337 4054 mundo,
3384 3991 3576 4059 inquit,
3605 4008 3734 4058 roga,

2167 4069 2220 4124 id
2249 4080 2330 4125 est
2357 4088 2454 4140 pro
2478 4076 2813 4129 amatoribus
2841 4077 3044 4131 tnundi.
3066 4077 3208 4145 Quid
3234 4091 3338 4146 est,
3358 4081 3584 4136 Domine
3605 4081 3739 4146 Iesu,

2164 4166 2305 4232 quod
2335 4166 2504 4222 dicis?
2533 4167 2649 4222 Non
2699 4177 2754 4223 tu
2806 4184 2904 4242 pro
2932 4173 3210 4239 perversis
3241 4173 3544 4228 hominibus
3575 4186 3629 4229 et
3655 4190 3738 4242 pro

2166 4258 2399 4314 inimicis
2444 4261 2728 4320 nostristu
2759 4279 2857 4318 nos
2894 4279 3054 4320 orare
3096 4265 3653 4336 praeepisleonne
3695 4275 3743 4319 tn

2164 4365 2264 4420 pro
2285 4353 2558 4420 perversis
2583 4353 2892 4409 hominibus
2919 4358 3327 4414 etamatoribns
3355 4360 3561 4425 mundi,
3599 4359 3744 4412 idat

2164 4459 2262 4513 pro
2289 4445 2390 4499 illis
2421 4448 2514 4516 qui
2553 4456 2604 4503 te
2655 4449 3069 4514 crucifiserunt,
3096 4467 3166 4507 ne
3211 4453 3517 4508 amitterent
3571 4453 3743 4507 locum

473 4529 713 4596 Quibus?
740 4532 1036 4588 hominibus
1064 4552 1193 4604 quos
1241 4536 1432 4589 άειιὶειὶ
1480 4539 1608 4591 mihi
1655 4538 1717 4590 de
1754 4539 1973 4602 mundo,
1999 4538 2052 4591 id
2086 4575 2135 4636 υ
2163 4548 2219 4592 et
2245 4549 2457 4608 gentem
2482 4540 2663 4604 (Joan.
2704 4543 2803 4615 at),
2860 4545 3032 4599 orasti
3084 4547 3293 4612 dicens.
3323 4547 3496 4610 Pater,
3547 4548 3746 4602 diuidi

473 4635 558 4680 est
584 4626 688 4680 illis
735 4641 870 4696 quos
909 4627 975 4681 de
1021 4643 1197 4683 massa
1244 4631 1705 4699 praevaricationis
1757 4631 2053 4701 segregans

472 4732 570 4787 per
597 4717 754 4772 fidem
799 4718 930 4772 mihi
957 4717 1305 4786 conjunxisti.
1353 4720 1472 4786 Tui,
1520 4721 1719 4790 inquit,
1765 4733 1915 4775 erant
1945 4721 2054 4776 cleo

471 4813 672 4877 ctione,
711 4825 758 4867 et
781 4814 910 4867 mihi
933 4830 1020 4868 eos
1050 4815 1240 4869 dedisti
1266 4815 1564 4869 vocatione.
1595 4815 1730 4869 Cum
1763 4815 1903 4868 illius
1927 4831 2053 4885 pos-

471 4907 646 4961 sideat
685 4907 863 4961 omnia
893 4908 1077 4963 eadem
1122 4908 1445 4963 auctoritate
1490 4923 1612 4960 cunt
1663 4906 1845 4975 Patre,
1873 4918 2054 4965 tamen

470 4996 526 5054 in
561 4999 812 5054 omnibus
843 4999 1090 5056 deferens
1116 4997 1286 5061 Patri,
1318 4998 1450 5052 dicit
1470 4997 1684 5052 Patrem
1713 5000 1924 5056 dedisse
1947 5001 2054 5056 sibi

470 5100 726 5160 tanquam
757 5092 1032 5156 .homini,
1089 5090 1169 5144 vel
1216 5091 1377 5144 etiam
1433 5101 1688 5160 tanquam
1736 5091 1894 5157 Filio,
1921 5108 2072 5162 quo!

469 5185 616 5241 niam
630 5186 1080 5254 quemadmodum
1105 5200 1199 5254 per
1223 5183 1556 5239 nativitatem
1584 5184 1721 5240 Deus
1741 5200 1807 5240 ex
1829 5187 1961 5254 Deo,
1979 5187 2055 5241 ita

467 5289 552 5332 est
578 5280 782 5334 habens
810 5295 876 5333 ex
916 5280 1169 5333 habente.

543 5371 800 5443 Sequitur
825 5387 951 5441 pars
993 5371 1256 5435 secunda,
1301 5371 1351 5426 itt
1387 5387 1490 5441 qua
1548 5372 1718 5429 Filius
1753 5373 2060 5443 interpellat

469 5478 676 5534 patrem
718 5481 817 5536 pro
868 5455 1088 5519 suorum
1117 5467 1545 5534 conservatione.
1577 5465 1820 5520 Primum
1871 5483 2056 5522 eorum

472 5556 722 5609 nteritunt
769 5555 1124 5619 ostendendo,
1162 5566 1343 5625 postea
1386 5571 1482 5626 pro
1529 5559 1609 5612 eis
1637 5557 1861 5611 orando.
1889 5557 2058 5613 Porro

472 5649 726 5724 meritum
754 5663 943 5720 eorum
971 5650 1227 5712 ostendit,
1271 5665 1394 5704 cum
1424 5650 1627 5714 subdit,
1673 5647 1734 5702 Et
1765 5666 2057 5704 sermonem

471 5755 645 5817 meum
674 5752 1042 5817 servaverunt.
1072 5742 1128 5820 In
1161 5758 1268 5812 quo
1295 5743 1627 5814 demonstrat
1651 5740 1822 5802 nobis.
1861 5740 2068 5815 fratres.

475 5829 602 5898 mei,
636 5831 778 5905 quod
826 5832 870 5887 si
917 5832 1160 5889 volumus
1203 5849 1324 5890 eum
1383 5833 1732 5910 interpellare
1772 5849 1869 5907 pro
1899 5833 2054 5889 nobis

2158 4631 2288 4696 illis,
2307 4635 2429 4703 quia
2469 4637 2705 4692 nesciunt
2729 4638 2856 4709 quid
2886 4639 3304 4709 [aciunt.’(Lue.
3328 4641 3500 4708 unt.)
3525 4640 3744 4709 Utique.

2156 4722 2264 4778 Sed
2295 4740 2393 4793 pro
2422 4725 2527 4782 illis
2557 4742 2694 4796 quos
2723 4729 2778 4783 in
2805 4731 3092 4798 praesentia
3125 4747 3223 4786 sua
3249 4733 3316 4787 ab
3340 4746 3526 4786 amore
3559 4730 3741 4784 modi

2154 4813 2222 4868 ad
2247 4828 2487 4870 amorem
2530 4815 2621 4870 Dei
2651 4828 2878 4874 noverat
2903 4823 3318 4887 convertendos,
3353 4822 3598 4888 rogavit.
3643 4817 3744 4872 Sed

2155 4919 2253 4959 nos
2283 4904 2502 4972 fratres,
2523 4922 2619 4978 pro
2641 4909 2973 4978 quibuslibet
3007 4912 3282 4980 perversis
3304 4925 3588 4980 rogamus.
3621 4911 3743 4978 ιιυίλ

2155 5010 2283 5050 cum
2329 4999 2572 5052 converti
2603 5014 2792 5056 omnes
2834 5001 3066 5070 possint,
3099 5011 3277 5056 tamen
3324 5002 3404 5071 qui
3429 5011 3588 5054 sunt
3621 5015 3748 5055 eoa-

2154 5088 2418 5154 vertcndi,
2452 5088 2536 5144 vel
2583 5091 2674 5164 qui
2721 5106 2850 5158 non,
2896 5092 3233 5162 ignoramus.
3262 5091 3357 5146 Sed
3393 5108 3501 5160 pro
3533 5094 3644 5156 eis,
3675 5093 3745 5142 in-

2154 5179 2293 5247 quit,
2317 5195 2446 5248 quos
2476 5179 2667 5234 dedisti
2698 5182 2846 5246 mihi,
2879 5181 2930 5236 id
2977 5193 3061 5238 est
3086 5198 3222 5252 quos
3250 5184 3315 5237 ab
3332 5196 3524 5236 amore
3555 5183 3748 5234 mnud'

2157 5284 2468 5338 segregans,
2498 5286 2648 5328 meos
2677 5287 2772 5341 per
2799 5271 2960 5326 [idem
2989 5283 3046 5327 et
3079 5273 3379 5328 charitatem
3408 5270 3654 5326 fecisti.
3687 5269 3726 5324 Ε

2157 5371 2306 5416 ιιιιιιιι
2339 5372 2442 5428 est,
2495 5361 2659 5419 Pater
2689 5365 2782 5430 mi,
2808 5365 3072 5420 esaudire
3103 5381 3189 5420 me
3217 5380 3307 5434 pro
3328 5364 3391 5418 eis
3443 5373 3746 5424 orantem.

2153 5455 2281 5524 quia
2309 5456 2386 5508 tui
2414 5465 2558 5520 sunt,
2582 5471 2686 5510 non
2711 5455 2884 5510 solum
2911 5457 3268 5527 possessione,
3283 5455 3750 5530 quemadmodum

2155 5547 2378 5612 dicitur,
2403 5547 2527 5616 quia
2559 5546 2770 5600 Domini
2799 5559 2872 5600 est
2899 5559 3041 5602 terra
3062 5561 3109 5602 et
3131 5545 3372 5617 plenitudo
3391 5545 3548 5612 ejus
3573 5542 3746 5615 (Psd.

2157 5643 2337 5712 unt),
2372 5657 2473 5696 nec
2500 5641 2671 5696 solum
2708 5640 3026 5705 ministerio,
3052 5637 3497 5710 quemadmodum
3545 5637 3748 5691 dicitur

2156 5735 2282 5806 quia
2334 5735 2506 5790 tribus
2532 5731 2663 5790 Levi
2717 5733 2928 5788 Domini
2958 5742 3043 5788 est
3071 5733 3249 5802 (Nunt.
3277 5728 3364 5802 tn).
3405 5725 3552 5783 Sed
3578 5727 3746 5783 ω

2158 5829 2235 5886 ιιιὶ
2295 5828 2504 5902 proprii
2554 5835 2755 5886 aeterna
2808 5814 3294 5897 praedestinatione,
3339 5817 3652 5876 electione
3693 5827 3744 5872 et
