  <div class='ocr_page' id='page_1' title='image "/cluster/home/n/w/nwhite01/storage/ocr_20150623/155/hvd.32044015473838/964.png"; bbox 0 0 3822 6316; ppageno 0'>
   <div class='ocr_carea' id='block_1_1' title="bbox 59 423 178 481">
    <p class='ocr_par' dir='ltr' id='par_1_1' title="bbox 59 423 178 481">
     <span class='ocr_line' id='line_1_1' title="bbox 59 423 178 481; baseline -0.042 0"><span class='ocrx_word' id='word_1_1' title='bbox 59 423 178 481; x_wconf 83' lang='lat' dir='ltr'><strong>I9I7</strong></span> 
     </span>
    </p>
   </div>
   <div class='ocr_carea' id='block_1_2' title="bbox 701 411 1603 473">
    <p class='ocr_par' dir='ltr' id='par_1_2' title="bbox 701 411 1603 471">
     <span class='ocr_line' id='line_1_2' title="bbox 701 411 1603 471; baseline 0.001 -4"><span class='ocrx_word' id='word_1_2' title='bbox 701 411 1008 470; x_wconf 70' lang='grc' dir='ltr'><strong>ιιοιιιιυε</strong></span> <span class='ocrx_word' id='word_1_3' title='bbox 1039 413 1105 469; x_wconf 74' lang='lat' dir='ltr'><strong>IN</strong></span> <span class='ocrx_word' id='word_1_4' title='bbox 1146 413 1360 471; x_wconf 76' lang='lat' dir='ltr'><strong>EPIS&#39;I‘.</strong></span> <span class='ocrx_word' id='word_1_5' title='bbox 1396 413 1496 471; x_wconf 74' lang='grc' dir='ltr'><strong>ἘΤ</strong></span> <span class='ocrx_word' id='word_1_6' title='bbox 1535 414 1603 471; x_wconf 73' lang='lat' dir='ltr'><strong>El</strong></span> 
     </span>
    </p>
   </div>
   <div class='ocr_carea' id='block_1_3' title="bbox 1709 411 2528 473">
    <p class='ocr_par' dir='ltr' id='par_1_3' title="bbox 1709 413 2528 473">
     <span class='ocr_line' id='line_1_3' title="bbox 1709 413 2528 473; baseline 0.004 -3"><span class='ocrx_word' id='word_1_7' title='bbox 1709 413 1790 471; x_wconf 85' lang='lat' dir='ltr'><strong>lG.</strong></span> <span class='ocrx_word' id='word_1_8' title='bbox 1824 413 2122 472; x_wconf 74' lang='lat' dir='ltr'><strong>DOMINIC.</strong></span> <span class='ocrx_word' id='word_1_9' title='bbox 2161 447 2224 457; x_wconf 95' lang='lat'><em>—</em></span> <span class='ocrx_word' id='word_1_10' title='bbox 2266 413 2444 470; x_wconf 78' lang='lat' dir='ltr'><strong>PARS</strong></span> <span class='ocrx_word' id='word_1_11' title='bbox 2486 415 2528 473; x_wconf 91' lang='lat' dir='ltr'><strong>I.</strong></span> 
     </span>
    </p>
   </div>
   <div class='ocr_carea' id='block_1_4' title="bbox 3107 411 3288 479">
    <p class='ocr_par' dir='ltr' id='par_1_4' title="bbox 3107 411 3288 479">
     <span class='ocr_line' id='line_1_4' title="bbox 3107 411 3288 479; baseline 0.006 -1"><span class='ocrx_word' id='word_1_12' title='bbox 3107 411 3288 479; x_wconf 59' lang='grc'><strong>(1918</strong></span> 
     </span>
    </p>
   </div>
   <div class='ocr_carea' id='block_1_5' title="bbox 57 529 3288 605">
    <p class='ocr_par' dir='ltr' id='par_1_5' title="bbox 57 529 3288 605">
     <span class='ocr_line' id='line_1_5' title="bbox 57 529 3288 605; baseline -0.001 -9"><span class='ocrx_word' id='word_1_13' title='bbox 57 535 335 596; x_wconf 75' lang='lat' dir='ltr'><strong>dilectione.</strong></span> <span class='ocrx_word' id='word_1_14' title='bbox 396 529 462 584; x_wconf 81' lang='lat' dir='ltr'><strong>Et</strong></span> <span class='ocrx_word' id='word_1_15' title='bbox 514 541 581 583; x_wconf 82' lang='lat' dir='ltr'><strong>ne</strong></span> <span class='ocrx_word' id='word_1_16' title='bbox 644 529 956 584; x_wconf 77' lang='lat' dir='ltr'><strong>viderentur</strong></span> <span class='ocrx_word' id='word_1_17' title='bbox 1017 529 1091 585; x_wconf 91' lang='lat' dir='ltr'><strong>illi</strong></span> <span class='ocrx_word' id='word_1_18' title='bbox 1147 531 1261 599; x_wconf 76' lang='lat' dir='ltr'><strong>jam</strong></span> <span class='ocrx_word' id='word_1_19' title='bbox 1334 547 1440 588; x_wconf 90' lang='lat' dir='ltr'><strong>non</strong></span> <span class='ocrx_word' id='word_1_20' title='bbox 1486 531 1902 591; x_wconf 74' lang='lat' dir='ltr'><strong>esseAbouam</strong></span> <span class='ocrx_word' id='word_1_21' title='bbox 1962 540 2164 587; x_wconf 86' lang='lat' dir='ltr'><strong>terram</strong></span> <span class='ocrx_word' id='word_1_22' title='bbox 2232 530 2364 586; x_wconf 90' lang='lat' dir='ltr'><strong>facit</strong></span> <span class='ocrx_word' id='word_1_23' title='bbox 2421 531 2677 596; x_wconf 87' lang='lat' dir='ltr'><strong>fructum,</strong></span> <span class='ocrx_word' id='word_1_24' title='bbox 2724 531 2870 589; x_wconf 83' lang='lat' dir='ltr'><strong>aliud</strong></span> <span class='ocrx_word' id='word_1_25' title='bbox 2923 535 3138 605; x_wconf 91' lang='lat' dir='ltr'><strong>quidem</strong></span> <span class='ocrx_word' id='word_1_26' title='bbox 3197 541 3288 592; x_wconf 83' lang='lat' dir='ltr'><strong>tri-</strong></span> 
     </span>
    </p>
   </div>
   <div class='ocr_carea' id='block_1_6' title="bbox 57 621 1604 694">
    <p class='ocr_par' dir='ltr' id='par_1_6' title="bbox 57 621 1604 694">
     <span class='ocr_line' id='line_1_6' title="bbox 57 621 1604 694; baseline -0.006 -5"><span class='ocrx_word' id='word_1_27' title='bbox 57 631 240 694; x_wconf 85' lang='lat' dir='ltr'><strong>Patris.</strong></span> <span class='ocrx_word' id='word_1_28' title='bbox 288 621 582 693; x_wconf 78' lang='lat' dir='ltr'><strong>ideoquia</strong></span> <span class='ocrx_word' id='word_1_29' title='bbox 644 621 756 677; x_wconf 88' lang='lat' dir='ltr'><strong>dati</strong></span> <span class='ocrx_word' id='word_1_30' title='bbox 814 621 1057 678; x_wconf 26' lang='lat' dir='ltr'><strong>arPatre</strong></span> <span class='ocrx_word' id='word_1_31' title='bbox 1123 623 1226 692; x_wconf 88' lang='lat' dir='ltr'><strong>ipsi</strong></span> <span class='ocrx_word' id='word_1_32' title='bbox 1271 621 1413 680; x_wconf 80' lang='lat' dir='ltr'><strong>Filio</strong></span> <span class='ocrx_word' id='word_1_33' title='bbox 1472 625 1604 680; x_wconf 88' lang='lat' dir='ltr'><strong>sub-</strong></span> 
     </span>
    </p>
   </div>
   <div class='ocr_carea' id='block_1_7' title="bbox 57 713 1601 781">
    <p class='ocr_par' dir='ltr' id='par_1_7' title="bbox 57 713 1601 781">
     <span class='ocr_line' id='line_1_7' title="bbox 57 713 1601 781; baseline -0.008 0"><span class='ocrx_word' id='word_1_34' title='bbox 57 729 125 781; x_wconf 88' lang='lat' dir='ltr'><strong>dit</strong></span> <span class='ocrx_word' id='word_1_35' title='bbox 169 742 182 779; x_wconf 87' lang='lat'><strong>:</strong></span> <span class='ocrx_word' id='word_1_36' title='bbox 236 719 300 774; x_wconf 82' lang='lat' dir='ltr'><strong>Et</strong></span> <span class='ocrx_word' id='word_1_37' title='bbox 345 731 458 772; x_wconf 78' lang='lat' dir='ltr'><strong>mea</strong></span> <span class='ocrx_word' id='word_1_38' title='bbox 502 713 682 769; x_wconf 79' lang='lat' dir='ltr'><strong>omnia</strong></span> <span class='ocrx_word' id='word_1_39' title='bbox 731 723 826 769; x_wconf 77' lang='lat' dir='ltr'><strong>tua</strong></span> <span class='ocrx_word' id='word_1_40' title='bbox 871 724 1020 776; x_wconf 79' lang='lat' dir='ltr'><strong>sunt,</strong></span> <span class='ocrx_word' id='word_1_41' title='bbox 1057 725 1106 768; x_wconf 85' lang='lat' dir='ltr'><strong>et</strong></span> <span class='ocrx_word' id='word_1_42' title='bbox 1160 725 1252 770; x_wconf 85' lang='lat' dir='ltr'><strong>tua</strong></span> <span class='ocrx_word' id='word_1_43' title='bbox 1289 730 1406 770; x_wconf 82' lang='lat' dir='ltr'><strong>mea</strong></span> <span class='ocrx_word' id='word_1_44' title='bbox 1456 721 1601 769; x_wconf 83' lang='lat' dir='ltr'><strong>sunt.</strong></span> 
     </span>
    </p>
   </div>
   <div class='ocr_carea' id='block_1_8' title="bbox 57 804 1603 876">
    <p class='ocr_par' dir='ltr' id='par_1_8' title="bbox 57 804 1603 876">
     <span class='ocr_line' id='line_1_8' title="bbox 57 804 1603 876; baseline -0.008 -4"><span class='ocrx_word' id='word_1_45' title='bbox 57 816 150 872; x_wconf 81' lang='lat' dir='ltr'><strong>Nec</strong></span> <span class='ocrx_word' id='word_1_46' title='bbox 173 811 380 876; x_wconf 90' lang='lat' dir='ltr'><strong>mirum,</strong></span> <span class='ocrx_word' id='word_1_47' title='bbox 407 805 455 862; x_wconf 91' lang='lat' dir='ltr'><strong>si</strong></span> <span class='ocrx_word' id='word_1_48' title='bbox 500 805 554 860; x_wconf 89' lang='lat' dir='ltr'><strong>in</strong></span> <span class='ocrx_word' id='word_1_49' title='bbox 585 804 954 861; x_wconf 75' lang='lat' dir='ltr'><strong>dominatione</strong></span> <span class='ocrx_word' id='word_1_50' title='bbox 977 813 1033 858; x_wconf 91' lang='lat' dir='ltr'><strong>et</strong></span> <span class='ocrx_word' id='word_1_51' title='bbox 1059 805 1402 875; x_wconf 83' lang='lat' dir='ltr'><strong>possessione</strong></span> <span class='ocrx_word' id='word_1_52' title='bbox 1437 820 1603 860; x_wconf 91' lang='lat' dir='ltr'><strong>unum</strong></span> 
     </span>
    </p>
   </div>
   <div class='ocr_carea' id='block_1_9' title="bbox 56 897 1603 973">
    <p class='ocr_par' dir='ltr' id='par_1_9' title="bbox 56 897 1603 973">
     <span class='ocr_line' id='line_1_9' title="bbox 56 897 1603 973; baseline -0.006 -12"><span class='ocrx_word' id='word_1_53' title='bbox 56 910 168 971; x_wconf 86' lang='lat' dir='ltr'><strong>sint,</strong></span> <span class='ocrx_word' id='word_1_54' title='bbox 197 902 282 973; x_wconf 91' lang='lat' dir='ltr'><strong>qui</strong></span> <span class='ocrx_word' id='word_1_55' title='bbox 320 897 615 964; x_wconf 73' lang='lat' dir='ltr'><strong>voluntate,</strong></span> <span class='ocrx_word' id='word_1_56' title='bbox 669 897 953 966; x_wconf 84' lang='lat' dir='ltr'><strong>majestate</strong></span> <span class='ocrx_word' id='word_1_57' title='bbox 997 905 1054 952; x_wconf 92' lang='lat' dir='ltr'><strong>et</strong></span> <span class='ocrx_word' id='word_1_58' title='bbox 1094 897 1414 962; x_wconf 88' lang='lat' dir='ltr'><strong>substantia,</strong></span> <span class='ocrx_word' id='word_1_59' title='bbox 1441 912 1603 951; x_wconf 88' lang='lat' dir='ltr'><strong>unum</strong></span> 
     </span>
    </p>
   </div>
   <div class='ocr_carea' id='block_1_10' title="bbox 54 987 1607 1060">
    <p class='ocr_par' dir='ltr' id='par_1_10' title="bbox 54 987 1607 1060">
     <span class='ocr_line' id='line_1_10' title="bbox 54 987 1607 1060; baseline -0.006 -8"><span class='ocrx_word' id='word_1_60' title='bbox 54 1004 182 1052; x_wconf 88' lang='lat' dir='ltr'><strong>sunt.</strong></span> <span class='ocrx_word' id='word_1_61' title='bbox 229 992 285 1046; x_wconf 91' lang='lat' dir='ltr'><strong>In</strong></span> <span class='ocrx_word' id='word_1_62' title='bbox 322 1005 428 1060; x_wconf 91' lang='lat' dir='ltr'><strong>quo</strong></span> <span class='ocrx_word' id='word_1_63' title='bbox 473 987 629 1043; x_wconf 88' lang='lat' dir='ltr'><strong>nobis</strong></span> <span class='ocrx_word' id='word_1_64' title='bbox 667 989 1070 1043; x_wconf 90' lang='lat' dir='ltr'><strong>demonstratur</strong></span> <span class='ocrx_word' id='word_1_65' title='bbox 1095 989 1346 1044; x_wconf 84' lang='lat' dir='ltr'><strong>carnales</strong></span> <span class='ocrx_word' id='word_1_66' title='bbox 1391 1004 1607 1058; x_wconf 89' lang='lat' dir='ltr'><strong>quoque</strong></span> 
     </span>
    </p>
   </div>
   <div class='ocr_carea' id='block_1_11' title="bbox 56 1079 1606 1152">
    <p class='ocr_par' dir='ltr' id='par_1_11' title="bbox 56 1079 1606 1152">
     <span class='ocr_line' id='line_1_11' title="bbox 56 1079 1606 1152; baseline -0.003 -14"><span class='ocrx_word' id='word_1_67' title='bbox 56 1086 248 1146; x_wconf 80' lang='lat' dir='ltr'><strong>fratres,</strong></span> <span class='ocrx_word' id='word_1_68' title='bbox 273 1093 448 1152; x_wconf 78' lang='lat' dir='ltr'><strong>patres</strong></span> <span class='ocrx_word' id='word_1_69' title='bbox 479 1089 535 1134; x_wconf 93' lang='lat' dir='ltr'><strong>et</strong></span> <span class='ocrx_word' id='word_1_70' title='bbox 564 1079 722 1144; x_wconf 84' lang='lat' dir='ltr'><strong>filios,</strong></span> <span class='ocrx_word' id='word_1_71' title='bbox 761 1079 901 1134; x_wconf 89' lang='lat' dir='ltr'><strong>sicut</strong></span> <span class='ocrx_word' id='word_1_72' title='bbox 928 1080 1212 1149; x_wconf 74' lang='lat' dir='ltr'><strong>sanguine,</strong></span> <span class='ocrx_word' id='word_1_73' title='bbox 1244 1081 1316 1134; x_wconf 92' lang='lat' dir='ltr'><strong>ita</strong></span> <span class='ocrx_word' id='word_1_74' title='bbox 1343 1095 1528 1134; x_wconf 90' lang='lat' dir='ltr'><strong>amore</strong></span> <span class='ocrx_word' id='word_1_75' title='bbox 1551 1087 1606 1134; x_wconf 90' lang='lat' dir='ltr'><strong>et</strong></span> 
     </span>
    </p>
   </div>
   <div class='ocr_carea' id='block_1_12' title="bbox 56 1172 1603 1250">
    <p class='ocr_par' dir='ltr' id='par_1_12' title="bbox 56 1172 1603 1250">
     <span class='ocr_line' id='line_1_12' title="bbox 56 1172 1603 1250; baseline -0.005 -17"><span class='ocrx_word' id='word_1_76' title='bbox 56 1177 372 1250; x_wconf 86' lang='lat' dir='ltr'><strong>possessione</strong></span> <span class='ocrx_word' id='word_1_77' title='bbox 418 1188 581 1228; x_wconf 91' lang='lat' dir='ltr'><strong>unum</strong></span> <span class='ocrx_word' id='word_1_78' title='bbox 625 1187 750 1228; x_wconf 90' lang='lat' dir='ltr'><strong>esse</strong></span> <span class='ocrx_word' id='word_1_79' title='bbox 792 1173 1028 1231; x_wconf 89' lang='lat' dir='ltr'><strong>debere.</strong></span> <span class='ocrx_word' id='word_1_80' title='bbox 1062 1172 1385 1240; x_wconf 81' lang='lat' dir='ltr'><strong>Patremque</strong></span> <span class='ocrx_word' id='word_1_81' title='bbox 1431 1172 1603 1228; x_wconf 89' lang='lat' dir='ltr'><strong>abun-</strong></span> 
     </span>
    </p>
   </div>
   <div class='ocr_carea' id='block_1_13' title="bbox 59 1263 1602 1329">
    <p class='ocr_par' dir='ltr' id='par_1_13' title="bbox 59 1263 1602 1329">
     <span class='ocr_line' id='line_1_13' title="bbox 59 1263 1602 1329; baseline -0.003 -7"><span class='ocrx_word' id='word_1_82' title='bbox 59 1271 274 1328; x_wconf 88' lang='lat' dir='ltr'><strong>dantem,</strong></span> <span class='ocrx_word' id='word_1_83' title='bbox 315 1263 422 1318; x_wconf 85' lang='lat' dir='ltr'><strong>lilio</strong></span> <span class='ocrx_word' id='word_1_84' title='bbox 467 1263 838 1328; x_wconf 81' lang='lat' dir='ltr'><strong>mendicante,</strong></span> <span class='ocrx_word' id='word_1_85' title='bbox 880 1263 962 1318; x_wconf 81' lang='lat' dir='ltr'><strong>vel</strong></span> <span class='ocrx_word' id='word_1_86' title='bbox 1001 1264 1167 1318; x_wconf 85' lang='lat' dir='ltr'><strong>lilium</strong></span> <span class='ocrx_word' id='word_1_87' title='bbox 1217 1265 1602 1329; x_wconf 80' lang='lat' dir='ltr'><strong>abundantem,</strong></span> 
     </span>
    </p>
   </div>
   <div class='ocr_carea' id='block_1_14' title="bbox 55 1354 1606 1428">
    <p class='ocr_par' dir='ltr' id='par_1_14' title="bbox 55 1354 1606 1428">
     <span class='ocr_line' id='line_1_14' title="bbox 55 1354 1606 1428; baseline -0.001 -17"><span class='ocrx_word' id='word_1_88' title='bbox 55 1367 187 1428; x_wconf 84' lang='lat' dir='ltr'><strong>patre</strong></span> <span class='ocrx_word' id='word_1_89' title='bbox 207 1355 558 1420; x_wconf 84' lang='lat' dir='ltr'><strong>mendicante,</strong></span> <span class='ocrx_word' id='word_1_90' title='bbox 583 1354 785 1422; x_wconf 89' lang='lat' dir='ltr'><strong>pariter</strong></span> <span class='ocrx_word' id='word_1_91' title='bbox 808 1355 1174 1409; x_wconf 88' lang='lat' dir='ltr'><strong>condemnari.</strong></span> <span class='ocrx_word' id='word_1_92' title='bbox 1195 1354 1258 1409; x_wconf 83' lang='lat' dir='ltr'><strong>Et</strong></span> <span class='ocrx_word' id='word_1_93' title='bbox 1285 1355 1606 1422; x_wconf 78' lang='lat' dir='ltr'><strong>clariﬁcatus</strong></span> 
     </span>
    </p>
   </div>
   <div class='ocr_carea' id='block_1_15' title="bbox 57 1437 1604 1517">
    <p class='ocr_par' dir='ltr' id='par_1_15' title="bbox 57 1437 1604 1517">
     <span class='ocr_line' id='line_1_15' title="bbox 57 1437 1604 1517; baseline -0.004 -11"><span class='ocrx_word' id='word_1_94' title='bbox 57 1467 154 1506; x_wconf 82' lang='lat' dir='ltr'><strong>sum</strong></span> <span class='ocrx_word' id='word_1_95' title='bbox 191 1449 376 1517; x_wconf 84' lang='lat' dir='ltr'><strong>inquit,</strong></span> <span class='ocrx_word' id='word_1_96' title='bbox 418 1447 474 1500; x_wconf 89' lang='lat' dir='ltr'><strong>in</strong></span> <span class='ocrx_word' id='word_1_97' title='bbox 501 1446 604 1512; x_wconf 88' lang='lat' dir='ltr'><strong>eis,</strong></span> <span class='ocrx_word' id='word_1_98' title='bbox 637 1447 687 1501; x_wconf 91' lang='lat' dir='ltr'><strong>id</strong></span> <span class='ocrx_word' id='word_1_99' title='bbox 737 1447 900 1501; x_wconf 87' lang='lat' dir='ltr'><strong>estin</strong></span> <span class='ocrx_word' id='word_1_100' title='bbox 935 1447 1015 1502; x_wconf 87' lang='lat' dir='ltr'><strong>eis</strong></span> <span class='ocrx_word' id='word_1_101' title='bbox 1056 1463 1191 1517; x_wconf 89' lang='lat' dir='ltr'><strong>quos</strong></span> <span class='ocrx_word' id='word_1_102' title='bbox 1220 1437 1414 1502; x_wconf 63' lang='lat' dir='ltr'><strong>dedisti</strong></span> <span class='ocrx_word' id='word_1_103' title='bbox 1450 1448 1604 1512; x_wconf 90' lang='lat' dir='ltr'><strong>mihi,</strong></span> 
     </span>
    </p>
   </div>
   <div class='ocr_carea' id='block_1_16' title="bbox 57 1535 1606 1612">
    <p class='ocr_par' dir='ltr' id='par_1_16' title="bbox 57 1535 1606 1612">
     <span class='ocr_line' id='line_1_16' title="bbox 57 1535 1606 1612; baseline -0.003 -18"><span class='ocrx_word' id='word_1_104' title='bbox 57 1557 174 1612; x_wconf 92' lang='lat' dir='ltr'><strong>quos</strong></span> <span class='ocrx_word' id='word_1_105' title='bbox 195 1539 294 1593; x_wconf 87' lang='lat' dir='ltr'><strong>fide</strong></span> <span class='ocrx_word' id='word_1_106' title='bbox 317 1546 370 1593; x_wconf 92' lang='lat' dir='ltr'><strong>et</strong></span> <span class='ocrx_word' id='word_1_107' title='bbox 391 1537 645 1605; x_wconf 82' lang='lat' dir='ltr'><strong>operibus</strong></span> <span class='ocrx_word' id='word_1_108' title='bbox 674 1546 834 1606; x_wconf 90' lang='lat' dir='ltr'><strong>atque</strong></span> <span class='ocrx_word' id='word_1_109' title='bbox 857 1537 966 1590; x_wconf 83' lang='lat' dir='ltr'><strong>vita</strong></span> <span class='ocrx_word' id='word_1_110' title='bbox 997 1535 1310 1602; x_wconf 84' lang='lat' dir='ltr'><strong>clarificavi,</strong></span> <span class='ocrx_word' id='word_1_111' title='bbox 1339 1535 1606 1590; x_wconf 84' lang='lat' dir='ltr'><strong>clarifica-</strong></span> 
     </span>
    </p>
   </div>
   <div class='ocr_carea' id='block_1_17' title="bbox 58 1628 1608 1699">
    <p class='ocr_par' dir='ltr' id='par_1_17' title="bbox 58 1628 1608 1699">
     <span class='ocr_line' id='line_1_17' title="bbox 58 1628 1608 1699; baseline -0.004 -11"><span class='ocrx_word' id='word_1_112' title='bbox 58 1645 132 1688; x_wconf 91' lang='lat' dir='ltr'><strong>tus</strong></span> <span class='ocrx_word' id='word_1_113' title='bbox 175 1647 305 1686; x_wconf 91' lang='lat' dir='ltr'><strong>sum.</strong></span> <span class='ocrx_word' id='word_1_114' title='bbox 338 1629 587 1683; x_wconf 83' lang='lat' dir='ltr'><strong>Clarifica</strong></span> <span class='ocrx_word' id='word_1_115' title='bbox 611 1643 827 1699; x_wconf 90' lang='lat' dir='ltr'><strong>quoque</strong></span> <span class='ocrx_word' id='word_1_116' title='bbox 875 1636 931 1683; x_wconf 91' lang='lat' dir='ltr'><strong>et</strong></span> <span class='ocrx_word' id='word_1_117' title='bbox 977 1643 1096 1691; x_wconf 90' lang='lat' dir='ltr'><strong>nos,</strong></span> <span class='ocrx_word' id='word_1_118' title='bbox 1122 1643 1450 1696; x_wconf 64' lang='lat' dir='ltr'><strong>quaesumus,</strong></span> <span class='ocrx_word' id='word_1_119' title='bbox 1502 1628 1608 1682; x_wconf 82' lang='lat' dir='ltr'><strong>Do-</strong></span> 
     </span>
    </p>
   </div>
   <div class='ocr_carea' id='block_1_18' title="bbox 57 1716 1602 1782">
    <p class='ocr_par' dir='ltr' id='par_1_18' title="bbox 57 1716 1602 1782">
     <span class='ocr_line' id='line_1_18' title="bbox 57 1716 1602 1782; baseline -0.004 -5"><span class='ocrx_word' id='word_1_120' title='bbox 57 1723 185 1778; x_wconf 88' lang='lat' dir='ltr'><strong>mine</strong></span> <span class='ocrx_word' id='word_1_121' title='bbox 230 1717 350 1773; x_wconf 82' lang='lat' dir='ltr'><strong>Jesu</strong></span> <span class='ocrx_word' id='word_1_122' title='bbox 373 1717 613 1782; x_wconf 84' lang='lat' dir='ltr'><strong>Christe,</strong></span> <span class='ocrx_word' id='word_1_123' title='bbox 647 1727 706 1771; x_wconf 95' lang='lat' dir='ltr'><strong>ut</strong></span> <span class='ocrx_word' id='word_1_124' title='bbox 756 1727 811 1773; x_wconf 91' lang='lat' dir='ltr'><strong>et</strong></span> <span class='ocrx_word' id='word_1_125' title='bbox 866 1729 921 1772; x_wconf 91' lang='lat' dir='ltr'><strong>tu</strong></span> <span class='ocrx_word' id='word_1_126' title='bbox 967 1716 1020 1771; x_wconf 92' lang='lat' dir='ltr'><strong>in</strong></span> <span class='ocrx_word' id='word_1_127' title='bbox 1066 1717 1222 1772; x_wconf 90' lang='lat' dir='ltr'><strong>nobis</strong></span> <span class='ocrx_word' id='word_1_128' title='bbox 1269 1716 1602 1772; x_wconf 86' lang='lat' dir='ltr'><strong>clariliceris.</strong></span> 
     </span>
    </p>
   </div>
   <div class='ocr_carea' id='block_1_19' title="bbox 60 1809 1608 1880">
    <p class='ocr_par' dir='ltr' id='par_1_19' title="bbox 60 1809 1608 1880">
     <span class='ocr_line' id='line_1_19' title="bbox 60 1809 1608 1880; baseline -0.004 -12"><span class='ocrx_word' id='word_1_129' title='bbox 60 1809 340 1873; x_wconf 84' lang='lat' dir='ltr'><strong>Sauctifica,</strong></span> <span class='ocrx_word' id='word_1_130' title='bbox 370 1809 614 1880; x_wconf 88' lang='lat' dir='ltr'><strong>inquam,</strong></span> <span class='ocrx_word' id='word_1_131' title='bbox 643 1824 764 1875; x_wconf 89' lang='lat' dir='ltr'><strong>nos,</strong></span> <span class='ocrx_word' id='word_1_132' title='bbox 790 1817 849 1863; x_wconf 92' lang='lat' dir='ltr'><strong>ut</strong></span> <span class='ocrx_word' id='word_1_133' title='bbox 900 1818 956 1864; x_wconf 93' lang='lat' dir='ltr'><strong>et</strong></span> <span class='ocrx_word' id='word_1_134' title='bbox 984 1817 1040 1863; x_wconf 94' lang='lat' dir='ltr'><strong>tu</strong></span> <span class='ocrx_word' id='word_1_135' title='bbox 1073 1809 1126 1863; x_wconf 92' lang='lat' dir='ltr'><strong>in</strong></span> <span class='ocrx_word' id='word_1_136' title='bbox 1182 1810 1336 1865; x_wconf 89' lang='lat' dir='ltr'><strong>nobis</strong></span> <span class='ocrx_word' id='word_1_137' title='bbox 1367 1809 1608 1864; x_wconf 87' lang='lat' dir='ltr'><strong>sanctifi-</strong></span> 
     </span>
    </p>
   </div>
   <div class='ocr_carea' id='block_1_20' title="bbox 1709 623 3284 693">
    <p class='ocr_par' dir='ltr' id='par_1_20' title="bbox 1709 623 3284 693">
     <span class='ocr_line' id='line_1_20' title="bbox 1709 623 3284 693; baseline 0.006 -15"><span class='ocrx_word' id='word_1_138' title='bbox 1709 624 1992 691; x_wconf 90' lang='lat' dir='ltr'><strong>eesimum,</strong></span> <span class='ocrx_word' id='word_1_139' title='bbox 2035 623 2183 679; x_wconf 86' lang='lat' dir='ltr'><strong>aliud</strong></span> <span class='ocrx_word' id='word_1_140' title='bbox 2234 623 2652 693; x_wconf 79' lang='lat' dir='ltr'><strong>sexagesimum,</strong></span> <span class='ocrx_word' id='word_1_141' title='bbox 2705 624 2848 680; x_wconf 87' lang='lat' dir='ltr'><strong>aliud</strong></span> <span class='ocrx_word' id='word_1_142' title='bbox 2899 627 3284 687; x_wconf 82' lang='lat' dir='ltr'><strong>centesimum.</strong></span> 
     </span>
    </p>
   </div>
   <div class='ocr_carea' id='block_1_21' title="bbox 1709 708 3288 785">
    <p class='ocr_par' dir='ltr' id='par_1_21' title="bbox 1709 708 3288 785">
     <span class='ocr_line' id='line_1_21' title="bbox 1709 708 3288 785; baseline 0.004 -16"><span class='ocrx_word' id='word_1_143' title='bbox 1709 712 1859 782; x_wconf 75' lang='lat' dir='ltr'><strong>(Luc.</strong></span> <span class='ocrx_word' id='word_1_144' title='bbox 1892 713 2040 785; x_wconf 77' lang='lat' dir='ltr'><strong>Vin).</strong></span> <span class='ocrx_word' id='word_1_145' title='bbox 2072 713 2309 778; x_wconf 84' lang='lat' dir='ltr'><strong>Utinam,</strong></span> <span class='ocrx_word' id='word_1_146' title='bbox 2335 713 2533 768; x_wconf 79' lang='lat' dir='ltr'><strong>fratres</strong></span> <span class='ocrx_word' id='word_1_147' title='bbox 2561 713 2891 781; x_wconf 83' lang='lat' dir='ltr'><strong>charissimi,</strong></span> <span class='ocrx_word' id='word_1_148' title='bbox 2920 708 3169 774; x_wconf 83' lang='lat' dir='ltr'><strong>Christus</strong></span> <span class='ocrx_word' id='word_1_149' title='bbox 3195 735 3288 776; x_wconf 82' lang='lat' dir='ltr'><strong>se-</strong></span> 
     </span>
    </p>
   </div>
   <div class='ocr_carea' id='block_1_22' title="bbox 1709 792 3289 875">
    <p class='ocr_par' dir='ltr' id='par_1_22' title="bbox 1709 792 3289 875">
     <span class='ocr_line' id='line_1_22' title="bbox 1709 792 3289 875; baseline 0.004 -15"><span class='ocrx_word' id='word_1_150' title='bbox 1709 806 1881 861; x_wconf 72' lang='lat' dir='ltr'><strong>minet</strong></span> <span class='ocrx_word' id='word_1_151' title='bbox 1906 806 2067 866; x_wconf 85' lang='lat' dir='ltr'><strong>hodie</strong></span> <span class='ocrx_word' id='word_1_152' title='bbox 2120 821 2303 862; x_wconf 87' lang='lat' dir='ltr'><strong>semen</strong></span> <span class='ocrx_word' id='word_1_153' title='bbox 2349 804 2624 875; x_wconf 78' lang='lat' dir='ltr'><strong>Evangelii</strong></span> <span class='ocrx_word' id='word_1_154' title='bbox 2659 805 2743 860; x_wconf 89' lang='lat' dir='ltr'><strong>sui</strong></span> <span class='ocrx_word' id='word_1_155' title='bbox 2795 806 2847 860; x_wconf 92' lang='lat' dir='ltr'><strong>in</strong></span> <span class='ocrx_word' id='word_1_156' title='bbox 2903 809 3066 864; x_wconf 88' lang='lat' dir='ltr'><strong>corda</strong></span> <span class='ocrx_word' id='word_1_157' title='bbox 3098 792 3289 866; x_wconf 71' lang='lat' dir='ltr'><strong>vestra</strong></span> 
     </span>
    </p>
   </div>
   <div class='ocr_carea' id='block_1_23' title="bbox 1708 896 3279 965">
    <p class='ocr_par' dir='ltr' id='par_1_23' title="bbox 1708 896 3279 965">
     <span class='ocr_line' id='line_1_23' title="bbox 1708 896 3279 965; baseline 0.004 -14"><span class='ocrx_word' id='word_1_158' title='bbox 1708 912 1809 965; x_wconf 90' lang='lat' dir='ltr'><strong>per</strong></span> <span class='ocrx_word' id='word_1_159' title='bbox 1837 912 1898 952; x_wconf 89' lang='lat' dir='ltr'><strong>os</strong></span> <span class='ocrx_word' id='word_1_160' title='bbox 1938 907 2209 962; x_wconf 90' lang='lat' dir='ltr'><strong>nostrum,</strong></span> <span class='ocrx_word' id='word_1_161' title='bbox 2235 906 2291 952; x_wconf 92' lang='lat' dir='ltr'><strong>et</strong></span> <span class='ocrx_word' id='word_1_162' title='bbox 2333 896 2497 952; x_wconf 81' lang='lat' dir='ltr'><strong>faciat</strong></span> <span class='ocrx_word' id='word_1_163' title='bbox 2527 896 2654 950; x_wconf 88' lang='lat' dir='ltr'><strong>illud</strong></span> <span class='ocrx_word' id='word_1_164' title='bbox 2687 897 3016 954; x_wconf 81' lang='lat' dir='ltr'><strong>fructificare</strong></span> <span class='ocrx_word' id='word_1_165' title='bbox 3043 902 3096 955; x_wconf 93' lang='lat' dir='ltr'><strong>in</strong></span> <span class='ocrx_word' id='word_1_166' title='bbox 3124 902 3279 958; x_wconf 80' lang='lat' dir='ltr'><strong>vobis</strong></span> 
     </span>
    </p>
   </div>
   <div class='ocr_carea' id='block_1_24' title="bbox 1707 985 3288 1068">
    <p class='ocr_par' dir='ltr' id='par_1_24' title="bbox 1707 985 3288 1068">
     <span class='ocr_line' id='line_1_24' title="bbox 1707 985 3288 1068; baseline 0.004 -28"><span class='ocrx_word' id='word_1_167' title='bbox 1707 985 1938 1042; x_wconf 88' lang='lat' dir='ltr'><strong>fructum</strong></span> <span class='ocrx_word' id='word_1_168' title='bbox 1963 988 2298 1058; x_wconf 89' lang='lat' dir='ltr'><strong>centuplum,</strong></span> <span class='ocrx_word' id='word_1_169' title='bbox 2323 989 2413 1056; x_wconf 78' lang='lat' dir='ltr'><strong>qui</strong></span> <span class='ocrx_word' id='word_1_170' title='bbox 2437 997 2581 1044; x_wconf 70' lang='lat' dir='ltr'><strong>solus</strong></span> <span class='ocrx_word' id='word_1_171' title='bbox 2602 997 2796 1068; x_wconf 82' lang='lat' dir='ltr'><strong>potest:</strong></span> <span class='ocrx_word' id='word_1_172' title='bbox 2823 989 3086 1057; x_wconf 84' lang='lat' dir='ltr'><strong>Quoniam</strong></span> <span class='ocrx_word' id='word_1_173' title='bbox 3116 1009 3288 1062; x_wconf 88' lang='lat' dir='ltr'><strong>neque</strong></span> 
     </span>
    </p>
   </div>
   <div class='ocr_carea' id='block_1_25' title="bbox 1709 1079 3286 1154">
    <p class='ocr_par' dir='ltr' id='par_1_25' title="bbox 1709 1079 3286 1154">
     <span class='ocr_line' id='line_1_25' title="bbox 1709 1079 3286 1154; baseline 0.004 -22"><span class='ocrx_word' id='word_1_174' title='bbox 1709 1079 1800 1147; x_wconf 89' lang='lat' dir='ltr'><strong>qui</strong></span> <span class='ocrx_word' id='word_1_175' title='bbox 1830 1079 2060 1149; x_wconf 85' lang='lat' dir='ltr'><strong>plantat,</strong></span> <span class='ocrx_word' id='word_1_176' title='bbox 2104 1093 2280 1150; x_wconf 89' lang='lat' dir='ltr'><strong>neque</strong></span> <span class='ocrx_word' id='word_1_177' title='bbox 2307 1080 2398 1148; x_wconf 92' lang='lat' dir='ltr'><strong>qui</strong></span> <span class='ocrx_word' id='word_1_178' title='bbox 2455 1081 2594 1150; x_wconf 84' lang='lat' dir='ltr'><strong>rigat</strong></span> <span class='ocrx_word' id='word_1_179' title='bbox 2643 1083 2842 1150; x_wconf 86' lang='lat' dir='ltr'><strong>aliquid</strong></span> <span class='ocrx_word' id='word_1_180' title='bbox 2901 1094 3005 1149; x_wconf 85' lang='lat' dir='ltr'><strong>est,</strong></span> <span class='ocrx_word' id='word_1_181' title='bbox 3043 1085 3136 1138; x_wconf 88' lang='lat' dir='ltr'><strong>sed</strong></span> <span class='ocrx_word' id='word_1_182' title='bbox 3189 1088 3286 1154; x_wconf 88' lang='lat' dir='ltr'><strong>qui</strong></span> 
     </span>
    </p>
   </div>
   <div class='ocr_carea' id='block_1_26' title="bbox 1710 1169 3280 1243">
    <p class='ocr_par' dir='ltr' id='par_1_26' title="bbox 1710 1169 3280 1243">
     <span class='ocr_line' id='line_1_26' title="bbox 1710 1169 3280 1243; baseline 0.003 -19"><span class='ocrx_word' id='word_1_183' title='bbox 1710 1170 2101 1225; x_wconf 86' lang='lat' dir='ltr'><strong>incrementum</strong></span> <span class='ocrx_word' id='word_1_184' title='bbox 2150 1173 2244 1226; x_wconf 89' lang='lat' dir='ltr'><strong>dat</strong></span> <span class='ocrx_word' id='word_1_185' title='bbox 2294 1171 2509 1242; x_wconf 90' lang='lat' dir='ltr'><strong>Deus(l</strong></span> <span class='ocrx_word' id='word_1_186' title='bbox 2548 1169 2670 1226; x_wconf 88' lang='lat' dir='ltr'><strong>Cor.</strong></span> <span class='ocrx_word' id='word_1_187' title='bbox 2712 1177 2825 1241; x_wconf 89' lang='grc' dir='ltr'><strong>ιιι).</strong></span> <span class='ocrx_word' id='word_1_188' title='bbox 2858 1172 2931 1228; x_wconf 91' lang='lat' dir='ltr'><strong>De</strong></span> <span class='ocrx_word' id='word_1_189' title='bbox 2983 1190 3086 1243; x_wconf 91' lang='lat' dir='ltr'><strong>qua</strong></span> <span class='ocrx_word' id='word_1_190' title='bbox 3147 1189 3280 1229; x_wconf 83' lang='lat' dir='ltr'><strong>vero</strong></span> 
     </span>
    </p>
   </div>
   <div class='ocr_carea' id='block_1_27' title="bbox 1679 1261 3288 1325">
    <p class='ocr_par' dir='ltr' id='par_1_27' title="bbox 1679 1261 3288 1325">
     <span class='ocr_line' id='line_1_27' title="bbox 1679 1261 3288 1325; baseline 0.002 -9"><span class='ocrx_word' id='word_1_191' title='bbox 1679 1261 1938 1316; x_wconf 89' lang='lat' dir='ltr'><strong>.materia</strong></span> <span class='ocrx_word' id='word_1_192' title='bbox 1972 1261 2096 1316; x_wconf 82' lang='lat' dir='ltr'><strong>fecit</strong></span> <span class='ocrx_word' id='word_1_193' title='bbox 2131 1276 2454 1325; x_wconf 87' lang='lat' dir='ltr'><strong>sermonem,</strong></span> <span class='ocrx_word' id='word_1_194' title='bbox 2495 1264 2731 1320; x_wconf 80' lang='lat' dir='ltr'><strong>ostendit</strong></span> <span class='ocrx_word' id='word_1_195' title='bbox 2779 1278 2902 1317; x_wconf 89' lang='lat' dir='ltr'><strong>cum</strong></span> <span class='ocrx_word' id='word_1_196' title='bbox 2935 1266 3152 1324; x_wconf 91' lang='lat' dir='ltr'><strong>subdit:</strong></span> <span class='ocrx_word' id='word_1_197' title='bbox 3208 1265 3288 1320; x_wconf 87' lang='lat' dir='ltr'><strong>De</strong></span> 
     </span>
    </p>
   </div>
   <div class='ocr_carea' id='block_1_28' title="bbox 1709 1351 3292 1426">
    <p class='ocr_par' dir='ltr' id='par_1_28' title="bbox 1709 1351 3292 1426">
     <span class='ocr_line' id='line_1_28' title="bbox 1709 1351 3292 1426; baseline 0.003 -22"><span class='ocrx_word' id='word_1_198' title='bbox 1709 1351 1948 1404; x_wconf 86' lang='lat' dir='ltr'><strong>omnibus</strong></span> <span class='ocrx_word' id='word_1_199' title='bbox 1995 1367 2111 1421; x_wconf 75' lang='lat' dir='ltr'><strong>qua:</strong></span> <span class='ocrx_word' id='word_1_200' title='bbox 2147 1353 2296 1420; x_wconf 73' lang='lat' dir='ltr'><strong>coepit</strong></span> <span class='ocrx_word' id='word_1_201' title='bbox 2320 1351 2473 1406; x_wconf 82' lang='lat' dir='ltr'><strong>Jesus</strong></span> <span class='ocrx_word' id='word_1_202' title='bbox 2503 1352 2673 1420; x_wconf 79' lang='lat' dir='ltr'><strong>facere</strong></span> <span class='ocrx_word' id='word_1_203' title='bbox 2696 1362 2744 1406; x_wconf 90' lang='lat' dir='ltr'><strong>et</strong></span> <span class='ocrx_word' id='word_1_204' title='bbox 2780 1355 2983 1408; x_wconf 84' lang='lat' dir='ltr'><strong>docere.</strong></span> <span class='ocrx_word' id='word_1_205' title='bbox 3015 1355 3087 1408; x_wconf 87' lang='lat' dir='ltr'><strong>De</strong></span> <span class='ocrx_word' id='word_1_206' title='bbox 3112 1356 3292 1426; x_wconf 83' lang='lat' dir='ltr'><strong>operi-</strong></span> 
     </span>
    </p>
   </div>
   <div class='ocr_carea' id='block_1_29' title="bbox 1707 1441 3287 1513">
    <p class='ocr_par' dir='ltr' id='par_1_29' title="bbox 1707 1441 3287 1513">
     <span class='ocr_line' id='line_1_29' title="bbox 1707 1441 3287 1513; baseline 0.001 -17"><span class='ocrx_word' id='word_1_207' title='bbox 1707 1442 1811 1496; x_wconf 85' lang='lat' dir='ltr'><strong>bus</strong></span> <span class='ocrx_word' id='word_1_208' title='bbox 1864 1443 2006 1496; x_wconf 90' lang='lat' dir='ltr'><strong>enim</strong></span> <span class='ocrx_word' id='word_1_209' title='bbox 2063 1449 2118 1495; x_wconf 90' lang='lat' dir='ltr'><strong>et</strong></span> <span class='ocrx_word' id='word_1_210' title='bbox 2173 1441 2419 1494; x_wconf 89' lang='lat' dir='ltr'><strong>doctrina</strong></span> <span class='ocrx_word' id='word_1_211' title='bbox 2474 1441 2672 1496; x_wconf 89' lang='lat' dir='ltr'><strong>Christi</strong></span> <span class='ocrx_word' id='word_1_212' title='bbox 2728 1452 2894 1496; x_wconf 89' lang='lat' dir='ltr'><strong>totum</strong></span> <span class='ocrx_word' id='word_1_213' title='bbox 2938 1443 3287 1513; x_wconf 71' lang='lat' dir='ltr'><strong>Evangeliqu</strong></span> 
     </span>
    </p>
   </div>
   <div class='ocr_carea' id='block_1_30' title="bbox 1711 1530 3290 1602">
    <p class='ocr_par' dir='ltr' id='par_1_30' title="bbox 1711 1530 3290 1602">
     <span class='ocr_line' id='line_1_30' title="bbox 1711 1530 3290 1602; baseline 0 -16"><span class='ocrx_word' id='word_1_214' title='bbox 1711 1539 2026 1586; x_wconf 77' lang='lat' dir='ltr'><strong>contextum</strong></span> <span class='ocrx_word' id='word_1_215' title='bbox 2078 1537 2182 1585; x_wconf 88' lang='lat' dir='ltr'><strong>est.</strong></span> <span class='ocrx_word' id='word_1_216' title='bbox 2234 1530 2423 1586; x_wconf 90' lang='lat' dir='ltr'><strong>Omnis</strong></span> <span class='ocrx_word' id='word_1_217' title='bbox 2477 1532 2620 1585; x_wconf 85' lang='lat' dir='ltr'><strong>enim</strong></span> <span class='ocrx_word' id='word_1_218' title='bbox 2683 1531 2882 1588; x_wconf 90' lang='lat' dir='ltr'><strong>Christi</strong></span> <span class='ocrx_word' id='word_1_219' title='bbox 2931 1535 3176 1602; x_wconf 81' lang='lat' dir='ltr'><strong>operatio</strong></span> <span class='ocrx_word' id='word_1_220' title='bbox 3233 1543 3290 1587; x_wconf 91' lang='lat' dir='ltr'><strong>et</strong></span> 
     </span>
    </p>
   </div>
   <div class='ocr_carea' id='block_1_31' title="bbox 1709 1619 3362 1677">
    <p class='ocr_par' dir='ltr' id='par_1_31' title="bbox 1709 1619 3362 1677">
     <span class='ocr_line' id='line_1_31' title="bbox 1709 1619 3362 1677; baseline -0.001 -2"><span class='ocrx_word' id='word_1_221' title='bbox 1709 1622 1945 1676; x_wconf 88' lang='lat' dir='ltr'><strong>eruditio</strong></span> <span class='ocrx_word' id='word_1_222' title='bbox 1972 1619 2166 1673; x_wconf 76' lang='lat' dir='ltr'><strong>animae</strong></span> <span class='ocrx_word' id='word_1_223' title='bbox 2198 1619 2516 1676; x_wconf 71' lang='lat' dir='ltr'><strong>Christianae</strong></span> <span class='ocrx_word' id='word_1_224' title='bbox 2553 1628 2637 1674; x_wconf 89' lang='lat' dir='ltr'><strong>est</strong></span> <span class='ocrx_word' id='word_1_225' title='bbox 2667 1621 2819 1675; x_wconf 89' lang='lat' dir='ltr'><strong>cibus</strong></span> <span class='ocrx_word' id='word_1_226' title='bbox 2863 1630 2917 1676; x_wconf 90' lang='lat' dir='ltr'><strong>et</strong></span> <span class='ocrx_word' id='word_1_227' title='bbox 2956 1622 3286 1677; x_wconf 86' lang='lat' dir='ltr'><strong>informatio.</strong></span> <span class='ocrx_word' id='word_1_228' title='bbox 3359 1636 3362 1640; x_wconf 55' lang='grc' dir='ltr'>λ</span> 
     </span>
    </p>
   </div>
   <div class='ocr_carea' id='block_1_32' title="bbox 1713 1713 3290 1783">
    <p class='ocr_par' dir='ltr' id='par_1_32' title="bbox 1713 1713 3290 1783">
     <span class='ocr_line' id='line_1_32' title="bbox 1713 1713 3290 1783; baseline 0.001 -16"><span class='ocrx_word' id='word_1_229' title='bbox 1713 1713 1937 1782; x_wconf 88' lang='lat' dir='ltr'><strong>Quando</strong></span> <span class='ocrx_word' id='word_1_230' title='bbox 1958 1715 2105 1767; x_wconf 91' lang='lat' dir='ltr'><strong>enim</strong></span> <span class='ocrx_word' id='word_1_231' title='bbox 2131 1713 2380 1768; x_wconf 88' lang='lat' dir='ltr'><strong>Christus</strong></span> <span class='ocrx_word' id='word_1_232' title='bbox 2401 1713 2635 1777; x_wconf 88' lang='lat' dir='ltr'><strong>tacebat,</strong></span> <span class='ocrx_word' id='word_1_233' title='bbox 2667 1715 2969 1768; x_wconf 87' lang='lat' dir='ltr'><strong>instruebat</strong></span> <span class='ocrx_word' id='word_1_234' title='bbox 2991 1715 3290 1783; x_wconf 80' lang='lat' dir='ltr'><strong>operando.</strong></span> 
     </span>
    </p>
   </div>
   <div class='ocr_carea' id='block_1_33' title="bbox 1709 1803 3285 1873">
    <p class='ocr_par' dir='ltr' id='par_1_33' title="bbox 1709 1803 3285 1873">
     <span class='ocr_line' id='line_1_33' title="bbox 1709 1803 3285 1873; baseline -0.001 -15"><span class='ocrx_word' id='word_1_235' title='bbox 1709 1805 1776 1858; x_wconf 85' lang='lat' dir='ltr'><strong>Et</strong></span> <span class='ocrx_word' id='word_1_236' title='bbox 1803 1804 2018 1872; x_wconf 90' lang='lat' dir='ltr'><strong>quando</strong></span> <span class='ocrx_word' id='word_1_237' title='bbox 2055 1819 2158 1859; x_wconf 90' lang='lat' dir='ltr'><strong>non</strong></span> <span class='ocrx_word' id='word_1_238' title='bbox 2205 1803 2554 1873; x_wconf 87' lang='lat' dir='ltr'><strong>operabatur,</strong></span> <span class='ocrx_word' id='word_1_239' title='bbox 2593 1803 2896 1858; x_wconf 86' lang='lat' dir='ltr'><strong>instruebat</strong></span> <span class='ocrx_word' id='word_1_240' title='bbox 2934 1813 2989 1858; x_wconf 91' lang='lat' dir='ltr'><strong>et</strong></span> <span class='ocrx_word' id='word_1_241' title='bbox 3037 1806 3285 1859; x_wconf 88' lang='lat' dir='ltr'><strong>docebat.</strong></span> 
     </span>
    </p>
   </div>
   <div class='ocr_carea' id='block_1_34' title="bbox 58 1877 3292 1971">
    <p class='ocr_par' dir='ltr' id='par_1_34' title="bbox 58 1877 3292 1971">
     <span class='ocr_line' id='line_1_34' title="bbox 58 1877 3292 1971; baseline -0.003 -10"><span class='ocrx_word' id='word_1_242' title='bbox 58 1905 199 1961; x_wconf 85' lang='lat' dir='ltr'><strong>ceris.</strong></span> <span class='ocrx_word' id='word_1_243' title='bbox 231 1877 475 1957; x_wconf 79' lang='lat' dir='ltr'><strong>Clarilica</strong></span> <span class='ocrx_word' id='word_1_244' title='bbox 515 1916 652 1971; x_wconf 91' lang='lat' dir='ltr'><strong>opus</strong></span> <span class='ocrx_word' id='word_1_245' title='bbox 696 1909 868 1965; x_wconf 89' lang='lat' dir='ltr'><strong>tuum,</strong></span> <span class='ocrx_word' id='word_1_246' title='bbox 910 1909 969 1956; x_wconf 92' lang='lat' dir='ltr'><strong>ut</strong></span> <span class='ocrx_word' id='word_1_247' title='bbox 996 1901 1050 1955; x_wconf 90' lang='lat' dir='ltr'><strong>in</strong></span> <span class='ocrx_word' id='word_1_248' title='bbox 1104 1915 1170 1956; x_wconf 91' lang='lat' dir='ltr'><strong>eo</strong></span> <span class='ocrx_word' id='word_1_249' title='bbox 1196 1901 1372 1956; x_wconf 89' lang='lat' dir='ltr'><strong>clarus</strong></span> <span class='ocrx_word' id='word_1_250' title='bbox 1410 1900 1602 1955; x_wconf 79' lang='lat' dir='ltr'><strong>artifex</strong></span> <span class='ocrx_word' id='word_1_251' title='bbox 1637 1877 1681 1936; x_wconf 73' lang='grc' dir='ltr'><strong>Β</strong></span> <span class='ocrx_word' id='word_1_252' title='bbox 1709 1895 1853 1952; x_wconf 90' lang='lat' dir='ltr'><strong>Ordo</strong></span> <span class='ocrx_word' id='word_1_253' title='bbox 1884 1908 2103 1966; x_wconf 86' lang='lat' dir='ltr'><strong>quoque</strong></span> <span class='ocrx_word' id='word_1_254' title='bbox 2128 1909 2400 1964; x_wconf 85' lang='lat' dir='ltr'><strong>congruus</strong></span> <span class='ocrx_word' id='word_1_255' title='bbox 2427 1902 2529 1949; x_wconf 86' lang='lat' dir='ltr'><strong>est.</strong></span> <span class='ocrx_word' id='word_1_256' title='bbox 2579 1893 2760 1950; x_wconf 87' lang='lat' dir='ltr'><strong>Primo</strong></span> <span class='ocrx_word' id='word_1_257' title='bbox 2797 1896 2938 1950; x_wconf 90' lang='lat' dir='ltr'><strong>enim</strong></span> <span class='ocrx_word' id='word_1_258' title='bbox 2994 1898 3165 1965; x_wconf 79' lang='lat' dir='ltr'><strong>coepit</strong></span> <span class='ocrx_word' id='word_1_259' title='bbox 3211 1896 3292 1951; x_wconf 87' lang='lat' dir='ltr'><strong>fa-</strong></span> 
     </span>
    </p>
   </div>
   <div class='ocr_carea' id='block_1_35' title="bbox 59 1994 1606 2069">
    <p class='ocr_par' dir='ltr' id='par_1_35' title="bbox 59 1994 1606 2069">
     <span class='ocr_line' id='line_1_35' title="bbox 59 1994 1606 2069; baseline -0.002 -17"><span class='ocrx_word' id='word_1_260' title='bbox 59 2012 314 2069; x_wconf 87' lang='lat' dir='ltr'><strong>appareas.</strong></span> <span class='ocrx_word' id='word_1_261' title='bbox 360 1995 654 2051; x_wconf 78' lang='lat' dir='ltr'><strong>Sanctifica</strong></span> <span class='ocrx_word' id='word_1_262' title='bbox 700 2011 887 2052; x_wconf 76' lang='lat' dir='ltr'><strong>servos</strong></span> <span class='ocrx_word' id='word_1_263' title='bbox 913 2004 1054 2060; x_wconf 90' lang='lat' dir='ltr'><strong>tuos,</strong></span> <span class='ocrx_word' id='word_1_264' title='bbox 1080 2003 1141 2049; x_wconf 91' lang='lat' dir='ltr'><strong>ut</strong></span> <span class='ocrx_word' id='word_1_265' title='bbox 1191 1995 1246 2050; x_wconf 92' lang='lat' dir='ltr'><strong>in</strong></span> <span class='ocrx_word' id='word_1_266' title='bbox 1296 1996 1378 2051; x_wconf 90' lang='lat' dir='ltr'><strong>eis</strong></span> <span class='ocrx_word' id='word_1_267' title='bbox 1427 1994 1606 2049; x_wconf 83' lang='lat' dir='ltr'><strong>clarus</strong></span> 
     </span>
    </p>
   </div>
   <div class='ocr_carea' id='block_1_36' title="bbox 61 2085 1606 2157">
    <p class='ocr_par' dir='ltr' id='par_1_36' title="bbox 61 2085 1606 2157">
     <span class='ocr_line' id='line_1_36' title="bbox 61 2085 1606 2157; baseline -0.001 -15"><span class='ocrx_word' id='word_1_268' title='bbox 61 2088 287 2144; x_wconf 87' lang='lat' dir='ltr'><strong>Dominus</strong></span> <span class='ocrx_word' id='word_1_269' title='bbox 345 2102 634 2156; x_wconf 89' lang='lat' dir='ltr'><strong>appareas.</strong></span> <span class='ocrx_word' id='word_1_270' title='bbox 684 2085 752 2141; x_wconf 85' lang='lat' dir='ltr'><strong>Et</strong></span> <span class='ocrx_word' id='word_1_271' title='bbox 791 2087 933 2157; x_wconf 86' lang='lat' dir='ltr'><strong>jam,</strong></span> <span class='ocrx_word' id='word_1_272' title='bbox 982 2086 1179 2156; x_wconf 90' lang='lat' dir='ltr'><strong>inquit,</strong></span> <span class='ocrx_word' id='word_1_273' title='bbox 1206 2102 1301 2157; x_wconf 87' lang='lat' dir='ltr'><strong>ego</strong></span> <span class='ocrx_word' id='word_1_274' title='bbox 1340 2103 1443 2141; x_wconf 87' lang='lat' dir='ltr'><strong>non</strong></span> <span class='ocrx_word' id='word_1_275' title='bbox 1489 2101 1606 2140; x_wconf 80' lang='lat' dir='ltr'><strong>sum</strong></span> 
     </span>
    </p>
   </div>
   <div class='ocr_carea' id='block_1_37' title="bbox 61 2179 1608 2251">
    <p class='ocr_par' dir='ltr' id='par_1_37' title="bbox 61 2179 1608 2251">
     <span class='ocr_line' id='line_1_37' title="bbox 61 2179 1608 2251; baseline -0.003 -15"><span class='ocrx_word' id='word_1_276' title='bbox 61 2185 107 2236; x_wconf 86' lang='lat' dir='ltr'><strong>in</strong></span> <span class='ocrx_word' id='word_1_277' title='bbox 130 2180 329 2235; x_wconf 80' lang='lat' dir='ltr'><strong>mando.</strong></span> <span class='ocrx_word' id='word_1_278' title='bbox 361 2179 578 2248; x_wconf 81' lang='lat' dir='ltr'><strong>Quare?</strong></span> <span class='ocrx_word' id='word_1_279' title='bbox 625 2180 880 2250; x_wconf 89' lang='lat' dir='ltr'><strong>quoniam</strong></span> <span class='ocrx_word' id='word_1_280' title='bbox 925 2195 1022 2251; x_wconf 89' lang='lat' dir='ltr'><strong>per</strong></span> <span class='ocrx_word' id='word_1_281' title='bbox 1064 2180 1392 2251; x_wconf 89' lang='lat' dir='ltr'><strong>passionem,</strong></span> <span class='ocrx_word' id='word_1_282' title='bbox 1429 2192 1608 2233; x_wconf 83' lang='lat' dir='ltr'><strong>resur-</strong></span> 
     </span>
    </p>
   </div>
   <div class='ocr_carea' id='block_1_38' title="bbox 59 2265 1604 2336">
    <p class='ocr_par' dir='ltr' id='par_1_38' title="bbox 59 2265 1604 2336">
     <span class='ocr_line' id='line_1_38' title="bbox 59 2265 1604 2336; baseline -0.003 -9"><span class='ocrx_word' id='word_1_283' title='bbox 59 2273 321 2328; x_wconf 89' lang='lat' dir='ltr'><strong>rectionem</strong></span> <span class='ocrx_word' id='word_1_284' title='bbox 344 2265 407 2326; x_wconf 80' lang='lat' dir='ltr'><strong>et‘</strong></span> <span class='ocrx_word' id='word_1_285' title='bbox 427 2272 801 2326; x_wconf 85' lang='lat' dir='ltr'><strong>ascensionem</strong></span> <span class='ocrx_word' id='word_1_286' title='bbox 823 2270 889 2326; x_wconf 90' lang='lat' dir='ltr'><strong>ad</strong></span> <span class='ocrx_word' id='word_1_287' title='bbox 923 2281 976 2326; x_wconf 93' lang='lat' dir='ltr'><strong>te</strong></span> <span class='ocrx_word' id='word_1_288' title='bbox 1001 2271 1180 2327; x_wconf 75' lang='lat' dir='ltr'><strong>venio.</strong></span> <span class='ocrx_word' id='word_1_289' title='bbox 1213 2269 1280 2324; x_wconf 83' lang='lat' dir='ltr'><strong>Et</strong></span> <span class='ocrx_word' id='word_1_290' title='bbox 1305 2269 1379 2335; x_wconf 73' lang='lat' dir='ltr'><strong>lii,</strong></span> <span class='ocrx_word' id='word_1_291' title='bbox 1411 2269 1604 2336; x_wconf 86' lang='lat' dir='ltr'><strong>inquit,</strong></span> 
     </span>
    </p>
   </div>
   <div class='ocr_carea' id='block_1_39' title="bbox 58 2360 1608 2430">
    <p class='ocr_par' dir='ltr' id='par_1_39' title="bbox 58 2360 1608 2430">
     <span class='ocr_line' id='line_1_39' title="bbox 58 2360 1608 2430; baseline -0.002 -13"><span class='ocrx_word' id='word_1_292' title='bbox 58 2366 102 2417; x_wconf 84' lang='lat' dir='ltr'><strong>in</strong></span> <span class='ocrx_word' id='word_1_293' title='bbox 127 2363 303 2417; x_wconf 79' lang='lat' dir='ltr'><strong>mundo</strong></span> <span class='ocrx_word' id='word_1_294' title='bbox 332 2372 474 2430; x_wconf 80' lang='lat' dir='ltr'><strong>sunt,</strong></span> <span class='ocrx_word' id='word_1_295' title='bbox 499 2364 554 2418; x_wconf 92' lang='lat' dir='ltr'><strong>id</strong></span> <span class='ocrx_word' id='word_1_296' title='bbox 605 2372 690 2418; x_wconf 86' lang='lat' dir='ltr'><strong>est</strong></span> <span class='ocrx_word' id='word_1_297' title='bbox 735 2362 789 2418; x_wconf 91' lang='lat' dir='ltr'><strong>in</strong></span> <span class='ocrx_word' id='word_1_298' title='bbox 833 2363 1120 2418; x_wconf 89' lang='lat' dir='ltr'><strong>mundanis</strong></span> <span class='ocrx_word' id='word_1_299' title='bbox 1176 2360 1608 2418; x_wconf 90' lang='lat' dir='ltr'><strong>tribulationibus</strong></span> 
     </span>
    </p>
   </div>
   <div class='ocr_carea' id='block_1_40' title="bbox 58 2449 1605 2522">
    <p class='ocr_par' dir='ltr' id='par_1_40' title="bbox 58 2449 1605 2522">
     <span class='ocr_line' id='line_1_40' title="bbox 58 2449 1605 2522; baseline -0.002 -15"><span class='ocrx_word' id='word_1_300' title='bbox 58 2461 164 2507; x_wconf 84' lang='lat' dir='ltr'><strong>sunt</strong></span> <span class='ocrx_word' id='word_1_301' title='bbox 187 2451 380 2508; x_wconf 87' lang='lat' dir='ltr'><strong>diutius</strong></span> <span class='ocrx_word' id='word_1_302' title='bbox 407 2453 772 2522; x_wconf 86' lang='lat' dir='ltr'><strong>permansuri,</strong></span> <span class='ocrx_word' id='word_1_303' title='bbox 796 2453 921 2522; x_wconf 89' lang='lat' dir='ltr'><strong>quia</strong></span> <span class='ocrx_word' id='word_1_304' title='bbox 970 2452 1038 2506; x_wconf 91' lang='lat' dir='ltr'><strong>ad</strong></span> <span class='ocrx_word' id='word_1_305' title='bbox 1061 2449 1433 2520; x_wconf 82' lang='lat' dir='ltr'><strong>.Evangelium</strong></span> <span class='ocrx_word' id='word_1_306' title='bbox 1465 2463 1605 2519; x_wconf 67' lang='lat' dir='ltr'><strong>prae-</strong></span> 
     </span>
    </p>
   </div>
   <div class='ocr_carea' id='block_1_41' title="bbox 59 2543 1607 2612">
    <p class='ocr_par' dir='ltr' id='par_1_41' title="bbox 59 2543 1607 2612">
     <span class='ocr_line' id='line_1_41' title="bbox 59 2543 1607 2612; baseline -0.002 -14"><span class='ocrx_word' id='word_1_307' title='bbox 59 2544 312 2598; x_wconf 88' lang='lat' dir='ltr'><strong>dicandum</strong></span> <span class='ocrx_word' id='word_1_308' title='bbox 363 2545 660 2600; x_wconf 88' lang='lat' dir='ltr'><strong>necessarii</strong></span> <span class='ocrx_word' id='word_1_309' title='bbox 694 2553 840 2600; x_wconf 89' lang='lat' dir='ltr'><strong>sunt.</strong></span> <span class='ocrx_word' id='word_1_310' title='bbox 873 2543 938 2598; x_wconf 86' lang='lat' dir='ltr'><strong>Et</strong></span> <span class='ocrx_word' id='word_1_311' title='bbox 974 2544 1095 2599; x_wconf 89' lang='lat' dir='ltr'><strong>ideo</strong></span> <span class='ocrx_word' id='word_1_312' title='bbox 1133 2557 1230 2612; x_wconf 88' lang='lat' dir='ltr'><strong>pro</strong></span> <span class='ocrx_word' id='word_1_313' title='bbox 1267 2557 1453 2598; x_wconf 90' lang='lat' dir='ltr'><strong>eorum</strong></span> <span class='ocrx_word' id='word_1_314' title='bbox 1478 2555 1607 2596; x_wconf 90' lang='lat' dir='ltr'><strong>eon-</strong></span> 
     </span>
    </p>
   </div>
   <div class='ocr_carea' id='block_1_42' title="bbox 59 2632 1607 2707">
    <p class='ocr_par' dir='ltr' id='par_1_42' title="bbox 59 2632 1607 2707">
     <span class='ocr_line' id='line_1_42' title="bbox 59 2632 1607 2707; baseline -0.001 -20"><span class='ocrx_word' id='word_1_315' title='bbox 59 2636 349 2700; x_wconf 80' lang='lat' dir='ltr'><strong>serratione,</strong></span> <span class='ocrx_word' id='word_1_316' title='bbox 369 2650 471 2706; x_wconf 86' lang='lat' dir='ltr'><strong>ego</strong></span> <span class='ocrx_word' id='word_1_317' title='bbox 511 2645 566 2691; x_wconf 90' lang='lat' dir='ltr'><strong>te</strong></span> <span class='ocrx_word' id='word_1_318' title='bbox 605 2650 755 2707; x_wconf 90' lang='lat' dir='ltr'><strong>rogo.</strong></span> <span class='ocrx_word' id='word_1_319' title='bbox 804 2635 950 2705; x_wconf 76' lang='lat' dir='ltr'><strong>Roga</strong></span> <span class='ocrx_word' id='word_1_320' title='bbox 971 2650 1190 2705; x_wconf 89' lang='lat' dir='ltr'><strong>quoque</strong></span> <span class='ocrx_word' id='word_1_321' title='bbox 1228 2634 1470 2698; x_wconf 88' lang='lat' dir='ltr'><strong>Patrem,</strong></span> <span class='ocrx_word' id='word_1_322' title='bbox 1502 2632 1607 2686; x_wconf 84' lang='lat' dir='ltr'><strong>Do-</strong></span> 
     </span>
    </p>
   </div>
   <div class='ocr_carea' id='block_1_43' title="bbox 60 2724 1605 2796">
    <p class='ocr_par' dir='ltr' id='par_1_43' title="bbox 60 2724 1605 2796">
     <span class='ocr_line' id='line_1_43' title="bbox 60 2724 1605 2796; baseline 0 -18"><span class='ocrx_word' id='word_1_323' title='bbox 60 2726 184 2780; x_wconf 86' lang='lat' dir='ltr'><strong>mine</strong></span> <span class='ocrx_word' id='word_1_324' title='bbox 214 2724 350 2781; x_wconf 59' lang='lat' dir='ltr'><strong>Jesu,</strong></span> <span class='ocrx_word' id='word_1_325' title='bbox 381 2725 622 2791; x_wconf 85' lang='lat' dir='ltr'><strong>Christe,</strong></span> <span class='ocrx_word' id='word_1_326' title='bbox 657 2740 756 2796; x_wconf 91' lang='lat' dir='ltr'><strong>pro</strong></span> <span class='ocrx_word' id='word_1_327' title='bbox 808 2725 986 2791; x_wconf 85' lang='lat' dir='ltr'><strong>nobis,</strong></span> <span class='ocrx_word' id='word_1_328' title='bbox 1030 2726 1121 2796; x_wconf 87' lang='lat' dir='ltr'><strong>qui</strong></span> <span class='ocrx_word' id='word_1_329' title='bbox 1171 2727 1348 2780; x_wconf 87' lang='lat' dir='ltr'><strong>adhuc</strong></span> <span class='ocrx_word' id='word_1_330' title='bbox 1395 2726 1447 2779; x_wconf 92' lang='lat' dir='ltr'><strong>in</strong></span> <span class='ocrx_word' id='word_1_331' title='bbox 1503 2725 1605 2778; x_wconf 93' lang='lat' dir='ltr'><strong>hoc</strong></span> 
     </span>
    </p>
   </div>
   <div class='ocr_carea' id='block_1_44' title="bbox 59 2815 1610 2887">
    <p class='ocr_par' dir='ltr' id='par_1_44' title="bbox 59 2815 1610 2887">
     <span class='ocr_line' id='line_1_44' title="bbox 59 2815 1610 2887; baseline 0.001 -19"><span class='ocrx_word' id='word_1_332' title='bbox 59 2816 231 2870; x_wconf 89' lang='lat' dir='ltr'><strong>misero</strong></span> <span class='ocrx_word' id='word_1_333' title='bbox 255 2818 449 2872; x_wconf 88' lang='lat' dir='ltr'><strong>mundo</strong></span> <span class='ocrx_word' id='word_1_334' title='bbox 477 2832 688 2884; x_wconf 88' lang='lat' dir='ltr'><strong>sumus,</strong></span> <span class='ocrx_word' id='word_1_335' title='bbox 714 2815 806 2886; x_wconf 92' lang='lat' dir='ltr'><strong>qui</strong></span> <span class='ocrx_word' id='word_1_336' title='bbox 858 2817 946 2872; x_wconf 91' lang='lat' dir='ltr'><strong>hic</strong></span> <span class='ocrx_word' id='word_1_337' title='bbox 971 2831 1001 2870; x_wconf 94' lang='lat' dir='ltr'><strong>a</strong></span> <span class='ocrx_word' id='word_1_338' title='bbox 1042 2816 1292 2887; x_wconf 76' lang='lat' dir='ltr'><strong>malignis</strong></span> <span class='ocrx_word' id='word_1_339' title='bbox 1329 2817 1610 2887; x_wconf 89' lang='lat' dir='ltr'><strong>spiritibus</strong></span> 
     </span>
    </p>
   </div>
   <div class='ocr_carea' id='block_1_45' title="bbox 60 2905 1607 2978">
    <p class='ocr_par' dir='ltr' id='par_1_45' title="bbox 60 2905 1607 2978">
     <span class='ocr_line' id='line_1_45' title="bbox 60 2905 1607 2978; baseline 0.001 -19"><span class='ocrx_word' id='word_1_340' title='bbox 60 2905 370 2973; x_wconf 76' lang='lat' dir='ltr'><strong>infestantur,</strong></span> <span class='ocrx_word' id='word_1_341' title='bbox 412 2923 442 2960; x_wconf 88' lang='lat' dir='ltr'><strong>a</strong></span> <span class='ocrx_word' id='word_1_342' title='bbox 499 2908 737 2978; x_wconf 87' lang='lat' dir='ltr'><strong>propriis</strong></span> <span class='ocrx_word' id='word_1_343' title='bbox 768 2906 1225 2975; x_wconf 88' lang='lat' dir='ltr'><strong>concupiscentiis</strong></span> <span class='ocrx_word' id='word_1_344' title='bbox 1265 2921 1607 2975; x_wconf 80' lang='lat' dir='ltr'><strong>superamur,</strong></span> 
     </span>
    </p>
   </div>
   <div class='ocr_carea' id='block_1_46' title="bbox 60 2999 1606 3069">
    <p class='ocr_par' dir='ltr' id='par_1_46' title="bbox 60 2999 1606 3069">
     <span class='ocr_line' id='line_1_46' title="bbox 60 2999 1606 3069; baseline 0.001 -17"><span class='ocrx_word' id='word_1_345' title='bbox 60 3013 84 3052; x_wconf 85' lang='lat' dir='ltr'><strong>a</strong></span> <span class='ocrx_word' id='word_1_346' title='bbox 127 2999 391 3054; x_wconf 86' lang='lat' dir='ltr'><strong>mundanis</strong></span> <span class='ocrx_word' id='word_1_347' title='bbox 415 2999 856 3055; x_wconf 86' lang='lat' dir='ltr'><strong>tribulationibus</strong></span> <span class='ocrx_word' id='word_1_348' title='bbox 899 3014 1242 3069; x_wconf 86' lang='lat' dir='ltr'><strong>quassamur,</strong></span> <span class='ocrx_word' id='word_1_349' title='bbox 1267 3000 1488 3069; x_wconf 86' lang='lat' dir='ltr'><strong>jamque</strong></span> <span class='ocrx_word' id='word_1_350' title='bbox 1513 3011 1606 3068; x_wconf 86' lang='lat' dir='ltr'><strong>pe-</strong></span> 
     </span>
    </p>
   </div>
   <div class='ocr_carea' id='block_1_47' title="bbox 58 3090 1608 3163">
    <p class='ocr_par' dir='ltr' id='par_1_47' title="bbox 58 3090 1608 3163">
     <span class='ocr_line' id='line_1_47' title="bbox 58 3090 1608 3163; baseline 0.001 -21"><span class='ocrx_word' id='word_1_351' title='bbox 58 3090 326 3146; x_wconf 88' lang='lat' dir='ltr'><strong>riclitantes</strong></span> <span class='ocrx_word' id='word_1_352' title='bbox 363 3092 664 3148; x_wconf 90' lang='lat' dir='ltr'><strong>clamamus</strong></span> <span class='ocrx_word' id='word_1_353' title='bbox 693 3095 758 3147; x_wconf 93' lang='lat' dir='ltr'><strong>ad</strong></span> <span class='ocrx_word' id='word_1_354' title='bbox 789 3102 859 3152; x_wconf 89' lang='lat' dir='ltr'><strong>te.</strong></span> <span class='ocrx_word' id='word_1_355' title='bbox 891 3093 980 3163; x_wconf 91' lang='lat' dir='ltr'><strong>qui</strong></span> <span class='ocrx_word' id='word_1_356' title='bbox 1005 3095 1117 3159; x_wconf 84' lang='lat' dir='ltr'><strong>jam</strong></span> <span class='ocrx_word' id='word_1_357' title='bbox 1170 3091 1224 3144; x_wconf 90' lang='lat' dir='ltr'><strong>in</strong></span> <span class='ocrx_word' id='word_1_358' title='bbox 1278 3092 1380 3146; x_wconf 90' lang='lat' dir='ltr'><strong>hoc</strong></span> <span class='ocrx_word' id='word_1_359' title='bbox 1409 3091 1608 3146; x_wconf 90' lang='lat' dir='ltr'><strong>mundo</strong></span> 
     </span>
    </p>
   </div>
   <div class='ocr_carea' id='block_1_48' title="bbox 59 3182 1675 3282">
    <p class='ocr_par' dir='ltr' id='par_1_48' title="bbox 59 3182 1675 3282">
     <span class='ocr_line' id='line_1_48' title="bbox 59 3182 1675 3282; baseline 0.001 -47"><span class='ocrx_word' id='word_1_360' title='bbox 59 3197 148 3282; x_wconf 78' lang='lat' dir='ltr'><strong>non</strong></span> <span class='ocrx_word' id='word_1_361' title='bbox 175 3198 246 3250; x_wconf 88' lang='lat' dir='ltr'><strong>es,</strong></span> <span class='ocrx_word' id='word_1_362' title='bbox 278 3185 366 3253; x_wconf 93' lang='lat' dir='ltr'><strong>qui</strong></span> <span class='ocrx_word' id='word_1_363' title='bbox 393 3185 510 3254; x_wconf 90' lang='lat' dir='ltr'><strong>jam</strong></span> <span class='ocrx_word' id='word_1_364' title='bbox 560 3185 626 3240; x_wconf 88' lang='lat' dir='ltr'><strong>ad</strong></span> <span class='ocrx_word' id='word_1_365' title='bbox 673 3185 952 3240; x_wconf 78' lang='lat' dir='ltr'><strong>dexteram</strong></span> <span class='ocrx_word' id='word_1_366' title='bbox 983 3183 1162 3238; x_wconf 87' lang='lat' dir='ltr'><strong>Patris</strong></span> <span class='ocrx_word' id='word_1_367' title='bbox 1190 3182 1478 3252; x_wconf 83' lang='lat' dir='ltr'><strong>coaequalis</strong></span> <span class='ocrx_word' id='word_1_368' title='bbox 1524 3196 1608 3236; x_wconf 90' lang='lat' dir='ltr'><strong>re-</strong></span> <span class='ocrx_word' id='word_1_369' title='bbox 1632 3225 1675 3282; x_wconf 62' lang='grc' dir='ltr'>Ο</span> 
     </span>
    </p>
   </div>
   <div class='ocr_carea' id='block_1_49' title="bbox 58 3271 1600 3345">
    <p class='ocr_par' dir='ltr' id='par_1_49' title="bbox 58 3271 1600 3345">
     <span class='ocr_line' id='line_1_49' title="bbox 58 3271 1600 3345; baseline -0.001 -21"><span class='ocrx_word' id='word_1_370' title='bbox 58 3271 196 3335; x_wconf 85' lang='lat' dir='ltr'><strong>sides;</strong></span> <span class='ocrx_word' id='word_1_371' title='bbox 218 3275 305 3345; x_wconf 88' lang='lat' dir='ltr'><strong>qui</strong></span> <span class='ocrx_word' id='word_1_372' title='bbox 335 3276 581 3345; x_wconf 86' lang='lat' dir='ltr'><strong>spiritus,</strong></span> <span class='ocrx_word' id='word_1_373' title='bbox 609 3289 844 3334; x_wconf 89' lang='lat' dir='ltr'><strong>carnem.</strong></span> <span class='ocrx_word' id='word_1_374' title='bbox 883 3283 1333 3344; x_wconf 82' lang='lat' dir='ltr'><strong>tempestatesque</strong></span> <span class='ocrx_word' id='word_1_375' title='bbox 1355 3273 1407 3325; x_wconf 91' lang='lat' dir='ltr'><strong>in</strong></span> <span class='ocrx_word' id='word_1_376' title='bbox 1440 3287 1600 3324; x_wconf 88' lang='lat' dir='ltr'><strong>ntanu</strong></span> 
     </span>
    </p>
   </div>
   <div class='ocr_carea' id='block_1_50' title="bbox 59 3364 1605 3437">
    <p class='ocr_par' dir='ltr' id='par_1_50' title="bbox 59 3364 1605 3437">
     <span class='ocr_line' id='line_1_50' title="bbox 59 3364 1605 3437; baseline -0.001 -19"><span class='ocrx_word' id='word_1_377' title='bbox 59 3364 220 3432; x_wconf 84' lang='lat' dir='ltr'><strong>babes,</strong></span> <span class='ocrx_word' id='word_1_378' title='bbox 253 3377 304 3422; x_wconf 89' lang='lat' dir='ltr'><strong>te</strong></span> <span class='ocrx_word' id='word_1_379' title='bbox 327 3368 636 3437; x_wconf 87' lang='lat' dir='ltr'><strong>adjutorem</strong></span> <span class='ocrx_word' id='word_1_380' title='bbox 692 3383 905 3437; x_wconf 87' lang='lat' dir='ltr'><strong>semper</strong></span> <span class='ocrx_word' id='word_1_381' title='bbox 955 3371 1289 3430; x_wconf 80' lang='lat' dir='ltr'><strong>invocamus,</strong></span> <span class='ocrx_word' id='word_1_382' title='bbox 1321 3365 1386 3418; x_wconf 89' lang='lat' dir='ltr'><strong>ad</strong></span> <span class='ocrx_word' id='word_1_383' title='bbox 1417 3373 1469 3417; x_wconf 89' lang='lat' dir='ltr'><strong>te</strong></span> <span class='ocrx_word' id='word_1_384' title='bbox 1497 3366 1605 3418; x_wconf 89' lang='lat' dir='ltr'><strong>sint</strong></span> 
     </span>
    </p>
   </div>
   <div class='ocr_carea' id='block_1_51' title="bbox 57 3457 1602 3530">
    <p class='ocr_par' dir='ltr' id='par_1_51' title="bbox 57 3457 1602 3530">
     <span class='ocr_line' id='line_1_51' title="bbox 57 3457 1602 3530; baseline 0 -22"><span class='ocrx_word' id='word_1_385' title='bbox 57 3471 242 3526; x_wconf 86' lang='lat' dir='ltr'><strong>semper</strong></span> <span class='ocrx_word' id='word_1_386' title='bbox 263 3461 398 3514; x_wconf 91' lang='lat' dir='ltr'><strong>oeuli</strong></span> <span class='ocrx_word' id='word_1_387' title='bbox 423 3460 598 3515; x_wconf 79' lang='lat' dir='ltr'><strong>nostri</strong></span> <span class='ocrx_word' id='word_1_388' title='bbox 631 3475 697 3514; x_wconf 90' lang='lat' dir='ltr'><strong>ne</strong></span> <span class='ocrx_word' id='word_1_389' title='bbox 734 3474 1037 3530; x_wconf 83' lang='lat' dir='ltr'><strong>pereamus,</strong></span> <span class='ocrx_word' id='word_1_390' title='bbox 1060 3457 1336 3528; x_wconf 87' lang='lat' dir='ltr'><strong>spiritibus</strong></span> <span class='ocrx_word' id='word_1_391' title='bbox 1374 3459 1602 3525; x_wconf 88' lang='lat' dir='ltr'><strong>impera,</strong></span> 
     </span>
    </p>
   </div>
   <div class='ocr_carea' id='block_1_52' title="bbox 57 3552 1605 3621">
    <p class='ocr_par' dir='ltr' id='par_1_52' title="bbox 57 3552 1605 3621">
     <span class='ocr_line' id='line_1_52' title="bbox 57 3552 1605 3621; baseline -0.001 -18"><span class='ocrx_word' id='word_1_392' title='bbox 57 3565 246 3606; x_wconf 87' lang='lat' dir='ltr'><strong>carnem</strong></span> <span class='ocrx_word' id='word_1_393' title='bbox 291 3553 525 3618; x_wconf 84' lang='lat' dir='ltr'><strong>refreua,</strong></span> <span class='ocrx_word' id='word_1_394' title='bbox 562 3562 908 3621; x_wconf 84' lang='lat' dir='ltr'><strong>tempestates</strong></span> <span class='ocrx_word' id='word_1_395' title='bbox 955 3553 1105 3616; x_wconf 88' lang='lat' dir='ltr'><strong>seda,</strong></span> <span class='ocrx_word' id='word_1_396' title='bbox 1156 3552 1222 3605; x_wconf 88' lang='lat' dir='ltr'><strong>ad</strong></span> <span class='ocrx_word' id='word_1_397' title='bbox 1269 3562 1321 3604; x_wconf 90' lang='lat' dir='ltr'><strong>te</strong></span> <span class='ocrx_word' id='word_1_398' title='bbox 1365 3565 1463 3604; x_wconf 88' lang='lat' dir='ltr'><strong>nos</strong></span> <span class='ocrx_word' id='word_1_399' title='bbox 1507 3565 1605 3619; x_wconf 85' lang='lat' dir='ltr'><strong>gu-</strong></span> 
     </span>
    </p>
   </div>
   <div class='ocr_carea' id='block_1_53' title="bbox 59 3642 1604 3714">
    <p class='ocr_par' dir='ltr' id='par_1_53' title="bbox 59 3642 1604 3714">
     <span class='ocr_line' id='line_1_53' title="bbox 59 3642 1604 3714; baseline 0.001 -20"><span class='ocrx_word' id='word_1_400' title='bbox 59 3642 222 3706; x_wconf 80' lang='lat' dir='ltr'><strong>berna,</strong></span> <span class='ocrx_word' id='word_1_401' title='bbox 247 3653 538 3714; x_wconf 89' lang='lat' dir='ltr'><strong>utsemper</strong></span> <span class='ocrx_word' id='word_1_402' title='bbox 565 3653 616 3698; x_wconf 91' lang='lat' dir='ltr'><strong>te</strong></span> <span class='ocrx_word' id='word_1_403' title='bbox 650 3645 832 3698; x_wconf 82' lang='lat' dir='ltr'><strong>videre</strong></span> <span class='ocrx_word' id='word_1_404' title='bbox 861 3653 918 3699; x_wconf 91' lang='lat' dir='ltr'><strong>et</strong></span> <span class='ocrx_word' id='word_1_405' title='bbox 950 3643 1267 3697; x_wconf 89' lang='lat' dir='ltr'><strong>benedicere</strong></span> <span class='ocrx_word' id='word_1_406' title='bbox 1299 3657 1604 3696; x_wconf 87' lang='lat' dir='ltr'><strong>mereamur</strong></span> 
     </span>
    </p>
   </div>
   <div class='ocr_carea' id='block_1_54' title="bbox 57 3733 1601 3805">
    <p class='ocr_par' dir='ltr' id='par_1_54' title="bbox 57 3733 1601 3805">
     <span class='ocr_line' id='line_1_54' title="bbox 57 3733 1601 3805; baseline 0 -19"><span class='ocrx_word' id='word_1_407' title='bbox 57 3749 196 3788; x_wconf 86' lang='lat' dir='ltr'><strong>unum</strong></span> <span class='ocrx_word' id='word_1_408' title='bbox 230 3737 386 3790; x_wconf 86' lang='lat' dir='ltr'><strong>Deum</strong></span> <span class='ocrx_word' id='word_1_409' title='bbox 408 3751 536 3791; x_wconf 88' lang='lat' dir='ltr'><strong>cum</strong></span> <span class='ocrx_word' id='word_1_410' title='bbox 566 3735 726 3790; x_wconf 85' lang='lat' dir='ltr'><strong>Patre</strong></span> <span class='ocrx_word' id='word_1_411' title='bbox 754 3747 807 3790; x_wconf 90' lang='lat' dir='ltr'><strong>et</strong></span> <span class='ocrx_word' id='word_1_412' title='bbox 843 3735 1049 3805; x_wconf 90' lang='lat' dir='ltr'><strong>Spiritu</strong></span> <span class='ocrx_word' id='word_1_413' title='bbox 1079 3743 1265 3789; x_wconf 90' lang='lat' dir='ltr'><strong>sancto</strong></span> <span class='ocrx_word' id='word_1_414' title='bbox 1301 3748 1397 3804; x_wconf 90' lang='lat' dir='ltr'><strong>per</strong></span> <span class='ocrx_word' id='word_1_415' title='bbox 1425 3733 1601 3786; x_wconf 89' lang='lat' dir='ltr'><strong>omnia</strong></span> 
     </span>
    </p>
   </div>
   <div class='ocr_carea' id='block_1_55' title="bbox 53 3827 823 3888">
    <p class='ocr_par' dir='ltr' id='par_1_55' title="bbox 53 3827 823 3888">
     <span class='ocr_line' id='line_1_55' title="bbox 53 3827 823 3888; baseline 0.001 -9"><span class='ocrx_word' id='word_1_416' title='bbox 53 3827 221 3882; x_wconf 65' lang='lat' dir='ltr'><strong>saecula</strong></span> <span class='ocrx_word' id='word_1_417' title='bbox 249 3829 590 3884; x_wconf 64' lang='lat' dir='ltr'><strong>saeculorum.</strong></span> <span class='ocrx_word' id='word_1_418' title='bbox 630 3829 823 3888; x_wconf 79' lang='lat' dir='ltr'><strong>Amen.</strong></span> 
     </span>
    </p>
   </div>
   <div class='ocr_carea' id='block_1_56' title="bbox 531 3926 1094 3984">
    <p class='ocr_par' dir='ltr' id='par_1_56' title="bbox 531 3926 1094 3984">
     <span class='ocr_line' id='line_1_56' title="bbox 531 3926 1094 3984; baseline -0.007 -1"><span class='ocrx_word' id='word_1_419' title='bbox 531 3927 814 3984; x_wconf 80' lang='lat' dir='ltr'><strong>llOMlLlA</strong></span> <span class='ocrx_word' id='word_1_420' title='bbox 863 3926 1094 3982; x_wconf 74' lang='lat' dir='ltr'><strong>LXVIII.</strong></span> 
     </span>
    </p>
   </div>
   <div class='ocr_carea' id='block_1_57' title="bbox 488 4022 1132 4066">
    <p class='ocr_par' dir='ltr' id='par_1_57' title="bbox 488 4022 1132 4066">
     <span class='ocr_line' id='line_1_57' title="bbox 488 4022 1132 4066; baseline -0.006 -1"><span class='ocrx_word' id='word_1_421' title='bbox 488 4025 547 4066; x_wconf 77' lang='lat' dir='ltr'><strong>IN</strong></span> <span class='ocrx_word' id='word_1_422' title='bbox 579 4022 895 4063; x_wconf 73' lang='lat' dir='ltr'><strong>ASCENSIONE</strong></span> <span class='ocrx_word' id='word_1_423' title='bbox 930 4023 1132 4061; x_wconf 74' lang='grc' dir='ltr'><strong>υοιιιιιι.</strong></span> 
     </span>
    </p>
   </div>
   <div class='ocr_carea' id='block_1_58' title="bbox 116 4096 1603 4170">
    <p class='ocr_par' dir='ltr' id='par_1_58' title="bbox 116 4096 1603 4170">
     <span class='ocr_line' id='line_1_58' title="bbox 116 4096 1603 4170; baseline 0.001 -20"><span class='ocrx_word' id='word_1_424' title='bbox 116 4096 334 4154; x_wconf 85' lang='lat' dir='ltr'><strong>Primum</strong></span> <span class='ocrx_word' id='word_1_425' title='bbox 355 4103 564 4170; x_wconf 77' lang='lat' dir='ltr'><strong>quidem</strong></span> <span class='ocrx_word' id='word_1_426' title='bbox 584 4115 871 4161; x_wconf 85' lang='lat' dir='ltr'><strong>sermonem</strong></span> <span class='ocrx_word' id='word_1_427' title='bbox 896 4100 993 4168; x_wconf 77' lang='lat' dir='ltr'><strong>feci</strong></span> <span class='ocrx_word' id='word_1_428' title='bbox 1013 4101 1076 4152; x_wconf 86' lang='lat' dir='ltr'><strong>de</strong></span> <span class='ocrx_word' id='word_1_429' title='bbox 1092 4097 1352 4161; x_wconf 86' lang='lat' dir='ltr'><strong>omnibus,</strong></span> <span class='ocrx_word' id='word_1_430' title='bbox 1381 4113 1410 4150; x_wconf 91' lang='grc' dir='ltr'><strong>ο</strong></span> <span class='ocrx_word' id='word_1_431' title='bbox 1438 4097 1603 4152; x_wconf 82' lang='lat' dir='ltr'><strong>Theo-</strong></span> 
     </span>
    </p>
   </div>
   <div class='ocr_carea' id='block_1_59' title="bbox 52 4191 1606 4263">
    <p class='ocr_par' dir='ltr' id='par_1_59' title="bbox 52 4191 1606 4263">
     <span class='ocr_line' id='line_1_59' title="bbox 52 4191 1606 4263; baseline 0.003 -23"><span class='ocrx_word' id='word_1_432' title='bbox 52 4191 316 4262; x_wconf 72' lang='lat' dir='ltr'><strong>phile,quw</strong></span> <span class='ocrx_word' id='word_1_433' title='bbox 340 4194 488 4263; x_wconf 70' lang='lat' dir='ltr'><strong>coepit</strong></span> <span class='ocrx_word' id='word_1_434' title='bbox 519 4191 678 4248; x_wconf 71' lang='lat' dir='ltr'><strong>Iesus</strong></span> <span class='ocrx_word' id='word_1_435' title='bbox 701 4192 874 4262; x_wconf 76' lang='lat' dir='ltr'><strong>facere</strong></span> <span class='ocrx_word' id='word_1_436' title='bbox 897 4202 944 4244; x_wconf 91' lang='lat' dir='ltr'><strong>et</strong></span> <span class='ocrx_word' id='word_1_437' title='bbox 972 4191 1178 4255; x_wconf 70' lang='lat' dir='ltr'><strong>docere,</strong></span> <span class='ocrx_word' id='word_1_438' title='bbox 1206 4206 1368 4260; x_wconf 86' lang='lat' dir='ltr'><strong>usque</strong></span> <span class='ocrx_word' id='word_1_439' title='bbox 1393 4191 1444 4243; x_wconf 86' lang='lat' dir='ltr'><strong>in</strong></span> <span class='ocrx_word' id='word_1_440' title='bbox 1466 4192 1606 4245; x_wconf 87' lang='lat' dir='ltr'><strong>diem</strong></span> 
     </span>
    </p>
   </div>
   <div class='ocr_carea' id='block_1_60' title="bbox 52 4283 1604 4357">
    <p class='ocr_par' dir='ltr' id='par_1_60' title="bbox 52 4283 1604 4357">
     <span class='ocr_line' id='line_1_60' title="bbox 52 4283 1604 4357; baseline 0 -21"><span class='ocrx_word' id='word_1_441' title='bbox 52 4298 140 4348; x_wconf 85' lang='lat' dir='ltr'><strong>qua</strong></span> <span class='ocrx_word' id='word_1_442' title='bbox 165 4288 464 4357; x_wconf 63' lang='lat' dir='ltr'><strong>iii-recipiens</strong></span> <span class='ocrx_word' id='word_1_443' title='bbox 506 4286 754 4352; x_wconf 75' lang='lat' dir='ltr'><strong>apostolis</strong></span> <span class='ocrx_word' id='word_1_444' title='bbox 782 4301 874 4355; x_wconf 83' lang='lat' dir='ltr'><strong>per</strong></span> <span class='ocrx_word' id='word_1_445' title='bbox 897 4283 1156 4354; x_wconf 81' lang='lat' dir='ltr'><strong>Spiritum</strong></span> <span class='ocrx_word' id='word_1_446' title='bbox 1182 4295 1442 4346; x_wconf 85' lang='lat' dir='ltr'><strong>sanctum,</strong></span> <span class='ocrx_word' id='word_1_447' title='bbox 1476 4299 1604 4353; x_wconf 86' lang='lat' dir='ltr'><strong>quos</strong></span> 
     </span>
    </p>
   </div>
   <div class='ocr_carea' id='block_1_61' title="bbox 51 4376 1604 4451">
    <p class='ocr_par' dir='ltr' id='par_1_61' title="bbox 51 4376 1604 4451">
     <span class='ocr_line' id='line_1_61' title="bbox 51 4376 1604 4451; baseline 0.002 -23"><span class='ocrx_word' id='word_1_448' title='bbox 51 4377 521 4451; x_wconf 77' lang='lat' dir='ltr'><strong>rlegit,assumpl~us</strong></span> <span class='ocrx_word' id='word_1_449' title='bbox 571 4389 645 4435; x_wconf 87' lang='lat' dir='ltr'><strong>est</strong></span> <span class='ocrx_word' id='word_1_450' title='bbox 699 4379 839 4450; x_wconf 80' lang='lat' dir='ltr'><strong>(Act.</strong></span> <span class='ocrx_word' id='word_1_451' title='bbox 871 4381 935 4450; x_wconf 83' lang='grc' dir='ltr'><strong>ι),</strong></span> <span class='ocrx_word' id='word_1_452' title='bbox 977 4387 1082 4433; x_wconf 88' lang='lat' dir='ltr'><strong>etc.</strong></span> <span class='ocrx_word' id='word_1_453' title='bbox 1119 4376 1498 4448; x_wconf 82' lang='lat' dir='ltr'><strong>Evangelicam</strong></span> <span class='ocrx_word' id='word_1_454' title='bbox 1549 4386 1604 4431; x_wconf 88' lang='lat' dir='ltr'><strong>et</strong></span> 
     </span>
    </p>
   </div>
   <div class='ocr_carea' id='block_1_62' title="bbox 53 4469 1605 4538">
    <p class='ocr_par' dir='ltr' id='par_1_62' title="bbox 53 4469 1605 4538">
     <span class='ocr_line' id='line_1_62' title="bbox 53 4469 1605 4538; baseline -0.001 -15"><span class='ocrx_word' id='word_1_455' title='bbox 53 4473 378 4538; x_wconf 83' lang='lat' dir='ltr'><strong>apostolicam</strong></span> <span class='ocrx_word' id='word_1_456' title='bbox 392 4474 695 4538; x_wconf 88' lang='lat' dir='ltr'><strong>historiam,</strong></span> <span class='ocrx_word' id='word_1_457' title='bbox 714 4472 907 4526; x_wconf 88' lang='lat' dir='ltr'><strong>fratres</strong></span> <span class='ocrx_word' id='word_1_458' title='bbox 920 4471 1246 4531; x_wconf 85' lang='lat' dir='ltr'><strong>charissimi.</strong></span> <span class='ocrx_word' id='word_1_459' title='bbox 1265 4469 1480 4537; x_wconf 85' lang='lat' dir='ltr'><strong>scripsit</strong></span> <span class='ocrx_word' id='word_1_460' title='bbox 1501 4469 1605 4522; x_wconf 85' lang='lat' dir='ltr'><strong>Lu-</strong></span> 
     </span>
    </p>
   </div>
   <div class='ocr_carea' id='block_1_63' title="bbox 1720 1985 3294 2056">
    <p class='ocr_par' dir='ltr' id='par_1_63' title="bbox 1720 1985 3294 2056">
     <span class='ocr_line' id='line_1_63' title="bbox 1720 1985 3294 2056; baseline -0.001 -14"><span class='ocrx_word' id='word_1_461' title='bbox 1720 2001 1869 2050; x_wconf 89' lang='lat' dir='ltr'><strong>cere,</strong></span> <span class='ocrx_word' id='word_1_462' title='bbox 1909 1995 1963 2040; x_wconf 89' lang='lat' dir='ltr'><strong>et</strong></span> <span class='ocrx_word' id='word_1_463' title='bbox 1993 1995 2180 2056; x_wconf 86' lang='lat' dir='ltr'><strong>postea</strong></span> <span class='ocrx_word' id='word_1_464' title='bbox 2226 1988 2440 2042; x_wconf 82' lang='lat' dir='ltr'><strong>docere.</strong></span> <span class='ocrx_word' id='word_1_465' title='bbox 2480 1985 2550 2039; x_wconf 87' lang='lat' dir='ltr'><strong>Et</strong></span> <span class='ocrx_word' id='word_1_466' title='bbox 2599 1985 2740 2054; x_wconf 87' lang='lat' dir='ltr'><strong>quod</strong></span> <span class='ocrx_word' id='word_1_467' title='bbox 2783 1986 2937 2055; x_wconf 89' lang='lat' dir='ltr'><strong>prius</strong></span> <span class='ocrx_word' id='word_1_468' title='bbox 2983 1987 3294 2041; x_wconf 85' lang='lat' dir='ltr'><strong>ostenderat</strong></span> 
     </span>
    </p>
   </div>
   <div class='ocr_carea' id='block_1_64' title="bbox 1717 2075 3292 2147">
    <p class='ocr_par' dir='ltr' id='par_1_64' title="bbox 1717 2075 3292 2147">
     <span class='ocr_line' id='line_1_64' title="bbox 1717 2075 3292 2147; baseline -0.001 -15"><span class='ocrx_word' id='word_1_469' title='bbox 1717 2075 1986 2147; x_wconf 82' lang='lat' dir='ltr'><strong>exemplo,</strong></span> <span class='ocrx_word' id='word_1_470' title='bbox 2046 2085 2168 2147; x_wconf 89' lang='lat' dir='ltr'><strong>post</strong></span> <span class='ocrx_word' id='word_1_471' title='bbox 2211 2076 2532 2131; x_wconf 88' lang='lat' dir='ltr'><strong>ostendebat</strong></span> <span class='ocrx_word' id='word_1_472' title='bbox 2581 2076 2748 2130; x_wconf 80' lang='lat' dir='ltr'><strong>verbo</strong></span> <span class='ocrx_word' id='word_1_473' title='bbox 2804 2075 2940 2131; x_wconf 90' lang='lat' dir='ltr'><strong>dans</strong></span> <span class='ocrx_word' id='word_1_474' title='bbox 2988 2077 3292 2146; x_wconf 82' lang='lat' dir='ltr'><strong>exemplum</strong></span> 
     </span>
    </p>
   </div>
   <div class='ocr_carea' id='block_1_65' title="bbox 1717 2149 3292 2237">
    <p class='ocr_par' dir='ltr' id='par_1_65' title="bbox 1717 2149 3292 2237">
     <span class='ocr_line' id='line_1_65' title="bbox 1717 2149 3292 2237; baseline -0.003 -12"><span class='ocrx_word' id='word_1_475' title='bbox 1717 2166 1999 2237; x_wconf 86' lang='lat' dir='ltr'><strong>discipulis</strong></span> <span class='ocrx_word' id='word_1_476' title='bbox 2036 2175 2093 2221; x_wconf 92' lang='lat' dir='ltr'><strong>et</strong></span> <span class='ocrx_word' id='word_1_477' title='bbox 2148 2166 2592 2236; x_wconf 62' lang='lat' dir='ltr'><strong>praedicatoribus</strong></span> <span class='ocrx_word' id='word_1_478' title='bbox 2627 2166 2740 2221; x_wconf 90' lang='lat' dir='ltr'><strong>suis</strong></span> <span class='ocrx_word' id='word_1_479' title='bbox 2766 2149 3016 2220; x_wconf 85' lang='lat' dir='ltr'><strong>eumdem</strong></span> <span class='ocrx_word' id='word_1_480' title='bbox 3045 2169 3292 2221; x_wconf 82' lang='lat' dir='ltr'><strong>ordinent</strong></span> 
     </span>
    </p>
   </div>
   <div class='ocr_carea' id='block_1_66' title="bbox 1711 2257 3295 2328">
    <p class='ocr_par' dir='ltr' id='par_1_66' title="bbox 1711 2257 3295 2328">
     <span class='ocr_line' id='line_1_66' title="bbox 1711 2257 3295 2328; baseline -0.003 -11"><span class='ocrx_word' id='word_1_481' title='bbox 1711 2259 2059 2318; x_wconf 82' lang='lat' dir='ltr'><strong>observandi.</strong></span> <span class='ocrx_word' id='word_1_482' title='bbox 2087 2259 2145 2313; x_wconf 89' lang='lat' dir='ltr'><strong>In</strong></span> <span class='ocrx_word' id='word_1_483' title='bbox 2185 2273 2293 2328; x_wconf 89' lang='lat' dir='ltr'><strong>quo</strong></span> <span class='ocrx_word' id='word_1_484' title='bbox 2321 2273 2472 2321; x_wconf 83' lang='lat' dir='ltr'><strong>mea,</strong></span> <span class='ocrx_word' id='word_1_485' title='bbox 2503 2267 2557 2312; x_wconf 92' lang='lat' dir='ltr'><strong>et</strong></span> <span class='ocrx_word' id='word_1_486' title='bbox 2587 2257 2691 2312; x_wconf 91' lang='lat' dir='ltr'><strong>mei</strong></span> <span class='ocrx_word' id='word_1_487' title='bbox 2725 2257 2981 2312; x_wconf 89' lang='lat' dir='ltr'><strong>similium</strong></span> <span class='ocrx_word' id='word_1_488' title='bbox 3013 2257 3295 2312; x_wconf 89' lang='lat' dir='ltr'><strong>confundi-</strong></span> 
     </span>
    </p>
   </div>
   <div class='ocr_carea' id='block_1_67' title="bbox 1712 2347 3294 2422">
    <p class='ocr_par' dir='ltr' id='par_1_67' title="bbox 1712 2347 3294 2422">
     <span class='ocr_line' id='line_1_67' title="bbox 1712 2347 3294 2422; baseline -0.005 -16"><span class='ocrx_word' id='word_1_489' title='bbox 1712 2361 1800 2406; x_wconf 90' lang='lat' dir='ltr'><strong>tur</strong></span> <span class='ocrx_word' id='word_1_490' title='bbox 1825 2349 2198 2422; x_wconf 64' lang='lat' dir='ltr'><strong>praesumptio,</strong></span> <span class='ocrx_word' id='word_1_491' title='bbox 2239 2348 2328 2418; x_wconf 91' lang='lat' dir='ltr'><strong>qui</strong></span> <span class='ocrx_word' id='word_1_492' title='bbox 2379 2348 2544 2402; x_wconf 87' lang='lat' dir='ltr'><strong>ntulta</strong></span> <span class='ocrx_word' id='word_1_493' title='bbox 2569 2347 2720 2401; x_wconf 68' lang='lat' dir='ltr'><strong>vobis</strong></span> <span class='ocrx_word' id='word_1_494' title='bbox 2745 2347 3002 2416; x_wconf 66' lang='lat' dir='ltr'><strong>praedico,</strong></span> <span class='ocrx_word' id='word_1_495' title='bbox 3051 2361 3170 2415; x_wconf 74' lang='lat' dir='ltr'><strong>qua:</strong></span> <span class='ocrx_word' id='word_1_496' title='bbox 3215 2356 3294 2401; x_wconf 81' lang='lat' dir='ltr'><strong>ta-</strong></span> 
     </span>
    </p>
   </div>
   <div class='ocr_carea' id='block_1_68' title="bbox 1711 2436 3294 2508">
    <p class='ocr_par' dir='ltr' id='par_1_68' title="bbox 1711 2436 3294 2508">
     <span class='ocr_line' id='line_1_68' title="bbox 1711 2436 3294 2508; baseline -0.004 -9"><span class='ocrx_word' id='word_1_497' title='bbox 1711 2458 1835 2500; x_wconf 87' lang='lat' dir='ltr'><strong>men</strong></span> <span class='ocrx_word' id='word_1_498' title='bbox 1879 2458 1984 2499; x_wconf 93' lang='lat' dir='ltr'><strong>nou</strong></span> <span class='ocrx_word' id='word_1_499' title='bbox 2035 2441 2193 2496; x_wconf 81' lang='lat' dir='ltr'><strong>facio.</strong></span> <span class='ocrx_word' id='word_1_500' title='bbox 2243 2440 2348 2496; x_wconf 86' lang='lat' dir='ltr'><strong>Sed</strong></span> <span class='ocrx_word' id='word_1_501' title='bbox 2407 2439 2644 2506; x_wconf 86' lang='lat' dir='ltr'><strong>utinam,</strong></span> <span class='ocrx_word' id='word_1_502' title='bbox 2676 2436 2897 2504; x_wconf 86' lang='lat' dir='ltr'><strong>fratres,</strong></span> <span class='ocrx_word' id='word_1_503' title='bbox 2942 2454 3038 2508; x_wconf 87' lang='lat' dir='ltr'><strong>per</strong></span> <span class='ocrx_word' id='word_1_504' title='bbox 3083 2446 3294 2494; x_wconf 80' lang='lat' dir='ltr'><strong>vestras</strong></span> 
     </span>
    </p>
   </div>
   <div class='ocr_carea' id='block_1_69' title="bbox 1709 2530 3289 2602">
    <p class='ocr_par' dir='ltr' id='par_1_69' title="bbox 1709 2530 3289 2602">
     <span class='ocr_line' id='line_1_69' title="bbox 1709 2530 3289 2602; baseline -0.004 -12"><span class='ocrx_word' id='word_1_505' title='bbox 1709 2537 1988 2591; x_wconf 88' lang='lat' dir='ltr'><strong>orationes</strong></span> <span class='ocrx_word' id='word_1_506' title='bbox 2037 2535 2149 2602; x_wconf 88' lang='lat' dir='ltr'><strong>ipsa</strong></span> <span class='ocrx_word' id='word_1_507' title='bbox 2204 2530 2448 2588; x_wconf 89' lang='lat' dir='ltr'><strong>confusio</strong></span> <span class='ocrx_word' id='word_1_508' title='bbox 2496 2539 2719 2600; x_wconf 78' lang='lat' dir='ltr'><strong>generet</strong></span> <span class='ocrx_word' id='word_1_509' title='bbox 2774 2530 2831 2584; x_wconf 91' lang='lat' dir='ltr'><strong>in</strong></span> <span class='ocrx_word' id='word_1_510' title='bbox 2881 2545 2968 2584; x_wconf 89' lang='lat' dir='ltr'><strong>me</strong></span> <span class='ocrx_word' id='word_1_511' title='bbox 2999 2531 3289 2599; x_wconf 86' lang='lat' dir='ltr'><strong>pudorem,</strong></span> 
     </span>
    </p>
   </div>
   <div class='ocr_carea' id='block_1_70' title="bbox 1710 2622 3292 2699">
    <p class='ocr_par' dir='ltr' id='par_1_70' title="bbox 1710 2622 3292 2699">
     <span class='ocr_line' id='line_1_70' title="bbox 1710 2622 3292 2699; baseline -0.005 -16"><span class='ocrx_word' id='word_1_512' title='bbox 1710 2628 1883 2699; x_wconf 89' lang='lat' dir='ltr'><strong>pudor</strong></span> <span class='ocrx_word' id='word_1_513' title='bbox 1927 2626 2341 2690; x_wconf 87' lang='lat' dir='ltr'><strong>correctionem,</strong></span> <span class='ocrx_word' id='word_1_514' title='bbox 2395 2624 2661 2679; x_wconf 89' lang='lat' dir='ltr'><strong>correctio</strong></span> <span class='ocrx_word' id='word_1_515' title='bbox 2712 2622 3176 2688; x_wconf 86' lang='lat' dir='ltr'><strong>emendationem,</strong></span> <span class='ocrx_word' id='word_1_516' title='bbox 3231 2633 3292 2676; x_wconf 92' lang='lat' dir='ltr'><strong>ut</strong></span> 
     </span>
    </p>
   </div>
   <div class='ocr_carea' id='block_1_71' title="bbox 1711 2717 3288 2796">
    <p class='ocr_par' dir='ltr' id='par_1_71' title="bbox 1711 2717 3288 2796">
     <span class='ocr_line' id='line_1_71' title="bbox 1711 2717 3288 2796; baseline -0.006 -18"><span class='ocrx_word' id='word_1_517' title='bbox 1711 2725 1852 2796; x_wconf 88' lang='lat' dir='ltr'><strong>quod</strong></span> <span class='ocrx_word' id='word_1_518' title='bbox 1877 2725 2026 2794; x_wconf 90' lang='lat' dir='ltr'><strong>prius</strong></span> <span class='ocrx_word' id='word_1_519' title='bbox 2050 2739 2154 2777; x_wconf 91' lang='lat' dir='ltr'><strong>non</strong></span> <span class='ocrx_word' id='word_1_520' title='bbox 2185 2722 2308 2787; x_wconf 85' lang='lat' dir='ltr'><strong>feci,</strong></span> <span class='ocrx_word' id='word_1_521' title='bbox 2337 2721 2526 2775; x_wconf 88' lang='lat' dir='ltr'><strong>saltem</strong></span> <span class='ocrx_word' id='word_1_522' title='bbox 2548 2729 2832 2790; x_wconf 87' lang='lat' dir='ltr'><strong>postquam</strong></span> <span class='ocrx_word' id='word_1_523' title='bbox 2859 2717 3288 2788; x_wconf 67' lang='lat' dir='ltr'><strong>praedicaverim,</strong></span> 
     </span>
    </p>
   </div>
   <div class='ocr_carea' id='block_1_72' title="bbox 1711 2808 3294 2884">
    <p class='ocr_par' dir='ltr' id='par_1_72' title="bbox 1711 2808 3294 2884">
     <span class='ocr_line' id='line_1_72' title="bbox 1711 2808 3294 2884; baseline -0.008 -11"><span class='ocrx_word' id='word_1_524' title='bbox 1711 2818 1894 2873; x_wconf 84' lang='lat' dir='ltr'><strong>facere</strong></span> <span class='ocrx_word' id='word_1_525' title='bbox 1951 2815 2204 2884; x_wconf 84' lang='lat' dir='ltr'><strong>incipiant</strong></span> <span class='ocrx_word' id='word_1_526' title='bbox 2249 2815 2263 2868; x_wconf 87' lang='grc' dir='ltr'><strong>ι</strong></span> <span class='ocrx_word' id='word_1_527' title='bbox 2319 2812 2386 2866; x_wconf 82' lang='lat' dir='ltr'><strong>Et</strong></span> <span class='ocrx_word' id='word_1_528' title='bbox 2427 2813 2554 2881; x_wconf 91' lang='lat' dir='ltr'><strong>quid</strong></span> <span class='ocrx_word' id='word_1_529' title='bbox 2601 2820 2704 2873; x_wconf 88' lang='lat' dir='ltr'><strong>est,</strong></span> <span class='ocrx_word' id='word_1_530' title='bbox 2749 2811 2972 2871; x_wconf 87' lang='lat' dir='ltr'><strong>fratres.</strong></span> <span class='ocrx_word' id='word_1_531' title='bbox 3025 2810 3169 2876; x_wconf 88' lang='lat' dir='ltr'><strong>quod</strong></span> <span class='ocrx_word' id='word_1_532' title='bbox 3215 2808 3294 2862; x_wconf 88' lang='lat' dir='ltr'><strong>ait</strong></span> 
     </span>
    </p>
   </div>
   <div class='ocr_carea' id='block_1_73' title="bbox 1711 2900 3296 2978">
    <p class='ocr_par' dir='ltr' id='par_1_73' title="bbox 1711 2900 3296 2978">
     <span class='ocr_line' id='line_1_73' title="bbox 1711 2900 3296 2978; baseline -0.005 -13"><span class='ocrx_word' id='word_1_533' title='bbox 1711 2907 2097 2978; x_wconf 59' lang='lat' dir='ltr'><strong>Evangelistatl</strong></span> <span class='ocrx_word' id='word_1_534' title='bbox 2141 2908 2319 2972; x_wconf 83' lang='lat' dir='ltr'><strong>Quare</strong></span> <span class='ocrx_word' id='word_1_535' title='bbox 2363 2904 2489 2958; x_wconf 89' lang='lat' dir='ltr'><strong>fecit</strong></span> <span class='ocrx_word' id='word_1_536' title='bbox 2551 2918 2858 2958; x_wconf 88' lang='lat' dir='ltr'><strong>sermonem</strong></span> <span class='ocrx_word' id='word_1_537' title='bbox 2924 2901 2992 2956; x_wconf 90' lang='lat' dir='ltr'><strong>de</strong></span> <span class='ocrx_word' id='word_1_538' title='bbox 3040 2900 3296 2958; x_wconf 76' lang='lat' dir='ltr'><strong>erunibus</strong></span> 
     </span>
    </p>
   </div>
   <div class='ocr_carea' id='block_1_74' title="bbox 1713 2997 3293 3073">
    <p class='ocr_par' dir='ltr' id='par_1_74' title="bbox 1713 2997 3293 3073">
     <span class='ocr_line' id='line_1_74' title="bbox 1713 2997 3293 3073; baseline -0.005 -16"><span class='ocrx_word' id='word_1_539' title='bbox 1713 3019 1836 3073; x_wconf 74' lang='lat' dir='ltr'><strong>qua:</strong></span> <span class='ocrx_word' id='word_1_540' title='bbox 1865 3001 2032 3070; x_wconf 69' lang='lat' dir='ltr'><strong>cmpit</strong></span> <span class='ocrx_word' id='word_1_541' title='bbox 2065 2999 2228 3054; x_wconf 84' lang='lat' dir='ltr'><strong>Jesus</strong></span> <span class='ocrx_word' id='word_1_542' title='bbox 2252 2998 2432 3054; x_wconf 85' lang='lat' dir='ltr'><strong>facere</strong></span> <span class='ocrx_word' id='word_1_543' title='bbox 2457 3007 2512 3052; x_wconf 91' lang='lat' dir='ltr'><strong>et</strong></span> <span class='ocrx_word' id='word_1_544' title='bbox 2539 2999 2754 3053; x_wconf 89' lang='lat' dir='ltr'><strong>docere.</strong></span> <span class='ocrx_word' id='word_1_545' title='bbox 2784 2997 2849 3051; x_wconf 82' lang='lat' dir='ltr'><strong>Et</strong></span> <span class='ocrx_word' id='word_1_546' title='bbox 2869 2997 2992 3066; x_wconf 90' lang='lat' dir='ltr'><strong>quis</strong></span> <span class='ocrx_word' id='word_1_547' title='bbox 3022 2997 3123 3050; x_wconf 88' lang='lat' dir='ltr'><strong>hoc</strong></span> <span class='ocrx_word' id='word_1_548' title='bbox 3167 3010 3293 3066; x_wconf 85' lang='lat' dir='ltr'><strong>pos-</strong></span> 
     </span>
    </p>
   </div>
   <div class='ocr_carea' id='block_1_75' title="bbox 1688 3087 3291 3162">
    <p class='ocr_par' dir='ltr' id='par_1_75' title="bbox 1688 3087 3291 3162">
     <span class='ocr_line' id='line_1_75' title="bbox 1688 3087 3291 3162; baseline -0.001 -18"><span class='ocrx_word' id='word_1_549' title='bbox 1688 3094 1813 3148; x_wconf 87' lang='lat' dir='ltr'><strong>.sit?</strong></span> <span class='ocrx_word' id='word_1_550' title='bbox 1830 3094 2128 3162; x_wconf 71' lang='lat' dir='ltr'><strong>praesertim</strong></span> <span class='ocrx_word' id='word_1_551' title='bbox 2147 3107 2269 3146; x_wconf 85' lang='lat' dir='ltr'><strong>eum</strong></span> <span class='ocrx_word' id='word_1_552' title='bbox 2286 3091 2430 3144; x_wconf 90' lang='lat' dir='ltr'><strong>dicat</strong></span> <span class='ocrx_word' id='word_1_553' title='bbox 2447 3090 2683 3144; x_wconf 78' lang='lat' dir='ltr'><strong>Joannes</strong></span> <span class='ocrx_word' id='word_1_554' title='bbox 2708 3089 3059 3159; x_wconf 79' lang='lat' dir='ltr'><strong>evangelista,</strong></span> <span class='ocrx_word' id='word_1_555' title='bbox 3075 3088 3217 3158; x_wconf 90' lang='lat' dir='ltr'><strong>quod</strong></span> <span class='ocrx_word' id='word_1_556' title='bbox 3243 3087 3291 3142; x_wconf 89' lang='lat' dir='ltr'><strong>si</strong></span> 
     </span>
    </p>
   </div>
   <div class='ocr_carea' id='block_1_76' title="bbox 1710 3179 3292 3254">
    <p class='ocr_par' dir='ltr' id='par_1_76' title="bbox 1710 3179 3292 3254">
     <span class='ocr_line' id='line_1_76' title="bbox 1710 3179 3292 3254; baseline -0.004 -15"><span class='ocrx_word' id='word_1_557' title='bbox 1710 3200 1871 3254; x_wconf 87' lang='lat' dir='ltr'><strong>opera</strong></span> <span class='ocrx_word' id='word_1_558' title='bbox 1901 3183 2098 3239; x_wconf 90' lang='lat' dir='ltr'><strong>Christi</strong></span> <span class='ocrx_word' id='word_1_559' title='bbox 2141 3198 2240 3252; x_wconf 87' lang='lat' dir='ltr'><strong>per</strong></span> <span class='ocrx_word' id='word_1_560' title='bbox 2277 3181 2488 3250; x_wconf 81' lang='lat' dir='ltr'><strong>singula</strong></span> <span class='ocrx_word' id='word_1_561' title='bbox 2523 3179 2856 3244; x_wconf 85' lang='lat' dir='ltr'><strong>scribantur,</strong></span> <span class='ocrx_word' id='word_1_562' title='bbox 2915 3194 3022 3233; x_wconf 88' lang='lat' dir='ltr'><strong>non</strong></span> <span class='ocrx_word' id='word_1_563' title='bbox 3049 3180 3292 3234; x_wconf 84' lang='lat' dir='ltr'><strong>arbitror</strong></span> 
     </span>
    </p>
   </div>
   <div class='ocr_carea' id='block_1_77' title="bbox 1711 3273 3288 3344">
    <p class='ocr_par' dir='ltr' id='par_1_77' title="bbox 1711 3273 3288 3344">
     <span class='ocr_line' id='line_1_77' title="bbox 1711 3273 3288 3344; baseline -0.003 -14"><span class='ocrx_word' id='word_1_564' title='bbox 1711 3278 1968 3330; x_wconf 87' lang='lat' dir='ltr'><strong>nuuulum</strong></span> <span class='ocrx_word' id='word_1_565' title='bbox 2021 3290 2214 3344; x_wconf 92' lang='lat' dir='ltr'><strong>capere</strong></span> <span class='ocrx_word' id='word_1_566' title='bbox 2265 3274 2358 3344; x_wconf 90' lang='lat' dir='ltr'><strong>qui</strong></span> <span class='ocrx_word' id='word_1_567' title='bbox 2414 3273 2686 3328; x_wconf 89' lang='lat' dir='ltr'><strong>scribendi</strong></span> <span class='ocrx_word' id='word_1_568' title='bbox 2733 3283 2856 3326; x_wconf 89' lang='lat' dir='ltr'><strong>sunt</strong></span> <span class='ocrx_word' id='word_1_569' title='bbox 2905 3273 3073 3327; x_wconf 81' lang='lat' dir='ltr'><strong>libros</strong></span> <span class='ocrx_word' id='word_1_570' title='bbox 3101 3273 3288 3340; x_wconf 61' lang='lat' dir='ltr'><strong>(Joan.</strong></span> 
     </span>
    </p>
   </div>
   <div class='ocr_carea' id='block_1_78' title="bbox 1708 3364 3282 3437">
    <p class='ocr_par' dir='ltr' id='par_1_78' title="bbox 1708 3364 3282 3437">
     <span class='ocr_line' id='line_1_78' title="bbox 1708 3364 3282 3437; baseline -0.003 -15"><span class='ocrx_word' id='word_1_571' title='bbox 1708 3369 1842 3437; x_wconf 76' lang='lat' dir='ltr'><strong>ut).</strong></span> <span class='ocrx_word' id='word_1_572' title='bbox 1876 3368 1982 3423; x_wconf 91' lang='lat' dir='ltr'><strong>Sed</strong></span> <span class='ocrx_word' id='word_1_573' title='bbox 2010 3377 2158 3437; x_wconf 91' lang='lat' dir='ltr'><strong>puto,</strong></span> <span class='ocrx_word' id='word_1_574' title='bbox 2188 3366 2417 3432; x_wconf 82' lang='lat' dir='ltr'><strong>fratres,</strong></span> <span class='ocrx_word' id='word_1_575' title='bbox 2448 3366 2573 3435; x_wconf 90' lang='lat' dir='ltr'><strong>quia</strong></span> <span class='ocrx_word' id='word_1_576' title='bbox 2603 3381 2722 3419; x_wconf 93' lang='lat' dir='ltr'><strong>cum</strong></span> <span class='ocrx_word' id='word_1_577' title='bbox 2755 3366 2832 3418; x_wconf 91' lang='lat' dir='ltr'><strong>ait</strong></span> <span class='ocrx_word' id='word_1_578' title='bbox 2865 3364 3133 3425; x_wconf 90' lang='lat' dir='ltr'><strong>omnibus,</strong></span> <span class='ocrx_word' id='word_1_579' title='bbox 3170 3377 3282 3417; x_wconf 88' lang='lat' dir='ltr'><strong>non</strong></span> 
     </span>
    </p>
   </div>
   <div class='ocr_carea' id='block_1_79' title="bbox 1706 3457 3288 3530">
    <p class='ocr_par' dir='ltr' id='par_1_79' title="bbox 1706 3457 3288 3530">
     <span class='ocr_line' id='line_1_79' title="bbox 1706 3457 3288 3530; baseline -0.002 -17"><span class='ocrx_word' id='word_1_580' title='bbox 1706 3460 1775 3514; x_wconf 88' lang='lat' dir='ltr'><strong>ad</strong></span> <span class='ocrx_word' id='word_1_581' title='bbox 1838 3459 2047 3530; x_wconf 85' lang='lat' dir='ltr'><strong>singula</strong></span> <span class='ocrx_word' id='word_1_582' title='bbox 2102 3473 2377 3529; x_wconf 87' lang='lat' dir='ltr'><strong>generum,</strong></span> <span class='ocrx_word' id='word_1_583' title='bbox 2445 3459 2539 3512; x_wconf 89' lang='lat' dir='ltr'><strong>sed</strong></span> <span class='ocrx_word' id='word_1_584' title='bbox 2576 3459 2639 3512; x_wconf 89' lang='lat' dir='ltr'><strong>ad</strong></span> <span class='ocrx_word' id='word_1_585' title='bbox 2706 3472 2903 3527; x_wconf 80' lang='lat' dir='ltr'><strong>genera</strong></span> <span class='ocrx_word' id='word_1_586' title='bbox 2955 3457 3288 3525; x_wconf 87' lang='lat' dir='ltr'><strong>singulorutn</strong></span> 
     </span>
    </p>
   </div>
   <div class='ocr_carea' id='block_1_80' title="bbox 1709 3549 3287 3612">
    <p class='ocr_par' dir='ltr' id='par_1_80' title="bbox 1709 3549 3287 3612">
     <span class='ocr_line' id='line_1_80' title="bbox 1709 3549 3287 3612; baseline -0.004 -6"><span class='ocrx_word' id='word_1_587' title='bbox 1709 3555 2049 3606; x_wconf 85' lang='lat' dir='ltr'><strong>referendum</strong></span> <span class='ocrx_word' id='word_1_588' title='bbox 2073 3561 2157 3604; x_wconf 86' lang='lat' dir='ltr'><strong>est</strong></span> <span class='ocrx_word' id='word_1_589' title='bbox 2187 3590 2201 3604; x_wconf 94' lang='lat'><strong>.</strong></span> <span class='ocrx_word' id='word_1_590' title='bbox 2235 3551 2302 3605; x_wconf 83' lang='lat' dir='ltr'><strong>Et</strong></span> <span class='ocrx_word' id='word_1_591' title='bbox 2326 3552 2370 3606; x_wconf 89' lang='lat' dir='ltr'><strong>si</strong></span> <span class='ocrx_word' id='word_1_592' title='bbox 2396 3551 2541 3604; x_wconf 90' lang='lat' dir='ltr'><strong>enim</strong></span> <span class='ocrx_word' id='word_1_593' title='bbox 2573 3565 2679 3605; x_wconf 89' lang='lat' dir='ltr'><strong>non</strong></span> <span class='ocrx_word' id='word_1_594' title='bbox 2713 3550 2779 3603; x_wconf 89' lang='lat' dir='ltr'><strong>de</strong></span> <span class='ocrx_word' id='word_1_595' title='bbox 2805 3549 3287 3612; x_wconf 82' lang='lat' dir='ltr'><strong>munibus-omnia,</strong></span> 
     </span>
    </p>
   </div>
   <div class='ocr_carea' id='block_1_81' title="bbox 1709 3640 3290 3715">
    <p class='ocr_par' dir='ltr' id='par_1_81' title="bbox 1709 3640 3290 3715">
     <span class='ocr_line' id='line_1_81' title="bbox 1709 3640 3290 3715; baseline -0.004 -16"><span class='ocrx_word' id='word_1_596' title='bbox 1709 3645 1896 3699; x_wconf 83' lang='lat' dir='ltr'><strong>saltent</strong></span> <span class='ocrx_word' id='word_1_597' title='bbox 1926 3646 1993 3700; x_wconf 91' lang='lat' dir='ltr'><strong>de</strong></span> <span class='ocrx_word' id='word_1_598' title='bbox 2020 3645 2271 3700; x_wconf 89' lang='lat' dir='ltr'><strong>omnibus</strong></span> <span class='ocrx_word' id='word_1_599' title='bbox 2301 3645 2479 3715; x_wconf 89' lang='lat' dir='ltr'><strong>aliqua</strong></span> <span class='ocrx_word' id='word_1_600' title='bbox 2521 3643 2763 3698; x_wconf 88' lang='lat' dir='ltr'><strong>scribere</strong></span> <span class='ocrx_word' id='word_1_601' title='bbox 2823 3642 3017 3709; x_wconf 87' lang='lat' dir='ltr'><strong>potuit.</strong></span> <span class='ocrx_word' id='word_1_602' title='bbox 3060 3640 3290 3708; x_wconf 77' lang='lat' dir='ltr'><strong>Scripsit</strong></span> 
     </span>
    </p>
   </div>
   <div class='ocr_carea' id='block_1_82' title="bbox 1708 3732 3289 3807">
    <p class='ocr_par' dir='ltr' id='par_1_82' title="bbox 1708 3732 3289 3807">
     <span class='ocr_line' id='line_1_82' title="bbox 1708 3732 3289 3807; baseline -0.004 -18"><span class='ocrx_word' id='word_1_603' title='bbox 1708 3737 1907 3807; x_wconf 87' lang='lat' dir='ltr'><strong>quippe</strong></span> <span class='ocrx_word' id='word_1_604' title='bbox 1932 3737 1997 3792; x_wconf 92' lang='lat' dir='ltr'><strong>de</strong></span> <span class='ocrx_word' id='word_1_605' title='bbox 2017 3738 2292 3806; x_wconf 90' lang='lat' dir='ltr'><strong>operibus,</strong></span> <span class='ocrx_word' id='word_1_606' title='bbox 2321 3736 2388 3790; x_wconf 90' lang='lat' dir='ltr'><strong>de</strong></span> <span class='ocrx_word' id='word_1_607' title='bbox 2434 3734 2932 3804; x_wconf 66' lang='lat' dir='ltr'><strong>prmdicatiouibus,</strong></span> <span class='ocrx_word' id='word_1_608' title='bbox 2969 3733 3036 3786; x_wconf 89' lang='lat' dir='ltr'><strong>de</strong></span> <span class='ocrx_word' id='word_1_609' title='bbox 3079 3732 3289 3785; x_wconf 90' lang='lat' dir='ltr'><strong>itineri-</strong></span> 
     </span>
    </p>
   </div>
   <div class='ocr_carea' id='block_1_83' title="bbox 1710 3826 3289 3899">
    <p class='ocr_par' dir='ltr' id='par_1_83' title="bbox 1710 3826 3289 3899">
     <span class='ocr_line' id='line_1_83' title="bbox 1710 3826 3289 3899; baseline -0.001 -19"><span class='ocrx_word' id='word_1_610' title='bbox 1710 3829 1830 3894; x_wconf 92' lang='lat' dir='ltr'><strong>bus,</strong></span> <span class='ocrx_word' id='word_1_611' title='bbox 1889 3829 1956 3883; x_wconf 91' lang='lat' dir='ltr'><strong>de</strong></span> <span class='ocrx_word' id='word_1_612' title='bbox 2002 3829 2345 3899; x_wconf 84' lang='lat' dir='ltr'><strong>passionihus</strong></span> <span class='ocrx_word' id='word_1_613' title='bbox 2404 3827 2630 3890; x_wconf 89' lang='lat' dir='ltr'><strong>Christi,</strong></span> <span class='ocrx_word' id='word_1_614' title='bbox 2679 3835 2732 3881; x_wconf 91' lang='lat' dir='ltr'><strong>et</strong></span> <span class='ocrx_word' id='word_1_615' title='bbox 2785 3827 2851 3878; x_wconf 91' lang='lat' dir='ltr'><strong>de</strong></span> <span class='ocrx_word' id='word_1_616' title='bbox 2904 3826 3116 3879; x_wconf 67' lang='lat' dir='ltr'><strong>caneris</strong></span> <span class='ocrx_word' id='word_1_617' title='bbox 3169 3839 3289 3893; x_wconf 80' lang='lat' dir='ltr'><strong>qua:</strong></span> 
     </span>
    </p>
   </div>
   <div class='ocr_carea' id='block_1_84' title="bbox 1709 3915 3289 3986">
    <p class='ocr_par' dir='ltr' id='par_1_84' title="bbox 1709 3915 3289 3986">
     <span class='ocr_line' id='line_1_84' title="bbox 1709 3915 3289 3986; baseline -0.001 -14"><span class='ocrx_word' id='word_1_618' title='bbox 1709 3919 2021 3974; x_wconf 85' lang='lat' dir='ltr'><strong>necessaria</strong></span> <span class='ocrx_word' id='word_1_619' title='bbox 2051 3930 2210 3974; x_wconf 81' lang='lat' dir='ltr'><strong>erant</strong></span> <span class='ocrx_word' id='word_1_620' title='bbox 2247 3923 2497 3975; x_wconf 73' lang='lat' dir='ltr'><strong>humanae</strong></span> <span class='ocrx_word' id='word_1_621' title='bbox 2527 3917 2706 3973; x_wconf 90' lang='lat' dir='ltr'><strong>saluti.</strong></span> <span class='ocrx_word' id='word_1_622' title='bbox 2739 3919 2792 3970; x_wconf 91' lang='lat' dir='ltr'><strong>In</strong></span> <span class='ocrx_word' id='word_1_623' title='bbox 2823 3932 2931 3986; x_wconf 87' lang='lat' dir='ltr'><strong>quo</strong></span> <span class='ocrx_word' id='word_1_624' title='bbox 2963 3915 3289 3971; x_wconf 74' lang='lat' dir='ltr'><strong>terminave-</strong></span> 
     </span>
    </p>
   </div>
   <div class='ocr_carea' id='block_1_85' title="bbox 1707 4006 3288 4080">
    <p class='ocr_par' dir='ltr' id='par_1_85' title="bbox 1707 4006 3288 4080">
     <span class='ocr_line' id='line_1_85' title="bbox 1707 4006 3288 4080; baseline -0.001 -16"><span class='ocrx_word' id='word_1_625' title='bbox 1707 4011 1780 4064; x_wconf 89' lang='lat' dir='ltr'><strong>rit</strong></span> <span class='ocrx_word' id='word_1_626' title='bbox 1815 4013 2047 4080; x_wconf 90' lang='lat' dir='ltr'><strong>primum</strong></span> <span class='ocrx_word' id='word_1_627' title='bbox 2097 4025 2427 4075; x_wconf 83' lang='lat' dir='ltr'><strong>sermonem,</strong></span> <span class='ocrx_word' id='word_1_628' title='bbox 2459 4011 2698 4064; x_wconf 84' lang='lat' dir='ltr'><strong>ostendit</strong></span> <span class='ocrx_word' id='word_1_629' title='bbox 2742 4026 2864 4063; x_wconf 83' lang='lat' dir='ltr'><strong>cunt</strong></span> <span class='ocrx_word' id='word_1_630' title='bbox 2917 4009 3085 4063; x_wconf 90' lang='lat' dir='ltr'><strong>dicit:</strong></span> <span class='ocrx_word' id='word_1_631' title='bbox 3112 4006 3288 4077; x_wconf 77' lang='lat' dir='ltr'><strong>Usque</strong></span> 
     </span>
    </p>
   </div>
   <div class='ocr_carea' id='block_1_86' title="bbox 1707 4101 3290 4174">
    <p class='ocr_par' dir='ltr' id='par_1_86' title="bbox 1707 4101 3290 4174">
     <span class='ocr_line' id='line_1_86' title="bbox 1707 4101 3290 4174; baseline -0.003 -17"><span class='ocrx_word' id='word_1_632' title='bbox 1707 4106 1763 4157; x_wconf 84' lang='lat' dir='ltr'><strong>in</strong></span> <span class='ocrx_word' id='word_1_633' title='bbox 1822 4105 1960 4158; x_wconf 85' lang='lat' dir='ltr'><strong>diem</strong></span> <span class='ocrx_word' id='word_1_634' title='bbox 2008 4120 2110 4174; x_wconf 87' lang='lat' dir='ltr'><strong>qua</strong></span> <span class='ocrx_word' id='word_1_635' title='bbox 2166 4105 2471 4173; x_wconf 62' lang='lat' dir='ltr'><strong>pra&#39;cipiens</strong></span> <span class='ocrx_word' id='word_1_636' title='bbox 2511 4102 2792 4172; x_wconf 79' lang='lat' dir='ltr'><strong>Apostolis.</strong></span> <span class='ocrx_word' id='word_1_637' title='bbox 2825 4102 2888 4156; x_wconf 86' lang='lat' dir='ltr'><strong>Et</strong></span> <span class='ocrx_word' id='word_1_638' title='bbox 2915 4101 3052 4170; x_wconf 89' lang='lat' dir='ltr'><strong>quid</strong></span> <span class='ocrx_word' id='word_1_639' title='bbox 3097 4101 3290 4170; x_wconf 60' lang='lat' dir='ltr'><strong>praeci-</strong></span> 
     </span>
    </p>
   </div>
   <div class='ocr_carea' id='block_1_87' title="bbox 1707 4181 3288 4266">
    <p class='ocr_par' dir='ltr' id='par_1_87' title="bbox 1707 4181 3288 4266">
     <span class='ocr_line' id='line_1_87' title="bbox 1707 4181 3288 4266; baseline 0.003 -19"><span class='ocrx_word' id='word_1_640' title='bbox 1707 4194 1906 4264; x_wconf 84' lang='lat' dir='ltr'><strong>piens?</strong></span> <span class='ocrx_word' id='word_1_641' title='bbox 1933 4194 2085 4260; x_wconf 87' lang='lat' dir='ltr'><strong>Quod</strong></span> <span class='ocrx_word' id='word_1_642' title='bbox 2116 4195 2342 4264; x_wconf 90' lang='lat' dir='ltr'><strong>apostoli</strong></span> <span class='ocrx_word' id='word_1_643' title='bbox 2371 4205 2490 4266; x_wconf 92' lang='lat' dir='ltr'><strong>post</strong></span> <span class='ocrx_word' id='word_1_644' title='bbox 2515 4193 2638 4264; x_wconf 81' lang='lat' dir='ltr'><strong>eius</strong></span> <span class='ocrx_word' id='word_1_645' title='bbox 2690 4181 3062 4251; x_wconf 83' lang='lat' dir='ltr'><strong>ascensionem</strong></span> <span class='ocrx_word' id='word_1_646' title='bbox 3107 4192 3288 4251; x_wconf 83' lang='lat' dir='ltr'><strong>facere</strong></span> 
     </span>
    </p>
   </div>
   <div class='ocr_carea' id='block_1_88' title="bbox 1707 4285 3288 4355">
    <p class='ocr_par' dir='ltr' id='par_1_88' title="bbox 1707 4285 3288 4355">
     <span class='ocr_line' id='line_1_88' title="bbox 1707 4285 3288 4355; baseline 0.002 -17"><span class='ocrx_word' id='word_1_647' title='bbox 1707 4285 1986 4338; x_wconf 87' lang='lat' dir='ltr'><strong>deberent.</strong></span> <span class='ocrx_word' id='word_1_648' title='bbox 2044 4285 2197 4352; x_wconf 90' lang='lat' dir='ltr'><strong>Quod</strong></span> <span class='ocrx_word' id='word_1_649' title='bbox 2241 4301 2370 4340; x_wconf 78' lang='lat' dir='ltr'><strong>vero</strong></span> <span class='ocrx_word' id='word_1_650' title='bbox 2399 4287 2514 4349; x_wconf 89' lang='lat' dir='ltr'><strong>ait,</strong></span> <span class='ocrx_word' id='word_1_651' title='bbox 2563 4303 2656 4355; x_wconf 81' lang='lat' dir='ltr'><strong>per</strong></span> <span class='ocrx_word' id='word_1_652' title='bbox 2696 4285 2954 4355; x_wconf 81' lang='lat' dir='ltr'><strong>Spiritum</strong></span> <span class='ocrx_word' id='word_1_653' title='bbox 2998 4296 3238 4340; x_wconf 86' lang='lat' dir='ltr'><strong>sanctum</strong></span> <span class='ocrx_word' id='word_1_654' title='bbox 3267 4303 3288 4342; x_wconf 91' lang='lat'><strong><em>:</em></strong></span> 
     </span>
    </p>
   </div>
   <div class='ocr_carea' id='block_1_89' title="bbox 1706 4376 3287 4447">
    <p class='ocr_par' dir='ltr' id='par_1_89' title="bbox 1706 4376 3287 4447">
     <span class='ocr_line' id='line_1_89' title="bbox 1706 4376 3287 4447; baseline 0.003 -17"><span class='ocrx_word' id='word_1_655' title='bbox 1706 4377 1773 4430; x_wconf 87' lang='lat' dir='ltr'><strong>ad</strong></span> <span class='ocrx_word' id='word_1_656' title='bbox 1798 4385 2108 4447; x_wconf 89' lang='lat' dir='ltr'><strong>utrumque,</strong></span> <span class='ocrx_word' id='word_1_657' title='bbox 2140 4376 2256 4430; x_wconf 87' lang='lat' dir='ltr'><strong>sive</strong></span> <span class='ocrx_word' id='word_1_658' title='bbox 2278 4378 2640 4447; x_wconf 86' lang='lat' dir='ltr'><strong>apostolorum</strong></span> <span class='ocrx_word' id='word_1_659' title='bbox 2679 4378 3024 4441; x_wconf 88' lang='lat' dir='ltr'><strong>electionem,</strong></span> <span class='ocrx_word' id='word_1_660' title='bbox 3063 4379 3177 4433; x_wconf 81' lang='lat' dir='ltr'><strong>sive</strong></span> <span class='ocrx_word' id='word_1_661' title='bbox 3217 4381 3287 4436; x_wconf 88' lang='lat' dir='ltr'><strong>ad</strong></span> 
     </span>
    </p>
   </div>
   <div class='ocr_carea' id='block_1_90' title="bbox 1707 4466 3286 4542">
    <p class='ocr_par' dir='ltr' id='par_1_90' title="bbox 1707 4466 3286 4542">
     <span class='ocr_line' id='line_1_90' title="bbox 1707 4466 3286 4542; baseline 0.004 -22"><span class='ocrx_word' id='word_1_662' title='bbox 1707 4466 1824 4535; x_wconf 88' lang='lat' dir='ltr'><strong>ejus</strong></span> <span class='ocrx_word' id='word_1_663' title='bbox 1845 4469 2214 4522; x_wconf 86' lang='lat' dir='ltr'><strong>ascensionem</strong></span> <span class='ocrx_word' id='word_1_664' title='bbox 2249 4467 2437 4522; x_wconf 91' lang='lat' dir='ltr'><strong>referri</strong></span> <span class='ocrx_word' id='word_1_665' title='bbox 2470 4477 2667 4540; x_wconf 83' lang='lat' dir='ltr'><strong>potest.</strong></span> <span class='ocrx_word' id='word_1_666' title='bbox 2703 4469 2949 4541; x_wconf 86' lang='lat' dir='ltr'><strong>Utraque</strong></span> <span class='ocrx_word' id='word_1_667' title='bbox 2995 4473 3137 4526; x_wconf 89' lang='lat' dir='ltr'><strong>enim</strong></span> <span class='ocrx_word' id='word_1_668' title='bbox 3187 4486 3286 4542; x_wconf 89' lang='lat' dir='ltr'><strong>per</strong></span> 
     </span>
    </p>
   </div>
   <div class='ocr_carea' id='block_1_91' title="bbox 52 4555 2616 4634">
    <p class='ocr_par' dir='ltr' id='par_1_91' title="bbox 52 4555 2616 4634">
     <span class='ocr_line' id='line_1_91' title="bbox 52 4555 2616 4634; baseline 0.001 -22"><span class='ocrx_word' id='word_1_669' title='bbox 52 4573 132 4614; x_wconf 79' lang='lat' dir='ltr'><strong>cas</strong></span> <span class='ocrx_word' id='word_1_670' title='bbox 156 4561 486 4634; x_wconf 73' lang='lat' dir='ltr'><strong>Evangelista</strong></span> <span class='ocrx_word' id='word_1_671' title='bbox 516 4567 706 4634; x_wconf 82' lang='lat' dir='ltr'><strong>rogatu</strong></span> <span class='ocrx_word' id='word_1_672' title='bbox 734 4560 1018 4630; x_wconf 82' lang='lat' dir='ltr'><strong>Theophili</strong></span> <span class='ocrx_word' id='word_1_673' title='bbox 1039 4560 1138 4614; x_wconf 81' lang='lat' dir='ltr'><strong>viri</strong></span> <span class='ocrx_word' id='word_1_674' title='bbox 1166 4559 1422 4630; x_wconf 75' lang='lat' dir='ltr'><strong>religiosi.</strong></span> <span class='ocrx_word' id='word_1_675' title='bbox 1448 4557 1600 4614; x_wconf 84' lang='lat' dir='ltr'><strong>Unde</strong></span> <span class='ocrx_word' id='word_1_676' title='bbox 1632 4572 1678 4631; x_wconf 77' lang='grc' dir='ltr'>ο</span> <span class='ocrx_word' id='word_1_677' title='bbox 1707 4555 1967 4625; x_wconf 87' lang='lat' dir='ltr'><strong>Spiritum</strong></span> <span class='ocrx_word' id='word_1_678' title='bbox 1995 4565 2239 4611; x_wconf 89' lang='lat' dir='ltr'><strong>sanctum</strong></span> <span class='ocrx_word' id='word_1_679' title='bbox 2265 4557 2485 4627; x_wconf 91' lang='lat' dir='ltr'><strong>impleta</strong></span> <span class='ocrx_word' id='word_1_680' title='bbox 2513 4567 2616 4614; x_wconf 89' lang='lat' dir='ltr'><strong>est.</strong></span> 
     </span>
    </p>
   </div>
   <div class='ocr_carea' id='block_1_92' title="bbox 52 4649 1602 4721">
    <p class='ocr_par' dir='ltr' id='par_1_92' title="bbox 52 4649 1602 4721">
     <span class='ocr_line' id='line_1_92' title="bbox 52 4649 1602 4721; baseline -0.003 -16"><span class='ocrx_word' id='word_1_681' title='bbox 52 4653 301 4708; x_wconf 88' lang='lat' dir='ltr'><strong>transiens</strong></span> <span class='ocrx_word' id='word_1_682' title='bbox 328 4655 397 4709; x_wconf 87' lang='lat' dir='ltr'><strong>de</strong></span> <span class='ocrx_word' id='word_1_683' title='bbox 425 4669 532 4708; x_wconf 82' lang='lat' dir='ltr'><strong>una</strong></span> <span class='ocrx_word' id='word_1_684' title='bbox 566 4653 634 4707; x_wconf 86' lang='lat' dir='ltr'><strong>ad</strong></span> <span class='ocrx_word' id='word_1_685' title='bbox 662 4652 913 4718; x_wconf 87' lang='lat' dir='ltr'><strong>alteram,</strong></span> <span class='ocrx_word' id='word_1_686' title='bbox 950 4652 1126 4721; x_wconf 90' lang='lat' dir='ltr'><strong>primo</strong></span> <span class='ocrx_word' id='word_1_687' title='bbox 1159 4649 1390 4704; x_wconf 84' lang='lat' dir='ltr'><strong>transitu</strong></span> <span class='ocrx_word' id='word_1_688' title='bbox 1433 4649 1602 4708; x_wconf 88' lang='lat' dir='ltr'><strong>utitur</strong></span> 
     </span>
    </p>
   </div>
   <div class='ocr_carea' id='block_1_93' title="bbox 53 4741 1602 4813">
    <p class='ocr_par' dir='ltr' id='par_1_93' title="bbox 53 4741 1602 4813">
     <span class='ocr_line' id='line_1_93' title="bbox 53 4741 1602 4813; baseline 0.003 -20"><span class='ocrx_word' id='word_1_689' title='bbox 53 4741 99 4794; x_wconf 91' lang='lat' dir='ltr'><strong>in</strong></span> <span class='ocrx_word' id='word_1_690' title='bbox 120 4757 218 4813; x_wconf 91' lang='lat' dir='ltr'><strong>quo</strong></span> <span class='ocrx_word' id='word_1_691' title='bbox 244 4746 382 4800; x_wconf 90' lang='lat' dir='ltr'><strong>dicta</strong></span> <span class='ocrx_word' id='word_1_692' title='bbox 408 4745 641 4800; x_wconf 88' lang='lat' dir='ltr'><strong>dicentis</strong></span> <span class='ocrx_word' id='word_1_693' title='bbox 691 4744 1006 4807; x_wconf 83' lang='lat' dir='ltr'><strong>continuat;</strong></span> <span class='ocrx_word' id='word_1_694' title='bbox 1041 4743 1298 4803; x_wconf 86' lang='lat' dir='ltr'><strong>secundo,</strong></span> <span class='ocrx_word' id='word_1_695' title='bbox 1347 4742 1602 4812; x_wconf 72' lang='lat' dir='ltr'><strong>praedicta</strong></span> 
     </span>
    </p>
   </div>
   <div class='ocr_carea' id='block_1_94' title="bbox 43 4832 1600 4909">
    <p class='ocr_par' dir='ltr' id='par_1_94' title="bbox 43 4832 1600 4909">
     <span class='ocr_line' id='line_1_94' title="bbox 43 4832 1600 4909; baseline 0.003 -24"><span class='ocrx_word' id='word_1_696' title='bbox 43 4832 267 4890; x_wconf 74' lang='lat' dir='ltr'><strong>breviter</strong></span> <span class='ocrx_word' id='word_1_697' title='bbox 315 4837 570 4909; x_wconf 81' lang='lat' dir='ltr'><strong>epilogat,</strong></span> <span class='ocrx_word' id='word_1_698' title='bbox 626 4837 804 4900; x_wconf 88' lang='lat' dir='ltr'><strong>tertio,</strong></span> <span class='ocrx_word' id='word_1_699' title='bbox 856 4838 925 4893; x_wconf 89' lang='lat' dir='ltr'><strong>ab</strong></span> <span class='ocrx_word' id='word_1_700' title='bbox 986 4837 1318 4892; x_wconf 85' lang='lat' dir='ltr'><strong>Ascensione</strong></span> <span class='ocrx_word' id='word_1_701' title='bbox 1388 4834 1600 4890; x_wconf 84' lang='lat' dir='ltr'><strong>Domini</strong></span> 
     </span>
    </p>
   </div>
   <div class='ocr_carea' id='block_1_95' title="bbox 51 4924 1602 4999">
    <p class='ocr_par' dir='ltr' id='par_1_95' title="bbox 51 4924 1602 4999">
     <span class='ocr_line' id='line_1_95' title="bbox 51 4924 1602 4999; baseline 0.003 -21"><span class='ocrx_word' id='word_1_702' title='bbox 51 4924 314 4991; x_wconf 76' lang='lat' dir='ltr'><strong>Apostolus</strong></span> <span class='ocrx_word' id='word_1_703' title='bbox 343 4929 626 4984; x_wconf 88' lang='lat' dir='ltr'><strong>historiam</strong></span> <span class='ocrx_word' id='word_1_704' title='bbox 661 4929 896 4984; x_wconf 84' lang='lat' dir='ltr'><strong>incbOat.</strong></span> <span class='ocrx_word' id='word_1_705' title='bbox 933 4927 1104 4983; x_wconf 87' lang='lat' dir='ltr'><strong>Utens</strong></span> <span class='ocrx_word' id='word_1_706' title='bbox 1145 4928 1311 4999; x_wconf 84' lang='lat' dir='ltr'><strong>igitur</strong></span> <span class='ocrx_word' id='word_1_707' title='bbox 1350 4927 1602 4996; x_wconf 85' lang='lat' dir='ltr'><strong>primitus</strong></span> 
     </span>
    </p>
   </div>
   <div class='ocr_carea' id='block_1_96' title="bbox 53 5018 1602 5091">
    <p class='ocr_par' dir='ltr' id='par_1_96' title="bbox 53 5018 1602 5091">
     <span class='ocr_line' id='line_1_96' title="bbox 53 5018 1602 5091; baseline 0.005 -25"><span class='ocrx_word' id='word_1_708' title='bbox 53 5018 261 5072; x_wconf 83' lang='lat' dir='ltr'><strong>transitu</strong></span> <span class='ocrx_word' id='word_1_709' title='bbox 313 5020 440 5076; x_wconf 86' lang='lat' dir='ltr'><strong>ait:</strong></span> <span class='ocrx_word' id='word_1_710' title='bbox 490 5019 728 5074; x_wconf 85' lang='lat' dir='ltr'><strong>Primum</strong></span> <span class='ocrx_word' id='word_1_711' title='bbox 781 5021 988 5091; x_wconf 82' lang='lat' dir='ltr'><strong>quidem</strong></span> <span class='ocrx_word' id='word_1_712' title='bbox 1053 5035 1342 5074; x_wconf 85' lang='lat' dir='ltr'><strong>sermonem</strong></span> <span class='ocrx_word' id='word_1_713' title='bbox 1395 5019 1493 5087; x_wconf 75' lang='lat' dir='ltr'><strong>feci</strong></span> <span class='ocrx_word' id='word_1_714' title='bbox 1539 5019 1602 5074; x_wconf 84' lang='lat' dir='ltr'><strong>de</strong></span> 
     </span>
    </p>
   </div>
   <div class='ocr_carea' id='block_1_97' title="bbox 51 5110 1601 5182">
    <p class='ocr_par' dir='ltr' id='par_1_97' title="bbox 51 5110 1601 5182">
     <span class='ocr_line' id='line_1_97' title="bbox 51 5110 1601 5182; baseline 0.005 -25"><span class='ocrx_word' id='word_1_715' title='bbox 51 5110 289 5176; x_wconf 79' lang='lat' dir='ltr'><strong>ontuibus,</strong></span> <span class='ocrx_word' id='word_1_716' title='bbox 325 5129 356 5166; x_wconf 89' lang='grc' dir='ltr'><strong><em>ο</em></strong></span> <span class='ocrx_word' id='word_1_717' title='bbox 380 5111 682 5182; x_wconf 77' lang='lat' dir='ltr'><strong>Theophila.</strong></span> <span class='ocrx_word' id='word_1_718' title='bbox 717 5113 882 5168; x_wconf 81' lang='lat' dir='ltr'><strong>Vocat</strong></span> <span class='ocrx_word' id='word_1_719' title='bbox 913 5124 1096 5168; x_wconf 88' lang='lat' dir='ltr'><strong>autem</strong></span> <span class='ocrx_word' id='word_1_720' title='bbox 1125 5112 1359 5182; x_wconf 89' lang='lat' dir='ltr'><strong>primum</strong></span> <span class='ocrx_word' id='word_1_721' title='bbox 1395 5125 1601 5165; x_wconf 87' lang='lat' dir='ltr'><strong>sermo-</strong></span> 
     </span>
    </p>
   </div>
   <div class='ocr_carea' id='block_1_98' title="bbox 53 5199 1598 5272">
    <p class='ocr_par' dir='ltr' id='par_1_98' title="bbox 53 5199 1598 5272">
     <span class='ocr_line' id='line_1_98' title="bbox 53 5199 1598 5272; baseline 0.003 -24"><span class='ocrx_word' id='word_1_722' title='bbox 53 5212 158 5252; x_wconf 87' lang='lat' dir='ltr'><strong>nem</strong></span> <span class='ocrx_word' id='word_1_723' title='bbox 185 5201 548 5272; x_wconf 73' lang='lat' dir='ltr'><strong>Evangelium.</strong></span> <span class='ocrx_word' id='word_1_724' title='bbox 580 5201 844 5267; x_wconf 87' lang='lat' dir='ltr'><strong>Primum,</strong></span> <span class='ocrx_word' id='word_1_725' title='bbox 869 5210 925 5255; x_wconf 91' lang='lat' dir='ltr'><strong>et</strong></span> <span class='ocrx_word' id='word_1_726' title='bbox 950 5211 1212 5270; x_wconf 87' lang='lat' dir='ltr'><strong>quantum</strong></span> <span class='ocrx_word' id='word_1_727' title='bbox 1243 5199 1314 5254; x_wconf 87' lang='lat' dir='ltr'><strong>ad</strong></span> <span class='ocrx_word' id='word_1_728' title='bbox 1347 5201 1598 5254; x_wconf 89' lang='lat' dir='ltr'><strong>ordinem</strong></span> 
     </span>
    </p>
   </div>
   <div class='ocr_carea' id='block_1_99' title="bbox 50 5290 1606 5362">
    <p class='ocr_par' dir='ltr' id='par_1_99' title="bbox 50 5290 1606 5362">
     <span class='ocr_line' id='line_1_99' title="bbox 50 5290 1606 5362; baseline 0.003 -20"><span class='ocrx_word' id='word_1_729' title='bbox 50 5291 295 5345; x_wconf 78' lang='lat' dir='ltr'><strong>scribendi</strong></span> <span class='ocrx_word' id='word_1_730' title='bbox 347 5303 406 5348; x_wconf 88' lang='lat' dir='ltr'><strong>et</strong></span> <span class='ocrx_word' id='word_1_731' title='bbox 477 5303 736 5362; x_wconf 80' lang='lat' dir='ltr'><strong>quantum</strong></span> <span class='ocrx_word' id='word_1_732' title='bbox 789 5293 858 5346; x_wconf 89' lang='lat' dir='ltr'><strong>ad</strong></span> <span class='ocrx_word' id='word_1_733' title='bbox 919 5292 1257 5362; x_wconf 87' lang='lat' dir='ltr'><strong>dignitatem.</strong></span> <span class='ocrx_word' id='word_1_734' title='bbox 1335 5290 1606 5346; x_wconf 65' lang='lat' dir='ltr'><strong>Praecellit</strong></span> 
     </span>
    </p>
   </div>
   <div class='ocr_carea' id='block_1_100' title="bbox 47 5382 1604 5456">
    <p class='ocr_par' dir='ltr' id='par_1_100' title="bbox 47 5382 1604 5456">
     <span class='ocr_line' id='line_1_100' title="bbox 47 5382 1604 5456; baseline 0.003 -25"><span class='ocrx_word' id='word_1_735' title='bbox 47 5382 635 5454; x_wconf 77' lang='lat' dir='ltr'><strong>quippe-Evangelium,</strong></span> <span class='ocrx_word' id='word_1_736' title='bbox 680 5385 938 5456; x_wconf 74' lang='lat' dir='ltr'><strong>dignitate</strong></span> <span class='ocrx_word' id='word_1_737' title='bbox 986 5398 1099 5439; x_wconf 70' lang='lat' dir='ltr'><strong>sum</strong></span> <span class='ocrx_word' id='word_1_738' title='bbox 1130 5383 1388 5448; x_wconf 58' lang='lat' dir='ltr'><strong>materiae,</strong></span> <span class='ocrx_word' id='word_1_739' title='bbox 1429 5382 1604 5437; x_wconf 85' lang='lat' dir='ltr'><strong>omni-</strong></span> 
     </span>
    </p>
   </div>
   <div class='ocr_carea' id='block_1_101' title="bbox 53 5472 1601 5547">
    <p class='ocr_par' dir='ltr' id='par_1_101' title="bbox 53 5472 1601 5547">
     <span class='ocr_line' id='line_1_101' title="bbox 53 5472 1601 5547; baseline 0.004 -25"><span class='ocrx_word' id='word_1_740' title='bbox 53 5472 137 5528; x_wconf 91' lang='lat' dir='ltr'><strong>bus</strong></span> <span class='ocrx_word' id='word_1_741' title='bbox 158 5475 457 5546; x_wconf 54' lang='lat' dir='ltr'><strong>Seripturis‘</strong></span> <span class='ocrx_word' id='word_1_742' title='bbox 493 5487 604 5532; x_wconf 89' lang='lat' dir='ltr'><strong>tam</strong></span> <span class='ocrx_word' id='word_1_743' title='bbox 650 5479 924 5533; x_wconf 76' lang='lat' dir='ltr'><strong>veteribus</strong></span> <span class='ocrx_word' id='word_1_744' title='bbox 965 5492 1129 5547; x_wconf 88' lang='lat' dir='ltr'><strong>quam</strong></span> <span class='ocrx_word' id='word_1_745' title='bbox 1181 5478 1356 5532; x_wconf 78' lang='lat' dir='ltr'><strong>novis.</strong></span> <span class='ocrx_word' id='word_1_746' title='bbox 1408 5475 1601 5531; x_wconf 84' lang='lat' dir='ltr'><strong>Sermo</strong></span> 
     </span>
    </p>
   </div>
   <div class='ocr_carea' id='block_1_102' title="bbox 49 5566 1601 5636">
    <p class='ocr_par' dir='ltr' id='par_1_102' title="bbox 49 5566 1601 5636">
     <span class='ocr_line' id='line_1_102' title="bbox 49 5566 1601 5636; baseline 0.005 -23"><span class='ocrx_word' id='word_1_747' title='bbox 49 5574 232 5619; x_wconf 76' lang='lat' dir='ltr'><strong>autem</strong></span> <span class='ocrx_word' id='word_1_748' title='bbox 273 5569 484 5622; x_wconf 82' lang='lat' dir='ltr'><strong>dicitur</strong></span> <span class='ocrx_word' id='word_1_749' title='bbox 539 5583 570 5622; x_wconf 87' lang='lat' dir='ltr'><strong>a</strong></span> <span class='ocrx_word' id='word_1_750' title='bbox 627 5585 744 5624; x_wconf 85' lang='lat' dir='ltr'><strong>sero</strong></span> <span class='ocrx_word' id='word_1_751' title='bbox 795 5568 948 5622; x_wconf 88' lang='lat' dir='ltr'><strong>seris.</strong></span> <span class='ocrx_word' id='word_1_752' title='bbox 1013 5566 1362 5636; x_wconf 82' lang='lat' dir='ltr'><strong>Evangelium</strong></span> <span class='ocrx_word' id='word_1_753' title='bbox 1420 5578 1601 5621; x_wconf 86' lang='lat' dir='ltr'><strong>autem</strong></span> 
     </span>
    </p>
   </div>
   <div class='ocr_carea' id='block_1_103' title="bbox 49 5641 1594 5729">
    <p class='ocr_par' dir='ltr' id='par_1_103' title="bbox 49 5641 1594 5729">
     <span class='ocr_line' id='line_1_103' title="bbox 49 5641 1594 5729; baseline 0.002 -20"><span class='ocrx_word' id='word_1_754' title='bbox 49 5641 228 5710; x_wconf 72' lang='lat' dir='ltr'><strong>dicitur</strong></span> <span class='ocrx_word' id='word_1_755' title='bbox 261 5674 446 5714; x_wconf 87' lang='lat' dir='ltr'><strong>sermo</strong></span> <span class='ocrx_word' id='word_1_756' title='bbox 461 5661 722 5729; x_wconf 87' lang='lat' dir='ltr'><strong>quoniam</strong></span> <span class='ocrx_word' id='word_1_757' title='bbox 745 5661 948 5715; x_wconf 89' lang='lat' dir='ltr'><strong>seritur</strong></span> <span class='ocrx_word' id='word_1_758' title='bbox 973 5659 1025 5712; x_wconf 91' lang='lat' dir='ltr'><strong>in</strong></span> <span class='ocrx_word' id='word_1_759' title='bbox 1056 5659 1310 5714; x_wconf 89' lang='lat' dir='ltr'><strong>cordibus</strong></span> <span class='ocrx_word' id='word_1_760' title='bbox 1336 5658 1594 5713; x_wconf 85' lang='lat' dir='ltr'><strong>fidelium.</strong></span> 
     </span>
    </p>
   </div>
   <div class='ocr_carea' id='block_1_104' title="bbox 43 5743 1600 5822">
    <p class='ocr_par' dir='ltr' id='par_1_104' title="bbox 43 5743 1600 5822">
     <span class='ocr_line' id='line_1_104' title="bbox 43 5743 1600 5822; baseline 0.004 -25"><span class='ocrx_word' id='word_1_761' title='bbox 43 5743 187 5802; x_wconf 52' lang='lat' dir='ltr'><strong>{inde</strong></span> <span class='ocrx_word' id='word_1_762' title='bbox 250 5760 304 5804; x_wconf 91' lang='lat' dir='ltr'><strong>et</strong></span> <span class='ocrx_word' id='word_1_763' title='bbox 345 5751 500 5820; x_wconf 75' lang='lat' dir='ltr'><strong>iusta</strong></span> <span class='ocrx_word' id='word_1_764' title='bbox 551 5751 927 5822; x_wconf 76' lang='lat' dir='ltr'><strong>Evangelicam</strong></span> <span class='ocrx_word' id='word_1_765' title='bbox 999 5750 1330 5820; x_wconf 86' lang='lat' dir='ltr'><strong>parabolam,</strong></span> <span class='ocrx_word' id='word_1_766' title='bbox 1381 5751 1600 5806; x_wconf 81' lang='lat' dir='ltr'><strong>verbum</strong></span> 
     </span>
    </p>
   </div>
   <div class='ocr_carea' id='block_1_105' title="bbox 52 5830 1600 5918">
    <p class='ocr_par' dir='ltr' id='par_1_105' title="bbox 52 5830 1600 5918">
     <span class='ocr_line' id='line_1_105' title="bbox 52 5830 1600 5918; baseline 0.009 -32"><span class='ocrx_word' id='word_1_767' title='bbox 52 5830 132 5890; x_wconf 85' lang='lat' dir='ltr'><strong>bei</strong></span> <span class='ocrx_word' id='word_1_768' title='bbox 183 5851 362 5898; x_wconf 83' lang='lat' dir='ltr'><strong>semen</strong></span> <span class='ocrx_word' id='word_1_769' title='bbox 395 5867 397 5870; x_wconf 42' lang='grc'>‹</span> <span class='ocrx_word' id='word_1_770' title='bbox 432 5841 637 5904; x_wconf 84' lang='lat' dir='ltr'><strong>bonum</strong></span> <span class='ocrx_word' id='word_1_771' title='bbox 694 5842 933 5910; x_wconf 42' lang='lat' dir='ltr'><strong>dicitur,</strong></span> <span class='ocrx_word' id='word_1_772' title='bbox 977 5841 1122 5918; x_wconf 83' lang='lat' dir='ltr'><strong>quod</strong></span> <span class='ocrx_word' id='word_1_773' title='bbox 1187 5856 1310 5902; x_wconf 84' lang='lat' dir='ltr'><strong>cum</strong></span> <span class='ocrx_word' id='word_1_774' title='bbox 1363 5841 1511 5901; x_wconf 80' lang='lat' dir='ltr'><strong>cadit</strong></span> <span class='ocrx_word' id='word_1_775' title='bbox 1546 5841 1600 5900; x_wconf 91' lang='lat' dir='ltr'><strong>in</strong></span> 
     </span>
    </p>
   </div>
   <div class='ocr_carea' id='block_1_106' title="bbox 1779 4648 3284 4720">
    <p class='ocr_par' dir='ltr' id='par_1_106' title="bbox 1779 4648 3284 4720">
     <span class='ocr_line' id='line_1_106' title="bbox 1779 4648 3284 4720; baseline 0.001 -16"><span class='ocrx_word' id='word_1_776' title='bbox 1779 4648 2040 4718; x_wconf 90' lang='lat' dir='ltr'><strong>Sequitur</strong></span> <span class='ocrx_word' id='word_1_777' title='bbox 2080 4665 2206 4719; x_wconf 89' lang='lat' dir='ltr'><strong>pars</strong></span> <span class='ocrx_word' id='word_1_778' title='bbox 2257 4649 2520 4714; x_wconf 89' lang='lat' dir='ltr'><strong>secunda,</strong></span> <span class='ocrx_word' id='word_1_779' title='bbox 2576 4649 2627 4703; x_wconf 93' lang='lat' dir='ltr'><strong>in</strong></span> <span class='ocrx_word' id='word_1_780' title='bbox 2664 4665 2767 4719; x_wconf 91' lang='lat' dir='ltr'><strong>qua</strong></span> <span class='ocrx_word' id='word_1_781' title='bbox 2819 4649 2991 4705; x_wconf 88' lang='lat' dir='ltr'><strong>Lucas</strong></span> <span class='ocrx_word' id='word_1_782' title='bbox 3030 4651 3284 4720; x_wconf 69' lang='lat' dir='ltr'><strong>praedicta</strong></span> 
     </span>
    </p>
   </div>
   <div class='ocr_carea' id='block_1_107' title="bbox 1705 4739 3286 4813">
    <p class='ocr_par' dir='ltr' id='par_1_107' title="bbox 1705 4739 3286 4813">
     <span class='ocr_line' id='line_1_107' title="bbox 1705 4739 3286 4813; baseline -0.002 -17"><span class='ocrx_word' id='word_1_783' title='bbox 1705 4741 2024 4811; x_wconf 86' lang='lat' dir='ltr'><strong>recapitulat</strong></span> <span class='ocrx_word' id='word_1_784' title='bbox 2057 4742 2280 4797; x_wconf 76' lang='lat' dir='ltr'><strong>dicens:</strong></span> <span class='ocrx_word' id='word_1_785' title='bbox 2329 4739 2532 4807; x_wconf 84' lang='lat' dir='ltr'><strong>Quibus</strong></span> <span class='ocrx_word' id='word_1_786' title='bbox 2558 4752 2604 4796; x_wconf 81' lang='lat' dir='ltr'><strong>et</strong></span> <span class='ocrx_word' id='word_1_787' title='bbox 2659 4743 2878 4813; x_wconf 61' lang='lat' dir='ltr'><strong>praebuit</strong></span> <span class='ocrx_word' id='word_1_788' title='bbox 2932 4744 3157 4812; x_wconf 80' lang='lat' dir='ltr'><strong>seipsum</strong></span> <span class='ocrx_word' id='word_1_789' title='bbox 3206 4745 3286 4797; x_wconf 60' lang='grc' dir='ltr'><strong>υἱη</strong></span> 
     </span>
    </p>
   </div>
   <div class='ocr_carea' id='block_1_108' title="bbox 1705 4831 3281 4904">
    <p class='ocr_par' dir='ltr' id='par_1_108' title="bbox 1705 4831 3281 4904">
     <span class='ocr_line' id='line_1_108' title="bbox 1705 4831 3281 4904; baseline 0.002 -17"><span class='ocrx_word' id='word_1_790' title='bbox 1705 4850 1848 4888; x_wconf 78' lang='lat' dir='ltr'><strong>vum.</strong></span> <span class='ocrx_word' id='word_1_791' title='bbox 1893 4831 1996 4900; x_wconf 88' lang='lat' dir='ltr'><strong>Qui</strong></span> <span class='ocrx_word' id='word_1_792' title='bbox 2027 4843 2152 4888; x_wconf 91' lang='lat' dir='ltr'><strong>sunt</strong></span> <span class='ocrx_word' id='word_1_793' title='bbox 2187 4834 2260 4888; x_wconf 93' lang='lat' dir='ltr'><strong>illi</strong></span> <span class='ocrx_word' id='word_1_794' title='bbox 2286 4835 2310 4888; x_wconf 86' lang='lat'><strong><em>‘!</em></strong></span> <span class='ocrx_word' id='word_1_795' title='bbox 2339 4834 2415 4888; x_wconf 89' lang='lat' dir='ltr'><strong>Illi</strong></span> <span class='ocrx_word' id='word_1_796' title='bbox 2469 4833 2566 4888; x_wconf 89' lang='lat' dir='ltr'><strong>soli</strong></span> <span class='ocrx_word' id='word_1_797' title='bbox 2615 4849 2752 4904; x_wconf 87' lang='lat' dir='ltr'><strong>quos</strong></span> <span class='ocrx_word' id='word_1_798' title='bbox 2783 4834 2964 4904; x_wconf 84' lang='lat' dir='ltr'><strong>elegit.</strong></span> <span class='ocrx_word' id='word_1_799' title='bbox 3001 4833 3142 4888; x_wconf 84' lang='lat' dir='ltr'><strong>Nam</strong></span> <span class='ocrx_word' id='word_1_800' title='bbox 3190 4835 3281 4890; x_wconf 88' lang='lat' dir='ltr'><strong>alii</strong></span> 
     </span>
    </p>
   </div>
   <div class='ocr_carea' id='block_1_109' title="bbox 1705 4924 3278 4997">
    <p class='ocr_par' dir='ltr' id='par_1_109' title="bbox 1705 4924 3278 4997">
     <span class='ocr_line' id='line_1_109' title="bbox 1705 4924 3278 4997; baseline 0 -18"><span class='ocrx_word' id='word_1_801' title='bbox 1705 4941 1810 4979; x_wconf 92' lang='lat' dir='ltr'><strong>non</strong></span> <span class='ocrx_word' id='word_1_802' title='bbox 1841 4924 2060 4980; x_wconf 88' lang='lat' dir='ltr'><strong>fuerunt</strong></span> <span class='ocrx_word' id='word_1_803' title='bbox 2086 4927 2256 4996; x_wconf 83' lang='lat' dir='ltr'><strong>digni,</strong></span> <span class='ocrx_word' id='word_1_804' title='bbox 2309 4926 2508 4997; x_wconf 87' lang='lat' dir='ltr'><strong>quibus</strong></span> <span class='ocrx_word' id='word_1_805' title='bbox 2552 4925 2814 4980; x_wconf 87' lang='lat' dir='ltr'><strong>Dominus</strong></span> <span class='ocrx_word' id='word_1_806' title='bbox 2865 4939 2923 4978; x_wconf 91' lang='lat' dir='ltr'><strong>se</strong></span> <span class='ocrx_word' id='word_1_807' title='bbox 2976 4925 3278 4979; x_wconf 76' lang='lat' dir='ltr'><strong>redivivum</strong></span> 
     </span>
    </p>
   </div>
   <div class='ocr_carea' id='block_1_110' title="bbox 1701 5018 3278 5088">
    <p class='ocr_par' dir='ltr' id='par_1_110' title="bbox 1701 5018 3278 5088">
     <span class='ocr_line' id='line_1_110' title="bbox 1701 5018 3278 5088; baseline -0.001 -16"><span class='ocrx_word' id='word_1_808' title='bbox 1701 5019 2002 5074; x_wconf 74' lang='lat' dir='ltr'><strong>exhiberet.</strong></span> <span class='ocrx_word' id='word_1_809' title='bbox 2035 5018 2474 5074; x_wconf 70' lang='lat' dir='ltr'><strong>Prtebuitautem</strong></span> <span class='ocrx_word' id='word_1_810' title='bbox 2508 5019 2744 5088; x_wconf 88' lang='lat' dir='ltr'><strong>seipsum</strong></span> <span class='ocrx_word' id='word_1_811' title='bbox 2775 5019 3071 5073; x_wconf 85' lang='lat' dir='ltr'><strong>redivivum</strong></span> <span class='ocrx_word' id='word_1_812' title='bbox 3098 5018 3278 5072; x_wconf 82' lang='lat' dir='ltr'><strong>divina</strong></span> 
     </span>
    </p>
   </div>
   <div class='ocr_carea' id='block_1_111' title="bbox 1704 5107 3285 5178">
    <p class='ocr_par' dir='ltr' id='par_1_111' title="bbox 1704 5107 3285 5178">
     <span class='ocr_line' id='line_1_111' title="bbox 1704 5107 3285 5178; baseline -0.001 -15"><span class='ocrx_word' id='word_1_813' title='bbox 1704 5117 1990 5177; x_wconf 88' lang='lat' dir='ltr'><strong>potestate,</strong></span> <span class='ocrx_word' id='word_1_814' title='bbox 2023 5123 2184 5177; x_wconf 90' lang='lat' dir='ltr'><strong>quam</strong></span> <span class='ocrx_word' id='word_1_815' title='bbox 2223 5123 2345 5164; x_wconf 92' lang='lat' dir='ltr'><strong>cum</strong></span> <span class='ocrx_word' id='word_1_816' title='bbox 2374 5109 2535 5162; x_wconf 90' lang='lat' dir='ltr'><strong>Patre</strong></span> <span class='ocrx_word' id='word_1_817' title='bbox 2571 5118 2626 5162; x_wconf 85' lang='lat' dir='ltr'><strong>et</strong></span> <span class='ocrx_word' id='word_1_818' title='bbox 2655 5107 2858 5178; x_wconf 89' lang='lat' dir='ltr'><strong>Spiritu</strong></span> <span class='ocrx_word' id='word_1_819' title='bbox 2893 5117 3083 5162; x_wconf 89' lang='lat' dir='ltr'><strong>sancto</strong></span> <span class='ocrx_word' id='word_1_820' title='bbox 3117 5108 3285 5163; x_wconf 81' lang='lat' dir='ltr'><strong>habet</strong></span> 
     </span>
    </p>
   </div>
   <div class='ocr_carea' id='block_1_112' title="bbox 1704 5199 3282 5272">
    <p class='ocr_par' dir='ltr' id='par_1_112' title="bbox 1704 5199 3282 5272">
     <span class='ocr_line' id='line_1_112' title="bbox 1704 5199 3282 5272; baseline -0.001 -17"><span class='ocrx_word' id='word_1_821' title='bbox 1704 5215 2068 5264; x_wconf 66' lang='lat' dir='ltr'><strong>communem;</strong></span> <span class='ocrx_word' id='word_1_822' title='bbox 2095 5201 2246 5270; x_wconf 76' lang='lat' dir='ltr'><strong>juxta</strong></span> <span class='ocrx_word' id='word_1_823' title='bbox 2288 5203 2430 5270; x_wconf 89' lang='lat' dir='ltr'><strong>quod</strong></span> <span class='ocrx_word' id='word_1_824' title='bbox 2476 5202 2587 5270; x_wconf 90' lang='lat' dir='ltr'><strong>ipse</strong></span> <span class='ocrx_word' id='word_1_825' title='bbox 2635 5201 3000 5272; x_wconf 63' lang='lat' dir='ltr'><strong>praedixerat:</strong></span> <span class='ocrx_word' id='word_1_826' title='bbox 3035 5199 3282 5254; x_wconf 81' lang='lat' dir='ltr'><strong>Potesta-</strong></span> 
     </span>
    </p>
   </div>
   <div class='ocr_carea' id='block_1_113' title="bbox 1704 5292 3282 5361">
    <p class='ocr_par' dir='ltr' id='par_1_113' title="bbox 1704 5292 3282 5361">
     <span class='ocr_line' id='line_1_113' title="bbox 1704 5292 3282 5361; baseline 0.001 -15"><span class='ocrx_word' id='word_1_827' title='bbox 1704 5303 1802 5346; x_wconf 83' lang='lat' dir='ltr'><strong>tem</strong></span> <span class='ocrx_word' id='word_1_828' title='bbox 1829 5292 1993 5346; x_wconf 75' lang='lat' dir='ltr'><strong>habeo</strong></span> <span class='ocrx_word' id='word_1_829' title='bbox 2020 5293 2244 5361; x_wconf 82' lang='lat' dir='ltr'><strong>ponendi</strong></span> <span class='ocrx_word' id='word_1_830' title='bbox 2275 5309 2503 5347; x_wconf 76' lang='lat' dir='ltr'><strong>animum</strong></span> <span class='ocrx_word' id='word_1_831' title='bbox 2527 5311 2717 5358; x_wconf 76' lang='lat' dir='ltr'><strong>meum,</strong></span> <span class='ocrx_word' id='word_1_832' title='bbox 2741 5305 2789 5348; x_wconf 84' lang='lat' dir='ltr'><strong>et</strong></span> <span class='ocrx_word' id='word_1_833' title='bbox 2823 5297 3012 5348; x_wconf 82' lang='lat' dir='ltr'><strong>iterum</strong></span> <span class='ocrx_word' id='word_1_834' title='bbox 3042 5293 3282 5348; x_wconf 81' lang='lat' dir='ltr'><strong>sumendi</strong></span> 
     </span>
    </p>
   </div>
   <div class='ocr_carea' id='block_1_114' title="bbox 1704 5383 3282 5454">
    <p class='ocr_par' dir='ltr' id='par_1_114' title="bbox 1704 5383 3282 5454">
     <span class='ocr_line' id='line_1_114' title="bbox 1704 5383 3282 5454; baseline -0.003 -16"><span class='ocrx_word' id='word_1_835' title='bbox 1704 5401 1817 5438; x_wconf 88' lang='lat' dir='ltr'><strong>eam</strong></span> <span class='ocrx_word' id='word_1_836' title='bbox 1847 5383 2030 5454; x_wconf 82' lang='lat' dir='ltr'><strong>(Joan.</strong></span> <span class='ocrx_word' id='word_1_837' title='bbox 2069 5396 2143 5453; x_wconf 76' lang='grc' dir='ltr'><strong>ι).</strong></span> <span class='ocrx_word' id='word_1_838' title='bbox 2179 5388 2292 5450; x_wconf 83' lang='lat' dir='ltr'><strong>Qua</strong></span> <span class='ocrx_word' id='word_1_839' title='bbox 2317 5393 2586 5453; x_wconf 89' lang='lat' dir='ltr'><strong>potestate</strong></span> <span class='ocrx_word' id='word_1_840' title='bbox 2613 5401 2800 5440; x_wconf 88' lang='lat' dir='ltr'><strong>omnes</strong></span> <span class='ocrx_word' id='word_1_841' title='bbox 2825 5385 3106 5440; x_wconf 80' lang='lat' dir='ltr'><strong>deftntctos</strong></span> <span class='ocrx_word' id='word_1_842' title='bbox 3127 5384 3282 5443; x_wconf 58' lang='lat' dir='ltr'><strong>exhi.</strong></span> 
     </span>
    </p>
   </div>
   <div class='ocr_carea' id='block_1_115' title="bbox 1703 5473 3282 5546">
    <p class='ocr_par' dir='ltr' id='par_1_115' title="bbox 1703 5473 3282 5546">
     <span class='ocr_line' id='line_1_115' title="bbox 1703 5473 3282 5546; baseline 0.001 -17"><span class='ocrx_word' id='word_1_843' title='bbox 1703 5473 1852 5530; x_wconf 89' lang='lat' dir='ltr'><strong>bebit</strong></span> <span class='ocrx_word' id='word_1_844' title='bbox 1878 5475 2162 5540; x_wconf 79' lang='lat' dir='ltr'><strong>redivivos,</strong></span> <span class='ocrx_word' id='word_1_845' title='bbox 2189 5484 2309 5543; x_wconf 86' lang='lat' dir='ltr'><strong>post</strong></span> <span class='ocrx_word' id='word_1_846' title='bbox 2345 5477 2652 5544; x_wconf 88' lang='lat' dir='ltr'><strong>passionem</strong></span> <span class='ocrx_word' id='word_1_847' title='bbox 2697 5494 2848 5532; x_wconf 87' lang='lat' dir='ltr'><strong>suam</strong></span> <span class='ocrx_word' id='word_1_848' title='bbox 2878 5477 3177 5546; x_wconf 84' lang='lat' dir='ltr'><strong>propriam,</strong></span> <span class='ocrx_word' id='word_1_849' title='bbox 3223 5482 3282 5530; x_wconf 83' lang='lat' dir='ltr'><strong>et</strong></span> 
     </span>
    </p>
   </div>
   <div class='ocr_carea' id='block_1_116' title="bbox 1707 5567 3278 5640">
    <p class='ocr_par' dir='ltr' id='par_1_116' title="bbox 1707 5567 3278 5640">
     <span class='ocr_line' id='line_1_116' title="bbox 1707 5567 3278 5640; baseline -0.003 -16"><span class='ocrx_word' id='word_1_850' title='bbox 1707 5568 1960 5624; x_wconf 83' lang='lat' dir='ltr'><strong>omnibus</strong></span> <span class='ocrx_word' id='word_1_851' title='bbox 2009 5567 2128 5621; x_wconf 89' lang='lat' dir='ltr'><strong>aliis</strong></span> <span class='ocrx_word' id='word_1_852' title='bbox 2180 5567 2517 5622; x_wconf 84' lang='lat' dir='ltr'><strong>dissimilem.</strong></span> <span class='ocrx_word' id='word_1_853' title='bbox 2564 5569 2680 5640; x_wconf 87' lang='lat' dir='ltr'><strong>Ipse</strong></span> <span class='ocrx_word' id='word_1_854' title='bbox 2707 5570 2851 5624; x_wconf 89' lang='lat' dir='ltr'><strong>enim</strong></span> <span class='ocrx_word' id='word_1_855' title='bbox 2907 5568 3052 5621; x_wconf 90' lang='lat' dir='ltr'><strong>solus</strong></span> <span class='ocrx_word' id='word_1_856' title='bbox 3093 5576 3278 5628; x_wconf 84' lang='lat' dir='ltr'><strong>nostra</strong></span> 
     </span>
    </p>
   </div>
   <div class='ocr_carea' id='block_1_117' title="bbox 1705 5656 3274 5728">
    <p class='ocr_par' dir='ltr' id='par_1_117' title="bbox 1705 5656 3274 5728">
     <span class='ocr_line' id='line_1_117' title="bbox 1705 5656 3274 5728; baseline -0.001 -14"><span class='ocrx_word' id='word_1_857' title='bbox 1705 5668 1949 5728; x_wconf 86' lang='lat' dir='ltr'><strong>peccata,</strong></span> <span class='ocrx_word' id='word_1_858' title='bbox 1983 5673 2089 5718; x_wconf 91' lang='lat' dir='ltr'><strong>non</strong></span> <span class='ocrx_word' id='word_1_859' title='bbox 2138 5673 2257 5721; x_wconf 90' lang='lat' dir='ltr'><strong>sua,</strong></span> <span class='ocrx_word' id='word_1_860' title='bbox 2323 5658 2442 5713; x_wconf 90' lang='lat' dir='ltr'><strong>tulit</strong></span> <span class='ocrx_word' id='word_1_861' title='bbox 2483 5675 2644 5728; x_wconf 87' lang='lat' dir='ltr'><strong>super</strong></span> <span class='ocrx_word' id='word_1_862' title='bbox 2674 5660 2870 5728; x_wconf 78' lang='lat' dir='ltr'><strong>lignum</strong></span> <span class='ocrx_word' id='word_1_863' title='bbox 2923 5658 2975 5719; x_wconf 76' lang='lat' dir='ltr'><strong>(I</strong></span> <span class='ocrx_word' id='word_1_864' title='bbox 3024 5656 3162 5712; x_wconf 85' lang='lat' dir='ltr'><strong>Petr.</strong></span> <span class='ocrx_word' id='word_1_865' title='bbox 3190 5659 3274 5728; x_wconf 84' lang='lat' dir='ltr'><strong>tt).</strong></span> 
     </span>
    </p>
   </div>
   <div class='ocr_carea' id='block_1_118' title="bbox 1708 5750 3280 5820">
    <p class='ocr_par' dir='ltr' id='par_1_118' title="bbox 1708 5750 3280 5820">
     <span class='ocr_line' id='line_1_118' title="bbox 1708 5750 3280 5820; baseline 0.001 -15"><span class='ocrx_word' id='word_1_866' title='bbox 1708 5751 1813 5805; x_wconf 82' lang='lat' dir='ltr'><strong>Per</strong></span> <span class='ocrx_word' id='word_1_867' title='bbox 1843 5752 1953 5804; x_wconf 81' lang='lat' dir='ltr'><strong>dies</strong></span> <span class='ocrx_word' id='word_1_868' title='bbox 1998 5751 2349 5819; x_wconf 80' lang='lat' dir='ltr'><strong>quadraginta</strong></span> <span class='ocrx_word' id='word_1_869' title='bbox 2387 5767 2645 5820; x_wconf 70' lang='lat' dir='ltr'><strong>apparens</strong></span> <span class='ocrx_word' id='word_1_870' title='bbox 2705 5751 2800 5805; x_wconf 79' lang='lat' dir='ltr'><strong>eis.</strong></span> <span class='ocrx_word' id='word_1_871' title='bbox 2841 5750 3043 5816; x_wconf 62' lang='lat' dir='ltr'><strong>Quare,</strong></span> <span class='ocrx_word' id='word_1_872' title='bbox 3080 5750 3280 5806; x_wconf 71' lang='lat' dir='ltr'><strong>fratres</strong></span> 
     </span>
    </p>
   </div>
   <div class='ocr_carea' id='block_1_119' title="bbox 1707 5841 3280 5920">
    <p class='ocr_par' dir='ltr' id='par_1_119' title="bbox 1707 5841 3280 5920">
     <span class='ocr_line' id='line_1_119' title="bbox 1707 5841 3280 5920; baseline -0.004 -19"><span class='ocrx_word' id='word_1_873' title='bbox 1707 5841 2040 5912; x_wconf 81' lang='lat' dir='ltr'><strong>cbarissimi,</strong></span> <span class='ocrx_word' id='word_1_874' title='bbox 2071 5841 2326 5901; x_wconf 81' lang='lat' dir='ltr'><strong>Christus</strong></span> <span class='ocrx_word' id='word_1_875' title='bbox 2368 5858 2474 5901; x_wconf 89' lang='lat' dir='ltr'><strong>non</strong></span> <span class='ocrx_word' id='word_1_876' title='bbox 2519 5844 2699 5908; x_wconf 84' lang='lat' dir='ltr'><strong>statim</strong></span> <span class='ocrx_word' id='word_1_877' title='bbox 2757 5851 2879 5920; x_wconf 86' lang='lat' dir='ltr'><strong>post</strong></span> <span class='ocrx_word' id='word_1_878' title='bbox 2927 5843 3280 5912; x_wconf 73' lang='lat' dir='ltr'><strong>resurrectio.</strong></span> 
     </span>
    </p>
   </div>
  </div>
