3822 6316
1529 371 1882 427 ADDENDA.
1912 403 1980 415 ——
2021 372 2368 429 RADULPHI
2391 370 2736 427 ARDENTIS
3584 394 3669 451 ηπ
3766 370 3767 425 ξ

565 508 714 551 nem.
762 489 855 547 sed
902 493 1025 561 post
1073 483 1275 547 multos
1340 492 1456 547 dies
1520 493 1813 549 ascendere
1859 494 2027 549 voluit
2091 496 2144 552 in
2173 502 2220 561 Α
2250 496 2457 552 scilicet
2514 496 2803 561 virtutem’,
2850 504 2905 551 et
2956 494 3264 551 testificandi
3311 501 3544 555 audaciam.
3564 505 3610 560 lit
3630 514 3670 566 de

566 583 808 638 celum?
857 583 924 639 Ut
986 596 1082 654 per
1138 585 1477 655 frequentem
1526 588 1939 655 apparitiouem,
1987 589 2145 645 [idem

568 674 991 728 resurrectionis
1020 673 1071 727 iti
1124 674 1397 742 Apostolis
1444 676 1814 731 conﬁrmaret.
1870 678 1934 731 Et
1980 694 2148 748 quare

565 776 688 835 post
742 769 1103 837 quadraginta
1175 769 1430 825 dies‘lUt
1488 770 1814 839 discipulos,
1865 788 2001 842 quos
2042 776 2181 843 per

564 858 925 929 quadraginta
980 861 1141 915 horas
1189 872 1435 914 mortuus
1513 863 1993 931 mmslilicaverat,
2056 882 2152 934 per

569 948 792 1002 totidem
844 951 959 1005 dies
985 951 1257 1005 redivivus
1308 952 1626 1017 ltetificarct,
1676 954 1828 1024 juxta
1876 958 2016 1025 quod
2069 958 2148 1012 eis

530 1042 925 1107 .proniiserat,
983 1044 1124 1110 quod
1179 1044 1395 1097 tristitia
1470 1060 1655 1099 eorum
1720 1057 2021 1102 verteretur
2096 1050 2148 1104 in

568 1132 826 1199 gaudium
864 1131 1048 1196 (Joau.
1076 1144 1210 1201 xvi).
1241 1134 1411 1189 Simul
1437 1136 1598 1192 etiam
1634 1148 1687 1191 ut
1716 1155 1812 1207 per
1841 1156 2149 1196 sacramen-

564 1232 683 1277 tum
708 1228 1138 1297 quadragenarii,
1171 1230 1261 1299 qui
1293 1245 1357 1285 ex
1390 1233 1575 1287 decem
1619 1249 1715 1301 per
1739 1245 1974 1303 quatuor
2001 1236 2146 1289 mul-

572 1314 843 1383 tiplicatus
926 1319 1226 1386 perficitur,
1298 1322 1664 1391 iinpletionem
1732 1327 1970 1397 decalogi
2056 1344 2152 1397 per

573 1405 922 1475 Evangelium
957 1410 1009 1463 iu
1053 1412 1131 1464 eis
1156 1427 1213 1465 se
1242 1413 1606 1481 perfecturum
1656 1416 2008 1484 significaret.
2039 1420 2152 1489 Ap.

557 1500 742 1565 paruit
780 1510 959 1553 autem
1004 1502 1058 1555 in
1114 1502 1293 1556 multis
1343 1506 1695 1574 argumentis.
1751 1508 2145 1577 Argumentum

555 1595 647 1641 est
707 1588 844 1642 ratio
879 1590 954 1644 rei
1006 1591 1182 1645 dubia:
1215 1594 1421 1649 faciens
1468 1597 1648 1651 (idem.
1696 1597 1752 1650 In
1785 1599 1969 1652 multis
2020 1616 2149 1655 vero

565 1683 903 1749 argumentis
963 1686 1236 1753 apparuit,
1292 1689 1547 1755 quoniant
1592 1688 1774 1743 multis
1812 1691 2145 1759 probationi-

560 1775 661 1828 bus
698 1775 853 1828 fidem
885 1793 996 1831 sua:
1029 1780 1447 1834 resurrectionis
1478 1780 1531 1833 itt
1560 1780 1639 1835 eis
1678 1782 2042 1846 continuavit,
2093 1783 2143 1837 in

2250 588 2632 643 emundatione
2673 588 2931 654 ostendit,
2986 603 3104 642 cum
3166 589 3495 657 subditthiia
3523 594 3670 655 Ιοσιοιτ

2251 676 2528 743 baptizavit
2564 694 2719 747 aqua.
2750 677 3008 731 subaudis
3040 676 3169 731 sola.
3206 676 3298 731 Vos
3321 690 3486 745 autem,
3511 700 3583 739 non
3604 704 3671 755 pou

2252 767 2443 821 multos
2472 769 2565 822 Iros
2589 769 2722 833 dies,
2745 768 3138 836 baptisabimini
3161 768 3345 835 Spiritu
3362 785 3672 845 sancto,pemu

2250 858 2460 914 scilicet
2484 870 2661 913 vestra
2707 876 2736 913 a
2784 861 2939 914 vobis
2987 861 3333 924 einundante,
3362 863 3676 932 etignorantian

2253 960 2487 1005 vestram
2532 952 2888 1005 illuminante.
2941 951 3075 1017 Quia
3112 966 3236 1005 vero
3268 952 3455 1021 quidam
3486 953 3679 1013 iudaiza-

2252 1041 2462 1095 dieraut
2487 1055 2612 1095 eum
2662 1042 2805 1111 loqui
2858 1042 2924 1096 de
2970 1056 3134 1110 regno
3166 1041 3286 1109 Dei,
3319 1053 3367 1097 et
3402 1046 3678 1115 deimplelione

2250 1132 2622 1200 promissionis
2646 1132 2852 1198 Patris;
2890 1134 3227 1204 interrogant
3253 1149 3383 1196 eum.
3403 1137 3438 1189 si
3463 1137 3504 1190 in
3526 1148 3679 1208 tenipote

2251 1224 2353 1277 hoc
2382 1223 2671 1277 restiturus
2714 1232 2859 1278 esset
2902 1239 3127 1294 regnum
3167 1222 3353 1287 lsrael,
3380 1229 3598 1294 temporale
3615 1234 3679 1284 sci.

2250 1315 2373 1370 licet
2400 1328 2455 1370 et
2484 1302 2811 1370 mundanum
2835 1357 2851 1382 ,
2896 1316 3037 1384 quod
3075 1316 3247 1370 adhuc
3290 1329 3548 1386 exspectant
3577 1320 3679 1376 intimi

2250 1396 2695 1471 venturumfnou
2722 1422 3011 1471 memores,
3034 1408 3158 1476 quia
3191 1406 3423 1460 Dominus
3449 1414 3682 1477 resiiouderat

2250 1498 2425 1552 Pilato
2456 1515 2678 1569 regnum
2708 1514 2864 1554 suum
2891 1513 2998 1551 nou
3027 1512 3151 1552 esse
3180 1498 3245 1551 de
3272 1498 3366 1552 hoc
3393 1501 3545 1553 mutulo
3563 1500 3681 1568 UOH.

2251 1588 2430 1656 svnt).
2490 1587 2729 1654 Quorum
2778 1586 3183 1657 simplicitatem
3240 1584 3470 1640 Dominus
3508 1591 3682 1657 rmhrguil
3766 1612 3767 1615 η

2250 1679 2436 1731 dicens
2462 1694 2475 1730 :
2512 1677 2635 1731 Non
2655 1688 2730 1731 est
2757 1688 2983 1732 oestrum
3012 1694 3165 1731 nosse
3194 1688 3427 1746 tempora,
3450 1686 3531 1733 etc.
3549 1678 3684 1733 Scilicet

2248 1778 2497 1832 ventura,
2529 1768 2604 1823 vel
2626 1779 2914 1831 momenta,
2948 1770 2997 1823 id
3025 1779 3114 1823 est
3154 1778 3396 1822 venturas
3420 1784 3559 1822 rerum
3584 1786 3685 1822 uiuu-

562 1866 665 1920 boc
698 1868 948 1922 videlicet
976 1870 1118 1939 quod
1160 1886 1219 1924 se
1262 1872 1457 1926 obtulit
1498 1873 1566 1925 ad
1599 1872 1905 1939 videndum,
1946 1876 2013 1928 ad
2046 1891 2142 1928 au-

2247 1862 2437 1928 tiones,
2471 1859 2602 1925 Qtne
2646 1859 2807 1913 Pater
2845 1864 3019 1929 posuit
3066 1862 3125 1913 in
3176 1875 3273 1912 sua
3303 1869 3534 1928 potestate.
3566 1859 3685 1931 luquo

560 1958 847 2022 diendum,
885 1963 953 2015 ad
994 1964 1446 2018 contrectandum
1477 2005 1493 2031 ,
1537 1965 1681 2034 quod
1736 1964 1832 2019 ivit
1882 1976 1935 2021 et
1984 1967 2145 2023 rediit

560 2046 703 2101 inter
730 2063 845 2114 eos,
868 2050 1009 2118 quod
1038 2051 1246 2105 locutus
1281 2061 1388 2116 est,
1438 2055 1581 2122 quod
1614 2054 1849 2110 comedit
1894 2064 1948 2109 et
1985 2056 2137 2112 bibit.

567 2134 726 2193 Unde
748 2135 988 2193 Joannes
1015 2150 1067 2193 et
1099 2140 1358 2194 audacter
1404 2150 1459 2195 et
1484 2151 1670 2211 aperte
1708 2143 1959 2211 loquitur.
1989 2144 2143 2210 Quod

572 2228 929 2297 fuit,iuqnit,
979 2231 1042 2282 ab
1067 2232 1240 2294 initio,
1294 2234 1434 2301 quod
1480 2234 1705 2287 vidimus
1747 2245 1795 2287 et
1844 2236 2143 2290 audivimus

557 2326 613 2369 rt
656 2332 845 2371 manus
910 2328 1106 2373 nostra:
1151 2331 1628 2377 contrectaverunt
1661 2322 1712 2391 (ι
1753 2324 1915 2378 loan.
1973 2324 2033 2391 l).
2077 2324 2143 2380 Et

555 2423 701 2477 quite,
763 2409 960 2465 fratres
992 2411 1117 2475 mei,
1170 2428 1291 2482 quae
1344 2416 1764 2470 resurrectionis
1820 2418 2143 2487 ambiguitas

558 2510 679 2569 post
721 2510 868 2555 tanta
902 2503 1284 2572 probationum
1317 2516 1633 2575 argumenta
1662 2508 1716 2560 in
1759 2508 2018 2563 cordibus
2062 2509 2142 2563 di-

562 2594 896 2663 scipulorum
952 2597 1127 2664 potuit
1180 2612 1462 2651 remanere
1489 2599 1512 2651 ?
1539 2598 1617 2652 Ad
1663 2600 1765 2655 ltoc
1804 2600 1970 2654 etiam
2014 2600 2144 2657 facit

557 2688 699 2753 quod
741 2687 1029 2742 subditur:
1064 2685 1133 2742 Et
1198 2689 1413 2759 loquens
1478 2691 1543 2744 de
1596 2707 1755 2760 regno
1803 2690 1923 2745 Dei.
1977 2692 2132 2748 Sicut

557 2776 704 2828 enim
729 2790 945 2845 semper
994 2787 1120 2831 ante
1148 2778 1459 2848 passionem
1509 2796 1662 2834 suam
1708 2780 1777 2836 de
1824 2796 1988 2853 regno
2047 2782 2141 2839 Dei

556 2864 704 2934 loqui
755 2879 1137 2934 consueverat,
1197 2869 1270 2924 ita
1318 2880 1374 2926 et
1421 2880 1543 2941 post
1578 2887 1791 2943 semper
1839 2872 1905 2927 de
1949 2876 2141 2929 eodem

557 2953 905 3023 loquebatur.
948 2955 1096 3011 Unde
1141 2969 1197 3013 et
1244 2959 1296 3012 in
1341 2960 1610 3015 similibus
1639 2961 1840 3029 verbis,
1870 2962 2141 3032 similique

555 3044 939 3100 benedictione
969 3057 1026 3102 et
1055 3047 1320 3104 fractione
1359 3052 1515 3119 panis
1557 3067 1587 3105 a
1632 3052 1840 3107 duobus
1863 3053 2139 3123 discipulis

554 3133 615 3189 in
665 3133 923 3190 Emmaus
965 3138 1181 3208 agnitus
1236 3139 1499 3208 est(Luc.
1534 3142 1704 3211 xx").
1735 3141 1791 3195 lu
1834 3157 1943 3213 quo
1964 3145 2140 3199 omni-

559 3224 683 3291 bus,
733 3233 788 3278 ct
837 3206 1108 3296 przccipue
1164 3229 1270 3283 illis
1317 3206 1408 3299 qui
1454 3232 1505 3284 iti
1558 3206 1798 3287 Ecclesia
1822 3206 1995 3288 locum
2021 3234 2139 3302 ejus
2166 3206 2211 3267 ο
2244 3206 2516 3301 Samaria,
2538 3247 2584 3290 et
2607 3206 2767 3305 usque
2785 3235 2855 3288 ad
2877 3246 3168 3289 extremum
3199 3242 3372 3286 terra.
3395 3230 3531 3297 Quasi
3548 3227 3703 3279 dicent:

558 3324 761 3381 tenent,
790 3319 1084 3389 exeMplum
1118 3320 1382 3392 relinquit,
1414 3331 1472 3376 ut
1516 3340 1789 3395 nunquam
1841 3326 1908 3381 de
1962 3328 2138 3391 vanis,

556 3422 831 3476 nunquam
880 3410 947 3463 de
1002 3410 1197 3465 otiosis
1258 3412 1574 3482 nocivisqne
1621 3416 1990 3481 sermonibus,
2045 3417 2139 3472 sed

557 3514 775 3571 semper
797 3501 864 3556 de
909 3517 1077 3573 regno
1127 3503 1222 3559 Dei
1274 3514 1330 3560 et
1368 3504 1435 3560 de
1470 3506 1553 3561 liis
1581 3522 1699 3577 quae
1727 3508 1794 3563 ad
1826 3507 1956 3563 illud
2014 3523 2139 3579 spe-

553 3601 706 3645 ctant
735 3591 1042 3661 loquantur.

627 3682 884 3752 Sequitur
920 3700 1050 3753 pars
1078 3685 1258 3751 tertia,
1288 3686 1338 3739 in
1382 3703 1488 3757 qua
1528 3688 1811 3743 historiam
1851 3689 2139 3744 dominica

560 3775 903 3831 ascensionis
952 3777 1156 3848 largius
1199 3781 1577 3850 prosequitur,
1602 3782 1839 3837 subdens
1865 3798 1877 3835 :
1907 3781 1977 3835 Et
2008 3799 2137 3837 cou-

553 3882 758 3921 vescens
777 3871 1019 3938 prwcepit
1056 3871 1153 3937 eis,
1182 3881 1288 3926 etc.
1330 3870 1648 3938 Penseuius,
1679 3873 1896 3943 fratres,
1925 3886 2140 3945 quanta:

554 3958 867 4027 plulcediais
925 3960 1029 4015 fuit
1079 3962 1183 4016 hoc
1218 3964 1542 4019 hodiernum
1587 3974 1641 4019 et
1670 3975 1973 4019 extremum
2003 3982 2136 4022 con-

560 4049 787 4104 ..vivium.
842 4051 964 4106 Fuit
1019 4054 1217 4122 quippe
1262 4055 1568 4109 convivium
1619 4056 1921 4122 cliaritatis,
1955 4058 2141 4112 convi-

550 4140 708 4207 .viuut
781 4141 983 4211 gaudii,
1036 4143 1343 4197 convivium
1392 4145 1735 4199 eruditionis.
1793 4146 1946 4200 Sicut
1994 4147 2138 4201 enim

544 4230 751 4300 aliquis
771 4232 1164 4299 paterfamilias
1190 4250 1414 4305 peregre
1438 4237 1804 4305 profecturus,
1835 4246 2139 4292 extremum

542 4321 864 4385 .convivium
913 4324 1028 4379 suis
1067 4327 1257 4381 atnicis
1287 4336 1344 4382 et
1398 4327 1756 4385 familiaribus
1804 4340 2139 4386 convocatus

541 4431 676 4475 .cutn
695 4417 775 4471 eis
799 4418 1021 4473 citarius
1052 4420 1314 4485 celebrat,
1338 4430 1393 4476 et
1418 4425 1689 4492 quomodo
1721 4438 1807 4476 res
1833 4439 1965 4477 suas
1988 4424 2140 4477 ordi-

2246 1953 2366 2008 illos
2402 1952 2687 2007 manifeste
2724 1953 2947 2005 damnat
2976 1955 3068 2022 qui
3108 1963 3345 2022 tempora
3379 1960 3427 2004 et
3461 1955 3664 2006 eventuslu

2248 2055 2394 2100 turos
2419 2061 2516 2116 per
2555 2046 2772 2114 auguria
2794 2085 2809 2110 ,
2834 2056 2891 2100 ct
2932 2044 3210 2115 sortilegis
3228 2084 3244 2108 ,
3277 2051 3425 2112 atque
3450 2044 3683 2097 divinath
3766 2032 3767 2037 “

2247 2136 2546 2206 inquirunt.
2578 2134 2691 2191 Hoc
2725 2137 2868 2190 enim
2898 2135 3111 2189 facinus
3140 2145 3224 2188 est
3254 2130 3498 2203 iuagnum,
3516 2143 3555 2186 et
3572 2135 3687 2186 usit

2246 2232 2430 2286 Veteri
2480 2245 2642 2300 quam
2694 2232 2746 2285 in
2778 2228 2929 2284 Novo
2978 2230 3328 2283 Testamento
3355 2227 3623 2296 prohibitum.
3654 2226 3689 2280 Et
3766 2216 3767 2249 ῖ

2250 2324 2343 2392 qui
2374 2323 2477 2377 hoc
2517 2321 2720 2376 faciunt
2766 2320 2963 2390 duplex
3010 2321 3270 2374 damnum
3321 2317 3689 2377 incommuethic

2245 2416 2638 2485 deceptioncm,
2672 2425 2725 2469 et
2754 2416 2806 2469 in
2839 2415 3024 2467 futuro
3050 2411 3457 2466 damnationem.
3482 2407 3625 2461 Deinde
3643 2424 3691 2461 e-

2243 2509 2474 2562 cundam
2497 2507 2748 2577 gratiam,
2778 2520 2941 2575 quam
2965 2504 3209 2573 Spiritus
3230 2512 3435 2556 sanctus
3453 2510 3545 2553 erat
3558 2500 3612 2551 eis
3628 2504 3691 2551 col-
3766 2512 3767 2519 ‘

2246 2599 2472 2662 laturus,
2494 2597 2729 2653 ostendit
2759 2612 2882 2652 cum
2912 2596 3137 2651 subdit:
3186 2592 3289 2648 Sed
3316 2591 3559 2659 acceipietit
3592 2590 3675 2642 vim

2243 2700 2345 2744 tem
2374 2689 2604 2758 Spiritus
2634 2688 2835 2753 sancti,
2870 2687 2937 2741 ad
2967 2685 3241 2755 duplicem
3287 2683 3471 2738 scilicet
3508 2697 3638 2740 usum.
3657 2680 3693 2731 sl

2245 2780 2411 2835 vestri
2439 2778 2958 2841 sanetilicationem',
3002 2788 3057 2831 et
3087 2776 3156 2830 ad
3187 2774 3449 2845 signorum
3468 2810 3482 2837 ,
3503 2770 3692 2824 miraculo-

2245 2886 2474 2942 rumque
2507 2872 2891 2927 ostensionem.
2917 2869 3163 2924 Tertiam
3197 2879 3407 2936 quoque
3427 2864 3598 2935 gratiam
3618 2864 3695 2914 sub-

2238 2964 2419 3035 jungit
2442 2978 2568 3019 cum
2596 2963 2750 3028 dicit,
2778 2973 2828 3017 et
2854 2962 3000 3016 eritis
3033 2962 3169 3015 mihi
3196 2969 3371 3023 testes,
3398 2957 3513 3010 bene
3533 2954 3687 3015 virentis,

2244 3055 2505 3110 audacter
2533 3069 2729 3110 nomen
2758 3067 2936 3109 meum
2959 3048 3331 3123 praedicando,
3352 3046 3697 3111 mirabiliterope-
3766 3092 3767 3103 χ

2246 3147 2435 3212 rando,
2469 3145 2683 3200 fortiter
2705 3160 2803 3217 pro
2832 3158 2921 3199 me
2942 3142 3229 3199 moriendo
3251 3182 3265 3205 ,
3310 3142 3361 3193 in
3388 3138 3509 3191 omni
3528 3136 3653 3189 inter
3672 3144 3700 3184 ις

2244 3327 2484 3382 Salutem
2513 3343 2673 3398 quam
2699 3336 2953 3397 operatus
2985 3341 3106 3380 sum
3158 3326 3215 3378 in
3264 3323 3429 3377 medio
3455 3332 3588 3375 terra.
3621 3332 3704 3386 pre-

2241 3420 2491 3475 dicabitis
2535 3420 2709 3492 primo
2745 3418 3087 3483 domesticis,
3120 3416 3318 3471 deinde
3363 3414 3553 3477 viciaisf,
3594 3420 3707 3479 pstea
3766 3448 3767 3492 λ

2246 3515 2471 3569 remotis
2530 3522 2586 3567 et
2647 3513 2929 3567 extremis.
3005 3510 3269 3576 Utinam,
3327 3508 3501 3561 fratres
3547 3504 3645 3562 inci,
3679 3510 3709 3549 ει

2242 3606 2296 3661 in
2363 3621 2462 3660 nos
2508 3604 2744 3675 Spiritus
2804 3611 3027 3659 sanctus
3085 3600 3459 3661 descendens,
3497 3596 3569 3649 det
3615 3594 3711 3646 nobis

2240 3708 2294 3754 et
2317 3706 2659 3769 peccatorum
2678 3695 3143 3760 emundationein,
3161 3702 3221 3749 et
3241 3694 3482 3747 virtutum
3502 3684 3709 3742 sanctiﬁca-
3766 3686 3767 3733 1

2245 3790 2470 3856 tionem,
2494 3797 2549 3843 et
2586 3787 2912 3859 praedicandi
2937 3785 3317 3840 fortitudinem
3343 3791 3396 3838 et
3411 3780 3712 3837 audaculum.

2242 3878 2452 3949 abjecta
2487 3887 2700 3932 terrena
2722 3876 3016 3946 cupiditate
3039 3882 3097 3930 et
3121 3873 3455 3934 fortitudine,
3476 3870 3642 3924 verbum
3662 3865 3713 3916 lla
3766 3922 3767 3927 η

2242 3984 2426 4023 coram
2460 3968 2677 4039 regibus
2701 3976 2756 4021 et
2778 3966 3025 4038 tyrannis
3046 3976 3107 4019 et
3131 3964 3338 4034 iniquis
3358 3969 3617 4018 constanter
3637 3972 3714 4026 pra

2242 4058 2506 4114 dicemus.
2536 4056 2601 4110 Et
2643 4072 2763 4110 cum
2792 4057 2888 4109 hoc
2915 4055 3173 4122 dixisset,
3219 4054 3438 4109 subaudi
3464 4062 3511 4103 et
3531 4050 3718 4104 eduxisse

2239 4164 2337 4204 eos
2368 4150 2420 4202 in
2452 4156 2686 4202 montem
2717 4146 2934 4202 Oliveti.
2964 4145 3047 4202 0b
3068 4148 3178 4201 hoc
3207 4146 3426 4216 quippe,
3457 4142 3641 4203 fratres,
3662 4140 3717 4189 be

2240 4242 2329 4297 die
2356 4241 2610 4296 solemnis
2631 4240 2909 4311 processio
2948 4248 3096 4294 recte
3141 4239 3204 4293 tit
3236 4239 3305 4293 ad
3345 4236 3614 4291 memoriam
3632 4232 3718 4281 illius

2240 4331 2601 4353 -_A---..2--,2-
2712 4346 2868 4353 -..Α-μ
2936 4330 3095 4353 1...12Α
3158 4330 3482 4353 ῐ)-.1,.....ι,...
3523 4334 3661 4353 ..ΜΙΔΩ
3691 4338 3719 4353 tu

2240 4331 2605 4403 processionis
2633 4371 2651 4396 ,
2707 4346 2871 4401 quam
2936 4330 3097 4385 bodie
3158 4330 3482 4398 Redemptor
3523 4334 3661 4380 uoster
3691 4322 3720 4370 it

2243 4434 2481 4479 montem
2505 4423 2701 4480 Oliveti
2733 4422 2881 4478 fecit.
2906 4422 3008 4489 Qui
3038 4422 3323 4492 discipulis
3350 4422 3459 4475 suis
3480 4420 3613 4473 chara
3632 4418 3720 4505 pacis
3766 4442 3767 4505 γ

542 4523 685 4575 atare
737 4509 988 4574 debeant,
1039 4511 1119 4565 eis
1167 4513 1406 4576 tuandat,
1456 4518 1528 4567 lta
1585 4530 1829 4568 summus
1872 4514 2134 4568 Dominus
2168 4547 2213 4602 υ
2239 4515 2423 4570 oscula
2459 4514 2785 4585 relinquens,
2809 4521 2866 4568 et
2897 4515 2978 4567 eis
3008 4513 3374 4578 benedicens,
3400 4502 3722 4602 videntibusitlii

545 4599 761 4663 dulcius
788 4607 843 4653 et
887 4603 1127 4655 tenerius
1166 4612 1472 4658 extremum
1519 4605 1828 4659 convivium
1859 4622 1981 4659 ('lllll
2024 4608 2136 4661 suis

542 4687 861 4761 celebravit,
911 4700 967 4744 et
1020 4693 1148 4761 quid
1196 4708 1356 4763 agere
1398 4694 1661 4748 deberent
1709 4696 1789 4748 eis
1828 4697 2133 4766 praecepit.

548 4776 705 4850 [inde
730 4788 784 4841 et
812 4780 1080 4851 subditur,
1108 4781 1363 4853 I’rtecepit
1396 4785 1471 4837 eis
1500 4784 1583 4854 _ab
1645 4783 2033 4856 Hierosolymis
2074 4804 2138 4842 ne

542 4870 895 4939 piscedereat,
919 4889 1019 4927 nec
1039 4888 1069 4937 a
1094 4873 1233 4937 loco,
1259 4888 1361 4934 nec
1379 4889 1408 4928 a
1441 4873 1764 4944 signiﬁcato,
1798 4877 2138 4933 discederent

541 4963 755 5031 scilicet
783 4981 813 5020 a
840 4968 1237 5021 communitate
1269 4977 1327 5022 et
1351 4970 1759 5036 communione,
1801 4988 1867 5026 ne
1893 4971 2139 5046 discede,

542 5066 668 5123 sent
708 5073 739 5111 a
770 5057 982 5114 visione
1018 5068 1073 5114 et
1112 5059 1388 5117 desiderio
1418 5064 1602 5132 pacis;
1634 5065 1723 5119 sed
1771 5074 2137 5130 exspectarent

541 5147 953 5229 promissionem
1016 5148 1217 5206 Patris.
1275 5153 1407 5221 Qua:
1488 5156 1673 5225 utique
1725 5156 2013 5224 promissio
2079 5166 2137 5211 et

544 5254 667 5307 pica
692 5250 814 5303 est;
844 5241 969 5310 quia
996 5258 1115 5298 eam
1143 5246 1390 5313 audistis,
1421 5249 1613 5318 inquit,
1641 5265 1732 5317 per
1762 5265 1819 5302 os
1851 5264 2043 5302 meum.
2077 5248 2137 5303 In

540 5346 655 5399 auo
700 5346 984 5395 monemur
1010 5345 1062 5390 et
1092 5352 1208 5401 nos,
1241 5337 1455 5402 fratres,
1483 5357 1550 5393 tte
1578 5356 1607 5393 a
1636 5340 2016 5394 communione
2046 5339 2139 5394 Ec-

543 5422 727 5484 clesia-
751 5425 1063 5484 recedamus
1082 5439 1164 5493 ,et
1186 5432 1332 5501 pacis
1352 5474 1367 5495 ,
1382 5434 1427 5487 si
1454 5434 1690 5501 Spiritus
1710 5434 1882 5487 sancti
1906 5432 2136 5499 gratiam

547 5513 603 5582 in
633 5530 732 5570 nos
756 5515 1011 5575 advenire
1040 5522 1436 5577 desideramus.
1488 5522 1543 5576 ltt
1573 5523 1763 5576 divisis
1807 5522 1952 5576 enim
1995 5532 2048 5576 et
2080 5522 2136 5576 iu

544 5606 807 5678 inquietis
836 5612 1114 5679 cordibus,
1139 5631 1246 5679 non
1270 5625 1447 5684 potest
1478 5616 1719 5670 habitare
1751 5616 1983 5685 Spiritus
2010 5632 2138 5672 san-

546 5710 690 5767 ctus.
708 5703 853 5771 Quas
873 5716 1052 5761 autem
1070 5708 1271 5776 gratias
1300 5724 1401 5776 per
1426 5707 1686 5776 Spiritum
1702 5714 1703 5719 ‘
1718 5717 1962 5763 sanctmu
1985 5719 2141 5764 erant

550 5799 862 5882 “cepturi,
924 5802 1313 5882 sulisequenter
1387 5802 1665 5876 ostendit,
1728 5801 2134 5865 emendationis

2236 4606 2461 4661 elevatus
2497 4612 2607 4669 esti,
2636 4614 2696 4659 ut
2736 4604 2907 4659 visam
2952 4604 3075 4673 ejus
3114 4604 3481 4659 ascensionem
3530 4594 3721 4652 testiﬁcati

2238 4709 2481 4769 possent.
2522 4698 2628 4753 Sed
2675 4714 2706 4751 a
2751 4713 2860 4768 quo
2900 4697 3145 4752 elevatus
3172 4697 3297 4751 est?
3340 4692 3569 4761 Nunquid
3603 4689 3723 4742 intra

2240 4790 2367 4854 mei,
2408 4788 2664 4844 Dominus
2697 4798 2952 4858 tauquam
2978 4790 3274 4857 impotens,
3306 4786 3497 4841 auxilio
3527 4782 3721 4848 indigebat

2239 4882 2445 4945 alieno,
2476 4898 2583 4952 quo
2631 4881 2973 4942 elevaretur.
3023 4882 3167 4935 sicut
3221 4879 3428 4941 Euoch,
3476 4873 3556 4944 qui
3600 4868 3722 4938 legitur

2240 4973 2536 5029 translatus
2557 4973 2745 5042 (Hebr.
2767 4972 2870 5042 st),
2898 4982 2953 5027 et
2975 4973 3113 5026 sicut
3134 4971 3303 5031 Elias.
3325 4970 3415 5038 qui
3442 4968 3607 5037 legitur
3622 4974 3721 5015 eam

2240 5074 2636 5135 transportatus
2689 5063 2741 5135 (ι
2758 5062 2797 5116 γ
2831 5062 2959 5133 Reg.
2995 5063 3099 5131 tt)?
3134 5060 3379 5115 minime.
3411 5058 3485 5113 Illi
3509 5055 3624 5112 enim
3656 5061 3723 5103 un-

2239 5173 2401 5228 quam
2439 5156 2555 5226 puri
2588 5155 2856 5217 homines,
2884 5170 2982 5209 nec
3011 5154 3173 5209 etiam
3221 5166 3324 5222 per
3363 5149 3545 5205 calum
3581 5154 3721 5197 aerem

2241 5251 2293 5303 in
2325 5247 2638 5317 paradisqu
2663 5255 2938 5301 terrenum
2966 5261 3064 5316 per
3085 5260 3144 5299 se
3163 5243 3404 5298 transire
3426 5229 3720 5311 poterantScl

2240 5338 2565 5407 Redemptor
2593 5346 2797 5402 noster,
2829 5348 3081 5406 tanquam
3126 5351 3289 5391 verus
3316 5334 3474 5398 Deus,
3502 5346 3555 5385 se
3578 5329 3618 5380 in
3660 5337 3720 5376 ab

2240 5431 2347 5485 lum
2395 5430 2693 5500 empiremu
2751 5445 2847 5485 sua
2876 5429 3110 5484 elevavit
3153 5428 3419 5498 potentia.
3448 5423 3655 5482 Eleratus

2240 5521 2403 5592 igitur
2429 5520 2544 5590 ipse
2566 5521 2729 5575 homo
2753 5535 2783 5572 a
2810 5534 2870 5574 se
2906 5520 3036 5573 Deo.
3064 5516 3137 5571 Et
3163 5522 3326 5572 nubes
3352 5514 3561 5583 suscepit
3585 5523 3669 5563 tam
3688 5515 3720 5550 σε

2244 5617 2417 5671 oculis
2446 5631 2646 5671 eorum.
2679 5615 2847 5671 Porro
2885 5615 2999 5668 haec
3028 5615 3196 5668 nubes
3231 5611 3356 5665 tulit
3387 5609 3436 5663 ei
3463 5623 3557 5661 non
3588 5599 3718 5664 Idl”

2241 5710 2402 5771 rium,
2431 5709 2526 5763 sed
2567 5707 2949 5762 ministerium.
3005 5704 3283 5760 Elemeuta
3316 5704 3509 5773 quippe
3531 5692 3718 5791 uelit”

2246 5802 2349 5856 torl
2406 5800 2752 5858 famulantur.
2821 5798 3055 5863 Harmar
3105 5798 3332 5865 montis,
3383 5796 3514 5853 unde
3555 5790 3716 5850 [θιὶιδιιδίξ
