3822 6316
110 387 129 440 l
137 381 214 440 ﬁl

707 352 1012 414 llOMlLUE
1049 350 1113 406 IN
1155 346 1375 406 E?lST.
1399 342 1489 401 ΕΤ
1515 339 1767 399 EVANG.
1812 335 2113 393 DOMINIC.
2147 364 2215 375 --
2250 329 2431 387 PARS
2471 327 2513 381 l.

3166 315 3312 377 ΝΞΟ

109 488 327 554 ascendit,
353 485 522 537 servat
554 476 741 544 §usque
784 471 943 527 hodie
999 466 1222 537 vestigia
1260 464 1458 535 pedum
1509 460 1625 530 ejus
1657 466 1700 518 Α
1729 456 1796 510 ad
1850 469 1972 509 eum
2022 447 2376 520 sequendum;
2417 442 2589 499 simus
2632 452 2848 510 quoque
2887 438 3214 505 aspicientes
3254 436 3315 490 in

106 592 314 651 tauquam
360 583 487 626 cera:
521 566 803 634 impressa.
856 558 1046 627 Quod,
1098 566 1158 611 ut
1204 556 1572 625 pavimentum
1602 588 1616 611 ,

106 639 272 731 terram
299 677 392 720 non
416 658 539 713 sinit
572 654 671 711 sibi
701 651 915 721 apponi,
947 649 1039 705 sed
1068 646 1297 717 repellit,
1332 644 1534 707 Nubes,
1566 639 1619 694 id

98 774 164 822 est
182 775 266 816 aer
292 753 660 811 condcnsatus,
687 753 944 811 tanquam
971 737 1184 808 baiulus
1205 752 1328 791 eum
1362 732 1617 802 suscepit.

94 854 201 912 Caeli
224 847 460 906 caelorum
496 849 750 908 tanquam
788 832 1046 888 Dominus
1088 843 1211 885 eum
1243 832 1619 895 susceperunt.

87 940 342 1003 Rationalia
381 931 662 994 animalia,
687 929 739 983 id
769 936 853 982 est
874 923 1048 995 angeli
1079 930 1134 977 et
1160 920 1427 983 homines,
1450 918 1623 972 visam

84 1039 150 1095 sui
201 1029 389 1089 Domini
438 1021 823 1079 ascensionem
865 1014 1261 1076 testiﬁcantur,
1315 1010 1520 1080 pariter
1573 1015 1628 1062 et

80 1127 389 1183 admirantur.
426 1117 465 1173 υ
489 1115 593 1169 nde
612 1121 668 1168 et
702 1109 986 1173 subditur,
1018 1105 1250 1174 Cumque
1298 1104 1630 1155 intuerentur

87 1222 131 1271 in
173 1213 337 1269 ctelunt
379 1214 585 1262 euntem
636 1201 823 1264 illum,
866 1207 970 1253 etc.
1029 1196 1158 1263 Qua:
1205 1207 1391 1258 causa,
1431 1190 1630 1245 fratres

90 1308 196 1370 mei,
218 1302 425 1364 exstitit,
461 1296 604 1367 quod
639 1290 886 1362 discipuli
929 1297 1039 1342 tam
1079 1293 1284 1339 attente
1341 1281 1630 1337 Dominum

90 1394 553 1467 contemplabantur
604 1382 1027 1443 ascendentem?
1080 1378 1356 1450 Multiplex
1389 1393 1403 1431 :
1432 1375 1629 1436 Amor,

89 1487 301 1551 tristitia,
350 1481 630 1554 gaudittm,
685 1474 1003 1537 admiratio,
1070 1469 1433 1533 desiderium,
1485 1478 1629 1537 spes.

84 1584 253 1643 Amor,
282 1575 402 1647 quia
434 1579 694 1643 quantum
729 1580 1013 1639 possumus
1036 1606 1052 1631 ,
1095 1572 1273 1616 amata
1300 1554 1634 1627 concupisci-

82 1686 213 1735 mus;
267 1668 403 1724 sicut
455 1663 601 1720 enim
649 1661 810 1716 amici
861 1659 1094 1713 amicum
1154 1650 1633 1711 transfretantem,

80 1761 285 1833 quandiu
314 1765 558 1829 possunt,
587 1755 654 1810 de
682 1750 901 1823 specula
931 1747 1304 1819 prospiciunt;
1334 1752 1390 1799 et
1414 1741 1633 1811 quando

79 1854 282 1909 amicum
310 1850 493 1905 videre
521 1862 627 1903 non
660 1853 909 1916 possunt,
940 1839 1274 1914 prospiciunt
1304 1850 1524 1898 navent,
1556 1833 1630 1886 ita
1665 1834 1709 1894 Β

75 1943 290 2014 discipuli
312 1939 749 1996 amantissimum
776 1936 1059 1992 Dominmn
1086 1932 1471 1987 ascendentem
1499 1940 1633 1980 con-

78 2036 285 2107 templati
318 2043 476 2099 sunt,
513 2032 751 2103 quandiu
814 2035 1123 2101 potuerunt.
1170 2024 1237 2078 Et
1286 2036 1410 2077 cum
1458 2018 1634 2087 ipsum

24 2198 25 2201 η
68 2132 161 2200 jam
212 2144 313 2183 non
372 2134 626 2198 poterant
684 2120 1075 2192 contemplari,
1122 2110 1631 2183 contemplabantur

24 2270 27 2277 .
71 2222 265 2278 nubem.
288 2219 493 2274 Etcum
524 2232 625 2271 nec
644 2216 756 2287 jam
780 2214 972 2269 nubem
997 2215 1246 2283 poterant
1263 2198 1636 2270 contemplari,

65 2311 557 2382 contemplabantur
598 2311 766 2363 viam.
794 2306 1056 2369 Tristitia,
1099 2299 1359 2371 quoniam
1407 2294 1475 2349 de
1523 2292 1640 2361 eius

66 2406 310 2478 corporali
340 2418 605 2466 recessu,
638 2414 798 2472 quem
828 2399 964 2454 adeo
982 2393 1306 2464 diligebant,
1340 2402 1443 2442 non
1484 2392 1638 2453 pote-

60 2474 168 2555 rant
195 2514 297 2553 non
329 2494 676 2552 contristari.
696 2492 991 2553 Gaudium,
1021 2485 1280 2559 quoniam
1296 2480 1362 2535 dc
1378 2474 1644 2549 glorifica-

20 2664 21 2667 η
61 2594 192 2647 tione
233 2598 292 2645 et
340 2586 681 2643 exaltatione
728 2584 877 2655 ejus,
925 2597 1085 2654 quem
1133 2579 1271 2634 adeo
1315 2572 1645 2643 diligebant,

54 2686 394 2748 iueﬂ‘abiliier
430 2672 770 2757 gaudebant.
816 2676 1149 2741 Admiratio,
1199 2672 1455 2743 quoniam
1484 2679 1646 2736 supra

1721 547 1918 602 cadum
1950 546 2069 613 plus
2113 541 2285 595 oculis
2331 535 2528 591 mentis
2568 548 2731 603 quam
2776 530 3059 598 eotporis,
3094 539 3321 585 terrena

1724 639 1905 695 omnia
1938 635 2317 705 despicientes,
2347 642 2561 684 omnem
2585 625 2796 681 sordem
2826 623 3114 686 evitantes,
3153 637 3311 677 men-

1731 740 1783 787 te
1834 738 1942 783 tota
1976 729 2087 799 jam
2134 739 2255 780 emn
2286 721 2502 777 Christo
2541 718 2592 773 in
2626 715 2942 771 coelestibus
2980 714 3315 771 habitantes.

1725 819 2137 891 Appropiemus,
2166 822 2427 885 quantum
2455 823 2742 880 possumus
2766 846 2781 871 ,
2814 815 2997 860 mente
3038 805 3106 859 ad
3157 819 3313 870 enin,

1724 912 1835 967 vita
1864 921 1920 965 et
1948 908 2218 965 desiderio
2245 914 2408 973 atque
2435 899 2690 971 operibus
2718 939 2736 965 ,
2764 906 2824 951 ut
2849 895 3065 951 tandem
3118 893 3221 948 laeti
3249 895 3327 950 adt

1728 1017 1850 1055 eum
1882 998 2295 1059 contendamus,
2334 993 2451 1063 ipso
2485 990 2650 1053 duce,
2689 989 2779 1058 qui
2822 986 3080 1043 hodierna
3109 986 3194 1041 die
3225 1001 3318 1039 as-

1731 1090 1967 1145 cendens
1992 1089 2043 1143 in
2075 1086 2293 1152 calum,
2319 1084 2472 1140 sedet
2501 1083 2569 1135 ad
2601 1082 2881 1136 dexteram
2907 1077 3082 1134 Patris
3107 1090 3231 1131 eum
3252 1088 3322 1130 eo

1730 1190 1787 1236 et
1834 1178 2038 1247 Spiritu
2085 1185 2276 1232 sancto
2317 1175 2504 1231 vivens
2541 1180 2595 1228 et
2635 1185 2868 1244 regnans
2915 1169 2973 1224 in
3025 1176 3316 1225 sternunt.

1732 1273 1928 1327 Amen.

2266 1355 2548 1412 HOMILIA
2590 1353 2775 1409 LXIX.

2201 1466 2255 1505 IN
2292 1461 2606 1505 ASCENSIONE
2647 1460 2853 1500 DOIINI.

1809 1545 1864 1601 Ν
1867 1543 2104 1600 ocissime
2134 1540 2549 1596 recumbentibus
2576 1538 2815 1590 undecim
2837 1533 3135 1602 discipulis,
3153 1545 3322 1602 appu-

1737 1639 1841 1694 ruit
1872 1637 1980 1691 illis
2008 1634 2165 1689 Jesus
2192 1631 2389 1702 (Marc;
2416 1632 2546 1692 XVI).
2583 1627 2874 1681 Historiam
2909 1624 3198 1679 Dominicis:
3223 1623 3326 1676 As—

1737 1728 2031 1790 censiouis,
2058 1725 2255 1780 fratres
2276 1719 2615 1782 charissimi,
2656 1732 2777 1787 quae
2806 1717 2892 1771 die
2934 1714 3205 1770 celebrata
3240 1722 3326 1767 est

1736 1822 2030 1885 hodierna,
2082 1818 2303 1887 exponit
2366 1814 2417 1868 in
2489 1810 2765 1882 praelibata
2820 1806 3051 1863 lectione
3113 1805 3330 1861 Marcus

1735 1914 2103 1985 Evangelista.
2140 1906 2496 1979 Distinguitur
2539 1912 2719 1959 autem
2762 1898 2923 1955 lectio
2952 1900 3056 1954 ista
3080 1897 3334 1966 capitulis

1738 2022 1858 2063 sex.
1884 2004 2067 2060 Primo
2088 2001 2344 2056 Dominus
2365 2007 2590 2070 apparet
2613 1991 2891 2061 discipulis
2915 1991 3060 2054 suis;
3090 1990 3335 2044 secundo

1737 2115 1833 2155 eos
1866 2098 2143 2165 increpat;
2172 2092 2333 2147 tertio
2360 2107 2454 2145 eos
2485 2089 2736 2153 instruit;
2770 2095 2963 2157 quarto
3009 2097 3167 2154 opem
3200 2097 3332 2151 pro-

1740 2189 1936 2253 mittit;
1969 2187 2158 2257 quinto
2198 2184 2252 2239 in
2284 2181 2479 2238 caelum
2526 2180 2806 2243 ascendit;
2848 2186 3003 2232 sexto
3035 2171 3335 2228 ostendun-

1742 2289 1830 2336 tur
1850 2277 2094 2347 discipuli
2128 2276 2355 2331 Domino
2383 2272 2661 2344 paruisse,
2687 2270 2802 2341 ipso
2842 2274 3189 2338 cooperante.
3230 2262 3338 2318 De-

1750 2372 1941 2430 scribit
1987 2370 2153 2441 igitur
2200 2367 2433 2439 primum
2461 2361 2808 2433 'evangclista
2855 2359 3135 2414 Dominum
3166 2368 3337 2427 appa-

1744 2467 1954 2530 ruisse,
1998 2478 2120 2519 cum
2169 2461 2340 2516 dicit:
2385 2457 2677 2512 Novissime
2730 2451 3178 2514 recumbentibus,
3224 2456 3338 2505 etc.

1748 2558 1921 2613 Porro
1950 2554 2266 2618 notissime,
2299 2552 2352 2605 id
2379 2559 2461 2606 est
2498 2546 2857 2620 quadraginta
2892 2544 3101 2599 dierum
3147 2541 3336 2597 novis—

1748 2649 1888 2704 simo
1913 2647 2035 2712 die,
2066 2646 2118 2701 id
2145 2652 2228 2699 est
2261 2642 2548 2703 hodierno,
2584 2637 2847 2693 Dominus
2885 2633 3135 2704 apparuit
3163 2631 3339 2685 unde-

1751 2743 1855 2798 cim
1888 2738 2168 2809 discipulis
2189 2736 2302 2791 suis
2326 2731 2766 2789 recumbentibus
2786 2743 2906 2783 cum
2930 2727 3083 2781 beata
3105 2723 3340 2793 virgine.

62 2783 263 2840 modum
298 2780 728 2838 admirabantur
755 2774 1046 2829 humanam
1077 2774 1346 2826 naturam,
1369 2758 1546 2829 primo
1570 2754 1651 2809 sie

50 2879 429 2937 humillimam,
462 2872 632 2929 modo
673 2882 833 2937 super
865 2874 1054 2918 omnes
1085 2856 1251 2913 ctelos
1280 2854 1362 2908 sic
1391 2848 1652 2906 sublima-

51 2982 167 3026 tam.
210 2967 571 3025 Desiderium
596 3003 611 3029 ,
649 2958 904 3032 quoniam
947 2949 1326 3008 desiderabant
1369 2955 1493 2997 eum
1537 2946 1652 2992 toto

44 3062 223 3118 allectu
267 3031 738 3125 subsequi,etisi
769 3059 998 3118 corpore
1046 3044 1099 3097 in
1148 3050 1290 3094 terra
1342 3031 1656 3090 retineban-

18 3198 19 3201 η
44 3166 139 3218 tur,
155 3163 337 3207 tamen
361 3166 495 3206 eum
524 3154 709 3202 mente
738 3143 793 3197 in
816 3138 1010 3197 caelum
1034 3132 1417 3202 sequebantur,
1441 3133 1496 3180 et
1518 3135 1645 3181 eum

37 3264 95 3302 eo
138 3247 187 3302 in
233 3244 389 3302 caelo
442 3239 621 3296 simul
675 3232 1016 3291 habitabant.
1048 3226 1212 3296 Spes,
1241 3220 1496 3292 quoniam
1528 3229 1651 3285 spe-

38 3341 223 3393 rabant
255 3351 371 3406 quo
400 3346 578 3390 suum
609 3337 663 3384 et
701 3336 969 3381 summum
999 3324 1161 3385 caput
1189 3308 1642 3382 przeascenderat,

31 3449 86 3488 se
107 3429 375 3487 inferiora
399 3423 665 3479 membra
686 3424 1097 3472 conscensuros.
1117 3406 1180 3460 Et
1205 3404 1330 3457 dum
1355 3400 1469 3453 haec
1493 3396 1651 3453 ﬁunt.

33 3524 161 3578 Ecce
185 3524 297 3576 duo
331 3519 469 3585 viri,
512 3515 571 3571 id
604 3522 689 3568 est
727 3506 900 3578 angeli
927 3506 979 3558 in
1012 3498 1190 3571 specie
1216 3495 1480 3548 virorum.
1520 3489 1653 3549 Duo,

30 3626 85 3672 ut
131 3616 185 3671 in
230 3627 338 3669 ore
386 3609 645 3664 duorum
695 3602 777 3657 vel
806 3601 969 3654 trium
1023 3592 1241 3649 testium
1289 3591 1458 3641 staret
1497 3592 1658 3633 omne

26 3712 249 3764 verbum
284 3705 490 3777 (Deut.
528 3696 673 3768 xu).
701 3694 1014 3754 Astiterunt,
1057 3693 1115 3739 ut
1158 3696 1217 3737 se
1248 3673 1655 3734 cumministros

22 3765 429 3859 ostenderent,
477 3765 653 3862 juxta
696 3785 847 3849 illos,
896 3788 956 3834 ut
988 3775 1236 3831 videlicet
1280 3765 1529 3823 homines
1561 3774 1661 3830 per

22 3892 421 3946 ascensionem
478 3878 699 3937 Christi
741 3876 853 3946 jam
906 3870 1006 3927 sibi
1044 3868 1354 3933 adtequatos
1383 3865 1435 3912 et
1467 3868 1662 3946 appro-

17 3985 247 4054 priatos,
283 3978 785 4034 demonstrarent.
839 3963 987 4020 Unde
1036 3968 1091 4015 et
1128 3956 1193 4011 de
1242 3961 1443 4007 caetero
1492 3959 1551 4001 se
1594 3941 1663 3996 ab

17 4041 346 4132 itominibus
378 4086 503 4125 non
544 4064 867 4136 permittunt
889 4055 1144 4114 adorare,
1175 4045 1279 4112 Qui
1306 4052 1352 4097 et
1376 4041 1661 4093 dixerunt:

23 4168 139 4223 Viri
170 4165 442 4227 Galilazi,
468 4125 615 4230 qu't'd
644 4154 791 4207 statis
817 4148 1123 4217 aspicientes
1161 4140 1216 4193 in
1242 4132 1466 4203 cwlum!
1508 4125 1662 4199 quasi

10 4261 227 4329 stupidi
258 4269 322 4313 et
361 4270 477 4326 per
508 4260 806 4304 excessum
838 4243 890 4294 in
921 4236 1115 4293 omium
1149 4228 1320 4300 rapti?
1348 4225 1451 4278 viri
1482 4230 1662 4275 autem

12 4309 226 4329 ““’”Γ’“““
266 4309 317 4313 ⁷⁷
361 4309 378 4326 ι

9 4362 331 4415 vocantur,
370 4342 665 4415 quoniam
712 4331 1000 4388 virtutibus
1036 4326 1216 4379 viriles
1250 4325 1423 4373 erant.
1460 4309 1665 4369 Galilzei

5 4449 298 4509 dicuntur,
328 4435 566 4508 (ιιιοιιίη
580 4446 631 4483 ιιι
646 4443 740 4496 spe
756 4435 808 4478 et
830 4419 1093 4478 desiderio
1114 4414 1179 4468 ad
1198 4410 1390 4466 caelum
1409 4402 1666 4459 transmi-

5 4493 590 4607 grabant.,S'tatites
622 4493 752 4571 vero
793 4520 966 4568 erant.
999 4509 1167 4573 Quem
1220 4500 1286 4555 ad
1335 4493 1664 4565 sequendum
1698 4522 1749 4581 ο

3 4581 316 4681 lDominum
358 4630 556 4674 suum
606 4617 783 4661 mente
803 4604 913 4674 iam
940 4598 1107 4670 parati
1134 4601 1310 4647 erant.
1348 4588 1487 4651 Quid
1515 4581 1667 4637 statis

4 4717 342 4787 ηρὶεἱεηιεε
378 4712 444 4763 in
479 4699 724 4759 caelum?
746 4695 871 4748 “an
899 4686 1245 4755 interrogatio
1264 4698 1367 4736 non
1390 4688 1471 4733 est
1494 4678 1673 4745 inqui-

6 4772 173 4866 ‘eittis
207 4807 308 4864 vel
348 4794 763 4866 increpantis,
789 4789 880 4844 sed
909 4786 1085 4858 potius
1113 4775 1432 4839 erudientis,
1465 4772 1567 4826 hoc
1589 4775 1673 4824 est

4 4904 139 4972 mod
174 4896 477 4967 sequitur
508 4904 526 4941 :
549 4859 563 4866 -
583 4884 686 4937 Hic
710 4880 864 4934 Jesus
906 4875 995 4947 qui
1025 4879 1327 4938 assumptus
1366 4874 1439 4918 est
1470 4880 1499 4914 α
1529 4859 1672 4914 vobis

2 5018 29 5049 ιι
59 4965 303 5050 caeluni.
335 4982 550 5056 Quasi
588 4978 751 5035 dicat.
783 4989 886 5027 non
918 4965 1238 5038 exspectetis
1265 4976 1405 5015 nunc
1433 4971 1555 5010 eum
1591 4968 1675 5006 rc-

4 5090 245 5141 liturum
274 5053 387 5137 vel
429 5083 763 5138 utinquam.
807 5062 997 5117 Veniet
1029 5059 1170 5114 enim
1200 5070 1305 5108 non
1345 5053 1398 5107 in
1439 5060 1674 5119 praesen-

0 5183 236 5245 Earum,
284 5171 406 5230 sed
440 5169 511 5224 in
560 5163 674 5215 line
710 5158 776 5212 ad
808 5152 1090 5226 judicium.
1141 5147 1316 5200 Veniet
1349 5154 1526 5195 autem
1560 5138 1674 5198 sic,

6 5227 507 5324 uemad'modum
558 5248 774 5303 vidistis
798 5258 914 5297 eunt
955 5249 1157 5292 euntem
1189 5236 1239 5287 in
1272 5232 1482 5293 caelum,
1511 5227 1562 5281 id
1591 5234 1675 5279 est

0 5382 42 5419 a
75 5368 347 5430 aperte,
385 5354 478 5405 ita
541 5340 825 5414 gloriose,
859 5335 931 5388 ita
967 5345 1090 5385 eum
1138 5324 1403 5387 nubibus,
1435 5320 1505 5373 ita
1552 5333 1673 5371 cum

856 5426 865 5430 -
1056 5418 1103 5430 ..
1193 5414 1206 5430 .
1400 5420 1441 5430 ﬂ
1499 5407 1649 5430 ,νη-Α,

2 5407 346 5510 suismet-vi;
397 5407 800 5508 angemrum,
854 5426 927 5478 ita
986 5418 1135 5473 vobis
1176 5413 1351 5468 dulcis
1393 5420 1448 5465 et
1499 5407 1672 5463 laetus.

0 5562 153 5603 tuam
181 5550 257 5598 ut
292 5550 425 5594 nos
461 5501 718 5599 q'uoque
743 5532 867 5574 cum
894 5513 1027 5585 ipsis
1056 5509 1161 5564 laati
1191 5514 1246 5561 et
1282 5502 1457 5560 securi
1494 5501 1676 5554 videre

0 5609 364 5698 iereamur;
405 5625 630 5681 simus
672 5610 891 5668 interim
938 5606 1078 5660 sicut
1131 5610 1187 5657 et
1214 5599 1353 5669 ipsi,
1387 5595 1486 5648 viri
1517 5591 1676 5661 spiri-

0 5682 673 5793 iaiivliii-swv'irtutibus;
715 5704 884 5759 simus
913 5693 1154 5757 Galilmi,
1182 5706 1278 5760 spe
1322 5697 1377 5743 et
1413 5682 1678 5741 desiderio

0 5773 359 5884 Γέἆῖέειίο
400 5798 936 5866 transmigrantes;
971 5788 1138 5840 simus
1185 5787 1390 5834 stantes
1420 5783 1469 5829 et
1505 5773 1675 5842 parati

1749 2833 2070 2901 ueterisque
2094 2827 2253 2883 simul
2278 2841 2398 2881 eum
2420 2824 2501 2879 eis
2515 2818 2984 2878 conversantibus.
3018 2814 3128 2870 Nec
3158 2813 3338 2869 solum

1752 2928 1833 2983 eis
1874 2923 2155 2995 apparuit,
2185 2920 2278 2976 sed
2300 2918 2463 2974 etiam
2496 2924 2636 2970 teste
2672 2911 2779 2967 alio
2808 2907 3171 2979 evangelista,
3211 2917 3341 2959 eum

1752 3020 1835 3074 eis
1862 3015 2149 3071 mauducat
2176 3011 2327 3083 (Luc.
2362 3008 2535 3073 xxiv).
2571 3004 2678 3060 Sed
2714 3015 2918 3072 quare,
2964 2999 3163 3053 fratres
3202 2995 3343 3061 mei.

1753 3111 2013 3168 Dominus
2050 3121 2172 3161 mox
2202 3105 2254 3158 iu
2286 3102 2485 3158 caelum
2516 3110 2872 3160 ascensurus,
2898 3108 3021 3148 cum
3048 3107 3154 3146 non
3197 3089 3341 3144 iudi-

1680 3184 1725 3246 (ἶ
1756 3211 1930 3273 geret,
1961 3196 2338 3254 manducavit?
2368 3193 2448 3250 0b
2501 3202 2611 3246 tres
2653 3200 2867 3245 causas.
2913 3183 2985 3239 Ut
3029 3198 3125 3253 per
3161 3194 3351 3237 come-

1757 3293 1987 3349 Slinttent
2008 3289 2290 3344 veritatem
2307 3284 2493 3340 carnis
2514 3296 2645 3348 stur,
2668 3294 2831 3352 quam
2854 3277 2907 3331 in
2931 3275 3068 3330 cmlo
3084 3272 3346 3330 sublima-

1759 3393 1910 3438 turus
1938 3388 2089 3441 erat,
2119 3378 2554 3436 demonstraret,
2592 3377 2651 3422 ιιι
2678 3382 2802 3421 mox
2846 3377 3165 3419 recessurus
3210 3360 3347 3414 dile-

1758 3476 1860 3531 ctis
1909 3473 2023 3527 suis
2066 3469 2426 3525 desideratam
2480 3477 2592 3518 suae
2648 3459 2945 3531 praesentiae
2994 3453 3236 3524 capiam,
3286 3452 3342 3507 in

1760 3574 2003 3620 extremo
2034 3560 2235 3630 largius
2262 3557 2545 3613 exhiberet
2572 3594 2587 3617 ,
2613 3562 2671 3606 ut
2705 3548 2988 3606 cltaritatis
3024 3544 3352 3600 dulcedinis-

1760 3669 1865 3725 que
1889 3668 1999 3708 sua:
2019 3648 2334 3705 memoriam
2358 3646 2411 3701 in
2431 3658 2646 3701 suorum
2674 3639 2980 3713 pectoribus
3002 3652 3100 3708 per
3118 3636 3346 3691 extremi

1762 3745 2183 3802 familiaritatem
2213 3738 2443 3796 convivii
2490 3735 2694 3790 arctius
2726 3732 2996 3801 inﬁgeret.
3051 3729 3352 3784 Penseuuts

1762 3853 1911 3909 ergo,
1938 3835 2162 3894 fratres,
2202 3838 2419 3902 quantze
2460 3825 2704 3898 pietatis,
2734 3831 3061 3892 quanta!th
3101 3819 3351 3874 dulcedi-

1765 3930 1851 3986 nis
1904 3929 2065 3983 fuerit
2114 3926 2254 3981 istud
2306 3932 2608 3978 extremum
2657 3915 2957 3972 convivium
3009 3913 3352 3966 hodiernum.

1766 4018 2229 4089 Quemadmodum
2261 4026 2495 4082 namque
2536 4008 2729 4078 aliquis
2759 4001 3161 4074 paterfamilias.
3197 4014 3350 4069 pere-

1768 4128 1861 4183 gre
1885 4105 2476 4182 profecturus,suisque
2504 4099 2621 4153 vale
2639 4099 2906 4156 facturus,
2922 4107 3048 4145 suos
3069 4090 3277 4143 amicus
3295 4096 3353 4143 et

1768 4202 2061 4258 familiares
2107 4202 2399 4253 convocat'
2436 4206 2557 4246 eum
2584 4187 2665 4242 eis
2706 4194 3007 4240 extremum
3045 4180 3355 4234 convivium

1769 4298 2029 4360 celebrat,
2051 4291 2130 4346 eis
2177 4289 2439 4358 majorem
2485 4283 2555 4339 in
2592 4282 2695 4334 line
2742 4274 3082 4330 dilectionem
3124 4272 3353 4325 demonv

1770 4400 2085 4457 strat,cum
2132 4385 2200 4439 de
2250 4381 2410 4437 rebus
2460 4375 2571 4433 suis
2599 4372 2847 4434 ordinati,
2886 4369 2957 4421 ita
3010 4364 3137 4417 facit
3189 4362 3357 4417 hodie

1772 4478 2032 4533 Dominus
2056 4481 2112 4527 et
2140 4471 2468 4535 Redemptor
2498 4470 2683 4515 noster
2704 4497 2720 4521 ,
2766 4457 2818 4510 in
2867 4452 3061 4508 ctelum
3093 4463 3358 4501 ascensu-

1777 4584 1910 4632 rus,
1964 4580 2087 4621 cum
2137 4562 2299 4617 chara
2348 4564 2522 4611 matre
2570 4548 2856 4616 charisque
2914 4540 3191 4608 discipulis
3241 4540 3361 4591 suis

1771 4670 2072 4716 extremum
2100 4649 2403 4708 convivium
2428 4639 2751 4702 celebravit';
2770 4638 2850 4691 eis
2872 4633 3129 4698 maiorem
3165 4630 3218 4683 in
3250 4630 3356 4681 ίίιω

1773 4752 2119 4807 dilectionem
2153 4739 2425 4800 exhibuit.
2461 4734 2597 4801 Quid
2629 4740 2752 4803 post
2787 4726 3156 4781 ascensionem
3198 4738 3353 4775 suam

1773 4854 1936 4909 agere
1993 4836 2251 4892 deberent
2309 4822 2612 4899 praecepit,
2682 4827 2740 4872 ut
2795 4811 3074 4883 sequentia
3134 4809 3356 4863 demon-

1773 4940 1968 4988 strant.

1845 5022 2100 5093 Sequitur
2128 5031 2252 5088 pars
2279 5009 2672 5073 secunda,cum
2703 5001 2983 5058 subditur:
3010 4995 3357 5065 Exprobmsit

1774 5117 1881 5172 illis
1904 5085 2322 5168 incredulitatem
2337 5103 2545 5155 illorum
2567 5107 2612 5152 et
2637 5094 2887 5171 duritiam
2910 5088 3108 5151 cordis,
3130 5087 3253 5157 quia
3274 5085 3363 5139 his

1774 5211 1862 5281 qui
1888 5209 2123 5262 viderant
2158 5213 2276 5253 eum
2318 5191 2661 5248 resurrexisse
2699 5203 2731 5239 tt
2770 5184 3020 5245 mortuis,
3068 5196 3169 5233 non
3198 5179 3360 5232 credi-

1776 5273 1983 5355 iterant.
2012 5291 2352 5362 Exprobrare
2399 5291 2483 5337 est
2529 5280 2718 5333 vitium
2764 5275 2921 5327 alicui
2971 5273 3363 5340 improperare'.

1777 5394 1947 5449 Porro
1980 5387 2349 5456 itnproperant
2380 5373 2601 5445 quidam
2634 5367 2808 5438 palam
2841 5362 3039 5432 aliqui,
3068 5373 3226 5429 quem
3252 5370 3365 5410 non

1779 5485 2029 5555 diligunt,
2055 5446 2247 5530 viti-um
2279 5484 2462 5532 suum,
2507 5478 2670 5520 causa
2701 5459 2807 5513 odii
2851 5465 2904 5510 et
2946 5446 3364 5510 diffamatiouis;

1777 5539 1920 5648 quoi]
1952 5587 2055 5627 non
2106 5568 2341 5625 bonum,
2370 5560 2481 5614 imo
2510 5553 2803 5610 maximum
2836 5545 3031 5601 malum
3062 5549 3165 5596 est.
3194 5539 3367 5593 Caetev

1778 5632 1899 5727 rum
1929 5666 2022 5739 qui
2064 5656 2273 5718 Domini
2330 5653 2446 5709 vult
2498 5643 2803 5716 exemplum
2853 5638 3037 5709 sequi,
3066 5632 3365 5704 exprobret

1778 5724 2051 5835 peccalori
2098 5753 2283 5811 vitium
2330 5760 2485 5803 suum
2514 5735 2885 5797 familiariter,
2926 5730 3037 5787 sola
3083 5724 3366 5782 t-haritatis
