3822 6316
564 353 703 417 ⁸92⁸

1488 354 1832 411 ADDENDA.
1870 383 1938 395 -ο
1970 352 2318 410 RADULPHI
2350 355 2693 413 ARDENTIS
2728 402 2733 403 κ

3628 376 3713 436 illi

562 466 1017 540 correctionisque
1051 482 1235 525 causa.
1272 466 1628 537 Esprobratio
1680 484 1927 539 namque.
1956 468 2137 538 palam
2169 473 2214 530 Α
2243 468 2414 536 Ecce,
2469 470 2699 537 fratres,
2750 484 2909 541 quam
2968 487 3202 542 magnus
3234 489 3401 546 ager,
3440 491 3568 547 quam
3598 496 3717 555 pauci,

562 564 726 627 facta,
752 563 1009 632 quoniam
1040 578 1143 618 non
1171 577 1237 615 ex
1274 561 1421 615 fonte
1450 562 1756 623 charitatis,
1784 562 1877 617 sed
1913 561 2021 617 odii
2054 562 2136 614 vi-

563 656 720 708 detur
746 669 967 709 ritauare
985 692 1001 718 ,
1027 662 1365 722 peccatorem
1398 667 1502 705 non
1534 652 1824 705 emendare
1849 652 1984 707 solet
2001 692 2015 715 ,
2043 652 2139 706 sed

563 746 741 814 potius
781 760 1098 814 provocare.
1138 744 1242 796 Sed
1284 741 1630 809 exprobratio
1678 756 1921 796 seorsum
1961 742 2136 807 facta,

563 838 688 907 quia
719 838 785 891 de
811 839 952 893 bono
978 837 1093 892 zelo
1115 836 1404 905 procedere
1430 834 1663 900 videtur,
1679 843 2018 906 peccatorem
2044 851 2144 889 no-

564 930 649 983 bis
671 928 872 983 amicat
892 937 948 982 et
973 927 1245 983 emendat.
1280 924 1422 980 Sane
1452 940 1556 979 non
1595 926 1771 981 omnis
1807 927 1897 996 qui
1941 926 2139 996 aliquid

563 1033 671 1072 non
700 1020 870 1074 credit
897 1017 1202 1073 incredulus
1238 1026 1353 1081 est,
1384 1017 1480 1071 sed
1510 1015 1597 1071 ille
1631 1031 1759 1071 vero
1800 1018 2018 1074 nomino
2053 1019 2142 1072 in-

564 1114 818 1170 credulus
846 1115 950 1167 dici
976 1120 1154 1184 potest
1175 1112 1267 1182 qui
1299 1127 1405 1166 non
1434 1112 1613 1167 credit
1638 1112 1782 1182 quod
1802 1113 2025 1167 credere
2052 1114 2145 1168 de-

566 1207 684 1269 bet,
718 1206 1011 1276 praesertim
1051 1219 1172 1259 cum
1202 1203 1472 1258 sulliciens
1515 1204 1885 1257 testimonium
1918 1202 2143 1294 habeat.

566 1298 798 1368 cuijure
823 1299 980 1353 fidem
1025 1299 1216 1354 debeat
1258 1299 1535 1353 adbibere.
1584 1297 1780 1364 Quales
1832 1298 1983 1353 fuere
2017 1300 2141 1367 qui-

564 1388 686 1441 dam
711 1388 1096 1457 discipulorum
1117 1429 1132 1454 ,
1161 1387 1249 1457 qui
1283 1386 1568 1442 Dominum
1611 1403 1740 1443 vere
1779 1392 2145 1446 resurrexisse

568 1495 674 1533 non
704 1481 1015 1545 credebant,
1048 1480 1173 1534 licet
1195 1480 1286 1532 alii
1318 1480 1585 1550 discipuli,
1616 1482 1706 1550 qui
1734 1482 2143 1551 Dominumjam

568 1570 866 1623 redivivum
894 1570 1159 1635 viderant,
1188 1578 1570 1634 tractaverant,
1594 1582 1647 1624 et
1672 1587 1792 1626 cum
1819 1587 1885 1627 eo
1911 1572 2142 1626 mandu-

565 1671 821 1715 eaverant
864 1672 916 1716 et
970 1663 1246 1726 biberant,
1276 1663 1355 1715 eis
1403 1662 1689 1717 Dominica:
1731 1666 2143 1720 resurrectionis

566 1752 837 1808 suﬁiciens
883 1754 1248 1808 testimonium
1303 1754 1529 1810 ferrent.
1584 1753 1743 1810 Tales
1778 1771 1988 1826 quoque
2018 1767 2143 1810 sunt

2241 560 2448 616 colonis
2503 562 2729 616 traditur
2772 565 2839 617 ad
2888 564 3195 621 colendum.
3229 567 3300 621 Et
3345 584 3523 625 revera
3552 576 3717 643 00mth

2240 654 2367 708 alibi
2418 654 2569 709 dicit.
2619 654 2806 710 Messis
2860 658 3072 725 quidem
3114 657 3322 723 multa,
3385 667 3579 729 ορατιήὲ
3610 686 3716 731 Πειρη

2238 747 2391 815 pauci
2443 745 2596 815 (Luc.
2651 748 2732 815 ι).
2780 747 3070 818 Propterea
3122 732 3456 819 prohibetur
3491 757 3553 810 eis
3583 774 3631 814 ne
3658 765 3720 820 ali-

2240 838 2369 906 quid
2402 836 2579 892 ferant
2619 840 2671 892 in
2706 839 2823 904 via,
2857 849 2909 893 et
2941 855 3007 895 ne
3054 840 3292 910 aliquem
3346 844 3582 913 salutent,
3611 863 3649 905 ut
3672 858 3720 908 vi.

2243 927 2437 984 delicet
2460 929 2711 997 expedite
2735 939 2793 984 et
2837 930 2958 984 sine
3003 934 3362 987 cunctatione
3390 935 3716 1007 proﬁciscantur,

2242 1028 2299 1073 et
2318 1018 2553 1087 injuncte
2581 1020 2979 1089 praedicationis
3003 1020 3240 1077 cilicium
3278 1023 3575 1081 festinanter
3598 1047 3717 1098 prose.

2244 1122 2499 1183 quantur.
2527 1112 2631 1167 Sed
2656 1121 2712 1169 et
2740 1114 2793 1167 in
2819 1114 2922 1168 hoc
2958 1114 3114 1170 nobis
3141 1116 3478 1185 sequacibus
3513 1122 3720 1187 pradicant

2245 1203 2396 1258 ribus
2418 1205 2735 1274 proponitur
2780 1206 3085 1275 exemplum
3108 1247 3124 1270 ,
3149 1222 3219 1261 ne
3266 1223 3373 1262 nos
3411 1209 3642 1269 honoribus
3661 1232 3723 1271 se.

2244 1294 2507 1349 cularium
2571 1295 2910 1364 negotiorum
2970 1312 3295 1363 oneremus;
3356 1314 3433 1353 ne
3490 1299 3721 1362 fabulation-

2244 1387 2344 1441 bus
2406 1395 2461 1442 et
2530 1387 2852 1456 vaniloquiis
2935 1398 3146 1458 tempus
3223 1406 3619 1461 consummas,
3665 1402 3723 1452 sed

2245 1478 2491 1547 expedite
2522 1487 2575 1532 et
2606 1476 2927 1534 festinanter
2967 1479 3144 1534 cilicio
3172 1481 3562 1549 prmdicationis
3587 1484 3722 1540 insista-

2248 1585 2387 1623 mus.
2412 1567 2727 1633 Prwdicate,
2765 1570 2961 1639 inquit,
3000 1570 3380 1641 Esaugelium,
3410 1587 3509 1626 non
3530 1574 3643 1628 aliam
3661 1577 3722 1631 do-

2248 1661 2503 1715 ctrinam.
2534 1661 2589 1715 In
2620 1677 2727 1731 quo
2748 1662 3153 1718 confunduntur
3179 1664 3255 1718 illi
3287 1664 3417 1735 qui,
3454 1666 3609 1719 omissa
3626 1684 3724 1724 me.

2256 1751 2427 1822 gelica
2473 1751 2740 1816 doctrina,
2776 1767 2843 1807 ex
2883 1768 2942 1808 se
2991 1762 3047 1809 et
3082 1754 3260 1809 aliena
3290 1756 3453 1824 {nova
3496 1771 3726 1825 praesumunt

567 1858 735 1911 usque
755 1844 916 1897 hodie
963 1844 1145 1897 miseri
1185 1844 1353 1898 Judaei
1377 1884 1392 1909 ,
1420 1846 1508 1914 qui
1539 1860 1634 1899 nec
1675 1821 2141 1916 propter‘suorum
2176 1821 2220 1879 Β
2249 1821 2461 1911 populis
2489 1842 2823 1910 prtedicare;
2855 1858 2977 1898 cum
3005 1844 3147 1899 dicat
3189 1821 3467 1899 Dominus
3491 1821 3569 1914 per
3586 1851 3725 1917 prophe-

566 1936 975 2003 prophetarum,
1016 1950 1116 1989 nec
1159 1944 1381 2004 propter
1418 1935 1783 2005 apostolorum
1820 1946 1874 1990 et
1909 1952 2143 2008 evange-

568 2024 850 2089 listarum,
894 2039 994 2078 nec
1052 2035 1272 2095 propter
1320 2026 1595 2096 signorum
1657 2027 2145 2097 miraculorumque

568 2115 871 2175 testimonia
912 2115 1245 2169 Dominicum
1298 2119 1519 2171 credere
1570 2117 1755 2172 volunt
1792 2124 2143 2174 resurrectio-

568 2218 711 2256 nem.
755 2203 1005 2258 Nascitur
1050 2212 1229 2258 antem
1273 2205 1396 2259 talis
1453 2206 1800 2261 incredulitas
1848 2224 1913 2263 ex
1967 2211 2145 2266 cordis

566 2294 969 2364 duritia,quod
1000 2295 1129 2349 nulli
1186 2296 1409 2351 credere
1469 2297 1579 2351 vult
1630 2298 1727 2351 nisi
1776 2300 1914 2367 sibi,
1953 2312 2146 2370 putans

566 2402 754 2441 omnes
782 2398 976 2455 printer
1004 2402 1061 2441 se
1093 2398 1185 2441 aut
1210 2388 1464 2457 deceptos
1506 2398 1598 2443 aut
1631 2389 1799 2445 falsos
1828 2408 1968 2447 esse.
1998 2394 2143 2461 Sed,

568 2476 765 2531 fratres
790 2478 913 2542 mei,
949 2478 1086 2531 sicut
1117 2479 1279 2531 stulta
1301 2480 1591 2534 credulitas
1638 2492 1721 2536 est
1769 2483 1991 2538 cuilibet
2018 2501 2144 2539 cre-

569 2569 717 2629 dere.
744 2569 816 2622 ita
847 2583 1009 2636 prava
1048 2568 1397 2624 incredulitas
1432 2580 1515 2625 est
1545 2572 1677 2626 nulli
1710 2574 1953 2629 credere.
1987 2575 2140 2631 Unde

570 2659 833 2713 Joannes:
857 2657 1056 2725 Nolite,
1076 2660 1269 2728 inquit,
1286 2662 1427 2715 omni
1448 2663 1656 2731 spiritui
1677 2665 1903 2732 credere,
1918 2668 2007 2720 sed
2026 2683 2150 2736 pro-

574 2753 689 2805 bate
705 2752 919 2820 spiritus
945 2768 1011 2803 an
1029 2767 1093 2805 ex
1117 2750 1220 2805 Deo
1241 2754 1342 2806 sint
1358 2752 1407 2823 (Ι
1427 2752 1587 2807 Joan.
1614 2756 1708 2824 tv).
1724 2757 1884 2823 Quasi
1908 2758 2143 2813 diceret:

571 2841 859 2911 Postquam
906 2842 1259 2911 probaveriiis
1294 2844 1437 2912 quod
1480 2845 1703 2914 spiritus
1739 2862 1806 2902 ex
1847 2848 1956 2903 Deo
2004 2850 2145 2914 sint,

570 2938 653 2991 eis
696 2936 852 2991 fidem
880 2937 1147 2991 adhibete.
1174 2934 1313 3001 Sed,
1352 2938 1546 2993 fratres
1574 2941 1675 2993 mei
1701 2979 1716 3003 ,
1751 2956 1919 3009 quare
1958 2942 2141 2995 Domi-

574 3045 676 3083 nus
694 3028 894 3083 electos
920 3029 1211 3097 discipulos
1245 3044 1370 3084 suos
1409 3031 1655 3099 permisit
1686 3032 1751 3085 de
1780 3050 1874 3087 sua
1900 3048 2148 3089 resurre-

572 3122 750 3175 ctione
774 3120 953 3174 tandiu
978 3120 1254 3175 dubitare?
1274 3120 1387 3175 Non
1416 3122 1529 3176 haec
1554 3121 1777 3185 frustra.
1803 3123 1895 3178 sed
1922 3125 2143 3192 provida

570 3223 627 3266 et
654 3212 767 3266 utili
798 3212 952 3267 nobis
976 3213 1089 3266 hmc
1115 3213 1359 3281 permisit
1386 3213 1812 3283 dispensatione.
1841 3214 1967 3270 Plus
1989 3216 2145 3273 nobis

563 3305 767 3375 quippe
795 3304 1111 3374 profuerunt
1140 3304 1213 3359 illi
1250 3306 1340 3375 qui
1380 3306 1530 3359 tarde
1557 3316 1613 3360 et
1651 3307 1737 3360 vix
1766 3307 2143 3375 crediderunt,

569 3409 734 3462 quam
784 3394 857 3448 illi
902 3394 992 3463 qui
1028 3394 1208 3449 statim
1265 3394 1630 3449 crediderunt.
1676 3395 1892 3451 Creduli
1953 3411 2147 3466 nempe

573 3482 733 3539 facile
761 3484 1005 3547 credunt,
1029 3485 1193 3539 etiam
1221 3485 1297 3539 rei
1323 3483 1557 3539 nondum
1588 3485 1849 3554 probatae.
1878 3486 2147 3544 lncreduli

574 3586 701 3627 vero
738 3582 959 3628 econtra
1005 3574 1081 3628 rei
1136 3574 1463 3629 multimodis
1491 3578 1729 3644 probatas
1776 3577 1864 3631 vix
1921 3579 2146 3635 credere

572 3664 776 3718 volunt.
792 3664 921 3731 Quis
936 3679 1065 3732 ergo
1083 3680 1188 3719 non
1205 3666 1392 3720 credat
1411 3667 1552 3735 quod
1568 3668 1731 3722 etiam
1755 3667 2018 3725 increduli
2040 3685 2145 3725 non

574 3758 794 3811 credere
812 3772 915 3811 non
934 3758 1255 3827 potuerunt?
1269 3756 1399 3823 Quis
1414 3772 1521 3812 non
1542 3759 1729 3813 credat
1746 3758 1887 3828 quod
1913 3760 2147 3817 Thomas

573 3848 883 3903 incredulus
905 3847 1017 3901 visu
1031 3848 1294 3917 propriori
1314 3857 1369 3901 et
1390 3856 1677 3903 attrectatu
1693 3864 1882 3904 manus
1905 3848 2146 3920 diligenti

573 3943 793 3997 credere
819 3940 1125 4010 compulsus
1142 3942 1255 3994 est?
1278 3941 1410 4008 Quis
1441 3957 1544 3995 non
1578 3940 1762 3997 credat
1786 3942 1927 4010 quod
1952 3941 2148 3998 Paulus

573 4030 879 4086 incredulus
921 4040 977 4085 et
1030 4029 1150 4085 fidei
1195 4040 1534 4099 persecutor,
1569 4046 1597 4084 a
1630 4030 1854 4087 Domino
1910 4033 2011 4088 sibi
2066 4034 2146 4088 lo-

572 4130 774 4189 quente
798 4131 1456 4189 prostratus,exca:catus,
1477 4132 1530 4175 et
1551 4132 1669 4192 post
1704 4122 1773 4177 ab
1810 4125 1997 4179 eodem
2023 4125 2149 4179 rcil-

575 4212 871 4266 luminatus
898 4213 1117 4267 credere
1148 4223 1367 4269 coactus
1396 4214 1515 4269 est?
1553 4216 1689 4284 (Act.
1725 4214 1826 4285 ιχ.)
1850 4216 2148 4272 Credamus

574 4317 727 4369 ergo,
759 4302 977 4369 fratres,
1002 4303 1203 4372 absque
1234 4304 1570 4360 dubitatione
1593 4307 1734 4375 quod
1762 4308 1927 4362 etiam
1966 4310 2147 4365 incre«

577 4392 686 4467 duli
710 4392 1087 4457 crediderunt,
1128 4402 1183 4447 et
1215 4408 1439 4461 agamus
1486 4394 1594 4449 Deo
1629 4398 1863 4464 gratias,
1898 4402 1988 4467 qui
2028 4400 2149 4455 ideo

2172 3164 2220 3232 Ο

2246 1943 2357 1986 tam
2388 1949 2401 1985 :
2431 1931 2785 1986 Annuntiabis
2810 1933 2883 1988 eis
2913 1950 2978 1987 ea:
3002 1950 3081 1986 me
3110 1933 3333 2003 (Emit.
3361 1936 3473 2003 tu).
3505 1935 3721 1991 Omitte:-

2244 2025 2399 2081 turre,
2433 2017 2485 2070 id
2530 2025 2612 2071 est
2642 2018 2870 2082 homini,
2900 2028 3123 2089 propter
3150 2036 3315 2089 quem
3360 2022 3532 2075 omnis
3565 2038 3714 2079 creator:

2243 2106 2387 2159 facta
2419 2113 2520 2170 est,
2548 2116 2603 2160 et
2650 2106 2703 2160 iu
2734 2122 2841 2175 quo
2879 2109 3058 2163 omnis
3084 2120 3340 2163 creatura
3374 2125 3473 2179 per
3514 2122 3723 2168 naturam

2243 2199 2714 2269 participationem
2759 2209 3009 2253 contenta
3041 2210 3147 2255 est.
3180 2200 3365 2258 liabet
3389 2203 3526 2256 enim
3547 2220 3725 2260 essetam

2246 2288 2533 2357 lapidibus,
2568 2289 2752 2344 vivere
2782 2305 2903 2343 cum
2930 2293 3240 2357 arboribus,
3279 2294 3492 2348 sentire
3515 2311 3611 2349 cum
3627 2310 3728 2365 pecs-

2248 2378 2402 2433 dibns
2430 2396 2445 2444 ;
2473 2380 2780 2434 discernere
2806 2395 2928 2434 cum
2950 2385 3177 2445 angelis.
3210 2384 3415 2455 Itaque
3446 2384 3727 2457 fratresqu-

2248 2472 2392 2524 niam
2418 2481 2638 2541 propter
2664 2488 3037 2531 excellentiam
3058 2478 3237 2531 omnis
3262 2488 3515 2532 creatura
3538 2494 3730 2541 vocanti:

2246 2562 2542 2616 dominium
2568 2566 2709 2633 quod
2749 2581 2815 2620 ex
2838 2577 3030 2621 natura
3059 2584 3225 2637 super
3249 2579 3533 2625 creaturas
3553 2572 3731 2626 halt-ass

2248 2651 2484 2706 moribus
2514 2654 2888 2723 vindicemus;
2944 2658 3293 2713 dominemur
3325 2660 3490 2715 rebus
3518 2662 3732 2729 temporali.

2246 2742 2342 2796 bus
2373 2758 2471 2812 per
2517 2757 2719 2801 rectum
2748 2762 2927 2815 usum,
2965 2758 3284 2821 rectamque
3327 2754 3731 2822 dispensationem;

2247 2850 2351 2889 non
2374 2836 2673 2893 subdamus
2701 2855 2797 2895 nos
2823 2842 3051 2911 turpiter
3084 2843 3209 2907 illis,
3243 2855 3304 2897 ut
3341 2846 3550 2914 quidam
3574 2844 3732 2907 faciunt,

2245 2940 2342 2995 per
2389 2928 2741 2997 cupiditatem
2791 2941 2846 2985 et
2872 2934 3159 2987 avaritiam
3187 2952 3202 2988 :
3235 2935 3305 2988 de
3345 2936 3613 3005 cujusmodi
3648 2937 3736 2989 scri-

2245 3026 2394 3087 ptum
2424 3027 2544 3073 est:
2581 3017 2751 3074 Homo
2774 3038 2890 3075 cum
2916 3022 2971 3075 in
3003 3025 3198 3077 honore
3221 3035 3379 3090 esset,
3419 3041 3517 3077 non
3542 3025 3730 3089 insiluit,

2249 3122 2579 3179 comparatus
2627 3123 2701 3165 est
2722 3112 2973 3180 jumentis
3021 3117 3386 3184 insipientibus
3424 3128 3475 3173 et
3520 3120 3658 3172 similis
3683 3117 3741 3183 fs-

2249 3211 2359 3255 ctus
2386 3212 2460 3257 est
2490 3204 2594 3258 illis
2622 3202 2794 3274 (Psal.
2825 3208 3034 3277 sntit).
3066 3209 3239 3275 Quam
3269 3219 3454 3265 autem
3482 3213 3739 3281 acquiesca-

2250 3300 2337 3349 tes
2363 3296 2731 3363 praedicationi
2761 3297 3047 3353 utilitatem
3075 3313 3499 3371 consequantur,
3520 3304 3744 3357 ostenditur

2247 3398 2369 3438 cum
2393 3384 2732 3457 subjungitur
2762 3405 2777 3442 :
2818 3386 2921 3453 Qui
2959 3390 3236 3444 crediderit
3271 3400 3322 3445 et
3374 3394 3639 3462 baptizatus
3665 3394 3742 3458 [st-

2248 3475 2341 3539 rit,
2372 3481 2549 3530 salvus
2587 3479 2704 3531 erit.
2734 3478 2803 3531 At
2828 3478 2959 3532 dicit
2985 3479 3215 3549 aliquis:
3246 3481 3357 3552 Ego
3380 3484 3543 3537 credo
3559 3492 3606 3538 et
3628 3482 3748 3550 bapti-

2249 3575 2401 3621 zatus
2426 3582 2568 3629 sunt,
2598 3583 2727 3638 ergo
2754 3569 2935 3624 salvus
2960 3586 3075 3626 ero.
3127 3570 3348 3641 Verum,
3376 3574 3542 3629 frater
3578 3575 3698 3632 dicis.
3716 3575 3744 3626 si

2247 3667 2407 3714 tenes
2435 3669 2650 3727 pactum
2682 3662 2822 3731 quod
2862 3662 2914 3716 in
2950 3661 3223 3731 baptismo
3248 3667 3516 3735 pepigisti.
3549 3666 3599 3721 lu
3629 3666 3750 3732 bapti-

2250 3762 2367 3803 smo
2396 3750 2597 3819 quippe
2628 3751 2921 3819 promisisti
2968 3761 3018 3805 te
3043 3752 3542 3809 abrenuntiaturum
3572 3755 3746 3812 diabolo.

2249 3841 2459 3910 pompis
2479 3851 2534 3895 et
2577 3843 2831 3912 operibus
2855 3844 2991 3913 ejus.
3024 3844 3081 3898 Si
3111 3855 3290 3901 autem
3319 3848 3383 3901 ad
3421 3862 3577 3917 opera
3607 3844 3750 3900 diaboli

2252 3929 2497 3999 relapsus
2524 3946 2601 3995 es,
2644 3943 2859 4001 pactum
2906 3934 3136 4003 fregisti,
3177 3946 3232 3991 et
3261 3936 3386 3991 fides
3415 3948 3469 3991 et
3510 3938 3749 4005 baptismus

2251 4022 2346 4076 tibi
2397 4022 2599 4077 inutilis
2641 4023 2815 4077 factus
2871 4034 2975 4078 est.
3028 4026 3309 4097 Scriptum
3364 4039 3444 4083 est
3497 4030 3647 4082 enim.
3682 4025 3753 4089 Qui

2250 4114 2543 4182 baptizatur
2568 4133 2598 4167 ο
2622 4125 2847 4180 mortuo,
2876 4127 2923 4170 et
2945 4118 3134 4171 iterum
3165 4123 3328 4189 tangit
3347 4120 3513 4183 illum,
3541 4120 3654 4187 quid
3670 4134 3751 4185 pro-

2250 4205 2357 4259 dest
2388 4207 2435 4259 ei
2474 4207 2667 4259 lavatio
2710 4207 2823 4275 ejus
2852 4210 2877 4261 .’
2900 4208 3092 4277 (Eccli.
3126 4213 3334 4276 xxxtv.)
3375 4211 3530 4265 Fides
3567 4224 3753 4279 quoque.

2250 4306 2387 4352 teste
2413 4297 2751 4363 Jacob0,sine
2796 4301 3035 4369 operibus
3090 4313 3295 4356 mortua
3343 4314 3429 4357 est.
3467 4302 3663 4369 (Iacob.
3697 4308 3753 4355 n.I

2252 4388 2450 4444 Paulus
2481 4391 2642 4445 etiam
2695 4393 2760 4446 de
2781 4392 3128 4447 credentibus
3160 4404 3217 4447 et
3243 4409 3392 4462 opera
3423 4392 3544 4448 fidei
3586 4407 3678 4445 non
3704 4388 3755 4441 (a-

579 4466 870 4553 diacipulos
895 4498 1019 4538 suos
1046 4483 1291 4539 dubitare
1323 4483 1513 4549 voluit,
1543 4500 1612 4538 ne
1636 4501 1733 4540 nos
1755 4466 2143 4545 dubitaremus.
2175 4500 2222 4559 ι)
2253 4483 2547 4546 Cielttibus.
2604 4484 2701 4550 ait,
2744 4483 3070 4551 Conﬁtentur
3132 4487 3295 4539 verbis
3335 4503 3384 4539 se
3426 4502 3573 4538 nosse
3616 4483 3752 4535 Deae.

576 4573 699 4629 ldeo
727 4589 821 4630 eos
844 4576 910 4629 ad
936 4584 1143 4645 tempus
1197 4575 1500 4631 incredulos
1548 4592 1668 4632 esse
1700 4578 1902 4644 voluit,
1936 4596 2004 4635 ne
2048 4596 2146 4638 nos

578 4664 839 4719 increduli
866 4681 1127 4721 essemus.

652 4755 909 4825 Sequitur
936 4772 1060 4825 pars
1100 4758 1256 4811 tertia
1278 4796 1293 4819 .
1324 4758 1377 4811 in
1410 4771 1513 4825 qua
1553 4757 1811 4814 Dominus
1858 4762 2149 4831 discipulos

585 4862 712 4902 suos
730 4847 859 4916 quid
882 4856 1004 4917 post
1031 4847 1416 4901 Ascensionem
1448 4862 1601 4902 suam
1627 4863 1784 4919 agere
1804 4850 2031 4908 debeant
2068 4855 2149 4908 in-

574 4938 735 4991 struit
762 4937 988 4991 dicens:
1025 4937 1102 4991 Ite
1135 4939 1192 4991 in
1223 4938 1396 4991 orbem
1440 4940 1744 4994 universum
1781 4953 1828 4995 et
1866 4945 2146 5010 pradicate

577 5027 920 5097 Esaugelium
971 5029 1111 5081 omni
1159 5038 1446 5093 creuturte,
1484 5040 1589 5085 etc.
1634 5030 1888 5101 Discipuli
1940 5034 2143 5102 priusa

578 5120 808 5175 Domino
835 5118 991 5173 electi
1019 5128 1075 5173 et
1103 5118 1302 5177 edocti.
1328 5130 1446 5189 post
1473 5121 1539 5175 ad
1569 5122 1970 5191 praedicandum
1996 5124 2147 5179 missi

575 5221 722 5267 sunt.
753 5211 807 5263 In
833 5225 942 5278 quo
964 5210 1361 5267 confunduntur
1389 5213 1465 5267 illi
1492 5216 1582 5283 qui
1610 5223 1893 5283 antequam
1924 5216 2150 5272 docean-

576 5313 678 5362 tur,
712 5301 904 5354 docere
931 5310 983 5354 et
1012 5301 1306 5370 prtedicare
1328 5313 1681 5371 przesumunt,
1717 5314 2001 5373 antequam
2041 5309 2152 5363 sint

578 5388 863 5455 discipuli,
918 5387 1050 5442 fiunt
1093 5390 1352 5459 magistri.
1394 5393 1808 5449 Confunduntur
1857 5410 2069 5465 quoque
2097 5407 2151 5451 et

570 5475 645 5530 illi
670 5478 761 5545 qui
786 5492 888 5532 nec
915 5479 1111 5543 vocati,
1157 5495 1256 5534 nec
1303 5482 1473 5548 missi,
1508 5500 1603 5538 sua
1636 5487 1955 5540 auctoritate
1984 5488 2151 5558 magi-

570 5579 746 5623 strare
795 5577 851 5623 et
901 5570 1211 5638 prmdicare
1240 5585 1601 5640 praesumunt,
1667 5591 1772 5631 non
1813 5580 2151 5636 attendentes

570 5661 711 5728 quod
771 5662 848 5715 ait
892 5661 1223 5729 Apostolus:
1285 5662 1559 5729 Quomodo
1615 5668 2008 5734 prmdicabunt,
2050 5672 2150 5724 nisi

564 5752 886 5805 mittantur?
911 5750 1087 5815 (Rom.
1116 5754 1190 5822 ι.)
1216 5752 1312 5817 Ite,
1342 5756 1535 5823 inquit,
1557 5759 1609 5810 in
1635 5760 1806 5813 urbem
1832 5762 2148 5815 universum.

2248 4572 2401 4640 [actis
2433 4584 2607 4626 autem
2646 4585 2834 4642 negant
2866 4572 2992 4641 (Tit.
3026 4576 3092 4642 ι).
3122 4573 3324 4644 Itaque,
3368 4574 3557 4628 fratres
3600 4572 3751 4627 ωας

2250 4677 2377 4717 vere
2406 4664 2648 4726 creditis,
2680 4674 2736 4716 et
2780 4675 2999 4733 pactum
3032 4666 3281 4735 baptismi
3314 4665 3612 4720 inviolatum
3653 4676 3759 4714 tcta:-

2251 4754 2341 4818 tis,
2393 4754 2581 4823 procul
2612 4755 2773 4809 dubio
2810 4756 2945 4809 salvi
2995 4757 3173 4811 eritis.
3224 4757 3279 4811 Si
3347 4768 3511 4810 autem
3556 4752 3753 4816 baptismi

2250 4846 2478 4915 fideique
2497 4857 2709 4916 pactum
2739 4848 2983 4918 rupistis,
3009 4848 3280 4915 festinate,
3316 4849 3519 4909 fratres,
3552 4846 3757 4899 festinate

2253 4953 2351 5008 per
2380 4922 2650 5009 laerymas
2686 4941 3015 5008 pmnitentia:
3046 4940 3177 4994 illud
3208 4939 3492 5009 quantotius
3514 4948 3753 4991 renovare.

2251 5030 2505 5100 quoniam
2533 5031 2714 5085 divina
2747 5032 3140 5098 misericordia,
3173 5048 3267 5087 nec
3284 5028 3547 5085 etiamillis
3573 5026 3758 5081 salutem

2253 5122 2540 5191 denegabit
2568 5122 2658 5189 qui
2689 5131 2811 5190 post
2842 5122 3074 5191 lapsum,
3102 5138 3201 5193 per
3227 5137 3389 5175 veram
3423 5118 3753 5188 pcmtiteatisn

2257 5221 2570 5281 resurgunt.
2589 5210 2728 5277 Quid
2747 5227 2878 5265 vero
2909 5227 3013 5266 non
3034 5214 3413 5283 acquiesceutes
3433 5202 3755 5278 predicatioei

2254 5314 2656 5372 consequantur
2703 5303 3025 5369 ostenditur,
3079 5320 3199 5358 cum
3243 5304 3496 5358 subditur:
3540 5298 3645 5364 Qui
3676 5309 3754 5347 rw

2255 5411 2355 5447 non
2386 5395 2688 5461 crediderit,
2718 5396 3175 5449 condemnabitur.
3206 5396 3313 5451 Non
3341 5401 3529 5455 autem,
3560 5391 3657 5451 ait,
3684 5388 3751 5455 qui

2254 5502 2358 5549 non
2415 5486 2724 5554 crediderit,
2774 5502 2873 5543 nec
2934 5488 3239 5558 baptizatus
3294 5486 3466 5540 fuerit:
3510 5482 3749 5551 'quoaim

2254 5580 2369 5633 sine
2422 5578 2545 5645 lide,
2590 5593 2691 5633 nec
2726 5579 3044 5649 baptismus,
3077 5595 3173 5635 nec
3208 5595 3353 5650 opera
3387 5582 3639 5645 prosunt.
3666 5566 3753 5623 τὴ)

2255 5686 2402 5740 ergo,
2456 5669 2651 5725 fratres
2681 5671 2807 5735 mei,
2856 5680 2983 5727 sunt
3025 5673 3089 5725 ad
3140 5670 3408 5727 habendum
3435 5664 3607 5719 nobis
3636 5660 3745 5714 ads?
3790 5674 3791 5723 ἢ

2258 5764 2325 5817 tis
2387 5763 2721 5828 necessaria;
2785 5763 2949 5830 ﬁdes,
2991 5761 3294 5834 baptismns.
3337 5768 3379 5814 et
3409 5772 3607 5825 opera.
3654 5752 3752 5815 We

3758 5988 3789 6213 l
