3822 6316
80 349 197 410 19ἰῦ

736 339 1045 398 ΗΟΜΙΜΕ
1086 340 1154 398 IN
1191 343 1410 402 EPIST.
1451 346 1540 402 ET
1579 347 1608 402 Ε

1718 345 1836 405 NG.
1875 347 2185 405 DOMINIC.
2217 379 2289 390 --
2321 349 2502 406 PARS
2533 349 2573 407 Ι.

3139 359 3299 417 1990

75 471 370 524 "manuum
409 455 526 512 sine
568 449 790 521 reliquis
833 451 968 509 nihil
1007 462 1185 524 potest
1211 456 1394 528 valere
1424 457 1602 513 nobis.
1633 456 1968 542 Adolentes
2001 474 2222 516 manum
2265 461 2477 536 consilii
2523 469 2579 517 et
2630 463 2824 538 auxilii
2873 467 3283 539 adhibentibus,

81 613 86 620 _
146 548 383 619 Sequitur
408 558 537 614 pars
564 552 782 612 quarta,
824 544 878 598 in
904 560 1011 614 qua
1051 545 1320 603 Dominus
1346 547 1615 620 promittit

75 637 482 717 pmdicationem
526 633 918 703 discipulorum
963 650 1184 706 semper
1231 637 1382 708 signa
1411 638 1616 700 contire

72 745 331 793 maturum.
361 728 543 783 dicens
571 743 584 779 :
619 725 789 796 Signa
818 735 996 782 autem
1039 745 1126 784 eos
1151 730 1241 800 qui
1273 729 1612 797 crediderint,

68 830 162 884 lucc
183 829 443 893 sequentur
463 832 487 873 .°
514 815 582 870 In
617 818 828 872 nomine
865 834 979 872 tneo
1011 819 1520 889 damoniaejicient,
1547 820 1614 892 ab

67 915 280 974 obsessis
298 909 499 970 scilicet
517 908 853 979 corporibus.
877 907 1096 982 Linguis
1139 911 1420 983 loquentur
1443 912 1609 979 novis,

68 1009 110 1064 id
151 1016 230 1063 est
264 1001 434 1060 variis.
465 1009 522 1056 et
554 999 857 1061 inauditis:
913 1002 979 1056 de
1021 1001 1221 1072 quibus
1277 1003 1330 1057 in
1387 1001 1616 1058 Actibus

65 1096 400 1169 apostolorum
447 1091 673 1162 legimus
695 1110 716 1152 .:
747 1090 964 1148 .Nonne
1015 1109 1194 1148 omnes
1253 1093 1348 1148 isti
1390 1094 1482 1162 qui
1535 1094 1617 1154 (0-,

63 1202 270 1263 quatitur
306 1187 513 1244 Galilei
553 1189 720 1242 sunt!
760 1188 831 1243 Et
868 1191 1140 1259 quomodo.
1180 1206 1274 1244 nos
1311 1189 1623 1255 audivimus,

65 1278 392 1347 unusquisque
410 1275 645 1345 linguam,
664 1293 816 1331 suam
844 1279 899 1332 in
924 1295 1026 1349 qua
1047 1280 1156 1333 nati
1178 1279 1397 1334 sumus?
1424 1277 1614 1332 Parthi

60 1383 100 1424 et
125 1368 256 1424 Medi
289 1366 425 1435 (Act.
458 1365 541 1436 tt),
592 1375 699 1422 etc.
734 1366 1011 1436 Serpentes
1063 1370 1268 1437 tollent,
1300 1371 1440 1425 sicut
1480 1368 1613 1440 legi:

63 1476 184 1525 mus,
206 1460 268 1514 de
297 1457 453 1512 beato
481 1456 706 1522 Hilario,
736 1460 903 1528 quod,
939 1475 1004 1515 eo
1033 1461 1171 1526 viso,
1225 1470 1505 1530 serpentes
1552 1461 1610 1515 in

61 1555 219 1623 fugam
248 1549 492 1606 conversi
552 1559 702 1614 sunt,
727 1567 833 1606 non
857 1552 1147 1609 tolerantes
1169 1554 1286 1622 ejus
1310 1563 1612 1626 aspectum.

59 1645 118 1712 lit
137 1645 177 1698 si
201 1640 525 1710 mortiferum
545 1641 672 1710 quid
694 1641 936 1710 biberint,
969 1661 1071 1698 non
1099 1647 1176 1700 eis
1203 1647 1426 1713 nocebit,
1453 1647 1599 1701 sicut

56 1736 260 1805 legimus
282 1732 351 1786 de
373 1731 530 1788 beato
558 1732 767 1787 Joanne
803 1737 1133 1808 evangelista
1155 1777 1171 1801 ,
1205 1739 1297 1808 qui
1341 1752 1607 1794 venenum

1713 550 2100 622 convalescunt
2147 561 2203 608 et
2252 553 2652 610 conferuntur.
2686 555 2998 625 Huiusmodi
3033 562 3288 628 virtutes.

1713 636 1910 695 fratres
1933 639 2265 720 charissimi,
2295 644 2633 710 aemulemur,
2667 655 2720 702 et
2743 646 2946 705 habere
2981 654 3292 724 cupiamus,

1713 743 1832 799 quae
1862 735 2204 794 sanctitatem
2233 735 2467 791 eﬁiciunt
2495 737 2674 807 potius
2699 753 2858 808 quam
2888 746 3159 800 exteriora
3193 747 3297 802 mi-

1714 822 1918 888 racula,
1967 841 2088 895 quae
2126 828 2471 884 sanctitatem
2519 844 2624 884 non
2651 829 2909 899 efﬁciunt,
2955 836 3050 905 sed
3081 823 3302 894 tantum.

1713 915 2026 971 ostendunt.
2084 915 2322 974 Joannes
2371 921 2568 989 quippe
2619 921 2886 991 Baptista,
2955 913 3067 995 quod
3121 927 3310 997 maior,

1717 1009 1852 1064 teste
1882 1005 2129 1073 Domino,
2151 1009 2217 1065 de
2253 1010 2482 1068 muliere
2527 1028 2632 1069 non
2675 997 3178 1086 surrexit,(llatth.
3207 1023 3298 1092 ιι.)

1715 1098 2040 1188 testantibus
2073 1098 2296 1168 ludatis,
2315 1104 2520 1160 nullum
2551 1108 2760 1176 signum
2784 1107 2936 1175 fecit,
2974 1113 3066 1180 qui
3099 1121 3292 1188 tamen

1715 1185 1859 1244 nulla
1888 1187 2086 1245 virtute
2109 1193 2303 1247 caruit.
2891 1191 2893 1194 ﬁ
3201 1243 3204 1247 -

1737 1331 1744 1344 ,
1786 1275 2044 1346 Sequitur
2084 1297 2211 1350 pars
2253 1284 2464 1354 quinta,
2517 1302 2640 1343 cum
2676 1289 3051 1361 subiungitur:
3085 1291 3155 1346 Et
3200 1292 3296 1345 do-

1715 1367 1886 1422 minus
1925 1372 2133 1438 quidem
2173 1375 2328 1429 Iesus
2377 1389 2651 1449 postquam
2679 1380 2885 1436 locutus
2935 1393 3012 1437 est
3042 1385 3138 1452 eis,
3170 1367 3296 1438 sub-

1714 1458 1894 1523 audis,
1956 1468 2012 1516 et
2062 1477 2158 1517 eos
2211 1465 2399 1521 eduxit
2445 1468 2500 1524 in
2552 1481 2793 1527 montem
2841 1472 3057 1542 Oliveti,
3109 1475 3298 1544 eisque

1715 1550 1963 1606 osculum
2017 1555 2170 1624 pacis
2232 1568 2288 1612 et
2346 1559 2777 1618 benedictionem
2841 1567 3009 1631 dedit,
3078 1568 3298 1622 Assum-

1712 1649 1832 1709 ptus
1854 1645 2003 1698 estin
2030 1646 2239 1714 uelum,
2280 1665 2384 1705 non
2425 1653 2625 1707 auxilio
2669 1656 2865 1724 alieno,
2912 1669 2971 1714 ut
3014 1660 3197 1716 Euoclt
3241 1670 3297 1714 et

1714 1732 1880 1799 Elias,
1922 1740 2016 1792 sed
2049 1739 2162 1808 ipse
2198 1739 2358 1796 homo
2399 1757 2429 1796 a
2470 1759 2529 1799 se
2576 1747 2683 1799 Deo
2723 1760 3028 1819 assumptus
3054 1761 3154 1806 est.
3186 1750 3297 1806 Nec

55 1840 146 1894 quo
167 1823 250 1878 alii
277 1822 534 1877 exstincti
569 1831 729 1892 erant
780 1824 952 1888 bibit:
991 1838 1172 1880 etnon
1209 1827 1380 1881 solum
1413 1827 1612 1892 illaesus
1643 1809 1684 1868 Β
1715 1826 1767 1880 in
1797 1829 1935 1884 coelo
1967 1838 2171 1886 tantum
2198 1847 2380 1898 aereo,
2411 1844 2468 1888 ut
2500 1834 2683 1890 Enoch
2711 1847 2766 1892 et
2796 1809 2961 1903 Elia's,
2994 1842 3086 1894 sed
3118 1842 3302 1911 potius

55 1916 256 1978 mansit,
281 1915 374 1969 sed
401 1916 566 1970 etiam
598 1917 895 1972 exstinctos
921 1918 1221 1973 suscitavit.
1253 1917 1422 1988 Super
1440 1934 1608 1988 (egros

53 2023 215 2062 manus
245 2007 532 2076 imponent,
560 2019 607 2063 et
657 2010 783 2064 bene
811 2009 1095 2075 habebunt,
1120 2009 1517 2086 sicut'legimus
1540 2011 1607 2068 de

55 2101 192 2154 beato
219 2097 401 2165 Petro,
433 2101 526 2172 qui
565 2116 672 2157 non
705 2101 877 2164 solum
912 2111 1082 2166 tactu,
1107 2101 1198 2156 sed
1224 2103 1388 2158 etiam
1420 2103 1610 2158 umbra

49 2208 131 2246 sua
167 2192 405 2247 inﬁrmos
438 2194 672 2248 sanavit.
720 2196 866 2264 (Act.
902 2194 978 2263 v).
1019 2194 1124 2252 Sed
1174 2196 1440 2263 nunquid,
1491 2196 1606 2272 fra-

49 2291 143 2338 tres
168 2281 293 2348 mei,
332 2296 436 2337 nos
463 2283 554 2352 qui
586 2299 728 2338 nunc
757 2285 873 2338 haec
911 2284 1066 2355 signa
1104 2301 1210 2339 non
1241 2286 1495 2353 facimus,
1541 2287 1604 2341 ﬁ-

49 2371 176 2426 deles
209 2387 318 2426 non
349 2374 579 2428 sumus?
617 2383 713 2428 aut
743 2375 787 2430 si
828 2375 1011 2431 ﬁdeles
1037 2391 1243 2438 sumus.
1282 2393 1452 2448 quare
1495 2379 1611 2434 hmc

45 2462 176 2528 signa
205 2477 310 2526 non
339 2461 609 2523 facimus?
637 2467 902 2536 Quoniam
931 2468 1084 2538 signa
1116 2477 1170 2524 et
1201 2470 1449 2539 prodigia
1481 2486 1612 2541 pro-

44 2563 146 2626 pter
169 2555 476 2612 incredulos
495 2559 620 2614 data
653 2570 800 2628 sunt,
833 2569 895 2615 ut
935 2576 1034 2631 per
1062 2575 1127 2616 ea
1162 2563 1230 2616 ad
1258 2561 1418 2618 ﬁdem
1445 2561 1611 2618 addu-

43 2654 275 2699 cerentur
298 2689 316 2713 ,
350 2655 495 2703 teste
523 2649 750 2707 doctore
789 2651 1066 2724 gentium:
1110 2652 1365 2722 quoniam
1404 2653 1602 2724 linguas

42 2735 162 2789 data
184 2744 309 2790 sunt
338 2737 393 2792 in
421 2739 638 2808 signum
687 2757 791 2796 non
836 2741 1106 2809 ﬁdelibus,
1165 2744 1260 2798 sed
1304 2743 1610 2798 inﬁdelibus

41 2825 85 2896 (l
113 2825 228 2883 Cor.
254 2830 394 2900 xiv).
443 2832 711 2899 Quoniam
745 2834 911 2906 igitur
947 2834 1001 2890 in
1047 2834 1321 2906 primitiva
1369 2835 1607 2892 Ecclesia

44 2920 333 2976 necessaria
387 2933 550 2979 erant
623 2923 914 2992 miracula,
980 2927 1310 2997 operabatur
1353 2927 1610 2984 Dominus

44 3009 192 3065 multa
239 3012 535 3080 miracula,
566 3015 730 3071 etiam
761 3031 860 3086 per
901 3019 1184 3087 quosdam,
1232 3017 1348 3074 solo
1392 3020 1610 3076 nomine

35 3102 380 3160 Christianos.
407 3104 619 3173 Quibus
657 3108 711 3164 in
782 3108 890 3164 ﬁne
934 3109 1278 3166 dicentibus:
1329 3108 1516 3166 Nonne
1554 3113 1606 3165 in

35 3197 227 3263 nomine
247 3208 340 3254 tuo
362 3189 632 3256 dcmonia
653 3201 922 3272 ejecimus,
951 3204 1245 3276 multasque
1274 3207 1496 3261 virtutes
1524 3207 1604 3276 fe-

33 3289 208 3355 cimus,
237 3290 494 3348 dicturus
517 3301 602 3348 est
648 3293 946 3352 Dominus:
993 3294 1186 3352 Nescio
1229 3313 1336 3352 vos.
1385 3296 1604 3369 (Matth.

35 3387 140 3445 vn).
182 3380 337 3440 Nunc
359 3401 502 3442 vero
530 3403 786 3458 quoniam
819 3386 954 3445 ﬁdes
977 3404 1076 3460 per
1116 3389 1429 3448 universum
1451 3406 1608 3446 mun-

32 3471 144 3526 dum
172 3478 450 3545 excrevit,
473 3480 727 3550 quoniam
767 3481 924 3552 signa
953 3482 1096 3537 inter
1126 3481 1313 3539 fideles
1343 3499 1449 3540 non
1483 3493 1608 3538 sunt

27 3567 366 3635 necessaria,
406 3570 565 3626 multi
596 3580 744 3638 sunt,
775 3573 865 3644 qui
905 3587 1087 3648 coram
1123 3572 1234 3630 Deo
1262 3574 1608 3632 interioribus

26 3668 310 3724 coruscant
361 3661 686 3730 virtutibus,
724 3674 782 3719 et
824 3671 1010 3720 tamen
1060 3665 1301 3721 exterius
1345 3665 1606 3722 miracula

27 3760 122 3800 non
150 3761 478 3820 operantur.
509 3752 733 3811 Plantas
773 3757 972 3827 quippe
1003 3756 1246 3814 novellas
1280 3758 1604 3829 irrigamus,

24 3839 198 3908 eisque
249 3843 463 3898 adultis
519 3860 819 3901 cessamus.
869 3846 962 3902 Sic
1001 3848 1264 3904 novellam
1307 3849 1606 3906 Ecclesiatu

25 3929 287 3987 miracula
348 3935 689 4002 nutrierunt,
743 3954 806 3994 ea
859 3940 1177 3996 conﬁrmata
1239 3953 1604 3999 cessaverunt.

22 4017 308 4090 Caeterum,
343 4023 574 4093 fratres,
625 4028 752 4085 licet
795 4033 1068 4087 exteriora
1121 4033 1274 4104 signa
1328 4049 1471 4088 nunc
1503 4049 1607 4088 non

19 4127 324 4184 operemur,
339 4130 532 4175 tamen
547 4121 844 4191 opitulante
859 4123 989 4188 Deo,
1007 4125 1086 4194 spi
1097 4125 1136 4178 ri
1147 4125 1317 4180 tuales
1344 4125 1598 4192 virtutes,

17 4219 130 4272 quae
152 4207 241 4264 hic
265 4227 380 4265 non
413 4220 626 4267 tantum
652 4213 852 4269 habent
875 4215 1102 4286 gloriam
1121 4257 1134 4280 ,
1168 4227 1222 4271 et
1249 4217 1367 4270 ideo
1390 4217 1611 4288 majoris

18 4307 136 4353 sunt
181 4302 394 4368 meriti,
447 4318 736 4373 possumus
758 4307 994 4374 operari.
1045 4308 1099 4362 In
1143 4309 1359 4364 nomine
1416 4309 1611 4378 quippe

17 4387 214 4446 Christi
257 4393 631 4464 spiritualiter
657 4397 922 4452 daemonia
952 4397 1219 4466 eiicimus,
1261 4401 1306 4454 si
1343 4399 1609 4454 orationi-

1634 3160 1682 3224 C

1712 1918 1765 2000 in
1793 1919 2014 1987 caelum,
2049 1922 2156 1978 imo
2180 1939 2342 1994 super
2368 1925 2557 1992 caelos,
2586 1942 2746 1998 super
2777 1930 3035 1984 cherubin
3067 1942 3121 1986 et
3149 1948 3296 1988 sera-

1712 2011 1864 2079 phin,
1896 2017 2164 2084 Superque
2190 2029 2405 2070 omnem
2439 2029 2762 2074 creaturam.
2799 2019 2951 2076 Unde
2980 2021 3248 2092 Propheta
3275 2039 3296 2077 :

1712 2099 1951 2167 Psallite,
2007 2105 2199 2175 inquit,
2250 2106 2474 2163 Domino
2522 2112 2612 2180 qui
2661 2114 2892 2166 asccmlit
2943 2131 3101 2183 super
3142 2115 3297 2170 calas

1714 2192 1958 2248 cazlorum
1989 2197 2058 2249 ad
2088 2199 2336 2254 orientem
2366 2199 2539 2272 (Psal.
2569 2203 2759 2274 vau).
2797 2203 2971 2274 Super
3001 2208 3144 2261 enim
3187 2221 3301 2264 cm-

1711 2282 1791 2338 los
1823 2285 2084 2341 caelorum
2133 2288 2390 2347 Dominus
2423 2295 2684 2362 ascendit,
2716 2296 2806 2366 qui
2849 2312 3063 2353 omnem
3107 2299 3295 2354 altitu-

1713 2375 1892 2429 dinem
1922 2375 2024 2431 sibi
2051 2379 2298 2450 subjecit.
2328 2383 2407 2436 Ad
2444 2385 2706 2440 orientem
2749 2403 2878 2443 vero
2917 2391 3181 2456 ascendit,
3202 2393 3294 2461 qui

1710 2465 1776 2518 ad
1811 2465 1955 2520 illam
1989 2478 2246 2524 maternam
2290 2481 2344 2526 et
2385 2472 2806 2532 inaccessibiletn
2853 2466 3049 2547 lucem,
3093 2481 3157 2536 de
3189 2497 3299 2552 qua

1710 2569 1871 2610 omne
1922 2556 2102 2614 lumen
2157 2561 2350 2630 oritur,
2400 2564 2559 2620 hodie
2603 2569 2959 2637 corporaliter
3005 2572 3172 2626 venit.
3225 2571 3295 2626 Et

1711 2650 1872 2714 sedet,
1904 2650 2098 2720 inquit,
2142 2671 2174 2707 a
2215 2655 2414 2710 dextris
2461 2650 2609 2712 meis.
2662 2658 2884 2722 Sedere,
2931 2660 3128 2718 fratres
3165 2664 3297 2726 mei,

1711 2739 2064 2808 quiescentis,
2101 2745 2376 2816 regnantis
2423 2757 2478 2801 et
2509 2745 2805 2815 iudicantis
2839 2738 2942 2806 est.
2983 2751 3125 2806 Bene
3166 2767 3300 2822 ergo

1710 2830 2040 2905 Redemptor
2073 2845 2262 2891 noster
2293 2846 2414 2908 post
2461 2840 2768 2909 passionem
2817 2842 3302 2913 ascensionemque

1711 2938 1864 2980 suam
1915 2927 2104 2982 sedere
2169 2927 2512 2996 describitur,
2580 2933 2834 3002 quoniam
2887 2941 3010 3002 post
3055 2933 3298 3004 laborem

1713 3015 2030 3083 requiescit,
2059 3026 2180 3086 post
2217 3016 2461 3089 praelium
2481 3030 2692 3086 regnat,
2717 3030 3002 3092 postquam
3023 3021 3302 3092 judicatus

1712 3115 1797 3160 est
1814 3105 2040 3175 iudicat.
2073 3107 2125 3162 ln
2155 3125 2284 3180 quo,
2315 3109 2534 3176 fratres,
2561 3110 2714 3166 nobis
2753 3111 3061 3182 exemplum
3090 3127 3296 3184 propo-

1711 3195 1879 3261 nitur,
1907 3199 2160 3266 quoniam
2204 3201 2249 3256 si
2287 3201 2377 3258 hic
2408 3201 2476 3258 ad
2521 3201 2883 3258 imitationem
2913 3201 3295 3272 Redemptoris

1707 3289 1878 3344 nostri
1908 3289 2219 3348 laboramus
2246 3301 2301 3350 et
2323 3294 2580 3364 patimur,
2610 3309 2732 3350 cum
2761 3308 2827 3350 eo
2855 3293 3296 3371 requiescemus;

1707 3379 1751 3434 si
1783 3380 1849 3435 ad
1879 3380 2234 3438 imitationem
2273 3382 2392 3452 eius
2427 3393 2614 3441 contra
2657 3383 2930 3439 diabolum
2969 3398 3294 3455 pugnamus,

1712 3481 1834 3522 cum
1861 3483 1926 3524 eo
1956 3470 2324 3540 regnahimus,
2352 3473 2398 3527 si
2427 3472 2494 3527 ad
2523 3472 2879 3528 imitationem
2903 3471 3016 3540 eius
3042 3473 3130 3528 hic
3149 3473 3299 3542 iudi-

1708 3574 1918 3627 camur,
1967 3576 2089 3616 cum
2138 3577 2204 3618 eo
2242 3563 2624 3634 iudicabimus.
2674 3564 2829 3622 Unde
2872 3565 2986 3636 ipse
3027 3565 3104 3621 ait
3139 3583 3153 3618 :
3187 3560 3294 3634 Qui

1706 3654 1837 3728 mihi
1870 3654 2143 3709 .ministrat
2170 3672 2250 3710 me
2283 3666 2570 3728 sequatur;
2598 3666 2648 3713 et
2687 3657 2775 3712 ubi
2811 3674 2928 3713 sunt
2971 3675 3084 3729 ego,
3113 3658 3220 3713 illic
3242 3667 3295 3714 et

1708 3745 1947 3799 minister
1970 3760 2115 3798 meus
2145 3746 2242 3799 erit
2268 3745 2454 3818 (Joan.
2503 3749 2628 3819 xu).
2674 3747 2856 3804 Simus
2899 3763 3048 3819 ergo,
3075 3747 3294 3816 fratres,

1707 3835 1997 3907 participes
2036 3835 2260 3903 laboris,
2290 3839 2335 3893 si
2365 3839 2614 3896 volumus
2663 3855 2783 3897 esse
2807 3840 3097 3910 participes
3124 3839 3297 3895 hono-

1710 3930 1814 3996 ris;
1850 3929 2023 3983 simus
2051 3942 2330 3987 consortes
2355 3946 2545 3995 attente,
2575 3931 2619 3987 si
2649 3931 2894 3988 volumus
2923 3947 3044 3987 esse
3072 3947 3294 3988 consor-

1714 4031 1794 4077 tes
1817 4023 2021 4094 gloriae.
2051 4023 2156 4079 Sed
2179 4039 2368 4093 quare,
2393 4023 2610 4089 fratres,
2629 4025 2935 4096 Stephanus
2957 4032 3076 4094 post
3101 4040 3293 4088 ascen-

1710 4113 1914 4169 sionem
1943 4116 2088 4170 videt
2116 4115 2312 4170 Filium
2352 4116 2586 4171 hominis
2611 4124 2844 4172 stantem
2873 4133 2903 4171 a
2936 4116 3140 4173 dextris
3165 4117 3295 4172 Dei?

1712 4205 1849 4276 (Act.
1891 4208 2008 4278 vn).
2051 4208 2316 4274 Quoniam
2367 4209 2679 4281 Stephanus
2725 4217 2846 4275 erat
2895 4209 2947 4264 in
3000 4210 3295 4266 certamine

1710 4312 1810 4368 pro
1831 4301 2049 4355 nomine
2073 4299 2207 4368 eius,
2237 4308 2293 4354 et
2317 4300 2438 4356 ideo
2458 4300 2606 4356 videt
2633 4316 2755 4356 eum
2779 4310 3014 4356 stantem
3041 4309 3294 4371 tanquam

1713 4399 1957 4460 paratum
1999 4391 2100 4446 sibi
2142 4391 2459 4460 adiutorem.
2515 4390 2624 4448 Nos
2663 4407 2898 4464 quoque,
2926 4390 3124 4446 fratres
3168 4391 3294 4457 mei,

12 4480 129 4550 bus,
161 4487 620 4543 correctiouihus
648 4498 810 4560 atque
841 4491 1312 4548 exhortationibus
1361 4503 1612 4564 peccato-
1641 4507 1688 4566 Β
1713 4483 1757 4536 εί
1789 4498 1885 4552 Pro
1911 4483 2029 4554 eius
2070 4485 2290 4540 ηοῐηὶηθ
2317 4485 2727 4549 εετιθνθτίιηυεν
2759 4485 3006 4554 (ιιιθωνίε
3033 4484 3146 4554 ipse
3183 4484 3294 4554 iam

11 4589 123 4631 rem
153 4592 185 4633 a
219 4579 487 4634 dominio
510 4580 708 4637 diaboli
739 4592 792 4637 et
821 4585 1030 4654 peccati
1069 4585 1385 4652 liberamus,
1418 4598 1473 4642 et
1500 4587 1610 4644 Deo

8 4663 407 4727 lucriﬁcamus.
449 4671 671 4744 Linguis
705 4671 978 4743 loquimur
1009 4675 1183 4741 novis,
1220 4676 1265 4730 si
1320 4684 1593 4730 vetustate

7 4759 306 4828 mendacii,
373 4762 754 4832 detractionis,
790 4764 1134 4832 adulationis,
1167 4766 1479 4837 vaniloquii,
1507 4781 1612 4821 ca:-

7 4856 295 4923 terumqne
338 4852 604 4912 vitiorum
667 4864 862 4923 exuta,
928 4857 1084 4913 novis
1119 4864 1196 4912 et.
1230 4857 1380 4928 puris
1433 4855 1610 4912 laudi-

7 4936 100 4994 bus
130 4942 313 4997 Deum
348 4942 661 5011 laudamus,
699 4955 755 5002 et
794 4947 1003 5002 sanctis
1035 4947 1297 5016 novisque
1337 4947 1607 5002 sermoni-

7 5030 101 5086 bus
170 5035 388 5107 impios
470 5037 793 5108 corripimus
863 5046 918 5093 et
973 5041 1246 5095 docemus.
1320 5038 1612 5108 Serpentes

7 5123 271 5197 tollimus,
310 5128 388 5194 si,
427 5137 690 5197 quantum
723 5145 1036 5200 possumus,
1077 5129 1339 5185 malitiam
1389 5145 1615 5200 serpen-

7 5215 168 5272 tinam
224 5235 259 5273 a
311 5220 585 5277 cordibus
640 5221 1070 5286 malitiosorum,
1116 5222 1608 5293 increpationibus,

7 5306 163 5364 minis
183 5317 242 5365 et
267 5310 577 5382 promissis
603 5312 980 5378 eliminamus;
1006 5311 1088 5366 vel
1117 5321 1266 5368 certe
1294 5328 1361 5369 ne
1383 5323 1612 5369 noceant

7 5397 117 5454 iliis
147 5401 538 5471 repulsamus.
569 5402 906 5458 Mortiferum
934 5405 1195 5470 bibimus,
1227 5413 1283 5458 et
1312 5403 1472 5459 nobis
1503 5419 1612 5460 non

7 5499 183 5555 nocet,
236 5507 375 5547 cum
436 5493 721 5549 audientes
774 5494 1163 5550 detractionem
1215 5503 1272 5549 et
1323 5495 1610 5563 malitiam,

7 5597 357 5654 nequaquam
400 5586 824 5654 acquiescimus,
867 5588 960 5642 sed
991 5587 1171 5656 potius
1207 5586 1525 5656 repellimus
1553 5597 1609 5642 et

7 5671 396 5746 increpamus.
435 5674 611 5746 Super
633 5693 806 5747 aegros
829 5693 1021 5732 manus
1049 5678 1399 5748 imponimus,
1424 5686 1480 5732 et
1507 5680 1606 5733 he-

13 5781 62 5820 te
111 5768 358 5832 habent,
417 5781 542 5844 cum
596 5769 751 5824 nobis
802 5784 963 5846 Super
1001 5771 1245 5845 inﬁrmos
1277 5769 1487 5824 animos
1553 5779 1606 5824 et

1715 4588 1946 4643 regnans
1996 4575 2201 4642 sedeat,
2223 4566 2547 4630 "sentiemus
2584 4584 2765 4630 tamen
2800 4589 2923 4630 eum
2958 4582 3209 4637 stantem,
3243 4573 3296 4627 id

1712 4673 1794 4718 est
1823 4673 2068 4734 paratum
2093 4666 2248 4722 nobis
2273 4664 2415 4722 ferre
2459 4681 2636 4738 opem.
2663 4657 2872 4721 RurSus
2897 4680 3067 4735 quare
3096 4663 3298 4720 descri-

1710 4754 1859 4810 bitur
1884 4755 2143 4813 Dominus
2165 4765 2350 4812 noster
2377 4754 2532 4812 Jesus
2555 4756 2804 4812 Christus
2823 4756 3012 4812 sedere
3033 4771 3064 4810 a
3091 4755 3299 4811 dextris

1711 4847 1828 4914 Dei,
1851 4863 1972 4902 cum
2006 4848 2148 4903 Deus
2178 4847 2338 4903 Pater
2367 4862 2467 4902 nec
2493 4848 2771 4904 dexteram
2795 4849 3011 4911 habeat,
3036 4861 3136 4902 nec
3164 4846 3297 4902 sini-

1713 4939 1923 5012 stram?
1963 4937 2070 4994 Sed
2123 4937 2340 4992 nomine
2391 4939 2644 5003 dexterte,
2690 4947 2907 4994 aeterna
2948 4935 3300 4992 beatitudinis

1710 5030 1882 5103 gloria
1914 5029 2198 5100 ﬁguratur.
2223 5028 2378 5086 Unde
2404 5029 2664 5085 Dominus
2688 5028 2819 5084 dicit
2844 5042 2904 5084 se
2923 5041 3052 5084 oves
3078 5025 3132 5082 in
3155 5027 3300 5098 iudi-

1711 5123 1797 5177 cio
1842 5122 1911 5177 ad
1965 5121 2243 5177 dexteram
2297 5121 2660 5177 eonstiturum
2712 5117 2930 5188 (Matth.
2981 5116 3068 5189 ιι).
3116 5117 3300 5187 Itaque

1709 5214 2041 5284 Redemptor
2090 5203 2276 5268 noSter
2321 5227 2353 5266 a
2409 5211 2616 5267 dextris
2667 5211 2761 5266 Dei
2810 5208 3010 5265 dicitur
3069 5207 3298 5273 sedere,

1711 5308 1967 5376 quoniam
1999 5313 2192 5375 regnat
2238 5305 2290 5359 in
2341 5302 2520 5360 Patris
2562 5304 2730 5374 gloria
2776 5310 2829 5358 et
2864 5300 3164 5371 maiestate.
3197 5298 3303 5356 Per

1711 5383 2006 5451 sessionem
2035 5409 2247 5464 quoque
2278 5395 2512 5449 dextera:
2548 5391 2909 5463 :equalitatem
2947 5385 3184 5446 solemus
3212 5387 3301 5442 in-

1713 5487 1974 5558 telligere.
2015 5485 2164 5540 Illum
2214 5487 2358 5540 enim
2406 5499 2567 5555 quem
2614 5483 2682 5538 ad
2729 5484 3004 5539 dexteram
3057 5485 3300 5534 nostram

1713 5580 1900 5650 sedere
1941 5575 2205 5644 facimus,
2252 5577 2410 5646 quasi
2467 5577 2672 5631 honore
2725 5575 2882 5630 nobis
2929 5573 3298 5640 adaequamus.

1711 5673 1960 5729 Christus
1989 5686 2122 5743 ergo
2155 5680 2302 5726 recte
2334 5669 2533 5726 dicitur
2573 5668 2640 5723 ad
2668 5667 2944 5722 dexteram
2985 5663 3163 5718 Patris
3209 5675 3299 5715 se-

1713 5766 1858 5832 dere,
1879 5765 2130 5838 quoniam
2163 5779 2287 5822 cum
2318 5779 2383 5848 eo
2407 5771 2603 5838 regnat
2633 5761 2686 5817 in
2712 5760 2968 5848 gloria'et
2996 5753 3297 5848 maiestatis
