3822 6316
509 384 647 441 1927

504 493 828 565 aequalitate.
862 486 933 547 Ut
959 502 1087 559 ergo
1135 501 1233 541 nos
1283 484 1527 540 hortatur
1559 481 1862 546 Psalmista,
1894 478 2088 550 psalla-
2116 484 2164 542 Α

507 602 626 643 mus
665 584 892 639 Domino
929 580 1020 650 qui
1048 575 1287 635 ascendit
1318 592 1480 647 super
1508 575 1676 630 cmlos
1721 574 1980 630 caelorum
2024 573 2091 629 ad

506 680 796 734 orientem.
825 673 1148 734 Psallamus,
1174 670 1413 739 inquam,
1445 667 1691 731 Domino,
1720 681 1827 721 nou
1872 664 2091 728 mundo,

508 791 616 829 non
647 769 873 825 vanitati
916 766 1185 830 sreculari,
1206 777 1434 831 quorum
1485 760 1738 831 gaudium
1771 766 2013 812 vertetur
2038 756 2091 810 in

504 875 824 926 maerorem,
849 859 941 914 sed
968 856 1217 919 Domino,
1252 853 1340 923 qui
1369 852 1510 906 sicut
1540 864 1645 903 non
1677 848 1798 913 sibi,
1822 848 1915 903 sed
1940 847 2092 903 nobis

504 967 667 1011 natus
696 961 753 1009 et
782 966 974 1025 passus
1006 956 1109 1012 est,
1136 948 1207 1000 ita
1237 956 1291 1001 ct
1327 944 1483 1000 nobis
1509 944 1820 1005 resurrexit.
1847 950 1901 996 et
1935 940 2092 996 nobis

505 1062 671 1117 super
704 1045 871 1101 cmlos
911 1038 1179 1096 ascendit.
1207 1035 1570 1098 Gaudeamus,
1599 1032 1814 1100 fratres,
1837 1031 2090 1102 quoniam

505 1148 701 1193 natura
729 1141 933 1196 nostra.
959 1132 1043 1187 cui
1075 1129 1278 1184 dictum
1303 1134 1449 1181 erat:
1480 1124 1641 1179 Terra
1662 1132 1799 1189 es,et
1823 1124 1875 1178 in
1894 1132 2088 1177 terram

505 1231 775 1286 reverteris
805 1225 959 1294 (Gen.
1006 1223 1112 1291 ut).
1162 1222 1322 1278 hodie
1362 1233 1524 1289 super
1566 1231 1780 1273 omnem
1827 1215 2090 1272 ctelorum

505 1319 843 1374 altitudinem
875 1323 959 1370 est
985 1314 1244 1377 exaltata,
1273 1320 1327 1365 et
1363 1309 1429 1364 ad
1460 1309 1736 1363 dexteram
1784 1306 1875 1361 Dei
1914 1304 2092 1359 Patris

505 1411 754 1468 collocat.
793 1409 1158 1471 Gaudeamus,
1203 1407 1446 1475 inquam,
1471 1403 1729 1473 quoniam
1759 1402 1847 1473 qui
1872 1403 1924 1457 in
1952 1400 2090 1458 caelo

501 1503 664 1572 jndex
710 1500 884 1565 sedet,
919 1508 1125 1554 natura:
1153 1498 1421 1568 particeps
1469 1505 1760 1564 nosterque
1797 1495 2091 1550 advocatus

505 1604 609 1649 est.
643 1592 982 1649 Gaudeamus
1012 1592 1267 1661 quoniam
1316 1588 1514 1659 angeli,
1542 1586 1655 1657 jam
1695 1602 1799 1641 non
1837 1595 1897 1641 ut
1936 1585 2088 1651 olim,

504 1702 605 1742 nos
660 1685 907 1740 homines
953 1694 1329 1754 aspernantur,
1380 1681 1473 1735 sed
1521 1681 1701 1750 potius
1740 1688 2087 1746 venerantur,

505 1791 739 1845 quorum
791 1784 997 1829 natura:
1053 1788 1216 1844 super
1268 1784 1327 1845 se
1374 1770 1676 1825 sublimata:
1736 1766 2086 1822 famulantur.

506 1867 875 1931 Gaudeamus,
904 1866 1158 1935 quoniam
1185 1864 1388 1919 aditum
1414 1863 1559 1935 regni
1588 1862 1825 1917 caelestis
1846 1860 2095 1917 Christus

508 1956 665 2011 nobis
709 1955 987 2019 reseravit,
1020 1971 1180 2024 quem
1227 1956 1272 2010 si
1320 1970 1446 2010 vere
1495 1952 1865 2019 dilexerimus,
1906 1950 2095 2022 procul

509 2048 674 2103 dubio
701 2062 809 2117 quo
842 2048 955 2117 ipse
985 2063 1083 2103 nos
1107 2046 1403 2117 praecessit,
1436 2045 1835 2116 perveniemus.

583 2138 839 2209 Sequitur
858 2154 986 2209 pars
1014 2148 1188 2205 sexta,
1230 2140 1282 2192 iu
1314 2154 1417 2208 qua
1447 2136 1693 2206 discipuli
1717 2134 2097 2191 describuntur

507 2230 741 2284 Domino
767 2230 1030 2300 paruisse.
1066 2246 1189 2285 cum
1227 2230 1605 2300 suhjungitur:
1640 2226 1732 2281 Illi
1764 2238 1937 2282 autem
1967 2242 2090 2297 pro-

504 2323 633 2392 ffet-ti
689 2324 1101 2393 pradicauerunt
1134 2324 1338 2392 ubique.
1369 2322 1656 2389 Quoniam,
1681 2330 1738 2376 ut
1780 2320 2095 2390 praedictum

502 2424 628 2468 erat
659 2416 724 2469 de
749 2416 826 2469 eis
849 2428 864 2467 :
891 2413 957 2468 In
984 2431 1186 2468 omnem
1216 2424 1408 2468 terram
1440 2415 1598 2468 exivit
1628 2431 1787 2468 sonus
1812 2428 2014 2473 eorum,
2047 2418 2099 2464 et

506 2508 568 2561 in
597 2508 726 2577 ﬁnes
758 2508 898 2561 orbis
944 2518 1097 2562 terra:
1142 2507 1297 2562 verba
1342 2524 1520 2561 eorum
1561 2504 1731 2577 (Psal.
1776 2504 1952 2576 xvut).
1989 2502 2095 2559 Sed

510 2598 774 2668 nunquid,
807 2597 1025 2663 fratres,
1050 2599 1152 2653 hoc
1181 2612 1247 2652 ex
1270 2610 1328 2653 se
1346 2596 1669 2668 potuerunt?
1699 2595 1836 2649 Audi
1862 2610 2096 2664 sequen-

510 2689 630 2744 tia:
669 2689 888 2744 Domino
938 2697 1246 2760 cooperante
1293 2698 1343 2744 et
1393 2704 1676 2743 sermonem
1728 2688 2096 2758 con/irritante,

508 2780 837 2852 sequentibus
876 2782 1063 2852 signis.
1111 2782 1369 2837 Dominus
1413 2782 1632 2852 quippe,
1681 2781 1772 2852 qui
1821 2779 2100 2851 discipulis

511 2872 593 2927 ire
624 2881 677 2925 et
724 2872 1015 2942 prtedicare
1052 2872 1233 2942 jussit,
1265 2873 1381 2943 ipse
1424 2873 1504 2928 eis
1539 2882 1592 2927 et
1637 2872 1771 2927 velle
1820 2880 1876 2927 et
1919 2870 2100 2928 facere

512 2963 685 3028 dedit,
727 2964 849 3034 ipse
890 2964 972 3019 eis
1024 2963 1444 3034 prtedicantibus
1484 2964 1703 3019 verbum
1751 2962 2096 3029 ministravit,

513 3056 628 3124 ipse
676 3056 1114 3122 praedicationem
1154 3071 1341 3112 eorum
1392 3056 1680 3112 virtutibus
1726 3064 1781 3111 et
1824 3056 2099 3113 miraculis

513 3145 873 3211 confirmavit,
907 3145 1020 3216 ipse
1057 3146 1268 3201 animos
1320 3147 1623 3201 auditorum
1663 3146 2006 3217 prreparavit,
2046 3155 2101 3202 et

513 3236 583 3289 ad
624 3234 947 3290 credendum
987 3235 1282 3301 inclinavit,
1320 3235 1477 3304 juxta
1528 3236 1669 3306 quod
1722 3237 1837 3306 ipse
1888 3236 2102 3291 dixerat

514 3326 595 3381 eis
624 3342 639 3380 :
671 3324 793 3380 Sine
834 3342 920 3380 me
965 3326 1094 3380 nihil
1137 3328 1348 3396 potestis
1394 3326 1564 3397 facere
1598 3326 1783 3397 (Joan.
1812 3327 1921 3397 xv).
1947 3325 2099 3394 Quod

513 3416 675 3488 plane
703 3427 889 3473 contra
926 3417 1047 3473 illos
1072 3428 1162 3473 est
1196 3419 1285 3490 qui
1318 3419 1460 3489 quod
1493 3429 1652 3474 acute
1679 3420 1924 3490 sapiunt,
1955 3416 2100 3487 quod

514 3510 945 3580 persuasibiliter
979 3522 1256 3583 perorant,
1283 3511 1425 3582 quod
1470 3510 1682 3567 fortiter
1729 3520 1914 3581 agunt,
1943 3520 2099 3565 natu-

517 3603 615 3656 rali
643 3603 855 3673 ingenio
877 3614 935 3658 et
960 3603 1280 3674 eloquentia:
1305 3605 1615 3673 viribusque
1648 3603 1881 3675 propriis
1922 3604 2097 3673 potius

517 3707 680 3763 quam
716 3692 824 3747 Deo
860 3692 1164 3760 ascribunt,
1201 3693 1356 3763 quasi
1398 3695 1679 3749 dicerent:
1715 3692 1971 3763 Linguam
2006 3709 2099 3745 no-

518 3793 681 3836 stram
707 3782 1176 3852 magniﬁeabimus,
1200 3782 1339 3836 labia
1363 3793 1539 3837 nostra
1562 3799 1593 3835 a
1622 3782 1767 3837 nobis
1794 3791 1933 3835 sunt.
1968 3781 2099 3847 Quis

519 3881 693 3924 noster
721 3869 972 3925 Dominus
1001 3872 1116 3926 est!
1150 3870 1322 3943 (l'sal.
1349 3873 1445 3941 χι).
1472 3872 1603 3927 Cum
1633 3889 1662 3927 e
1689 3872 1962 3928 contrario
1986 3872 2097 3927 cla-

521 3974 629 4019 met
664 3962 903 4019 Paulus:
940 3965 1061 4019 Non
1092 3976 1166 4020 est
1201 3966 1414 4021 uolentis
1462 3967 1617 4033 velle,
1656 3984 1817 4039 neque
1844 3967 2099 4022 currentis

522 4070 763 4118 currere,
797 4055 887 4108 sed
924 4057 1213 4109 miserentis
1258 4054 1369 4110 Dei
1394 4055 1573 4129 (Rom,
1606 4059 1706 4129 rx).
1750 4058 1865 4129 Ipse
1903 4057 2099 4128 quippe

530 4146 705 4215 primo
752 4147 943 4200 bonum
994 4147 1318 4203 voluntatem
1376 4160 1631 4219 operatur
1672 4150 1724 4205 in
1779 4152 1934 4207 nobis
1984 4152 2101 4207 sine

529 4237 715 4308 nobis,
773 4247 959 4305 postea
1005 4239 1201 4293 bonum
1253 4255 1388 4309 opus
1435 4251 1755 4312 cooperatur
1798 4242 2099 4308 nobiscum,

523 4330 665 4395 quod
690 4346 785 4400 per
807 4330 1230 4386 misericordiam
1266 4349 1418 4387 suam
1456 4336 1821 4389 remunerabit
1848 4335 1898 4389 in
1924 4336 2099 4401 nobis,

520 4436 586 4475 ae
612 4420 657 4475 si
681 4436 745 4475 ea
769 4421 923 4476 nobis
945 4422 1073 4476 solis
1094 4425 1464 4493 processisset.
1490 4424 1725 4490 Utinam,
1753 4426 1944 4481 fratres
1970 4427 2098 4492 mei,

520 4513 636 4584 ipse
661 4513 749 4583 qui
775 4513 918 4569 misit
944 4529 1029 4569 me
1068 4516 1226 4570 hodie
1250 4516 1314 4570 ad
1339 4516 1733 4587 praedicandum
1765 4519 1940 4584 vobis,
1968 4536 2095 4574 coo-

2206 4510 2273 4562 ad
2317 4510 2458 4564 illam
2491 4527 2590 4565 nos
2614 4512 2855 4566 trahunt.
2901 4513 3168 4569 Modicum
3210 4530 3331 4569 vero
3357 4515 3575 4579 bonum,
3605 4514 3740 4565 niodi-

442 4662 446 4666 ,
520 4612 742 4671 peretnr
793 4620 1023 4673 mecum,
1066 4607 1199 4662 dans
1257 4622 1557 4663 sermonem
1609 4617 1813 4663 rectum
1863 4619 1918 4663 et
1961 4612 2096 4664 bene

520 4704 801 4749 sonantem
835 4697 886 4749 in
914 4711 977 4750 os
1002 4710 1202 4761 meum,
1227 4696 1360 4751 dans
1403 4706 1456 4752 et
1488 4697 1640 4751 vobis
1678 4713 1774 4752 cor
1803 4699 1981 4755 docile
2032 4699 2100 4755 ad

522 4786 947 4858 intelligendum,
995 4790 1385 4856 cenlirmetque
1440 4804 1742 4843 sermonem
1794 4808 1992 4867 meum,
2044 4799 2101 4846 ιιι

520 4882 664 4951 quod
690 4881 977 4950 prmdicavi
1012 4880 1183 4935 vobis.
1205 4889 1260 4934 et
1286 4881 1338 4933 in
1367 4896 1453 4935 me
1486 4882 1831 4938 confirmetur
1858 4885 2096 4940 moribus

524 4984 575 5026 ct
603 4973 776 5033 factis,
809 4981 863 5024 et
892 4972 943 5024 in
974 4971 1123 5026 vobis
1157 4970 1324 5039 signis
1366 4971 1792 5039 compunctionis
1827 4982 1881 5027 et
1913 4988 2097 5027 emen-

524 5064 775 5125 datiouis,
799 5073 1064 5129 quatenus
1086 5062 1151 5114 ad
1174 5060 1261 5114 illa
1285 5061 1475 5130 gaudia
1496 5063 1817 5132 sempiterna
1839 5078 2102 5120 conscen-

522 5157 650 5208 dere
679 5169 1003 5222 mereamur,
1026 5167 1134 5222 quo
1162 5155 1406 5209 ascendit
1435 5154 1691 5210 hodierna
1726 5155 1813 5210 die
1846 5155 2102 5212 Dominus

526 5252 708 5296 uoster
739 5241 892 5296 lesus
916 5240 1185 5309 L‘ltt'tstus,
1216 5245 1304 5314 qui
1336 5260 1457 5299 cum
1485 5244 1644 5300 Patre
1671 5256 1724 5300 et
1747 5244 1949 5316 Spiritu
1975 5260 2103 5300 san-

521 5344 611 5385 cto
657 5333 861 5387 vivitet
910 5344 1097 5405 regnat
1140 5351 1237 5408 per
1275 5338 1459 5391 omnia
1507 5338 1827 5394 saeculorum
1873 5337 2095 5394 sarcula!

522 5427 563 5478 Α
574 5439 717 5478 tuen.

1078 5516 1357 5574 HOMlLlA
1401 5516 1562 5572 LXX.

793 5624 1048 5666 DOIINICA
1083 5627 1247 5665 PRIMA
1287 5627 1417 5667 P051
1454 5626 1832 5667 ASCENSIONEI.

598 5696 777 5755 Estote
801 5704 1100 5770 prudentes,
1126 5713 1174 5757 et
1199 5702 1409 5774 vigilate
1434 5704 1492 5759 in
1518 5704 1842 5758 orationibus
1866 5701 1917 5775 (Ι
1951 5700 2095 5758 Petr.

528 5788 648 5864 ιη..
667 5801 771 5847 etc.
798 5791 910 5848 llac
936 5794 991 5851 in
1011 5794 1259 5864 lectione,
1286 5795 1483 5851 fratres
1516 5797 1844 5863 cbarissimi,
1871 5795 2095 5851 intendit

1536 368 1878 426 ADDENDA.
1925 398 1990 408 -—
2032 365 2387 423 luDULPill
2428 364 2782 424 ABDENTIS
3613 372 3703 431 liii

2193 478 2465 549 apostolus
2493 478 2682 533 Petrus
2720 493 2818 533 nos
2852 476 3125 532 instruere
3150 474 3201 531 in
3234 476 3501 532 moribus.
3530 476 3703 544 Hortatur

2196 570 2393 641 quippe
2431 584 2530 625 nos
2568 572 2635 625 ad
2676 569 2934 640 quinque,
2962 570 3032 623 ad
3080 570 3460 639 prudentiam,
3491 571 3547 624 ad
3572 582 3705 633 oratio-

2196 678 2344 725 nem,
2382 662 2449 716 ad
2470 660 2814 725 charitatem,
2847 660 2915 714 ad
2953 675 3117 731 opera
3163 660 3561 727 misericordia,
3588 668 3633 721 ad
3655 688 3706 724 η.

2198 751 2481 807 ferendum
2514 768 2730 823 semper
2760 754 2824 807 ad
2856 753 3141 808 Dominum
3173 752 3536 823 quodcunque
3558 754 3708 820 iacimus

2203 843 2430 898 bonum.
2462 842 2697 899 Hortans
2738 843 2900 915 igitur
2935 844 3109 914 primo
3161 859 3265 899 nos
3311 846 3383 898 ad
3438 846 3706 919 prudentiam,

2197 934 2273 989 ait
2300 950 2315 989 :
2346 934 2529 990 Estote
2557 938 2857 1006 prudentes.
2891 936 3186 991 Prudentia
3238 937 3389 992 enim
3420 938 3620 994 omnium
3638 944 3711 996 rir-

2196 1032 2373 1079 tutum
2411 1025 2520 1079 dux
2553 1033 2609 1080 et
2638 1026 2836 1096 praevia
2868 1037 2969 1081 est.
3005 1027 3156 1081 Sicut
3188 1041 3437 1096 namque
3467 1027 3618 1099 aliquis
3637 1034 3710 1088 sine

2195 1114 2317 1171 luce
2355 1126 2505 1171 errat
2535 1128 2589 1171 et
2622 1133 2728 1173 non
2759 1119 2957 1188 pergit.
3007 1119 3081 1173 ita
3125 1119 3255 1173 sine
3287 1120 3548 1188 sapientia
3566 1123 3712 1190 quilibet

2192 1223 2400 1275 errare,
2438 1225 2537 1265 nec
2579 1220 2725 1266 recte
2768 1225 2997 1282 pergere
3040 1221 3239 1283 potest.
3294 1212 3457 1268 Unde
3496 1222 3541 1266 et
3570 1212 3607 1268 in
3638 1216 3712 1287 lege

2194 1300 2537 1371 praecipitur.
2566 1311 2625 1356 ut
2650 1302 2852 1357 nullum
2875 1304 3211 1359 sacriﬁcium
3239 1304 3368 1358 sine
3390 1302 3507 1359 sale
3528 1306 3712 1375 sapienti:

2202 1389 2484 1447 oﬂ‘eratur.
2521 1393 2616 1448 Est
2658 1404 2840 1451 autem
2877 1398 3157 1466 prudentia
3203 1398 3409 1462 virtus,
3456 1412 3714 1467 unamquam-

2201 1496 2305 1552 que
2338 1499 2451 1539 rem
2486 1486 2769 1541 verissima
2810 1488 3168 1544 aestimatione
3204 1503 3478 1558 pensans.
3509 1487 3625 1560 Hujus
3642 1502 3712 1547 tres

2204 1582 2332 1629 sunt
2359 1584 2563 1646 partes.
2592 1576 2775 1631 Prima
2818 1595 2923 1634 non
2960 1581 3135 1635 solum
3186 1580 3336 1635 inter
3380 1578 3715 1637 bonumetmao

2201 1664 2337 1732 lum,
2363 1668 2457 1721 sed
2498 1668 2660 1723 etiam
2696 1670 2836 1725 inter
2860 1671 3059 1725 bonum
3097 1681 3149 1725 et
3180 1672 3411 1735 melius,
3436 1681 3496 1726 et
3524 1674 3715 1728 interma-

2202 1754 2310 1811 lum
2341 1765 2394 1811 et
2429 1758 2587 1828 pejus
2613 1760 2887 1829 sapienter
2908 1762 3189 1816 discernit.
3224 1762 3490 1817 Secunda
3518 1762 3715 1817 discretum

2129 1819 2172 1882 Β
2200 1849 2477 1920 sapienter
2510 1850 2678 1923 eligit.
2728 1849 2911 1907 Tertia
2961 1852 3193 1908 electum
3234 1855 3525 1924 sapienter
3549 1856 3711 1922 acquirit

2195 1939 2378 1996 Prima
2434 1942 2619 2015 itaque
2671 1958 2799 2014 pars
2854 1946 3152 2016 prudentize
3198 1947 3366 2001 docet
3432 1960 3555 2007 tros,
3592 1945 3711 2003 intres

2198 2033 2549 2103 cbarissimi,
2611 2036 2739 2107 quid
2802 2037 2873 2092 sit
2921 2039 3190 2094 modicum
3249 2039 3507 2102 bonum,
3564 2040 3709 2110 etquid

2197 2126 2374 2198 majus
2428 2136 2484 2182 et
2529 2129 2658 2198 quid
2714 2129 3018 2198 optimum.
3080 2140 3134 2186 et
3175 2131 3310 2200 quid
3364 2128 3614 2185 modicum
3645 2148 3715 2185 ωε

2196 2219 2332 2284 lum,
2386 2229 2443 2274 et
2482 2222 2609 2290 quid
2649 2222 2802 2293 pejus
2854 2231 2909 2277 et
2947 2221 3073 2292 quid
3122 2223 3450 2293 pessimum.
3483 2220 3619 2276 Porro
3646 2239 3718 2276 tuo-

2196 2311 2376 2368 dicum
2417 2312 2616 2369 bonum
2656 2323 2781 2369 sunt
2823 2315 3045 2381 divitiae,
3076 2316 3357 2379 honores.
3410 2315 3653 2385 potentia,
3688 2326 3722 2370 rt

2198 2421 2529 2477 quaecunque
2582 2424 2611 2462 a
2660 2409 2815 2464 nobis
2865 2409 3237 2479 temporaliter
3298 2411 3636 2479 possidentur.
3678 2407 3719 2463 Et

2198 2500 2397 2555 bonum
2440 2500 2659 2569 quidem
2712 2510 2857 2565 sunt,
2887 2502 3143 2576 quoniam
3189 2517 3218 2554 a
3251 2500 3390 2565 Deo,
3417 2501 3508 2570 qui
3544 2517 3625 2555 non
3658 2488 3723 2554 uirI

2198 2589 2335 2645 bona
2406 2590 2551 2654 facit,
2602 2603 2781 2647 creata
2833 2603 2887 2649 et
2924 2595 3052 2649 data
3105 2601 3231 2648 sunt
3274 2610 3290 2646 :
3344 2593 3598 2648 modicum
3639 2608 3722 2645 mo

2199 2692 2341 2747 sunt,
2405 2683 2663 2753 quoniam
2712 2686 2874 2741 etiam
2928 2702 2958 2740 a
3004 2686 3162 2742 malis
3213 2687 3511 2749 habentur,
3550 2694 3595 2740 et
3631 2684 3725 2739 male

2199 2775 2280 2831 eis
2323 2777 2620 2836 utentibus.
2659 2776 2811 2832 mala:
2852 2778 3003 2831 fiunt.
3030 2777 3202 2845 Ilajus
3246 2794 3385 2832 vero
3425 2777 3599 2833 bonum
3620 2787 3719 2838 sunt,

2199 2864 2426 2921 virtutes
2453 2872 2509 2920 et
2542 2865 2778 2936 Spiritus
2804 2868 2976 2922 sancti
3014 2867 3179 2933 dona,
3205 2866 3471 2939 quoniam
3502 2882 3590 2921 non
3610 2868 3683 2920 nisi
3702 2880 3726 2919 ι

2203 2956 2361 3011 bonis
2394 2957 2681 3021 habentur,
2712 2966 2765 3012 et
2798 2974 2897 3028 per
2926 2973 2990 3012 ea
3022 2959 3089 3012 ad
3120 2975 3404 3014 summum
3431 2961 3601 3013 bonum
3630 2960 3722 3011 itur.

2202 3044 2477 3115 Optimum
2530 3048 2731 3103 bonum
2778 3058 2862 3103 est
2908 3058 3114 3105 aeterna
3165 3050 3474 3112 beatitudo,
3502 3065 3592 3120 qua
3621 3046 3726 3101 Deus

2128 3171 2171 3231 ο
2204 3150 2306 3193 est.
2337 3138 2377 3192 Ε
2406 3141 2678 3195 contrario
2706 3155 2835 3195 vero
2889 3141 3162 3195 modicum
3212 3142 3423 3195 malum
3460 3150 3586 3200 sunt.
3607 3139 3730 3193 raise.

2207 3229 2323 3293 rite.
2369 3230 2701 3302 indigentiae,
2742 3230 3167 3303 aﬂlictionesque
3205 3233 3543 3304 temporales.
3577 3231 3729 3285 Etma

2205 3322 2316 3376 lum
2341 3322 2558 3392 quidem
2589 3324 2860 3386 dicuntur,
2879 3325 2931 3380 id
2954 3334 3037 3379 est
3053 3340 3229 3395 paena:
3251 3341 3351 3395 pro
3376 3325 3526 3379 malis
3550 3323 3729 3377 inﬂicta.

2206 3414 2475 3470 Modicum
2511 3431 2637 3471 vero
2664 3415 2865 3471 malum
2894 3427 3039 3479 sunt,
3058 3420 3315 3487 quoniam
3339 3419 3499 3472 etiam
3524 3418 3655 3472 bouis
3669 3416 3731 3471 hic

2205 3507 2541 3580 infliguntur,
2570 3510 2764 3579 quibus
2795 3508 2934 3565 bene
2960 3510 3239 3565 utentibus
3269 3512 3423 3564 bona:
3451 3511 3604 3571 ﬁunt;
3627 3508 3734 3575 ιιρω

2204 3612 2338 3653 vero
2368 3599 2568 3653 tnalum
2601 3609 2726 3653 sunt
2754 3599 2888 3654 vitia
2911 3607 2967 3654 et
2984 3612 3229 3670 peccata,
3248 3617 3369 3671 qua:
3398 3602 3637 3655 habentes
3653 3614 3734 3653 mae
3802 3588 3803 3607 ¹

2203 3688 2283 3743 los
2314 3688 2573 3757 eﬂicinut,
2610 3700 2665 3745 et
2706 3706 2803 3745 eos
2830 3691 2905 3744 ad
2928 3691 3222 3761 pessimum
3255 3706 3618 3761 summumque
3656 3706 3737 3744 aa.

2203 3778 2313 3833 lum
2344 3782 2682 3850 pertrahunt.
2706 3780 3008 3837 Pessimum
3053 3799 3431 3853 summumque
3468 3783 3649 3839 malum
3678 3790 3735 3833 est

2203 3882 2405 3927 aeterna
2423 3874 2714 3928 damnatio.
2734 3872 2919 3944 Itaque
2935 3872 3134 3929 lratres
3158 3875 3283 3937 mei,
3300 3892 3561 3929 summum
3582 3876 3736 3928 bonum

2202 3974 2258 4021 et
2285 3971 2545 4018 aeternam
2571 3963 2979 4024 beatitudinem,
3022 3979 3144 4033 qua:
3181 3964 3321 4018 Deus
3346 3976 3446 4029 est,
3473 3981 3627 4033 super
3647 3979 3735 4015 ou:-

2203 4055 2364 4108 nibus
2392 4064 2447 4108 et
2493 4069 2605 4123 pra:
2643 4052 2896 4109 omnibus
2932 4064 3190 4125 appetere
3236 4056 3507 4118 debetnns,
3538 4068 3588 4109 et
3631 4064 3737 4122 post.

2204 4144 2430 4197 virtutes
2468 4151 2523 4197 et
2568 4145 2707 4198 dona
2757 4143 2993 4214 Spiritus
3034 4146 3235 4210 sancti,
3262 4161 3378 4215 ane
3404 4148 3467 4199 ad
3510 4145 3632 4198 illud
3671 4155 3738 4195 tus

2203 4235 2439 4299 ducunt,
2492 4235 2664 4303 magis
2721 4236 3036 4305 appetenda
3083 4248 3230 4293 sunt.
3281 4238 3619 4292 Ecoutrario
3646 4249 3743 4287 reus

2201 4328 2370 4380 etiam
2401 4328 2804 4382 damnationem
2838 4345 2949 4398 pra:
2978 4330 3234 4385 omnibus
3258 4331 3452 4384 evitare
3491 4330 3739 4385 debemus.
3802 4306 3803 4397 l

2204 4427 2257 4471 et
2285 4426 2407 4486 post
2443 4419 2618 4489 magis
2664 4420 2792 4473 vitia
2842 4429 2897 4475 ct
2938 4432 3159 4491 peccata
3200 4422 3431 4492 fugienda
3476 4429 3622 4481 sum.
3654 4434 3743 4487 qs:
3802 4410 3803 4483 ξ

2205 4619 2437 4674 cumque
2476 4604 2697 4667 tnalum,
2730 4604 2785 4658 id
2810 4614 2893 4659 est
2924 4609 3247 4677 temporales
3287 4607 3650 4668 abundantia,
3683 4604 3741 4657 rel

2208 4697 2486 4763 penurias,
2516 4697 2930 4765 prosperitates,
2958 4697 3041 4751 vel
3073 4700 3432 4762 adversitates,
3456 4698 3586 4767 quia
3636 4698 3741 4748 licet

2205 4788 2478 4842 utentibus
2501 4788 2651 4842 bona:
2678 4788 2831 4852 fiunt,
2865 4800 2919 4844 ct
2958 4790 3099 4846 male
3141 4790 3395 4845 utentibus
3432 4788 3591 4842 mal:
3616 4787 3740 4841 lith.

2204 4892 2311 4933 nec
2346 4877 2569 4932 multum
2610 4888 2864 4948 appetere
2883 4920 2898 4947 ,
2926 4896 3026 4935 nec
3050 4882 3270 4935 multum
3298 4881 3459 4951 fugere
3484 4880 3735 4932 deli-emas.

2202 4969 2295 5023 sed
2328 4971 2499 5037 magis
2526 4971 2577 5021 in
2614 4969 2890 5024 voluntate
2921 4972 3012 5026 Dei
3065 4988 3284 5043 ponere,
3310 4985 3361 5026 ut
3384 4972 3579 5024 tribuat
3606 4966 3736 5020 noles

2202 5060 2353 5129 quod
2399 5061 2573 5130 magis
2601 5062 2751 5116 novit
2777 5063 2931 5117 nobis
2953 5065 3228 5134 expedire,
3262 5064 3489 5133 quoniam
3515 5069 3643 5114 sunt
3666 5056 3734 5124 ei

2202 5163 2310 5203 non
2346 5150 2451 5204 nisi
2482 5166 2576 5220 per
2603 5165 2863 5222 prospera
2907 5153 3265 5222 salvarentur,
3299 5164 3347 5208 et
3385 5160 3499 5207 sunt
3530 5150 3625 5220 qui
3650 5160 3737 5200 an

2202 5241 2304 5297 nisi
2334 5258 2432 5313 per
2465 5244 2693 5299 adversa
2734 5244 3096 5301 salvareutur.
3125 5248 3201 5302 Ita
3228 5263 3317 5302 nos
3354 5245 3559 5300 instruit
3587 5243 3732 5311 prius

2206 5349 2334 5405 pars
2370 5334 2692 5405 prudentiae.
2722 5334 2818 5391 Cui
2843 5340 3113 5392 contraria
3144 5350 3225 5394 est
3274 5338 3351 5393 illa
3374 5336 3619 5397 stultitia,
3638 5343 3732 5401 qn

2204 5426 2407 5480 malum
2436 5442 2469 5481 ε
2500 5428 2642 5482 bono
2667 5443 2772 5483 non
2811 5430 3090 5496 discernit,
3115 5432 3208 5486 sed
3236 5431 3394 5501 potius
3424 5426 3502 5479 vel
3560 5426 3731 5478 mala

2201 5534 2302 5589 pro
2332 5521 2476 5575 bono
2513 5521 2681 5576 sumit
2719 5521 2805 5575 vel
2832 5522 3033 5578 bonum
3066 5540 3164 5593 pro
3192 5523 3341 5585 malo,
3368 5525 3411 5577 in
3432 5517 3584 5573 illam
3622 5515 3725 5571 ind-

2202 5611 2334 5666 dens
2362 5612 2799 5668 maledictionem
2826 5629 2841 5666 :
2882 5611 2970 5669 γω
2999 5617 3074 5670 eis
3104 5618 3194 5686 qui
3228 5618 3387 5669 dicunt
3423 5610 3627 5662 malum
3660 5610 3727 5660 lte-

2202 5720 2323 5758 num
2346 5716 2395 5759 et
2421 5706 2613 5761 bonum
2633 5710 2831 5761 malum
2857 5708 2989 5775 (lsa.
3022 5709 3097 5779 v).
3126 5708 3216 5763 Vel
3238 5709 3396 5762 minus
3420 5705 3622 5758 bonum
3650 5710 3720 5764 βπ
3796 5705 3804 5779 η

2202 5798 2405 5868 majore
2434 5798 2595 5865 bono,
2623 5799 2706 5854 vel
2753 5799 2938 5855 minus
2983 5801 3201 5865 malum,
3229 5800 3369 5854 habet
3396 5811 3481 5856 ora
3540 5794 3723 5851 ait“
3798 5794 3804 5869 l
