3822 6316
133 359 244 421 1929

768 346 1075 408 HOMlLIA!
1115 346 1184 410 IN
1222 347 1448 409 EPIST.
1485 347 1576 407 ET
1598 298 1856 406 DVANG.
1898 347 2197 406 DOMlNlC.
2238 343 2508 406 -—PARS
2533 347 2576 405 Ι.

3185 346 3328 414 1950

134 474 260 536 malo.
284 471 383 539 Qua
402 462 610 522 stultitia
638 463 805 536 (unde
846 464 1021 532 magis
1061 464 1347 522 dolemlum
1397 467 1525 536 est),
1562 465 1643 521 la-
1672 470 1718 531 Α
1745 466 1930 538 igitur,
1957 474 2217 538 quantum
2261 463 2424 526 valet,
2462 461 2638 518 oranti
2673 464 2965 536 pigritiam,
3013 470 3327 527 somnolen-

129 569 286 626 borant
327 558 463 616 hodie
484 557 685 628 plures,
713 556 831 627 plus
862 567 1210 629 paupertates
1235 567 1291 615 et
1325 558 1644 616 altlictiones

129 655 394 718 mundanas,
419 665 568 722 quam
600 649 727 704 vitia
749 659 806 706 et
827 662 1069 721 peccata,
1101 650 1182 707 vel
1211 660 1468 708 aeternam
1492 652 1646 708 dam-

125 749 356 809 nationem
390 742 660 814 fugientes,
713 742 940 815 plusque
985 744 1222 810 divitias,
1275 746 1528 807 honores,
1588 752 1644 801 et

125 837 335 912 gloriolas
363 832 667 898 mundanas,
697 849 858 905 quam
891 835 1152 905 jvirtutes,
1181 853 1453 909 quamque
1484 847 1646 894 reter-

120 946 224 990 nam
247 923 606 984 beatitudinem
633 934 970 996 appetentes.
992 925 1178 998 Itaque
1202 943 1299 998 pro
1327 925 1481 982 bouis
1508 937 1646 982 tem-

121 1022 366 1100 poralibus,
394 1016 684 1089 spiritualia
737 1029 792 1074 et
831 1027 1032 1075 aeterna
1073 1021 1214 1076 bona
1264 1028 1642 1076 contemnunt.

120 1118 345 1176 Vocantes
373 1112 506 1167 illum
535 1112 833 1184 sapientem
861 1115 954 1184 qui
988 1113 1310 1186 temporalia
1339 1116 1478 1169 bona
1507 1129 1645 1185 qua—

116 1224 293 1280 cunque
328 1216 467 1272 arte,
502 1221 825 1279 quacunque
874 1207 1065 1263 fraude
1088 1248 1103 1274 ,
1147 1221 1470 1279 quacunque
1511 1207 1644 1264 abo-

112 1301 366 1361 minatione
408 1299 553 1355 novit
602 1315 913 1373 aggregare.
944 1298 1053 1356 Sed
1107 1299 1350 1368 profecto
1397 1298 1521 1355 talis
1559 1316 1648 1356 sa-

111 1391 279 1467 pientia
313 1390 525 1446 stultitia
569 1402 655 1448 est
701 1394 846 1464 apud
902 1391 1093 1447 Deum.
1143 1392 1297 1450 Unde
1329 1391 1592 1450 Dominus
1628 1409 1643 1448 :

109 1483 326 1545 Perdant.
346 1483 530 1555 inquit,
544 1485 858 1554 sapientiam
886 1485 1224 1556 sapientium,
1245 1497 1294 1542 et
1317 1488 1648 1556 prudentiam

106 1577 400 1649 prudentium
421 1575 701 1646 reprobabo
724 1576 862 1647 (Isa.
881 1594 1009 1633 xxix
1027 1577 1083 1644 ;I
1105 1578 1228 1634 Cor.
1245 1579 1307 1652 ι).
1331 1579 1651 1648 Quomodo?

108 1670 337 1743 Quoniam
381 1669 664 1741 relinquent
693 1671 882 1728 alienis
918 1673 1309 1738 divitiassnas,
1337 1687 1384 1730 el
1410 1675 1651 1746 sepulcra

103 1779 257 1821 eorum
282 1763 458 1819 domus
480 1763 692 1820 illorum
736 1765 791 1821 in
815 1776 1068 1822 wternum
1097 1766 1272 1837 (Psal.
1298 1775 1510 1834 XLvIII).
1551 1767 1652 1824 Se-

103 1857 252 1913 cunda
280 1871 401 1911 vero
426 1871 550 1928 pars
582 1856 884 1929 prudentiae
920 1869 1027 1926 est,
1057 1868 1341 1930 postquam
1377 1859 1652 1930 sapienter

99 1947 404 2014 discreverit,
457 1950 730 2019 sapienter
776 1949 998 2021 eligere.
1046 1949 1193 2006 Nihil
1241 1953 1384 2007 enim
1432 1953 1654 2022 prodest

99 2041 346 2113 sapienter
370 2041 507 2096 inter
536 2043 736 2098 bontuu
763 2052 819 2098 et
844 2043 1065 2108 malum,
1084 2053 1140 2100 et
1166 2044 1346 2100 minus
1369 2045 1654 2114 majusoue

94 2131 269 2188 bonum
295 2133 626 2200 discernere,
656 2134 757 2191 nisi
784 2134 953 2207 eligas
983 2135 1126 2208 quod
1149 2137 1322 2208 magis
1349 2137 1656 2210 eligendum

94 2232 180 2283 est.
199 2225 342 2294 Quod
370 2225 530 2298 plane
556 2236 751 2284 contra
789 2242 890 2284 nos
918 2235 1002 2282 est
1046 2229 1336 2299 magistros
1370 2236 1425 2283 et
1472 2236 1657 2298 pasto-

89 2332 168 2378 res
191 2319 442 2390 plebium,
472 2320 589 2392 qui,
617 2337 742 2378 cum
779 2320 918 2378 bene
945 2322 1089 2379 inter
1118 2325 1319 2378 bonum
1347 2331 1404 2381 et
1430 2323 1656 2392 malum,

89 2408 314 2482 interque
352 2410 569 2468 minora
593 2422 647 2469 et
673 2411 880 2481 majora
909 2413 1051 2470 bona
1089 2414 1172 2470 vel
1200 2414 1340 2471 mala
1380 2416 1658 2472 discerna-

83 2517 210 2567 ntus.
233 2513 287 2560 et
318 2503 456 2561 alios
501 2505 634 2576 quid
675 2505 876 2577 eligere
921 2507 1156 2564 debeant
1189 2510 1516 2577 doceamus,
1557 2511 1660 2581 ipsi

85 2605 251 2653 tamen
285 2592 566 2655 scienter
592 2598 832 2660 deterius
865 2599 1137 2670 eligimus,
1180 2601 1501 2660 festinantes
1541 2605 1662 2676 plus

77 2689 223 2746 ditari
253 2705 416 2762 quam
439 2690 760 2759 iustiﬁcari,
788 2691 910 2765 plus
949 2693 1206 2749 honorari
1237 2697 1382 2767 apud
1405 2697 1660 2753 saeculum

78 2796 224 2853 quam
251 2782 393 2855 apud
427 2783 625 2840 Deum.
657 2782 764 2839 Sed
795 2784 925 2855 quid
962 2785 1163 2842 talibus
1212 2786 1491 2860 continget
1522 2788 1663 2844 lde-

71 2877 319 2932 scendent
352 2876 406 2932 in
442 2875 721 2933 infernum
759 2877 1024 2943 viventes,
1058 2879 1109 2934 id
1139 2889 1222 2936 est
1245 2881 1506 2949 scie'ztes,
1535 2882 1663 2954 quia

73 2965 264 3024 scilicet
293 2966 491 3038 majori
528 2969 672 3024 bono
705 2979 908 3042 spreto.
955 2972 1196 3028 deterius
1225 2973 1326 3029 sibi
1353 2973 1660 3047 elegerunt.

70 3057 237 3116 Tertia
278 3078 409 3134 pars
435 3063 747 3134 prudentiae
772 3073 877 3129 est,
894 3065 1127 3121 electum
1158 3065 1359 3122 bonum
1382 3067 1665 3138 sapienter

67 3152 363 3223 acquirere.
391 3152 651 3211 Electum
674 3165 856 3211 autem
896 3155 1096 3212 bonum
1123 3157 1396 3229 sapienter
1410 3158 1639 3230 acquirit

59 3201 156 3315 ᾇᾶἶ
166 3201 717 3319 3.;;.‘.'.:“..;;.;.;;.;,
752 3201 1412 3322 «ιὶὶζιιιῖ”ὶειὲἐί’ίιῖεἰ;ζιεξὶ,
1436 3201 1508 3307 εξζὶ
1534 3201 1667 3309 alii

59 3333 363 3394 habendum
418 3339 625 3396 tendit.
676 3340 854 3408 Quod,
889 3339 1088 3396 fratres
1125 3343 1252 3408 mei,
1279 3353 1470 3398 contra
1501 3360 1668 3415 quos-

55 3429 176 3488 dam
236 3442 508 3490 nostrum
569 3443 674 3502 est,
705 3436 798 3508 qui
832 3449 957 3492 cum
1013 3435 1235 3491 tendere
1283 3436 1349 3490 ad
1396 3452 1668 3493 sunnnum

53 3519 676 3599 bonumelegerimus,
731 3541 838 3584 non
889 3537 1073 3583 tamen
1131 3527 1384 3598 expedite
1424 3528 1489 3584 ad
1542 3529 1670 3585 illud

51 3614 347 3683 tendimus,
379 3616 488 3673 sed
520 3617 672 3673 curis
719 3617 1063 3673 saecularium
1115 3619 1454 3690 negotiorum
1483 3629 1538 3675 et
1577 3636 1674 3676 cu-

47 3708 340 3787 piditatum
369 3727 484 3766 nos
523 3709 898 3777 retardamus;
919 3727 1024 3768 non
1051 3714 1391 3769 attendentes
1417 3715 1672 3784 quoniam

42 3799 136 3871 qui
169 3801 231 3857 in
276 3814 466 3870 agone
518 3802 808 3867 contendit,
847 3804 912 3856 ab
954 3805 1194 3859 omnibus
1238 3821 1293 3860 se
1346 3805 1572 3860 abstinet
1620 3803 1673 3878 (Ι

41 3889 163 3948 Cor.
194 3894 280 3966 Ix)
317 3893 494 3952 Unde
522 3903 579 3951 et
627 3910 747 3951 cum
775 3894 955 3968 Moyse
976 3912 1005 3950 a
1029 3893 1239 3962 Jethro,
1283 3895 1335 3951 id
1365 3906 1447 3952 est
1475 3913 1504 3951 a
1539 3912 1675 3969 quo-

36 3981 168 4041 libet
213 3987 494 4045 εει-θυιεηί
569 3988 1050 4060 reprehendimur,
1081 3987 1249 4060 quod,
1290 3989 1486 4046 divinis
1513 3989 1675 4046 rebus

34 4079 416 4151 contemptis,
444 4077 622 4133 stulto
669 4078 852 4135 labore
886 4080 1229 4136 saeuiat-ium
1265 4095 1671 4138 consumamur.

37 4164 222 4235 Unde,
261 4168 497 4227 fratres
530 4170 659 4234 mei,
687 4171 1099 4243 acquiescamus
1144 4171 1376 4229 consilio
1427 4173 1671 4244 gentilis,

26 4269 83 4316 et
131 4261 439 4334 eligamus
490 4261 708 4332 aliquos
757 4272 1164 4334 procuratores,
1221 4264 1313 4334 qui
1368 4278 1468 4336 pro
1521 4265 1677 4321 nobis

22 4362 455 4426 portent‘onus
514 4369 774 4412 curarum
825 4355 1190 4420 satcularium,
1223 4365 1284 4412 ut
1325 4371 1428 4412 nos
1453 4354 1680 4414 liberius

18 4443 411 4504 intendamus
454 4446 518 4504 in
549 4447 636 4505 his
655 4461 777 4518 qua:
797 4458 926 4504 sunt
955 4447 1023 4502 ad
1063 4447 1249 4503 Deum.

95 4539 396 4597 Secundo
423 4556 541 4597 nos
569 4541 819 4597 hortatur
847 4541 915 4596 ad
945 4541 1251 4597 orationem
1283 4556 1406 4598 cum
1452 4543 1674 4600 subdit:

11 4628 88 4686 Et
111 4632 358 4704 vigilate
383 4634 452 4688 in
478 4631 834 4689 orationibus.
859 4631 1012 4700 Quod
1034 4633 1180 4688 enim
1212 4649 1311 4706 per
1335 4634 1680 4704 prudentiam

10 4724 181 4795 sequi
233 4725 335 4781 vel
373 4723 578 4779 vitare
629 4723 927 4795 elegimus,
961 4725 1065 4780 hoc
1095 4725 1368 4797 praecipue
1413 4740 1510 4797 per
1555 4741 1682 4782 ora-

7 4817 233 4873 tionem
298 4816 719 4888 impetramus.
770 4815 874 4874 Per
905 4819 1211 4873 orationem
1255 4819 1454 4890 quippe
1493 4829 1548 4876 et
1593 4820 1680 4876 in-

11 4907 199 4966 snltus
239 4908 603 4965 daemonum
629 4907 712 4963 vel
745 4909 997 4965 vitiorum
1036 4920 1093 4966 et
1137 4911 1408 4980 fugamus,
1434 4922 1490 4967 et
1512 4912 1683 4967 virtu-

3 5009 86 5058 tes
114 5002 430 5074 donaque
463 5001 710 5072 Spiritus
733 5003 932 5067 sancti,
975 5013 1343 5075 aeternamque
1389 5004 1682 5062 beatitudi-

7 5107 138 5149 nem
175 5095 626 5165 impetramus,
654 5093 922 5150 Caeterum
959 5096 1221 5166 quoniam
1268 5096 1562 5164 daemones,
1587 5097 1677 5168 qui

0 5201 320 5257 nunquam
361 5184 699 5251 dormiunt,
737 5184 830 5242 sed
864 5202 1078 5258 semper
1120 5195 1246 5242 sunt
1283 5189 1471 5259 vigiles
1517 5190 1570 5246 iu
1601 5190 1685 5245 in-

3 5278 315 5342 tidiantlo,
389 5293 542 5344 nos,
594 5289 858 5350 quantum
903 5279 1208 5352 possimus,
1250 5295 1468 5353 semper
1513 5283 1685 5338 simus

0 5373 203 5442 *igiles
241 5375 312 5430 in
341 5371 616 5435 orando,
637 5371 792 5444 juxta
829 5373 970 5442 quod
999 5373 1293 5445 Apostolus
1316 5374 1442 5431 alibi
1475 5382 1683 5442 mouet,

3 5461 288 5534 Vigilare,
361 5460 601 5532 inquit,
655 5463 708 5518 iu
755 5463 1113 5529 orationibus,
1156 5453 1296 5535 iquia
1349 5465 1682 5520 adversarius

0 5566 170 5611 ester
195 5550 550 5614 diabolus.
590 5564 840 5626 tanquam
866 5559 945 5613 leo
973 5559 1209 5628 rugiens,
1242 5559 1428 5614 circuit
1446 5575 1685 5631 quwrens

3 5667 152 5704 nem
183 5650 472 5706 devoret
513 5645 564 5718 (I
607 5645 750 5706 Petr.
787 5651 860 5721 v).
885 5650 1153 5719 Quoniam
1183 5667 1313 5708 vero
1343 5668 1440 5724 per
1481 5653 1685 5708 oratio-

0 5759 104 5800 em
148 5742 795 5817 praecipne'diabolns
830 5757 1194 5819 expugnatur,
1233 5748 1362 5804 hinc
1408 5758 1492 5803 est
1542 5744 1687 5818 quod

0 5847 303 5903 mntem,
330 5841 651 5907 qusalttum
680 5839 853 5907 valet,
875 5838 1134 5909 impedire
1165 5848 1415 5896 conatur.
1440 5838 1688 5894 Immittit

193 5956 442 6022 PATR
454 5967 578 6014 OL.
624 5950 802 6017 CLV.

1747 562 1902 626 tiam,
1941 560 2145 615 alienas
2173 573 2452 627 vanosque
2487 557 2861 626 cngitationcs.
2897 560 2962 612 At
2989 578 3084 616 nos
3115 574 3325 629 contra,

1745 665 1805 710 ut
1839 663 2023 710 monet
2059 651 2375 723 Apostolus,
2405 650 2780 722 vigilemus,et
2825 653 3188 710 inunissioues
3214 655 3333 726 ejus

1745 747 1918 804 malas
1963 756 2223 818 quantum
2274 741 2564 815 possimus,
2600 742 2924 813 repellamus
2953 761 2967 799 :
2998 744 3152 812 juxta
3185 747 3332 817 quod

1745 842 1942 914 legitur
1992 841 2059 896 de
2106 840 2378 895 Abraham
2422 857 2436 892 :
2484 837 2872 894 Descenderam
2932 841 3162 895 volucres
3215 841 3333 898 εωιὶ

1745 951 1903 1005 super
1944 934 2232 1002 sacriﬁcia,
2255 943 2302 986 et
2334 931 2572 1002 abigebat
2610 948 2698 986 eos
2735 933 2999 987 Abraham
3029 931 3181 1002 (Gen.
3216 937 3330 1006 xv).

1747 1025 1900 1081 Tunc
1928 1034 2132 1090 autem,
2170 1022 2366 1079 fratres
2396 1024 2533 1088 mei,
2561 1018 2702 1080 bene
2733 1023 3018 1094 vigilamus
3054 1026 3104 1078 in
3134 1027 3337 1082 oratio-

1747 1116 1924 1180 nibus,
1951 1117 1996 1172 si
2041 1131 2149 1172 non
2183 1116 2355 1171 solum
2410 1130 2658 1186 corpore,
2709 1117 2802 1172 sed
2851 1117 3012 1172 etiam
3063 1128 3244 1173 mente
3283 1129 3340 1174 et

1747 1208 2001 1280 operibus
2046 1207 2352 1279 vigilamus.
2385 1207 2486 1276 Qui
2533 1222 2662 1263 vero
2693 1209 2811 1264 solo
2860 1225 3087 1279 corpore
3119 1210 3170 1264 iu
3208 1225 3335 1265 ora.

1753 1300 1896 1356 tione
1931 1300 2138 1371 vigilat,
2160 1311 2215 1356 et
2243 1317 2404 1372 opere
2431 1301 2515 1358 vel
2565 1312 2741 1357 mente
2780 1303 2831 1358 in
2863 1314 3086 1372 peccato
3114 1304 3337 1372 dormit,

1752 1391 1874 1448 talis
1899 1392 2143 1465 profecto
2188 1408 2296 1449 non
2343 1393 2590 1465 vigilare,
2637 1397 2732 1450 sed
2763 1397 2944 1466 potius
2992 1396 3230 1451 dormire
3280 1394 3340 1452 in

1750 1486 1999 1540 oratione
2026 1485 2286 1540 dicendus
2309 1495 2410 1540 est.
2443 1486 2569 1542 Plus
2614 1487 2756 1542 enim
2791 1487 3116 1557 perveniunt
3145 1490 3213 1541 ad
3245 1501 3344 1543 aII-

1753 1592 1841 1632 res
1875 1576 2085 1631 Domini
2115 1587 2325 1631 mentes
2354 1593 2516 1646 quam
2551 1593 2730 1640 voces,
2762 1595 2926 1650 opera
2958 1596 3119 1651 quam
3150 1581 3338 1636 verba.

1753 1667 1938 1737 Itaque
1987 1666 2206 1731 fratres,
2234 1676 2359 1721 ante
2403 1667 2588 1723 oculos
2636 1679 2850 1725 nostros
2875 1686 3136 1741 ponamus
3165 1673 3342 1727 duos:

1753 1775 1919 1814 unum
1977 1758 2232 1814 videlicet
2263 1759 2529 1828 iniquum,
2570 1761 2660 1828 qui
2693 1759 2808 1814 solo
2850 1775 3075 1830 corpore
3115 1761 3345 1834 vigilans

1684 1836 1727 1892 Β
1753 1863 1894 1920 orat,
1915 1863 1970 1908 et
2001 1853 2230 1908 alterum
2250 1852 2482 1924 jusuuu,
2509 1853 2599 1923 qui
2641 1869 2705 1908 es
2733 1854 3129 1907 consuetudine
3150 1853 3346 1909 orandi

1754 1951 1918 2006 etiam
1942 1948 2216 2002 dormiens
2235 1955 2372 2002 orat.
2403 1947 2550 2012 Dico,
2576 1945 2792 2010 fratres,
2815 1947 3066 2016 quoniam
3096 1946 3185 2000 ille
3209 1943 3372 2016 vigi-‘

1757 2041 1876 2097 laus
1909 2041 2111 2096 dormit
2139 2041 2190 2094 in
2219 2041 2489 2108 oratione,
2520 2049 2575 2095 et
2627 2040 2730 2095 iste
2771 2040 3049 2094 dormiens
3079 2038 3264 2109 vigilat
3295 2037 3350 2093 in

1757 2137 2025 2201 oratione,
2073 2135 2188 2206 qui,
2226 2135 2326 2191 etsi
2379 2134 2614 2189 dormiat
2673 2149 2928 2204 corpore,
2979 2144 3160 2188 tamen
3212 2133 3351 2188 bona

1759 2231 1871 2287 vita
1897 2230 2206 2299 bonumque
2236 2228 2567 2300 propositum
2614 2219 2774 2282 orant
2801 2243 2899 2298 pro
2942 2243 3025 2282 eo.
3061 2226 3200 2292 Vidi,
3230 2226 3350 2280 fra-

1761 2334 1876 2382 tres
1904 2324 2242 2380 sacerdotem
2290 2322 2578 2394 quemdam
2619 2320 2962 2385 morieutem,
2987 2318 3080 2390 qui
3129 2334 3250 2374 cum
3281 2307 3369 2374 add

1763 2417 1817 2473 id
1845 2416 2156 2472 devenisset
2189 2425 2244 2469 ut
2269 2414 2400 2470 nihil
2437 2415 2487 2468 in
2514 2415 2616 2470 hoc
2658 2412 2855 2470 saeculo
2891 2412 3232 2484 intelligeret,
3271 2421 3357 2469 ta-

1764 2523 1890 2565 men
1925 2522 1990 2563 ex
2025 2506 2182 2579 longa
2226 2523 2386 2578 quam
2421 2507 2610 2563 vivens
2654 2517 3011 2563 consueverat
3057 2516 3352 2562 consuetu-

1765 2600 1897 2657 dine
1947 2601 2113 2656 etiam
2172 2602 2413 2656 moriens
2455 2599 2665 2654 divinas
2720 2597 2907 2654 laudes
2949 2613 3053 2653 non
3105 2598 3358 2655 cessabat

1765 2692 2138 2763 frequentare.
2192 2691 2668 2758 Assuefaciamus,
2717 2691 2922 2762 itaque,
2974 2690 3174 2748 fratres
3219 2691 3354 2758 mei,

1767 2800 1867 2842 nos
1891 2788 1958 2842 ad
1984 2785 2272 2852 orandum,
2301 2801 2407 2842 non
2437 2785 2548 2842 sola
2585 2799 2738 2851 voce,
2773 2786 2866 2842 sed
2901 2785 3063 2840 etiam
3094 2794 3274 2841 mente
3301 2793 3360 2840 et

1766 2877 1965 2950 opere.
2003 2880 2304 2952 Surgamus
2351 2895 2475 2936 cum
2519 2874 2807 2934 Psalmista
2859 2877 3035 2934 media
3082 2889 3242 2934 nocte
3287 2877 3358 2934 ad

1767 2971 2133 3028 conﬁtendum
2171 2961 2408 3026 Domino
2433 2967 2609 3039 (f’sal.
2646 2970 2857 3038 cxvtu).
2890 2968 3107 3039 Septies
3143 2983 3360 3041 quoque

1768 3063 1818 3120 ei
1849 3063 2060 3118 laudem
2095 3061 2433 3125 dicamus.in
2460 3059 3047 3126 matutinis,laudibus,
3071 3059 3125 3114 in
3162 3063 3357 3130 prima,

1695 3198 1739 3258 Ο
1770 3155 1824 3210 in
1848 3154 2027 3220 tertia,
2046 3153 2096 3207 in
2115 3163 2288 3220 sexta,
2309 3154 2360 3207 iu
2381 3169 2543 3219 noua,
2566 3153 2616 3207 in
2643 3167 2884 3224 veSpere,
2911 3153 2961 3206 in
2984 3153 3358 3223 completorio;

1773 3248 1882 3305 imo
1923 3247 2183 3318 quidquid
2248 3247 2495 3309 facimus,
2550 3245 2664 3300 sive
2709 3245 2923 3300 eximus
2967 3246 3205 3308 domum,
3245 3245 3363 3302 sive

1773 3341 2033 3404 redimus,
2063 3342 2178 3396 sive
2204 3339 2479 3403 sedemus,
2505 3336 2618 3392 sive
2641 3338 2938 3407 surgimus.
2964 3337 3076 3392 sive
3101 3338 3363 3408 quidquid

1771 3429 1916 3484 aliud
1965 3429 2212 3492 facimus,
2260 3441 2474 3497 semper
2525 3427 2772 3482 oratione
2817 3443 2915 3482 nos
2966 3443 3260 3491 arinenius,
3303 3437 3364 3487 ut

1771 3536 1839 3578 ex
1885 3521 2042 3593 longa
2098 3520 2516 3582 consuetudine,
2554 3519 2715 3574 etiam
2751 3519 3081 3576 dormientes
3122 3522 3204 3576 vel
3241 3536 3364 3578 Ino-

1775 3617 2000 3679 rientes,
2024 3630 2131 3672 non
2183 3613 2456 3685 possimus
2494 3629 2600 3668 non
2637 3628 2816 3669 orare.
2858 3611 2913 3668 Si
2954 3613 3096 3668 enim
3130 3629 3236 3669 non
3278 3621 3365 3672 est

1773 3708 1892 3764 sine
1933 3717 2156 3779 peccato
2195 3709 2337 3778 quod
2384 3709 2602 3780 iniquus
2645 3722 2713 3763 ex
2761 3707 3151 3764 consuetudine
3195 3709 3366 3768 etiam

1773 3800 2054 3857 dormiens
2099 3801 2271 3874 jurat,
2317 3818 2423 3857 non
2476 3809 2559 3858 est
2588 3802 2705 3858 sine
2748 3802 2944 3858 merito
2990 3803 3134 3874 quod
3183 3799 3367 3874 justus

1776 3896 1942 3952 etiam
1987 3895 2263 3951 dormiens
2297 3903 2435 3951 orat.
2680 3967 2682 3969 g

1848 3988 2035 4046 Tertio
2061 4005 2160 4045 nos
2195 3991 2444 4045 hortatur
2467 3987 2755 4060 Apostolus
2784 3989 2851 4044 ad
2877 3989 3367 4056 charitatem,cum

1777 4081 1962 4138 Subdit
1991 4099 2004 4136 :
2032 4083 2164 4137 Ante
2188 4084 2387 4150 omnia,
2408 4077 2597 4154 fratres
2616 4082 2984 4144 ntei,mutuam
3006 4083 3060 4137 in
3091 4083 3368 4140 vobismet-

1776 4172 1906 4234 ipsis
1934 4168 2245 4248 charitatem
2279 4164 2580 4227 continuam
2610 4174 2876 4229 habentes.
2913 4173 3120 4230 Bonum
3144 4175 3367 4248 quippe,

1779 4263 1923 4334 quod
1952 4279 2050 4336 per
2077 4265 2394 4337 sapientiam
2425 4265 2676 4336 eligimus
2712 4275 2770 4323 et
2817 4283 2914 4339 per
2938 4269 3241 4354 orationem
3270 4285 3370 4343 po-

1781 4354 2122 4420 stulavimus,
2154 4369 2250 4426 per
2289 4357 2614 4413 charitatem
2662 4359 3024 4428 possidemus.
3075 4359 3178 4428 Qui
3221 4361 3369 4417 enim

1782 4448 1877 4504 Dei
1912 4448 2236 4526 Charitelen]
2287 4449 2487 4516 habet,
2527 4451 2772 4522 profecto
2808 4451 2919 4522 jam
2953 4452 3120 4507 Deum
3177 4453 3367 4518 habet,

1712 4563 1758 4621 υ
1783 4543 1920 4612 Quia
1950 4542 2093 4598 Deus
2116 4542 2356 4599 charitas
2391 4540 2562 4613 est‘(l
2595 4543 2755 4598 Joan.
2789 4559 2888 4608 IV),
2935 4545 2986 4598 in
3019 4558 3077 4598 se
3103 4546 3370 4601 essentia-

1784 4635 1927 4701 liter,
1953 4645 2008 4690 et
2047 4635 2100 4692 in
2129 4635 2284 4692 nobis
2331 4635 2642 4691 causaliter.
2672 4635 2924 4691 Charitas
2955 4637 3154 4708 quippe
3180 4645 3266 4694 est
3287 4637 3371 4696 di.

1783 4726 2102 4800 lectio,'qua
2145 4729 2420 4801 diligimus
2473 4727 2640 4783 Deum
2686 4737 2910 4798 propter
2959 4744 3040 4793 se,
3082 4739 3137 4784 et
3169 4745 3268 4786 nos
3315 4739 3372 4788 et

1783 4821 2092 4893 proximum
2121 4829 2340 4891 propter
2370 4821 2556 4874 Deum.
2589 4819 2652 4874 Et
2690 4818 2857 4873 Deum
2886 4821 3126 4890 quidem,
3153 4820 3370 4890 fratres,

1782 4922 2008 4984 propter
2042 4927 2102 4966 se
2124 4911 2382 4965 debemus
2406 4909 2630 4984 diligere
2671 4908 2867 4979 triplici
2903 4910 2968 4964 de
3003 4925 3200 4966 causa:
3232 4928 3371 4983 quo-

1783 5006 1929 5061 niam
1959 5004 2276 5059 naturaliter
2315 5003 2367 5058 in
2398 5018 2456 5058 se
2489 4997 2568 5058 est
2602 5003 2777 5058 bonus
2805 5011 2860 5058 et
2885 5003 3205 5074 diligendus,
3243 5020 3374 5069 quo-

1785 5099 1931 5155 niam
1987 5099 2136 5169 prior
2188 5112 2288 5152 nos
2329 5095 2598 5167 diligendo
2640 5096 2837 5152 meruit
2885 5095 3069 5166 diligi,
3111 5097 3382 5166 quoniam-

1783 5191 2129 5247 utilissimum
2156 5199 2239 5245 est
2265 5204 2387 5243 eum
2419 5189 2664 5259 diligere.
2694 5188 3006 5244 Proximum
3047 5205 3180 5246 vero
3209 5189 3375 5247 debe-
3433 5224 3438 5231 ι

1785 5299 1907 5341 mus
1951 5282 2194 5353 diligere.
2227 5298 2332 5338 nou
2381 5292 2602 5354 propter
2654 5298 2730 5348 se,
2775 5283 2869 5337 scd
2928 5291 3151 5354 propter
3183 5283 3370 5352 Deum,

1784 5377 1910 5447 quia
1942 5375 2148 5431 scilicet
2176 5384 2264 5430 est
2308 5390 2443 5446 opus
2472 5375 2586 5439 Dei,
2619 5375 2743 5445 quia
2783 5375 2944 5446 jussit
2979 5375 3128 5431 illum
3165 5393 3193 5430 a
3221 5377 3374 5433 nobis

1785 5468 1956 5541 diligi,
1983 5469 2107 5538 quia
2138 5477 2222 5523 est
2244 5468 2436 5532 bonus,
2467 5467 2549 5522 vel
2583 5477 2638 5522 ut
2661 5469 2734 5541 [sit
2759 5468 2950 5523 bonus.
2981 5469 3034 5522 III
3063 5471 3203 5523 bono
3226 5469 3373 5524 enim

1785 5571 1841 5619 et
1865 5579 1969 5619 non
2002 5561 2055 5616 in
2086 5561 2248 5628 malo,
2274 5561 2358 5616 vel
2406 5577 2502 5616 nos
2554 5559 2635 5613 vel
2686 5562 2990 5632 proximum
3026 5561 3250 5630 diligere
3281 5563 3376 5615 de-

1785 5653 1995 5712 bemus.
2015 5653 2069 5708 ln
2099 5653 2239 5708 malo
2264 5655 2461 5724 quippe
2486 5653 2566 5707 vel
2593 5669 2651 5709 se
2682 5654 2762 5708 vel
2794 5654 3104 5723 proximum
3129 5651 3374 5726 diligere,

1786 5763 1894 5804 non
1922 5756 2007 5802 est
2056 5747 2301 5816 diligere,
2341 5747 2432 5801 sed
2484 5749 2683 5803 odisse.
2718 5747 2967 5820 Magnam
3013 5762 3141 5818 ergo
3172 5745 3372 5801 discre-

1789 5838 1990 5896 tionem
2032 5840 2086 5895 in
2127 5841 2410 5898 dilectione
2442 5842 2564 5898 mali
2603 5836 3130 5912 proximidebemus
3175 5839 3377 5898 habere

2935 5957 3002 6018 6t
