3826 6338
28 332 162 402 ι933

737 337 1042 398 ΠΟΜιΕΙᾸΞ
1083 339 1147 396 IN
1181 339 1398 403 EPIST.
1444 343 1528 400 ΕΤ
1568 344 1587 396 l

1692 345 1826 404 tuo.
1863 345 2166 422 DOMINlC.
2201 375 2272 424 τ-
2304 349 2486 412 ΡΑΒὸ
2521 351 2563 404 ι.

3138 359 3276 422 1958

22 457 414 532 persecutiones
476 457 557 512 cis
618 465 876 518 venturas
931 458 1308 524 demonstrat;
1364 467 1586 530 quarto,
1619 461 1664 526 Α
1695 475 1794 516 nos
1839 477 1870 517 a
1922 463 2171 519 sordilms
2209 466 2411 522 nostris
2453 466 2772 536 sanctificet,
2810 484 3030 529 veraces
3057 475 3273 542 efﬁciat,

17 563 178 622 quare
201 549 312 606 hrec
335 548 572 618 prmdieit
592 550 844 606 ostendit.
878 550 1125 608 Prmdicit
1155 566 1282 622 ergo
1308 549 1388 610 eis
1419 551 1592 622 primo

22 659 77 702 sc
105 642 387 698 missurum
432 640 691 714 Spiritum
736 653 1004 710 sanctum,
1037 661 1158 702 cmn
1192 645 1265 700 ait
1301 663 1314 699 :
1348 644 1476 699 Cum
1510 660 1593 699 rev

19 739 144 792 nerit
175 732 482 796 Parui-lctus
503 753 650 808 quem
677 754 768 810 ego
799 738 1001 792 mittant
1031 739 1168 796 vobis
1199 755 1230 793 α
1263 736 1444 802 Patre,
1474 735 1595 810 Spi-

19 831 168 884 ritum
208 830 440 885 veritatis
467 830 556 902 qui
590 847 620 886 a
661 829 821 888 l’utre
845 832 1098 904 procedit.
1147 829 1250 886 Sed
1289 829 1467 888 nullus
1500 847 1593 886 ve-

18 933 204 988 strum,
239 921 436 980 fratres
479 924 806 989 charissimi,
845 942 965 980 cum
997 925 1144 980 audit
1170 925 1251 981 vel
1277 925 1587 1000 adventum,

17 1013 94 1068 vel
141 1014 471 1088 missionem,
519 1016 601 1071 vel
660 1017 1068 1074 descensionem
1116 1017 1348 1088 Spiritus
1390 1015 1588 1086 sancti,

16 1107 235 1165 localem
269 1109 526 1182 intelligat
555 1108 789 1180 Spiritus
809 1112 979 1174 sancti
1013 1109 1324 1166 motionem.
1357 1107 1590 1180 Spiritus

15 1200 149 1255 cnim
190 1210 560 1272 sanctast-um
591 1202 662 1260 sit
697 1217 860 1271 unum
903 1217 1026 1262 eum
1065 1201 1225 1264 Patre
1264 1210 1320 1257 et
1368 1199 1504 1256 Filio
1534 1201 1588 1270 in

13 1293 339 1357 substantia,
379 1305 433 1354 et
467 1293 607 1348 sicut
647 1292 1069 1350 substantialiter
1111 1292 1294 1348 omnia
1331 1289 1588 1364 c0tnplet,

15 1383 80 1436 ita
111 1397 206 1438 nec
246 1384 504 1438 accedere
541 1399 640 1440 nec
685 1383 937 1440 recedere
970 1383 1213 1441 localiter
1253 1392 1445 1454 potest.
1480 1382 1588 1440 Sed

14 1483 132 1530 tunc
157 1475 393 1544 Spiritus
434 1485 656 1531 sanctus
684 1476 750 1530 ad
789 1491 887 1532 nos
913 1476 1096 1531 venire
1130 1473 1216 1530 vel
1259 1473 1590 1530 descendere

8 1567 220 1629 dicitur,
261 1581 383 1632 eum
431 1565 483 1630 in
527 1581 625 1622 nos
673 1568 869 1622 donum
898 1576 956 1621 et
984 1566 1154 1637 gratia
1186 1563 1303 1633 ejus
1332 1564 1587 1632 mittitur,

4 1659 300 1720 scciindum
350 1671 558 1732 tropum
599 1659 690 1730 qui
738 1659 1063 1732 metonymia
1121 1659 1339 1723 dicitur.
1373 1657 1590 1732 quando

0 1752 257 1808 videlicet
280 1753 420 1821 quod
451 1762 534 1807 est
560 1752 682 1808 doni
707 1753 999 1808 asci-ibitnr
1019 1752 1250 1808 auctori.
1277 1749 1586 1818 Secundum

0 1848 95 1904 hoc
124 1845 262 1902 dicit
294 1843 549 1910 Joannes,
577 1847 717 1917 quod
751 1858 958 1917 septem
988 1856 1111 1902 sunt
1147 1845 1382 1917 Spiritus
1410 1828 1590 1900 simcti

1 1941 141 1996 missi
164 1941 214 1994 in
242 1953 456 2000 omnem
483 1949 702 2004 terram,
727 1939 981 2010 quoniam
1006 1938 1212 1994 scilicet
1232 1946 1360 1993 sunt
1381 1947 1586 2007 septem

5 2034 134 2098 dona
165 2031 303 2104 ejus,
349 2049 467 2104 quae
517 2031 762 2089 fidelibus
811 2048 908 2102 per
937 2033 1124 2088 orbem
1167 2031 1590 2094 distribuuntur.

5 2127 104 2183 Sed
131 2129 215 2184 hic
246 2127 704 2182 considerandum
735 2134 838 2193 est,
864 2124 1060 2180 fratres
1089 2123 1422 2186 charissimi,
1455 2137 1590 2194 quo-

5 2222 141 2278 niam
173 2237 278 2278 non
313 2233 531 2298 propter
555 2221 803 2293 qna-libet
837 2222 974 2276 ilona
1011 2237 1104 2276 sua
1137 2219 1333 2276 dicitur
1356 2217 1590 2290 Spiritus

4 2325 213 2374 sanctus
243 2317 409 2372 mitti.
444 2317 499 2374 Si
538 2317 682 2371 enim
713 2314 804 2372 det
839 2315 998 2371 alieni
1038 2313 1318 2370 scientiam
1357 2312 1440 2366 vel
1487 2326 1585 2384 po-

6 2411 244 2478 tentiam,
279 2409 363 2464 vel
395 2408 722 2480 hnjusmodi,
753 2424 872 2482 qua:
915 2408 1079 2464 etiam
1123 2423 1152 2461 a
1202 2405 1356 2462 malis
1387 2404 1587 2461 haben-

5 2512 104 2566 tur,
139 2519 242 2558 non
267 2503 393 2557 ideo
429 2503 622 2558 dicitur
651 2503 885 2574 Spiritus
916 2508 1136 2556 sanctus
1173 2498 1224 2553 in
1251 2514 1372 2553 eum
1403 2495 1586 2562 mitti;

5 2597 94 2656 Sed
120 2606 346 2666 propter
369 2611 429 2652 ca
463 2593 573 2652 sola
603 2595 740 2652 dona
770 2611 891 2666 qua:
923 2594 1192 2656 hominem
1225 2590 1585 2652 sanctificant,

4 2699 60 2743 ut
85 2699 164 2745 est
201 2689 464 2756 charitas,
497 2687 850 2752 continentia,
885 2685 1255 2742 misericordia
1290 2693 1344 2738 et
1377 2691 1588 2746 eteterze

5 2784 248 2848 virtutes,
280 2780 483 2836 dicitur
513 2779 670 2834 mitti.
704 2777 875 2842 Unde,
922 2776 1120 2832 fratres
1165 2775 1289 2840 mei,
1316 2775 1588 2832 desidem-

7 2889 120 2928 mus
142 2885 195 2930 et
219 2874 528 2930 laboremus
550 2872 815 2934 obtinere,
846 2888 949 2926 non
995 2887 1058 2926 ea
1102 2869 1240 2925 dmm
1271 2885 1390 2948 qnze
1421 2868 1584 2924 etiam

5 2971 124 3026 mali
153 2971 378 3033 habent,
406 2969 501 3026 sed
545 2968 631 3023 illa
675 2983 796 3044 qute
823 2965 920 3022 soli
963 2963 1162 3022 habent
1204 2963 1353 3026 boni.
1397 2970 1452 3018 et
1488 2973 1588 3036 per

4 3079 117 3136 qua:
173 3063 432 3136 Spiritum
487 3070 734 3120 SitllCltltt'l
788 3067 1065 3128 merentur
1115 3057 1317 3124 habere
1368 3071 1584 3128 posses-

1696 553 1975 624 amabiles,
2003 555 2300 612 concordes
2325 567 2379 610 et
2407 556 2666 627 benignos
2694 561 2903 616 reddat.

1767 643 2038 713 Secundo,
2064 648 2190 718 quid
2233 647 2467 718 Spiritus
2500 659 2718 705 sanctus
2750 650 2803 706 in
2836 653 3124 728 discipulos
3147 671 3275 732 ope-

1695 749 1846 795 ratus
1883 739 1974 804 sit,
1997 739 2233 796 ostendit
2280 759 2400 797 cmn
2445 742 2754 822 subjungit:
2789 744 2889 800 Ille
2923 751 3272 808 testimonium

1693 833 1978 902 perhibebit
2005 834 2069 890 de
2097 851 2194 890 me.
2229 835 2554 908 Tripliciter,
2585 837 2802 902 fratres,
2831 839 3076 910 perbibet
3105 842 3274 914 Spiri-

1695 932 1782 980 tus
1829 936 2047 983 sanctus
2091 927 2454 988 testimonium
2499 930 2564 984 de
2610 929 2846 994 Christo,
2891 934 3031 1004 quod
3064 934 3174 1008 ipse
3206 938 3274 992 sit

1692 1016 1862 1074 Filius
1891 1018 1984 1075 Dei
2011 1037 2028 1076 :
2057 1035 2152 1092 per
2189 1021 2567 1078 miraculorum
2613 1032 2667 1080 et
2703 1023 2960 1080 virtutum
3003 1028 3275 1100 Operatio-

1693 1123 1848 1176 netn;
1885 1125 1981 1180 per
2007 1110 2317 1168 interiorem
2351 1111 2402 1168 in
2432 1113 2685 1170 cordibus
2727 1113 3004 1170 hominum
3040 1115 3274 1188 inSpira-

1694 1200 1938 1270 tionem;
1992 1217 2089 1270 per
2157 1203 2554 1278 prmdicationis
2623 1205 3075 1262 testificationem.
3140 1208 3274 1264 Aliis

1692 1290 1889 1370 quippe
1907 1293 2174 1364 persuasit
2195 1295 2417 1354 credere
2441 1295 2672 1367 Spiritus
2691 1309 2910 1356 sanctus
2928 1300 2978 1354 in
2997 1299 3272 1358 Christum

1692 1399 1789 1464 per
1814 1384 2072 1442 miracula
2111 1395 2163 1441 et
2193 1389 2443 1454 virtutes,
2472 1389 2591 1446 aliis
2627 1406 2724 1460 per
2755 1391 3067 1447 interiorem
3108 1393 3273 1462 inspi-

1693 1475 1997 1546 rationem;
2027 1479 2150 1538 aliis
2185 1495 2282 1550 per
2315 1481 2637 1540 exteriorem
2670 1485 3131 1552 prcedicationem.
3167 1484 3274 1541 'l’e-

1693 1569 2005 1624 stimonium
2041 1573 2239 1646 quippe
2275 1572 2508 1644 Spiritus
2539 1585 2757 1630 sanctus
2785 1577 3001 1632 Christo
3027 1577 3274 1648 perbibet

1693 1663 2077 1736 mctonymice,
2105 1664 2229 1718 dum
2258 1664 2502 1722 homines
2527 1666 2574 1720 ei
2609 1667 2969 1724 testimonium
2991 1667 3121 1732 facit
3146 1683 3273 1740 per-

1695 1756 1900 1813 hibere.
1930 1756 2083 1816 Unde
2111 1767 2163 1814 et
2187 1758 2367 1815 subdit
2396 1801 2408 1814 .
2440 1759 2504 1816 Et
2535 1777 2620 1816 vos
2655 1763 3005 1816 testimonium
3032 1763 3273 1833 perhibe-

1694 1850 1833 1905 bitis.
1862 1851 1938 1906 Ac
1959 1851 2002 1906 si
2028 1851 2229 1908 diceret
2254 1869 2268 1908 :
2291 1853 2395 1908 Vos
2423 1852 2584 1908 etiam
2614 1854 2704 1924 qui
2745 1868 2886 1909 nunc
2911 1855 3041 1910 estis
3079 1855 3272 1928 timidi,

1692 1959 1781 2002 me
1807 1944 2086 2011 derelicto,
2114 1945 2398 2017 fugientes,
2443 1947 2507 2000 ad
2538 1945 2697 2003 unius
2731 1946 2938 2003 ancilla:
2970 1961 3156 2003 vocem
3187 1961 3274 2001 me

1691 2047 1972 2112 negantes,
2012 2048 2232 2110 propter
2281 2049 2480 2094 metum
2521 2038 2825 2096 Judzeorum
2864 2040 3160 2106 latitantes,
3205 2056 3276 2101 ne

1692 2129 1774 2198 vel
1812 2146 1970 2188 unam
1996 2132 2064 2187 ob
2091 2131 2326 2208 linguam
2355 2130 2661 2190 Jndzcornm
2702 2149 2788 2189 me
2807 2133 3049 2188 confiteri
3079 2133 3275 2188 anden-
3317 2203 3324 2208 ,

1694 2229 1792 2286 tes,
1827 2221 2028 2294 Spiritu
2062 2233 2273 2288 sancto,
2294 2221 2496 2298 Spiritu
2526 2221 2769 2280 videlicet
2800 2223 3148 2288 fortitudinis,
3181 2238 3274 2279 vos

1692 2312 1921 2377 interius
1946 2311 2255 2378 roborante,
2286 2313 2430 2368 onmi
2459 2313 2601 2385 genti
2633 2323 2690 2369 et
2715 2313 2860 2370 onmi
2895 2315 3070 2388 lingua
3099 2313 3164 2374 de
3189 2327 3275 2369 me

1692 2402 2064 2464 testimonium
2109 2404 2425 2480 perhibetis.
2469 2404 2534 2460 Et
2565 2403 2867 2476 quomodo?
2899 2417 3129 2476 quatuor
3161 2419 3276 2466 mo-

1691 2499 1811 2566 dis:
1846 2517 1931 2556 me
1979 2500 2172 2558 Filium
2214 2497 2307 2557 Dei
2350 2501 2721 2574 prmdicando;
2768 2501 2822 2557 in
2877 2517 2963 2558 me
3007 2510 3153 2560 recte
3195 2502 3274 2560 vi-

1692 2594 1906 2660 vendo,
1958 2593 2212 2666 quoniam
2269 2594 2531 2656 sanctitas
2575 2593 2947 2652 ministrorum
3001 2595 3276 2654 sanctitati

1691 2691 1975 2742 attestatur
2003 2686 2280 2758 magistri;
2323 2688 2376 2743 in
2417 2688 2634 2744 nomine
2683 2703 2804 2743 meo
2834 2687 3060 2745 virtutes
3091 2701 3145 2743 ct
3177 2689 3274 2747 mi:

1689 2781 1875 2838 racula
1916 2779 2185 2848 faeiemlo,
2220 2781 2474 2853 quoniam
2524 2782 2698 2838 virtus
2724 2781 2958 2839 nominis
2986 2792 3274 2844 attestatur

1688 2872 1928 2938 auctori;
1970 2883 2189 2944 propter
2243 2889 2436 2930 nomen
2487 2891 2664 2930 meum
2709 2873 2980 2946 patiendo,
3019 2875 3276 2946 quoniam

1685 2962 1824 3024 bene
1863 2973 2151 3018 attestatur
2208 2963 2282 3019 rei
2334 2965 2424 3035 qni
2479 2974 2698 3036 propter
2749 2981 2868 3020 eam
2923 2983 3026 3020 non
3079 2965 3275 3042 refugit

1685 3053 1822 3108 mori
1847 3051 2002 3126 (dif).
2040 3052 2278 3122 Utinam,
2308 3052 2507 3116 fratres
2537 3055 2662 3121 mei,
2704 3056 2997 3114 descendat
3019 3067 3072 3112 et
3096 3058 3148 3112 in
3176 3074 3282 3116 nos

2 3162 198 3224 sarem,
223 3173 375 3227 quem
405 3172 522 3228 ego,
554 3155 750 3224 inquit,
779 3153 979 3208 mittam
1007 3149 1145 3206 rotis
1169 3168 1200 3204 η
1231 3147 1411 3212 Patre,
1437 3147 1578 3206 idem
1607 3169 1650 3231 α
1686 3143 1922 3216 Spiritus
1957 3158 2196 3210 sanctus,
2223 3148 2358 3202 datis
2401 3148 2555 3204 nobis
2593 3148 2870 3208 audaciam
2915 3159 2970 3204 ct
3015 3153 3274 3208 virtutem

0 3249 62 3304 de
91 3249 284 3308 eodem
319 3248 522 3319 Spiritu
555 3243 682 3310 alibi
729 3245 860 3304 dicit
889 3263 901 3298 :
937 3241 1100 3312 Quem
1142 3242 1305 3296 mittet
1341 3237 1504 3296 Pater
1526 3240 1582 3296 in

0 3342 345 3407 nomiucuteo
366 3340 553 3412 (Joan.
586 3337 720 3410 xw).
749 3337 825 3392 Ex
855 3352 963 3408 quo
1000 3333 1241 3408 profecto
1270 3342 1419 3406 patet
1447 3347 1584 3404 quo-

0 3435 130 3488 niam
175 3433 422 3506 Spiritus
461 3441 679 3488 sanctus
723 3430 956 3485 mittitur
985 3447 1013 3482 a
1049 3427 1229 3501 Patre,
1270 3427 1502 3484 mittitur
1529 3433 1586 3482 et

0 3542 22 3586 ἢ
55 3525 216 3594 Filio.
258 3526 370 3582 Sed
406 3526 545 3596 quod
580 3523 746 3580 Filius
786 3523 953 3578 mittit
996 3522 1258 3592 Spiritum
1307 3531 1580 3590 sanctum,

0 3635 100 3676 non
141 3635 170 3674 a
218 3634 297 3680 se.
327 3619 420 3674 sed
466 3635 497 3674 a
543 3615 932 3672 Patt’habet.
1001 3613 1155 3682 Unde
1206 3623 1258 3670 et
1297 3611 1581 3686 adiungit:

1 3712 166 3790 Quem
209 3731 304 3786 ego
349 3715 550 3774 mittam
597 3712 740 3775 vobis
773 3729 804 3766 a
836 3707 1020 3776 Patre.
1068 3712 1140 3770 De
1170 3725 1276 3781 quo
1314 3717 1368 3774 et
1407 3708 1586 3772 adhuc

1 3804 314 3878 subiungit:
350 3804 455 3872 Qui
497 3822 528 3858 α
584 3801 748 3858 Patre
781 3805 1036 3876 procedit,
1065 3800 1396 3862 mternaliter
1437 3798 1584 3856 scili-

3 3909 85 3956 cet
118 3908 173 3954 et
205 3895 547 3965 ineffabiliter
578 3935 592 3952 .
622 3895 796 3964 Unde,
829 3895 1043 3964 fratres,
1074 3892 1268 3965 duplex
1312 3889 1588 3963 processio

7 3991 234 4064 Spiritus
281 3991 456 4052 sancti
489 3989 823 4064 intelligitur.
861 3990 1127 4060 Una,qna
1177 3987 1413 4057 Spiritus
1456 4001 1584 4042 san-

6 4095 120 4138 cuts
149 4083 394 4155 procedit
421 4081 751 4139 aeternaliter
795 4097 824 4136 a
866 4077 1029 4138 Patre
1069 4088 1126 4137 et
1158 4079 1315 4146 Filio,
1343 4089 1400 4133 ut
1427 4077 1588 4146 tertia

8 4174 56 4228 in
101 4175 368 4233 Trinitate
417 4191 668 4248 persona,
706 4185 760 4232 et
811 4191 918 4230 una
973 4190 1095 4229 cum
1139 4174 1218 4230 eis
1258 4171 1588 4246 substantia,

7 4282 102 4338 qua
134 4267 377 4341 quotidie
403 4283 556 4339 atque
603 4284 631 4321 λ
678 4265 838 4322 Patre
868 4276 922 4320 et
948 4263 1084 4320 Filio
1113 4264 1354 4336 procedit
1383 4273 1586 4332 tempo-

9 4360 188 4416 raliter
215 4361 281 4418 ad
305 4358 751 4424 sanctificandum
784 4365 1116 4414 creaturam.
1146 4353 1382 4411 Vocatur
1405 4364 1588 4412 autem

7 4452 137 4522 idem
191 4452 430 4524 Spiritus
490 4462 709 4518 sanctus
761 4448 943 4504 audtis
993 4447 1326 4503 nominibus.
1382 4445 1586 4502 Dicitur

1685 3239 1898 3298 Christo
1937 3240 2302 3298 testimonium
2354 3243 2689 3312 perbibendi.
2747 3241 2902 3314 Quod
2955 3244 3100 3300 enim
3155 3247 3282 3314 sine

1683 3332 1940 3406 lacrymis
1995 3334 2176 3390 dicere
2232 3349 2338 3388 non
2392 3349 2649 3406 possum,
2702 3351 2801 3392 nos
2857 3337 3104 3410 magistri
3166 3338 3274 3396 Ec-

1685 3425 1862 3480 clesia:
1913 3438 2100 3480 sumus
2147 3423 2306 3482 hodie
2351 3425 2650 3480 timidiores
2697 3441 2857 3495 quam
2904 3427 3066 3482 rudes
3109 3428 3278 3484 disci-.

1684 3515 1796 3586 puli
1859 3513 2064 3578 Christi
2125 3515 2177 3578 in
2231 3515 2388 3570 initio
2454 3517 2726 3574 nascentis
2791 3515 3060 3573 Ecclesim.
3133 3517 3270 3574 Dum

1685 3607 1829 3664 enim
1869 3618 2086 3682 propter
2127 3608 2372 3664 timorem
2402 3609 2629 3684 alicujus
2680 3626 2923 3684 personae
2972 3611 3270 3682 smculariz,

1684 3699 1770 3756 vel
1797 3714 2076 3780 negamus,
2108 3700 2195 3758 vel
2225 3699 2448 3758 silcmns
2475 3704 2783 3770 veritatem,
2829 3704 3102 3762 Christum
3123 3747 3137 3774 ,
3175 3707 3268 3778 qui

1684 3793 1887 3858 veritas
1940 3801 2045 3859 est,
2102 3808 2383 3866 negamus.
2419 3794 2552 3851 Dum
2588 3807 2805 3867 raptore
2850 3813 3136 3868 pauperem
3177 3817 3270 3862 ra»

1684 3883 1900 3955 piente,
1965 3891 2207 3938 nostrum
2253 3883 2305 3939 ei
2360 3885 2618 3941 auxilium
2667 3888 3059 3952 subtrahimus,
3115 3889 3272 3961 quasi

1685 3974 1905 4032 Christo
1937 3975 2126 4040 relicto
2169 3976 2422 4046 fugimus.
2465 3977 2600 4033 Dum
2649 3989 2871 4050 potente
2897 3963 3153 4053 pupillum
3186 3984 3270 4040 vel

1686 4067 1901 4124 viduam
1929 4069 2206 4126 cruciante
2227 4109 2239 4134 ,
2264 4068 2397 4123 nihil
2422 4069 2469 4125 ei
2493 4069 2860 4142 obloqnimur,
2880 4073 3032 4142 quasi
3054 4073 3274 4136 Christo

1687 4156 1742 4211 in
1793 4172 1955 4215 cruce
2003 4159 2275 4230 pendente
2322 4167 2585 4216 tacemus.
2642 4159 2775 4228 Dum
2831 4167 3272 4234 persecutoribus

1686 4247 1964 4313 Ecclesiae,
2010 4266 2107 4320 per
2129 4251 2360 4334 rigorem
2385 4252 2609 4322 jnstitia:
2636 4267 2732 4310 nos
2769 4269 2876 4318 non
2907 4261 3228 4328 opponimus
3252 4303 3274 4334 ,

1687 4340 1843 4410 quasi
1895 4350 2112 4412 propter
2152 4353 2354 4397 metum
2404 4343 2716 4410 Judaeorum
2772 4343 3066 4402 latitamns.
3107 4349 3266 4414 Quia,

1689 4437 1884 4506 inquit,
1911 4437 1973 4491 ob
2006 4437 2160 4492 initio
2189 4453 2391 4493 mecum
2415 4425 2561 4494 estis.
2601 4439 2680 4495 Ac
2701 4437 2744 4494 si
2779 4440 2941 4505 dicat,
2971 4457 3091 4497 enm
3125 4445 3190 4496 de
3215 4461 3276 4506 re

8 4555 177 4600 autem
210 4546 449 4618 Spiritus
478 4553 724 4614 sanctus,
751 4542 1003 4612 quoniam
1045 4539 1350 4596 sanctificat
1371 4549 1582 4606 creatu-

1692 4530 1802 4595 visa
1839 4539 1892 4584 et
1911 4529 2113 4595 audita,
2143 4531 2279 4586 bene
2300 4533 2469 4600 possit
2493 4533 2652 4588 homo
2689 4532 3056 4594 testimonium
3086 4535 3268 4604 perhi-

8 4637 352 4696 ras.Vocatur
396 4635 728 4700 Paracletus,
761 4635 1014 4708 quoniam
1043 4632 1354 4690 consolatur
1380 4631 1590 4688 desola-

10 4736 107 4794 tos,
139 4733 390 4790 medetur
434 4730 686 4791 inllrmis,
718 4725 947 4786 consulit
991 4723 1330 4787 inconsultis,
1368 4721 1592 4778 remittit

9 4823 129 4879 reis.
155 4824 396 4884 Vocatur
415 4823 612 4894 quippe
636 4819 871 4892 Spiritus
901 4816 1167 4887 veritatis,
1193 4815 1450 4886 quoniam
1484 4830 1588 4870 non

9 4913 134 4980 fallit
163 4917 302 4974 sicut
334 4907 739 4977 diabolus,'s;ed
783 4909 1048 4980 promisisa
1087 4907 1354 4964 veraciter
1393 4906 1586 4968 reddit,

9 5019 61 5078 et
105 5010 352 5068 homines
403 5023 624 5066 veraces
668 5003 826 5070 facit;
877 5017 1094 5066 veraces
1143 5000 1194 5055 in
1241 5006 1584 5070 peccatorum

12 5099 366 5168 confessione,
391 5099 445 5156 in
476 5095 721 5154 veritatis
764 5094 1082 5168 prolatione,
1115 5105 1333 5147 veraces
1375 5089 1428 5146 in
1459 5102 1590 5160 ope-

15 5191 86 5247 ris
107 5192 422 5250 intentione.
445 5189 676 5246 Vocatur
697 5188 858 5244 etiam
880 5187 1071 5247 Amor,
1088 5181 1413 5246 Concordia,
1429 5178 1588 5236 Beni-

15 5285 204 5358 gnitas,
231 5297 342 5342 tum
394 5283 649 5360 quoniam
691 5290 774 5338 est
815 5280 1080 5336 connexio
1116 5275 1295 5340 Patris
1344 5282 1398 5330 et
1441 5271 1586 5348 Filii,

19 5383 122 5432 tum
159 5377 284 5448 quia
327 5377 382 5434 in
425 5374 679 5442 cordibus
723 5372 1020 5433 hominmn,
1063 5381 1322 5430 amorem,
1359 5380 1588 5420 concor-

16 5463 150 5524 diam
178 5477 234 5522 et
260 5467 650 5537 benignitatem.
681 5464 850 5534 spirat
876 5473 928 5528 ct
956 5460 1141 5515 nutrit.
1167 5455 1340 5520 Unde,
1369 5455 1586 5522 fratres,

17 5559 454 5629 propensiorilms
485 5555 768 5613 desideriis
801 5567 922 5607 cum
961 5549 1172 5607 assidue
1210 5547 1453 5618 ﬂagitare
1488 5547 1587 5603 de-

18 5643 222 5718 bemus,
259 5661 528 5722 quatenus
555 5647 642 5704 illc
673 5643 1041 5716 desiderabilis
1087 5641 1320 5716 Spiritus
1365 5651 1587 5698 sanctus

19 5849 296 5928 nobisqui
321 5849 516 5930 “fatu
537 5849 778 5928 ,lgorger.
802 5882 873 5903 -.—
898 5849 997 5906 Eo.
1031 5864 1080 5904 ρ.

1689 4624 1839 4692 bere,
1879 4637 1977 4678 vos
2013 4624 2149 4678 bene
2193 4624 2563 4680 testimonium
2597 4625 2662 4680 de
2693 4640 2776 4684 me
2809 4626 3030 4694 potestis
3079 4627 3221 4681 fet'l‘e
3251 4668 3274 4695 ,,

1689 4715 1816 4786 quia
1843 4716 1913 4770 ab
1943 4714 2096 4770 initio
2132 4729 2343 4770 mecum
2377 4714 2678 4786 estls,quia
2707 4715 2958 4774 convictu
2989 4717 3268 4786 familiari,

1688 4808 1742 4863 in
1794 4807 2021 4864 veritate
2074 4807 2218 4862 circa
2269 4823 2355 4864 me
2403 4808 2604 4864 edocti.
2654 4806 2809 4864 Unde
2866 4809 3096 4880 apostoli
3151 4807 3272 4864 loco

1679 4897 1856 4970 Indae,
1894 4915 2001 4954 non
2045 4901 2374 4972 neophytnm
2417 4900 2714 4971 elegerunt,
2771 4901 2865 4957 sed
2928 4902 2982 4957 in
3022 4899 3268 4956 doctrina

1689 4991 1892 5049 Christi
1941 4992 2140 5047 diutius
2171 4991 2522 5046 informatum
2579 4993 2720 5049 unde
2759 4993 2948 5049 Petrus
2978 5010 2992 5048 :
3028 4992 3265 5064 Oportet,

1693 5083 1889 5155 inquit,
1920 5101 1986 5139 εκ
2009 5084 2090 5138 Itis
2119 5085 2208 5155 qui
2255 5094 2374 5140 sunt
2409 5084 2552 5148 omni
2602 5095 2829 5157 tempore
2861 5087 3128 5142 nobiscum
3149 5129 3163 5150 ,
3203 5103 3270 5142 ex

1690 5192 1793 5245 quo
1833 5176 2040 5230 intrarit
2076 5183 2126 5229 et
2149 5176 2304 5229 exivit
2333 5175 2590 5230 Dominus
2631 5185 2806 5229 noster
2830 5174 2987 5232 Iesus
3005 5177 3269 5242 Christus,

1692 5275 1872 5321 testem
1921 5265 2311 5320 resurrectionis
2359 5267 2630 5321 nobiscum
2681 5267 2798 5336 ﬁeri
2847 5281 3010 5321 unum
3055 5284 3120 5322 ex
3155 5268 3268 5321 istis

1692 5355 1834 5430 (Act.
1866 5356 1928 5430 ι).
1973 5355 2088 5412 Hoc
2123 5367 2308 5412 contra
2358 5357 2478 5413 illos
2506 5357 2596 5428 qui
2627 5357 2812 5413 rudem
2859 5366 2914 5413 et
2943 5357 3269 5432 ncophytnm

1670 5441 1898 5520 eligunt
1929 5449 1980 5502 iu
2012 5449 2361 5518 magistrum,
2411 5456 2465 5504 et
2495 5458 2681 5505 contra
2731 5449 2852 5507 illos
2894 5464 3126 5520 quoque,
3174 5449 3268 5518 qni

1691 5539 2083 5605 doctrinam,in
2101 5539 2254 5610 cujus
2269 5539 2452 5594 schola
2475 5540 2662 5595 nutriti
2692 5555 2798 5595 non
2824 5539 3058 5603 fuerunt,
3075 5539 3272 5593 docere

1691 5641 2025 5708 praesumunt
2063 5641 2119 5688 et
2170 5632 2490 5702 prmdicarc.
2524 5631 2712 5689 Tertio
2753 5632 2995 5704 νηπιιίεῆ
3028 5629 3109 5686 eis
3155 5637 3270 5686 tres

85 5783 224 5866 UO‘)
243 5786 334 5866 sic
361 5802 448 5866 ea:
474 5801 574 5866 non
607 5782 779 5850 vobis:
813 5775 1362 5866 invenitiladnipbus
1389 5774 1629 5844 Ardeas,
1659 5772 1914 5842 laudatur
1937 5769 2000 5828 Β.
2025 5765 2256 5840 Pascal”
2276 5765 2343 5840 Υ.
2381 5767 2607 5836 Βρυσίαι
2633 5769 2708 5836 αρε
2737 5766 2802 5824 Β.
2837 5765 3058 5842 Pascal,
3084 5780 3137 5830 uo
3171 5762 3271 5822 Te-
