3822 6316
513 454 653 513 ιεδε

1474 437 1815 497 ADDENDA.
1842 467 1909 480 -—
1951 429 2302 490 ltADULPIlf
2340 426 2691 485 ABDENTIS

3624 426 3715 486 1638

512 578 773 625 venturas
807 562 1239 638 persecutiones,
1267 557 1516 614 videlicet
1544 553 1860 624 eiectionem
1886 567 1900 607 :
1932 552 2095 607 inter-
2131 552 2175 609 Α
2203 557 2259 604 et
2291 545 2561 617 quomodo
2584 542 2826 613 Spiritus
2850 549 3075 638 sanctus
3097 537 3588 638 tleseenderit,_quitl
3608 541 3714 602 iocis

513 660 827 722 fectionem,
873 666 928 712 et
958 655 1256 710 infamiam.
1288 650 1621 717 Ejectionem
1672 662 1793 700 cum
1842 645 1940 708 ait,
1991 642 2096 698 Sed

518 756 652 816 lucc,
677 751 871 821 inquit.
898 749 1102 803 locutus
1130 763 1246 800 sunt
1283 744 1444 802 vobis,
1476 741 1525 793 id
1552 748 1635 794 est
1663 738 1881 807 prmdisi
1924 736 2099 801 vobis,

514 855 575 899 ut
618 861 719 899 non
772 844 890 897 ideo
922 837 1377 898 scandalizemini,
1414 834 1552 904 quod
1582 835 1773 899 absque
1804 830 2097 902 Synagogis

518 937 717 1009 faciant
738 953 843 991 vos.
873 936 1021 989 Sicut
1046 933 1189 987 enim
1219 929 1375 984 ltodie
1396 937 1615 997 propter
1643 925 1852 996 publica
1874 922 2100 1003 scelera,

517 1029 732 1100 aliquos
778 1026 1334 1088 excmmnunicamns,
1364 1034 1414 1075 et
1442 1022 1510 1075 ab
1540 1020 1794 1075 Ecclesia:
1851 1032 2101 1071 emuntu-

517 1122 682 1178 nione
706 1121 972 1191 ejicimus.
991 1118 1060 1171 ita
1086 1116 1252 1171 Judzri
1278 1114 1573 1183 discipulos
1590 1110 1813 1172 CbriSti,
1847 1119 2103 1175 tauquam

520 1214 833 1274 sceleratos,
879 1218 1097 1279 propter
1123 1207 1396 1261 Christum
1452 1223 1479 1259 a
1538 1203 1825 1276 synagogis
1854 1200 2109 1255 est-iude-

519 1308 669 1364 bant.
702 1304 1132 1361 luterfeetionem
1175 1311 1230 1356 ct
1276 1299 1552 1355 infamiam
1598 1314 1718 1352 cum
1775 1294 2055 1364 subiungit
2092 1310 2104 1344 :

519 1400 590 1457 Et
615 1400 746 1454 venit
770 1399 923 1463 liora,
952 1409 1005 1452 ut
1037 1398 1205 1451 omnis
1246 1396 1333 1467 qui
1374 1391 1619 1461 inter/icit
1654 1408 1777 1454 ros,
1826 1388 2111 1442 arbitretur

519 1510 575 1547 se
601 1492 899 1563 obsequium
928 1499 1179 1559 pra'stare
1204 1488 1424 1543 Deo.Ac
1453 1489 1496 1542 si
1529 1488 1761 1540 diceret:
1795 1481 1945 1537 Adeo
1971 1478 2110 1533 male

520 1584 887 1654 opinabantur
913 1584 978 1637 de
1024 1581 1194 1642 vobis.
1232 1580 1487 1651 quoniam
1536 1576 1801 1649 pttlabttnt
1834 1589 1928 1627 vos
1976 1573 2110 1627 adeo

520 1689 642 1730 esse
680 1674 786 1729 Deo
815 1674 1051 1734 odiosus.
1079 1672 1221 1749 quod
1249 1672 1299 1724 in
1336 1670 1436 1724 ltoc
1464 1668 1606 1738 quod
1637 1664 1967 1720 interficient
1990 1677 2109 1725 vos,

523 1765 935 1820 arbitrabuntur
978 1763 1213 1816 ollieiutn
1260 1777 1318 1817 se
1369 1760 1479 1814 Deo
1513 1768 1787 1830 pra-stare,
1820 1764 1874 1809 et
1922 1756 1974 1808 in
2012 1752 2114 1808 hoc

521 1871 581 1911 se
626 1857 673 1909 ei
718 1856 953 1925 placere.
983 1851 1047 1906 Et
1074 1855 1190 1917 hoc,
1223 1850 1418 1922 inquit,
1454 1849 1675 1920 facient,
1723 1846 1846 1914 quia
1876 1860 1979 1897 non
2021 1859 2114 1895 no-

2209 640 2519 702 contulerit,
2573 646 2625 692 et
2656 645 2853 707 quanta
2888 634 3186 689 admiratio
3234 632 3360 686 inde
3390 631 3713 691 Subseculasit.

2204 733 2446 789 Primum
2508 730 2673 800 igitur
2720 729 2881 782 nobis
2927 725 3238 781 ostenditur
3294 724 3510 793 quamlo
3555 724 3715 795 Spiritui

2205 836 2427 881 sanctus
2461 825 2515 878 in
2555 823 2849 889 discipulos
2889 822 3057 886 venit,
3083 837 3209 877 cum
3242 819 3475 873 dicitur:
3503 818 3716 876 (Intumu-

2204 919 2472 988 plerentur
2494 917 2607 970 dies
2656 913 3009 969 I’entecostcs.
3067 915 3240 969 Porro
3299 912 3535 982 Spiritus
3567 925 3717 974 sanun;

2207 1013 2289 1067 bis
2322 1013 2519 1083 legitur
2545 1010 2801 1079 apostolis
2829 1011 3008 1067 datus.
3039 1010 3224 1064 Primo
3250 1008 3369 1076 ipso
3393 1007 3719 1066 resurrectionis

2209 1106 2315 1169 die,
2354 1106 2570 1175 quando
2603 1104 2861 1160 Dominus
2908 1101 3199 1163 insuﬂiavit
3244 1100 3525 1171 apostolis,
3560 1100 3715 1157 dicens:

2210 1200 2444 1265 Accipite
2476 1198 2733 1267 Spiritum
2757 1205 3001 1253 sanctum
3036 1196 3221 1265 (Joan.
3268 1194 3388 1259 xx).
3427 1193 3634 1247 Secundo
3664 1196 3714 1252 tlit

2210 1290 2559 1345 Pentecostes
2585 1289 2671 1343 die
2702 1289 2913 1343 Scilicet
2941 1287 3224 1342 hodierna.
3254 1285 3310 1340 In
3341 1285 3431 1339 die
3458 1286 3710 1341 resurrectio

2214 1380 2297 1434 uis
2344 1382 2420 1434 eis
2475 1380 2633 1435 datus
2668 1389 2750 1435 est
2808 1380 2875 1433 ad
2912 1388 3260 1449 peccatorum
3302 1376 3653 1438 remissionem.
3685 1387 3722 1432 ut

2214 1470 2421 1525 scilicet
2450 1485 2572 1525 cmn
2614 1479 2926 1541 resurgente
2975 1478 3352 1541 resurgerem,
3397 1478 3453 1523 et
3486 1469 3719 1537 ipsiapce-

2213 1562 2371 1623 catis.
2407 1563 2458 1617 in
2489 1564 2685 1633 quibus
2711 1563 2791 1617 vel
2822 1562 3099 1631 fugiendo,
3132 1562 3215 1617 vel
3246 1561 3520 1632 negando,
3553 1561 3615 1616 vel
3635 1561 3723 1616 dilii-

2214 1654 2423 1719 dettdo,
2458 1656 2543 1711 vel
2597 1656 2897 1712 dubitando
2948 1657 3287 1713 ceciderant.
3347 1656 3722 1727 Quiuquagesiuta

2214 1764 2343 1803 vero
2374 1750 2462 1804 die
2488 1750 2645 1805 datus
2665 1760 2748 1806 est
2776 1750 2859 1806 eis
2896 1750 3034 1809 idem
3067 1749 3309 1821 Spiritus
3330 1758 3551 1803 sanctus
3573 1748 3622 1802 ad
3650 1762 3727 1805 cor-

2216 1842 2640 1904 roborationem.
2669 1852 2723 1897 et
2750 1844 2819 1897 ad
2855 1843 3357 1905 conﬁrmationem,
3389 1852 3449 1896 ut
3471 1840 3725 1897 videlicetde

521 1957 699 2001 verunt
753 1945 966 1999 Putrem
997 1962 1157 2015 neque
1188 1961 1287 2009 me,
1330 1945 1454 2014 quia
1502 1957 1607 1995 non
1647 1946 1913 1994 noverunt
1945 1936 2110 1991 Deum
2147 1926 2189 1981 Β
2216 1940 2427 1992 caetero
2468 1937 2519 1991 in
2564 1937 2665 1993 fide
2717 1938 2882 2004 firmi,
2930 1936 3059 1991 nulli
3114 1937 3381 1992 cederent
3433 1936 3726 2005 persectttiotii,

520 2057 642 2098 esse
676 2058 850 2097 meum
880 2041 1116 2102 Patrem,
1153 2054 1253 2093 nec
1299 2053 1385 2091 me
1426 2044 1692 2090 noverunt
1723 2050 1843 2090 esse
1870 2030 1989 2100 eius
2017 2031 2109 2087 Fi-

520 2136 673 2190 littm.
699 2135 777 2191 Ac
803 2135 844 2190 si
872 2135 1073 2189 diceret
1105 2152 1118 2186 :
1176 2131 1289 2185 Non
1318 2137 1503 2199 gravet.
1537 2143 1656 2190 vos,
1688 2127 1731 2183 si
1756 2122 2046 2197 ejiciamiui
2080 2139 2112 2179 a

520 2229 811 2301 synagogis
860 2243 1047 2283 eorum
1078 2225 1168 2295 qtti
1204 2224 1369 2279 Deum
1408 2239 1513 2277 tton
1561 2230 1846 2276 noverunt.
1876 2218 1957 2275 Ne
1989 2232 2114 2289 gra-

518 2327 611 2372 vet
660 2333 774 2380 vos,
825 2318 868 2372 si
918 2315 1323 2371 interfieiamiui
1366 2322 1586 2385 propter
1618 2313 1807 2378 Deum,
1863 2312 1931 2366 ab
1964 2312 2114 2381 igno-

518 2411 766 2467 rantibus
798 2411 982 2464 Deum.
1020 2408 1095 2463 Ne
1130 2416 1318 2481 gravet
1349 2422 1471 2471 vos,
1525 2407 1567 2461 si
1599 2405 1859 2461 contrarii
1891 2404 2000 2459 Deo
2026 2419 2115 2457 ar-

518 2500 795 2558 bitremini
830 2500 896 2553 ab
936 2501 1021 2555 bis
1070 2500 1161 2569 qtti
1197 2500 1362 2553 Deum
1396 2496 1726 2553 nescierunt.
1758 2496 1803 2551 A
1837 2494 2115 2549 consortio

522 2594 668 2652 enim
715 2592 997 2649 malorum
1028 2591 1263 2659 excludi,
1302 2593 1409 2646 Deo
1451 2590 1703 2661 conjungi
1758 2598 1863 2653 est,
1896 2595 2115 2659 propter

522 2686 694 2745 Deum
726 2688 983 2752 interfici,
1012 2688 1195 2739 vivere
1221 2695 1303 2739 est
1333 2702 1347 2748 ;
1378 2696 1597 2753 propter
1629 2684 1796 2736 Deum
1824 2681 2011 2736 falsam
2040 2680 2116 2735 in-

524 2779 745 2835 famiam
779 2780 913 2851 pati,
944 2779 1061 2833 laus
1087 2789 1190 2832 est.
1218 2776 1377 2838 llinc.
1407 2778 1623 2838 fratres,
1654 2775 1959 2843 exemplum
1986 2788 2116 2827 eon-

524 2872 805 2929 solationis
854 2888 1166 2937 sumamus,
1223 2871 1266 2925 si
1324 2869 1540 2941 quando
1593 2870 1720 2924 tttali
1772 2864 2111 2923 consortium

520 2973 769 3019 nostrum
800 2963 990 3016 odinut
1029 2962 1111 3017 vel
1155 2971 1536 3031 aspernantur,
1584 2962 1627 3015 si
1664 2975 1759 3015 nos
1782 2960 1848 3013 ad
1880 2968 2113 3013 mortem

519 3067 949 3126 persequuntur,
1004 3054 1049 3109 si
1105 3055 1171 3109 de
1214 3054 1369 3108 nobis
1402 3054 1537 3109 bene
1581 3054 1887 3109 viventibus
1932 3053 2119 3106 detra-

518 3148 659 3205 lmnt
684 3160 737 3203 et
766 3148 1230 3220 maleopiuantur.
1280 3147 1401 3204 Il;ec
1427 3149 1570 3202 enim
1590 3159 1812 3219 pmpter
1834 3146 2115 3203 Christum

519 3243 791 3313 patienter
832 3242 936 3311 pati
967 3248 1049 3297 est
1084 3242 1299 3296 (Iltristo
1338 3243 1704 3299 testimonium
1753 3242 1919 3306 ferre,
1952 3249 2008 3296 et
2039 3242 2115 3295 ita

519 3333 721 3391 Cltristi
757 3344 1047 3406 martyrem
1073 3351 1211 3391 esse.
1238 3334 1442 3404 Quarto
1472 3352 1691 3391 causam
1708 3335 1914 3400 subdit,
1939 3349 2109 3403 quare

520 3426 639 3483 iure
668 3429 748 3483 eis
779 3428 1103 3497 praedixerat
1134 3443 1147 3479 :
1184 3429 1311 3482 lla'c
1358 3428 1564 3483 locutus
1625 3445 1766 3492 sitm,
1802 3428 1997 3497 inquit,
2022 3445 2112 3483 vo-

518 3518 622 3583 bis,
648 3528 702 3572 nt
730 3535 848 3573 cum
881 3521 1071 3574 venerit
1122 3518 1274 3586 hora,
1306 3536 1485 3574 eorum
1519 3521 1952 3585 rentintscamini,
1985 3522 2111 3591 quia

518 3627 615 3683 ego
663 3610 776 3665 dixi
822 3610 984 3667 vobis.
1023 3610 1228 3682 thua:
1264 3611 1386 3667 itnle
1416 3612 1663 3668 utilitas?
1712 3611 2007 3683 Multiplcx.
2042 3612 2111 3670 Ut

518 3722 609 3762 tne
634 3706 686 3762 in
708 3706 960 3761 omnibus
984 3722 1227 3761 veracem
1251 3705 1586 3778 intelligatis,
1604 3716 1660 3760 ιιι
1676 3707 2108 3765 consolationem

518 3814 551 3855 ι
572 3816 655 3854 tne
687 3799 998 3869 pra-dictam
1034 3810 1182 3855 certe
1216 3800 1559 3871 exspectetis,
1588 3810 1643 3856 ut
1676 3799 1888 3855 fortiter
1917 3810 2109 3858 contra

521 3893 747 3950 adversa
780 3910 878 3950 vos
911 3894 1152 3960 armetis,
1184 3905 1243 3949 ιιι
1276 3896 1385 3965 ipsa
1421 3897 1648 3950 adversa
1684 3896 1901 3951 fortiter
1946 3897 2111 3952 susti-

519 3989 719 4052 tteatis,
760 4001 817 4042 ιιι
850 3989 900 4043 itt
933 3989 1064 4061 ipsis
1091 3988 1333 4045 adversis
1364 3990 1415 4044 iu
1448 4004 1542 4060 spe
1575 3989 1969 4045 consolationis
2012 4006 2109 4046 ex-

520 4082 754 4137 sultetis.
786 4082 923 4150 Ouid
956 4084 1069 4138 hinc
1097 4084 1349 4154 praedicta
1402 4082 1568 4138 fuisse
1594 4083 1859 4152 apostolis
1891 4084 2109 4154 profue-

519 4172 610 4236 rit,
638 4176 833 4241 patuit,
869 4175 1080 4244 quando
1112 4176 1253 4228 ibant
1280 4175 1502 4244 apostoli
1526 4176 1809 4245 gaudentes
1834 4193 1865 4229 a
1894 4192 2113 4246 conspe-

519 4274 606 4321 ctu
642 4266 872 4330 concilii,
918 4268 1165 4338 quoniam
1216 4268 1362 4338 digni
1393 4266 1556 4322 habiti
1598 4278 1717 4324 sunt
1769 4286 1864 4339 pro
1897 4271 2109 4325 nomine

504 4343 649 4411 'Jesu
694 4358 1060 4412 contumeliam
1090 4359 1202 4427 pati
1247 4360 1387 4427 (Act.
1415 4374 1442 4410 v
1469 4358 1510 4429 ).
1542 4357 1649 4413 Nos
1681 4360 1880 4430 itaque,
1912 4360 2110 4417 fratres

518 4450 663 4515 mei,
698 4452 945 4521 suspiriis
972 4460 1027 4505 et
1065 4451 1350 4523 Iacrymis,
1394 4448 1810 4523 Redemptorem
1859 4464 2107 4509 nostrum

516 4539 704 4599 Jesum
729 4543 1001 4598 Clu-istum
1038 4544 1360 4613 "agitemus,
1386 4554 1652 4614 quatenus
1675 4545 1761 4599 det
1799 4546 1959 4601 nobis
1983 4546 2107 4616 Spi-

517 4634 686 4690 ritum
717 4646 984 4697 sauctum,
1014 4635 1104 4705 qui
1136 4634 1363 4704 inspiret
1392 4636 1549 4689 nobis
1575 4636 1641 4689 de
1668 4636 1903 4705 peccatis
1932 4638 2106 4707 poeni-

518 4727 848 4794 tentiam;in
874 4727 1146 4798 prosperis
1177 4728 1613 4798 temperantiam,
1644 4728 1696 4782 in
1726 4728 1967 4783 adversis
1991 4728 2099 4783 foro

522 4821 830 4887 titttdiuem,
862 4825 912 4877 iit
945 4823 1155 4878 maestis
1198 4823 1647 4886 consolationem,
1700 4824 1924 4894 inspiret
1953 4824 2109 4879 nobis

520 4928 890 4988 contemptum
946 4929 1313 4983 terrenarum,
1369 4930 1608 4969 amorem
1657 4916 1982 4981 cmlestium,
2014 4917 2108 4987 qui

524 5027 644 5067 cum
676 5011 835 5067 Patre
857 5022 909 5066 et
937 5011 1141 5081 Spiritu
1172 5020 1362 5065 sancto
1396 5009 1525 5064 vivit
1551 5020 1603 5065 et
1634 5018 1820 5082 regnat
1844 5010 2103 5083 per_iuli-

524 5104 636 5162 uita
666 5104 983 5161 saeculorum
1012 5102 1231 5158 Stimula.
1257 5104 1454 5156 Amen.

1037 5192 1313 5249 liOMlLlA
1352 5191 1547 5247 LXXII.

904 5302 954 5343 ΙΝ
983 5302 1072 5341 DlE
1108 5302 1309 5342 SANC'fO
1338 5302 1725 5343 PENTECOSTBS.

596 5383 731 5441 Dum
773 5380 1155 5449 complerentur
1188 5382 1296 5435 dies
1325 5380 1674 5437 Pentecosles.
1730 5388 1881 5433 erant
1930 5396 2108 5435 omnes

523 5474 763 5545 discipuli
794 5473 993 5543 pariter
1022 5474 1075 5526 in
1096 5474 1296 5538 eodem,
1323 5483 1427 5529 etc.
1462 5474 1576 5527 loco
1603 5475 1740 5543 (Art.
1775 5474 1859 5541 tt.)
1914 5472 2107 5539 Ilodie,

524 5568 721 5624 fratres
771 5568 1121 5631 citatissimi,
1172 5569 1461 5623 adventum
1524 5567 1765 5637 Spiritus
1827 5566 2000 5621 Sancti
2054 5568 2106 5621 in

523 5660 815 5728 discipulos
864 5658 1201 5714 celebramus
1240 5672 1256 5713 :
1303 5674 1463 5729 quem
1518 5658 1773 5727 quoniam
1828 5657 2109 5727 pracliliata

522 5750 683 5806 lectio
729 5751 1057 5808 suﬂicienter
1102 5751 1397 5821 explanat,
1438 5751 1824 5805 convenienter
1860 5749 2018 5804 hodie
2052 5750 2104 5804 in

524 5838 765 5896 Ecclesia
787 5842 1062 5899 recitatur.
1088 5841 1458 5899 OSteudumur
1485 5842 1665 5911 itaque
1691 5853 1898 5913 septem
1923 5841 1974 5896 in
2004 5844 2105 5899 hac

526 5932 778 6005 lectione,
816 5934 871 5995 id
894 5946 1000 6005 est,
1026 5935 1268 6009 quando,
1296 5934 1353 5993 in
1373 5948 1535 6006 quos,
1552 5932 1666 6003 ubi,
1688 5935 1886 6007 quibus
1910 5936 2103 6007 signis,

2138 4668 2184 4727 Β
2212 4634 2529 4700 spectabant
2574 4645 2752 4690 autem
2785 4647 2839 4690 et
2886 4638 3270 4709 praeparabant
3299 4656 3357 4695 se
3398 4641 3460 4694 ad
3486 4639 3729 4719 suscipiet),-

2218 2030 2311 2085 sed
2348 2032 2526 2099 potius
2550 2046 2731 2084 coram
2767 2030 2912 2084 omni
2959 2039 3230 2100 potestate
3256 2029 3540 2084 veritatem
3560 2037 3728 2083 constas.

2218 2131 2299 2177 ter
2335 2122 2713 2192 pranlicarent.
2768 2122 2921 2179 Unde
2961 2132 3017 2177 et
3049 2123 3101 2177 in
3138 2124 3313 2192 prima
3368 2122 3537 2177 sancti
3566 2123 3725 2191 Spiritus

2216 2214 2529 2278 donatione,
2585 2223 2793 2269 tantum
2824 2216 3086 2286 Spiritum
3121 2229 3373 2272 sanctum
3419 2218 3666 2286 accepisse,
3695 2219 3726 2270 in

2218 2309 2321 2364 hac
2347 2324 2475 2363 vero
2496 2309 2657 2363 etiam
2688 2309 2891 2379 Spiritu
2921 2322 3113 2366 sancto
3133 2312 3565 2381 legunturfuisse
3590 2311 3731 2381 repleti.

2220 2402 2504 2470 Similiter,
2541 2403 2760 2469 fratres,
2798 2404 2964 2460 etiam
2995 2405 3159 2460 bodie
3184 2405 3271 2461 bis
3322 2407 3549 2459 donatur
3570 2404 3733 2473 Spiritus

2218 2507 2437 2551 sanctus
2471 2495 2749 2561 fidelibus,
2801 2496 2978 2568 primo
3026 2498 3078 2552 in
3114 2496 3395 2567 baptismo
3428 2497 3507 2551 vel
3549 2499 3591 2551 in
3616 2496 3733 2565 paui-

2222 2587 2385 2642 Ientia
2409 2588 2474 2641 ad
2503 2599 2848 2659 peccatorum
2881 2590 3258 2645 remissionem
3281 2630 3296 2653 ,
3340 2591 3567 2644 secundo
3591 2591 3736 2643 incon-

2220 2679 2525 2733 lirtnatione
2551 2680 2617 2733 ad
2647 2680 3120 2737 continuationem
3149 2690 3204 2737 et
3222 2678 3735 2749 roborationemﬂuotl

2218 2772 2357 2827 bene
2408 2772 2745 2841 significatur
2795 2789 2889 2845 per
2920 2775 3022 2829 boc
3071 2776 3217 2847 quod
3254 2774 3506 2845 discipuli
3552 2776 3668 2845 prius
3704 2774 3736 2827 in

2220 2866 2305 2920 die
2331 2864 2624 2922 Dominicae
2644 2868 3058 2924 resurrectionis
3086 2870 3357 2939 Spiritum
3387 2880 3611 2923 sanctum
3631 2882 3735 2921 acce-

2221 2959 2385 3031 pisse,
2414 2968 2615 3030 etpost
2648 2959 3098 3031 quinquagesima
3131 2961 3220 3016 die
3253 2960 3462 3031 Spiritu
3490 2969 3647 3016 sancto
3664 2971 3737 3011 mc-

2221 3065 2508 3111 morantur
2540 3055 2728 3126 repleti
2784 3055 2970 3119 fuisse,
3030 3058 3317 3126 quoniam,
3360 3058 3462 3113 nisi
3508 3056 3632 3127 prius
3669 3066 3735 3122 per

2222 3145 2482 3216 Spiritntn
2535 3158 2785 3202 sanctum
2836 3162 2865 3201 a
2914 3149 3151 3218 peccantis
3190 3149 3395 3204 nostris
3451 3143 3741 3203 resurrueti-

2222 3256 2377 3305 mus,
2410 3251 2466 3296 et
2501 3253 2558 3297 ιιι
2588 3243 2639 3297 iu
2675 3244 3144 3311 quadragesimam
3180 3244 3510 3313 poenitentia:
3539 3250 3587 3295 et
3608 3243 3649 3294 iu
3674 3237 3740 3291 De-

2218 3332 2392 3404 calogi
2427 3334 2867 3403 adimpletiouem
2900 3333 3355 3399 Iaboravcrimus,
3386 3334 3577 3405 Spiritu
3601 3340 3741 3385 sancto

2217 3424 2412 3495 repleri
2452 3442 2557 3480 non
2590 3426 2854 3481 valemus.
2885 3424 2990 3481 Nos
3016 3443 3169 3497 ergo,
3231 3427 3434 3483 fratres
3463 3428 3574 3490 mei,
3598 3425 3669 3494 qui
3704 3422 3739 3475 in

2218 3520 2425 3573 tumulo
2448 3532 2792 3589 peccatorum
2816 3520 3088 3590 jacemus,
3111 3538 3336 3579 oremus
3364 3523 3505 3577 illum
3529 3520 3742 3589 benignis-

2214 3612 2418 3667 simum
2449 3610 2746 3697 Spiritum,
2773 3626 2830 3670 ut
2855 3631 2952 3670 nos
2974 3631 3003 3670 a
3033 3617 3273 3686 peccatis
3304 3616 3492 3671 nostris
3520 3624 3739 3682 resurgere

2212 3706 2400 3763 faciat.
2436 3704 2544 3761 Vos
2572 3723 2720 3771 vero,
2772 3710 2861 3779 qui
2886 3707 2997 3778 jam
3031 3725 3129 3779 per
3176 3709 3436 3780 Spiritum
3466 3716 3680 3763 Sanctum
3719 3720 3737 3755 ι

2213 3800 2452 3872 peccatis
2474 3802 2945 3864 remot-existimet
2962 3803 3015 3857 in
3040 3801 3449 3871 quadragesima
3471 3797 3737 3853 satisfactio-

2214 3892 2299 3948 nis
2333 3904 2388 3948 ct
2428 3892 2697 3967 Decalogo
2724 3897 2858 3968 legis
2886 3896 3274 3965 ιῖεειιάτιιὲνιξε,
3297 3906 3614 3965 orateetros
3637 3891 3742 3945 illum

2213 3986 2619 4043 sanctissimum
2654 3990 2942 4059 Spiritum,
2986 4001 3044 4048 ιιι
3089 4009 3187 4048 vos
3231 3994 3518 4065 gratiarum
3562 3999 3735 4046 suarum
3776 4054 3777 4061 η

2220 4087 2510 4148 augmento
2565 4080 2787 4147 repleat,
2818 4095 2872 4137 et
2904 4083 2955 4137 in
2988 4084 3192 4140 virtute
3219 4087 3511 4141 continuet.
3540 4082 3740 4139 Secunda

2215 4169 2269 4224 itt
2293 4186 2431 4241 quos
2451 4172 2685 4241 Spiritus
2707 4186 2928 4231 sanctus
2952 4178 3318 4244 descenderit,
3336 4179 3631 4239 ostenditur,
3650 4188 3733 4229 cum

2211 4260 2440 4316 dicitur:
2464 4261 2628 4318 Erunt
2652 4282 2829 4321 omnes
2856 4268 3104 4338 discipuli
3128 4271 3386 4326 subaudis
3400 4278 3734 4339 exspectantes.

2209 4361 2265 4407 et
2294 4353 2557 4424 Spiritum
2581 4369 2828 4413 sanetum
2852 4360 3133 4429 suscipere
3160 4365 3462 4432 pra'parati,
3477 4361 3615 4431 juxta
3632 4356 3731 4428 quod

2211 4447 2469 4504 Deminus
2488 4450 2567 4504 eis
2591 4465 2971 4522 praeceperata
2997 4454 3344 4527 Jerosolymis
3366 4474 3424 4512 ne
3449 4456 3731 4513 discederent,

2209 4542 2301 4594 sed
2339 4554 2695 4610 exspectarent
2736 4546 3139 4613 promissionem
3182 4545 3364 4603 Patris
3401 4548 3524 4619 (Act.
3560 4546 3619 4613 ι).
3654 4543 3729 4597 £1-

3762 4316 3771 4567 l

3754 4567 3767 4657 l

3752 4657 3765 4761 l

3746 4761 3763 4937 l

3726 5216 3756 5312 Ι

2215 4727 2339 4779 dtttu
2370 4728 2630 4797 Spiritum
2658 4741 2933 4794 sanctum,
2965 4736 3176 4789 orando
3203 4744 3261 4789 et
3280 4733 3566 4803 jejunando.
3614 4730 3723 4796 ρξιῶ

2212 4817 2436 4880 orando,
2494 4822 2730 4877 osreudit
2777 4823 2828 4877 in
2864 4823 3093 4881 Actibus
3148 4828 3494 4897 apostolorum
3535 4826 3727 4879 dicens:

2212 4918 2381 4970 erant,
2402 4910 2596 4980 iuqttit,
2612 4927 2998 4981 pertererantes
3016 4917 3069 4971 in
3084 4920 3324 4974 oratione
3340 4937 3447 4974 cum
3463 4917 3614 4972 mulier
3626 4918 3723 4971 im.

2212 5012 2261 5055 et
2292 4999 2468 5057 Maria
2514 5015 2682 5059 matre
2731 5005 2859 5061 Jesn
2886 5009 3088 5079 (ibid.).
3118 5012 3272 5079 Quod
3317 5011 3594 5081 jejunamlo,
3638 5007 3729 5061 hinc

2214 5096 2589 5165 Cognoscimus
2603 5100 2745 5169 quod
2764 5100 3023 5158 Dominus
3035 5102 3239 5161 Iuda-is
3253 5104 3579 5176 quaerentibus
3595 5110 3721 5169 om

2213 5186 2457 5257 discipuli
2503 5190 2582 5244 sui
2629 5206 2736 5245 non
2784 5191 3117 5265 jejunareut,
3172 5199 3500 5270 responderat
3532 5193 3717 5247 ditem!

2214 5276 2339 5334 Non
2374 5294 2590 5349 possunt
2620 5283 2723 5353 ﬁlii
2751 5284 2947 5355 Sponsi
2974 5290 3175 5362 lugere,
3202 5295 3429 5365 qnmuliu
3453 5306 3547 5344 ritu
3585 5286 3719 5341 eius

2213 5369 2470 5441 Sponsus.
2512 5374 2724 5434 Venient
2749 5388 2926 5435 autem
2959 5383 3323 5455 dies,qumnlo
3338 5386 3567 5454 auferetur
3591 5384 3709 5429 ob“

2212 5463 2471 5531 Sponsus,
2492 5482 2540 5522 et
2558 5481 2682 5525 tunc
2698 5472 3017 5545 jejunabunt
3040 5476 3259 5546 (Matth.
3281 5495 3359 5542 tx;
3379 5476 3520 5533 Marc.
3536 5485 3597 5529 tt;
3620 5467 3709 5521 Ῑ-υι

2210 5565 2286 5631 v).
2320 5561 2591 5633 Quidquid
2618 5575 2796 5622 autem
2820 5570 2885 5623 de
2895 5569 3104 5640 jejunio
3131 5572 3388 5636 ciborum,
3413 5577 3536 5626 cetto
3553 5572 3699 5615 (τι-ηδε

2209 5668 2314 5721 est,
2343 5660 2468 5729 quia
2499 5664 2568 5715 ab
2600 5664 2746 5719 onmi
2778 5666 2907 5720 vitio
2923 5674 2977 5721 et
3004 5678 3254 5736 peccato.
3289 5671 3355 5721 ab
3382 5664 3506 5719 omni
3542 5658 3699 5710 ιηώά

2210 5765 2346 5805 vana
2370 5754 2719 5823 cogitatione,
2751 5758 2819 5813 ab
2840 5760 2987 5813 omni
3024 5760 3166 5817 malo
3185 5770 3240 5817 et
3263 5776 3390 5816 ratio
3415 5755 3695 5814 turbati”

2211 5852 2323 5897 tum
2361 5856 2671 5915 potuerunt,
2698 5848 3079 5920 jejunavcrunt
3100 5895 3117 5920 ,
3150 5864 3204 5909 ut
3237 5853 3469 5923 Spiritum
3490 5842 3691 5917 parilits

2210 5935 2313 6008 ίΡδί
2344 5940 2633 6009 Pttt'iﬁcati,
2684 5955 2818 6011 pure
2847 5943 3128 6015 suscipere
3152 5935 3685 6002 ιιιετεῐειιιυτικοεξπ
