3822 6316
104 427 226 492 193⁸1

804 426 1108 485 IIOMILIIE
1141 427 1207 484 IN
1244 428 1463 488 EPIST.
1506 432 1591 487 ET
1622 430 1874 489 EVANG.
1918 431 2217 491 DOMINIC.
2245 462 2315 475 --
2339 433 2520 489 PARS
2553 431 2593 487 l.

3196 435 3336 496 1938

108 561 216 617 qtte,
251 554 436 599 tratres
461 542 595 606 mei,
615 543 660 597 si
683 542 947 613 Spiritum
975 553 1221 600 sanctum
1251 546 1530 616 suscipere
1556 547 1651 600 dco
1683 556 1728 612 Α
1761 558 1939 604 tamen
1968 549 2279 606 intestinum
2321 550 2505 605 odium
2558 557 2752 617 gerunt
2778 556 2939 621 atque
2986 552 3336 609 discordiam.

102 639 395 699 sitit-ramus,
443 648 619 703 operte
648 637 875 705 pretium
921 647 1004 692 est
1050 646 1109 692 unt
1155 638 1399 710 discipuli
1450 640 1651 695 Christi

102 733 269 787 simus.
297 729 415 785 etin
442 730 688 782 oratione
709 742 762 782 et
783 727 991 799 jejunio
1017 746 1444 800 perseveremus.
1482 734 1653 789 uisci-

101 826 195 897 puli
219 823 408 878 Christi
439 837 643 882 sumus,
687 823 730 877 si
772 824 821 876 itt
856 823 1183 889 humili:atc,
1222 825 1266 879 si
1296 826 1346 879 iit
1375 825 1580 896 quiete,
1607 826 1651 880 si

100 920 145 973 in
194 918 371 971 liotore
398 925 450 970 et
493 931 697 975 amore.
728 916 1067 985 discipliuatn
1094 928 1149 971 et
1185 918 1486 973 doctrinam
1538 918 1653 988 ejus
1695 904 1705 914 ’

95 1012 459 1080 amplexantur.
474 1006 608 1062 Nam
632 1023 792 1079 super
811 1009 943 1065 tales
962 1010 1146 1081 procul
1170 1010 1331 1066 dubio
1361 1011 1651 1082 requiescit

96 1104 304 1175 Spit-itus
332 1111 568 1156 sanctus.
609 1101 758 1157 Umle
784 1102 897 1172 ipse
929 1119 1024 1174 per
1070 1103 1392 1175 Propltetam
1426 1124 1439 1159 :
1474 1104 1646 1174 Super

91 1202 225 1269 quem
272 1197 607 1266 requiescam,
654 1195 755 1249 nisi
783 1212 940 1265 super
966 1196 1214 1250 humilem
1240 1208 1287 1251 et
1309 1197 1564 1268 quietum,
1599 1206 1652 1253 et

93 1300 370 1345 trementem
402 1288 553 1341 verba
595 1288 757 1342 mea?
800 1288 935 1349 (lsa.
972 1292 1142 1359 LXVI.)
1172 1288 1397 1358 Oportet
1438 1306 1653 1360 quoque

90 1392 140 1434 ut
167 1392 564 1451 perseveremus
595 1379 647 1433 iu
674 1381 940 1447 oratione,
971 1397 1074 1435 ttou
1101 1382 1168 1437 de
1191 1381 1320 1437 solis
1342 1381 1523 1444 labiis,
1553 1383 1650 1438 sed

89 1471 147 1525 de
169 1486 293 1539 paro
320 1471 496 1525 corde.
522 1468 653 1524 Nam
680 1481 737 1524 ttt
768 1469 997 1540 Sapiens
1028 1472 1104 1526 ait
1135 1489 1150 1527 :
1184 1472 1416 1542 Spiritus
1438 1486 1654 1529 sanctus

86 1562 364 1633 disciplina:
409 1562 616 1632 e/fugiet
644 1562 825 1632 [ictum
870 1602 887 1626 ,
924 1574 971 1617 et
1003 1564 1202 1631 auferet
1239 1581 1292 1617 se
1323 1582 1354 1617 a
1384 1564 1657 1634 cogitatio-

86 1656 223 1711 nibus
253 1671 367 1725 qua:
391 1664 507 1708 sunt
536 1655 648 1709 sine
676 1655 938 1709 intellectu
973 1655 1125 1727 (Sap.
1153 1662 1213 1725 t).
1246 1654 1473 1729 Oportet,
1491 1658 1655 1712 etiam

84 1760 135 1805 ttt
156 1750 471 1819 jejuuetuus,
498 1766 601 1804 non
632 1764 661 1802 a
692 1749 822 1803 solis
850 1751 1007 1815 cibis,
1038 1751 1131 1805 sed
1166 1751 1332 1805 etiam
1367 1767 1395 1803 a
1437 1750 1580 1805 tnala
1602 1758 1658 1805 et

82 1854 204 1896 Vana
227 1839 570 1910 cogitatione.
606 1841 901 1903 locutione,
930 1851 985 1895 et.
1004 1842 1315 1911 operatione
1339 1857 1353 1895 :
1381 1840 1655 1912 Scriptum

1753 640 1911 698 Certe
1942 644 2248 713 quicunque
2293 641 2426 696 tales
2466 649 2611 703 sunt,
2645 655 2747 694 non
2779 640 3035 712 Spiritum
3066 656 3336 714 sanctum,

1754 735 1895 788 unde
1930 737 2100 805 magis
2146 733 2435 789 dolendum
2481 740 2591 798 est,
2640 732 2734 788 sed
2766 732 3018 791 Satanam
3070 738 3342 809 recipiunt

1753 826 2130 883 habitatorem.
2954 874 2955 877 η

1824 919 2028 987 Quarto
2042 922 2445 977 demonstratur
2461 926 2657 993 quibus
2677 922 2847 993 signis
2864 920 3100 993 Spiritus
3118 931 3342 979 sanctus

1754 1011 2041 1067 adventum
2088 1029 2245 1068 snnnt
2289 1014 2340 1068 in
2372 1014 2663 1086 discipulos
2691 1016 3165 1079 detttonstraverit.
3212 1029 3340 1071 cum

1755 1102 2096 1174 subiungitur
2125 1122 2139 1160 :
2170 1102 2238 1159 Et
2268 1105 2437 1175 [actus
2454 1118 2526 1162 est
2559 1118 2765 1179 repente
2797 1106 2861 1161 de
2881 1104 3005 1160 cmlo
3030 1120 3207 1169 sonus,
3230 1111 3340 1162 etc.

1756 1197 1926 1254 Porro
1953 1202 2162 1256 duobus
2190 1204 2356 1273 signis
2373 1205 2636 1261 adventus
2667 1205 2903 1275 Spiritus
2924 1206 3096 1260 sancti
3114 1206 3340 1261 demon-

1757 1300 1959 1346 stratus
1984 1303 2067 1348 est
2101 1311 2115 1347 :
2152 1293 2325 1349 Unum
2354 1295 2454 1350 fuit
2484 1314 2643 1353 sonus
2675 1300 2739 1353 de
2765 1300 2888 1353 ccelo
2916 1307 3120 1367 repente
3146 1290 3342 1367 factus,

1758 1391 2005 1452 tanquam
2037 1385 2358 1441 advenientis
2386 1388 2600 1457 spiritus
2623 1390 2957 1452 vehementis,
3004 1390 3093 1457 qui
3133 1387 3341 1457 replevit

1757 1481 1919 1527 totum
1942 1474 2152 1528 domum
2180 1478 2267 1530 ubi
2284 1491 2431 1532 erant
2460 1480 2707 1550 discipuli
2731 1481 2985 1535 sedentes.
3015 1479 3158 1534 Sane
3180 1494 3341 1533 sonus

1759 1567 1863 1621 iste
1893 1570 2277 1624 eouvcttientcr
2298 1572 2621 1642 siguit‘tcavit
2649 1575 2936 1628 adventum
2966 1572 3199 1643 Spiritus
3221 1589 3340 1628 sau-

1759 1658 1856 1712 cti.
1900 1656 2079 1713 Sonus
2107 1662 2308 1731 quippe
2341 1663 2625 1717 invisibilis
2651 1674 2730 1717 est
2762 1672 2816 1718 ct
2838 1663 3179 1718 invisibiliter
3204 1672 3341 1717 totus

1760 1751 1918 1806 simul
1954 1752 2020 1806 ad
2053 1769 2213 1808 aures
2246 1753 2414 1807 fertur
2440 1756 2795 1825 singulorum,
2825 1768 2879 1811 et
2898 1757 3153 1826 usque'atl
3180 1756 3343 1811 corda

1760 1852 2100 1913 penetrat.et
2133 1859 2195 1899 ea
2225 1845 2290 1899 ad
2324 1845 2730 1915 intelligendum
2746 1848 2968 1903 excitat.
2998 1847 3088 1903 Sic
3106 1847 3343 1917 Spiritu!

80 1942 152 1987 est
177 1931 339 1986 enim.
376 1931 442 1984 In
480 1930 775 1985 nia/iratam
820 1937 1049 1986 animam
1072 1949 1174 1987 non
1192 1934 1424 1987 introibit
1445 1934 1655 1997 sapien—
1688 1922 1732 1982 Β
1763 1943 1983 1989 sanctus
2014 1934 2298 1989 invisibilis
2333 1945 2417 1989 est
2464 1936 2514 1989 in
2543 1935 2626 1990 sui
2658 1947 2872 2002 natura,
2925 1948 2981 1991 et
3009 1937 3344 1992 invisibiliter

81 2026 169 2089 tia,
205 2038 249 2079 et
267 2041 371 2078 non
396 2024 651 2078 habitabit
676 2026 729 2079 in
752 2040 965 2095 corpore
988 2028 1195 2080 subdito
1220 2028 1445 2095 peccatis
1458 2027 1653 2096 tibid.).

144 2115 321 2173 Tertio
352 2116 655 2173 ostenditur
680 2117 768 2173 tibi
807 2128 969 2173 orant
996 2119 1274 2189 discipuli.
1306 2135 1428 2174 cttm
1474 2120 1649 2191 Spiri-

78 2220 157 2265 tus
180 2222 399 2266 sauctus
424 2225 585 2282 super
608 2226 702 2265 eos
721 2213 886 2275 venit,
904 2228 1025 2266 cum
1048 2212 1298 2267 subditur
1328 2227 1343 2266 :
1376 2210 1589 2267 Pariter
1604 2214 1657 2268 in

74 2305 241 2361 eodem
262 2305 398 2359 loco.
416 2305 589 2361 Minus
608 2306 736 2361 dicit
751 2316 802 2361 et
822 2305 940 2375 plus
961 2306 1250 2377 signiﬁcat.
1269 2304 1435 2360 Erant
1456 2306 1655 2377 quippe

74 2398 122 2454 in
146 2400 331 2455 eodem
362 2398 503 2464 l0c0,
544 2400 594 2454 itt
620 2400 809 2455 eodem
832 2401 994 2455 corde
1033 2411 1086 2454 et
1115 2415 1302 2455 auore
1322 2439 1339 2465 ,
1380 2399 1433 2454 itt
1465 2401 1656 2455 eadem

73 2506 243 2547 rerum
266 2491 667 2546 comnmnione.
709 2491 764 2545 lu
790 2492 979 2546 eodem
1018 2492 1286 2561 siquidem
1326 2491 1445 2546 loco
1471 2499 1656 2556 erant,

72 2585 191 2655 quia
221 2584 273 2639 in
300 2586 493 2639 eadem
527 2584 660 2639 urbe
679 2582 1070 2649 Jerusalem,in
1092 2584 1282 2641 eodem
1308 2595 1489 2639 tuente
1503 2583 1656 2653 Sion,

70 2678 122 2734 iu
151 2680 341 2734 eodem
394 2679 678 2733 cmuaculo
706 2693 875 2733 sacrae
922 2678 1219 2748 Scriptura?
1249 2678 1659 2747 spirituatisqne

67 2770 392 2827 refectionis.
422 2771 478 2826 lu
509 2773 699 2827 eodem
724 2786 939 2842 quoque
976 2771 1139 2827 corde
1165 2782 1220 2826 et
1244 2788 1429 2827 amore
1476 2780 1657 2837 erant,

72 2866 323 2936 quoniam
365 2867 435 2919 de
465 2865 544 2918 eis
568 2865 830 2934 scriptum
873 2875 997 2919 est:
1032 2865 1287 2919 Maititud
1313 2866 1393 2919 nis
1442 2866 1662 2919 credeno

66 2959 187 3011 tium
217 2968 330 3012 erat
362 2973 458 3011 cor
483 2974 641 3011 unum
666 2970 712 3012 et
737 2960 913 3012 anima
944 2974 1047 3012 ttna
1079 2958 1218 3031 (Act.
1248 2961 1346 3024 tv).
1390 2957 1444 3012 ln
1468 2958 1657 3011 eadem

63 3048 218 3103 etiam
250 3065 439 3103 rerum
465 3049 843 3104 communione
870 3059 1048 3113 erant,
1080 3049 1335 3119 quoniam
1380 3064 1483 3101 non
1510 3047 1657 3101 dice-

62 3139 140 3194 bat
166 3141 365 3211 aliquis
391 3140 602 3212 aliquid
630 3141 900 3210 proprium
928 3157 1107 3195 eorum
1146 3155 1264 3210 qua:
1288 3139 1656 3209 possidebant,

57 3233 144 3287 sed
174 3245 331 3288 erant
360 3235 441 3289 eis
480 3235 656 3288 omnia
696 3234 995 3288 communia
1022 3234 1221 3305 (ibid.).
1258 3231 1427 3287 Porro
1467 3246 1657 3287 eorum

60 3326 337 3382 univolam
363 3326 849 3389 coltahitationem,
882 3335 936 3380 et
961 3324 1396 3381 commuttionem
1421 3322 1658 3377 admira-

60 3430 141 3475 tttr
169 3423 224 3477 itt
271 3422 478 3492 spiritu
510 3420 802 3491 PrOpheta,
832 3420 1019 3475 dicens
1056 3437 1070 3473 :
1117 3418 1258 3474 Ecce
1280 3434 1437 3489 quant
1466 3418 1659 3471 bonum

52 3524 96 3567 et
132 3530 295 3585 quant
318 3513 625 3584 jucundum
667 3514 905 3566 habitare
944 3511 1050 3581 [rat
1080 3526 1135 3564 es
1178 3510 1235 3563 in
1280 3525 1441 3563 unum
1482 3506 1655 3581 (l’sal.

52 3609 255 3676 cxxxn)
282 3622 299 3669 ;
330 3616 387 3661 et
421 3605 549 3661 alibi
579 3620 593 3658 :
620 3603 758 3658 Deus
789 3604 844 3657 in
874 3601 989 3657 loco
1018 3612 1199 3655 sancto
1223 3616 1318 3654 suo
1344 3614 1362 3652 :
1399 3600 1539 3654 Deus
1567 3600 1659 3671 qui

50 3701 357 3754 inhabitare
381 3697 515 3769 facit
551 3698 704 3751 unius
725 3695 884 3751 moris
907 3696 962 3750 in
991 3695 1148 3748 domo
1177 3691 1353 3763 (Psal.
1379 3692 1575 3760 vau),
1602 3691 1656 3747 id

49 3804 127 3849 est
149 3794 473 3849 unanimes.
516 3790 700 3846 Nullus
729 3790 873 3844 enim
900 3788 1050 3845 locus
1088 3786 1260 3858 magis
1288 3795 1531 3851 sanctus,
1557 3799 1656 3840 nec

46 3888 219 3959 magis
249 3886 370 3942 Deo
401 3885 671 3957 propitius
691 3893 792 3950 est,
819 3898 981 3954 qttam
1012 3891 1324 3936 sanctorum
1352 3894 1658 3936 consonan-

47 3981 118 4035 tia
150 3986 211 4036 ει
260 3977 606 4034 unauimitas
647 3978 993 4032 animorum:
1027 3989 1189 4046 quam
1222 3975 1334 4042 ipse
1375 3973 1522 4028 solus
1562 3987 1661 4043 per

41 4074 278 4143 gratiam
319 4087 487 4129 suam
510 4071 563 4127 in
594 4072 801 4126 sanctis
838 4068 1348 4138 congregationibus
1379 4076 1658 4137 operatur.

45 4166 142 4222 Ubi
192 4168 413 4238 quippe
448 4182 553 4237 pax
600 4176 652 4220 ct
682 4164 995 4226 concordia,
1033 4164 1105 4218 ibi
1159 4161 1420 4225 charitas,
1472 4160 1658 4231 procul

34 4258 205 4316 dubio
233 4270 325 4317 est
358 4270 423 4315 et
457 4258 617 4313 Deus.
656 4257 755 4313 libi
783 4272 912 4311 vero
958 4254 1253 4319 discordia,
1284 4254 1349 4307 lis
1375 4266 1435 4309 et
1474 4253 1658 4307 odium

35 4363 140 4417 est,
168 4354 246 4408 ibi
269 4353 535 4423 profecto
564 4351 834 4421 malignus
862 4350 1085 4420 Spiritus
1105 4357 1209 4403 est.
1240 4348 1425 4417 Itaque
1460 4345 1657 4402 fratres

29 4445 390 4512 charissimi,
449 4445 494 4500 si
539 4444 799 4515 Spiritum
851 4454 1099 4497 sanctum
1152 4442 1205 4495 itt
1256 4457 1353 4496 nos
1403 4440 1660 4494 advenire

30 4537 463 4601 desideramus,
508 4535 756 4590 tollantus
784 4536 851 4589 de
885 4533 1060 4589 medio
1084 4542 1253 4587 nostri
1283 4532 1426 4599 lites,
1453 4532 1660 4585 discor-

1687 3278 1733 3342 C

1766 2038 1909 2084 totus
1938 2027 2095 2084 simul
2124 2028 2189 2084 ad
2227 2028 2468 2101 singulos
2519 2029 2703 2085 ﬁdeles
2759 2030 2953 2095 fertur,
2996 2040 3051 2085 et
3080 2045 3251 2099 usque
3280 2028 3346 2084 ad

1763 2122 1948 2177 intima
1994 2122 2240 2177 cortlittm
2294 2130 2561 2191 penetrat,
2613 2139 2785 2192 caque
2838 2125 2904 2177 ad
2942 2122 3346 2193 intelligendum

1763 2214 1983 2269 excitat.
2024 2213 2126 2282 Qui
2154 2230 2319 2271 sonus
2349 2215 2739 2270 convenienter
2768 2214 2907 2269 venit
2937 2214 3003 2269 de
3023 2214 3193 2279 ca-lo,
3216 2212 3326 2283 quo

1762 2306 1907 2361 niam
1932 2305 2166 2375 Spiritus
2191 2316 2410 2363 sanctus
2440 2308 2670 2361 mittitur
2699 2322 2729 2361 a
2757 2322 2967 2361 summo
2996 2306 3172 2373 Patre,
3192 2305 3343 2376 juxta

1764 2399 1892 2455 illud
1911 2416 1924 2453 :
1944 2397 2108 2455 Omne
2124 2401 2306 2454 datttm
2328 2405 2578 2470 optintunt
2603 2412 2649 2455 et
2669 2416 2819 2454 omne
2841 2401 3035 2454 donum
3058 2398 3344 2467 perfectum

1762 2491 2039 2545 desursum
2075 2502 2148 2545 est
2192 2492 2506 2546 descendens
2543 2510 2574 2545 a
2606 2489 2766 2545 I’atre
2796 2491 3052 2544 luminum
3100 2487 3240 2559 (Jac.
3283 2472 3342 2558 t)’

1764 2582 2167 2640 Cottveniettter
2191 2601 2408 2653 quoque
2434 2585 2631 2640 dicitur
2661 2586 2835 2640 factus
2876 2592 3099 2653 repente
3143 2592 3197 2637 et
3230 2593 3342 2635 lano

1763 2693 1926 2748 qttant
1957 2679 2295 2733 advenientis
2322 2678 2544 2748 spiritus
2567 2677 2920 2737 vehementis.
2946 2674 3201 2745 quoniam
3226 2672 3325 2744 Spi

1764 2770 1901 2825 ritus
1923 2781 2142 2825 sanctus
2189 2784 2446 2841 operatus
2470 2781 2552 2825 est
2584 2771 2636 2824 in
2665 2768 2978 2837 discipulos,
3010 2780 3063 2821 et
3093 2769 3271 2822 subito
3297 2774 3343 2820 e‘

1763 2860 2040 2927 Velociter,
2078 2865 2147 2916 ita
2179 2872 2235 2916 ttt
2268 2878 2373 2915 non
2409 2861 2687 2932 paulatim,
2728 2861 2821 2915 sed
2852 2860 3032 2914 subito
3050 2843 3100 2914 οἰ
3134 2858 3344 2912 citonI

1764 2954 1830 3009 de
1858 2954 2081 3010 rudibus
2117 2954 2350 3010 ediceret
2381 2954 2673 3024 sapientes,
2708 2953 2774 3007 de
2826 2951 3022 3020 tepidis
3053 2949 3351 3016 ferventes,

1763 3048 1832 3104 de
1880 3049 2083 3104 timidis
2117 3050 2368 3111 audaces,
2420 3047 2877 3117 utunusquisque
2926 3058 3114 3101 eorum
3168 3044 3351 3100 dicere

1762 3150 1943 3212 posset
1968 3155 2091 3195 cum
2119 3138 2434 3194 Psalmista:
2466 3137 2622 3193 Nunc
2652 3138 2804 3208 ctepi.
2831 3134 2959 3191 lla-c
2982 3134 3203 3190 mutatio
3233 3139 3351 3189 de»

1765 3244 1919 3289 terra:
1941 3230 2339 3302 Excelsi(l’sal.
2376 3234 2584 3300 Lxxvt).
2619 3229 2808 3285 Potest
2846 3240 3024 3283 autem
3046 3230 3145 3282 hoc
3163 3227 3345 3280 adver-

1765 3326 1933 3389 bium,
1950 3336 2223 3394 tanquam,
2248 3324 2321 3379 ibi
2343 3335 2532 3378 notare
2559 3321 2640 3376 vel
2661 3321 2906 3374 veritatis
2924 3319 3351 3388 expressionem,

1764 3419 2022 3489 quoniam
2058 3433 2227 3472 sonus
2276 3415 2366 3471 ille
2395 3416 2496 3470 fuit
2524 3414 2919 3484 signittcativus
2958 3426 3086 3466 vere
3114 3410 3350 3479 Spiritus

1764 3512 1937 3567 sancti
1970 3511 2310 3568 advenientis
2331 3523 2386 3566 et
2406 3507 2761 3571 vehementis,
2798 3505 2851 3561 id
2877 3514 2979 3568 est,
3002 3520 3032 3558 a
3058 3516 3234 3557 mente
3265 3518 3339 3556 ve

1764 3603 1943 3659 hentis
1986 3612 2042 3659 et
2094 3604 2162 3658 ab
2204 3602 2484 3657 ell'ectibus
2534 3598 2842 3654 carnalibus
2891 3594 3196 3649 alienautis.
3259 3590 3352 3649 Vel

1762 3705 1940 3767 potest
1973 3695 2141 3752 solam
2191 3706 2381 3751 notare
2424 3688 3137 3758 similitudinem,quoniaut
3190 3700 3352 3741 sonus

1763 3787 1854 3843 ille
1886 3786 1988 3841 fuit
2020 3797 2273 3859 tanquatn
2304 3786 2557 3857 spiritus,
2605 3783 2657 3837 id
2685 3791 2769 3837 est
2797 3780 2939 3835 venti
2992 3776 3351 3835 vehementis.

1762 3877 1878 3934 lloc
1909 3893 2105 3934 nomen
2132 3879 2277 3933 enim
2304 3877 2550 3947 spiritus,
2577 3884 2632 3929 et
2658 3874 2724 3927 ad
2751 3873 3025 3943 spiritum,
3053 3879 3107 3925 ct
3133 3869 3198 3923 ad
3227 3883 3330 3923 ven

1764 3978 1899 4035 tum,
1944 3982 1998 4025 et
2027 3972 2093 4024 ad
2129 3978 2377 4035 cantum,
2401 3969 2734 4036 aequivocum
2762 3972 2846 4017 est
2872 4002 2887 4025 ,
2914 3962 3055 4016 sicut
3084 3961 3223 4030 apud
3259 3957 3337 4012 lle

1761 4059 1938 4115 bncos
1969 4059 2124 4115 Ruha
2147 4057 2316 4131 [nrt],
2340 4069 2396 4113 et
2424 4058 2564 4127 apud
2580 4056 2798 4111 Graecos
2825 4049 3052 4122 ptieuma
3075 4046 3353 4123 [πνεῦμαῙ.

1760 4150 2005 4205 Alterum
2046 4164 2172 4204 vero
2194 4136 2405 4219 signum
2443 4148 2568 4211 fuit,
2606 4145 2745 4216 ignis
2782 4158 2877 4215 per
2906 4140 3353 4212 liuguasdisper-

1765 4244 1923 4309 titus,
1967 4242 2057 4312 qui
2092 4257 2259 4310 supra
2312 4238 2553 4309 singulos
2601 4252 2790 4291 eorum
2841 4234 3064 4290 resedit.
3124 4232 3273 4288 Umle
3302 4239 3354 4285 cI

1763 4337 2033 4391 subditur.
2063 4333 2129 4387 Et
2157 4340 2516 4403 apparuerunt
2548 4329 2655 4383 illis
2701 4327 2988 4398 dispertitie
3021 4327 3214 4395 lingua:
3238 4334 3354 4377 tau-

1762 4445 1919 4500 quam
1973 4430 2129 4495 ignis,
2188 4428 2426 4496 seditque
2471 4440 2631 4493 supra
2658 4422 2891 4489 singalos
2931 4434 3131 4473 eorum.
3182 4416 3354 4469 Porro

1763 4522 2149 4577 convenienter
2165 4518 2401 4588 Spiritus
2428 4529 2648 4572 sanctus
2665 4529 2759 4585 per
2776 4514 2973 4582 ignem,
2994 4509 3352 4579 signiticttur.

26 4631 173 4698 dias,
216 4631 479 4687 invidias
535 4640 591 4683 et
619 4628 764 4682 odia,
801 4627 865 4682 Et
900 4626 1040 4682 sicut
1064 4627 1271 4698 pariter
1298 4625 1658 4680 convenimus
1693 4639 1737 4694 ι)
1766 4614 2003 4684 Spiritus
2026 4612 2169 4667 Ctti'tt
2210 4619 2431 4665 sanctus
2461 4626 2615 4663 titttttl‘
2664 4616 2767 4661 est.
2830 4604 2980 4661 Utttltt
3016 4612 3067 4656 υι
3095 4601 3351 4663 Joannes,

26 4722 81 4775 in
117 4723 332 4777 eadem
352 4720 616 4786 eerlesia,
651 4721 793 4774 sicut
816 4719 1021 4774 eisdem
1053 4718 1412 4773 sacramentis
1435 4716 1651 4785 partici-

25 4831 249 4888 panius.
286 4818 449 4873 sicut
497 4824 580 4870 est
619 4814 772 4869 nobis
822 4829 926 4867 una
958 4813 1115 4877 tides,
1150 4826 1314 4865 unum
1366 4811 1654 4880 baptisttta,

27 4927 169 4967 unus
199 4912 365 4965 Deus
390 4917 452 4962 et
481 4906 763 4972 Dominus,
795 4909 867 4960 ita
888 4907 955 4959 sit
987 4905 1037 4959 iu
1072 4904 1228 4958 nobis
1260 4919 1365 4957 una
1388 4910 1658 4967 voluntas,

27 5021 128 5061 una
187 5005 489 5068 cltaritas,
538 5012 593 5057 et
624 5017 727 5055 una
760 5014 939 5054 rerum
973 4998 1349 5051 communitas.
1401 4996 1660 5050 Commu-

27 5101 219 5155 nicent
278 5077 584 5153 nobiscum
640 5108 904 5166 pauperes
959 5089 1263 5159 corporalia
1320 5090 1485 5152 bona,
1518 5087 1660 5141 sicut

29 5191 479 5250 :ommuuicattt
508 5188 827 5258 spiritualia.
858 5184 1269 5238 Commuuicent
1304 5192 1515 5235 terrena
1565 5196 1659 5234 tto-

30 5290 274 5353 JiSClllll,
321 5286 484 5341 sicut
509 5280 959 5337 comtmtuicaturi
992 5286 1361 5331 suntacterua.
1387 5275 1657 5329 Caeterum

31 5383 147 5453 [uid
187 5380 403 5436 dicant
437 5376 503 5430 de
545 5373 867 5444 Quibusdam
892 5370 1298 5431 claustralibus,
1330 5368 1419 5437 qtti
1448 5384 1569 5421 cum
1603 5368 1656 5420 in

31 5474 219 5529 «idem
282 5466 601 5525 refectorio
651 5465 957 5528 comedam,
1008 5461 1061 5516 in
1103 5461 1292 5514 eodem
1340 5458 1661 5512 dormitorio

32 5568 362 5638 tuiescant,
390 5561 453 5615 in
471 5562 659 5615 eodem
686 5558 851 5613 choro
867 5555 1154 5617 excubent,
1180 5552 1233 5606 in
1251 5552 1440 5605 eadem
1476 5566 1657 5603 rerum

35 5654 454 5714 omittttttione
470 5650 671 5713 vivant,
691 5649 744 5702 in
762 5647 948 5701 eodem
973 5644 1164 5697 ordine
1193 5642 1446 5707 militent,
1480 5650 1659 5693 tamen

37 5768 105 5808 er
129 5748 449 5806 invidiam
478 5742 734 5797 etodium
758 5757 786 5794 a
816 5754 875 5795 se
899 5738 1129 5791 invicem
1159 5734 1496 5789 discordant.
1523 5732 1661 5799 Quid

36 5846 189 5900 tiam
221 5843 303 5897 de
351 5834 709 5907 coniugibus,
758 5834 977 5903 quibus,
1022 5846 1143 5885 cum
1188 5830 1260 5884 sit
1308 5844 1411 5882 una
1445 5842 1661 5891 mensa,

36 5950 159 5998 nus
204 5935 446 5996 lectus,
478 5945 581 5984 una
609 5929 773 5983 etiam
805 5924 1101 5982 secundum
1131 5920 1455 5993 apostolum,
1506 5934 1655 5985 caro,

1766 4708 1905 4762 Deus
1935 4707 2164 4761 charitas
2187 4718 2260 4759 est
2295 4704 2344 4773 (1
2372 4703 2534 4757 Joan.
2569 4702 2665 4771 tv).
2700 4701 2958 4754 Dominus
2991 4711 3204 4767 quoque
3230 4694 3355 4763 δυξ-

1761 4801 1925 4856 ritum
1950 4811 2194 4854 sanctum
2216 4799 2393 4865 ignem
2420 4805 2594 4859 vocat,
2624 4795 2807 4847 dicens
2832 4808 2843 4843 :
2881 4789 3061 4858 Ignem
3092 4786 3203 4840 reni
3227 4786 3355 4839 mit-

1760 4905 1867 4950 tere
1896 4895 1949 4948 in
1982 4904 2201 4953 terram,
2222 4902 2267 4945 et
2295 4889 2419 4949 quid
2453 4887 2565 4942 volo
2588 4887 2687 4940 nisi
2712 4895 2762 4938 ut
2795 4883 3016 4937 ardeat?
3041 4879 3194 4951 (Luc.
3231 4878 3352 4947 χιι.)

1764 4987 1917 5043 Sicut
1947 4989 2090 5041 enim
2122 4994 2247 5039 sunt
2275 4992 2483 5051 septem
2519 4981 2657 5033 dona
2691 4978 2924 5049 Spiritus
2956 4976 3151 5036 sancti,
3176 4973 3255 5027 sic
3299 4980 3355 5028 ct

1764 5092 1971 5150 septem
2010 5088 2133 5133 sunt
2164 5077 2524 5147 prrprietales
2574 5072 2739 5143 ignis.
2793 5069 2930 5141 Ignis
2962 5070 3159 5138 quippe
3213 5068 3349 5121 dura

1761 5173 1990 5232 emollit.
2026 5169 2214 5240 frigida
2244 5168 2511 5231 calefacit,
2553 5166 2837 5219 tenebrosa
2875 5164 3136 5216 illuminat
3164 5201 3179 5225 ,
3212 5161 3352 5215 mol-

1764 5262 1834 5317 lia
1884 5262 2217 5315 corroborat.
2280 5261 2490 5328 itttpttra
2525 5257 2832 5320 examinat,
2883 5270 3099 5310 sursum
3152 5255 3349 5319 fertur,

1762 5354 2083 5411 distributus
2121 5352 2528 5421 multiplicatur.
2591 5349 2682 5403 Sic
2733 5359 2788 5403 et
2840 5348 3077 5419 Spiritus
3128 5358 3352 5400 sanctus

1763 5451 1894 5505 dura
1924 5448 2086 5502 corda
2116 5446 2323 5500 emollit
2351 5462 2446 5515 per
2475 5444 2737 5513 Spiritum
2765 5443 2996 5505 timoris,
3032 5441 3224 5512 frigida
3256 5456 3357 5494 ca-

1764 5541 1943 5596 lefacit
1970 5556 2066 5609 per
2090 5539 2341 5608 Spiritum
2367 5535 2609 5607 pietatis,
2644 5536 2931 5590 tenebrosa
2960 5534 3228 5588 illutuinat
3252 5546 3352 5601 per

1764 5636 2011 5705 spiritmu
2045 5634 2309 5699 scientiae,
2366 5630 2543 5685 mollia
2595 5631 2917 5684 corroborat
2965 5644 3061 5699 per
3090 5626 3345 5696 spiritum

1762 5727 2115 5787 fortitudinis.
2146 5726 2353 5794 impura
2384 5722 2658 5778 examinat
2697 5737 2793 5789 per
2835 5719 3085 5789 spiritum
3112 5716 3347 5778 consilii,

1764 5836 1978 5877 sursum
2010 5820 2148 5888 rapit
2202 5833 2297 5888 per
2338 5817 2589 5886 spiritum
2637 5812 2974 5878 intellectus,
3025 5810 3349 5865 distributus

1766 5915 2057 5987 locuptetat
2087 5930 2183 5983 per
2212 5912 2459 5983 spiritum
2521 5910 2817 5981 sapientiae.
2869 5904 3150 5979 Sapientia
3197 5903 3350 5961 enim
