3822 6316
431 433 573 492 1939

1403 427 1750 486 ADDENDA.
1776 450 1847 471 ι·-
1884 423 2235 486 RADULPHI
2260 422 2607 487 ARDENTIS

3574 425 3679 486 lilii)

430 553 627 612 nobilis
652 551 925 623 possessio
950 548 1236 605 distributa
1266 548 1496 619 suscipit
1524 549 1942 611 incrementum.
1973 557 2029 605 et
2058 552 2103 609 Α
2133 564 2196 613 x;
2224 546 2393 603 Marc.
2426 548 2566 617 stu).
2596 544 2827 603 Pulchre
2860 552 3045 601 autem
3078 542 3221 599 sicut
3248 540 3303 597 iu
3329 547 3681 604 constructione

427 664 654 706 avarum
697 646 1020 717 dedignatur
1065 656 1455 717 possessorem,
1508 642 1609 697 nisi
1665 643 2008 713 publicetur,

431 741 683 796 elabitur.
711 740 764 794 in
803 740 929 809 igne
955 738 1116 807 igitur
1145 737 1375 807 Spiritus
1397 745 1618 790 sanctus
1642 750 1805 805 super
1840 734 2011 790 disci-

433 836 586 903 pulos
611 836 777 896 venit,
828 834 1082 900 quoniam
1124 830 1379 900 prmfalas
1409 829 1550 899 ignis
1578 829 1939 899 prOprietates
1962 829 2018 884 in

430 927 513 982 eis
539 926 721 993 ellicit,
744 927 835 996 qui
868 926 920 980 in
951 924 1224 980 Christum
1259 924 1310 978 in
1345 924 1528 992 specie
1562 921 1826 977 columbae
1858 937 2019 977 vene-

432 1027 538 1085 nt,
571 1019 692 1087 quia
733 1027 1042 1087 peccatores
1073 1030 1170 1085 per
1201 1013 1564 1068 columbinam
1610 1013 2016 1082 simplicitatem

433 1111 693 1183 Colligere
712 1108 1055 1164 dcccnderat.
1087 1107 1142 1162 in
1166 1106 1367 1178 linguis
1392 1118 1521 1160 vero
1547 1119 1708 1176 super
1734 1118 1828 1160 eos
1852 1106 2018 1169 t'enit,

437 1207 695 1274 quoniam
719 1218 812 1259 eos
842 1202 1167 1258 inmunibus
1199 1201 1396 1271 linguis
1426 1200 1741 1270 eloquentes
1787 1198 1931 1263 fecit,
1963 1208 2025 1254 ut

437 1295 686 1351 videlicet
752 1304 1064 1365 perceptam
1109 1309 1141 1347 ιι
1184 1292 1385 1363 Spiritu
1432 1302 1625 1347 sancto
1676 1292 2020 1363 sapientiam,

436 1385 688 1442 omnibus
708 1385 905 1455 linguis
925 1384 1175 1441 omnibus
1198 1385 1341 1454 loqui
1364 1386 1637 1439 etscirent
1659 1393 1714 1438 et
1738 1384 2020 1438 auderent.

440 1476 685 1543 Utinam,
738 1476 955 1545 fratres,
987 1485 1042 1533 et
1092 1478 1144 1532 in
1198 1491 1297 1532 nos
1349 1477 1560 1532 iniimus
1614 1475 2021 1546 prmdicatores,

442 1571 681 1642 Spiritus
724 1582 945 1626 sanctus
984 1571 1312 1627 descendere
1360 1570 1641 1641 dignetur.
1691 1569 2026 1640 inspiratque

442 1664 788 1734 sapientiam,
812 1664 1173 1733 eloquentiam
1205 1670 1261 1717 et
1291 1661 1657 1717 fortitudinem
1692 1660 1865 1728 nobis,
1891 1675 2027 1731 qua-

443 1763 604 1812 tenus
647 1757 869 1810 verbum
917 1754 1007 1809 Dei
1046 1754 1429 1824 intelligamus,
1471 1762 1528 1806 et
1568 1752 1920 1815 intellectum,
1963 1764 2025 1806 ea

444 1846 637 1902 saltem
682 1846 885 1916 lingua,
941 1861 1105 1917 quam
1152 1845 1422 1908 novimus,
1475 1842 1658 1914 eloqui
1709 1851 2028 1900 constanter

445 1940 774 1995 audeamus!

519 2033 718 2099 Quinto
741 2032 1144 2088 demonstratur
1163 2030 1435 2102 quomodo
1465 2028 1700 2101 Spiritus
1728 2036 1951 2086 sanctus
1971 2031 2028 2087 in

448 2125 741 2196 discipulos
793 2124 1137 2181 descendisse
1192 2126 1431 2186 dicatur.
1487 2137 1609 2178 eum
1642 2124 2029 2195 subiungitur:

448 2217 517 2272 Et
548 2219 722 2279 repleti
750 2226 871 2272 sunt
900 2232 1074 2271 omnes
1125 2216 1328 2285 Spiritu
1385 2227 1586 2278 sancto,
1644 2216 1699 2271 id
1730 2227 1814 2271 est
1856 2217 2032 2287 gratia

450 2312 687 2381 Spiritus
733 2312 927 2365 sancti.
961 2308 1074 2365 Non
1121 2311 1264 2366 enim
1317 2309 1476 2365 aliter
1528 2310 1765 2379 Spiritus
1812 2318 2033 2366 sanctus

448 2404 798 2465 descendere.
845 2403 1050 2464 venire.
1105 2402 1187 2456 vel
1231 2402 1347 2456 dari
1380 2403 1602 2466 dicitur.
1630 2405 1731 2456 nisi
1762 2404 1886 2474 quia
1917 2402 2036 2473 ejus

450 2496 623 2568 gratia
668 2498 845 2557 datur.
893 2496 1187 2550 secundum
1212 2495 1718 2566 tropumioqncudi.
1759 2506 1867 2566 quo
1893 2496 2036 2567 quod

451 2587 574 2641 doni
594 2596 696 2648 est.
723 2587 1037 2640 attribuitur
1068 2586 1313 2639 donanti.
1345 2584 1512 2639 Nemo
1536 2584 1704 2656 igitur
1730 2587 1780 2640 in
1811 2587 1894 2641 his
1918 2600 2038 2655 quae

451 2680 535 2733 vel
584 2680 789 2743 audita,
821 2678 902 2733 rei
933 2678 1045 2732 visa
1079 2677 1150 2732 ibi
1179 2685 1325 2741 sunt,
1377 2677 1615 2745 Spiritus
1659 2678 1835 2731 sancti
1885 2685 2039 2746 putet

452 2771 768 2839 apparuisse
805 2770 1189 2833 substantiam,
1220 2769 1475 2838 quoniam
1525 2770 1826 2825 substantia
1861 2768 2037 2824 Patris

451 2874 509 2919 et
530 2863 647 2918 Filii
666 2864 967 2933 etSpiritus
988 2862 1163 2917 sancti
1194 2862 1656 2929 intisibilis,sicut
1682 2860 1864 2917 omnia
1892 2872 2039 2917 com-

453 2956 585 3027 plet.
613 2958 685 3011 ita
719 2970 817 3011 nec
836 2957 1121 3019 accedere,
1147 2969 1245 3011 nec
1275 2957 1529 3011 recedere
1563 2954 1809 3010 localiter
1836 2962 2036 3026 potest.

455 3050 721 3105 Dicuntur
742 3058 921 3103 autem
946 3063 1090 3103 nunc
1107 3050 1322 3103 demum
1350 3049 1597 3116 discipuli
1622 3048 1825 3118 Spiritu
1849 3056 2040 3104 saneto

457 3143 650 3214 repleti
678 3158 818 3204 esse.
855 3145 1108 3211 quoniam
1156 3140 1286 3198 etsi
1335 3152 1463 3196 ante
1494 3140 1756 3213 Spiritum
1790 3147 2040 3197 sanctum

456 3235 713 3291 habuisse
736 3236 1006 3298 dicantur.
1034 3245 1212 3291 tamen
1244 3236 1371 3306 quia
1407 3230 1713 3290 utetieulosi
1738 3234 2042 3305 fugiebant,

456 3329 710 3391 latebant,
743 3338 799 3385 et
827 3329 1076 3394 silebant,
1108 3328 1313 3398 Spiritu
1342 3335 1529 3385 sancto
1575 3340 1712 3400 quas
1753 3328 2041 3399 semipleni

457 3434 635 3479 erant.
689 3423 841 3480 Nunc
892 3434 1021 3479 vero
1047 3421 1339 3495 quoniam,
1397 3418 1601 3493 Spiritu
1639 3421 1811 3476 sancti
1842 3431 2036 3477 conce-

456 3527 606 3590 ptam
630 3519 880 3574 \‘it‘ltllOtll
900 3518 1012 3586 iam
1039 3520 1294 3573 cohibere
1322 3518 1469 3572 intus
1489 3526 1542 3572 et
1570 3515 1730 3572 silere
1754 3530 1860 3571 non
1891 3526 2045 3587 pote-

457 3622 603 3680 rant,
647 3612 740 3668 sed
796 3624 946 3668 more
973 3611 1098 3668 dolii
1144 3620 1323 3666 musto
1367 3624 1507 3666 noro
1550 3609 1689 3681 pleni
1721 3610 2045 3664 eructubant

456 3715 513 3759 et
549 3704 1082 3776 superell‘umlebant,
1138 3711 1285 3757 recte
1340 3702 1547 3773 Spiritu
1606 3708 1797 3756 saucio
1853 3699 2044 3770 repleti

458 3794 731 3854 dicuntur.
775 3798 926 3854 Unde
952 3806 1007 3852 et
1054 3812 1082 3851 a
1112 3793 1310 3851 Iudaeis
1356 3806 1535 3866 postea
1567 3795 1701 3850 ebrii
1732 3809 1854 3849 esse
1905 3793 2041 3850 dicti

458 3902 605 3948 sunt.
623 3893 789 3947 Sesto
802 3892 929 3961 quid
950 3891 1231 3960 discipulis
1245 3890 1481 3961 Spiritus
1492 3898 1713 3944 sanettls
1726 3884 2042 3955 eotttuleril,

457 3987 783 4048 ostenditur,
813 3994 933 4039 eum
958 3984 1189 4040 dicitur:
1220 3983 1283 4037 Et
1309 3992 1571 4053 coeperunt
1598 3981 1738 4051 loqui
1762 3982 1922 4035 rariis
1945 3977 2047 4035 lin-

459 4082 595 4149 guis,
615 4086 770 4147 prout
795 4076 1021 4149 Spiritus
1034 4088 1247 4133 sanctus
1271 4077 1427 4130 (labat
1451 4072 1625 4147 eloqui
1643 4074 1774 4130 illis.
1790 4073 1833 4130 Ο
1859 4088 2046 4145 quam,

460 4168 662 4226 fratres
691 4170 1023 4231 charissimi.
1049 4167 1201 4224 vt‘lox
1231 4169 1518 4237 magistrcr
1547 4178 1629 4223 est
1662 4166 1894 4237 Spiritus
1917 4178 2046 4221 sau-

463 4276 605 4320 ctus.
639 4262 756 4318 Non
813 4272 896 4318 est
947 4263 1186 4318 adhibita
1222 4260 1594 4331 interpretatio
1624 4260 1690 4314 ad
1745 4259 2049 4329 intelligen-

466 4355 615 4424 dum,
650 4371 754 4411 non
779 4354 1111 4412 consuetudo
1143 4355 1210 4408 ad
1236 4370 1414 4417 usum.
1463 4369 1567 4407 non
1601 4363 1810 4422 tempus
1842 4353 1906 4406 ad
1932 4365 2051 4405 stuc

465 4447 632 4505 dium.
673 4446 779 4504 Sed
831 4446 1153 4503 mirabiliter
1199 4456 1252 4500 et
1302 4445 1540 4499 inaudito
1593 4457 1762 4505 more.
1815 4442 2049 4514 Spiritus

466 4556 657 4598 sancto
684 4553 965 4614 operante.
985 4548 1202 4610 repente
1234 4538 1403 4593 timidi
1435 4539 1569 4593 lium
1592 4537 1846 4603 audaces,
1867 4536 2047 4602 rudes.

2123 642 2314 705 Babel.
2337 652 2485 696 turre
2507 641 2711 697 scilicet
2738 637 3106 701 cottfusionis,
3134 652 3242 691 una
3271 636 3444 703 lingua
3470 637 3515 690 in
3540 638 3685 706 plures

2129 746 2347 807 propter
2394 734 2701 807 superbiam
2745 734 2921 790 divisa
2954 744 3036 789 cst
3068 727 3231 799 (Ceu.
3268 732 3381 790 xtl.
3406 730 3471 783 ita
3500 748 3625 786 nunc
3644 736 3685 789 in

2120 830 2491 885 ceustruenda
2526 826 2788 887 Ecclesia.
2832 828 2996 882 domo
3023 825 3243 881 scilicet
3278 821 3393 884 Dei.
3425 822 3594 891 pltlt’rs
3616 824 3687 879 lin-

2121 939 2238 995 guae
2272 934 2495 995 prepter
2523 920 2882 978 humilitatem
2908 920 3200 974 uniuntur.
3238 916 3494 987 Superbis
3521 918 3685 989 quippe

2122 1016 2267 1070 Deus
2327 1014 2553 1081 resistit,
2606 1023 2659 1070 et
2702 1008 3004 1070 humilibus
3034 1014 3131 1066 dat
3196 1010 3428 1082 gratiam
3461 1008 3687 1083 (lacu).

2120 1107 2240 1164 Non
2268 1110 2429 1179 igitur
2456 1105 2675 1176 fratres,
2697 1108 2828 1164 nihil
2854 1108 2921 1162 de
2948 1107 3187 1171 viribus,
3221 1102 3356 1157 nihil
3390 1102 3455 1157 de
3484 1103 3686 1173 ingenio,

2124 1202 2260 1258 nihil
2292 1204 2359 1259 de
2387 1202 2642 1266 arbitrio,
2699 1203 2782 1257 vel
2818 1202 3013 1257 merito
3049 1208 3267 1261 nostro,
3320 1211 3691 1267 prmsnmamus,

2124 1294 2216 1349 sed
2233 1295 2411 1363 potius
2436 1291 2501 1348 de
2525 1292 2695 1363 gratia
2724 1292 2945 1363 Dei,qui
2976 1288 3244 1362 mysteria
3275 1303 3368 1341 sua
3398 1287 3692 1342 abscondita

2124 1387 2459 1457 Sapientibus
2493 1394 2546 1443 et
2580 1384 2964 1458 prudentibus,
3024 1393 3082 1439 et
3138 1380 3352 1437 revelat
3379 1396 3441 1434 ea
3494 1382 3697 1448 pravulis

2127 1478 2341 1552 (Matth.
2362 1496 2415 1536 χι
2438 1494 2452 1546 ς
2478 1478 2605 1534 Luc.
2624 1480 2876 1550 x),atque
2898 1471 3423 1548 liuguasiufanlium
3448 1468 3569 1525 facit
3587 1473 3698 1527 diser

2130 1585 2209 1631 tas
2231 1572 2383 1645 (Sap.
2405 1574 2481 1634 xi.
2500 1575 2740 1645 Septimo
2768 1576 3179 1628 demonstratur
3210 1580 3418 1640 quanta
3452 1568 3698 1624 admiratio

2128 1666 2415 1722 subsecuta
2449 1664 2519 1722 sit
2546 1665 2807 1734 magualia
2843 1663 3081 1734 Spiritus
3096 1663 3430 1725 sant-ﬁxum
3451 1661 3696 1716 subditur:

2130 1756 2301 1814 Erant
2333 1769 2505 1814 autem
2538 1755 2593 1813 in
2615 1756 2911 1814 Jerusalem
2954 1756 3261 1810 habitantes
3293 1752 3397 1807 eiri
3426 1752 3701 1822 religiosis:

2130 1852 2270 1906 omni
2301 1851 2511 1906 natione
2537 1866 2655 1921 qua:
2680 1850 2775 1904 sub
2802 1849 2926 1903 caelo
2952 1855 3028 1903 est
3052 1887 3071 1914 ,
3114 1856 3173 1903 ct
3205 1846 3326 1900 ideo
3361 1845 3601 1899 omnium
3624 1842 3700 1897 lino

2058 1923 2104 1984 Β
2135 1959 2363 2018 gnarum
2399 1945 2590 2015 ignari.
2650 1938 2819 1997 Facta
2860 1955 3206 2007 autemecce,
3235 1934 3552 2010 linguarum
3595 1934 3703 1991 scili-

2135 2044 2225 2094 ccl
2248 2036 2520 2092 variarunt
2546 2035 2839 2097 auditiOne,
2869 2034 3103 2089 convenit
3138 2031 3451 2094 multitudo,
3486 2034 3699 2101 tanquam

2138 2129 2205 2188 ad
2228 2142 2339 2185 rem
2375 2129 2674 2187 mirabilem
2705 2134 2759 2185 et
2780 2122 3099 2191 inauditam,
3129 2135 3178 2181 et
3213 2136 3389 2180 mente
3422 2125 3630 2194 confusa
3652 2136 3705 2178 est

2140 2225 2194 2281 in
2236 2224 2337 2279 ista
2384 2240 2463 2291 re,
2498 2221 2651 2293 cujus
2698 2238 2916 2277 causam
2969 2230 3023 2276 et
3053 2222 3277 2278 modum
3330 2234 3440 2273 non
3496 2227 3708 2288 poterant

2141 2317 2467 2388 investigare
2492 2327 2507 2370 τ
2541 2314 2790 2389 quoniam
2816 2312 3061 2367 audiebat
3103 2312 3710 2381 unusquisque,dirersa-

2143 2426 2262 2467 rum
2286 2410 2611 2480 linguarum.
2630 2405 2837 2479 Lingua
2863 2418 2960 2461 sua
2986 2404 3103 2460 illos
3136 2405 3435 2476 loquentes.
3462 2396 3710 2470 Stupebant

2141 2510 2317 2557 autent
2353 2514 2554 2565 omnes,
2596 2507 2644 2556 et
2690 2498 3043 2563 mirabantur,
3076 2496 3309 2552 dicentes
3341 2514 3360 2551 :
3394 2486 3586 2549 Nonae
3624 2512 3711 2549 me

2142 2604 2321 2651 omnes
2346 2594 2435 2651 isti
2459 2595 2548 2668 qui
2566 2595 2873 2666 loquuntur,
2913 2598 3126 2647 tantum
3175 2590 3362 2663 lingua
3394 2598 3449 2645 et
3488 2593 3710 2655 natione,

2143 2680 2357 2742 Balilmi
2395 2696 2513 2741 sunt
2533 2683 2559 2741 .’
2579 2682 2850 2752 Quomodo
2875 2700 2966 2739 nos
2993 2682 3315 2745 audivimus.
3348 2684 3419 2736 ab
3452 2682 3555 2742 eis.
3584 2698 3715 2736 eass-

2144 2776 2363 2849 quisque
2413 2776 2652 2849 linguam
2678 2788 2909 2833 nostram
2941 2774 2995 2830 lu
3023 2788 3127 2847 qua
3166 2772 3282 2829 nati
3310 2790 3499 2829 suum
3520 2773 3546 2827 .9
3566 2771 3716 2827 Paula

2142 2881 2192 2929 et
2234 2869 2409 2940 Medi,
2441 2880 2490 2927 et
2520 2870 2787 2935 Elamiue,
2826 2880 2962 2937 εις..
3005 2866 3314 2923 audivimus
3368 2882 3460 2922 eos
3488 2866 3718 2937 loquentes

2145 2968 2342 3021 nostris
2381 2965 2576 3036 linguis
2624 2962 2892 3035 mugnalia
2944 2960 3058 3015 Dei.
3100 2960 3305 3029 Quare.
3364 2950 3563 3014 fratres
3615 2960 3716 3021 mei,

2147 3052 2293 3115 dedit
2314 3052 2575 3114 Dominus
2602 3052 2879 3128 discipulis
2899 3048 3012 3113 suis
3041 3052 3188 3127 loqui
3217 3051 3393 3108 rariis
3422 3044 3720 3123 liugu'rs?eb

2149 3161 2262 3209 tres
2301 3162 2540 3210 causas:
2586 3150 2667 3207 Ad
2712 3150 3155 3221 cxpedimentum
3200 3146 3632 3219 prmdiCatiouis,
3677 3153 3724 3197 at

2149 3244 2357 3301 sciliCet
2389 3244 2457 3299 ad
2505 3244 2873 3315 cujusCunque
2926 3243 3126 3311 lingua:
3178 3238 3445 3312 populum
3481 3240 3723 3299 Venit-ent,

2151 3346 2255 3392 non
2290 3335 2593 3407 indigerent
2619 3332 2933 3405 interprete,
2959 3332 3052 3387 sed
3076 3333 3262 3387 statim
3293 3336 3521 3400 possent
3557 3327 3727 3398 pradi-

2151 3440 2297 3486 Caro.
2323 3430 2405 3486 Ui)
2451 3430 2665 3498 signum
2690 3427 2885 3481 divina!
2912 3424 3151 3491 virtutis,
3184 3432 3247 3477 ιιι
3282 3422 3497 3477 scilicet
3526 3436 3617 3490 per
3644 3418 3726 3473 hac

2149 3522 2293 3593 Quod
2321 3518 2469 3576 omni
2524 3519 2705 3589 lingua
2736 3516 3115 3589 loquerentur,
3145 3526 3241 3571 eos
3275 3530 3303 3568 :t
3340 3514 3454 3570 Deo
3484 3514 3667 3570 doctos
3687 3520 3730 3567 et

2152 3615 2348 3670 missos
2385 3624 2504 3669 esse
2549 3615 2915 3667 adverterent.
2975 3599 3130 3667 Unde
3167 3608 3374 3664 Paulus
3405 3624 3421 3665 :
3458 3604 3730 3677 Lingut‘ris

2150 3707 2356 3777 signum
2379 3715 2500 3762 sunt
2527 3720 2628 3761 non
2652 3704 2919 3775 ﬁdelibus,
2948 3705 3042 3759 sed
3060 3700 3441 3773 inﬁdelibus”
3464 3701 3587 3757 Cor.
3617 3706 3725 3756 stt.

2152 3790 2233 3859 Ob
2264 3800 2486 3871 figuram
2531 3799 2797 3872 generalis
2824 3798 3225 3865 conversionis,
3272 3808 3330 3852 ttt
3377 3797 3732 3867 t'islelicetper

2149 3886 2255 3952 hoc
2285 3892 2841 3966 slgttillraretut'quod
2862 3908 2966 3947 non
2992 3892 3139 3948 solus
3155 3892 3392 3963 populus
3417 3884 3734 3951 Judzeorum.

2154 3990 2247 4044 sed
2278 3988 2439 4043 ctiam
2464 3985 2615 4057 jttXla
2648 3989 2969 4057 pmpltetam
3001 3996 3016 4040 :
3047 3976 3232 4040 Omnis
3261 3982 3671 4053 populustribns
3695 3989 3734 4033 et

2150 4078 2348 4150 litigare
2367 4074 2587 4134 serrt‘ent
2613 4076 2661 4133 ei
2691 4076 2919 4150 (Daniel.
2957 4082 3052 4145 vn)
3078 4074 3254 4133 .Undc
3288 4076 3523 4131 Paulus:
3556 4071 3623 4126 Et
3642 4089 3737 4125 eas-

2154 4173 2257 4236 nis,
2304 4168 2495 4240 inquit.
2530 4168 2712 4240 lingua
2768 4162 3081 4237 conﬁteatur
3133 4169 3259 4237 quin
3294 4162 3551 4220 Dominus
3588 4172 3737 4216 uester

2152 4260 2392 4318 Christus
2416 4278 2469 4316 in
2496 4264 2664 4333 gloria
2690 4272 2763 4316 est
2794 4258 2889 4315 Dei
2918 4257 3097 4315 l’atris
3124 4258 3348 4329 (Philip.
3384 4262 3462 4327 tt).
3497 4256 3671 4324 Quem
3692 4260 3739 4307 ut

2153 4370 2251 4412 nos
2288 4370 2414 4411 rere
2449 4354 2692 4411 confiteri
2721 4352 3015 4417 valeamus.
3053 4368 3277 4409 oremus
3300 4350 3448 4407 illum
3480 4351 3733 4420 Spiritum
3820 4348 3822 4379 ξ

2152 4456 2397 4503 Sanctum
2441 4457 2709 4519 quatenus
2742 4447 2864 4517 igne
2895 4460 2992 4503 Sno
3025 4455 3217 4501 sancto
3254 4458 3415 4499 renes
3442 4453 3670 4499 nostros
3698 4450 3740 4494 et

2155 4554 2249 4597 cor
2279 4550 2523 4596 nostrum
2554 4553 2696 4608 urat,
2726 4548 2915 4612 purget
2944 4548 2995 4595 et
3023 4540 3072 4594 itt
3099 4534 3242 4594 bono
3277 4537 3602 4601 confirmet,
3636 4536 3738 4589 illuc

466 4633 757 4701 SiIIIlL‘lilt‘S.
784 4635 1048 4702 elingues.
1069 4630 1453 4699 ontnilingues,
1475 4628 1643 4681 lililltli
1668 4639 1886 4698 repente
1916 4626 2047 4681 fiunt
2085 4663 2131 4720 υ
2159 4635 2326 4689 minet
2372 4642 2426 4690 et
2475 4632 2791 4699 inﬂammul’
2850 4640 3117 4703 quatenus
3142 4674 3157 4696 ν
3213 4631 3464 4686 omnibus
3526 4627 3739 4685 terrenis

469 4725 725 4787 audaces,
741 4724 993 4793 quoniam
1012 4723 1101 4791 qui
1122 4722 1280 4774 modo
1302 4720 1443 4787 loqui
1474 4735 1577 4771 non
1599 4720 1889 4783 audebant.
1908 4728 2050 4775 tittttc

469 4824 756 4886 CU‘pCI‘llill
792 4817 1002 4886 publice
1026 4815 1191 4883 inqui.
1216 4812 1397 4866 [ludes
1431 4820 1651 4880 repente
1684 4810 1815 4865 llnnt
1839 4812 2052 4880 sapien-

468 4911 841 4980 t-es,qnouiazn
869 4909 957 4978 qui
993 4909 1173 4972 modo,
1207 4916 1341 4958 teste
1365 4905 1611 4968 Domino,
1638 4904 1753 4959 sine
1778 4904 2053 4960 intellectu

469 5017 626 5058 erant
668 5003 745 5065 (Μ
787 5007 884 5056 ttlt.
937 5006 1049 5068 xv).
1101 5016 1240 5054 nunc
1273 4998 1528 5068 mysteria
1563 4997 1964 5067 Scripturarttm
1999 5008 2054 5054 et

469 5098 739 5169 tnagnalia
766 5096 855 5151 Dei
888 5092 1255 5160 intelligebant
1279 5100 1334 5148 et
1360 5092 1769 5162 eloquebantur.
1805 5089 2058 5161 Eiingues

468 5200 694 5261 repente
723 5189 847 5243 fecit
869 5186 1512 5257 omnilingues.quoniam
1533 5188 1621 5257 qui
1644 5185 1799 5239 modo
1830 5200 1933 5238 una
1957 5184 2059 5238 litt-

468 5298 574 5360 gua
594 5284 939 5340 Hebraeorum
970 5281 1365 5353 perfecteloqni
1390 5281 1723 5343 nesciebant.
1752 5294 1892 5334 nunc
1909 5277 2057 5333 omni

469 5377 654 5446 lingua
690 5376 925 5448 perfecte
956 5376 1329 5445 loquebantur.
1370 5374 1433 5429 Et
1464 5374 1656 5428 horum
1692 5373 1934 5427 omnium
1975 5372 2060 5428 tti-

469 5471 547 5528 ltil
574 5485 638 5526 ex
660 5470 884 5534 viribus.
920 5470 1048 5524 nihil
1077 5482 1143 5523 ex
1172 5469 1410 5541 ingenio,
1433 5465 1565 5521 nihil
1594 5483 1655 5521 ex
1685 5464 1930 5520 doctrina
1960 5480 2057 5520 sua

470 5561 769 5627 faciebant,
805 5565 899 5621 sed
932 5562 1058 5633 quid
1084 5570 1135 5616 rt
1168 5569 1514 5631 quantutu,ct
1540 5558 1805 5628 quomodo
1826 5550 2058 5627 Spiritus

472 5669 694 5714 sanctus
724 5659 884 5712 dabat
917 5654 1407 5726 eloquiillis,justa
1437 5656 1575 5724 quod
1604 5652 1857 5707 Dominus
1873 5660 2060 5705 uoster

471 5751 800 5821 preniiserat
835 5750 977 5804 illis:
1030 5748 1162 5802 Dum
1194 5748 1438 5802 steteritis
1469 5757 1589 5800 ante
1611 5758 1751 5815 reges
1795 5754 1840 5799 et
1872 5742 2057 5812 prmi-

475 5843 586 5906 des,
613 5841 773 5896 nolite
795 5842 1025 5910 cogitare
1051 5839 1308 5910 quomodo
1334 5850 1421 5893 aut
1455 5838 1579 5907 quid
1609 5837 1924 5907 loquamini,
1960 5839 2059 5889 da-

476 5934 617 5990 bitur
639 5932 773 5989 enim
806 5933 942 5990 vobis
973 5932 1032 5987 in
1059 5928 1153 5985 illa
1197 5930 1325 5986 liora
1357 5929 1485 6001 quid
1517 5929 1803 6000 loquamini
1834 5927 2052 6001 (Matth.

2158 4722 2504 4796 contemptis,
2538 4724 2605 4778 ad
2644 4722 2887 4777 rtelestia
2924 4730 3035 4777 telo
3058 4720 3328 4778 desiderio
3353 4722 3668 4778 tendamus.
3697 4726 3739 4771 et

2159 4820 2439 4889 proximos
2488 4827 2705 4873 nostros
2751 4818 3032 4873 nobiscum
3063 4818 3283 4871 trahere
3333 4816 3735 4872 contendanms.

2158 4909 2266 4970 Per
2287 4911 2469 4968 Jesum
2506 4904 2804 4967 Chrismm.
2835 4913 3025 4966 Amen.

2675 5000 2955 5061 IIOMILIA
3000 4996 3237 5059 LXXIII.

2544 5108 2596 5153 IN
2634 5110 2722 5153 DIE
2762 5112 2965 5153 SANCTO
3002 5106 3387 5152 PENTECOSTES.

2232 5190 2293 5250 Si
2312 5192 2425 5264 quis
2453 5190 2624 5263 diligit
2650 5206 2745 5255 me,
2770 5204 3059 5245 sermonem
3090 5202 3262 5243 meum
3314 5187 3547 5243 serrabit
3575 5185 3734 5250 (Jan.

2162 5281 2300 5357 xw),
2327 5294 2434 5339 etc.
2455 5278 2722 5351 Quoniam
2747 5278 3006 5336 hodierna
3035 5279 3272 5349 Spiritus
3288 5276 3449 5333 sancti
3484 5278 3735 5330 δάνᾱλες

2164 5372 2502 5439 soletnnitas,
2544 5371 2743 5425 fratres
2774 5368 3106 5431 charissimi.
3156 5380 3250 5424 nos
3294 5368 3443 5422 ltodtc
3488 5367 3551 5421 in
3594 5381 3733 5419 nam

2164 5468 2534 5538 congregavit,
2582 5464 2945 5519 necessarium
2995 5463 3249 5517 duximus
3294 5460 3731 5531 quantulnmms-

2161 5573 2268 5629 que
2298 5572 2603 5613 sermonem
2653 5557 2832 5611 i'aCcre
2859 5555 3012 5609 vobis
3041 5555 3107 5608 (lc
3133 5569 3317 5625 evang.
3340 5552 3431 5607 lica
3490 5552 3727 5605 lecziese.

2167 5651 2524 5722 Distingnitur
2575 5658 2752 5705 autem
2805 5648 2964 5703 lectio
3024 5649 3125 5703 ista
3180 5647 3419 5718 capitulis
3479 5647 3719 5714 quinam

2164 5746 2500 5802 Aceessurns
2550 5744 2749 5817 quippe
2792 5740 3051 5799 Dominus
3096 5740 3162 5797 ad
3210 5743 3533 5814 passionem,
3582 5738 3725 5808 ιιι-ἃδε

2165 5841 2414 5896 hortatur
2456 5853 2551 5894 eos
2579 5838 2642 5892 ad
2680 5836 3044 5893 dilectionem.
3097 5836 3341 5893 Secundo
3369 5829 3723 5905 promittiteis

2165 5928 2424 6003 Spiritum
2479 5940 2749 5985 sanctum.
2800 5927 2984 6015 ’i'ertio
3014 5928 3105 5985 dat
3160 5929 3238 6011 eis
3270 5939 3465 5999 pacem.
3530 5926 3713 5995 Quarta
