3822 6316
468 414 490 469 ί
501 408 607 468 913

1511 398 1854 460 ΑΟΒΕΝΒᾹ.
1894 426 1968 443 --
2002 398 2041 454 Β

2157 394 2351 453 ULPm
2393 390 2743 451 ABDENTIS
3585 395 3672 454 ιθιι

465 526 582 597 quis
615 533 788 577 noster
819 523 1076 579 Dominus
1110 522 1223 577 est?
1251 518 1422 588 (Psal.
1444 519 1529 578 tt.)
1563 516 1858 579 Erubesce,
1894 514 2043 571 inso-
2072 523 2119 578 Α
2149 521 2207 567 ιιι
2238 510 2445 567 scilicet
2468 518 2523 565 et
2550 510 2661 571 hic,
2688 516 2954 578 quantum
3000 502 3261 576 possibile
3290 510 3393 561 est.
3425 516 3471 571 p.
3493 514 3585 597 eum
3611 508 3672 563 ιη.

434 610 582 671 ἰριις
616 619 837 679 vermis,
868 613 1036 671 Filius
1075 614 1167 669 Dei
1212 611 1343 668 dicit
1381 624 1439 664 se
1483 623 1581 664 nec
1628 608 1795 679 loqui,
1828 621 1931 661 nec
1959 620 2047 660 sa-

466 721 615 777 pere,
644 720 742 759 nec
772 719 929 774 posse
972 701 1171 774 aliquid
1201 716 1265 755 ex
1294 714 1374 764 se,
1414 708 1466 753 et
1496 707 1549 751 ιιι
1583 697 1873 751 homuncio
1911 709 2051 766 pra—

466 798 637 853 sumis
668 795 869 867 aliquid
901 796 1021 851 boni
1053 810 1117 850 ex
1156 802 1207 849 te
1236 806 1392 863 posse
1421 805 1609 861 sapere
1638 789 1719 843 vel
1749 788 1933 858 loqui‘.

538 888 799 957 Sequitur
826 902 951 957 pars
982 885 1215 941 secunda
1256 885 1308 937 itt
1344 897 1447 951 qua
1479 880 1743 961 promittit
1765 877 2048 948 discipulis

465 966 729 1052 Spiritum
779 991 1045 1040 sanctum.
1080 978 1303 1033 dicens:
1337 974 1465 1030 Hice
1504 976 1709 1028 locutus
1753 989 1867 1027 sum
1908 971 2049 1027 vobis

466 1075 608 1144 apud
640 1090 726 1128 vos
754 1088 988 1127 manens.
1024 1068 1331 1123 Paracletus
1357 1079 1554 1131 autent,
1586 1075 1689 1120 etc.
1719 1063 1881 1132 Quasi
1911 1062 2051 1119 dice-

365 1188 370 1193 θ
468 1176 552 1222 ret
580 1184 594 1222 :
626 1167 757 1221 Dum
798 1164 1151 1235 corporaliter
1174 1164 1453 1217 vobiscum
1486 1175 1699 1224 maneo,
1734 1160 1849 1213 haec
1878 1172 2045 1229 pauca

466 1259 676 1314 locutus
705 1275 821 1313 sum
850 1258 1036 1324 vobis;
1067 1272 1189 1313 cum
1216 1257 1381 1311 multa
1419 1256 1674 1310 haberem
1699 1253 1875 1307 adhuc
1899 1250 2049 1305 vobis

438 1350 666 1423 dicere,
698 1348 739 1403 si
788 1351 1018 1419 possetis
1070 1359 1309 1419 portare.
1360 1347 1467 1403 Sed
1525 1346 1758 1415 Spiritus
1806 1352 2045 1408 sanctus,

466 1454 587 1512 qua:
632 1441 808 1495 minus
855 1440 964 1495 dixi
1011 1441 1191 1501 vobis.
1220 1438 1512 1509 supplebit,
1546 1438 1678 1491 dans
1704 1436 1865 1489 etiam
1897 1434 2051 1490 vobis

464 1530 726 1602 majorem
755 1531 1085 1600 intelligendi
1118 1532 1497 1600 capacitatem.
1532 1528 1699 1583 Vocat
1722 1536 1901 1581 autem
1924 1540 2049 1579 cum

464 1623 824 1688 Paracletum,
857 1624 905 1678 id
928 1632 1013 1677 est
1034 1626 1449 1681 consolatorem.
1477 1622 1735 1691 quoniam
1754 1619 2050 1688 discipulos

464 1717 533 1772 de
568 1732 781 1771 recessu
816 1728 1039 1771 maestos
1069 1724 1187 1771 erat
1221 1714 1629 1778 consolaturus,
1667 1712 1849 1766 minus
1884 1712 2051 1767 fortes

464 1808 899 1871 confortalurus,
942 1810 1116 1862 minus
1150 1809 1338 1862 doctos
1368 1807 1713 1869 cruditurus,
1748 1819 1847 1860 nec
1872 1804 2047 1860 solum

2150 605 2357 669 beatis,
2388 612 2444 658 et
2492 603 2559 657 ad
2606 611 2864 657 aeternam
2918 615 3107 670 pacem
3157 598 3438 654 desiderio
3484 596 3674 658 festinetis

2154 694 2278 752 Non
2321 696 2611 769 quomodo,
2644 694 2851 762 inquit,
2886 693 3115 747 mundus
3160 692 3255 745 dat
3278 730 3296 755 ,
3333 706 3431 761 ego
3478 690 3540 743 de
3568 696 3674 750 vobis.

2150 787 2317 843 Porro
2345 802 2449 857 pax
2483 786 2586 840 alia
2620 786 3019 856 prosperitatis,
3049 784 3159 838 alia
3184 782 3477 846 bonitatis,
3500 782 3584 837 alia
3604 800 3679 840 uu-

2152 880 2299 936 litiaa.
2336 882 2445 935 Pas
2490 878 2864 949 prosperitatis
2910 876 3226 932 ittliﬂereus
3272 888 3384 930 est.
3435 878 3563 928 Bene
3582 879 3677 933 enim

2152 989 2216 1029 ea
2243 974 2414 1029 utcnti
2445 984 2527 1029 est
2556 974 2726 1037 bona,
2751 970 2892 1026 male
2927 972 3097 1027 uteuti
3128 980 3215 1025 est
3249 969 3421 1025 mala.
3452 965 3578 1023 Bene
3595 986 3682 1027 usus

2152 1075 2236 1121 est
2280 1065 2556 1121 Abraham
2592 1070 2649 1117 et
2679 1062 2860 1117 caeteri
2897 1062 3222 1131 patriarcha:
3262 1074 3403 1130 pace
3444 1059 3683 1128 temporalis

2151 1158 2560 1230 prosperitatis;
2594 1156 2662 1213 de
2693 1155 2945 1225 qualibus
2980 1154 3180 1209 dicitur
3208 1153 3268 1207 in
3305 1148 3673 1222 psalmomuti

2152 1268 2328 1306 omnes
2351 1252 2440 1316 qui
2463 1250 2650 1304 timent
2673 1248 2976 1308 Dominum,
2995 1246 3084 1315 qui
3113 1243 3391 1300 ambulant
3418 1244 3475 1296 in
3497 1243 3576 1296 riis
3588 1244 3681 1313 eiu.

2126 1344 2675 1401 Latiares-manuum
2722 1351 2936 1395 tuarum
2975 1340 3102 1409 quia
3144 1336 3681 1393 manducabiszbestu

2152 1455 2205 1493 es
2232 1447 2283 1493 et
2313 1438 2436 1492 bene
2467 1438 2557 1491 tibi
2597 1438 2717 1492 erit.
2745 1431 2897 1489 Uxor
2924 1444 3015 1486 tua
3042 1432 3180 1486 sicut
3211 1430 3336 1485 vitis
3368 1428 3616 1484 abundans
3642 1431 3679 1485 in

2152 1526 2399 1581 lateribus
2428 1527 2616 1580 domus
2637 1536 2765 1579 tuas.
2809 1522 2941 1578 Filii
2976 1522 3057 1576 tui.
3080 1523 3218 1576 sicut
3251 1518 3479 1573 novellae
3504 1519 3687 1574 olivum

2152 1621 2209 1675 in
2239 1620 2461 1674 circuitu
2502 1635 2693 1674 mensa:
2717 1628 2823 1673 tute
2852 1614 3028 1686 (Psal.
3056 1616 3293 1682 cum).
3325 1612 3371 1667 E
3403 1624 3575 1666 contra
3602 1614 3687 1669 Itali

2156 1713 2295 1768 male
2338 1720 2566 1767 utuntur
2617 1726 2749 1783 pace
2800 1707 3181 1781 prosperitatis
3231 1703 3558 1775 temporalis.
3596 1702 3688 1760 Nam

2154 1808 2297 1863 unde
2315 1806 2575 1862 deberent
2605 1804 2772 1861 Deum
2799 1802 3143 1865 benedicere,
3174 1814 3302 1856 eum
3332 1799 3688 1863 obliviscuntur,

464 1912 643 1957 autem
667 1918 780 1964 eos,
805 1904 897 1957 sed
926 1902 1091 1956 etiam
1118 1901 1386 1969 quoslibet
1413 1900 1499 1969 pie
1526 1898 1849 1954 credituros.
1884 1898 2049 1952 Eum-
2084 1884 2126 1943 Β
2155 1901 2512 1971 superbiant,
2544 1897 2932 1953 effemiuautnr
2967 1906 3022 1952 et
3063 1892 3393 1950 efferuntur.
3443 1891 3522 1947 De
3557 1892 3691 1960 quibus

464 1993 587 2049 dem
627 1996 790 2049 etiam
841 2004 993 2049 vocat
1043 1993 1303 2064 Spiritum
1347 2003 1616 2055 sanctum,
1645 1991 1769 2061 quia
1816 1991 2047 2061 inspirat

462 2086 828 2141 sanctitatem.
880 2085 1153 2155 Quidquid
1204 2085 1348 2139 enim
1396 2084 1733 2147 sanctitatis,
1780 2082 2048 2154 quidquid

460 2176 721 2233 bonitatis
750 2180 909 2232 homo
940 2177 1124 2242 habet,
1157 2177 1364 2246 Spiritu
1398 2186 1587 2231 sancto
1620 2176 1921 2244 inspirante
1954 2176 2049 2229 ha-

459 2270 570 2326 bet.
608 2270 773 2338 Quem
797 2272 959 2326 mittet
992 2268 1156 2325 Pater
1191 2271 1245 2325 in
1275 2272 1485 2325 nomine
1530 2288 1662 2325 meo.
1690 2270 1828 2325 Alibi
1864 2270 1997 2325 dicit
2026 2287 2040 2324 :

463 2363 628 2431 Quem
664 2380 754 2435 ego
792 2366 995 2419 mittam
1029 2366 1167 2420 vobis
1200 2384 1231 2419 a
1271 2363 1429 2419 Patre
1459 2362 1643 2435 (Joan.
1687 2365 1798 2435 xv).
1834 2363 1910 2419 Ex
1940 2380 2049 2433 quo

460 2455 866 2510 demonstratur
900 2456 1154 2525 quoniam
1189 2454 1450 2526 Spiritum
1480 2465 1723 2511 sanctum
1758 2456 1921 2511 mittit
1960 2454 2051 2511 Fi-

461 2544 601 2612 lius;
634 2547 725 2603 sed
754 2547 895 2616 quod
924 2549 1083 2603 tuittit
1103 2547 1293 2613 Filius,
1320 2547 1419 2603 hoc
1448 2548 1607 2602 habet
1632 2565 1658 2601 a
1679 2547 1839 2602 Patre
1890 2547 2051 2603 Pater

459 2640 759 2712 etiam.per
800 2640 994 2696 Filium
1039 2657 1163 2696 eum
1205 2640 1386 2696 mittit.
1428 2640 1548 2709 Ipse
1587 2641 1785 2695 docebit
1821 2658 1906 2696 vos
1938 2657 2050 2696 om-

460 2732 582 2798 nia,
613 2744 659 2788 et
703 2743 939 2803 suggeret
967 2732 1110 2788 vobis
1144 2734 1343 2787 omnia.
1388 2731 1499 2787 Hoc
1520 2774 1534 2797 ,
1567 2733 1765 2787 fratres
1794 2732 1917 2796 mei,
1949 2733 2051 2787 im-

458 2824 660 2897 pletum
687 2837 770 2881 est
795 2827 880 2881 die
911 2828 1169 2882 hodierna
1200 2827 1253 2880 in
1279 2826 1574 2897 discipulis,
1604 2841 1750 2890 cum,
1784 2826 1967 2880 subito
1995 2833 2052 2880 ct

459 2918 784 2976 mirabiliter
813 2928 1070 2989 operante
1103 2920 1154 2974 in
1189 2920 1270 2975 eis
1302 2920 1509 2989 Spiritu
1543 2928 1754 2983 sancto,
1788 2918 1879 2990 qui
1922 2926 2049 2974 ante

461 3022 620 3068 erant
655 3014 829 3073 rudes.
857 3012 982 3068 facti
1010 3014 1325 3068 suutsubito
1352 3014 1648 3083 sapientes;
1670 3014 1760 3085 qui
1787 3020 1911 3069 ante
1942 3012 2049 3067 mi-

462 3105 669 3161 nimum
703 3114 967 3160 noverant
992 3105 1057 3159 de
1079 3103 1395 3173 Scripturis,
1422 3104 1549 3159 facti
1578 3115 1702 3159 sunt
1737 3104 2051 3175 spirituales

461 3197 516 3252 itt
550 3198 877 3269 Scripturis;
907 3199 997 3270 qui
1033 3208 1159 3253 ante
1199 3214 1361 3253 uuam
1407 3197 1576 3253 solam
1612 3198 1850 3269 linguam
1885 3214 2050 3255 nove-

461 3300 609 3355 rant,
641 3293 822 3347 subito
848 3308 1039 3348 omnes
1066 3292 1277 3364 linguas
1304 3301 1592 3347 noverunt.
1622 3292 1666 3348 Ο
1692 3293 1887 3348 fratres
1918 3292 2049 3358 mei,

460 3399 621 3455 quam
665 3396 856 3456 potens
880 3426 892 3445 .
929 3400 1091 3455 qttam
1121 3385 1477 3450 admirabilis,
1506 3401 1666 3455 quam
1702 3386 1854 3440 velox
1882 3395 1967 3440 est
1996 3386 2049 3440 iu

458 3478 714 3545 operibus
739 3479 853 3533 suis
881 3477 1113 3547 Spiritus
1140 3488 1381 3543 sanctus,
1413 3478 1505 3549 qui
1533 3478 1675 3549 quod
1706 3494 1829 3534 cum
1864 3477 2050 3532 labore

460 3575 517 3623 et
566 3570 765 3633 studio,
807 3578 861 3624 et
911 3586 1008 3640 per
1055 3570 1445 3642 longitudinem
1498 3570 1755 3639 temporis
1788 3570 1873 3624 vix
1931 3569 2051 3624 fieri

459 3660 616 3727 solet,
648 3662 763 3719 haec
788 3663 989 3734 quiete,
1017 3673 1074 3719 et
1114 3666 1231 3720 sine
1281 3666 1633 3721 meditatione
1660 3673 1711 3718 et
1748 3665 1868 3719 sine
1898 3678 2050 3717 mora

460 3748 517 3805 lu
548 3752 661 3806 suis
686 3754 967 3822 operatur!
1004 3753 1074 3807 Et
1113 3764 1350 3825 suggeret
1378 3756 1518 3809 vobis
1546 3756 1746 3809 omnia.
1778 3754 2051 3809 Illultoties

460 3839 681 3907 fratres,
707 3842 907 3912 aliquid
939 3844 1140 3898 scimus
1167 3846 1331 3913 quod,
1349 3860 1471 3901 cum
1501 3852 1733 3915 oportet,
1752 3844 2047 3900 nescimus.

460 3927 567 3986 Sed
591 3930 822 4003 Spiritus
845 3942 1066 3988 sanctus
1090 3934 1361 3988 ministrat
1383 3935 1517 3998 suis,
1549 3950 1651 3989 non
1678 3934 1852 3989 solum
1880 3935 2053 3989 scien-

459 4024 614 4088 tiam,
640 4026 732 4079 sed
777 4028 942 4080 etiam
986 4036 1047 4081 ut
1090 4042 1155 4105 e_a
1192 4026 1309 4080 loco
1352 4035 1406 4081 et
1457 4036 1699 4095 tempore
1733 4027 1807 4081 uti
1852 4027 2050 4082 sciant.

460 4116 568 4172 Sed
599 4116 857 4173 Dominus
883 4120 1006 4173 alibi
1035 4118 1166 4173 dicit
1194 4136 1206 4173 :
1240 4119 1374 4173 Dum
1408 4120 1658 4174 s'eteritis
1686 4130 1806 4173 ante
1833 4136 1975 4188 reges
2004 4129 2051 4172 cl

457 4210 728 4279 prtesitles,
754 4210 910 4263 nolite
932 4212 1159 4279 cogitare
1183 4212 1442 4277 quomodo
1464 4222 1553 4263 aut
1578 4210 1705 4280 quid
1733 4211 2052 4280 loquamini:

459 4300 673 4354 dabitur
696 4304 831 4355 enim
856 4304 995 4356 vobis
1024 4305 1077 4356 in
1099 4302 1188 4356 illa
1211 4306 1340 4356 Itora
1360 4304 1487 4373 quid
1508 4304 1795 4374 loquamini
1822 4302 2048 4372 (Matth.

460 4408 533 4457 x;
566 4393 737 4449 Marc.
775 4396 921 4467 sm).
972 4394 1087 4449 Non
1128 4396 1270 4448 enim
1306 4411 1396 4448 vos
1443 4395 1574 4449 estis
1621 4396 1710 4465 qui
1748 4392 2051 4463 loquimini,

461 4486 556 4543 sed
599 4488 835 4558 Spiritus
886 4497 1108 4542 sanctus
1160 4486 1339 4541 Patris
1382 4485 1549 4541 vestri
1596 4486 1688 4556 qui
1728 4485 1970 4553 loquitur
1998 4485 2053 4539 in

460 4584 635 4640 vobis.
664 4583 987 4639 Mittistravit
1033 4582 1198 4652 igitur
1231 4580 1467 4650 Spiritus
1498 4589 1719 4633 sanctus
1748 4578 2049 4660 discipulis,

460 4689 570 4733 non
597 4674 771 4730 solum
801 4674 1147 4729 sanctitatem
1175 4681 1222 4726 et
1251 4670 1597 4740 sapientiam,
1623 4668 1713 4722 sed
1750 4670 1913 4721 etiam
1942 4666 2054 4721 elo-

460 4768 737 4842 quendam
765 4778 821 4822 et
845 4765 1132 4836 eloquendi
1166 4764 1623 4834 opportunitatem
1655 4770 1709 4816 et
1744 4761 2049 4824 audaciam,

462 4880 520 4928 et
545 4869 927 4926 miraculorum
959 4866 1454 4928 confirmationem,
1489 4872 1545 4917 et
1577 4862 1859 4917 resistendi
1896 4862 2054 4917 forti-

464 4964 726 5020 tudinem.
771 4961 816 5018 Ο
864 4960 1071 5013 utinam
1120 4955 1449 5010 descendere
1494 4955 1746 5024 dignetur
1786 4934 1839 5008 et
1870 4955 1920 5008 in
1954 4969 2057 5009 nos

462 5058 869 5131 qualescunque
902 5051 1285 5123 praedicatores
1311 5050 1397 5104 ille
1427 5058 1647 5105 sanctus
1673 5059 1727 5103 et
1759 5048 2055 5103 admirabi-

464 5148 535 5204 lis
564 5145 821 5216 Spiritus,
853 5153 909 5198 et
939 5142 1208 5212 inspirare
1241 5142 1396 5196 nobis
1424 5141 1721 5197 bonitatem
1755 5149 1810 5193 ct
1836 5138 2057 5209 sapien-

466 5241 598 5297 tiam
631 5239 767 5292 bene
796 5236 1005 5289 vivendi
1034 5246 1087 5289 et
1129 5233 1367 5303 sapieudi
1398 5252 1411 5288 :
1455 5244 1510 5289 et
1543 5234 1931 5303 eloquentiam,
1959 5248 2059 5303 op-

468 5332 859 5405 portunitatem
912 5340 969 5383 et
1014 5330 1299 5383 audaciam
1346 5328 1481 5383 bene
1531 5336 1585 5383 et
1627 5336 1951 5397 opportune,
2002 5333 2058 5380 et

468 5422 730 5477 audacter
777 5419 1103 5489 prtedicandi
1131 5460 1146 5486 ,
1184 5428 1237 5473 et
1284 5417 1750 5475 confirmationem
1800 5416 2057 5486 operibus

468 5510 905 5584 pradicationem
945 5511 1337 5577 confirmandi,
1366 5521 1421 5566 et
1454 5510 1828 5565 fortitudinem
1870 5523 2058 5579 perse—

466 5603 746 5661 cutoribus
781 5603 965 5657 mundi
993 5604 1305 5658 resistendi.

542 5695 796 5766 Sequitur
838 5712 964 5765 pars
1009 5697 1193 5758 tertia,
1237 5696 1289 5749 in
1321 5708 1427 5764 qua
1473 5694 1732 5750 Dominus
1761 5693 1854 5748 dat
1890 5694 2056 5749 disci-

473 5776 612 5861 pulis
654 5790 765 5844 suis
792 5804 1002 5856 pacem,
1035 5787 1262 5844 dicens:
1291 5785 1485 5842 Pacem
1529 5788 1767 5858 relinquo
1804 5788 1964 5849 vobis,
2002 5788 2057 5841 in

475 5881 729 5938 mandato
776 5880 985 5934 scilicet
1060 5897 1239 5948 pacem
1270 5896 1437 5935 meam
1470 5881 1534 5933 do
1567 5881 1729 5943 vobis,
1758 5880 1809 5934 in
1853 5878 2056 5945 animo,

2150 1994 2352 2051 dicitur
2375 1994 2425 2048 iu
2458 1992 2755 2063 Evangelia
2783 2005 2799 2045 :
2832 1990 2901 2044 Et
2930 1990 3141 2061 quidem
3176 1988 3234 2041 in
3272 1989 3375 2041 hac
3404 1985 3495 2040 die
3523 1996 3595 2038 ttttt
3614 2000 3690 2055 qu

2152 2087 2222 2140 ad
2248 2102 2428 2157 pacem
2472 2097 2592 2140 sunt
2636 2084 2729 2139 tibi
2773 2081 2925 2147 (Luc.
2972 2082 3110 2151 xu),
3137 2089 3285 2147 etc.;
3326 2088 3386 2136 et
3418 2078 3695 2135 Davidici

2157 2177 2289 2244 lavi,
2319 2179 2509 2247 inquit,
2550 2194 2708 2247 super
2742 2177 2951 2248 iniquos
2979 2191 3161 2245 pacem
3190 2186 3533 2245 peccatorum
3553 2174 3690 2229 vilest.

2156 2268 2226 2325 In
2257 2269 2436 2323 labore
2468 2271 2737 2323 hominum
2774 2284 2875 2322 non
2907 2277 3052 2329 sunt,
3076 2275 3126 2321 et
3164 2283 3286 2321 cum
3328 2265 3696 2322 hominibvs“

2152 2362 2562 2434 [fagetlebuntur
2606 2360 2781 2429 (l’sal.
2820 2364 3029 2428 usit);
3061 2368 3118 2414 et
3158 2359 3286 2413 alibi
3329 2374 3347 2412 :
3389 2358 3606 2427 Quorum
3628 2359 3697 2428 ﬂii

2152 2456 2285 2509 sicut
2304 2454 2516 2509 novellae
2536 2454 2880 2524 plantationis
2902 2454 2956 2506 in
2960 2452 3237 2522 juventute
3257 2468 3385 2507 sua.
3404 2451 3552 2507 Filia
3565 2468 3693 2507 eam

2153 2547 2475 2615 €0lltp08llfl’,
2501 2546 2903 2598 circumornatte
2942 2554 2998 2597 ut
3036 2544 3335 2597 similitudo
3362 2544 3535 2612 tenspli
3559 2540 3698 2596 Prol-

2152 2640 2365 2709 ptuaria
2392 2655 2570 2693 eorum
2599 2638 2782 2707 plena,
2808 2638 3108 2692 eructantia
3133 2653 3201 2692 ex
3228 2637 3331 2691 hoc
3376 2638 3434 2692 in
3475 2637 3590 2690 illud
3611 2634 3694 2707 (Ps.

2153 2732 2343 2800 cxut),
2371 2742 2477 2787 etc.
2516 2731 2622 2786 Ista
2665 2741 2847 2786 autem
2881 2746 2983 2802 pax
3027 2727 3351 2800 temporalis
3382 2730 3698 2802 prosperitatis

2157 2842 2265 2881 non
2298 2826 2522 2880 multum
2559 2834 2644 2881 est
2672 2826 2831 2881 nobis
2858 2826 3099 2896 optanda
3144 2824 3229 2879 vel
3271 2825 3528 2896 petenda,
3551 2824 3697 2879 fratres

2157 2920 2285 2983 mei,
2313 2919 2438 2990 quia
2463 2919 2788 2990 quibusdam
2814 2919 2996 2973 utilior
3016 2926 3101 2973 est
3124 2918 3176 2973 in
3204 2918 3311 2973 hoc
3338 2918 3540 2973 mundo
3560 2916 3699 2972 adver-

2157 3013 2292 3069 sitas
2339 3028 2499 3083 quam
2554 3012 2909 3082 prosperitas.
2959 3009 3093 3066 Nam
3144 3009 3304 3066 multi
3374 3010 3628 3066 salvantur
3660 3008 3697 3063 in

2158 3108 2521 3171 adversitale,
2566 3106 2658 3177 qui
2717 3122 2823 3161 non
2873 3106 3223 3161 salvarentur
3267 3106 3323 3161 in
3374 3104 3701 3176 prosperitate.

2159 3200 2315 3257 Sicut
2337 3212 2559 3255 econtra
2589 3199 2743 3254 utulti
2769 3198 2966 3253 infirmi
2993 3198 3278 3253 salvantur
3300 3198 3356 3252 in
3378 3198 3699 3268 pnisperitate,

2158 3296 2249 3365 qui
2281 3310 2385 3350 nou
2419 3294 2760 3349 salvareutur
2788 3293 2840 3348 in
2881 3292 3231 3349 adversitate.
3286 3291 3591 3363 Propterea.
3617 3291 3702 3345 fra-

2159 3396 2294 3450 tres,
2324 3385 2585 3439 vohmtati
2618 3385 2816 3439 divinae
2846 3399 2945 3438 nos
2970 3383 3391 3448 submittamus,
3428 3394 3485 3438 ut
3512 3385 3613 3452 ipse
3637 3383 3703 3435 det

2160 3480 2315 3535 nobis
2344 3478 2483 3548 quod
2518 3477 2669 3533 novit
2716 3476 2849 3531 utile
2897 3476 3071 3548 magis
3100 3492 3225 3532 esse
3256 3476 3435 3532 nobis.
3482 3476 3584 3532 Pax
3610 3488 3706 3530 vero

2156 3572 2414 3628 bonitatis
2463 3581 2546 3626 est
2592 3585 2890 3626 consensus
2930 3570 3167 3640 plurium
3199 3570 3252 3624 in
3297 3570 3463 3625 bono.
3510 3568 3705 3623 Haec»

2159 3680 2265 3735 pax
2296 3680 2457 3737 quam
2500 3662 2755 3719 Christus
2799 3664 3068 3733 promittit
3111 3672 3165 3718 et
3196 3663 3293 3719 dat
3327 3664 3496 3719 nobis.
3536 3661 3603 3717 De
3627 3660 3706 3716 hac

2160 3760 2249 3814 hic
2296 3758 2535 3813 dicitur:
2570 3755 2761 3811 Pacem
2808 3773 2978 3811 meum
3012 3757 3079 3811 do
3122 3756 3290 3812 vobis.
3344 3757 3416 3813 De
3458 3759 3550 3811 hac
3576 3756 3705 3810 etiam

2159 3850 2356 3907 dicitur
2381 3869 2394 3905 :
2425 3850 2490 3904 Et
2519 3850 2691 3919 factus
2713 3858 2788 3903 est
2820 3851 2873 3903 in
2896 3866 3020 3919 pace
3036 3849 3181 3904 locus
3210 3850 3325 3919 ejus
3352 3847 3520 3921 (Psal.
3549 3848 3706 3914 an).

2160 3942 2314 4000 Hanc
2344 3958 2531 4013 pacem
2562 3942 2759 3996 habere
2782 3940 3040 3997 debemus
3068 3957 3191 3997 cum
3221 3941 3351 4006 Deo,
3373 3957 3485 3998 cum
3510 3942 3706 3996 nobisst

2159 4050 2285 4091 cum
2314 4036 2584 4105 proximo.
2610 4034 2744 4089 Cum
2780 4035 2909 4100 Deo,
2934 4045 2993 4088 ιιι
3026 4036 3079 4088 in
3109 4034 3360 4090 omnibus
3388 4035 3497 4106 ejus
3518 4049 3710 4090 concor-

2159 4130 2352 4184 detnns
2380 4128 2666 4197 voluntati,
2697 4138 2753 4183 ut
2782 4128 2990 4184 scilicet
3016 4128 3190 4186 simus
3216 4145 3355 4185 unus
3378 4130 3587 4199 spiritus
3607 4142 3704 4183 eum

2159 4236 2248 4276 eo.
2284 4221 2597 4287 Nobiscum,
2634 4233 2690 4275 ut
2732 4222 3041 4275 consentiat
3068 4231 3122 4276 et
3165 4225 3449 4277 concordet
3479 4219 3710 4289 ευσεβιο

2162 4314 2312 4367 ritui.
2351 4313 2483 4367 Cum
2518 4314 2803 4384 proximis,
2836 4323 2893 4367 ιιι
2922 4313 3094 4368 simus
3137 4331 3260 4369 cum
3297 4314 3529 4370 omnibus
3557 4312 3706 4368 homi-

2160 4404 2320 4459 nibus
2370 4420 2559 4475 pacem
2611 4404 2898 4469 habentes,
2923 4405 3066 4474 quod
3111 4420 3177 4460 ex
3207 4406 3360 4460 nobis
3387 4415 3463 4459 est
3489 4404 3707 4459 omnim

2160 4496 2299 4550 bona
2340 4496 2581 4552 volentes
2624 4505 2679 4551 et
2735 4506 3069 4566 quaerentes;
3107 4498 3213 4552 etsi
3258 4497 3412 4552 etiam
3444 4497 3537 4567 ipsi
3575 4496 3705 4552 nobis

2162 4587 2273 4641 sint
2303 4586 2507 4648 infesti,
2529 4588 2678 4654 juxta
2702 4587 2841 4657 quod
2865 4586 3054 4652 David,
3081 4588 3157 4642 ait
3186 4604 3199 4641 :
3224 4586 3350 4643 Cum
3378 4589 3452 4641 his
3481 4587 3569 4657 qui
3602 4586 3707 4640 ode.

2164 4692 2281 4733 runt
2312 4696 2488 4746 pacem
2520 4697 2663 4733 erant
2691 4666 2945 4749 pacificus
2983 4678 3157 4750 (Psal.
3194 4683 3367 4751 ειη).
3418 4680 3518 4735 Non
3554 4690 3708 4734 tamen

2164 4784 2388 4845 propter
2433 4787 2622 4842 pacem
2661 4773 2921 4828 debemus
2966 4773 3125 4828 tnalis
3164 4772 3218 4828 in
3252 4775 3388 4829 malo
3415 4769 3707 4835 consentire,

2162 4867 2271 4922 imo
2298 4883 2390 4921 eos
2412 4868 2688 4937 corrigere
2715 4865 2795 4921 vel
2841 4881 2939 4921 nos
2968 4865 3036 4921 ab
3063 4868 3144 4921 eis
3176 4877 3518 4938 sequestrare.
3576 4862 3707 4919 Unde

2161 4958 2424 5014 Dominus
2452 4976 2465 5011 :
2493 4957 2615 5013 Non
2646 4957 2758 5013 veni
2782 4973 2959 5027 pacem
2984 4959 3191 5014 mittere
3220 4958 3272 5013 in
3294 4954 3584 5018 terram,sed
3607 4954 3704 5024 gls-

2160 5051 2330 5104 diunt.
2378 5048 2505 5104 Veni
2542 5051 2677 5103 enim
2703 5065 2946 5119 separare
2975 5050 3149 5119 ﬁliuvn
3185 5069 3217 5105 a
3247 5062 3407 5120 patre.
3440 5046 3637 5116 (lauti.
3662 5048 3707 5101 xl

2160 5142 2271 5198 Pax
2299 5143 2516 5197 malitiar
2532 5152 2614 5197 est
2629 5158 2925 5197 consensus
2946 5142 3184 5212 plurium
3207 5144 3258 5199 in
3283 5144 3426 5208 malo,
3441 5150 3484 5196 ut
3502 5140 3703 5210 quando

2160 5238 2379 5307 spiritus
2402 5236 2669 5292 consentit
2695 5238 2845 5291 carui
2878 5235 2929 5291 in
2965 5237 3127 5299 malo,
3145 5238 3227 5293 vel
3253 5238 3418 5306 plures
3444 5244 3559 5290 sunt
3585 5248 3701 5285 eoa-

2161 5330 2355 5385 cordes
2385 5329 2437 5383 itt
2476 5327 2637 5382 malo.
2673 5327 2751 5382 De
2798 5328 2901 5383 hac
2933 5329 3134 5384 dicitur
3163 5333 3302 5400 quod
3345 5327 3551 5385 Herodes
3577 5336 3629 5379 et
3652 5322 3701 5377 Pi

2161 5423 2302 5478 latus
2338 5420 2464 5475 facti
2492 5430 2617 5475 sunt
2647 5419 2804 5475 amici
2837 5421 2889 5475 itt
2916 5431 3148 5477 mortem
3179 5422 3364 5477 Christi
3392 5418 3514 5490 (Luc.
3538 5418 3699 5470 sunt.

2162 5513 2287 5568 Haec
2325 5527 2429 5582 pax
2458 5521 2543 5565 est
2594 5513 2856 5581 pessima,
2908 5513 3167 5583 quoniam
3212 5514 3330 5568 mali
3373 5520 3544 5581 quanto
3586 5513 3697 5559 sunt

2162 5607 2335 5677 magis
2363 5602 2681 5669 concordes,
2714 5614 2863 5659 tanto
2911 5603 3145 5675 pejores.
3182 5604 3303 5662 Haec
3338 5614 3407 5660 est
3434 5616 3513 5673 pas
3551 5611 3697 5669 qm

2166 5699 2261 5753 dat
2292 5700 2543 5765 mundus,
2578 5715 2683 5753 non
2720 5698 2878 5753 Deus.

2236 5793 2494 5864 Sequitur
2531 5807 2657 5863 pars
2692 5802 2887 5863 quarta
2923 5794 2977 5848 in
3012 5808 3117 5864 qua
3149 5792 3392 5848 Dominus
3429 5778 3689 5853 discip-h

2164 5901 2292 5942 suos
2315 5887 2383 5941 de
2406 5901 2503 5943 suo
2534 5900 2749 5962 recessu
2778 5886 3089 5956 przevidens
3114 5885 3389 5942 turbandas
3405 5878 3525 5951 (qui!
3550 5871 3682 5929 iiii
