3896 6320
597 433 736 496 1947

1664 429 2008 489 ADDENDA.
2051 460 2122 475 --
2159 429 2508 490 RADULPIII
2532 431 2874 491 ARDENTIS

3674 441 3756 501 1948

598 552 676 608 Ex
711 552 864 622 ignea
911 551 1210 608 substantia
1259 565 1472 624 semper
1517 548 1757 629 nascitur
1795 550 2047 622 splendor
2089 565 2181 606 co-
2208 555 2256 616 Α
2285 551 2510 620 ciamus,
2562 552 2606 607 si
2661 529 3118 624 quemadmodum
3170 555 3289 624 ipse
3355 562 3568 610 mortuus
3605 564 3665 612 est
3697 575 3760 629 pro

597 631 766 699 (erus.
795 643 867 698 Ex
887 645 1148 699 ambobus
1177 659 1390 713 semper
1418 645 1658 715 procedit
1683 645 1922 699 calor-eis
1949 660 2180 702 comrtts.

599 737 665 793 Et
694 754 816 792 cum
848 737 933 792 illa
971 738 1068 792 tria
1112 737 1188 794 sic
1215 738 1514 793 adinvicent
1548 727 1643 807 per
1670 740 2034 809 proprietates
2059 747 2184 797 snas

599 827 1018 898 distinguantur,
1054 817 1231 898 tamen
1255 823 1399 884 sunt
1428 846 1565 884 unus
1605 830 1704 893 sol,
1736 846 1840 904 non
1873 840 1981 886 tres
2020 830 2182 903 soles.

598 919 948 990 Comparatlo
981 931 1157 976 tamen
1177 921 1252 975 tle
1304 921 1686 991 temporalibus
1729 921 1794 976 ad
1840 910 2008 977 Deum
2042 923 2183 978 nulla

597 1024 704 1071 est.
737 1014 843 1071 Sed
873 1015 1122 1086 qualibus
1147 1014 1411 1086 exemplis
1436 1029 1740 1092 possumus,
1779 1017 1923 1088 quod
1950 997 2184 1088 intelligi

597 1107 680 1164 rel
711 1109 953 1185 enarrari
975 1123 1077 1162 non
1106 1113 1306 1179 potest,
1327 1108 1656 1166 balbutitnns
1683 1113 1862 1182 potius
1882 1126 2047 1185 quam,
2072 1096 2186 1165 elo-

598 1213 849 1272 quamur.
888 1201 1020 1260 Cum
1056 1201 1219 1272 igitur
1242 1204 1393 1258 audis
1425 1199 1662 1270 Patrem,
1693 1187 1850 1260 crede
1877 1205 1998 1274 quia
2029 1195 2185 1260 Pater

598 1301 700 1350 est.
742 1292 872 1348 Cum
905 1293 1059 1348 audis
1089 1291 1306 1357 Filium,
1339 1295 1518 1358 crede,
1559 1300 1682 1366 qu’a
1713 1294 1884 1352 Fdins
1918 1303 2018 1351 est.
2051 1293 2187 1352 Cntn

597 1383 752 1438 audis
785 1377 1042 1454 Spiritum
1071 1392 1341 1452 sanctum,
1372 1386 1529 1440 crede
1555 1388 1678 1456 quia
1704 1385 1940 1464 Spiritus
1967 1398 2187 1446 sanctus

597 1484 698 1531 est.
743 1475 1023 1548 Quomodo
1067 1475 1229 1534 Pater
1279 1489 1500 1551 generet
1534 1479 1752 1544 Filium,
1795 1481 1874 1538 rel
1920 1465 2189 1558 quomoth

597 1567 765 1626 Pater
813 1579 864 1626 et
895 1569 1063 1626 Filius
1105 1572 1312 1642 spirent
1356 1571 1618 1643 Spirltnm
1659 1584 1928 1642 sanetum,
1963 1575 2066 1631 noli
2101 1575 2188 1634 in-

599 1653 890 1743 vestigare,
923 1652 968 1720 si
995 1679 1100 1719 non
1131 1665 1213 1722 vis
1232 1680 1434 1722 errare.
1465 1657 1621 1743 Natu,
1645 1665 1797 1736 juxta
1826 1667 2184 1739 prepltetam:

598 1742 1019 1834 Ceuerationent
1055 1758 1190 1828 ejus,
1252 1757 1336 1813 vel
1395 1757 1538 1815 illius
1581 1742 2018 1831 processionem,
2071 1757 2188 1834 quis

596 1849 899 1910 (narrabit?
929 1833 1068 1928 (isti.
1100 1851 1241 1922 Lttt.)
1548 1927 1550 1929 ,
1876 1839 1880 1842 ί

668 1935 935 2020 Quoniam
968 1942 1128 2020 igitur
1157 1941 1222 1997 de
1245 1947 1432 1998 sancta
1473 1942 1741 2001 Trinitate
1777 1943 1937 2001 hodie
1977 1932 2183 2003 solem-

596 2030 868 2098 nizamus,
894 2035 1286 2109 convenienter
1315 2021 1588 2108 prtulibata
1618 2037 1964 2107 lectiuncula,
1996 2041 2047 2096 in
2077 2056 2186 2112 qna

596 2124 665 2208 de
699 2125 869 2182 tribus
907 2129 1150 2206 personis
1187 2130 1388 2184 mentio
1420 2129 1497 2196 fit,
1543 2131 1701 2187 hodie
1755 2132 2036 2190 recitatur.
2090 2132 2188 2190 Est

592 2228 777 2277 autem
807 2221 920 2290 ltzee
951 2223 1197 2292 qnmdam
1233 2221 1452 2290 solutio,
1478 2223 1534 2280 in
1566 2240 1670 2298 qua
1699 2224 1769 2280 ab
1799 2225 2056 2296 Apostolo
2086 2228 2188 2302 tria

593 2308 750 2369 nobis
776 2323 1032 2386 optantur
1072 2313 1304 2371 :Gratia
1349 2316 1560 2388 Domini
1610 2320 1775 2374 nostri
1800 2318 1928 2376 Iesu
1971 2313 2188 2390 Christi,

593 2405 644 2479 et
664 2401 896 2460 Charitas
917 2403 1013 2478 Dei
1033 2397 1231 2472 Patris,
1257 2415 1305 2462 et
1323 2397 1972 2482 commttnicatio‘Spiritus
1995 2413 2186 2469 sancti.

595 2483 702 2556 Sed
733 2501 853 2552 eum
879 2498 992 2580 haec
1024 2495 1123 2586 tria
1151 2499 1262 2556 sint
1283 2517 1436 2576 atque
1479 2504 1651 2559 tribus
1675 2482 2191 2578 eoinmnnia,qttare

588 2589 768 2664 gratia
816 2587 905 2648 hic
943 2591 1252 2664 specialiter
1305 2593 1623 2651 attribuitur
1659 2596 1899 2663 Christo,
1947 2599 2190 2656 cltaritas

578 2669 769 2770 ii’atri,
793 2689 846 2740 et
871 2685 1296 2743 communicatio
1329 2685 1552 2760 Spiritui
1578 2689 1804 2747 sancto?
1827 2690 1994 2746 Porro
2014 2689 2188 2763 gratia

591 2763 684 2838 llic
741 2780 1122 2852 appropriatur
1176 2777 1430 2850 Clu-isto,
1467 2783 1723 2855 quoniam
1776 2783 2025 2842 Christus
2081 2802 2188 2842 non

581 2867 777 2946 salum.
822 2875 1027 2947 gratias
1083 2871 1240 2938 nobis
1291 2871 1522 2944 confert,
1581 2879 1674 2934 sed
1734 2877 1897 2934 etiam
1950 2875 2188 2951 scipsum

577 2953 764 3039 lgt‘ati‘s
788 2960 934 3024 dedit
963 2965 1135 3023 nobis.
1176 2963 1326 3029 Unde
1359 2967 1528 3025 Isaias
1557 2987 1570 3024 :
1603 2965 1764 3037 Puer,
1797 2959 1994 3043 inquit,
2025 2979 2186 3026 natus

593 3059 669 3118 est
715 3061 882 3124 nobis.
931 3071 980 3118 et
1011 3059 1185 3120 Filius
1239 3063 1398 3117 datus
1429 3073 1501 3117 est
1527 3063 1694 3130 nobis
1730 3057 1865 3135 (lso.
1895 3064 1995 3136 Ix).
2036 3060 2190 3132 Quod

595 3151 740 3224 enim
775 3161 936 3210 natus
981 3163 1068 3210 est
1107 3153 1292 3219 homo,
1321 3154 1465 3226 quod
1498 3169 1708 3226 passus,
1737 3153 1880 3226 quod
1919 3163 2188 3224 mortuus,

596 3245 737 3315 quod
767 3247 1086 3313 resurrexit,
1117 3247 1258 3316 quod
1285 3245 1529 3304 ascendit
1559 3247 1610 3302 in
1641 3246 1858 3320 caelum,
1897 3263 1996 3319 pro
2028 3243 2186 3305 nobis

593 3337 718 3404 fuit,
749 3347 804 3393 et
830 3348 998 3394 totum
1030 3340 1204 3410 gratia
1235 3350 1334 3396 est.
1369 3340 1520 3396 lianc
1549 3340 1777 3411 gratiam
1799 3340 2000 3396 Christi
2040 3349 2194 3411 optat

593 3417 896 3502 Apostolus
926 3418 1146 3504 Semper
1176 3449 1298 3489 esse
1325 3434 1629 3489 nobiscum.
1659 3433 1788 3501 Quae
1811 3433 2028 3504 quidem
2059 3446 2195 3504 qua-

596 3533 718 3580 tuor
743 3525 918 3582 modis
945 3537 1027 3582 est
1051 3542 1174 3582 cum
1207 3525 1474 3594 fidelibus,
1503 3541 1600 3597 per
1633 3525 1911 3592 effectum,
1949 3541 2048 3598 per
2081 3539 2194 3582 me—

596 3621 842 3686 moriam,
876 3635 975 3691 per
1014 3621 1418 3692 gratitudinem,
1455 3637 1553 3692 per
1599 3609 2048 3685 vicissitudinem.
2088 3617 2194 3676 Per

593 3710 844 3770 eﬂ‘ectum
871 3723 957 3769 est
979 3714 1282 3782 nobiscum,
1309 3714 1353 3769 si
1383 3715 1525 3785 quod
1555 3729 1584 3768 a
1617 3713 1835 3770 Christo
1863 3713 2194 3782 generaliter

593 3818 788 3862 omnes
837 3804 1087 3860 homines
1140 3804 1502 3871 redimuntur,
1563 3805 1616 3860 in
1671 3803 1829 3860 nobis
1881 3800 2236 3875 specialiter

572 3895 846 3956 uiliciter.
880 3895 950 3952 Et
974 3896 1216 3966 quidem,
1242 3894 1440 3952 fratres
1467 3895 1598 3964 mei,
1622 3893 1893 3961 Christus,
1925 3891 2196 3966 quantum.

587 3988 652 4046 in
675 4003 742 4046 oo
769 3995 877 4052 est,
908 3999 1104 4045 omnes
1129 3987 1380 4044 homines
1424 3987 1672 4044 redemit.
1720 3986 1842 4058 Ipse
1862 3987 2006 4043 enim
2045 3985 2192 4042 snfli-

564 4081 746 4138 -ciens
779 4080 956 4137 hostia
985 4081 1086 4136 fuit
1108 4095 1208 4152 pro
1239 4081 1612 4152 redemptione
1642 4080 1907 4136 omnium.
1931 4077 2041 4136 Sed
2069 4081 2191 4150 qui-

563 4205 566 4207 λ
597 4174 723 4230 dum
750 4173 890 4229 male
917 4174 1170 4240 vivendo,
1199 4175 1390 4244 gratia:
1419 4191 1531 4230 suat
1554 4172 1940 4243 redemptionis
1973 4187 2032 4228 se
2059 4173 2191 4228 sub-

599 4267 846 4323 trahunt.
874 4266 1028 4324 Unde
1075 4265 1278 4323 Paulus
1327 4269 1579 4324 hortatur
1628 4284 1644 4323 :
1680 4263 1763 4321 Ne
1805 4266 1948 4336 quis,
1993 4265 2190 4338 inquit,

561 4414 567 4421 ,
596 4359 729 4415 desit
751 4360 938 4429 gratim
981 4357 1074 4414 Dei
1106 4357 1298 4429 (Hebr.
1331 4359 1455 4428 su).
1487 4357 1602 4424 Non
1624 4357 1772 4414 enim
1798 4357 1876 4412 ait
1911 4375 1924 4412 :
1955 4355 2032 4411 Ne
2068 4356 2188 4426 qui-

553 4483 560 4491 -
592 4454 702 4511 bus
731 4454 872 4512 desit
894 4453 1071 4526 gratia
1103 4451 1221 4516 Dei.
1253 4453 1350 4510 sed
1381 4469 1452 4510 ne
1483 4453 1790 4528 quisdesit.
1817 4451 1890 4510 Ut
1938 4451 2195 4509 ostendat

594 4548 740 4618 quod
766 4561 892 4602 cum
925 4546 1044 4617 ipsa
1072 4560 1141 4600 ex
1196 4545 1528 4617 benignitate
1557 4545 1651 4603 Dei
1701 4543 1952 4602 omnibus
1994 4553 2200 4614 praesto.

595 4641 838 4706 sit,~eam
864 4649 1044 4696 tamen
1069 4640 1328 4698 meritum
1355 4639 1607 4696 humanae
1635 4639 1924 4708 pravitatis
1952 4639 2189 4710 repellit.

593 4731 706 4790 Per
752 4734 1072 4788 memoriam
1115 4743 1200 4789 est
1257 4733 1564 4796 nobiscum,
1595 4733 1640 4787 si
1672 4748 1834 4803 quam
1877 4733 2030 4800 vilia,
2069 4748 2192 4803 pro-

596 4822 776 4892 hrésa,
825 4840 1103 4898 quamque
1135 4841 1340 4898 aspera
1389 4825 1641 4883 Christus
1689 4841 1787 4897 pro
1834 4827 1992 4882 nobis
2029 4827 2194 4882 susti-

578 4916 736 4983 nuit,
769 4928 984 4988 semper
1016 4919 1332 4973 memoriter
1382 4917 1706 4988 cogitamus.
1756 4915 1894 4973 llinc
1929 4928 2013 4974 est
2049 4918 2192 4987 quod

597 5007 913 5075 crucifixus,
940 5017 998 5064 et
1021 5017 1233 5065 cratem
1257 5004 1460 5064 Christi
1495 5011 1722 5078 pictura:
1748 5008 1908 5064 nobis
1937 5009 1990 5066 in
2018 5008 2186 5064 eccle-

595 5100 678 5157 sia
704 5109 1104 5172 proponuntur,
1127 5111 1190 5156 ut
1206 5116 1303 5172 per
1342 5115 1437 5156 eas
1459 5100 1632 5171 gratia
1662 5100 1953 5158 οοωὶιιὶεω
1978 5101 2197 5172 dispen-

549 5220 551 5222 ·
586 5193 847 5260 sationis,
885 5195 1043 5251 nobis
1070 5195 1126 5249 in
1171 5193 1488 5250 memoriam
1518 5203 1832 5249 revocetur.
1883 5191 1986 5248 Per
2025 5192 2198 5262 grati-

597 5287 838 5344 tndinem
885 5297 971 5344 est
1001 5289 1304 5354 nobiseum,
1355 5287 1402 5346 si
1459 5287 1529 5344 de
1575 5285 1972 5350 misericordia,
2027 5300 2193 5356 quam

598 5383 753 5439 nobis
797 5393 1050 5455 operatus
1086 5394 1190 5450 est,
1218 5399 1432 5454 semper
1456 5398 1582 5439 eum
1627 5381 2035 5448 benedicamus,
2058 5389 2114 5437 et
2141 5382 2192 5438 ei

545 5513 550 5518 .
597 5473 894 5544 gratiarum
943 5476 1220 5533 actionem
1267 5475 1336 5530 de
1387 5483 1501 5530 toto
1550 5474 1720 5530 corde
1773 5471 2099 5538 referamus,
2145 5472 2192 5529 si

600 5582 799 5622 nomen
839 5577 1093 5624 sanctum
1115 5569 1237 5639 eius
1272 5581 1489 5638 semper
1516 5568 1574 5625 in
1621 5577 1810 5625 nostro
1841 5583 1940 5625 ore
1970 5582 2194 5625 rescue.

597 5675 750 5715 mus:
775 5675 882 5716 non
924 5675 1076 5717 more
1097 5677 1291 5718 novem
1323 5661 1664 5731 leprosorum
1704 5677 1736 5717 a
1777 5661 2008 5718 Domino
2035 5678 2193 5718 ruun-

550 5792 552 5794 τ
597 5755 872 5821 datorum,
907 5758 1000 5826 qui
1055 5757 1123 5811 ob
1183 5756 1624 5827 ingratitudinem
1670 5771 1700 5811 a
1739 5755 1970 5814 Domino
2007 5771 2195 5829 repro-

597 5845 968 5912 bantnrtLuc.
998 5855 1158 5919 svn).
1186 5847 1293 5903 Per
1313 5849 1739 5904 vicissitudinem
1770 5858 1852 5905 est
1882 5849 2191 5918 nobiscum,

602 5939 649 5993 si
678 5953 743 5993 ea
778 5953 900 6008 qua:
941 5937 1056 6009 ipse
1083 5940 1232 6011 prior
1260 5940 1387 5998 fecit
1412 5956 1511 6012 pro
1538 5941 1712 6008 nobis,
1748 5957 1848 6000 nos
1895 5957 1994 6013 pro
2017 5958 2084 5999 eo
2109 5943 2192 6000 fa-

2285 633 2463 707 nohis,
2499 658 2597 698 nos
2626 658 2838 715 quoque
2863 659 2960 718 pro
2984 660 3051 730 eo
3084 647 3413 701 moriamur.
3439 644 3564 703 Unde
3588 651 3758 718 scriptum

2285 745 2368 791 est
2411 753 2424 791 :
2459 732 2540 790 Ad
2562 753 2792 792 mensam
2819 756 3067 810 magnam
3089 729 3306 804 sedisti,
3336 743 3464 793 scito
3486 739 3585 807 quia
3620 742 3709 796 talia
3734 751 3763 801 te

2287 838 2486 898 Oportet
2537 829 2584 883 ei
2635 847 2936 900 prrrporore
2991 829 3193 901 (Errle.
3248 833 3431 898 usi).
3468 819 3764 902 EtPrnpltEIa:

2291 921 2433 988 Quid
2485 914 3070 990 retribuom‘Domino,
3111 923 3311 996 inquit,
3362 909 3769 994 praevalidusque

2288 1017 2524 1083 retribuit
2548 1017 2674 1073 mihi
2687 1008 2713 1074 Ρ
2733 1014 2958 1074 Calicem
2988 1015 3246 1075 salutaris
3262 1016 3513 1088 occipiam
3535 1009 3664 1083 (Ρεειι.
3678 1022 3770 1092 est).

2288 1110 2367 1167 Ac
2393 1104 2438 1165 si
2469 1106 2614 1165 dicat
2645 1127 2658 1166 :
2689 1113 2820 1168 Cum
2863 1121 2938 1169 tot
2968 1122 3022 1168 et
3055 1112 3201 1170 tanta
3239 1109 3372 1168 mihi
3399 1111 3625 1169 Dominus
3647 1125 3774 1170 contu-

2291 1201 2435 1269 lerit,
2467 1191 2594 1274 quid
2641 1200 2800 1274 digne
2829 1215 3019 1276 potero
3050 1191 3124 1261 illi
3161 1194 3579 1261 retribuerelfit
3599 1206 3693 1261 cum
3716 1223 3777 1277 pro

2292 1309 2378 1354 tne
2405 1293 2547 1353 facto
2575 1313 2659 1352 me
2690 1307 2858 1354 tetum
2891 1295 2962 1355 illi
2993 1298 3242 1366 debeam,
3284 1315 3384 1369 pro
3413 1315 3500 1354 me
3529 1299 3780 1370 redemptori

2291 1391 2370 1447 sic
2411 1393 2709 1462 redempta,
2735 1391 2864 1464 quid
2901 1393 2949 1448 ei
2989 1378 3484 1468 retribuam?8ed
3519 1405 3565 1449 et
3593 1385 3628 1449 si
3657 1395 3782 1452 ωϋῦδ

2292 1483 2554 1554 meipsum
2585 1472 2793 1538 valeant
2825 1472 2896 1538 illi
2927 1477 3253 1548 retribuere,
3279 1491 3401 1556 qua:
3436 1479 3686 1547 retributio,
3707 1484 3784 1555 qui:

2290 1577 2629 1646 comparatio
2658 1573 2763 1631 erit
2800 1571 2902 1632 mei
2950 1562 3024 1632 ad
3066 1568 3502 1654 illmn’?‘tantillif
3533 1574 3786 1635 ad'tantum?

2295 1674 2403 1721 tam
2435 1662 2739 1739 peccatoris
2781 1665 2848 1723 ad
2881 1665 2986 1724 tam
3012 1653 3300 1725 Sanctum?
3325 1658 3564 1740 breuius
3589 1665 3786 1740 Conspectu

2293 1774 2394 1816 nec
2427 1762 2590 1818 etiam
2621 1763 2736 1832 ipsa
2767 1769 2914 1842 astra
2940 1763 3066 1818 sunt
3091 1764 3312 1828 munda,
3345 1753 3788 1832 quauto‘t‘iiintuaiu,

2292 1867 2524 1926 quorum
2565 1849 2670 1909 vita
2699 1858 2806 1911 non
2838 1867 2919 1911 est
2947 1853 3052 1911 nisi
3085 1855 3420 1921 tentatio,et
3458 1847 3790 1926 quibab’itatute

2292 1947 2482 2004 domos
2533 1934 3027 2005 lt’tteas’?‘Attamcn
3060 1948 3164 2005 ct’si
3215 1965 3324 2004 non
3381 1947 3594 2020 possum
3617 1949 3656 2004 ei
3688 1941 3792 2005 retri-

2291 2036 2482 2104 liuere,
2515 2035 2599 2094 vel
2641 2041 2741 2095 hoc
2785 2041 2928 2111 quod
2959 2043 3178 2111 possum
3209 2026 3441 2125 faciam;
3476 2043 3559 2095 me
3585 2057 3666 2094 non
3694 2051 3792 2111 plus:

2291 2145 2507 2202 semper
2529 2129 2762 2188 referam
2805 2137 2823 2187 :‘
2852 2129 2918 2187 et
2943 2127 3271 2189 sacriﬁcium
3307 2128 3442 2202 illud
3476 2127 3607 2204 Quod
3633 2147 3794 2203 postea,

2291 2217 2609 2281 eloﬂ’eram.
2838 2221 2840 2226 ’
2911 2223 2922 2229 ’“
3407 2237 3410 2240 ’
3481 2223 3492 2231 ⁷
3766 2213 3774 2244 ζ

2362 2315 2617 2374 Charitas
2667 2325 2797 2373 Vero
2830 2314 2919 2373 ltlc
2948 2319 3337 2390 appropriatur
3385 2303 3506 2375 Deo
3538 2303 3678 2384 Patri,
3714 2325 3781 2389 qui

2275 2405 2439 2486 niam
2472 2401 2654 2467 Patris
2699 2407 2782 2467 cst
2816 2405 3060 2483 diligere,
3093 2424 3148 2467 et
3173 2401 3375 2466 Filium
3420 2398 3628 2482 semper
3643 2411 3795 2466 diaria

2277 2493 2515 2580 habere.
2566 2493 2706 2558 Deus
2752 2511 2931 2558 autem
2963 2500 3130 2559 Pater
3155 2505 3262 2560 neu
3293 2503 3471 2560 stilum
3497 2493 3665 2560 Filium
3696 2511 3797 2559 situla

2292 2595 2631 2666 unigenitum
2677 2588 2902 2667 diligere
2934 2581 3019 2653 vel
3061 2589 3336 2653 heredem
3367 2597 3552 2654 facere
3571 2598 3716 2659 voluit,
3738 2603 3796 2652 sed

2293 2688 2458 2741 etiam
2498 2703 2596 2744 nos
2618 2682 2889 2760 indignos
2917 2693 3102 2746 set-ros
3133 2696 3232 2761 per
3255 2674 3592 2760 sanguinem
3618 2687 3799 2760 αὴίεθίιῖιὶ

2277 2767 2376 2836 sui
2408 2771 2529 2837 Filii
2571 2779 2624 2837 in
2659 2780 2798 2838 fllios
2822 2776 3119 2854 adoptavit,
3143 2791 3200 2838 et
3228 2787 3424 2839 contra
3452 2782 3638 2840 marem
3661 2783 3798 2851 tedas-

2293 2863 2489 2926 rafium
2539 2877 2848 2944 parentum,
2889 2874 3075 2929 servos
3116 2877 3218 2929 s’uo
3246 2871 3373 2929 filio
3404 2871 3800 2929 conteredesfcdt

2270 2950 2373 3018 Ut
2390 2965 2575 3028 simus,
2609 2965 2783 3036 inquit
2804 2967 3115 3034 Apostolus,
3142 2964 3382 3021 hatredes
3406 2961 3605 3038 quidem
3633 2953 3800 3029 Dehis-

2293 3054 2525 3111 Ita-reda
2548 3066 2720 3113 autem
2753 3053 2949 3112 Christi
2974 3051 3152 3129 (Rom.
3182 3057 3324 3121 rm).
3355 3055 3523 3129 Optat
3549 3058 3686 3129 igitur
3701 3049 3802 3110 me.

2303 3145 2593 3218 Apostolus
2616 3157 2671 3202 ut
2697 3146 2978 3203 nobiscum
3003 3148 3300 3218 sempersit
3318 3150 3554 3205 eharitas
3578 3147 3803 3211 DeiPatris,

2220 1915 2265 1982 Β

2303 3239 2388 3298 t'cl
2433 3235 2672 3296 charitas
2707 3235 2819 3307 illa,
2858 3249 2963 3313 qua
3009 3239 3148 3297 Dens
3179 3240 3362 3314 diligit
3392 3257 3515 3308 nos,
3540 3243 3611 3298 rel
3639 3240 3803 3296 citatius

2221 3307 2264 3368 C
2306 3326 2556 3406 illu,'qua
2603 3338 2703 3392 nos
2733 3307 3007 3409 diligimus
3047 3334 3240 3392 Deum.
3271 3307 3341 3393 ἐι
3376 3307 3606 3394 Charitas
3636 3337 3804 3407 quidem.

2300 3446 2405 3502 qua
2438 3431 2581 3486 Deus
2624 3431 2800 3502 diligit
2830 3447 2968 3500 nos,
3007 3447 3225 3503 semper
3249 3442 3352 3489 est
3372 3431 3725 3492 notum-55
3756 3431 3806 3482 ὦ.

2295 3520 2587 3578 lectionem
2643 3522 2820 3592 illum,
2870 3538 2976 3594 qua
3037 3539 3136 3580 nos
3167 3524 3385 3579 vocavit
3438 3533 3490 3578 et
3541 3523 3809 3577 fidelessess

2295 3607 2497 3683 etl‘ecit,
2543 3621 2640 3687 per
2673 3617 3167 3684 conversationem,
3204 3632 3304 3687 per
3338 3617 3642 3687 ampliorem
3670 3616 3808 3687 gratis

2296 3727 2419 3769 mm
2464 3694 2829 3776 θδηῖηίδηέιην
2871 3721 2924 3765 ει
2966 3726 3065 3782 per
3099 3711 3579 3782 perseverantiam,
3618 3710 3663 3764 in
3707 3709 3812 3762 nobis

2299 3806 2468 3876 (quod
2515 3805 2630 3876 ipse
2672 3820 2770 3877 per
2816 3804 3248 3860 misericordiam
3280 3820 3435 3860 suam
3475 3803 3641 3859 facere
3681 3803 3811 3871 diger—

2296 3898 2434 3967 tur),
2482 3906 2828 3956 consummet
2874 3908 2932 3953 et
2977 3889 3565 3975 conﬁrmet._Charitas
3589 3909 3814 3962 vero,qm

2297 4006 2398 4048 nos
2429 3989 2600 4047 Deum
2651 3991 2949 4063 diligimus,
2977 3987 3178 4050 fratres
3227 3975 3355 4070 mei,
3389 3997 3512 4046 tunc
3553 3993 3813 4058 semperest

2296 4083 2610 4150 nobiscum,
2657 4084 2702 4141 si
2741 4083 2905 4156 (quod
2958 4084 3166 4156 utinam
3220 4085 3335 4159 ipse
3370 4083 3519 4140 nobis
3558 4081 3814 4143 concubii}

2249 4192 2422 4241 _.eum
2446 4185 2705 4248 tanquam
2729 4188 3077 4244 summumet
3102 4193 3290 4234 verum
3321 4175 3526 4235 Patrem
3556 4175 3672 4252 totis
3699 4175 3814 4240 *ἔδεε-

2296 4269 2449 4327 ribus
2494 4271 3028 4342 senqrervdiligimns,
3062 4271 3112 4342 si
3164 4267 3570 4343 mandataejus
3618 4265 3816 4323 inviolate

2295 4351 2658 4428 custodimus,
2683 4362 2726 4417 si
2763 4376 2913 4427 eum,
2937 4375 3202 4433 quantum
3228 4379 3524 4435 possumus,
3555 4370 3607 4415 ut
3629 4355 3816 4432 bonitati

2295 4455 2352 4510 in
2379 4455 2669 4520 munditia.
2698 4456 3096 4523 misericordia,
3128 4467 3183 4512 et
3225 4439 3504 4512 sanctitate
3525 4455 3813 4530 exteriqu

2297 4547 2593 4606 virtutibus
2622 4549 2920 4613 imitamur.
2961 4548 3395 4624 Commpnnicatio
3422 4562 3621 4621 quoque
3656 4547 3731 4600 bic
3750 4559 3814 4610 δρα

2226 4676 2273 4733 D
2298 4641 2614 4712 propriatur
2658 4639 2884 4713 Spiritui
2929 4652 3149 4708 sancto,
3177 4643 3427 4714 quoniam
3468 4656 3584 4697 cmn
3631 4639 3816 4707 Spiritei

2297 4743 2522 4789 sanctus
2564 4734 2634 4788 sit
2659 4749 2833 4799 amor,
2863 4736 3157 4792 concordia
3199 4747 3256 4790 et
3301 4735 3606 4806 benignitas,
3627 4732 3740 4808 eius

2297 4826 2439 4882 dona
2470 4825 2770 4897 gratiarum
2800 4841 3023 4897 suarum
3054 4827 3306 4882 fidelibus
3334 4826 3586 4897 eroganda
3622 4833 3814 4877 comma

2297 4919 2504 4974 nicare.
2530 4918 2695 4990 Optat
2726 4919 2892 4990 igitur
2919 4920 3212 4990 Apostolus
3249 4931 3310 4976 ut
3334 4921 3593 4976 nobiscum
3619 4917 3685 4970 sit

2296 5027 2394 5083 per
2421 5011 2845 5071 communicatio
2865 5012 3100 5083 Spiritus
3132 5014 3338 5080 saneti;
3370 5013 3444 5067 rel
3466 5011 3568 5074 illa,
3591 5022 3699 5079 qua?
3713 5006 3815 5058 dera

2297 5120 2395 5160 sua
2427 5105 2584 5161 nobis
2610 5105 2995 5173 communicet,
3023 5106 3105 5161 rel
3132 5094 3219 5160 illa
3260 5122 3376 5179 quae
3402 5121 3491 5181 nos
3516 5105 3644 5158 bona
3676 5106 3810 5152 neum

2296 5199 2420 5254 aliis
2458 5197 2863 5255 communicare
2900 5197 3086 5254 faciat.
3115 5197 3357 5271 Utraque
3387 5199 3521 5254 enim
3558 5193 3706 5264 ipsius
3738 5194 3808 5240 est.

2296 5298 2353 5345 et
2385 5287 2617 5356 utinam,
2636 5289 2836 5345 fratres
2866 5290 3303 5362 mei,utramque
3319 5285 3805 5348 communicationis;

2299 5381 2391 5438 ille
2429 5390 2652 5439 sanctus
2674 5390 2728 5438 et
2755 5381 3020 5454 benignus
3049 5381 3289 5454 Spiritus
3317 5391 3556 5455 Operetur
3595 5377 3646 5431 ia
3673 5367 3804 5428 θρὶέέ

2296 5471 2572 5541 Primam,
2631 5483 2692 5529 ut
2740 5473 2993 5530 videlicet
3044 5477 3407 5532 communicet
3451 5471 3600 5529 nobis
3644 5473 3802 5522 suarm

2297 5567 2608 5639 largitatem
2637 5569 2961 5639 gratiarum,
2989 5586 3185 5646 \'eram_
3204 5571 3476 5628 conferens
3506 5565 3650 5623 nobis
3679 5557 3801 5612 ﬁdem.

2296 5675 2448 5733 spem
2485 5669 2544 5718 et
2590 5661 2937 5726 cltaritatem,
2967 5663 3313 5734 apientiam,
3340 5661 3610 5734 justitiam,
3650 5650 3804 5706 fortitr.

2296 5755 2504 5822 dinem,
2532 5764 2588 5812 et
2632 5756 3050 5824 temperantiam
3085 5765 3387 5828 cmterthue
3430 5755 3566 5810 dona
3593 5764 3695 5811 sui.
3731 5752 3803 5834 ut?

2297 5847 2602 5918 spiritualia
2631 5863 2792 5918 quam
2823 5840 3156 5918 corporalia,
3181 5849 3372 5918 quibus
3400 5847 3642 5903 decenter
3660 5842 3803 5893 anna,

2297 5937 2472 6010 ipsum
2542 5939 2806 6013 Spiritum
2877 5951 3127 5998 sanctum
3192 5942 3598 5999 inhabitatorem
3660 5929 3805 5988 δύο*
