3896 6320
127 433 250 494 illi!)

775 425 1081 482 llOlllLIE
1120 423 1188 481 IN
1219 423 1437 484 EPIST.
1479 425 1568 482 ΕΤ
1593 425 1850 485 EVANG.
1897 429 2193 492 DOMIMC.
2237 447 2307 472 -‘-
2337 428 2516 486 PARS
2544 427 2609 484 ll.

3239 431 3378 495 195.0

129 563 296 610 merra
310 560 448 599 utttr.
480 545 805 604 Secundam,
849 553 905 597 ιιι
932 541 1077 612 ipsas
1113 543 1316 612 gratias
1350 543 1502 599 nobis
1538 544 1700 599 colla-
1729 547 1776 605 Α
1803 547 2186 617 purtttuitatcm
2213 546 2677 619 temporis,inqun
2695 543 3376 624 familiariuslustruamur,

134 653 208 698 las
237 652 335 694 nou
363 633 481 689 aliis
506 634 906 689 communicare
939 631 1123 696 faciat,
1169 649 1235 688 nc
1275 633 1481 690 scilicet
1521 636 1693 691 talen-

130 749 232 796 tum
271 731 611 789 commissum
646 728 910 784 inutiliter
938 729 1355 792 abscondantus.
1387 732 1481 784 sed
1513 732 1696 801 potius

131 831 192 888 ad
224 827 537 899 proiectum,
586 828 694 877 tant
743 833 984 877 nostrum
1029 838 1190 893 quam
1222 823 1469 887 aliorum,
1518 824 1700 880 distri-

127 924 364 978 buamus.
399 919 602 986 Itaque,
657 916 860 971 fratres
885 915 1013 979 mei,
1045 932 1261 972 oremus
1281 907 1404 972 toto
1434 916 1599 973 corde
1638 926 1699 972 ut

126 1027 332 1083 semper
360 1009 430 1064 sit
483 1008 762 1062 uobiscum
815 1007 985 1077 gratia
1039 1009 1262 1076 Christi,
1313 1009 1553 1064 cltaritas
1603 1008 1698 1064 Dei

126 1104 315 1169 Patris,
347 1095 762 1155 communicatio
789 1098 1022 1170 Spiritus
1044 1102 1238 1167 sancti,
1263 1111 1534 1172 quatenus
1557 1100 1696 1160 dona

125 1196 214 1254 Dei
240 1206 542 1250 mereantur
567 1193 866 1264 percipere,
891 1205 942 1248 et
970 1202 1218 1266 percepta
1245 1195 1430 1250 tatnad
1456 1202 1698 1252 nostrum

125 1306 276 1364 quam
305 1287 528 1342 aliorum
575 1287 876 1357 profectum
919 1289 1342 1353 communicare,
1377 1305 1444 1342 ne
1479 1289 1546 1342 dc
1579 1299 1702 1356 per-

127 1383 294 1452 eeptis
331 1379 546 1436 talentis
590 1392 846 1450 tanquam
899 1381 1116 1436 inutiles
1164 1382 1304 1438 servi
1356 1383 1696 1448 damnentur,

125 1473 211 1532 sed
241 1475 416 1544 potius
442 1474 509 1529 de
537 1475 801 1544 a..quisito
824 1473 972 1530 lucro
1007 1474 1340 1530 remunerari
1366 1490 1697 1542 mereamur,

125 1563 379 1640 largiente
410 1563 521 1621 Deo
558 1576 612 1622 et
669 1567 898 1622 Domino
953 1577 1137 1622 nostro
1187 1566 1344 1621 Patre
1376 1579 1430 1622 ct
1478 1565 1615 1622 Filio
1644 1575 1701 1622 et

124 1662 322 1732 Spiritu
352 1670 558 1718 sancto.
587 1659 782 1729 quibus
802 1670 884 1714 est
909 1674 1051 1714 unus
1079 1659 1269 1724 ltouor,
1294 1671 1398 1714 una
1436 1668 1694 1729 potestas,

123 1768 225 1810 tuta
249 1751 421 1826 gloria
457 1768 556 1825 per
583 1753 791 1808 ittliuita
823 1751 1144 1808 gerulorum
1171 1753 1388 1809 saecula.
1433 1753 1630 1810 Amen.-

713 1841 992 1903 llOMlLlA
1032 1845 1094 1902 ll.

657 1933 682 1992 1
691 1955 724 1992 ιι
749 1939 834 1994 die
862 1937 1154 1993 Trinitatis.

185 2019 319 2086 Erat
347 2029 504 2085 Itomo
528 2045 593 2085 ea:
614 2028 926 2096 P/tarisa'is,
953 2027 1270 2086 Nicodemus
1296 2031 1526 2096 nomine,
1555 2031 1704 2100 prin-

122 2141 233 2195 ceps
251 2121 592 2189 Judteorum,
619 2119 703 2180 hic
725 2127 858 2180 venit
883 2125 950 2180 ad
971 2123 1152 2181 Jesum
1182 2123 1363 2196 (Joan.
1391 2121 1496 2195 ιιι).
1520 2123 1705 2180 Lectio

121 2220 218 2275 ista
260 2217 513 2289 bipertita
557 2227 662 2282 est,
711 2210 910 2272 fratres
951 2215 1281 2272 cltarissiuti.
1329 2213 1510 2270 Prima
1560 2213 1704 2270 enim

117 2327 238 2385 pars
268 2314 514 2367 continet
541 2308 812 2367 Nieodemi
837 2307 903 2365 ad
943 2309 1226 2366 Dominum
1253 2307 1620 2363 accessionem
1652 2318 1708 2364 et

119 2402 552 2470 confessionem;
589 2401 849 2470 secunda,
879 2404 929 2456 ei
959 2395 1155 2458 factam
1190 2417 1219 2455 a
1257 2399 1483 2456 Domino
1525 2401 1709 2457 crudi-

121 2500 341 2556 tiouetn.
399 2495 586 2554 Primo
641 2497 805 2568 igitur
859 2495 1166 2552 ostenditur
1226 2491 1580 2552 Nicodamum
1639 2495 1710 2551 ad

119 2585 405 2646 Dontiuutn
432 2591 769 2646 accessisse:
802 2589 855 2645 itt
893 2605 999 2659 quo
1039 2589 1278 2661 quinque
1313 2587 1520 2658 pariter
1556 2588 1711 2644 nobis

116 2681 504 2749 ostenduntur,
546 2684 599 2738 id
639 2694 818 2740 estex
859 2683 1075 2754 quibus,
1103 2692 1156 2742 ct
1196 2683 1340 2754 quis,
1367 2692 1419 2738 ct
1453 2691 1709 2754 quantus,

117 2789 170 2836 et
200 2780 426 2848 quando
478 2779 543 2835 ad
581 2779 864 2834 Domiuttttt
908 2779 1074 2844 venit,
1109 2779 1318 2849 etquid
1350 2779 1398 2833 ei
1444 2778 1596 2834 dixit.
1633 2777 1712 2833 Ex

116 2869 313 2943 quibus
343 2871 535 2927 venit?
561 2872 638 2928 Ex
685 2871 996 2938 Pltarisavis,
1031 2886 1096 2927 ex
1150 2871 1238 2926 illa
1273 2869 1522 2926 videlicet
1572 2871 1714 2927 mala

114 2978 405 3034 progente,
433 2979 595 3034 quam
624 2962 860 3019 Joannes
893 2962 1128 3035 Baptista
1155 2966 1466 3034 progeniem
1498 2962 1712 3034 vipera-

117 3069 233 3110 rum
263 3063 453 3110 vocat.
509 3055 811 3127 Progenies,
863 3057 1056 3126 inquit,
1106 3057 1426 3127 viperarum,
1463 3055 1580 3125 quis
1628 3071 1715 3112 vos

113 3149 317 3204 docebit
355 3147 478 3221 (48)
509 3150 689 3220 fugere
709 3169 738 3204 a
768 3159 979 3205 ventura
1003 3149 1340 3220 ira.’(MattIt.
1366 3146 1715 3220 ttt;Luc.IIt.)

117 3242 191 3300 Es
227 3243 374 3298 mala
410 3245 574 3314 igitur
601 3245 786 3315 stirpe,
822 3255 1074 3316 tauquaut
1105 3259 1224 3299 rosa
1255 3245 1320 3300 de
1346 3245 1500 3314 spina
1530 3254 1718 3300 natum

113 3349 193 3394 cst
219 3337 456 3408 aliquod
490 3337 713 3402 bonum,
739 3338 894 3409 juxta
922 3339 1064 3398 quod
1098 3337 1211 3409 ipse
1253 3331 1488 3396 Joannes
1531 3336 1664 3392 dicit
1697 3353 1712 3392 :

115 3427 392 3495 Quoniam
437 3439 617 3498 potens
646 3439 718 3483 est
768 3427 906 3483 Deus
931 3430 1184 3484 suscitare
1211 3429 1276 3483 de
1300 3427 1564 3496 lapidibus
1600 3428 1717 3484 istis

111 3519 252 3590 ﬁlios
279 3520 522 3575 Aera/uc
571 3519 776 3592 (itii).
807 3519 873 3576 Et
904 3522 1005 3576 ltoc
1033 3521 1174 3587 ideo,
1204 3519 1425 3586 fratres,
1460 3529 1518 3575 ut
1561 3534 1722 3576 nemo

111 3628 388 3673 causeur
433 3613 692 3672 malitiam
718 3625 1001 3686 parentum
1033 3615 1134 3670 sibi
1165 3615 1408 3680 obstare,
1437 3613 1576 3670 sicut
1622 3628 1723 3670 nec

109 3718 484 3767 sanctttatem
537 3719 820 3780 parentum
870 3709 973 3766 sibi
1021 3708 1158 3764 male
1203 3708 1400 3774 viventi
1444 3708 1720 3779 prodesse,

111 3800 356 3861 Domit-.0
392 3804 630 3870 dicente,
661 3819 758 3874 per
784 3804 1125 3874 prophetam,
1151 3800 1410 3872 quoniam
1441 3802 1581 3856 illius
1616 3815 1726 3857 non

108 3895 365 3968 portabit
404 3894 748 3966 iniquitatem
773 3895 944 3965 patris
977 3891 1193 3965 (I'Iteclt.
1229 3895 1411 3964 svnt),
1443 3903 1553 3949 etc.
1595 3892 1729 3962 Quis

111 3988 315 4048 venit?
344 3988 700 4054 Nicodenuts,
737 3987 788 4045 id
833 4001 916 4045 est
947 3990 1107 4044 victor
1133 3989 1333 4060 populi.
1369 3988 1437 4044 Et
1481 3988 1583 4043 iste
1610 3985 1730 4056 qui-

111 4085 240 4141 detn
274 4085 429 4140 bene
461 4087 636 4138 victor
683 4082 862 4153 populi
911 4081 1036 4144 fuit.
1064 4083 1320 4152 quoniam
1349 4097 1473 4136 cum
1502 4078 1730 4150 populus

110 4193 253 4234 suus
280 4187 437 4234 esset
475 4176 801 4240 incredulus,
835 4175 939 4230 iste
975 4174 1229 4230 credulus
1259 4173 1378 4239 fuit;
1407 4188 1529 4227 cttm
1561 4186 1732 4242 popu-

108 4275 200 4333 lus
254 4291 405 4332 snus
453 4282 599 4329 esset
647 4270 934 4343 superbus,
968 4271 1071 4325 iste
1116 4267 1337 4324 humilis
1387 4267 1512 4322 fuit.
1557 4267 1728 4334 Quem

110 4384 249 4434 nos,
281 4368 501 4423 fratres
529 4365 656 4432 mei,
707 4365 1001 4430 imitantes,
1051 4377 1314 4417 conemur
1359 4359 1732 4431 unusquisque

105 4463 322 4518 vitium
385 4458 570 4531 populi
607 4460 704 4514 sui.
747 4472 1034 4526 superare.
1061 4455 1118 4512 Si
1166 4452 1385 4513 Jtttlzeus
1437 4468 1519 4519 es,
1575 4451 1732 4507 stude

106 4551 334 4610 Jttdazis
371 4553 619 4607 innatam
663 4548 1096 4605 iucredulitatcttt
1141 4559 1418 4616 superare.
1449 4543 1506 4599 Si
1544 4542 1731 4599 Gallus

1732 1909 1839 1998 ne

1800 638 2079 708 eligamus.
2113 639 2169 695 Si
2199 650 2419 711 propter
2440 640 2696 710 pudorem
2720 639 2799 695 vel
2823 653 3020 702 metum
3049 643 3376 713 Jttdzrorum,

1799 734 2013 802 s‘gutun
2057 741 2140 788 est
2169 729 2610 802 itnperfcctiuuis.
2646 729 2752 792 Sed
2781 742 2831 787 et
2880 731 2981 790 ltoc
3011 738 3179 805 etiam,
3205 715 3381 792 imita-

1800 821 1906 878 bile
1929 832 2013 880 est
2043 824 2219 890 nobis,
2253 836 2312 881 ut
2357 827 2400 880 si
2432 824 2610 884 adhuc
2644 824 2967 896 imperfecti,
3005 831 3267 896 pudorem
3299 814 3381 886 vel

1801 925 2004 972 metum
2033 932 2291 988 superare
2325 933 2432 974 non
2471 917 2733 986 valemus,
2763 921 2933 974 satius
2971 929 3147 992 tamen
3175 903 3384 981 occulte

1801 1008 2011 1065 discere
2059 1026 2222 1080 quam
2270 1011 2540 1082 ignorare,
2589 1012 2797 1076 occulto
2846 1012 2982 1068 bene
3031 1029 3190 1084 agerc
3221 1029 3384 1086 quam

1802 1103 1937 1158 nihil
1983 1119 2147 1175 agere
2201 1108 2532 1161 Studeamus.
2579 1101 2717 1175 Quid
2769 1106 2944 1164 dixit?
2997 1104 3153 1173 Rubi,
3191 1109 3387 1164 scimus

1801 1197 1925 1268 quia
1955 1216 1987 1252 a
2031 1198 2138 1253 Deo
2183 1200 2370 1255 venisti
2411 1200 2676 1270 magister.
2706 1197 2875 1255 Nemo
2906 1201 3043 1254 enim
3083 1209 3249 1272 potest
3276 1201 3388 1257 hate

1799 1291 1950 1360 signa
1980 1292 2152 1360 [acere
2177 1305 2292 1362 quin
2318 1303 2374 1347 tu
2417 1293 2573 1363 facis.
2606 1292 2708 1348 uisi
2731 1291 3067 1364 {tteritDeus
3115 1310 3230 1348 cum
3273 1293 3385 1369 illo.

1801 1379 1927 1436 Tria
1958 1384 2024 1438 de
2055 1381 2282 1439 Domino
2311 1386 2621 1452 conlitetur,
2646 1387 2768 1456 quia
2795 1407 2826 1441 a
2858 1385 2968 1442 Deo
2993 1387 3220 1452 venerit,
3244 1385 3388 1455 quod

1801 1474 2175 1543 magisterium
2203 1471 2318 1542 ejus
2343 1490 2407 1530 es
2432 1471 2541 1531 Deo
2570 1477 2640 1533 sit
2673 1493 2686 1532 τ
2713 1478 2926 1547 etquod
2954 1492 3048 1548 per
3071 1478 3182 1536 lucc
3209 1477 3390 1548 divina

1799 1581 1964 1639 opera
1997 1568 2202 1624 adverti
2241 1571 2430 1638 possit.
2463 1570 2590 1639 Qua:
2634 1572 2756 1633 tria,
2787 1569 2984 1627 fratres
3009 1573 3134 1638 mei,
3161 1571 3218 1626 in
3259 1566 3392 1646 ιιιιιι⁴

1798 1675 2015 1733 quoque
2064 1671 2330 1725 nostrum.
2364 1665 2406 1721 si
2452 1666 2575 1719 boui
2615 1674 2859 1735 pastores
2907 1675 2963 1735 et
3014 1667 3392 1737 prtedicatores

1797 1769 2007 1820 sumus,
2039 1753 2239 1811 debent
2269 1769 2410 1811 esse.
2439 1755 2606 1812 Debet
2642 1757 2786 1811 enim
2811 1743 2999 1827 pastor
3029 1773 3057 1813 a
3079 1757 3199 1815 Deo
3230 1755 3389 1822 mitti,

1805 1851 2091 1905 utAaron.
2127 1847 2182 1904 lu
2211 1864 2321 1921 quo
2366 1849 2824 1907 Coniutantur‘illi
2873 1847 2965 1922 qui
3014 1867 3072 1908 se
3118 1851 3387 1922 ingerunt,

1829 1943 1878 1998 le
1913 1942 2163 2013 qualibus
2195 1940 2456 1998 Dominus
2488 1959 2501 1996 :
2537 1936 2928 2011 Regnaverant,
2973 1941 3251 2010 iuquit,et
3290 1957 3394 2016 non

1804 2049 1869 2092 ea
1915 2051 1997 2090 me
2033 2032 2179 2105 (Ose.
2217 2035 2357 2106 vtu).
2390 2031 2560 2093 Debet
2607 2045 2824 2106 quoque
2854 2040 3041 2106 pastor
3068 2049 3170 2086 nou
3216 2047 3394 2096 suam,

1803 2127 1899 2182 sed
1931 2126 2023 2182 Dei
2050 2126 2362 2180 .doctrinam
2406 2125 2618 2182 docere.
2655 2123 2808 2182 Unde
2863 2123 3122 2182 Dominus
3153 2141 3166 2178 :
3205 2119 3270 2177 Et
3301 2140 3396 2177 att-

1810 2217 2102 2282 tmntialtis,
2128 2217 2326 2288 inquit,
2352 2216 2425 2272 eis
2446 2234 2510 2272 ex
2532 2233 2612 2273 tne
2645 2216 2862 2289 (Ezeclt.
2897 2217 3001 2289 tu).
3039 2213 3213 2272 Debet,
3234 2214 3396 2290 etiam

1808 2327 1870 2368 ea
1901 2327 2064 2382 opera
2084 2307 2286 2375 facere,
2318 2328 2423 2366 non
2450 2328 2568 2382 qua:
2593 2312 2880 2368 saeculares
2910 2305 3134 2378 faciunt,
3159 2311 3251 2366 sed
3277 2295 3396 2382 qua:

1809 2399 1991 2460 facere
2024 2403 2197 2475 poSsit
2247 2419 2440 2468 nemo,
2488 2403 2589 2460 nisi
2645 2399 2806 2459 fuerit
2859 2399 3114 2460 Dominus
3143 2417 3266 2459 cum.
3309 2414 3396 2459 eo.

1809 2493 2020 2551 Scimus
2067 2492 2190 2567 quia
2245 2513 2277 2548 a
2329 2494 2436 2550 Deo
2485 2494 2666 2552 venisti
2715 2495 2980 2565 magister.
3009 2497 3089 2551 Ac
3129 2496 3174 2552 si
3203 2505 3398 2568 [aperto

1786 2589 1958 2646 dicat
1995 2607 2008 2642 :
2046 2587 2180 2657 Quia
2211 2605 2241 2643 a
2277 2584 2390 2644 Deo
2420 2587 2616 2645 venisti
2646 2589 2929 2661 magister,
2966 2590 3096 2646 doce
3137 2605 3232 2662 nos
3265 2603 3398 2662 quo-

1813 2685 1977 2741 modo
2009 2700 2230 2756 regnum
2263 2681 2356 2739 Dei
2388 2681 2662 2739 valeamus
2692 2681 2937 2753 adipisci.
3131 2653 3169 2691 θ

1887 2778 2148 2849 Sequitur
2169 2793 2296 2850 pars
2321 2777 2580 2839 secunda,
2610 2777 2666 2840 in
2697 2792 2800 2847 qua
2827 2773 3084 2832 Dominus
3117 2777 3273 2834 docet
3303 2774 3400 2832 Ni-

1815 2869 2100 2926 codemum
2125 2869 2397 2942 quomodo
2426 2867 2698 2924 valeamus
2723 2865 2950 2939 adipisci
2982 2884 3204 2942 regnum
3235 2869 3401 2925 cutio-

1817 2980 1956 3023 rum.
1988 2959 2160 3022 Porro
2189 2966 2292 3021 tria
2322 2973 2448 3020 sunt
2483 2964 2814 3030 necessaria,
2843 2971 2903 3020 ut
2929 2965 2996 3019 ad
3039 2978 3263 3035 regnum
3293 2961 3404 3018 Dei

1817 3057 2113 3116 ascendere
2143 3056 2442 3121 valeamus,
2476 3055 2802 3128 baptismns,
2837 3056 3111 3122 ascensio,
3137 3066 3194 3110 et
3225 3055 3405 3126 passio

1818 3149 2054 3208 Domini.
2106 3148 2213 3206 Per
2248 3150 2575 3220 baptismum
2624 3148 2822 3219 quippe
2865 3145 3014 3219 digni
3060 3161 3268 3213 sumus,
3311 3143 3405 3216 qui

1820 3244 2201 3302 ascettdamus.
2232 3241 2336 3298 l’er
2365 3241 2738 3300 ascensionem
2766 3237 2997 3303 Domini,
3026 3239 3182 3294 nobis
3207 3236 3406 3294 cmlutn

1821 3341 2086 3411 aperitur.
2117 3335 2224 3392 Per
2260 3335 2565 3410 passionem
2592 3346 2808 3404 quoque
2834 3329 2970 3400 ejus,
3000 3330 3225 3401 erigitur
3253 3328 3407 3383 nobis

1821 3431 1970 3488 scala
2015 3443 2120 3501 qua
2171 3428 2548 3484 ascendatnus.
2580 3423 2656 3480 De
2685 3423 2952 3493 baptismo
2987 3424 3146 3492 igitur
3189 3420 3407 3476 instruit

1822 3520 2198 3585 Nicodetuum,
2229 3517 2494 3574 eumdicit
2522 3534 2538 3572 :
2569 3515 2689 3570 Nisi
2713 3514 2829 3586 quis
2853 3524 3008 3570 natus
3035 3513 3193 3583 fuerit
3206 3515 3407 3576 denuo,

1825 3631 1930 3670 non
1951 3624 2117 3684 potest
2143 3613 2316 3669 videre
2333 3625 2544 3682 regnum
2574 3608 2690 3664 Dei.
2715 3610 2794 3665 Ac
2815 3607 2860 3663 si
2885 3616 3072 3677 aperte
3093 3607 3235 3661 dicat
3263 3623 3281 3660 :.
3306 3603 3409 3660 Per

1826 3706 2152 3779 baptismum
2201 3705 2258 3760 lit
2304 3705 2468 3761 homo
2498 3714 2680 3774 aptus,
2711 3709 2770 3758 ut
2799 3715 3020 3774 regnum
3065 3699 3157 3755 Dei
3185 3697 3409 3771 adipisci

1831 3809 2126 3857 mereatur.
2170 3798 2228 3854 lu
2263 3813 2369 3869 quo
2415 3796 2593 3852 innuit
2623 3798 2755 3852 duas
2795 3811 2918 3851 esse
2945 3791 3404 3862 nativitates.pri-

1829 3913 1974 3954 mam
2022 3895 2319 3958 carnalem,
2367 3902 2423 3949 et
2450 3893 2744 3949 secundant
2777 3890 3132 3962 spiritualem.
3168 3887 3272 3944 Per
3302 3885 3411 3957 pri-

1831 4003 1974 4042 mam
2008 3987 2248 4041 nascitur
2279 3999 2342 4040 es
2377 3986 2594 4040 ltomiue
2633 3985 2794 4039 homo
2827 3984 2882 4037 in
2910 3981 3146 4053 peccatis
3167 3980 3233 4034 ad
3271 3992 3412 4035 tuor-

1832 4094 1962 4137 teut.
2005 4079 2113 4134 l’er
2136 4079 2428 4134 secundant
2461 4092 2590 4132 vero
2634 4076 2874 4132 nascitur
2899 4091 2968 4129 ex
3017 4074 3125 4129 Deo
3169 4071 3314 4126 intus
3358 4071 3412 4125 itt

1832 4175 2037 4246 Spiritu
2086 4181 2276 4227 sancto
2308 4173 2374 4226 ad
2420 4171 2586 4224 vitam
2622 4180 2901 4224 anet-nam.
2937 4167 3010 4222 De
3062 4165 3236 4238 prima
3285 4163 3415 4222 dicit

1832 4268 2003 4324 David
2042 4286 2054 4320 :
2081 4265 2106 4320 l
2116 4284 2148 4322 tt
2177 4264 2543 4337 iniquitatibus
2572 4274 2848 4332 conceptus
2873 4277 3010 4327 sum,
3042 4270 3090 4315 et
3118 4261 3172 4314 in
3193 4258 3416 4328 peccatis

1831 4361 2062 4431 concepit
2092 4374 2174 4413 me
2212 4368 2380 4412 mater
2413 4372 2526 4411 mea
2553 4353 2730 4427 (Psat.
2769 4353 2844 4422 ι).
2895 4353 2972 4408 De
3014 4351 3246 4405 secunda
3287 4349 3418 4402 dicit

1831 4455 2068 4512 Joannes
2095 4471 2107 4506 :
2143 4451 2405 4522 Quotquot
2430 4459 2728 4520 receperunt
2756 4462 2896 4511 eum,
2924 4445 3065 4498 dedit
3095 4444 3170 4496 eis
3190 4437 3418 4513 potesta-

1833 4560 1936 4604 tem
1962 4545 2104 4617 filios
2132 4543 2229 4598 Dei
2258 4543 2401 4613 ﬁeri,
2432 4542 2511 4596 Itis
2539 4541 2630 4613 qui
2667 4540 2884 4594 credunt
2932 4537 2986 4590 in
3036 4535 3244 4588 nomine
3273 4532 3416 4602 ejus,

105 4662 194 4718 es,
251 4645 434 4702 stude
479 4641 646 4699 Gallis
686 4644 925 4698 innatam
978 4640 1289 4713 superbiam
1335 4651 1616 4708 superare.
1672 4633 1731 4691 Si
1759 4644 1925 4716 unt’
1955 4655 2150 4696 noue:
2187 4637 2556 4709 sanguiuibus,
2585 4649 2747 4705 neque
2791 4647 2856 4687 etc
2906 4628 3168 4685 voluntate
3218 4623 3416 4688 carnis,

104 4740 430 4796 Romanus
461 4749 542 4802 es,
569 4736 726 4791 stude
748 4733 1005 4788 Romanis
1055 4733 1292 4786 innatam
1321 4725 1601 4783 avaritiam
1639 4743 1732 4784 su-

101 4849 352 4904 perare.
389 4831 449 4886 Si
497 4829 812 4885 Pictaviutts
841 4843 922 4892 es,
967 4827 1123 4882 stude
1154 4823 1449 4880 Pictaviuis
1494 4823 1735 4876 innatam

102 4926 442 4999 ingluviem
497 4933 551 4980 et
601 4921 972 4993 garrulitatem
1037 4933 1330 4990 superare,
1385 4925 1441 4971 et
1485 4913 1738 4972 similiter

99 5021 176 5077 de
230 5017 494 5080 caeteris.
526 5016 772 5082 Quantus
818 5011 1001 5068 venit?
1034 5011 1283 5082 princeps
1331 5006 1636 5064 Judzeorum
1682 5016 1738 5062 et

101 5115 410 5186 magister
438 5112 490 5165 itt
519 5109 700 5165 Israel.
744 5107 808 5162 lit
837 5122 958 5162 cum
989 5114 1173 5160 tantus
1215 5114 1268 5158 et
1315 5103 1434 5158 talis
1463 5111 1626 5166 esset,
1657 5109 1739 5154 ta-

94 5225 244 5270 men
280 5222 415 5264 non
447 5203 662 5260 erubuit
693 5202 912 5258 humilis
946 5199 1346 5270 discipulosque
1376 5197 1513 5252 ﬁeri.
1550 5196 1606 5251 ltt
1633 5210 1740 5265 quo

99 5300 508 5358 confutantur
534 5295 806 5366 principes
847 5303 896 5348 ct
928 5290 1195 5362 magistri.
1223 5287 1312 5360 qui
1352 5289 1522 5360 magis
1556 5287 1742 5341 volunt

97 5396 415 5468 ignorare
444 5405 606 5459 quam
650 5385 923 5441 ltuntiliari
953 5393 1009 5438 et
1045 5383 1268 5436 erudiri.
1297 5381 1522 5446 Quando
1561 5377 1740 5432 venit?

96 5497 318 5543 nocte.
355 5481 433 5538 Et
457 5497 626 5551 quare
649 5480 842 5533 nocte?
865 5477 923 5532 Si
951 5486 1170 5546 propter
1207 5473 1548 5528 necessitatis
1586 5471 1741 5527 testi-

94 5579 425 5640 nantiattt,
458 5576 513 5628 ιιι
537 5572 721 5628 itabile
747 5580 829 5625 est
850 5573 1031 5630 nobis.
1061 5580 1119 5623 ttt
1144 5569 1410 5622 medicum
1439 5566 1743 5620 animarum

97 5683 470 5731 nostrarum
499 5680 742 5736 qua-rere
783 5680 889 5718 non
925 5663 1403 5733 procrastiuetnus.
1433 5659 1488 5712 Si
1527 5669 1746 5728 propter

94 5763 640 5840 opportunitatem,
673 5756 933 5813 imitabile
964 5768 1175 5824 quoque
1219 5762 1300 5806 est
1340 5751 1514 5814 uobis,
1546 5761 1603 5804 ut.
1649 5765 1745 5820 op-

183 5925 326 6002 (48)
377 5921 536 5996 Vulg.
566 5917 903 5979 monstravit,
927 5914 1174 5970 ostendit.

1839 4752 2000 4807 neque
2029 4749 2093 4789 ea:
2113 4733 2376 4788 voluntate
2393 4730 2508 4793 viri,
2537 4727 2627 4782 sed
2647 4741 2710 4780 ex
2735 4723 2961 4779 Deonati
2985 4729 3104 4776 sunt
3137 4718 3321 4790 (Joan.
3341 4717 3415 4786 ι).

1836 4829 1906 4884 At
1923 4827 2266 4888 Nicodemus,
2283 4821 2616 4894 spiritualetn
2641 4819 2894 4890 ignorans
2924 4813 3283 4878 nativitatem,
3301 4819 3422 4864 tan-

1839 4936 2000 4992 quam
2031 4919 2180 4974 rudis
2211 4918 2287 4971 ait
2329 4933 2341 4970 :
2370 4914 2646 4981 Quomodo
2671 4921 2833 4982 potest
2871 4909 3026 4964 homo
3050 4905 3195 4961 nasci
3217 4918 3332 4958 cum
3355 4903 3421 4957 sit

1838 5015 2039 5070 senex?
2079 5008 2334 5078 Nunquid
2369 5017 2533 5076 potest
2565 5009 2620 5060 in
2645 5014 2868 5060 ventrem
2886 4999 3082 5056 'ntatris
3107 5014 3216 5053 sua:
3234 4997 3422 5051 iterato

1841 5105 2079 5170 introire,
2103 5111 2150 5155 et
2185 5099 2428 5154 renasci?
2455 5096 2608 5164 Quod
2638 5095 2770 5150 dicit
2808 5080 3129 5148 Nirodemus
3153 5090 3219 5144 de
3250 5087 3423 5158 prima

1842 5197 2145 5259 nativitate,
2175 5201 2362 5246 verum
2395 5200 2478 5245 est
2521 5189 2685 5244 etiam
2742 5187 2808 5240 de
2857 5183 3112 5240 secunda.
3159 5181 3422 5250 Quoniam

1843 5291 1985 5346 sicut
2010 5305 2110 5344 nec
2137 5287 2335 5358 prima,
2365 5286 2435 5340 ita
2471 5297 2568 5339 nec
2599 5285 2832 5337 secunda
2865 5280 3047 5334 iterari
3077 5286 3270 5348 potest.
3315 5273 3425 5328 Es-

1845 5382 2029 5453 planat
2057 5379 2220 5450 igitur
2276 5375 2418 5446 quod
2459 5373 2688 5429 obscure
2717 5371 2929 5425 dixerat
2969 5368 3280 5429 Nic-odeum,
3326 5363 3425 5416 tria

1847 5473 2246 5532 demonstrans,
2288 5481 2354 5520 ex
2411 5463 2606 5534 quibus
2647 5461 2857 5516 scilicet
2898 5458 3131 5514 secunda
3175 5454 3429 5506 nativitas

1845 5563 2030 5625 liat,et
2050 5559 2316 5631 quotttodo
2342 5573 2371 5610 a
2399 5555 2566 5626 prima
2586 5553 2816 5615 dill'erat,
2841 5561 2892 5606 et
2917 5549 3130 5619 qualem
3155 5547 3428 5604 hominem

1845 5655 2059 5711 etliciat.
2088 5655 2163 5709 Es
2187 5653 2382 5724 quibus
2416 5652 2507 5705 liat
2530 5649 2785 5712 ostendit,
2808 5663 2929 5702 cum
2963 5645 3091 5700 dicit
3121 5659 3133 5695 :
3169 5641 3285 5696 Nisi
3312 5640 3428 5708 quis

1849 5757 2059 5803 renatus
2106 5745 2258 5799 fuerit
2303 5758 2368 5796 es:
2394 5757 2531 5813 aqua
2566 5748 2614 5794 et
2657 5739 2861 5811 Spiritu
2893 5746 3094 5797 sattcto,
3123 5749 3222 5786 non
3265 5739 3429 5805 potest
