  <div class='ocr_page' id='page_1' title='image "/cluster/home/n/w/nwhite01/storage/ocr_20150623/155/hvd.32044015473838/981.png"; bbox 0 0 3896 6320; ppageno 0'>
   <div class='ocr_carea' id='block_1_1' title="bbox 554 394 693 455">
    <p class='ocr_par' dir='ltr' id='par_1_1' title="bbox 554 394 693 455">
     <span class='ocr_line' id='line_1_1' title="bbox 554 394 693 455; baseline -0.014 0"><span class='ocrx_word' id='word_1_1' title='bbox 554 394 693 455; x_wconf 66' lang='grc'><strong>1981</strong></span> 
     </span>
    </p>
   </div>
   <div class='ocr_carea' id='block_1_2' title="bbox 1589 364 2797 436">
    <p class='ocr_par' dir='ltr' id='par_1_2' title="bbox 1589 364 2797 436">
     <span class='ocr_line' id='line_1_2' title="bbox 1589 364 2797 436; baseline -0.013 0"><span class='ocrx_word' id='word_1_2' title='bbox 1589 374 1928 436; x_wconf 76' lang='lat' dir='ltr'><strong>ADDENDA.</strong></span> <span class='ocrx_word' id='word_1_3' title='bbox 1970 404 2040 417; x_wconf 90' lang='lat'><strong>—-</strong></span> <span class='ocrx_word' id='word_1_4' title='bbox 2076 368 2422 429; x_wconf 75' lang='lat' dir='ltr'><strong>BADULPHI</strong></span> <span class='ocrx_word' id='word_1_5' title='bbox 2448 364 2797 423; x_wconf 69' lang='lat' dir='ltr'><strong>ABDENTIS</strong></span> 
     </span>
    </p>
   </div>
   <div class='ocr_carea' id='block_1_3' title="bbox 3671 354 3748 413">
    <p class='ocr_par' dir='ltr' id='par_1_3' title="bbox 3671 354 3748 413">
     <span class='ocr_line' id='line_1_3' title="bbox 3671 354 3748 413; baseline 0.013 -2"><span class='ocrx_word' id='word_1_6' title='bbox 3671 354 3748 413; x_wconf 66' lang='lat' dir='ltr'><strong>iiii</strong></span> 
     </span>
    </p>
   </div>
   <div class='ocr_carea' id='block_1_4' title="bbox 551 467 3749 575">
    <p class='ocr_par' dir='ltr' id='par_1_4' title="bbox 551 467 3749 575">
     <span class='ocr_line' id='line_1_4' title="bbox 551 467 3749 575; baseline -0.014 -9"><span class='ocrx_word' id='word_1_7' title='bbox 551 509 769 566; x_wconf 86' lang='lat' dir='ltr'><strong>introire</strong></span> <span class='ocrx_word' id='word_1_8' title='bbox 811 524 863 562; x_wconf 85' lang='lat' dir='ltr'><strong>tu</strong></span> <span class='ocrx_word' id='word_1_9' title='bbox 911 519 1122 575; x_wconf 80' lang='lat' dir='ltr'><strong><em>regnum</em></strong></span> <span class='ocrx_word' id='word_1_10' title='bbox 1173 500 1288 556; x_wconf 86' lang='lat' dir='ltr'><strong>Dei.</strong></span> <span class='ocrx_word' id='word_1_11' title='bbox 1320 500 1489 555; x_wconf 81' lang='lat' dir='ltr'><strong>Porro</strong></span> <span class='ocrx_word' id='word_1_12' title='bbox 1519 497 1571 553; x_wconf 94' lang='lat' dir='ltr'><strong>in</strong></span> <span class='ocrx_word' id='word_1_13' title='bbox 1599 497 1867 567; x_wconf 87' lang='lat' dir='ltr'><strong>baptismo</strong></span> <span class='ocrx_word' id='word_1_14' title='bbox 1900 495 2134 559; x_wconf 87' lang='lat' dir='ltr'><strong>Domini,</strong></span> <span class='ocrx_word' id='word_1_15' title='bbox 2165 504 2209 562; x_wconf 75' lang='grc' dir='ltr'><strong>Α</strong></span> <span class='ocrx_word' id='word_1_16' title='bbox 2242 488 2491 558; x_wconf 78' lang='lat' dir='ltr'><strong>Nunquid</strong></span> <span class='ocrx_word' id='word_1_17' title='bbox 2543 485 2690 540; x_wconf 91' lang='lat' dir='ltr'><strong>cnim</strong></span> <span class='ocrx_word' id='word_1_18' title='bbox 2744 483 2901 539; x_wconf 90' lang='lat' dir='ltr'><strong>decet</strong></span> <span class='ocrx_word' id='word_1_19' title='bbox 2947 488 3223 550; x_wconf 87' lang='lat' dir='ltr'><strong>pastorem</strong></span> <span class='ocrx_word' id='word_1_20' title='bbox 3255 487 3377 529; x_wconf 84' lang='lat' dir='ltr'><strong>esse</strong></span> <span class='ocrx_word' id='word_1_21' title='bbox 3426 467 3686 569; x_wconf 69' lang='lat' dir='ltr'><strong>bestiale“,</strong></span> <span class='ocrx_word' id='word_1_22' title='bbox 3715 484 3749 534; x_wconf 62' lang='lat' dir='ltr'><strong>et</strong></span> 
     </span>
    </p>
   </div>
   <div class='ocr_carea' id='block_1_5' title="bbox 554 588 2137 660">
    <p class='ocr_par' dir='ltr' id='par_1_5' title="bbox 554 588 2137 660">
     <span class='ocr_line' id='line_1_5' title="bbox 554 588 2137 660; baseline -0.008 -3"><span class='ocrx_word' id='word_1_23' title='bbox 554 613 680 657; x_wconf 85' lang='lat' dir='ltr'><strong>sunt</strong></span> <span class='ocrx_word' id='word_1_24' title='bbox 724 609 1121 655; x_wconf 72' lang='lat' dir='ltr'><strong>sacramentum</strong></span> <span class='ocrx_word' id='word_1_25' title='bbox 1173 594 1429 655; x_wconf 76' lang='lat' dir='ltr'><strong>exterius,</strong></span> <span class='ocrx_word' id='word_1_26' title='bbox 1484 602 1538 647; x_wconf 90' lang='lat' dir='ltr'><strong>et</strong></span> <span class='ocrx_word' id='word_1_27' title='bbox 1592 607 1699 654; x_wconf 89' lang='lat' dir='ltr'><strong>res.</strong></span> <span class='ocrx_word' id='word_1_28' title='bbox 1738 600 1791 645; x_wconf 88' lang='lat' dir='ltr'><strong>et</strong></span> <span class='ocrx_word' id='word_1_29' title='bbox 1833 588 2137 660; x_wconf 87' lang='lat' dir='ltr'><strong>purificatio</strong></span> 
     </span>
    </p>
   </div>
   <div class='ocr_carea' id='block_1_6' title="bbox 556 679 2140 749">
    <p class='ocr_par' dir='ltr' id='par_1_6' title="bbox 556 679 2140 749">
     <span class='ocr_line' id='line_1_6' title="bbox 556 679 2140 749; baseline -0.011 -1"><span class='ocrx_word' id='word_1_30' title='bbox 556 694 803 749; x_wconf 85' lang='lat' dir='ltr'><strong>interior.</strong></span> <span class='ocrx_word' id='word_1_31' title='bbox 831 693 1240 745; x_wconf 73' lang='lat' dir='ltr'><strong>Sarranwutum</strong></span> <span class='ocrx_word' id='word_1_32' title='bbox 1265 686 1523 745; x_wconf 76' lang='lat' dir='ltr'><strong>exterius,</strong></span> <span class='ocrx_word' id='word_1_33' title='bbox 1554 684 1604 737; x_wconf 92' lang='lat' dir='ltr'><strong>id</strong></span> <span class='ocrx_word' id='word_1_34' title='bbox 1626 692 1706 737; x_wconf 91' lang='lat' dir='ltr'><strong>est</strong></span> <span class='ocrx_word' id='word_1_35' title='bbox 1732 683 1970 736; x_wconf 77' lang='lat' dir='ltr'><strong>exterior</strong></span> <span class='ocrx_word' id='word_1_36' title='bbox 1990 679 2140 734; x_wconf 85' lang='lat' dir='ltr'><strong>ablu-</strong></span> 
     </span>
    </p>
   </div>
   <div class='ocr_carea' id='block_1_7' title="bbox 560 772 2140 843">
    <p class='ocr_par' dir='ltr' id='par_1_7' title="bbox 560 772 2140 843">
     <span class='ocr_line' id='line_1_7' title="bbox 560 772 2140 843; baseline -0.009 -7"><span class='ocrx_word' id='word_1_37' title='bbox 560 785 653 843; x_wconf 75' lang='lat' dir='ltr'><strong>titt,</strong></span> <span class='ocrx_word' id='word_1_38' title='bbox 692 782 760 837; x_wconf 84' lang='lat' dir='ltr'><strong>ah</strong></span> <span class='ocrx_word' id='word_1_39' title='bbox 800 780 1163 836; x_wconf 82' lang='lat' dir='ltr'><strong>exterioribus</strong></span> <span class='ocrx_word' id='word_1_40' title='bbox 1211 776 1479 835; x_wconf 80' lang='lat' dir='ltr'><strong>sordibus,</strong></span> <span class='ocrx_word' id='word_1_41' title='bbox 1530 774 1587 826; x_wconf 90' lang='lat' dir='ltr'><strong>fit</strong></span> <span class='ocrx_word' id='word_1_42' title='bbox 1630 788 1693 826; x_wconf 64' lang='lat' dir='ltr'><strong>es</strong></span> <span class='ocrx_word' id='word_1_43' title='bbox 1740 787 1875 839; x_wconf 87' lang='lat' dir='ltr'><strong>aqua</strong></span> <span class='ocrx_word' id='word_1_44' title='bbox 1923 772 2140 839; x_wconf 87' lang='lat' dir='ltr'><strong>quando</strong></span> 
     </span>
    </p>
   </div>
   <div class='ocr_carea' id='block_1_8' title="bbox 555 862 2141 936">
    <p class='ocr_par' dir='ltr' id='par_1_8' title="bbox 555 862 2141 936">
     <span class='ocr_line' id='line_1_8' title="bbox 555 862 2141 936; baseline -0.008 -7"><span class='ocrx_word' id='word_1_45' title='bbox 555 876 761 929; x_wconf 76' lang='lat' dir='ltr'><strong>scilicet</strong></span> <span class='ocrx_word' id='word_1_46' title='bbox 796 875 955 927; x_wconf 88' lang='lat' dir='ltr'><strong>homo</strong></span> <span class='ocrx_word' id='word_1_47' title='bbox 990 882 1070 926; x_wconf 89' lang='lat' dir='ltr'><strong>ter</strong></span> <span class='ocrx_word' id='word_1_48' title='bbox 1093 871 1144 923; x_wconf 88' lang='lat' dir='ltr'><strong>itt</strong></span> <span class='ocrx_word' id='word_1_49' title='bbox 1176 884 1237 924; x_wconf 85' lang='lat' dir='ltr'><strong>ea</strong></span> <span class='ocrx_word' id='word_1_50' title='bbox 1268 868 1529 936; x_wconf 74' lang='lat' dir='ltr'><strong>mergitur</strong></span> <span class='ocrx_word' id='word_1_51' title='bbox 1556 864 1606 918; x_wconf 92' lang='lat' dir='ltr'><strong>itt</strong></span> <span class='ocrx_word' id='word_1_52' title='bbox 1642 863 1857 919; x_wconf 86' lang='lat' dir='ltr'><strong>nomine</strong></span> <span class='ocrx_word' id='word_1_53' title='bbox 1882 862 2058 916; x_wconf 78' lang='lat' dir='ltr'><strong>Patris</strong></span> <span class='ocrx_word' id='word_1_54' title='bbox 2087 871 2141 916; x_wconf 85' lang='lat' dir='ltr'><strong>et</strong></span> 
     </span>
    </p>
   </div>
   <div class='ocr_carea' id='block_1_9' title="bbox 555 953 2140 1035">
    <p class='ocr_par' dir='ltr' id='par_1_9' title="bbox 555 953 2140 1035">
     <span class='ocr_line' id='line_1_9' title="bbox 555 953 2140 1035; baseline -0.009 -14"><span class='ocrx_word' id='word_1_55' title='bbox 555 966 674 1022; x_wconf 79' lang='lat' dir='ltr'><strong>Filii</strong></span> <span class='ocrx_word' id='word_1_56' title='bbox 707 977 756 1021; x_wconf 90' lang='lat' dir='ltr'><strong>et</strong></span> <span class='ocrx_word' id='word_1_57' title='bbox 794 965 1027 1035; x_wconf 72' lang='lat' dir='ltr'><strong>Spiritus</strong></span> <span class='ocrx_word' id='word_1_58' title='bbox 1048 960 1237 1016; x_wconf 85' lang='lat' dir='ltr'><strong>sancti.</strong></span> <span class='ocrx_word' id='word_1_59' title='bbox 1270 961 1461 1013; x_wconf 76' lang='lat' dir='ltr'><strong>Amen.</strong></span> <span class='ocrx_word' id='word_1_60' title='bbox 1498 956 1808 1012; x_wconf 81' lang='lat' dir='ltr'><strong>Purificatio</strong></span> <span class='ocrx_word' id='word_1_61' title='bbox 1842 972 1968 1010; x_wconf 89' lang='lat' dir='ltr'><strong>vero</strong></span> <span class='ocrx_word' id='word_1_62' title='bbox 2008 953 2140 1008; x_wconf 85' lang='lat' dir='ltr'><strong>inte-</strong></span> 
     </span>
    </p>
   </div>
   <div class='ocr_carea' id='block_1_10' title="bbox 558 1049 2141 1129">
    <p class='ocr_par' dir='ltr' id='par_1_10' title="bbox 558 1049 2141 1129">
     <span class='ocr_line' id='line_1_10' title="bbox 558 1049 2141 1129; baseline -0.008 -15"><span class='ocrx_word' id='word_1_63' title='bbox 558 1061 669 1114; x_wconf 90' lang='lat' dir='ltr'><strong>rior</strong></span> <span class='ocrx_word' id='word_1_64' title='bbox 698 1077 726 1111; x_wconf 89' lang='lat' dir='ltr'><strong>a</strong></span> <span class='ocrx_word' id='word_1_65' title='bbox 752 1059 986 1129; x_wconf 76' lang='lat' dir='ltr'><strong>peccatis</strong></span> <span class='ocrx_word' id='word_1_66' title='bbox 1014 1056 1123 1109; x_wconf 88' lang='lat' dir='ltr'><strong>fita</strong></span> <span class='ocrx_word' id='word_1_67' title='bbox 1157 1053 1360 1123; x_wconf 81' lang='lat' dir='ltr'><strong>Spiritu</strong></span> <span class='ocrx_word' id='word_1_68' title='bbox 1392 1063 1601 1107; x_wconf 89' lang='lat' dir='ltr'><strong>sancto.</strong></span> <span class='ocrx_word' id='word_1_69' title='bbox 1636 1049 1774 1104; x_wconf 82' lang='lat' dir='ltr'><strong>Nihil</strong></span> <span class='ocrx_word' id='word_1_70' title='bbox 1802 1050 1984 1119; x_wconf 88' lang='lat' dir='ltr'><strong>itaque</strong></span> <span class='ocrx_word' id='word_1_71' title='bbox 2012 1064 2141 1103; x_wconf 79' lang='lat' dir='ltr'><strong>con-</strong></span> 
     </span>
    </p>
   </div>
   <div class='ocr_carea' id='block_1_11' title="bbox 556 1140 2142 1212">
    <p class='ocr_par' dir='ltr' id='par_1_11' title="bbox 556 1140 2142 1212">
     <span class='ocr_line' id='line_1_11' title="bbox 556 1140 2142 1212; baseline -0.006 -7"><span class='ocrx_word' id='word_1_72' title='bbox 556 1150 664 1207; x_wconf 82' lang='lat' dir='ltr'><strong>fert</strong></span> <span class='ocrx_word' id='word_1_73' title='bbox 680 1154 918 1206; x_wconf 74' lang='lat' dir='ltr'><strong>exterior</strong></span> <span class='ocrx_word' id='word_1_74' title='bbox 940 1147 1141 1203; x_wconf 89' lang='lat' dir='ltr'><strong>ablutio</strong></span> <span class='ocrx_word' id='word_1_75' title='bbox 1154 1147 1271 1201; x_wconf 83' lang='lat' dir='ltr'><strong>sine</strong></span> <span class='ocrx_word' id='word_1_76' title='bbox 1297 1145 1565 1209; x_wconf 80' lang='lat' dir='ltr'><strong>interimi,</strong></span> <span class='ocrx_word' id='word_1_77' title='bbox 1582 1142 1826 1199; x_wconf 71' lang='lat' dir='ltr'><strong>videlicet</strong></span> <span class='ocrx_word' id='word_1_78' title='bbox 1854 1140 2142 1212; x_wconf 87' lang='lat' dir='ltr'><strong>utquando</strong></span> 
     </span>
    </p>
   </div>
   <div class='ocr_carea' id='block_1_12' title="bbox 556 1236 2140 1308">
    <p class='ocr_par' dir='ltr' id='par_1_12' title="bbox 556 1236 2140 1308">
     <span class='ocr_line' id='line_1_12' title="bbox 556 1236 2140 1308; baseline -0.006 -11"><span class='ocrx_word' id='word_1_79' title='bbox 556 1244 770 1299; x_wconf 88' lang='lat' dir='ltr'><strong>adultus</strong></span> <span class='ocrx_word' id='word_1_80' title='bbox 804 1242 926 1298; x_wconf 89' lang='lat' dir='ltr'><strong>ficte</strong></span> <span class='ocrx_word' id='word_1_81' title='bbox 980 1240 1059 1294; x_wconf 76' lang='lat' dir='ltr'><strong>vel</strong></span> <span class='ocrx_word' id='word_1_82' title='bbox 1115 1238 1364 1295; x_wconf 88' lang='lat' dir='ltr'><strong>iudevote</strong></span> <span class='ocrx_word' id='word_1_83' title='bbox 1417 1238 1483 1293; x_wconf 90' lang='lat' dir='ltr'><strong>ad</strong></span> <span class='ocrx_word' id='word_1_84' title='bbox 1536 1238 1862 1308; x_wconf 74' lang='lat' dir='ltr'><strong>baptismum</strong></span> <span class='ocrx_word' id='word_1_85' title='bbox 1911 1236 2140 1291; x_wconf 78' lang='lat' dir='ltr'><strong>accedit.</strong></span> 
     </span>
    </p>
   </div>
   <div class='ocr_carea' id='block_1_13' title="bbox 557 1327 2142 1401">
    <p class='ocr_par' dir='ltr' id='par_1_13' title="bbox 557 1327 2142 1401">
     <span class='ocr_line' id='line_1_13' title="bbox 557 1327 2142 1401; baseline -0.007 -8"><span class='ocrx_word' id='word_1_86' title='bbox 557 1339 662 1393; x_wconf 80' lang='lat' dir='ltr'><strong>Sed</strong></span> <span class='ocrx_word' id='word_1_87' title='bbox 716 1353 815 1393; x_wconf 86' lang='lat' dir='ltr'><strong>nec</strong></span> <span class='ocrx_word' id='word_1_88' title='bbox 865 1336 1093 1391; x_wconf 89' lang='lat' dir='ltr'><strong>interior</strong></span> <span class='ocrx_word' id='word_1_89' title='bbox 1139 1334 1254 1388; x_wconf 89' lang='lat' dir='ltr'><strong>sine</strong></span> <span class='ocrx_word' id='word_1_90' title='bbox 1304 1332 1561 1388; x_wconf 76' lang='lat' dir='ltr'><strong>exteriori</strong></span> <span class='ocrx_word' id='word_1_91' title='bbox 1619 1331 1734 1386; x_wconf 89' lang='lat' dir='ltr'><strong>fieri</strong></span> <span class='ocrx_word' id='word_1_92' title='bbox 1793 1339 1990 1401; x_wconf 85' lang='lat' dir='ltr'><strong>potest,</strong></span> <span class='ocrx_word' id='word_1_93' title='bbox 2041 1327 2142 1382; x_wconf 90' lang='lat' dir='ltr'><strong>nisi</strong></span> 
     </span>
    </p>
   </div>
   <div class='ocr_carea' id='block_1_14' title="bbox 557 1422 2139 1499">
    <p class='ocr_par' dir='ltr' id='par_1_14' title="bbox 557 1422 2139 1499">
     <span class='ocr_line' id='line_1_14' title="bbox 557 1422 2139 1499; baseline -0.006 -16"><span class='ocrx_word' id='word_1_94' title='bbox 557 1428 772 1499; x_wconf 87' lang='lat' dir='ltr'><strong>quamlo</strong></span> <span class='ocrx_word' id='word_1_95' title='bbox 816 1427 1006 1484; x_wconf 69' lang='lat' dir='ltr'><strong>effusio</strong></span> <span class='ocrx_word' id='word_1_96' title='bbox 1056 1426 1334 1496; x_wconf 78' lang='lat' dir='ltr'><strong>sanguinis</strong></span> <span class='ocrx_word' id='word_1_97' title='bbox 1380 1424 1591 1495; x_wconf 83' lang='lat' dir='ltr'><strong>supplet</strong></span> <span class='ocrx_word' id='word_1_98' title='bbox 1641 1424 1809 1485; x_wconf 83' lang='lat' dir='ltr'><strong>vicem</strong></span> <span class='ocrx_word' id='word_1_99' title='bbox 1868 1422 2139 1493; x_wconf 80' lang='lat' dir='ltr'><strong>baptismi.</strong></span> 
     </span>
    </p>
   </div>
   <div class='ocr_carea' id='block_1_15' title="bbox 558 1514 2146 1590">
    <p class='ocr_par' dir='ltr' id='par_1_15' title="bbox 558 1514 2146 1590">
     <span class='ocr_line' id='line_1_15' title="bbox 558 1514 2146 1590; baseline -0.004 -13"><span class='ocrx_word' id='word_1_100' title='bbox 558 1521 761 1578; x_wconf 82' lang='lat' dir='ltr'><strong>Deinde</strong></span> <span class='ocrx_word' id='word_1_101' title='bbox 797 1522 937 1577; x_wconf 84' lang='lat' dir='ltr'><strong>inter</strong></span> <span class='ocrx_word' id='word_1_102' title='bbox 964 1522 1191 1590; x_wconf 89' lang='lat' dir='ltr'><strong>primaut</strong></span> <span class='ocrx_word' id='word_1_103' title='bbox 1219 1530 1272 1575; x_wconf 88' lang='lat' dir='ltr'><strong>et</strong></span> <span class='ocrx_word' id='word_1_104' title='bbox 1309 1519 1599 1574; x_wconf 89' lang='lat' dir='ltr'><strong>secundam</strong></span> <span class='ocrx_word' id='word_1_105' title='bbox 1634 1518 1971 1571; x_wconf 88' lang='lat' dir='ltr'><strong>nativitatem</strong></span> <span class='ocrx_word' id='word_1_106' title='bbox 1996 1514 2146 1570; x_wconf 65' lang='lat' dir='ltr'><strong>diffeo</strong></span> 
     </span>
    </p>
   </div>
   <div class='ocr_carea' id='block_1_16' title="bbox 557 1607 2140 1682">
    <p class='ocr_par' dir='ltr' id='par_1_16' title="bbox 557 1607 2140 1682">
     <span class='ocr_line' id='line_1_16' title="bbox 557 1607 2140 1682; baseline -0.006 -16"><span class='ocrx_word' id='word_1_107' title='bbox 557 1612 790 1669; x_wconf 87' lang='lat' dir='ltr'><strong>reutiam</strong></span> <span class='ocrx_word' id='word_1_108' title='bbox 822 1611 1064 1682; x_wconf 73' lang='lat' dir='ltr'><strong>assignat</strong></span> <span class='ocrx_word' id='word_1_109' title='bbox 1094 1625 1216 1664; x_wconf 91' lang='lat' dir='ltr'><strong>cum</strong></span> <span class='ocrx_word' id='word_1_110' title='bbox 1239 1608 1365 1663; x_wconf 85' lang='lat' dir='ltr'><strong>dicit</strong></span> <span class='ocrx_word' id='word_1_111' title='bbox 1398 1625 1412 1662; x_wconf 90' lang='lat'><strong>:</strong></span> <span class='ocrx_word' id='word_1_112' title='bbox 1446 1607 1598 1673; x_wconf 78' lang='lat' dir='ltr'><strong>Quod</strong></span> <span class='ocrx_word' id='word_1_113' title='bbox 1628 1608 1863 1661; x_wconf 82' lang='lat' dir='ltr'><strong>nascitur</strong></span> <span class='ocrx_word' id='word_1_114' title='bbox 1883 1622 1946 1660; x_wconf 77' lang='lat' dir='ltr'><strong>ex</strong></span> <span class='ocrx_word' id='word_1_115' title='bbox 1967 1621 2140 1666; x_wconf 86' lang='lat' dir='ltr'><strong>carne,</strong></span> 
     </span>
    </p>
   </div>
   <div class='ocr_carea' id='block_1_17' title="bbox 557 1693 2144 1771">
    <p class='ocr_par' dir='ltr' id='par_1_17' title="bbox 557 1693 2144 1771">
     <span class='ocr_line' id='line_1_17' title="bbox 557 1693 2144 1771; baseline -0.005 -17"><span class='ocrx_word' id='word_1_116' title='bbox 557 1716 678 1754; x_wconf 81' lang='lat' dir='ltr'><strong>caro</strong></span> <span class='ocrx_word' id='word_1_117' title='bbox 695 1710 789 1762; x_wconf 91' lang='lat' dir='ltr'><strong>est,</strong></span> <span class='ocrx_word' id='word_1_118' title='bbox 814 1710 860 1753; x_wconf 89' lang='lat' dir='ltr'><strong>et</strong></span> <span class='ocrx_word' id='word_1_119' title='bbox 898 1701 1038 1771; x_wconf 85' lang='lat' dir='ltr'><strong>quod</strong></span> <span class='ocrx_word' id='word_1_120' title='bbox 1080 1702 1315 1752; x_wconf 68' lang='lat' dir='ltr'><strong>nascitur</strong></span> <span class='ocrx_word' id='word_1_121' title='bbox 1352 1713 1417 1751; x_wconf 85' lang='lat' dir='ltr'><strong>ea:</strong></span> <span class='ocrx_word' id='word_1_122' title='bbox 1439 1698 1650 1763; x_wconf 75' lang='lat' dir='ltr'><strong>spiritu,</strong></span> <span class='ocrx_word' id='word_1_123' title='bbox 1687 1696 1899 1764; x_wconf 79' lang='lat' dir='ltr'><strong>spiritus</strong></span> <span class='ocrx_word' id='word_1_124' title='bbox 1938 1704 2031 1748; x_wconf 83' lang='lat' dir='ltr'><strong>est.</strong></span> <span class='ocrx_word' id='word_1_125' title='bbox 2068 1693 2144 1747; x_wconf 74' lang='lat' dir='ltr'><strong>Ex</strong></span> 
     </span>
    </p>
   </div>
   <div class='ocr_carea' id='block_1_18' title="bbox 559 1788 2147 1860">
    <p class='ocr_par' dir='ltr' id='par_1_18' title="bbox 559 1788 2147 1860">
     <span class='ocr_line' id='line_1_18' title="bbox 559 1788 2147 1860; baseline -0.004 -14"><span class='ocrx_word' id='word_1_126' title='bbox 559 1790 778 1847; x_wconf 88' lang='lat' dir='ltr'><strong>homine</strong></span> <span class='ocrx_word' id='word_1_127' title='bbox 803 1792 947 1847; x_wconf 89' lang='lat' dir='ltr'><strong>enim</strong></span> <span class='ocrx_word' id='word_1_128' title='bbox 980 1792 1205 1855; x_wconf 85' lang='lat' dir='ltr'><strong>carnali,</strong></span> <span class='ocrx_word' id='word_1_129' title='bbox 1238 1791 1477 1844; x_wconf 88' lang='lat' dir='ltr'><strong>nascitur</strong></span> <span class='ocrx_word' id='word_1_130' title='bbox 1508 1805 1603 1860; x_wconf 91' lang='lat' dir='ltr'><strong>per</strong></span> <span class='ocrx_word' id='word_1_131' title='bbox 1641 1788 1912 1844; x_wconf 88' lang='lat' dir='ltr'><strong>carnalem</strong></span> <span class='ocrx_word' id='word_1_132' title='bbox 1944 1802 2147 1842; x_wconf 85' lang='lat' dir='ltr'><strong>concu-</strong></span> 
     </span>
    </p>
   </div>
   <div class='ocr_carea' id='block_1_19' title="bbox 556 1882 2146 1956">
    <p class='ocr_par' dir='ltr' id='par_1_19' title="bbox 556 1882 2146 1956">
     <span class='ocr_line' id='line_1_19' title="bbox 556 1882 2146 1956; baseline -0.004 -15"><span class='ocrx_word' id='word_1_133' title='bbox 556 1885 879 1956; x_wconf 85' lang='lat' dir='ltr'><strong>piscentiatn</strong></span> <span class='ocrx_word' id='word_1_134' title='bbox 930 1885 1093 1939; x_wconf 87' lang='lat' dir='ltr'><strong>homo</strong></span> <span class='ocrx_word' id='word_1_135' title='bbox 1141 1882 1394 1938; x_wconf 75' lang='lat' dir='ltr'><strong>carnalis.</strong></span> <span class='ocrx_word' id='word_1_136' title='bbox 1428 1882 1503 1937; x_wconf 74' lang='lat' dir='ltr'><strong>Ex</strong></span> <span class='ocrx_word' id='word_1_137' title='bbox 1549 1882 1753 1951; x_wconf 81' lang='lat' dir='ltr'><strong>Spiritu</strong></span> <span class='ocrx_word' id='word_1_138' title='bbox 1799 1895 1926 1936; x_wconf 91' lang='lat' dir='ltr'><strong>vero</strong></span> <span class='ocrx_word' id='word_1_139' title='bbox 1958 1888 2146 1934; x_wconf 84' lang='lat' dir='ltr'><strong>sancto</strong></span> 
     </span>
    </p>
   </div>
   <div class='ocr_carea' id='block_1_20' title="bbox 563 1968 2148 2044">
    <p class='ocr_par' dir='ltr' id='par_1_20' title="bbox 563 1968 2148 2044">
     <span class='ocr_line' id='line_1_20' title="bbox 563 1968 2148 2044; baseline -0.005 -15"><span class='ocrx_word' id='word_1_140' title='bbox 563 1975 812 2029; x_wconf 84' lang='lat' dir='ltr'><strong>nascitur</strong></span> <span class='ocrx_word' id='word_1_141' title='bbox 858 1990 952 2043; x_wconf 87' lang='lat' dir='ltr'><strong>per</strong></span> <span class='ocrx_word' id='word_1_142' title='bbox 1001 1974 1325 2044; x_wconf 77' lang='lat' dir='ltr'><strong>baptismum</strong></span> <span class='ocrx_word' id='word_1_143' title='bbox 1362 1973 1520 2026; x_wconf 85' lang='lat' dir='ltr'><strong>homo</strong></span> <span class='ocrx_word' id='word_1_144' title='bbox 1549 1969 1863 2041; x_wconf 80' lang='lat' dir='ltr'><strong>spiritualis.</strong></span> <span class='ocrx_word' id='word_1_145' title='bbox 1899 1968 2004 2023; x_wconf 81' lang='lat' dir='ltr'><strong>Per</strong></span> <span class='ocrx_word' id='word_1_146' title='bbox 2039 1969 2148 2040; x_wconf 83' lang='lat' dir='ltr'><strong>pri-</strong></span> 
     </span>
    </p>
   </div>
   <div class='ocr_carea' id='block_1_21' title="bbox 558 2061 2142 2124">
    <p class='ocr_par' dir='ltr' id='par_1_21' title="bbox 558 2061 2142 2124">
     <span class='ocr_line' id='line_1_21' title="bbox 558 2061 2142 2124; baseline -0.006 -1"><span class='ocrx_word' id='word_1_147' title='bbox 558 2083 702 2124; x_wconf 86' lang='lat' dir='ltr'><strong>mam</strong></span> <span class='ocrx_word' id='word_1_148' title='bbox 729 2066 1065 2121; x_wconf 66' lang='lat' dir='ltr'><strong>nativitatem</strong></span> <span class='ocrx_word' id='word_1_149' title='bbox 1097 2066 1369 2120; x_wconf 89' lang='lat' dir='ltr'><strong>nascimur</strong></span> <span class='ocrx_word' id='word_1_150' title='bbox 1391 2063 1485 2117; x_wconf 79' lang='lat' dir='ltr'><strong>ﬁlii</strong></span> <span class='ocrx_word' id='word_1_151' title='bbox 1518 2063 1750 2117; x_wconf 89' lang='lat' dir='ltr'><strong>hominis</strong></span> <span class='ocrx_word' id='word_1_152' title='bbox 1778 2061 1973 2116; x_wconf 88' lang='lat' dir='ltr'><strong>veteris</strong></span> <span class='ocrx_word' id='word_1_153' title='bbox 1994 2061 2142 2124; x_wconf 76' lang='lat' dir='ltr'><strong>Athe,</strong></span> 
     </span>
    </p>
   </div>
   <div class='ocr_carea' id='block_1_22' title="bbox 555 2152 2143 2229">
    <p class='ocr_par' dir='ltr' id='par_1_22' title="bbox 555 2152 2143 2229">
     <span class='ocr_line' id='line_1_22' title="bbox 555 2152 2143 2229; baseline -0.004 -18"><span class='ocrx_word' id='word_1_154' title='bbox 555 2171 653 2229; x_wconf 90' lang='lat' dir='ltr'><strong>per</strong></span> <span class='ocrx_word' id='word_1_155' title='bbox 676 2156 964 2212; x_wconf 88' lang='lat' dir='ltr'><strong>secumlatn</strong></span> <span class='ocrx_word' id='word_1_156' title='bbox 997 2155 1335 2209; x_wconf 87' lang='lat' dir='ltr'><strong>renascimur</strong></span> <span class='ocrx_word' id='word_1_157' title='bbox 1360 2154 1453 2207; x_wconf 87' lang='lat' dir='ltr'><strong>lilii</strong></span> <span class='ocrx_word' id='word_1_158' title='bbox 1503 2154 1622 2207; x_wconf 91' lang='lat' dir='ltr'><strong>novi</strong></span> <span class='ocrx_word' id='word_1_159' title='bbox 1658 2154 1892 2208; x_wconf 89' lang='lat' dir='ltr'><strong>hominis</strong></span> <span class='ocrx_word' id='word_1_160' title='bbox 1917 2152 2143 2208; x_wconf 80' lang='lat' dir='ltr'><strong>Christi.</strong></span> 
     </span>
    </p>
   </div>
   <div class='ocr_carea' id='block_1_23' title="bbox 538 2242 2143 2315">
    <p class='ocr_par' dir='ltr' id='par_1_23' title="bbox 538 2242 2143 2315">
     <span class='ocr_line' id='line_1_23' title="bbox 538 2242 2143 2315; baseline -0.004 -14"><span class='ocrx_word' id='word_1_161' title='bbox 538 2243 803 2301; x_wconf 84' lang='lat' dir='ltr'><strong>Catualis</strong></span> <span class='ocrx_word' id='word_1_162' title='bbox 848 2246 1015 2299; x_wconf 86' lang='lat' dir='ltr'><strong>etiam</strong></span> <span class='ocrx_word' id='word_1_163' title='bbox 1060 2243 1316 2298; x_wconf 89' lang='lat' dir='ltr'><strong>uativitas</strong></span> <span class='ocrx_word' id='word_1_164' title='bbox 1358 2253 1441 2298; x_wconf 89' lang='lat' dir='ltr'><strong>est</strong></span> <span class='ocrx_word' id='word_1_165' title='bbox 1477 2252 1718 2313; x_wconf 89' lang='lat' dir='ltr'><strong>tempore</strong></span> <span class='ocrx_word' id='word_1_166' title='bbox 1766 2243 1934 2315; x_wconf 88' lang='lat' dir='ltr'><strong>prior,</strong></span> <span class='ocrx_word' id='word_1_167' title='bbox 1982 2242 2143 2313; x_wconf 89' lang='lat' dir='ltr'><strong>spiri-</strong></span> 
     </span>
    </p>
   </div>
   <div class='ocr_carea' id='block_1_24' title="bbox 555 2334 2146 2408">
    <p class='ocr_par' dir='ltr' id='par_1_24' title="bbox 555 2334 2146 2408">
     <span class='ocr_line' id='line_1_24' title="bbox 555 2334 2146 2408; baseline 0 -18"><span class='ocrx_word' id='word_1_168' title='bbox 555 2338 716 2393; x_wconf 84' lang='lat' dir='ltr'><strong>tualis</strong></span> <span class='ocrx_word' id='word_1_169' title='bbox 763 2338 1045 2408; x_wconf 86' lang='lat' dir='ltr'><strong>posterior.</strong></span> <span class='ocrx_word' id='word_1_170' title='bbox 1108 2336 1373 2403; x_wconf 86' lang='lat' dir='ltr'><strong>Quoniam</strong></span> <span class='ocrx_word' id='word_1_171' title='bbox 1426 2336 1528 2391; x_wconf 91' lang='lat' dir='ltr'><strong>nisi</strong></span> <span class='ocrx_word' id='word_1_172' title='bbox 1568 2334 1729 2391; x_wconf 85' lang='lat' dir='ltr'><strong>fuerit</strong></span> <span class='ocrx_word' id='word_1_173' title='bbox 1786 2336 1936 2407; x_wconf 72' lang='lat' dir='ltr'><strong>prius</strong></span> <span class='ocrx_word' id='word_1_174' title='bbox 1987 2346 2146 2391; x_wconf 86' lang='lat' dir='ltr'><strong>natus</strong></span> 
     </span>
    </p>
   </div>
   <div class='ocr_carea' id='block_1_25' title="bbox 556 2430 2147 2501">
    <p class='ocr_par' dir='ltr' id='par_1_25' title="bbox 556 2430 2147 2501">
     <span class='ocr_line' id='line_1_25' title="bbox 556 2430 2147 2501; baseline -0.003 -13"><span class='ocrx_word' id='word_1_175' title='bbox 556 2433 720 2488; x_wconf 87' lang='lat' dir='ltr'><strong>homo</strong></span> <span class='ocrx_word' id='word_1_176' title='bbox 762 2431 1053 2487; x_wconf 85' lang='lat' dir='ltr'><strong>carnaliter</strong></span> <span class='ocrx_word' id='word_1_177' title='bbox 1089 2446 1155 2486; x_wconf 77' lang='lat' dir='ltr'><strong>ex</strong></span> <span class='ocrx_word' id='word_1_178' title='bbox 1199 2431 1392 2494; x_wconf 80' lang='lat' dir='ltr'><strong>Adam,</strong></span> <span class='ocrx_word' id='word_1_179' title='bbox 1424 2446 1529 2485; x_wconf 91' lang='lat' dir='ltr'><strong>non</strong></span> <span class='ocrx_word' id='word_1_180' title='bbox 1574 2440 1753 2501; x_wconf 78' lang='lat' dir='ltr'><strong>potest</strong></span> <span class='ocrx_word' id='word_1_181' title='bbox 1795 2430 2147 2501; x_wconf 82' lang='lat' dir='ltr'><strong>spiritualiter</strong></span> 
     </span>
    </p>
   </div>
   <div class='ocr_carea' id='block_1_26' title="bbox 555 2520 2143 2593">
    <p class='ocr_par' dir='ltr' id='par_1_26' title="bbox 555 2520 2143 2593">
     <span class='ocr_line' id='line_1_26' title="bbox 555 2520 2143 2593; baseline -0.003 -14"><span class='ocrx_word' id='word_1_182' title='bbox 555 2523 705 2579; x_wconf 85' lang='lat' dir='ltr'><strong>nasci</strong></span> <span class='ocrx_word' id='word_1_183' title='bbox 734 2538 800 2578; x_wconf 84' lang='lat' dir='ltr'><strong>ex</strong></span> <span class='ocrx_word' id='word_1_184' title='bbox 825 2524 1062 2579; x_wconf 87' lang='lat' dir='ltr'><strong>Christo.</strong></span> <span class='ocrx_word' id='word_1_185' title='bbox 1088 2522 1238 2578; x_wconf 86' lang='lat' dir='ltr'><strong>Unde</strong></span> <span class='ocrx_word' id='word_1_186' title='bbox 1260 2521 1545 2593; x_wconf 76' lang='lat' dir='ltr'><strong>Apostolus</strong></span> <span class='ocrx_word' id='word_1_187' title='bbox 1573 2539 1588 2578; x_wconf 85' lang='lat'><strong>:</strong></span> <span class='ocrx_word' id='word_1_188' title='bbox 1611 2520 1735 2576; x_wconf 89' lang='lat' dir='ltr'><strong>Non</strong></span> <span class='ocrx_word' id='word_1_189' title='bbox 1756 2521 1920 2587; x_wconf 88' lang='lat' dir='ltr'><strong>enim,</strong></span> <span class='ocrx_word' id='word_1_190' title='bbox 1950 2522 2143 2593; x_wconf 89' lang='lat' dir='ltr'><strong>inquit,</strong></span> 
     </span>
    </p>
   </div>
   <div class='ocr_carea' id='block_1_27' title="bbox 559 2614 2145 2685">
    <p class='ocr_par' dir='ltr' id='par_1_27' title="bbox 559 2614 2145 2685">
     <span class='ocr_line' id='line_1_27' title="bbox 559 2614 2145 2685; baseline -0.003 -16"><span class='ocrx_word' id='word_1_191' title='bbox 559 2624 633 2669; x_wconf 83' lang='lat' dir='ltr'><strong>est</strong></span> <span class='ocrx_word' id='word_1_192' title='bbox 674 2614 821 2683; x_wconf 61' lang='lat' dir='ltr'><strong>prius</strong></span> <span class='ocrx_word' id='word_1_193' title='bbox 850 2615 989 2685; x_wconf 85' lang='lat' dir='ltr'><strong>quod</strong></span> <span class='ocrx_word' id='word_1_194' title='bbox 1032 2624 1105 2668; x_wconf 83' lang='lat' dir='ltr'><strong>est</strong></span> <span class='ocrx_word' id='word_1_195' title='bbox 1140 2614 1446 2684; x_wconf 80' lang='lat' dir='ltr'><strong>spirituule;</strong></span> <span class='ocrx_word' id='word_1_196' title='bbox 1480 2614 1585 2666; x_wconf 83' lang='lat' dir='ltr'><strong>imo</strong></span> <span class='ocrx_word' id='word_1_197' title='bbox 1610 2614 1759 2683; x_wconf 85' lang='lat' dir='ltr'><strong>prius</strong></span> <span class='ocrx_word' id='word_1_198' title='bbox 1790 2622 1866 2666; x_wconf 88' lang='lat' dir='ltr'><strong>est</strong></span> <span class='ocrx_word' id='word_1_199' title='bbox 1904 2615 2041 2684; x_wconf 86' lang='lat' dir='ltr'><strong>quod</strong></span> <span class='ocrx_word' id='word_1_200' title='bbox 2072 2620 2145 2665; x_wconf 88' lang='lat' dir='ltr'><strong>est</strong></span> 
     </span>
    </p>
   </div>
   <div class='ocr_carea' id='block_1_28' title="bbox 555 2701 2146 2774">
    <p class='ocr_par' dir='ltr' id='par_1_28' title="bbox 555 2701 2146 2774">
     <span class='ocr_line' id='line_1_28' title="bbox 555 2701 2146 2774; baseline -0.001 -16"><span class='ocrx_word' id='word_1_201' title='bbox 555 2702 807 2769; x_wconf 80' lang='lat' dir='ltr'><strong>animale,</strong></span> <span class='ocrx_word' id='word_1_202' title='bbox 842 2704 1029 2758; x_wconf 86' lang='lat' dir='ltr'><strong>deinde</strong></span> <span class='ocrx_word' id='word_1_203' title='bbox 1051 2704 1189 2774; x_wconf 89' lang='lat' dir='ltr'><strong>quod</strong></span> <span class='ocrx_word' id='word_1_204' title='bbox 1216 2713 1290 2756; x_wconf 88' lang='lat' dir='ltr'><strong>est</strong></span> <span class='ocrx_word' id='word_1_205' title='bbox 1315 2701 1589 2766; x_wconf 82' lang='lat' dir='ltr'><strong>spirituale</strong></span> <span class='ocrx_word' id='word_1_206' title='bbox 1618 2701 1669 2773; x_wconf 97' lang='lat' dir='ltr'><strong>(I</strong></span> <span class='ocrx_word' id='word_1_207' title='bbox 1705 2701 1824 2757; x_wconf 87' lang='lat' dir='ltr'><strong>Cor.</strong></span> <span class='ocrx_word' id='word_1_208' title='bbox 1862 2703 1971 2772; x_wconf 79' lang='lat' dir='ltr'><strong>xv).</strong></span> <span class='ocrx_word' id='word_1_209' title='bbox 2010 2702 2146 2757; x_wconf 91' lang='lat' dir='ltr'><strong>llinc</strong></span> 
     </span>
    </p>
   </div>
   <div class='ocr_carea' id='block_1_29' title="bbox 555 2796 2145 2868">
    <p class='ocr_par' dir='ltr' id='par_1_29' title="bbox 555 2796 2145 2868">
     <span class='ocr_line' id='line_1_29' title="bbox 555 2796 2145 2868; baseline -0.002 -16"><span class='ocrx_word' id='word_1_210' title='bbox 555 2807 639 2854; x_wconf 84' lang='lat' dir='ltr'><strong>est</strong></span> <span class='ocrx_word' id='word_1_211' title='bbox 656 2797 798 2868; x_wconf 89' lang='lat' dir='ltr'><strong>quod</strong></span> <span class='ocrx_word' id='word_1_212' title='bbox 830 2796 1008 2853; x_wconf 83' lang='lat' dir='ltr'><strong>infans</strong></span> <span class='ocrx_word' id='word_1_213' title='bbox 1034 2798 1086 2851; x_wconf 92' lang='lat' dir='ltr'><strong>in</strong></span> <span class='ocrx_word' id='word_1_214' title='bbox 1113 2807 1266 2851; x_wconf 88' lang='lat' dir='ltr'><strong>utero</strong></span> <span class='ocrx_word' id='word_1_215' title='bbox 1279 2797 1467 2851; x_wconf 77' lang='lat' dir='ltr'><strong>nutris</strong></span> <span class='ocrx_word' id='word_1_216' title='bbox 1485 2812 1591 2851; x_wconf 91' lang='lat' dir='ltr'><strong>non</strong></span> <span class='ocrx_word' id='word_1_217' title='bbox 1618 2805 1795 2867; x_wconf 89' lang='lat' dir='ltr'><strong>potest</strong></span> <span class='ocrx_word' id='word_1_218' title='bbox 1818 2796 2145 2868; x_wconf 84' lang='lat' dir='ltr'><strong>regenerari.</strong></span> 
     </span>
    </p>
   </div>
   <div class='ocr_carea' id='block_1_30' title="bbox 553 2885 2146 2958">
    <p class='ocr_par' dir='ltr' id='par_1_30' title="bbox 553 2885 2146 2958">
     <span class='ocr_line' id='line_1_30' title="bbox 553 2885 2146 2958; baseline -0.002 -14"><span class='ocrx_word' id='word_1_219' title='bbox 553 2887 750 2944; x_wconf 81' lang='lat' dir='ltr'><strong>Postea</strong></span> <span class='ocrx_word' id='word_1_220' title='bbox 819 2888 1155 2943; x_wconf 89' lang='lat' dir='ltr'><strong>demonstrat</strong></span> <span class='ocrx_word' id='word_1_221' title='bbox 1227 2886 1441 2957; x_wconf 90' lang='lat' dir='ltr'><strong>qualem</strong></span> <span class='ocrx_word' id='word_1_222' title='bbox 1509 2885 1807 2957; x_wconf 89' lang='lat' dir='ltr'><strong>spiritualis</strong></span> <span class='ocrx_word' id='word_1_223' title='bbox 1869 2886 2146 2958; x_wconf 72' lang='lat' dir='ltr'><strong>generatio</strong></span> 
     </span>
    </p>
   </div>
   <div class='ocr_carea' id='block_1_31' title="bbox 553 2974 2141 3045">
    <p class='ocr_par' dir='ltr' id='par_1_31' title="bbox 553 2974 2141 3045">
     <span class='ocr_line' id='line_1_31' title="bbox 553 2974 2141 3045; baseline 0 -14"><span class='ocrx_word' id='word_1_224' title='bbox 553 2975 771 3041; x_wconf 79' lang='lat' dir='ltr'><strong>eﬂiciat,</strong></span> <span class='ocrx_word' id='word_1_225' title='bbox 803 2992 928 3033; x_wconf 90' lang='lat' dir='ltr'><strong>cum</strong></span> <span class='ocrx_word' id='word_1_226' title='bbox 974 2976 1153 3032; x_wconf 86' lang='lat' dir='ltr'><strong>subdit</strong></span> <span class='ocrx_word' id='word_1_227' title='bbox 1189 2994 1202 3030; x_wconf 91' lang='lat'><strong>:</strong></span> <span class='ocrx_word' id='word_1_228' title='bbox 1234 2974 1467 3045; x_wconf 77' lang='lat' dir='ltr'><strong>Spiritus</strong></span> <span class='ocrx_word' id='word_1_229' title='bbox 1506 2977 1643 3031; x_wconf 89' lang='lat' dir='ltr'><strong>enim</strong></span> <span class='ocrx_word' id='word_1_230' title='bbox 1692 2977 1779 3031; x_wconf 87' lang='lat' dir='ltr'><strong>ubi</strong></span> <span class='ocrx_word' id='word_1_231' title='bbox 1815 2976 1921 3031; x_wconf 79' lang='lat' dir='ltr'><strong>vult</strong></span> <span class='ocrx_word' id='word_1_232' title='bbox 1950 2977 2141 3045; x_wconf 86' lang='lat' dir='ltr'><strong>spirat,</strong></span> 
     </span>
    </p>
   </div>
   <div class='ocr_carea' id='block_1_32' title="bbox 558 3068 2144 3140">
    <p class='ocr_par' dir='ltr' id='par_1_32' title="bbox 558 3068 2144 3140">
     <span class='ocr_line' id='line_1_32' title="bbox 558 3068 2144 3140; baseline 0 -15"><span class='ocrx_word' id='word_1_233' title='bbox 558 3068 613 3125; x_wconf 86' lang='lat' dir='ltr'><strong>id</strong></span> <span class='ocrx_word' id='word_1_234' title='bbox 644 3081 726 3125; x_wconf 87' lang='lat' dir='ltr'><strong>est</strong></span> <span class='ocrx_word' id='word_1_235' title='bbox 755 3070 909 3140; x_wconf 85' lang='lat' dir='ltr'><strong>cujus</strong></span> <span class='ocrx_word' id='word_1_236' title='bbox 955 3086 1051 3126; x_wconf 89' lang='lat' dir='ltr'><strong>cor</strong></span> <span class='ocrx_word' id='word_1_237' title='bbox 1077 3070 1192 3124; x_wconf 85' lang='lat' dir='ltr'><strong>vult</strong></span> <span class='ocrx_word' id='word_1_238' title='bbox 1227 3070 1479 3126; x_wconf 85' lang='lat' dir='ltr'><strong>illustrat.</strong></span> <span class='ocrx_word' id='word_1_239' title='bbox 1512 3069 1579 3125; x_wconf 83' lang='lat' dir='ltr'><strong>Et</strong></span> <span class='ocrx_word' id='word_1_240' title='bbox 1608 3087 1777 3125; x_wconf 78' lang='lat' dir='ltr'><strong>rorem</strong></span> <span class='ocrx_word' id='word_1_241' title='bbox 1823 3071 1936 3140; x_wconf 88' lang='lat' dir='ltr'><strong>ejus</strong></span> <span class='ocrx_word' id='word_1_242' title='bbox 1967 3070 2144 3136; x_wconf 83' lang='lat' dir='ltr'><strong>audis,</strong></span> 
     </span>
    </p>
   </div>
   <div class='ocr_carea' id='block_1_33' title="bbox 557 3159 2143 3234">
    <p class='ocr_par' dir='ltr' id='par_1_33' title="bbox 557 3159 2143 3234">
     <span class='ocr_line' id='line_1_33' title="bbox 557 3159 2143 3234; baseline 0.003 -19"><span class='ocrx_word' id='word_1_243' title='bbox 557 3159 643 3217; x_wconf 87' lang='lat' dir='ltr'><strong>vel</strong></span> <span class='ocrx_word' id='word_1_244' title='bbox 679 3177 775 3232; x_wconf 90' lang='lat' dir='ltr'><strong>per</strong></span> <span class='ocrx_word' id='word_1_245' title='bbox 808 3161 1284 3232; x_wconf 73' lang='lat' dir='ltr'><strong>Scripturas,qu:e</strong></span> <span class='ocrx_word' id='word_1_246' title='bbox 1309 3162 1362 3218; x_wconf 94' lang='lat' dir='ltr'><strong>in</strong></span> <span class='ocrx_word' id='word_1_247' title='bbox 1396 3162 1601 3232; x_wconf 87' lang='lat' dir='ltr'><strong>Spiritu</strong></span> <span class='ocrx_word' id='word_1_248' title='bbox 1629 3162 1720 3217; x_wconf 87' lang='lat' dir='ltr'><strong>Dei</strong></span> <span class='ocrx_word' id='word_1_249' title='bbox 1756 3173 1881 3218; x_wconf 91' lang='lat' dir='ltr'><strong>sunt</strong></span> <span class='ocrx_word' id='word_1_250' title='bbox 1908 3164 2143 3234; x_wconf 64' lang='lat' dir='ltr'><strong>scripta,</strong></span> 
     </span>
    </p>
   </div>
   <div class='ocr_carea' id='block_1_34' title="bbox 556 3251 2141 3327">
    <p class='ocr_par' dir='ltr' id='par_1_34' title="bbox 556 3251 2141 3327">
     <span class='ocr_line' id='line_1_34' title="bbox 556 3251 2141 3327; baseline 0.005 -22"><span class='ocrx_word' id='word_1_251' title='bbox 556 3251 645 3308; x_wconf 76' lang='lat' dir='ltr'><strong>vel</strong></span> <span class='ocrx_word' id='word_1_252' title='bbox 695 3253 857 3309; x_wconf 89' lang='lat' dir='ltr'><strong>etiam</strong></span> <span class='ocrx_word' id='word_1_253' title='bbox 884 3269 981 3325; x_wconf 87' lang='lat' dir='ltr'><strong>per</strong></span> <span class='ocrx_word' id='word_1_254' title='bbox 1028 3255 1300 3311; x_wconf 88' lang='lat' dir='ltr'><strong>hominem</strong></span> <span class='ocrx_word' id='word_1_255' title='bbox 1341 3256 1393 3311; x_wconf 92' lang='lat' dir='ltr'><strong>in</strong></span> <span class='ocrx_word' id='word_1_256' title='bbox 1428 3254 1631 3326; x_wconf 87' lang='lat' dir='ltr'><strong>Spiritu</strong></span> <span class='ocrx_word' id='word_1_257' title='bbox 1669 3257 1761 3311; x_wconf 91' lang='lat' dir='ltr'><strong>Dei</strong></span> <span class='ocrx_word' id='word_1_258' title='bbox 1813 3255 2141 3327; x_wconf 84' lang='lat' dir='ltr'><strong>loquentem.</strong></span> 
     </span>
    </p>
   </div>
   <div class='ocr_carea' id='block_1_35' title="bbox 556 3341 2145 3419">
    <p class='ocr_par' dir='ltr' id='par_1_35' title="bbox 556 3341 2145 3419">
     <span class='ocr_line' id='line_1_35' title="bbox 556 3341 2145 3419; baseline 0.003 -21"><span class='ocrx_word' id='word_1_259' title='bbox 556 3341 626 3399; x_wconf 84' lang='lat' dir='ltr'><strong>Et</strong></span> <span class='ocrx_word' id='word_1_260' title='bbox 656 3345 821 3400; x_wconf 85' lang='lat' dir='ltr'><strong>nescis</strong></span> <span class='ocrx_word' id='word_1_261' title='bbox 855 3345 992 3400; x_wconf 87' lang='lat' dir='ltr'><strong>unde</strong></span> <span class='ocrx_word' id='word_1_262' title='bbox 1024 3347 1219 3411; x_wconf 80' lang='lat' dir='ltr'><strong>veniat,</strong></span> <span class='ocrx_word' id='word_1_263' title='bbox 1244 3348 1320 3402; x_wconf 83' lang='lat' dir='ltr'><strong>ref</strong></span> <span class='ocrx_word' id='word_1_264' title='bbox 1342 3364 1441 3419; x_wconf 84' lang='lat' dir='ltr'><strong>quo</strong></span> <span class='ocrx_word' id='word_1_265' title='bbox 1464 3348 1639 3412; x_wconf 85' lang='lat' dir='ltr'><strong>vadat,</strong></span> <span class='ocrx_word' id='word_1_266' title='bbox 1674 3347 1724 3401; x_wconf 89' lang='lat' dir='ltr'><strong>id</strong></span> <span class='ocrx_word' id='word_1_267' title='bbox 1753 3359 1835 3404; x_wconf 90' lang='lat' dir='ltr'><strong>est</strong></span> <span class='ocrx_word' id='word_1_268' title='bbox 1867 3359 1920 3403; x_wconf 88' lang='lat' dir='ltr'><strong>ttt</strong></span> <span class='ocrx_word' id='word_1_269' title='bbox 1952 3364 2145 3404; x_wconf 77' lang='lat' dir='ltr'><strong>carna~</strong></span> 
     </span>
    </p>
   </div>
   <div class='ocr_carea' id='block_1_36' title="bbox 555 3431 2143 3510">
    <p class='ocr_par' dir='ltr' id='par_1_36' title="bbox 555 3431 2143 3510">
     <span class='ocr_line' id='line_1_36' title="bbox 555 3431 2143 3510; baseline 0.006 -22"><span class='ocrx_word' id='word_1_270' title='bbox 555 3431 623 3490; x_wconf 79' lang='lat' dir='ltr'><strong>lis</strong></span> <span class='ocrx_word' id='word_1_271' title='bbox 664 3435 881 3507; x_wconf 86' lang='lat' dir='ltr'><strong>ignoras</strong></span> <span class='ocrx_word' id='word_1_272' title='bbox 913 3437 1054 3493; x_wconf 88' lang='lat' dir='ltr'><strong>ttnde</strong></span> <span class='ocrx_word' id='word_1_273' title='bbox 1089 3439 1261 3510; x_wconf 78' lang='lat' dir='ltr'><strong>gratia</strong></span> <span class='ocrx_word' id='word_1_274' title='bbox 1297 3438 1383 3493; x_wconf 88' lang='lat' dir='ltr'><strong>illa</strong></span> <span class='ocrx_word' id='word_1_275' title='bbox 1428 3438 1481 3493; x_wconf 89' lang='lat' dir='ltr'><strong>in</strong></span> <span class='ocrx_word' id='word_1_276' title='bbox 1512 3439 1783 3494; x_wconf 88' lang='lat' dir='ltr'><strong>hominem</strong></span> <span class='ocrx_word' id='word_1_277' title='bbox 1824 3442 2027 3507; x_wconf 81' lang='lat' dir='ltr'><strong>veniat,</strong></span> <span class='ocrx_word' id='word_1_278' title='bbox 2061 3442 2143 3497; x_wconf 89' lang='lat' dir='ltr'><strong>vel</strong></span> 
     </span>
    </p>
   </div>
   <div class='ocr_carea' id='block_1_37' title="bbox 558 3527 2146 3604">
    <p class='ocr_par' dir='ltr' id='par_1_37' title="bbox 558 3527 2146 3604">
     <span class='ocr_line' id='line_1_37' title="bbox 558 3527 2146 3604; baseline 0.004 -23"><span class='ocrx_word' id='word_1_279' title='bbox 558 3527 625 3583; x_wconf 89' lang='lat' dir='ltr'><strong>ad</strong></span> <span class='ocrx_word' id='word_1_280' title='bbox 650 3538 912 3599; x_wconf 87' lang='lat' dir='ltr'><strong>quantum</strong></span> <span class='ocrx_word' id='word_1_281' title='bbox 944 3529 1139 3583; x_wconf 89' lang='lat' dir='ltr'><strong>bonum</strong></span> <span class='ocrx_word' id='word_1_282' title='bbox 1174 3544 1296 3584; x_wconf 89' lang='lat' dir='ltr'><strong>eum</strong></span> <span class='ocrx_word' id='word_1_283' title='bbox 1342 3532 1524 3585; x_wconf 77' lang='lat' dir='ltr'><strong>ducat.</strong></span> <span class='ocrx_word' id='word_1_284' title='bbox 1556 3530 1644 3586; x_wconf 85' lang='lat' dir='ltr'><strong>Sic</strong></span> <span class='ocrx_word' id='word_1_285' title='bbox 1674 3544 1766 3598; x_wconf 89' lang='lat' dir='ltr'><strong>est,</strong></span> <span class='ocrx_word' id='word_1_286' title='bbox 1802 3532 1997 3604; x_wconf 87' lang='lat' dir='ltr'><strong>inquit,</strong></span> <span class='ocrx_word' id='word_1_287' title='bbox 2040 3551 2146 3588; x_wconf 87' lang='lat' dir='ltr'><strong>om-</strong></span> 
     </span>
    </p>
   </div>
   <div class='ocr_carea' id='block_1_38' title="bbox 555 3618 2142 3695">
    <p class='ocr_par' dir='ltr' id='par_1_38' title="bbox 555 3618 2142 3695">
     <span class='ocr_line' id='line_1_38' title="bbox 555 3618 2142 3695; baseline 0.003 -21"><span class='ocrx_word' id='word_1_288' title='bbox 555 3619 639 3674; x_wconf 73' lang='lat' dir='ltr'><strong>nis</strong></span> <span class='ocrx_word' id='word_1_289' title='bbox 661 3620 750 3678; x_wconf 86' lang='lat' dir='ltr'><strong>qui</strong></span> <span class='ocrx_word' id='word_1_290' title='bbox 770 3629 925 3675; x_wconf 86' lang='lat' dir='ltr'><strong>natus</strong></span> <span class='ocrx_word' id='word_1_291' title='bbox 945 3631 1018 3674; x_wconf 90' lang='lat' dir='ltr'><strong>est</strong></span> <span class='ocrx_word' id='word_1_292' title='bbox 1042 3636 1105 3674; x_wconf 84' lang='lat' dir='ltr'><strong>ea:</strong></span> <span class='ocrx_word' id='word_1_293' title='bbox 1128 3618 1349 3690; x_wconf 82' lang='lat' dir='ltr'><strong>Spiritu.</strong></span> <span class='ocrx_word' id='word_1_294' title='bbox 1370 3620 1554 3687; x_wconf 87' lang='lat' dir='ltr'><strong>Oualis</strong></span> <span class='ocrx_word' id='word_1_295' title='bbox 1577 3623 1775 3693; x_wconf 81' lang='lat' dir='ltr'><strong>quippe</strong></span> <span class='ocrx_word' id='word_1_296' title='bbox 1793 3626 1981 3695; x_wconf 87' lang='lat' dir='ltr'><strong>estSpi</strong></span> <span class='ocrx_word' id='word_1_297' title='bbox 1990 3626 2142 3691; x_wconf 89' lang='lat' dir='ltr'><strong>ritus,</strong></span> 
     </span>
    </p>
   </div>
   <div class='ocr_carea' id='block_1_39' title="bbox 557 3711 2146 3785">
    <p class='ocr_par' dir='ltr' id='par_1_39' title="bbox 557 3711 2146 3785">
     <span class='ocr_line' id='line_1_39' title="bbox 557 3711 2146 3785; baseline 0.009 -26"><span class='ocrx_word' id='word_1_298' title='bbox 557 3711 716 3766; x_wconf 87' lang='lat' dir='ltr'><strong>talem</strong></span> <span class='ocrx_word' id='word_1_299' title='bbox 742 3711 905 3766; x_wconf 70' lang='lat' dir='ltr'><strong>edicit.</strong></span> <span class='ocrx_word' id='word_1_300' title='bbox 932 3711 1079 3767; x_wconf 90' lang='lat' dir='ltr'><strong>illum</strong></span> <span class='ocrx_word' id='word_1_301' title='bbox 1109 3728 1267 3783; x_wconf 84' lang='lat' dir='ltr'><strong>quem</strong></span> <span class='ocrx_word' id='word_1_302' title='bbox 1295 3715 1517 3785; x_wconf 87' lang='lat' dir='ltr'><strong>aspirat.</strong></span> <span class='ocrx_word' id='word_1_303' title='bbox 1547 3714 1700 3771; x_wconf 80' lang='lat' dir='ltr'><strong>Sicut</strong></span> <span class='ocrx_word' id='word_1_304' title='bbox 1730 3718 1873 3772; x_wconf 86' lang='lat' dir='ltr'><strong>enim</strong></span> <span class='ocrx_word' id='word_1_305' title='bbox 1912 3716 2146 3781; x_wconf 80' lang='lat' dir='ltr'><strong>Spiritus</strong></span> 
     </span>
    </p>
   </div>
   <div class='ocr_carea' id='block_1_40' title="bbox 554 3802 2144 3875">
    <p class='ocr_par' dir='ltr' id='par_1_40' title="bbox 554 3802 2144 3875">
     <span class='ocr_line' id='line_1_40' title="bbox 554 3802 2144 3875; baseline 0.003 -15"><span class='ocrx_word' id='word_1_306' title='bbox 554 3813 639 3860; x_wconf 83' lang='lat' dir='ltr'><strong>est</strong></span> <span class='ocrx_word' id='word_1_307' title='bbox 668 3802 822 3871; x_wconf 83' lang='lat' dir='ltr'><strong>liber,</strong></span> <span class='ocrx_word' id='word_1_308' title='bbox 852 3806 1067 3875; x_wconf 74' lang='lat' dir='ltr'><strong>Spiraus</strong></span> <span class='ocrx_word' id='word_1_309' title='bbox 1095 3805 1183 3858; x_wconf 79' lang='lat' dir='ltr'><strong>tibi</strong></span> <span class='ocrx_word' id='word_1_310' title='bbox 1225 3804 1357 3871; x_wconf 85' lang='lat' dir='ltr'><strong>vult,</strong></span> <span class='ocrx_word' id='word_1_311' title='bbox 1393 3814 1465 3861; x_wconf 89' lang='lat' dir='ltr'><strong>tta</strong></span> <span class='ocrx_word' id='word_1_312' title='bbox 1500 3807 1631 3862; x_wconf 80' lang='lat' dir='ltr'><strong>facit</strong></span> <span class='ocrx_word' id='word_1_313' title='bbox 1663 3808 1939 3863; x_wconf 82' lang='lat' dir='ltr'><strong>hominem</strong></span> <span class='ocrx_word' id='word_1_314' title='bbox 1983 3826 2144 3865; x_wconf 88' lang='lat' dir='ltr'><strong>auem</strong></span> 
     </span>
    </p>
   </div>
   <div class='ocr_carea' id='block_1_41' title="bbox 554 3897 2147 3970">
    <p class='ocr_par' dir='ltr' id='par_1_41' title="bbox 554 3897 2147 3970">
     <span class='ocr_line' id='line_1_41' title="bbox 554 3897 2147 3970; baseline 0.004 -19"><span class='ocrx_word' id='word_1_315' title='bbox 554 3898 780 3966; x_wconf 89' lang='lat' dir='ltr'><strong>aspirat,</strong></span> <span class='ocrx_word' id='word_1_316' title='bbox 831 3897 1081 3962; x_wconf 88' lang='lat' dir='ltr'><strong>liberum,</strong></span> <span class='ocrx_word' id='word_1_317' title='bbox 1114 3897 1351 3954; x_wconf 88' lang='lat' dir='ltr'><strong>liberans</strong></span> <span class='ocrx_word' id='word_1_318' title='bbox 1407 3914 1504 3969; x_wconf 91' lang='lat' dir='ltr'><strong>per</strong></span> <span class='ocrx_word' id='word_1_319' title='bbox 1554 3903 1784 3970; x_wconf 76' lang='lat' dir='ltr'><strong>gratiam</strong></span> <span class='ocrx_word' id='word_1_320' title='bbox 1836 3901 1953 3970; x_wconf 80' lang='lat' dir='ltr'><strong>ejus</strong></span> <span class='ocrx_word' id='word_1_321' title='bbox 1997 3902 2147 3957; x_wconf 87' lang='lat' dir='ltr'><strong>arbi-</strong></span> 
     </span>
    </p>
   </div>
   <div class='ocr_carea' id='block_1_42' title="bbox 556 3996 2148 4068">
    <p class='ocr_par' dir='ltr' id='par_1_42' title="bbox 556 3996 2148 4068">
     <span class='ocr_line' id='line_1_42' title="bbox 556 3996 2148 4068; baseline 0.003 -17"><span class='ocrx_word' id='word_1_322' title='bbox 556 3997 741 4064; x_wconf 85' lang='lat' dir='ltr'><strong>trium,</strong></span> <span class='ocrx_word' id='word_1_323' title='bbox 777 4006 855 4064; x_wconf 94' lang='lat' dir='ltr'><strong>ut,</strong></span> <span class='ocrx_word' id='word_1_324' title='bbox 881 3998 1095 4067; x_wconf 85' lang='lat' dir='ltr'><strong>quando</strong></span> <span class='ocrx_word' id='word_1_325' title='bbox 1118 3996 1266 4059; x_wconf 88' lang='lat' dir='ltr'><strong>velit,</strong></span> <span class='ocrx_word' id='word_1_326' title='bbox 1301 3998 1473 4068; x_wconf 85' lang='lat' dir='ltr'><strong>possit</strong></span> <span class='ocrx_word' id='word_1_327' title='bbox 1503 3998 1681 4053; x_wconf 85' lang='lat' dir='ltr'><strong>facere</strong></span> <span class='ocrx_word' id='word_1_328' title='bbox 1711 4001 1933 4055; x_wconf 90' lang='lat' dir='ltr'><strong>bonum.</strong></span> <span class='ocrx_word' id='word_1_329' title='bbox 1977 4000 2148 4055; x_wconf 81' lang='lat' dir='ltr'><strong>Malus</strong></span> 
     </span>
    </p>
   </div>
   <div class='ocr_carea' id='block_1_43' title="bbox 561 4089 2142 4160">
    <p class='ocr_par' dir='ltr' id='par_1_43' title="bbox 561 4089 2142 4160">
     <span class='ocr_line' id='line_1_43' title="bbox 561 4089 2142 4160; baseline 0.004 -17"><span class='ocrx_word' id='word_1_330' title='bbox 561 4089 781 4160; x_wconf 87' lang='lat' dir='ltr'><strong>quippe,</strong></span> <span class='ocrx_word' id='word_1_331' title='bbox 819 4100 871 4145; x_wconf 92' lang='lat' dir='ltr'><strong>ct</strong></span> <span class='ocrx_word' id='word_1_332' title='bbox 902 4093 945 4145; x_wconf 89' lang='lat' dir='ltr'><strong>si</strong></span> <span class='ocrx_word' id='word_1_333' title='bbox 978 4092 1138 4146; x_wconf 88' lang='lat' dir='ltr'><strong>habet</strong></span> <span class='ocrx_word' id='word_1_334' title='bbox 1162 4092 1444 4148; x_wconf 89' lang='lat' dir='ltr'><strong>arbitrium</strong></span> <span class='ocrx_word' id='word_1_335' title='bbox 1474 4110 1501 4146; x_wconf 90' lang='lat' dir='ltr'><strong>a</strong></span> <span class='ocrx_word' id='word_1_336' title='bbox 1533 4094 1855 4149; x_wconf 88' lang='lat' dir='ltr'><strong>necessitate</strong></span> <span class='ocrx_word' id='word_1_337' title='bbox 1895 4095 2142 4160; x_wconf 89' lang='lat' dir='ltr'><strong>liberum,</strong></span> 
     </span>
    </p>
   </div>
   <div class='ocr_carea' id='block_1_44' title="bbox 562 4182 2147 4257">
    <p class='ocr_par' dir='ltr' id='par_1_44' title="bbox 562 4182 2147 4257">
     <span class='ocr_line' id='line_1_44' title="bbox 562 4182 2147 4257; baseline 0.004 -22"><span class='ocrx_word' id='word_1_338' title='bbox 562 4189 747 4235; x_wconf 87' lang='lat' dir='ltr'><strong>tamen</strong></span> <span class='ocrx_word' id='word_1_339' title='bbox 779 4196 880 4235; x_wconf 93' lang='lat' dir='ltr'><strong>nou</strong></span> <span class='ocrx_word' id='word_1_340' title='bbox 911 4182 1071 4236; x_wconf 89' lang='lat' dir='ltr'><strong>habet</strong></span> <span class='ocrx_word' id='word_1_341' title='bbox 1101 4182 1225 4237; x_wconf 86' lang='lat' dir='ltr'><strong>illud</strong></span> <span class='ocrx_word' id='word_1_342' title='bbox 1250 4201 1343 4254; x_wconf 88' lang='lat' dir='ltr'><strong>per</strong></span> <span class='ocrx_word' id='word_1_343' title='bbox 1380 4186 1610 4257; x_wconf 78' lang='lat' dir='ltr'><strong>gratiam</strong></span> <span class='ocrx_word' id='word_1_344' title='bbox 1643 4202 1670 4239; x_wconf 89' lang='lat' dir='ltr'><strong>a</strong></span> <span class='ocrx_word' id='word_1_345' title='bbox 1700 4197 1922 4256; x_wconf 89' lang='lat' dir='ltr'><strong>peccato</strong></span> <span class='ocrx_word' id='word_1_346' title='bbox 1947 4186 2147 4242; x_wconf 87' lang='lat' dir='ltr'><strong>libera-</strong></span> 
     </span>
    </p>
   </div>
   <div class='ocr_carea' id='block_1_45' title="bbox 557 4272 2147 4347">
    <p class='ocr_par' dir='ltr' id='par_1_45' title="bbox 557 4272 2147 4347">
     <span class='ocr_line' id='line_1_45' title="bbox 557 4272 2147 4347; baseline 0.006 -22"><span class='ocrx_word' id='word_1_347' title='bbox 557 4280 694 4328; x_wconf 90' lang='lat' dir='ltr'><strong>tum.</strong></span> <span class='ocrx_word' id='word_1_348' title='bbox 723 4272 875 4327; x_wconf 86' lang='lat' dir='ltr'><strong>Sicut</strong></span> <span class='ocrx_word' id='word_1_349' title='bbox 905 4288 1118 4343; x_wconf 87' lang='lat' dir='ltr'><strong>quoque</strong></span> <span class='ocrx_word' id='word_1_350' title='bbox 1145 4275 1382 4346; x_wconf 88' lang='lat' dir='ltr'><strong>Spiritus</strong></span> <span class='ocrx_word' id='word_1_351' title='bbox 1411 4292 1506 4347; x_wconf 84' lang='lat' dir='ltr'><strong>per</strong></span> <span class='ocrx_word' id='word_1_352' title='bbox 1528 4293 1715 4333; x_wconf 86' lang='lat' dir='ltr'><strong>vocent</strong></span> <span class='ocrx_word' id='word_1_353' title='bbox 1738 4294 1857 4334; x_wconf 88' lang='lat' dir='ltr'><strong>sese</strong></span> <span class='ocrx_word' id='word_1_354' title='bbox 1885 4280 2147 4345; x_wconf 89' lang='lat' dir='ltr'><strong>declarat,</strong></span> 
     </span>
    </p>
   </div>
   <div class='ocr_carea' id='block_1_46' title="bbox 555 4360 2147 4441">
    <p class='ocr_par' dir='ltr' id='par_1_46' title="bbox 555 4360 2147 4441">
     <span class='ocr_line' id='line_1_46' title="bbox 555 4360 2147 4441; baseline 0.004 -23"><span class='ocrx_word' id='word_1_355' title='bbox 555 4360 630 4418; x_wconf 85' lang='lat' dir='ltr'><strong>ita</strong></span> <span class='ocrx_word' id='word_1_356' title='bbox 648 4363 918 4418; x_wconf 85' lang='lat' dir='ltr'><strong>hominem</strong></span> <span class='ocrx_word' id='word_1_357' title='bbox 947 4380 1105 4434; x_wconf 87' lang='lat' dir='ltr'><strong>quem</strong></span> <span class='ocrx_word' id='word_1_358' title='bbox 1134 4366 1384 4431; x_wconf 70' lang='lat' dir='ltr'><strong>illustrat,</strong></span> <span class='ocrx_word' id='word_1_359' title='bbox 1410 4384 1506 4438; x_wconf 87' lang='lat' dir='ltr'><strong>per</strong></span> <span class='ocrx_word' id='word_1_360' title='bbox 1525 4368 1662 4423; x_wconf 90' lang='lat' dir='ltr'><strong>bona</strong></span> <span class='ocrx_word' id='word_1_361' title='bbox 1700 4369 1860 4423; x_wconf 89' lang='lat' dir='ltr'><strong>verba</strong></span> <span class='ocrx_word' id='word_1_362' title='bbox 1882 4379 1934 4423; x_wconf 91' lang='lat' dir='ltr'><strong>et</strong></span> <span class='ocrx_word' id='word_1_363' title='bbox 1959 4385 2147 4441; x_wconf 86' lang='lat' dir='ltr'><strong>opera,</strong></span> 
     </span>
    </p>
   </div>
   <div class='ocr_carea' id='block_1_47' title="bbox 563 4460 2148 4531">
    <p class='ocr_par' dir='ltr' id='par_1_47' title="bbox 563 4460 2148 4531">
     <span class='ocr_line' id='line_1_47' title="bbox 563 4460 2148 4531; baseline 0.008 -22"><span class='ocrx_word' id='word_1_364' title='bbox 563 4468 870 4528; x_wconf 63' lang='lat' dir='ltr'><strong>caeteraque</strong></span> <span class='ocrx_word' id='word_1_365' title='bbox 916 4460 1186 4513; x_wconf 72' lang='lat' dir='ltr'><strong>exteriora</strong></span> <span class='ocrx_word' id='word_1_366' title='bbox 1229 4461 1383 4531; x_wconf 84' lang='lat' dir='ltr'><strong>signa</strong></span> <span class='ocrx_word' id='word_1_367' title='bbox 1407 4462 1615 4531; x_wconf 88' lang='lat' dir='ltr'><strong>justum</strong></span> <span class='ocrx_word' id='word_1_368' title='bbox 1660 4478 1779 4517; x_wconf 87' lang='lat' dir='ltr'><strong>esse</strong></span> <span class='ocrx_word' id='word_1_369' title='bbox 1815 4462 2148 4521; x_wconf 81' lang='lat' dir='ltr'><strong>manifestat.</strong></span> 
     </span>
    </p>
   </div>
   <div class='ocr_carea' id='block_1_48' title="bbox 2241 560 3749 653">
    <p class='ocr_par' dir='ltr' id='par_1_48' title="bbox 2241 560 3749 653">
     <span class='ocr_line' id='line_1_48' title="bbox 2241 560 3749 653; baseline -0.015 -19"><span class='ocrx_word' id='word_1_370' title='bbox 2241 581 2441 653; x_wconf 79' lang='lat' dir='ltr'><strong>gradiri</strong></span> <span class='ocrx_word' id='word_1_371' title='bbox 2476 579 2763 631; x_wconf 89' lang='lat' dir='ltr'><strong>incurvum</strong></span> <span class='ocrx_word' id='word_1_372' title='bbox 2799 588 2949 628; x_wconf 89' lang='lat' dir='ltr'><strong>more</strong></span> <span class='ocrx_word' id='word_1_373' title='bbox 2974 570 3181 629; x_wconf 69' lang='lat' dir='ltr'><strong>bestim,</strong></span> <span class='ocrx_word' id='word_1_374' title='bbox 3202 577 3255 622; x_wconf 90' lang='lat' dir='ltr'><strong>et</strong></span> <span class='ocrx_word' id='word_1_375' title='bbox 3286 580 3391 617; x_wconf 90' lang='lat' dir='ltr'><strong>non</strong></span> <span class='ocrx_word' id='word_1_376' title='bbox 3422 560 3597 631; x_wconf 85' lang='lat' dir='ltr'><strong>potius</strong></span> <span class='ocrx_word' id='word_1_377' title='bbox 3622 571 3749 620; x_wconf 63' lang='lat' dir='ltr'><strong>rectum</strong></span> 
     </span>
    </p>
   </div>
   <div class='ocr_carea' id='block_1_49' title="bbox 2240 663 3748 733">
    <p class='ocr_par' dir='ltr' id='par_1_49' title="bbox 2240 663 3748 733">
     <span class='ocr_line' id='line_1_49' title="bbox 2240 663 3748 733; baseline -0.016 -6"><span class='ocrx_word' id='word_1_378' title='bbox 2240 685 2386 727; x_wconf 85' lang='lat' dir='ltr'><strong>stare</strong></span> <span class='ocrx_word' id='word_1_379' title='bbox 2425 670 2722 727; x_wconf 85' lang='lat' dir='ltr'><strong>hominem,</strong></span> <span class='ocrx_word' id='word_1_380' title='bbox 2768 676 2821 719; x_wconf 82' lang='lat' dir='ltr'><strong>ct</strong></span> <span class='ocrx_word' id='word_1_381' title='bbox 2877 679 3071 733; x_wconf 81' lang='lat' dir='ltr'><strong>sapere</strong></span> <span class='ocrx_word' id='word_1_382' title='bbox 3107 676 3229 730; x_wconf 76' lang='lat' dir='ltr'><strong>qua:</strong></span> <span class='ocrx_word' id='word_1_383' title='bbox 3278 669 3494 709; x_wconf 87' lang='lat' dir='ltr'><strong>sursum</strong></span> <span class='ocrx_word' id='word_1_384' title='bbox 3550 663 3748 711; x_wconf 69' lang='lat' dir='ltr'><strong>suntm</strong></span> 
     </span>
    </p>
   </div>
   <div class='ocr_carea' id='block_1_50' title="bbox 2240 749 3750 836">
    <p class='ocr_par' dir='ltr' id='par_1_50' title="bbox 2240 749 3750 836">
     <span class='ocr_line' id='line_1_50' title="bbox 2240 749 3750 836; baseline -0.016 -17"><span class='ocrx_word' id='word_1_385' title='bbox 2240 781 2359 836; x_wconf 81' lang='lat' dir='ltr'><strong>qtue</strong></span> <span class='ocrx_word' id='word_1_386' title='bbox 2388 778 2551 833; x_wconf 85' lang='lat' dir='ltr'><strong>super</strong></span> <span class='ocrx_word' id='word_1_387' title='bbox 2582 759 2821 815; x_wconf 84' lang='lat' dir='ltr'><strong>terram?</strong></span> <span class='ocrx_word' id='word_1_388' title='bbox 2871 756 3097 825; x_wconf 84' lang='lat' dir='ltr'><strong>(Coloss.</strong></span> <span class='ocrx_word' id='word_1_389' title='bbox 3151 752 3256 809; x_wconf 83' lang='lat' dir='ltr'><strong>tu.)</strong></span> <span class='ocrx_word' id='word_1_390' title='bbox 3304 749 3490 811; x_wconf 78' lang='lat' dir='ltr'><strong>Amen,</strong></span> <span class='ocrx_word' id='word_1_391' title='bbox 3536 762 3677 806; x_wconf 71' lang='lat' dir='ltr'><strong>mnta,</strong></span> <span class='ocrx_word' id='word_1_392' title='bbox 3706 750 3750 801; x_wconf 74' lang='lat' dir='ltr'><strong>in.</strong></span> 
     </span>
    </p>
   </div>
   <div class='ocr_carea' id='block_1_51' title="bbox 2242 841 3751 928">
    <p class='ocr_par' dir='ltr' id='par_1_51' title="bbox 2242 841 3751 928">
     <span class='ocr_line' id='line_1_51' title="bbox 2242 841 3751 928; baseline -0.013 -18"><span class='ocrx_word' id='word_1_393' title='bbox 2242 858 2380 928; x_wconf 90' lang='lat' dir='ltr'><strong>qttit,</strong></span> <span class='ocrx_word' id='word_1_394' title='bbox 2410 856 2531 908; x_wconf 84' lang='lat' dir='ltr'><strong>dico</strong></span> <span class='ocrx_word' id='word_1_395' title='bbox 2578 854 2673 905; x_wconf 70' lang='lat' dir='ltr'><strong>tibi</strong></span> <span class='ocrx_word' id='word_1_396' title='bbox 2700 851 2823 921; x_wconf 85' lang='lat' dir='ltr'><strong>quia</strong></span> <span class='ocrx_word' id='word_1_397' title='bbox 2863 849 3003 919; x_wconf 83' lang='lat' dir='ltr'><strong>quod</strong></span> <span class='ocrx_word' id='word_1_398' title='bbox 3042 848 3237 900; x_wconf 72' lang='lat' dir='ltr'><strong>scimus</strong></span> <span class='ocrx_word' id='word_1_399' title='bbox 3279 841 3575 910; x_wconf 85' lang='lat' dir='ltr'><strong>loquimur;</strong></span> <span class='ocrx_word' id='word_1_400' title='bbox 3615 844 3751 909; x_wconf 66' lang='lat' dir='ltr'><strong>etquod</strong></span> 
     </span>
    </p>
   </div>
   <div class='ocr_carea' id='block_1_52' title="bbox 2243 934 3753 1007">
    <p class='ocr_par' dir='ltr' id='par_1_52' title="bbox 2243 934 3753 1007">
     <span class='ocr_line' id='line_1_52' title="bbox 2243 934 3753 1007; baseline -0.011 -3"><span class='ocrx_word' id='word_1_401' title='bbox 2243 950 2465 1004; x_wconf 78' lang='lat' dir='ltr'><strong>vidimus</strong></span> <span class='ocrx_word' id='word_1_402' title='bbox 2492 946 2543 1000; x_wconf 89' lang='lat' dir='ltr'><strong>iu</strong></span> <span class='ocrx_word' id='word_1_403' title='bbox 2576 944 2801 1006; x_wconf 83' lang='lat' dir='ltr'><strong>occulto,</strong></span> <span class='ocrx_word' id='word_1_404' title='bbox 2841 950 3101 996; x_wconf 80' lang='lat' dir='ltr'><strong>testamur</strong></span> <span class='ocrx_word' id='word_1_405' title='bbox 3132 950 3312 1007; x_wconf 58' lang='lat' dir='ltr'><strong>aperte</strong></span> <span class='ocrx_word' id='word_1_406' title='bbox 3361 934 3499 1004; x_wconf 63' lang='grc'><strong>(49),</strong></span> <span class='ocrx_word' id='word_1_407' title='bbox 3524 943 3568 985; x_wconf 82' lang='lat' dir='ltr'><strong>et</strong></span> <span class='ocrx_word' id='word_1_408' title='bbox 3608 936 3753 987; x_wconf 67' lang='lat' dir='ltr'><strong>testina-</strong></span> 
     </span>
    </p>
   </div>
   <div class='ocr_carea' id='block_1_53' title="bbox 2245 1023 3755 1103">
    <p class='ocr_par' dir='ltr' id='par_1_53' title="bbox 2245 1023 3755 1103">
     <span class='ocr_line' id='line_1_53' title="bbox 2245 1023 3755 1103; baseline -0.013 -8"><span class='ocrx_word' id='word_1_409' title='bbox 2245 1041 2390 1095; x_wconf 89' lang='lat' dir='ltr'><strong>nium</strong></span> <span class='ocrx_word' id='word_1_410' title='bbox 2415 1050 2651 1091; x_wconf 87' lang='lat' dir='ltr'><strong>nostrum</strong></span> <span class='ocrx_word' id='word_1_411' title='bbox 2682 1052 2785 1089; x_wconf 89' lang='lat' dir='ltr'><strong>non</strong></span> <span class='ocrx_word' id='word_1_412' title='bbox 2810 1033 3067 1103; x_wconf 81' lang='lat' dir='ltr'><strong>accipitis.</strong></span> <span class='ocrx_word' id='word_1_413' title='bbox 3094 1029 3261 1093; x_wconf 87' lang='lat' dir='ltr'><strong>Idem,</strong></span> <span class='ocrx_word' id='word_1_414' title='bbox 3294 1028 3513 1084; x_wconf 86' lang='lat' dir='ltr'><strong>fratres,</strong></span> <span class='ocrx_word' id='word_1_415' title='bbox 3543 1023 3755 1077; x_wconf 63' lang='lat' dir='ltr'><strong>hodiernae</strong></span> 
     </span>
    </p>
   </div>
   <div class='ocr_carea' id='block_1_54' title="bbox 2249 1117 3753 1203">
    <p class='ocr_par' dir='ltr' id='par_1_54' title="bbox 2249 1117 3753 1203">
     <span class='ocr_line' id='line_1_54' title="bbox 2249 1117 3753 1203; baseline -0.011 -15"><span class='ocrx_word' id='word_1_416' title='bbox 2249 1132 2426 1203; x_wconf 87' lang='lat' dir='ltr'><strong>tingit,</strong></span> <span class='ocrx_word' id='word_1_417' title='bbox 2461 1132 2715 1202; x_wconf 91' lang='lat' dir='ltr'><strong>quoniant</strong></span> <span class='ocrx_word' id='word_1_418' title='bbox 2758 1143 2881 1183; x_wconf 90' lang='lat' dir='ltr'><strong>cum</strong></span> <span class='ocrx_word' id='word_1_419' title='bbox 2912 1122 3225 1196; x_wconf 87' lang='lat' dir='ltr'><strong>spirituales</strong></span> <span class='ocrx_word' id='word_1_420' title='bbox 3257 1117 3508 1190; x_wconf 75' lang='lat' dir='ltr'><strong>magistri</strong></span> <span class='ocrx_word' id='word_1_421' title='bbox 3551 1118 3753 1172; x_wconf 72' lang='lat' dir='ltr'><strong>doeeutta</strong></span> 
     </span>
    </p>
   </div>
   <div class='ocr_carea' id='block_1_55' title="bbox 2245 1212 3756 1297">
    <p class='ocr_par' dir='ltr' id='par_1_55' title="bbox 2245 1212 3756 1297">
     <span class='ocr_line' id='line_1_55' title="bbox 2245 1212 3756 1297; baseline -0.011 -17"><span class='ocrx_word' id='word_1_422' title='bbox 2245 1242 2365 1297; x_wconf 74' lang='lat' dir='ltr'><strong>qua:</strong></span> <span class='ocrx_word' id='word_1_423' title='bbox 2403 1224 2756 1295; x_wconf 75' lang='lat' dir='ltr'><strong>spiritualitcr</strong></span> <span class='ocrx_word' id='word_1_424' title='bbox 2800 1222 2997 1280; x_wconf 86' lang='lat' dir='ltr'><strong>sciunt,</strong></span> <span class='ocrx_word' id='word_1_425' title='bbox 3029 1227 3081 1272; x_wconf 84' lang='lat' dir='ltr'><strong>et</strong></span> <span class='ocrx_word' id='word_1_426' title='bbox 3111 1225 3392 1271; x_wconf 86' lang='lat' dir='ltr'><strong>testantur</strong></span> <span class='ocrx_word' id='word_1_427' title='bbox 3421 1228 3484 1264; x_wconf 86' lang='lat' dir='ltr'><strong>ca</strong></span> <span class='ocrx_word' id='word_1_428' title='bbox 3524 1225 3631 1278; x_wconf 75' lang='lat' dir='ltr'><strong>qua:</strong></span> <span class='ocrx_word' id='word_1_429' title='bbox 3658 1212 3756 1280; x_wconf 74' lang='lat' dir='ltr'><strong>spiri-</strong></span> 
     </span>
    </p>
   </div>
   <div class='ocr_carea' id='block_1_56' title="bbox 2248 1305 3753 1376">
    <p class='ocr_par' dir='ltr' id='par_1_56' title="bbox 2248 1305 3753 1376">
     <span class='ocr_line' id='line_1_56' title="bbox 2248 1305 3753 1376; baseline -0.01 -2"><span class='ocrx_word' id='word_1_430' title='bbox 2248 1318 2483 1376; x_wconf 81' lang='lat' dir='ltr'><strong>tttalihus</strong></span> <span class='ocrx_word' id='word_1_431' title='bbox 2546 1318 2717 1372; x_wconf 87' lang='lat' dir='ltr'><strong>oculis</strong></span> <span class='ocrx_word' id='word_1_432' title='bbox 2777 1316 3061 1375; x_wconf 82' lang='lat' dir='ltr'><strong>viderunt,</strong></span> <span class='ocrx_word' id='word_1_433' title='bbox 3114 1309 3382 1365; x_wconf 89' lang='lat' dir='ltr'><strong>bestiales</strong></span> <span class='ocrx_word' id='word_1_434' title='bbox 3442 1305 3661 1360; x_wconf 82' lang='lat' dir='ltr'><strong>homines</strong></span> <span class='ocrx_word' id='word_1_435' title='bbox 3692 1323 3753 1360; x_wconf 79' lang='lat' dir='ltr'><strong>uoti</strong></span> 
     </span>
    </p>
   </div>
   <div class='ocr_carea' id='block_1_57' title="bbox 2248 1400 3756 1468">
    <p class='ocr_par' dir='ltr' id='par_1_57' title="bbox 2248 1400 3756 1468">
     <span class='ocr_line' id='line_1_57' title="bbox 2248 1400 3756 1468; baseline -0.01 -1"><span class='ocrx_word' id='word_1_436' title='bbox 2248 1414 2477 1467; x_wconf 88' lang='lat' dir='ltr'><strong>credunt</strong></span> <span class='ocrx_word' id='word_1_437' title='bbox 2511 1407 2820 1464; x_wconf 82' lang='lat' dir='ltr'><strong>testimonio</strong></span> <span class='ocrx_word' id='word_1_438' title='bbox 2843 1422 3053 1461; x_wconf 88' lang='lat' dir='ltr'><strong>eorum.</strong></span> <span class='ocrx_word' id='word_1_439' title='bbox 3080 1402 3195 1457; x_wconf 76' lang='lat' dir='ltr'><strong>Non</strong></span> <span class='ocrx_word' id='word_1_440' title='bbox 3232 1401 3383 1455; x_wconf 86' lang='lat' dir='ltr'><strong>enim</strong></span> <span class='ocrx_word' id='word_1_441' title='bbox 3410 1400 3623 1453; x_wconf 79' lang='lat' dir='ltr'><strong>credunt</strong></span> <span class='ocrx_word' id='word_1_442' title='bbox 3645 1400 3756 1468; x_wconf 78' lang='lat' dir='ltr'><strong>aliqua</strong></span> 
     </span>
    </p>
   </div>
   <div class='ocr_carea' id='block_1_58' title="bbox 2247 1489 3756 1570">
    <p class='ocr_par' dir='ltr' id='par_1_58' title="bbox 2247 1489 3756 1570">
     <span class='ocr_line' id='line_1_58' title="bbox 2247 1489 3756 1570; baseline -0.011 -11"><span class='ocrx_word' id='word_1_443' title='bbox 2247 1519 2387 1569; x_wconf 87' lang='lat' dir='ltr'><strong>csse,</strong></span> <span class='ocrx_word' id='word_1_444' title='bbox 2430 1503 2532 1557; x_wconf 85' lang='lat' dir='ltr'><strong>nisi</strong></span> <span class='ocrx_word' id='word_1_445' title='bbox 2565 1516 2683 1570; x_wconf 76' lang='lat' dir='ltr'><strong>qua:</strong></span> <span class='ocrx_word' id='word_1_446' title='bbox 2728 1498 3039 1553; x_wconf 88' lang='lat' dir='ltr'><strong>carnalibus</strong></span> <span class='ocrx_word' id='word_1_447' title='bbox 3074 1493 3247 1549; x_wconf 89' lang='lat' dir='ltr'><strong>oculis</strong></span> <span class='ocrx_word' id='word_1_448' title='bbox 3279 1502 3509 1563; x_wconf 87' lang='lat' dir='ltr'><strong>possunt</strong></span> <span class='ocrx_word' id='word_1_449' title='bbox 3548 1490 3699 1543; x_wconf 77' lang='lat' dir='ltr'><strong>videre.</strong></span> <span class='ocrx_word' id='word_1_450' title='bbox 3717 1489 3756 1545; x_wconf 86' lang='lat' dir='ltr'><strong>Si</strong></span> 
     </span>
    </p>
   </div>
   <div class='ocr_carea' id='block_1_59' title="bbox 2247 1583 3757 1664">
    <p class='ocr_par' dir='ltr' id='par_1_59' title="bbox 2247 1583 3757 1664">
     <span class='ocr_line' id='line_1_59' title="bbox 2247 1583 3757 1664; baseline -0.009 -15"><span class='ocrx_word' id='word_1_451' title='bbox 2247 1596 2406 1659; x_wconf 82' lang='lat' dir='ltr'><strong>enim,</strong></span> <span class='ocrx_word' id='word_1_452' title='bbox 2434 1594 2629 1664; x_wconf 81' lang='lat' dir='ltr'><strong>inquit,</strong></span> <span class='ocrx_word' id='word_1_453' title='bbox 2657 1602 2861 1646; x_wconf 78' lang='lat' dir='ltr'><strong>terrena</strong></span> <span class='ocrx_word' id='word_1_454' title='bbox 2905 1589 3016 1642; x_wconf 75' lang='lat' dir='ltr'><strong>dixi</strong></span> <span class='ocrx_word' id='word_1_455' title='bbox 3064 1587 3232 1648; x_wconf 77' lang='lat' dir='ltr'><strong>vobis,</strong></span> <span class='ocrx_word' id='word_1_456' title='bbox 3263 1596 3312 1638; x_wconf 85' lang='lat' dir='ltr'><strong>et</strong></span> <span class='ocrx_word' id='word_1_457' title='bbox 3364 1600 3473 1636; x_wconf 85' lang='lat' dir='ltr'><strong>non</strong></span> <span class='ocrx_word' id='word_1_458' title='bbox 3519 1583 3699 1646; x_wconf 77' lang='lat' dir='ltr'><strong>creditis,</strong></span> <span class='ocrx_word' id='word_1_459' title='bbox 3724 1593 3757 1637; x_wconf 88' lang='lat' dir='ltr'><strong>ut</strong></span> 
     </span>
    </p>
   </div>
   <div class='ocr_carea' id='block_1_60' title="bbox 2250 1677 3758 1753">
    <p class='ocr_par' dir='ltr' id='par_1_60' title="bbox 2250 1677 3758 1753">
     <span class='ocr_line' id='line_1_60' title="bbox 2250 1677 3758 1753; baseline -0.009 -11"><span class='ocrx_word' id='word_1_460' title='bbox 2250 1687 2377 1743; x_wconf 91' lang='lat' dir='ltr'><strong>illud</strong></span> <span class='ocrx_word' id='word_1_461' title='bbox 2408 1702 2421 1741; x_wconf 89' lang='lat'>:</span> <span class='ocrx_word' id='word_1_462' title='bbox 2454 1685 2648 1740; x_wconf 81' lang='lat' dir='ltr'><strong>Solvite</strong></span> <span class='ocrx_word' id='word_1_463' title='bbox 2687 1683 2933 1753; x_wconf 78' lang='lat' dir='ltr'><strong>templum</strong></span> <span class='ocrx_word' id='word_1_464' title='bbox 2965 1684 3089 1743; x_wconf 84' lang='lat' dir='ltr'><strong>hoc,</strong></span> <span class='ocrx_word' id='word_1_465' title='bbox 3115 1690 3165 1733; x_wconf 87' lang='lat' dir='ltr'><strong>et</strong></span> <span class='ocrx_word' id='word_1_466' title='bbox 3196 1685 3251 1733; x_wconf 82' lang='lat' dir='ltr'><strong>in</strong></span> <span class='ocrx_word' id='word_1_467' title='bbox 3293 1678 3471 1731; x_wconf 88' lang='lat' dir='ltr'><strong>tribus</strong></span> <span class='ocrx_word' id='word_1_468' title='bbox 3509 1677 3661 1728; x_wconf 76' lang='lat' dir='ltr'><strong>diebus</strong></span> <span class='ocrx_word' id='word_1_469' title='bbox 3678 1679 3758 1729; x_wconf 69' lang='lat' dir='ltr'><strong>erci-</strong></span> 
     </span>
    </p>
   </div>
   <div class='ocr_carea' id='block_1_61' title="bbox 2248 1770 3758 1846">
    <p class='ocr_par' dir='ltr' id='par_1_61' title="bbox 2248 1770 3758 1846">
     <span class='ocr_line' id='line_1_61' title="bbox 2248 1770 3758 1846; baseline -0.008 -13"><span class='ocrx_word' id='word_1_470' title='bbox 2248 1780 2366 1833; x_wconf 88' lang='lat' dir='ltr'><strong>tabo</strong></span> <span class='ocrx_word' id='word_1_471' title='bbox 2396 1778 2528 1832; x_wconf 90' lang='lat' dir='ltr'><strong>illud</strong></span> <span class='ocrx_word' id='word_1_472' title='bbox 2556 1776 2734 1846; x_wconf 81' lang='lat' dir='ltr'><strong>(Juau.</strong></span> <span class='ocrx_word' id='word_1_473' title='bbox 2758 1775 2842 1846; x_wconf 89' lang='lat' dir='ltr'><strong>tt),</strong></span> <span class='ocrx_word' id='word_1_474' title='bbox 2872 1776 3131 1845; x_wconf 89' lang='lat' dir='ltr'><strong>quomodo</strong></span> <span class='ocrx_word' id='word_1_475' title='bbox 3152 1774 3195 1826; x_wconf 87' lang='lat' dir='ltr'><strong>si</strong></span> <span class='ocrx_word' id='word_1_476' title='bbox 3220 1772 3414 1824; x_wconf 73' lang='lat' dir='ltr'><strong>dixero</strong></span> <span class='ocrx_word' id='word_1_477' title='bbox 3439 1771 3578 1823; x_wconf 80' lang='lat' dir='ltr'><strong>robis</strong></span> <span class='ocrx_word' id='word_1_478' title='bbox 3595 1770 3758 1834; x_wconf 67' lang='lat' dir='ltr'><strong>caelestia,</strong></span> 
     </span>
    </p>
   </div>
   <div class='ocr_carea' id='block_1_62' title="bbox 2177 1857 3759 1933">
    <p class='ocr_par' dir='ltr' id='par_1_62' title="bbox 2177 1857 3759 1933">
     <span class='ocr_line' id='line_1_62' title="bbox 2177 1857 3759 1933; baseline -0.007 -4"><span class='ocrx_word' id='word_1_479' title='bbox 2177 1857 2221 1917; x_wconf 76' lang='grc' dir='ltr'><strong><em>Β</em></strong></span> <span class='ocrx_word' id='word_1_480' title='bbox 2250 1872 2510 1928; x_wconf 84' lang='lat' dir='ltr'><strong>credetis?</strong></span> <span class='ocrx_word' id='word_1_481' title='bbox 2534 1871 2628 1925; x_wconf 88' lang='lat' dir='ltr'><strong>Est</strong></span> <span class='ocrx_word' id='word_1_482' title='bbox 2661 1880 2841 1923; x_wconf 87' lang='lat' dir='ltr'><strong>autem</strong></span> <span class='ocrx_word' id='word_1_483' title='bbox 2872 1876 3253 1933; x_wconf 77' lang='lat' dir='ltr'><strong>argutnenttuu</strong></span> <span class='ocrx_word' id='word_1_484' title='bbox 3285 1880 3315 1918; x_wconf 90' lang='lat' dir='ltr'><strong>a</strong></span> <span class='ocrx_word' id='word_1_485' title='bbox 3340 1863 3563 1917; x_wconf 85' lang='lat' dir='ltr'><strong>minori.</strong></span> <span class='ocrx_word' id='word_1_486' title='bbox 3583 1860 3759 1929; x_wconf 75' lang='lat' dir='ltr'><strong>Quoniam</strong></span> 
     </span>
    </p>
   </div>
   <div class='ocr_carea' id='block_1_63' title="bbox 2247 1956 3760 2035">
    <p class='ocr_par' dir='ltr' id='par_1_63' title="bbox 2247 1956 3760 2035">
     <span class='ocr_line' id='line_1_63' title="bbox 2247 1956 3760 2035; baseline -0.005 -18"><span class='ocrx_word' id='word_1_487' title='bbox 2247 1964 2337 2035; x_wconf 91' lang='lat' dir='ltr'><strong>qui</strong></span> <span class='ocrx_word' id='word_1_488' title='bbox 2392 1978 2497 2017; x_wconf 92' lang='lat' dir='ltr'><strong>non</strong></span> <span class='ocrx_word' id='word_1_489' title='bbox 2552 1962 2727 2016; x_wconf 88' lang='lat' dir='ltr'><strong>credit</strong></span> <span class='ocrx_word' id='word_1_490' title='bbox 2761 1960 3017 2023; x_wconf 84' lang='lat' dir='ltr'><strong>terrenis,</strong></span> <span class='ocrx_word' id='word_1_491' title='bbox 3067 1973 3187 2027; x_wconf 65' lang='lat' dir='ltr'><strong>quae</strong></span> <span class='ocrx_word' id='word_1_492' title='bbox 3220 1973 3250 2010; x_wconf 89' lang='lat' dir='ltr'><strong>a</strong></span> <span class='ocrx_word' id='word_1_493' title='bbox 3304 1956 3526 2009; x_wconf 88' lang='lat' dir='ltr'><strong>ratione</strong></span> <span class='ocrx_word' id='word_1_494' title='bbox 3575 1956 3760 2009; x_wconf 77' lang='lat' dir='ltr'><strong>hominum</strong></span> 
     </span>
    </p>
   </div>
   <div class='ocr_carea' id='block_1_64' title="bbox 2248 2046 3759 2122">
    <p class='ocr_par' dir='ltr' id='par_1_64' title="bbox 2248 2046 3759 2122">
     <span class='ocr_line' id='line_1_64' title="bbox 2248 2046 3759 2122; baseline -0.005 -13"><span class='ocrx_word' id='word_1_495' title='bbox 2248 2065 2455 2110; x_wconf 87' lang='lat' dir='ltr'><strong>remota</strong></span> <span class='ocrx_word' id='word_1_496' title='bbox 2488 2070 2590 2107; x_wconf 91' lang='lat' dir='ltr'><strong>non</strong></span> <span class='ocrx_word' id='word_1_497' title='bbox 2640 2060 2784 2115; x_wconf 92' lang='lat' dir='ltr'><strong>sunt,</strong></span> <span class='ocrx_word' id='word_1_498' title='bbox 2816 2050 3089 2122; x_wconf 89' lang='lat' dir='ltr'><strong>quomodo</strong></span> <span class='ocrx_word' id='word_1_499' title='bbox 3119 2050 3309 2103; x_wconf 86' lang='lat' dir='ltr'><strong>credet</strong></span> <span class='ocrx_word' id='word_1_500' title='bbox 3357 2046 3667 2109; x_wconf 74' lang='lat' dir='ltr'><strong>C(BicSlilIltS,</strong></span> <span class='ocrx_word' id='word_1_501' title='bbox 3689 2063 3759 2115; x_wconf 71' lang='lat' dir='ltr'><strong>qua</strong></span> 
     </span>
    </p>
   </div>
   <div class='ocr_carea' id='block_1_65' title="bbox 2255 2136 3763 2201">
    <p class='ocr_par' dir='ltr' id='par_1_65' title="bbox 2255 2136 3763 2201">
     <span class='ocr_line' id='line_1_65' title="bbox 2255 2136 3763 2201; baseline -0.006 0"><span class='ocrx_word' id='word_1_502' title='bbox 2255 2145 2550 2201; x_wconf 89' lang='lat' dir='ltr'><strong>humanam</strong></span> <span class='ocrx_word' id='word_1_503' title='bbox 2580 2144 2843 2197; x_wconf 89' lang='lat' dir='ltr'><strong>rationem</strong></span> <span class='ocrx_word' id='word_1_504' title='bbox 2876 2139 3183 2197; x_wconf 77' lang='lat' dir='ltr'><strong>excedunt?</strong></span> <span class='ocrx_word' id='word_1_505' title='bbox 3212 2139 3390 2193; x_wconf 86' lang='lat' dir='ltr'><strong>Porro</strong></span> <span class='ocrx_word' id='word_1_506' title='bbox 3420 2136 3491 2192; x_wconf 84' lang='lat' dir='ltr'><strong>de</strong></span> <span class='ocrx_word' id='word_1_507' title='bbox 3519 2140 3763 2192; x_wconf 65' lang='lat' dir='ltr'><strong>Ast-casiam</strong></span> 
     </span>
    </p>
   </div>
   <div class='ocr_carea' id='block_1_66' title="bbox 2252 2230 3762 2293">
    <p class='ocr_par' dir='ltr' id='par_1_66' title="bbox 2252 2230 3762 2293">
     <span class='ocr_line' id='line_1_66' title="bbox 2252 2230 3762 2293; baseline -0.005 0"><span class='ocrx_word' id='word_1_508' title='bbox 2252 2254 2349 2293; x_wconf 88' lang='lat' dir='ltr'><strong>sua</strong></span> <span class='ocrx_word' id='word_1_509' title='bbox 2382 2237 2601 2293; x_wconf 88' lang='lat' dir='ltr'><strong>instruit</strong></span> <span class='ocrx_word' id='word_1_510' title='bbox 2643 2236 2901 2291; x_wconf 90' lang='lat' dir='ltr'><strong>Dominus</strong></span> <span class='ocrx_word' id='word_1_511' title='bbox 2948 2233 3308 2288; x_wconf 70' lang='lat' dir='ltr'><strong>Nicodemum</strong></span> <span class='ocrx_word' id='word_1_512' title='bbox 3359 2249 3491 2286; x_wconf 79' lang='lat' dir='ltr'><strong>cqu</strong></span> <span class='ocrx_word' id='word_1_513' title='bbox 3534 2230 3762 2285; x_wconf 64' lang='lat' dir='ltr'><strong>sublinit</strong></span> 
     </span>
    </p>
   </div>
   <div class='ocr_carea' id='block_1_67' title="bbox 2248 2326 3764 2397">
    <p class='ocr_par' dir='ltr' id='par_1_67' title="bbox 2248 2326 3764 2397">
     <span class='ocr_line' id='line_1_67' title="bbox 2248 2326 3764 2397; baseline -0.003 -14"><span class='ocrx_word' id='word_1_514' title='bbox 2248 2347 2397 2384; x_wconf 86' lang='lat' dir='ltr'><strong>nemo</strong></span> <span class='ocrx_word' id='word_1_515' title='bbox 2427 2330 2658 2385; x_wconf 85' lang='lat' dir='ltr'><strong>ascendit</strong></span> <span class='ocrx_word' id='word_1_516' title='bbox 2685 2330 2737 2383; x_wconf 89' lang='lat' dir='ltr'><strong>in</strong></span> <span class='ocrx_word' id='word_1_517' title='bbox 2763 2328 2969 2391; x_wconf 77' lang='lat' dir='ltr'><strong>ctelum,</strong></span> <span class='ocrx_word' id='word_1_518' title='bbox 3001 2329 3103 2381; x_wconf 81' lang='lat' dir='ltr'><strong>nisi</strong></span> <span class='ocrx_word' id='word_1_519' title='bbox 3128 2338 3175 2381; x_wconf 87' lang='lat' dir='ltr'><strong>et</strong></span> <span class='ocrx_word' id='word_1_520' title='bbox 3198 2329 3291 2397; x_wconf 90' lang='lat' dir='ltr'><strong>qui</strong></span> <span class='ocrx_word' id='word_1_521' title='bbox 3317 2328 3586 2379; x_wconf 78' lang='lat' dir='ltr'><strong>descendit</strong></span> <span class='ocrx_word' id='word_1_522' title='bbox 3606 2326 3764 2389; x_wconf 71' lang='lat' dir='ltr'><strong>detuli,</strong></span> 
     </span>
    </p>
   </div>
   <div class='ocr_carea' id='block_1_68' title="bbox 2249 2418 3764 2492">
    <p class='ocr_par' dir='ltr' id='par_1_68' title="bbox 2249 2418 3764 2492">
     <span class='ocr_line' id='line_1_68' title="bbox 2249 2418 3764 2492; baseline -0.002 -17"><span class='ocrx_word' id='word_1_523' title='bbox 2249 2420 2421 2477; x_wconf 81' lang='lat' dir='ltr'><strong>Filius</strong></span> <span class='ocrx_word' id='word_1_524' title='bbox 2436 2424 2660 2477; x_wconf 85' lang='lat' dir='ltr'><strong>hominis</strong></span> <span class='ocrx_word' id='word_1_525' title='bbox 2689 2422 2870 2492; x_wconf 81' lang='lat' dir='ltr'><strong>quiest</strong></span> <span class='ocrx_word' id='word_1_526' title='bbox 2896 2421 2952 2474; x_wconf 90' lang='lat' dir='ltr'><strong>in</strong></span> <span class='ocrx_word' id='word_1_527' title='bbox 2978 2420 3127 2475; x_wconf 73' lang='lat' dir='ltr'><strong>ctrlo.</strong></span> <span class='ocrx_word' id='word_1_528' title='bbox 3157 2419 3235 2475; x_wconf 89' lang='lat' dir='ltr'><strong>De</strong></span> <span class='ocrx_word' id='word_1_529' title='bbox 3272 2434 3335 2473; x_wconf 82' lang='lat' dir='ltr'><strong>se</strong></span> <span class='ocrx_word' id='word_1_530' title='bbox 3366 2427 3611 2488; x_wconf 81' lang='lat' dir='ltr'><strong>tanquam</strong></span> <span class='ocrx_word' id='word_1_531' title='bbox 3630 2418 3764 2473; x_wconf 81' lang='lat' dir='ltr'><strong>dealio</strong></span> 
     </span>
    </p>
   </div>
   <div class='ocr_carea' id='block_1_69' title="bbox 2249 2510 3767 2585">
    <p class='ocr_par' dir='ltr' id='par_1_69' title="bbox 2249 2510 3767 2585">
     <span class='ocr_line' id='line_1_69' title="bbox 2249 2510 3767 2585; baseline -0.001 -21"><span class='ocrx_word' id='word_1_532' title='bbox 2249 2510 2510 2585; x_wconf 86' lang='lat' dir='ltr'><strong>loquitur,</strong></span> <span class='ocrx_word' id='word_1_533' title='bbox 2563 2522 2624 2568; x_wconf 91' lang='lat' dir='ltr'><strong>ttt</strong></span> <span class='ocrx_word' id='word_1_534' title='bbox 2670 2512 2977 2583; x_wconf 77' lang='lat' dir='ltr'><strong>exemplum</strong></span> <span class='ocrx_word' id='word_1_535' title='bbox 3031 2510 3275 2581; x_wconf 73' lang='lat' dir='ltr'><strong>prtcbeat</strong></span> <span class='ocrx_word' id='word_1_536' title='bbox 3318 2511 3483 2566; x_wconf 89' lang='lat' dir='ltr'><strong>nobis</strong></span> <span class='ocrx_word' id='word_1_537' title='bbox 3531 2512 3767 2583; x_wconf 59' lang='lat' dir='ltr'><strong>arroganti:</strong></span> 
     </span>
    </p>
   </div>
   <div class='ocr_carea' id='block_1_70' title="bbox 2248 2604 3764 2675">
    <p class='ocr_par' dir='ltr' id='par_1_70' title="bbox 2248 2604 3764 2675">
     <span class='ocr_line' id='line_1_70' title="bbox 2248 2604 3764 2675; baseline -0.003 -13"><span class='ocrx_word' id='word_1_538' title='bbox 2248 2608 2563 2662; x_wconf 77' lang='lat' dir='ltr'><strong>devitamhe.</strong></span> <span class='ocrx_word' id='word_1_539' title='bbox 2594 2607 2672 2661; x_wconf 82' lang='lat' dir='ltr'><strong>Ac</strong></span> <span class='ocrx_word' id='word_1_540' title='bbox 2712 2606 2756 2661; x_wconf 92' lang='lat' dir='ltr'><strong>si</strong></span> <span class='ocrx_word' id='word_1_541' title='bbox 2800 2606 2973 2660; x_wconf 86' lang='lat' dir='ltr'><strong>dicat:</strong></span> <span class='ocrx_word' id='word_1_542' title='bbox 3010 2605 3065 2659; x_wconf 89' lang='lat' dir='ltr'><strong>Si</strong></span> <span class='ocrx_word' id='word_1_543' title='bbox 3113 2605 3191 2661; x_wconf 76' lang='lat' dir='ltr'><strong>vis</strong></span> <span class='ocrx_word' id='word_1_544' title='bbox 3224 2604 3279 2659; x_wconf 91' lang='lat' dir='ltr'><strong>iu</strong></span> <span class='ocrx_word' id='word_1_545' title='bbox 3316 2619 3545 2675; x_wconf 77' lang='lat' dir='ltr'><strong>regnum</strong></span> <span class='ocrx_word' id='word_1_546' title='bbox 3584 2606 3764 2658; x_wconf 64' lang='lat' dir='ltr'><strong>tutiorem</strong></span> 
     </span>
    </p>
   </div>
   <div class='ocr_carea' id='block_1_71' title="bbox 2250 2695 3769 2770">
    <p class='ocr_par' dir='ltr' id='par_1_71' title="bbox 2250 2695 3769 2770">
     <span class='ocr_line' id='line_1_71' title="bbox 2250 2695 3769 2770; baseline -0.002 -16"><span class='ocrx_word' id='word_1_547' title='bbox 2250 2701 2568 2763; x_wconf 89' lang='lat' dir='ltr'><strong>ascendere,</strong></span> <span class='ocrx_word' id='word_1_548' title='bbox 2601 2699 2882 2754; x_wconf 74' lang='lat' dir='ltr'><strong>adhzcreas</strong></span> <span class='ocrx_word' id='word_1_549' title='bbox 2935 2714 3033 2770; x_wconf 85' lang='lat' dir='ltr'><strong>per</strong></span> <span class='ocrx_word' id='word_1_550' title='bbox 3068 2697 3357 2752; x_wconf 88' lang='lat' dir='ltr'><strong>charitatis</strong></span> <span class='ocrx_word' id='word_1_551' title='bbox 3407 2697 3636 2751; x_wconf 85' lang='lat' dir='ltr'><strong>unionem</strong></span> <span class='ocrx_word' id='word_1_552' title='bbox 3679 2695 3769 2751; x_wconf 73' lang='lat' dir='ltr'><strong>Filio</strong></span> 
     </span>
    </p>
   </div>
   <div class='ocr_carea' id='block_1_72' title="bbox 2248 2790 3767 2861">
    <p class='ocr_par' dir='ltr' id='par_1_72' title="bbox 2248 2790 3767 2861">
     <span class='ocr_line' id='line_1_72' title="bbox 2248 2790 3767 2861; baseline -0.003 -15"><span class='ocrx_word' id='word_1_553' title='bbox 2248 2791 2511 2856; x_wconf 88' lang='lat' dir='ltr'><strong>hominis,</strong></span> <span class='ocrx_word' id='word_1_554' title='bbox 2537 2792 2629 2861; x_wconf 88' lang='lat' dir='ltr'><strong>qui</strong></span> <span class='ocrx_word' id='word_1_555' title='bbox 2661 2791 2810 2847; x_wconf 87' lang='lat' dir='ltr'><strong>solus</strong></span> <span class='ocrx_word' id='word_1_556' title='bbox 2850 2807 2973 2845; x_wconf 81' lang='lat' dir='ltr'><strong>cum</strong></span> <span class='ocrx_word' id='word_1_557' title='bbox 3016 2791 3282 2846; x_wconf 86' lang='lat' dir='ltr'><strong>metnbris</strong></span> <span class='ocrx_word' id='word_1_558' title='bbox 3313 2790 3429 2845; x_wconf 90' lang='lat' dir='ltr'><strong>suis</strong></span> <span class='ocrx_word' id='word_1_559' title='bbox 3453 2791 3679 2843; x_wconf 81' lang='lat' dir='ltr'><strong>ascendit.</strong></span> <span class='ocrx_word' id='word_1_560' title='bbox 3704 2794 3767 2842; x_wconf 63' lang='grc' dir='ltr'>ιιι·</span> 
     </span>
    </p>
   </div>
   <div class='ocr_carea' id='block_1_73' title="bbox 2248 2881 3768 2956">
    <p class='ocr_par' dir='ltr' id='par_1_73' title="bbox 2248 2881 3768 2956">
     <span class='ocr_line' id='line_1_73' title="bbox 2248 2881 3768 2956; baseline -0.001 -19"><span class='ocrx_word' id='word_1_561' title='bbox 2248 2900 2375 2956; x_wconf 87' lang='lat' dir='ltr'><strong>que,</strong></span> <span class='ocrx_word' id='word_1_562' title='bbox 2406 2883 2599 2939; x_wconf 83' lang='lat' dir='ltr'><strong>fratres</strong></span> <span class='ocrx_word' id='word_1_563' title='bbox 2647 2884 2775 2950; x_wconf 89' lang='lat' dir='ltr'><strong>mei,</strong></span> <span class='ocrx_word' id='word_1_564' title='bbox 2808 2883 2853 2939; x_wconf 88' lang='lat' dir='ltr'><strong>si</strong></span> <span class='ocrx_word' id='word_1_565' title='bbox 2886 2885 2939 2939; x_wconf 91' lang='lat' dir='ltr'><strong>in</strong></span> <span class='ocrx_word' id='word_1_566' title='bbox 2986 2898 3214 2953; x_wconf 84' lang='lat' dir='ltr'><strong>regnum</strong></span> <span class='ocrx_word' id='word_1_567' title='bbox 3255 2882 3524 2938; x_wconf 64' lang='lat' dir='ltr'><strong>calorum</strong></span> <span class='ocrx_word' id='word_1_568' title='bbox 3554 2881 3768 2937; x_wconf 67' lang='lat' dir='ltr'><strong>ascendere</strong></span> 
     </span>
    </p>
   </div>
   <div class='ocr_carea' id='block_1_74' title="bbox 2246 2971 3765 3046">
    <p class='ocr_par' dir='ltr' id='par_1_74' title="bbox 2246 2971 3765 3046">
     <span class='ocr_line' id='line_1_74' title="bbox 2246 2971 3765 3046; baseline -0.005 -14"><span class='ocrx_word' id='word_1_569' title='bbox 2246 2976 2520 3043; x_wconf 86' lang='lat' dir='ltr'><strong>volumus,</strong></span> <span class='ocrx_word' id='word_1_570' title='bbox 2544 2976 2705 3046; x_wconf 90' lang='lat' dir='ltr'><strong>capiti</strong></span> <span class='ocrx_word' id='word_1_571' title='bbox 2747 2989 2933 3031; x_wconf 85' lang='lat' dir='ltr'><strong>nostro</strong></span> <span class='ocrx_word' id='word_1_572' title='bbox 2970 2976 3201 3031; x_wconf 86' lang='lat' dir='ltr'><strong>Domino</strong></span> <span class='ocrx_word' id='word_1_573' title='bbox 3238 2984 3431 3029; x_wconf 86' lang='lat' dir='ltr'><strong>nostro</strong></span> <span class='ocrx_word' id='word_1_574' title='bbox 3456 2971 3765 3037; x_wconf 77' lang='lat' dir='ltr'><strong>Jesquristo,</strong></span> 
     </span>
    </p>
   </div>
   <div class='ocr_carea' id='block_1_75' title="bbox 2249 3068 3769 3138">
    <p class='ocr_par' dir='ltr' id='par_1_75' title="bbox 2249 3068 3769 3138">
     <span class='ocr_line' id='line_1_75' title="bbox 2249 3068 3769 3138; baseline -0.004 -14"><span class='ocrx_word' id='word_1_575' title='bbox 2249 3068 2353 3125; x_wconf 89' lang='lat' dir='ltr'><strong>fide</strong></span> <span class='ocrx_word' id='word_1_576' title='bbox 2367 3079 2421 3124; x_wconf 89' lang='lat' dir='ltr'><strong>et</strong></span> <span class='ocrx_word' id='word_1_577' title='bbox 2437 3069 2701 3125; x_wconf 80' lang='lat' dir='ltr'><strong>charitate</strong></span> <span class='ocrx_word' id='word_1_578' title='bbox 2738 3070 3131 3131; x_wconf 74' lang='lat' dir='ltr'><strong>adhtcreamus,</strong></span> <span class='ocrx_word' id='word_1_579' title='bbox 3148 3069 3407 3137; x_wconf 88' lang='lat' dir='ltr'><strong>quoniam</strong></span> <span class='ocrx_word' id='word_1_580' title='bbox 3430 3068 3521 3138; x_wconf 90' lang='lat' dir='ltr'><strong>qui</strong></span> <span class='ocrx_word' id='word_1_581' title='bbox 3545 3068 3769 3121; x_wconf 75' lang='lat' dir='ltr'><strong>membrum</strong></span> 
     </span>
    </p>
   </div>
   <div class='ocr_carea' id='block_1_76' title="bbox 2250 3162 3769 3234">
    <p class='ocr_par' dir='ltr' id='par_1_76' title="bbox 2250 3162 3769 3234">
     <span class='ocr_line' id='line_1_76' title="bbox 2250 3162 3769 3234; baseline -0.002 -16"><span class='ocrx_word' id='word_1_582' title='bbox 2250 3163 2494 3234; x_wconf 91' lang='lat' dir='ltr'><strong>corporis</strong></span> <span class='ocrx_word' id='word_1_583' title='bbox 2510 3162 2712 3218; x_wconf 86' lang='lat' dir='ltr'><strong>Christi</strong></span> <span class='ocrx_word' id='word_1_584' title='bbox 2748 3178 2853 3217; x_wconf 93' lang='lat' dir='ltr'><strong>non</strong></span> <span class='ocrx_word' id='word_1_585' title='bbox 2880 3170 2985 3229; x_wconf 89' lang='lat' dir='ltr'><strong>est,</strong></span> <span class='ocrx_word' id='word_1_586' title='bbox 3014 3162 3083 3216; x_wconf 89' lang='lat' dir='ltr'><strong>ad</strong></span> <span class='ocrx_word' id='word_1_587' title='bbox 3113 3178 3342 3233; x_wconf 82' lang='lat' dir='ltr'><strong>regnum</strong></span> <span class='ocrx_word' id='word_1_588' title='bbox 3368 3163 3614 3217; x_wconf 72' lang='lat' dir='ltr'><strong>emtorqu</strong></span> <span class='ocrx_word' id='word_1_589' title='bbox 3637 3176 3769 3215; x_wconf 46' lang='lat' dir='ltr'><strong>asceuc</strong></span> 
     </span>
    </p>
   </div>
   <div class='ocr_carea' id='block_1_77' title="bbox 2174 3217 3767 3327">
    <p class='ocr_par' dir='ltr' id='par_1_77' title="bbox 2174 3217 3767 3327">
     <span class='ocr_line' id='line_1_77' title="bbox 2174 3217 3767 3327; baseline -0.004 -16"><span class='ocrx_word' id='word_1_590' title='bbox 2174 3217 2219 3279; x_wconf 67' lang='grc' dir='ltr'>ϐ</span> <span class='ocrx_word' id='word_1_591' title='bbox 2251 3217 2774 3327; x_wconf 24' lang='lat' dir='ltr'><strong>dere&#39;nequaquam</strong></span> <span class='ocrx_word' id='word_1_592' title='bbox 2825 3217 3021 3325; x_wconf 65' lang='lat' dir='ltr'><strong>potest.</strong></span> <span class='ocrx_word' id='word_1_593' title='bbox 3072 3217 3232 3310; x_wconf 64' lang='lat' dir='ltr'><strong>Unde</strong></span> <span class='ocrx_word' id='word_1_594' title='bbox 3284 3254 3398 3325; x_wconf 90' lang='lat' dir='ltr'><strong>ipse</strong></span> <span class='ocrx_word' id='word_1_595' title='bbox 3446 3253 3614 3307; x_wconf 83' lang='lat' dir='ltr'><strong>dicit:</strong></span> <span class='ocrx_word' id='word_1_596' title='bbox 3652 3249 3767 3304; x_wconf 64' lang='lat' dir='ltr'><strong>Nm</strong></span> 
     </span>
    </p>
   </div>
   <div class='ocr_carea' id='block_1_78' title="bbox 2249 3345 3770 3418">
    <p class='ocr_par' dir='ltr' id='par_1_78' title="bbox 2249 3345 3770 3418">
     <span class='ocr_line' id='line_1_78' title="bbox 2249 3345 3770 3418; baseline -0.005 -14"><span class='ocrx_word' id='word_1_597' title='bbox 2249 3350 2384 3404; x_wconf 78' lang='lat' dir='ltr'><strong>venit</strong></span> <span class='ocrx_word' id='word_1_598' title='bbox 2410 3350 2479 3403; x_wconf 84' lang='lat' dir='ltr'><strong>ad</strong></span> <span class='ocrx_word' id='word_1_599' title='bbox 2508 3347 2722 3403; x_wconf 86' lang='lat' dir='ltr'><strong>Patrem</strong></span> <span class='ocrx_word' id='word_1_600' title='bbox 2755 3350 2857 3403; x_wconf 87' lang='lat' dir='ltr'><strong>nisi</strong></span> <span class='ocrx_word' id='word_1_601' title='bbox 2881 3365 2974 3418; x_wconf 88' lang='lat' dir='ltr'><strong>per</strong></span> <span class='ocrx_word' id='word_1_602' title='bbox 3009 3364 3090 3401; x_wconf 88' lang='lat' dir='ltr'><strong>me</strong></span> <span class='ocrx_word' id='word_1_603' title='bbox 3119 3345 3307 3417; x_wconf 85' lang='lat' dir='ltr'><strong>(Joan.</strong></span> <span class='ocrx_word' id='word_1_604' title='bbox 3342 3348 3476 3417; x_wconf 58' lang='grc' dir='ltr'>ιιι).</span> <span class='ocrx_word' id='word_1_605' title='bbox 3506 3346 3607 3416; x_wconf 85' lang='lat' dir='ltr'><strong>ipse</strong></span> <span class='ocrx_word' id='word_1_606' title='bbox 3629 3346 3770 3413; x_wconf 77' lang='lat' dir='ltr'><strong>quippe</strong></span> 
     </span>
    </p>
   </div>
   <div class='ocr_carea' id='block_1_79' title="bbox 2248 3438 3769 3511">
    <p class='ocr_par' dir='ltr' id='par_1_79' title="bbox 2248 3438 3769 3511">
     <span class='ocr_line' id='line_1_79' title="bbox 2248 3438 3769 3511; baseline -0.007 -14"><span class='ocrx_word' id='word_1_607' title='bbox 2248 3450 2334 3497; x_wconf 89' lang='lat' dir='ltr'><strong>cst</strong></span> <span class='ocrx_word' id='word_1_608' title='bbox 2364 3442 2596 3505; x_wconf 85' lang='lat' dir='ltr'><strong>ostium;</strong></span> <span class='ocrx_word' id='word_1_609' title='bbox 2634 3441 2747 3511; x_wconf 84' lang='lat' dir='ltr'><strong>ipse</strong></span> <span class='ocrx_word' id='word_1_610' title='bbox 2778 3452 2861 3495; x_wconf 88' lang='lat' dir='ltr'><strong>cst</strong></span> <span class='ocrx_word' id='word_1_611' title='bbox 2888 3439 3171 3505; x_wconf 90' lang='lat' dir='ltr'><strong>ostiarius,</strong></span> <span class='ocrx_word' id='word_1_612' title='bbox 3206 3438 3321 3509; x_wconf 89' lang='lat' dir='ltr'><strong>ipse</strong></span> <span class='ocrx_word' id='word_1_613' title='bbox 3352 3439 3505 3494; x_wconf 89' lang='lat' dir='ltr'><strong>nobis</strong></span> <span class='ocrx_word' id='word_1_614' title='bbox 3526 3448 3600 3491; x_wconf 85' lang='lat' dir='ltr'><strong>est</strong></span> <span class='ocrx_word' id='word_1_615' title='bbox 3624 3439 3707 3491; x_wconf 79' lang='lat' dir='ltr'><strong>dus</strong></span> <span class='ocrx_word' id='word_1_616' title='bbox 3734 3442 3769 3487; x_wconf 66' lang='lat' dir='ltr'><strong>et</strong></span> 
     </span>
    </p>
   </div>
   <div class='ocr_carea' id='block_1_80' title="bbox 2249 3527 3771 3605">
    <p class='ocr_par' dir='ltr' id='par_1_80' title="bbox 2249 3527 3771 3605">
     <span class='ocr_line' id='line_1_80' title="bbox 2249 3527 3771 3605; baseline -0.008 -14"><span class='ocrx_word' id='word_1_617' title='bbox 2249 3534 2558 3591; x_wconf 88' lang='lat' dir='ltr'><strong>sublevator</strong></span> <span class='ocrx_word' id='word_1_618' title='bbox 2596 3535 2663 3588; x_wconf 88' lang='lat' dir='ltr'><strong>ad</strong></span> <span class='ocrx_word' id='word_1_619' title='bbox 2694 3549 2916 3605; x_wconf 87' lang='lat' dir='ltr'><strong>regnum</strong></span> <span class='ocrx_word' id='word_1_620' title='bbox 2946 3532 3233 3586; x_wconf 65' lang='lat' dir='ltr'><strong>caelorum.</strong></span> <span class='ocrx_word' id='word_1_621' title='bbox 3269 3530 3424 3599; x_wconf 87' lang='lat' dir='ltr'><strong>Quod</strong></span> <span class='ocrx_word' id='word_1_622' title='bbox 3457 3540 3617 3585; x_wconf 87' lang='lat' dir='ltr'><strong>autem</strong></span> <span class='ocrx_word' id='word_1_623' title='bbox 3649 3527 3771 3583; x_wconf 75' lang='lat' dir='ltr'><strong>Filius</strong></span> 
     </span>
    </p>
   </div>
   <div class='ocr_carea' id='block_1_81' title="bbox 2248 3621 3769 3695">
    <p class='ocr_par' dir='ltr' id='par_1_81' title="bbox 2248 3621 3769 3695">
     <span class='ocr_line' id='line_1_81' title="bbox 2248 3621 3769 3695; baseline -0.005 -13"><span class='ocrx_word' id='word_1_624' title='bbox 2248 3628 2486 3683; x_wconf 84' lang='lat' dir='ltr'><strong>hominis</strong></span> <span class='ocrx_word' id='word_1_625' title='bbox 2536 3627 2589 3681; x_wconf 91' lang='lat' dir='ltr'><strong>in</strong></span> <span class='ocrx_word' id='word_1_626' title='bbox 2630 3627 2828 3680; x_wconf 78' lang='lat' dir='ltr'><strong>ctelum</strong></span> <span class='ocrx_word' id='word_1_627' title='bbox 2884 3626 3167 3689; x_wconf 89' lang='lat' dir='ltr'><strong>ascendat,</strong></span> <span class='ocrx_word' id='word_1_628' title='bbox 3219 3626 3414 3695; x_wconf 89' lang='lat' dir='ltr'><strong>probat</strong></span> <span class='ocrx_word' id='word_1_629' title='bbox 3444 3639 3506 3679; x_wconf 79' lang='lat' dir='ltr'><strong>ex</strong></span> <span class='ocrx_word' id='word_1_630' title='bbox 3550 3624 3635 3678; x_wconf 86' lang='lat' dir='ltr'><strong>hoc</strong></span> <span class='ocrx_word' id='word_1_631' title='bbox 3668 3621 3769 3690; x_wconf 79' lang='lat' dir='ltr'><strong>quod</strong></span> 
     </span>
    </p>
   </div>
   <div class='ocr_carea' id='block_1_82' title="bbox 2250 3714 3772 3789">
    <p class='ocr_par' dir='ltr' id='par_1_82' title="bbox 2250 3714 3772 3789">
     <span class='ocr_line' id='line_1_82' title="bbox 2250 3714 3772 3789; baseline -0.005 -18"><span class='ocrx_word' id='word_1_632' title='bbox 2250 3718 2366 3789; x_wconf 89' lang='lat' dir='ltr'><strong>ipse</strong></span> <span class='ocrx_word' id='word_1_633' title='bbox 2421 3728 2504 3772; x_wconf 89' lang='lat' dir='ltr'><strong>est</strong></span> <span class='ocrx_word' id='word_1_634' title='bbox 2559 3718 2697 3772; x_wconf 91' lang='lat' dir='ltr'><strong>idem</strong></span> <span class='ocrx_word' id='word_1_635' title='bbox 2744 3718 2795 3770; x_wconf 88' lang='lat' dir='ltr'><strong>itt</strong></span> <span class='ocrx_word' id='word_1_636' title='bbox 2844 3733 3075 3788; x_wconf 86' lang='lat' dir='ltr'><strong>persona</strong></span> <span class='ocrx_word' id='word_1_637' title='bbox 3134 3714 3275 3771; x_wconf 87' lang='lat' dir='ltr'><strong>Filio</strong></span> <span class='ocrx_word' id='word_1_638' title='bbox 3328 3716 3440 3779; x_wconf 87' lang='lat' dir='ltr'><strong>Dei,</strong></span> <span class='ocrx_word' id='word_1_639' title='bbox 3475 3718 3557 3785; x_wconf 89' lang='lat' dir='ltr'><strong>qui</strong></span> <span class='ocrx_word' id='word_1_640' title='bbox 3594 3718 3649 3769; x_wconf 78' lang='lat' dir='ltr'><strong>de</strong></span> <span class='ocrx_word' id='word_1_641' title='bbox 3670 3715 3772 3768; x_wconf 71' lang='lat' dir='ltr'><strong>culo</strong></span> 
     </span>
    </p>
   </div>
   <div class='ocr_carea' id='block_1_83' title="bbox 2249 3806 3769 3878">
    <p class='ocr_par' dir='ltr' id='par_1_83' title="bbox 2249 3806 3769 3878">
     <span class='ocr_line' id='line_1_83' title="bbox 2249 3806 3769 3878; baseline -0.007 -13"><span class='ocrx_word' id='word_1_642' title='bbox 2249 3810 2552 3874; x_wconf 86' lang='lat' dir='ltr'><strong>descendit,</strong></span> <span class='ocrx_word' id='word_1_643' title='bbox 2582 3810 2674 3862; x_wconf 89' lang='lat' dir='ltr'><strong>sed</strong></span> <span class='ocrx_word' id='word_1_644' title='bbox 2708 3809 2851 3878; x_wconf 88' lang='lat' dir='ltr'><strong>quod</strong></span> <span class='ocrx_word' id='word_1_645' title='bbox 2892 3811 3209 3878; x_wconf 75' lang='lat' dir='ltr'><strong>expressius</strong></span> <span class='ocrx_word' id='word_1_646' title='bbox 3238 3820 3345 3875; x_wconf 86' lang='lat' dir='ltr'><strong>e5t,</strong></span> <span class='ocrx_word' id='word_1_647' title='bbox 3383 3808 3563 3863; x_wconf 86' lang='lat' dir='ltr'><strong>Filium</strong></span> <span class='ocrx_word' id='word_1_648' title='bbox 3589 3806 3769 3861; x_wconf 77' lang='lat' dir='ltr'><strong>hominis</strong></span> 
     </span>
    </p>
   </div>
   <div class='ocr_carea' id='block_1_84' title="bbox 2250 3900 3769 3972">
    <p class='ocr_par' dir='ltr' id='par_1_84' title="bbox 2250 3900 3769 3972">
     <span class='ocr_line' id='line_1_84' title="bbox 2250 3900 3769 3972; baseline -0.005 -16"><span class='ocrx_word' id='word_1_649' title='bbox 2250 3902 2400 3963; x_wconf 92' lang='lat' dir='ltr'><strong>dicit,</strong></span> <span class='ocrx_word' id='word_1_650' title='bbox 2435 3903 2487 3955; x_wconf 92' lang='lat' dir='ltr'><strong>in</strong></span> <span class='ocrx_word' id='word_1_651' title='bbox 2541 3901 2731 3956; x_wconf 89' lang='lat' dir='ltr'><strong>eodem</strong></span> <span class='ocrx_word' id='word_1_652' title='bbox 2766 3912 3007 3972; x_wconf 90' lang='lat' dir='ltr'><strong>tempore</strong></span> <span class='ocrx_word' id='word_1_653' title='bbox 3049 3902 3102 3955; x_wconf 91' lang='lat' dir='ltr'><strong>in</strong></span> <span class='ocrx_word' id='word_1_654' title='bbox 3135 3917 3245 3971; x_wconf 90' lang='lat' dir='ltr'><strong>quo</strong></span> <span class='ocrx_word' id='word_1_655' title='bbox 3273 3903 3388 3957; x_wconf 77' lang='lat' dir='ltr'><strong>hzec</strong></span> <span class='ocrx_word' id='word_1_656' title='bbox 3430 3902 3704 3971; x_wconf 82' lang='lat' dir='ltr'><strong>loquebatur</strong></span> <span class='ocrx_word' id='word_1_657' title='bbox 3734 3900 3769 3950; x_wconf 79' lang='lat' dir='ltr'><strong>in</strong></span> 
     </span>
    </p>
   </div>
   <div class='ocr_carea' id='block_1_85' title="bbox 2251 3990 3767 4064">
    <p class='ocr_par' dir='ltr' id='par_1_85' title="bbox 2251 3990 3767 4064">
     <span class='ocr_line' id='line_1_85' title="bbox 2251 3990 3767 4064; baseline -0.005 -15"><span class='ocrx_word' id='word_1_658' title='bbox 2251 4004 2419 4058; x_wconf 88' lang='lat' dir='ltr'><strong>terra,</strong></span> <span class='ocrx_word' id='word_1_659' title='bbox 2451 4008 2573 4049; x_wconf 89' lang='lat' dir='ltr'><strong>esse</strong></span> <span class='ocrx_word' id='word_1_660' title='bbox 2626 3994 2678 4048; x_wconf 93' lang='lat' dir='ltr'><strong>iu</strong></span> <span class='ocrx_word' id='word_1_661' title='bbox 2716 3993 2873 4049; x_wconf 60' lang='lat' dir='ltr'><strong>caelo.</strong></span> <span class='ocrx_word' id='word_1_662' title='bbox 2925 3994 3031 4049; x_wconf 84' lang='lat' dir='ltr'><strong>Sed</strong></span> <span class='ocrx_word' id='word_1_663' title='bbox 3060 4011 3185 4050; x_wconf 89' lang='lat' dir='ltr'><strong>cum</strong></span> <span class='ocrx_word' id='word_1_664' title='bbox 3219 3995 3494 4064; x_wconf 85' lang='lat' dir='ltr'><strong>sequentia</strong></span> <span class='ocrx_word' id='word_1_665' title='bbox 3537 3990 3767 4047; x_wconf 73' lang='lat' dir='ltr'><strong>locutionis</strong></span> 
     </span>
    </p>
   </div>
   <div class='ocr_carea' id='block_1_86' title="bbox 2248 4083 3769 4157">
    <p class='ocr_par' dir='ltr' id='par_1_86' title="bbox 2248 4083 3769 4157">
     <span class='ocr_line' id='line_1_86' title="bbox 2248 4083 3769 4157; baseline -0.005 -18"><span class='ocrx_word' id='word_1_666' title='bbox 2248 4086 2515 4157; x_wconf 76' lang='lat' dir='ltr'><strong>exigeret,</strong></span> <span class='ocrx_word' id='word_1_667' title='bbox 2552 4093 2610 4137; x_wconf 92' lang='lat' dir='ltr'><strong>ut</strong></span> <span class='ocrx_word' id='word_1_668' title='bbox 2650 4084 2932 4138; x_wconf 86' lang='lat' dir='ltr'><strong>diceretur</strong></span> <span class='ocrx_word' id='word_1_669' title='bbox 2980 4083 3177 4139; x_wconf 85' lang='lat' dir='ltr'><strong>Filium</strong></span> <span class='ocrx_word' id='word_1_670' title='bbox 3234 4084 3329 4139; x_wconf 87' lang='lat' dir='ltr'><strong>Dei</strong></span> <span class='ocrx_word' id='word_1_671' title='bbox 3384 4085 3702 4141; x_wconf 71' lang='lat' dir='ltr'><strong>descendisse,</strong></span> <span class='ocrx_word' id='word_1_672' title='bbox 3733 4088 3769 4132; x_wconf 76' lang='lat' dir='ltr'><strong>et</strong></span> 
     </span>
    </p>
   </div>
   <div class='ocr_carea' id='block_1_87' title="bbox 2248 4176 3766 4248">
    <p class='ocr_par' dir='ltr' id='par_1_87' title="bbox 2248 4176 3766 4248">
     <span class='ocr_line' id='line_1_87' title="bbox 2248 4176 3766 4248; baseline -0.006 -15"><span class='ocrx_word' id='word_1_673' title='bbox 2248 4177 2447 4233; x_wconf 79' lang='lat' dir='ltr'><strong>Filium</strong></span> <span class='ocrx_word' id='word_1_674' title='bbox 2505 4176 2739 4233; x_wconf 88' lang='lat' dir='ltr'><strong>hominis</strong></span> <span class='ocrx_word' id='word_1_675' title='bbox 2790 4177 3124 4244; x_wconf 86' lang='lat' dir='ltr'><strong>ascendisse,</strong></span> <span class='ocrx_word' id='word_1_676' title='bbox 3175 4177 3303 4248; x_wconf 84' lang='lat' dir='ltr'><strong>quia</strong></span> <span class='ocrx_word' id='word_1_677' title='bbox 3342 4187 3509 4230; x_wconf 84' lang='lat' dir='ltr'><strong>tamen</strong></span> <span class='ocrx_word' id='word_1_678' title='bbox 3539 4191 3625 4229; x_wconf 86' lang='lat' dir='ltr'><strong>non</strong></span> <span class='ocrx_word' id='word_1_679' title='bbox 3668 4187 3766 4242; x_wconf 43' lang='lat' dir='ltr'><strong>prs.</strong></span> 
     </span>
    </p>
   </div>
   <div class='ocr_carea' id='block_1_88' title="bbox 2245 4269 3851 4341">
    <p class='ocr_par' dir='ltr' id='par_1_88' title="bbox 2245 4269 3851 4341">
     <span class='ocr_line' id='line_1_88' title="bbox 2245 4269 3851 4341; baseline -0.006 -15"><span class='ocrx_word' id='word_1_680' title='bbox 2245 4270 2455 4341; x_wconf 86' lang='lat' dir='ltr'><strong>judicat</strong></span> <span class='ocrx_word' id='word_1_681' title='bbox 2513 4270 2731 4325; x_wconf 85' lang='lat' dir='ltr'><strong>veritati</strong></span> <span class='ocrx_word' id='word_1_682' title='bbox 2796 4270 3064 4325; x_wconf 90' lang='lat' dir='ltr'><strong>dictorum</strong></span> <span class='ocrx_word' id='word_1_683' title='bbox 3131 4272 3513 4341; x_wconf 88' lang='lat' dir='ltr'><strong>inconsequens</strong></span> <span class='ocrx_word' id='word_1_684' title='bbox 3561 4269 3767 4338; x_wconf 70' lang='lat' dir='ltr'><strong>junctum</strong></span> <span class='ocrx_word' id='word_1_685' title='bbox 3850 4288 3851 4341; x_wconf 23' lang='grc' dir='ltr'>γ</span> 
     </span>
    </p>
   </div>
   <div class='ocr_carea' id='block_1_89' title="bbox 2252 4360 3766 4429">
    <p class='ocr_par' dir='ltr' id='par_1_89' title="bbox 2252 4360 3766 4429">
     <span class='ocr_line' id='line_1_89' title="bbox 2252 4360 3766 4429; baseline -0.005 -12"><span class='ocrx_word' id='word_1_686' title='bbox 2252 4365 2569 4429; x_wconf 88' lang='lat' dir='ltr'><strong>dictionum,</strong></span> <span class='ocrx_word' id='word_1_687' title='bbox 2604 4362 2694 4417; x_wconf 86' lang='lat' dir='ltr'><strong>hic</strong></span> <span class='ocrx_word' id='word_1_688' title='bbox 2738 4362 2961 4417; x_wconf 83' lang='lat' dir='ltr'><strong>confuse</strong></span> <span class='ocrx_word' id='word_1_689' title='bbox 2988 4364 3189 4417; x_wconf 89' lang='lat' dir='ltr'><strong>dicitur</strong></span> <span class='ocrx_word' id='word_1_690' title='bbox 3225 4364 3366 4418; x_wconf 87' lang='lat' dir='ltr'><strong>idem</strong></span> <span class='ocrx_word' id='word_1_691' title='bbox 3394 4362 3543 4416; x_wconf 85' lang='lat' dir='ltr'><strong>Filius</strong></span> <span class='ocrx_word' id='word_1_692' title='bbox 3579 4360 3766 4413; x_wconf 75' lang='lat' dir='ltr'><strong>hominis</strong></span> 
     </span>
    </p>
   </div>
   <div class='ocr_carea' id='block_1_90' title="bbox 2251 4451 3851 4522">
    <p class='ocr_par' dir='ltr' id='par_1_90' title="bbox 2251 4451 3851 4522">
     <span class='ocr_line' id='line_1_90' title="bbox 2251 4451 3851 4522; baseline -0.003 -13"><span class='ocrx_word' id='word_1_693' title='bbox 2251 4467 2305 4509; x_wconf 86' lang='lat' dir='ltr'><strong>et</strong></span> <span class='ocrx_word' id='word_1_694' title='bbox 2335 4456 2683 4511; x_wconf 86' lang='lat' dir='ltr'><strong>descendisse</strong></span> <span class='ocrx_word' id='word_1_695' title='bbox 2720 4468 2773 4511; x_wconf 87' lang='lat' dir='ltr'><strong>et</strong></span> <span class='ocrx_word' id='word_1_696' title='bbox 2805 4456 3138 4520; x_wconf 85' lang='lat' dir='ltr'><strong>ascendisse,</strong></span> <span class='ocrx_word' id='word_1_697' title='bbox 3162 4468 3219 4512; x_wconf 90' lang='lat' dir='ltr'><strong>et</strong></span> <span class='ocrx_word' id='word_1_698' title='bbox 3248 4458 3301 4511; x_wconf 90' lang='lat' dir='ltr'><strong>in</strong></span> <span class='ocrx_word' id='word_1_699' title='bbox 3334 4466 3465 4510; x_wconf 87' lang='lat' dir='ltr'><strong>terra</strong></span> <span class='ocrx_word' id='word_1_700' title='bbox 3492 4455 3633 4522; x_wconf 82' lang='lat' dir='ltr'><strong>loqui,</strong></span> <span class='ocrx_word' id='word_1_701' title='bbox 3662 4451 3769 4504; x_wconf 79' lang='lat' dir='ltr'><strong>etin</strong></span> <span class='ocrx_word' id='word_1_702' title='bbox 3850 4451 3851 4522; x_wconf 38' lang='grc' dir='ltr'>ξ</span> 
     </span>
    </p>
   </div>
   <div class='ocr_carea' id='block_1_91' title="bbox 565 4543 3765 4640">
    <p class='ocr_par' dir='ltr' id='par_1_91' title="bbox 565 4543 3765 4640">
     <span class='ocr_line' id='line_1_91' title="bbox 565 4543 3765 4640; baseline 0 -41"><span class='ocrx_word' id='word_1_703' title='bbox 565 4546 719 4600; x_wconf 86' lang='lat' dir='ltr'><strong>Sicut</strong></span> <span class='ocrx_word' id='word_1_704' title='bbox 750 4546 892 4602; x_wconf 87' lang='lat' dir='ltr'><strong>enim</strong></span> <span class='ocrx_word' id='word_1_705' title='bbox 930 4549 1104 4602; x_wconf 89' lang='lat' dir='ltr'><strong>nescit</strong></span> <span class='ocrx_word' id='word_1_706' title='bbox 1143 4550 1303 4603; x_wconf 90' lang='lat' dir='ltr'><strong>honto</strong></span> <span class='ocrx_word' id='word_1_707' title='bbox 1338 4552 1574 4606; x_wconf 90' lang='lat' dir='ltr'><strong>carnalis</strong></span> <span class='ocrx_word' id='word_1_708' title='bbox 1603 4554 1745 4607; x_wconf 92' lang='lat' dir='ltr'><strong>unde</strong></span> <span class='ocrx_word' id='word_1_709' title='bbox 1777 4551 2011 4624; x_wconf 80' lang='lat' dir='ltr'><strong>Spiritus</strong></span> <span class='ocrx_word' id='word_1_710' title='bbox 2061 4569 2155 4610; x_wconf 86' lang='lat' dir='ltr'><strong>ve-</strong></span> <span class='ocrx_word' id='word_1_711' title='bbox 2182 4580 2228 4640; x_wconf 70' lang='grc' dir='ltr'>υ</span> <span class='ocrx_word' id='word_1_712' title='bbox 2257 4549 2393 4603; x_wconf 80' lang='lat' dir='ltr'><strong>ctelo</strong></span> <span class='ocrx_word' id='word_1_713' title='bbox 2421 4565 2564 4615; x_wconf 88' lang='lat' dir='ltr'><strong>esse,</strong></span> <span class='ocrx_word' id='word_1_714' title='bbox 2590 4559 2647 4603; x_wconf 89' lang='lat' dir='ltr'><strong>ttt</strong></span> <span class='ocrx_word' id='word_1_715' title='bbox 2671 4550 2886 4621; x_wconf 80' lang='lat' dir='ltr'><strong>penitus</strong></span> <span class='ocrx_word' id='word_1_716' title='bbox 2916 4550 3243 4620; x_wconf 76' lang='lat' dir='ltr'><strong>explodatur</strong></span> <span class='ocrx_word' id='word_1_717' title='bbox 3270 4549 3500 4612; x_wconf 63' lang='lat' dir='ltr'><strong>haeresis,</strong></span> <span class='ocrx_word' id='word_1_718' title='bbox 3521 4560 3616 4617; x_wconf 69' lang='lat' dir='ltr'><strong>qua:</strong></span> <span class='ocrx_word' id='word_1_719' title='bbox 3643 4543 3765 4599; x_wconf 73' lang='lat' dir='ltr'><strong>Chri-</strong></span> 
     </span>
    </p>
   </div>
   <div class='ocr_carea' id='block_1_92' title="bbox 557 4638 2151 4716">
    <p class='ocr_par' dir='ltr' id='par_1_92' title="bbox 557 4638 2151 4716">
     <span class='ocr_line' id='line_1_92' title="bbox 557 4638 2151 4716; baseline 0.008 -25"><span class='ocrx_word' id='word_1_720' title='bbox 557 4638 693 4700; x_wconf 81' lang='lat' dir='ltr'><strong>niat,</strong></span> <span class='ocrx_word' id='word_1_721' title='bbox 724 4648 819 4692; x_wconf 92' lang='lat' dir='ltr'><strong>ant</strong></span> <span class='ocrx_word' id='word_1_722' title='bbox 845 4655 951 4708; x_wconf 92' lang='lat' dir='ltr'><strong>quo</strong></span> <span class='ocrx_word' id='word_1_723' title='bbox 979 4642 1160 4705; x_wconf 88' lang='lat' dir='ltr'><strong>vadat,</strong></span> <span class='ocrx_word' id='word_1_724' title='bbox 1196 4642 1267 4695; x_wconf 92' lang='lat' dir='ltr'><strong>ita</strong></span> <span class='ocrx_word' id='word_1_725' title='bbox 1297 4644 1467 4697; x_wconf 89' lang='lat' dir='ltr'><strong>nescit</strong></span> <span class='ocrx_word' id='word_1_726' title='bbox 1497 4646 1638 4714; x_wconf 88' lang='lat' dir='ltr'><strong>quod</strong></span> <span class='ocrx_word' id='word_1_727' title='bbox 1667 4644 1827 4699; x_wconf 90' lang='lat' dir='ltr'><strong>homo</strong></span> <span class='ocrx_word' id='word_1_728' title='bbox 1856 4647 2151 4716; x_wconf 82' lang='lat' dir='ltr'><strong>spiritualis</strong></span> 
     </span>
    </p>
   </div>
   <div class='ocr_carea' id='block_1_93' title="bbox 561 4729 2152 4805">
    <p class='ocr_par' dir='ltr' id='par_1_93' title="bbox 561 4729 2152 4805">
     <span class='ocr_line' id='line_1_93' title="bbox 561 4729 2152 4805; baseline 0.007 -21"><span class='ocrx_word' id='word_1_729' title='bbox 561 4744 627 4784; x_wconf 72' lang='lat' dir='ltr'><strong>ex</strong></span> <span class='ocrx_word' id='word_1_730' title='bbox 668 4729 778 4785; x_wconf 91' lang='lat' dir='ltr'><strong>Deo</strong></span> <span class='ocrx_word' id='word_1_731' title='bbox 808 4742 967 4786; x_wconf 82' lang='lat' dir='ltr'><strong>natus</strong></span> <span class='ocrx_word' id='word_1_732' title='bbox 1012 4733 1104 4798; x_wconf 92' lang='lat' dir='ltr'><strong>sit,</strong></span> <span class='ocrx_word' id='word_1_733' title='bbox 1134 4744 1187 4787; x_wconf 88' lang='lat' dir='ltr'><strong>et</strong></span> <span class='ocrx_word' id='word_1_734' title='bbox 1217 4737 1357 4803; x_wconf 90' lang='lat' dir='ltr'><strong>quod</strong></span> <span class='ocrx_word' id='word_1_735' title='bbox 1396 4736 1461 4789; x_wconf 89' lang='lat' dir='ltr'><strong>ad</strong></span> <span class='ocrx_word' id='word_1_736' title='bbox 1490 4751 1711 4805; x_wconf 83' lang='lat' dir='ltr'><strong>regnum</strong></span> <span class='ocrx_word' id='word_1_737' title='bbox 1736 4737 1995 4793; x_wconf 79' lang='lat' dir='ltr'><strong>ccelorum</strong></span> <span class='ocrx_word' id='word_1_738' title='bbox 2033 4749 2152 4795; x_wconf 85' lang='lat' dir='ltr'><strong>ten-</strong></span> 
     </span>
    </p>
   </div>
   <div class='ocr_carea' id='block_1_94' title="bbox 565 4821 2153 4897">
    <p class='ocr_par' dir='ltr' id='par_1_94' title="bbox 565 4821 2153 4897">
     <span class='ocr_line' id='line_1_94' title="bbox 565 4821 2153 4897; baseline 0.004 -21"><span class='ocrx_word' id='word_1_739' title='bbox 565 4822 674 4876; x_wconf 89' lang='lat' dir='ltr'><strong>dat.</strong></span> <span class='ocrx_word' id='word_1_740' title='bbox 706 4821 997 4893; x_wconf 82' lang='lat' dir='ltr'><strong>Propterea</strong></span> <span class='ocrx_word' id='word_1_741' title='bbox 1034 4840 1152 4887; x_wconf 85' lang='lat' dir='ltr'><strong>vos,</strong></span> <span class='ocrx_word' id='word_1_742' title='bbox 1181 4824 1395 4890; x_wconf 87' lang='lat' dir='ltr'><strong>fratres,</strong></span> <span class='ocrx_word' id='word_1_743' title='bbox 1427 4826 1519 4895; x_wconf 89' lang='lat' dir='ltr'><strong>qui</strong></span> <span class='ocrx_word' id='word_1_744' title='bbox 1561 4828 1870 4895; x_wconf 88' lang='lat' dir='ltr'><strong>spirituales</strong></span> <span class='ocrx_word' id='word_1_745' title='bbox 1909 4831 2064 4897; x_wconf 83' lang='lat' dir='ltr'><strong>estis,</strong></span> <span class='ocrx_word' id='word_1_746' title='bbox 2097 4837 2153 4885; x_wconf 87' lang='lat' dir='ltr'><strong>et</strong></span> 
     </span>
    </p>
   </div>
   <div class='ocr_carea' id='block_1_95' title="bbox 555 4915 2151 4984">
    <p class='ocr_par' dir='ltr' id='par_1_95' title="bbox 555 4915 2151 4984">
     <span class='ocr_line' id='line_1_95' title="bbox 555 4915 2151 4984; baseline 0.006 -18"><span class='ocrx_word' id='word_1_747' title='bbox 555 4929 787 4984; x_wconf 91' lang='lat' dir='ltr'><strong>quorum</strong></span> <span class='ocrx_word' id='word_1_748' title='bbox 835 4915 939 4969; x_wconf 89' lang='lat' dir='ltr'><strong>vita</strong></span> <span class='ocrx_word' id='word_1_749' title='bbox 990 4916 1305 4968; x_wconf 89' lang='lat' dir='ltr'><strong>abscondita</strong></span> <span class='ocrx_word' id='word_1_750' title='bbox 1361 4926 1443 4969; x_wconf 90' lang='lat' dir='ltr'><strong>cst</strong></span> <span class='ocrx_word' id='word_1_751' title='bbox 1493 4932 1614 4970; x_wconf 89' lang='lat' dir='ltr'><strong>ctnu</strong></span> <span class='ocrx_word' id='word_1_752' title='bbox 1668 4919 1885 4973; x_wconf 71' lang='lat' dir='ltr'><strong>Christo</strong></span> <span class='ocrx_word' id='word_1_753' title='bbox 1936 4922 1987 4975; x_wconf 93' lang='lat' dir='ltr'><strong>in</strong></span> <span class='ocrx_word' id='word_1_754' title='bbox 2042 4922 2151 4975; x_wconf 91' lang='lat' dir='ltr'><strong>Deo</strong></span> 
     </span>
    </p>
   </div>
   <div class='ocr_carea' id='block_1_96' title="bbox 559 5006 2147 5094">
    <p class='ocr_par' dir='ltr' id='par_1_96' title="bbox 559 5006 2147 5094">
     <span class='ocr_line' id='line_1_96' title="bbox 559 5006 2147 5094; baseline 0.004 -33"><span class='ocrx_word' id='word_1_755' title='bbox 559 5006 783 5078; x_wconf 82' lang='lat' dir='ltr'><strong>(Coloss.</strong></span> <span class='ocrx_word' id='word_1_756' title='bbox 823 5009 929 5094; x_wconf 45' lang='lat' dir='ltr'><strong>nl),</strong></span> <span class='ocrx_word' id='word_1_757' title='bbox 972 5024 1039 5061; x_wconf 88' lang='lat' dir='ltr'><strong>tte</strong></span> <span class='ocrx_word' id='word_1_758' title='bbox 1084 5008 1353 5061; x_wconf 83' lang='lat' dir='ltr'><strong>miremini</strong></span> <span class='ocrx_word' id='word_1_759' title='bbox 1386 5009 1429 5061; x_wconf 90' lang='lat' dir='ltr'><strong>si</strong></span> <span class='ocrx_word' id='word_1_760' title='bbox 1457 5012 1706 5067; x_wconf 82' lang='lat' dir='ltr'><strong>carnales</strong></span> <span class='ocrx_word' id='word_1_761' title='bbox 1738 5029 1832 5067; x_wconf 88' lang='lat' dir='ltr'><strong>vos</strong></span> <span class='ocrx_word' id='word_1_762' title='bbox 1863 5014 2147 5082; x_wconf 81' lang='lat' dir='ltr'><strong>irrideant,</strong></span> 
     </span>
    </p>
   </div>
   <div class='ocr_carea' id='block_1_97' title="bbox 557 5098 2149 5173">
    <p class='ocr_par' dir='ltr' id='par_1_97' title="bbox 557 5098 2149 5173">
     <span class='ocr_line' id='line_1_97' title="bbox 557 5098 2149 5173; baseline 0.003 -17"><span class='ocrx_word' id='word_1_763' title='bbox 557 5101 603 5156; x_wconf 87' lang='lat' dir='ltr'><strong>si</strong></span> <span class='ocrx_word' id='word_1_764' title='bbox 628 5116 725 5155; x_wconf 83' lang='lat' dir='ltr'><strong>vos</strong></span> <span class='ocrx_word' id='word_1_765' title='bbox 757 5108 1132 5163; x_wconf 86' lang='lat' dir='ltr'><strong>contemnant,</strong></span> <span class='ocrx_word' id='word_1_766' title='bbox 1163 5098 1207 5153; x_wconf 89' lang='lat' dir='ltr'><strong>si</strong></span> <span class='ocrx_word' id='word_1_767' title='bbox 1239 5114 1333 5153; x_wconf 87' lang='lat' dir='ltr'><strong>vos</strong></span> <span class='ocrx_word' id='word_1_768' title='bbox 1363 5116 1460 5169; x_wconf 89' lang='lat' dir='ltr'><strong>pro</strong></span> <span class='ocrx_word' id='word_1_769' title='bbox 1499 5102 1665 5157; x_wconf 82' lang='lat' dir='ltr'><strong>nihilo</strong></span> <span class='ocrx_word' id='word_1_770' title='bbox 1704 5105 1956 5160; x_wconf 87' lang='lat' dir='ltr'><strong>habeant.</strong></span> <span class='ocrx_word' id='word_1_771' title='bbox 2005 5106 2149 5173; x_wconf 79' lang='lat' dir='ltr'><strong>Quo-</strong></span> 
     </span>
    </p>
   </div>
   <div class='ocr_carea' id='block_1_98' title="bbox 556 5192 2149 5269">
    <p class='ocr_par' dir='ltr' id='par_1_98' title="bbox 556 5192 2149 5269">
     <span class='ocr_line' id='line_1_98' title="bbox 556 5192 2149 5269; baseline 0.004 -20"><span class='ocrx_word' id='word_1_772' title='bbox 556 5193 706 5249; x_wconf 90' lang='lat' dir='ltr'><strong>niam</strong></span> <span class='ocrx_word' id='word_1_773' title='bbox 762 5192 1014 5246; x_wconf 89' lang='lat' dir='ltr'><strong>animalis</strong></span> <span class='ocrx_word' id='word_1_774' title='bbox 1053 5193 1248 5257; x_wconf 88' lang='lat' dir='ltr'><strong>homo,</strong></span> <span class='ocrx_word' id='word_1_775' title='bbox 1302 5210 1405 5248; x_wconf 90' lang='lat' dir='ltr'><strong>non</strong></span> <span class='ocrx_word' id='word_1_776' title='bbox 1456 5198 1680 5266; x_wconf 86' lang='lat' dir='ltr'><strong>percipit</strong></span> <span class='ocrx_word' id='word_1_777' title='bbox 1725 5214 1787 5253; x_wconf 79' lang='lat' dir='ltr'><strong>ea</strong></span> <span class='ocrx_word' id='word_1_778' title='bbox 1843 5215 1962 5269; x_wconf 76' lang='lat' dir='ltr'><strong>qua:</strong></span> <span class='ocrx_word' id='word_1_779' title='bbox 2022 5212 2149 5256; x_wconf 91' lang='lat' dir='ltr'><strong>sunt</strong></span> 
     </span>
    </p>
   </div>
   <div class='ocr_carea' id='block_1_99' title="bbox 557 5280 2148 5362">
    <p class='ocr_par' dir='ltr' id='par_1_99' title="bbox 557 5280 2148 5362">
     <span class='ocr_line' id='line_1_99' title="bbox 557 5280 2148 5362; baseline 0.006 -24"><span class='ocrx_word' id='word_1_780' title='bbox 557 5284 781 5352; x_wconf 84' lang='lat' dir='ltr'><strong>spiritus</strong></span> <span class='ocrx_word' id='word_1_781' title='bbox 818 5283 907 5338; x_wconf 92' lang='lat' dir='ltr'><strong>Dci</strong></span> <span class='ocrx_word' id='word_1_782' title='bbox 943 5281 993 5352; x_wconf 90' lang='grc'><strong>(1</strong></span> <span class='ocrx_word' id='word_1_783' title='bbox 1046 5280 1168 5337; x_wconf 83' lang='lat' dir='ltr'><strong>Cor.</strong></span> <span class='ocrx_word' id='word_1_784' title='bbox 1200 5284 1282 5353; x_wconf 89' lang='grc' dir='ltr'>ιι).</span> <span class='ocrx_word' id='word_1_785' title='bbox 1317 5287 1442 5340; x_wconf 89' lang='lat' dir='ltr'><strong>Sola</strong></span> <span class='ocrx_word' id='word_1_786' title='bbox 1491 5291 1633 5342; x_wconf 90' lang='lat' dir='ltr'><strong>enim</strong></span> <span class='ocrx_word' id='word_1_787' title='bbox 1666 5299 1879 5345; x_wconf 89' lang='lat' dir='ltr'><strong>terrena</strong></span> <span class='ocrx_word' id='word_1_788' title='bbox 1921 5293 2058 5362; x_wconf 88' lang='lat' dir='ltr'><strong>sapit</strong></span> <span class='ocrx_word' id='word_1_789' title='bbox 2095 5305 2148 5348; x_wconf 89' lang='lat' dir='ltr'><strong>et</strong></span> 
     </span>
    </p>
   </div>
   <div class='ocr_carea' id='block_1_100' title="bbox 557 5373 2148 5450">
    <p class='ocr_par' dir='ltr' id='par_1_100' title="bbox 557 5373 2148 5450">
     <span class='ocr_line' id='line_1_100' title="bbox 557 5373 2148 5450; baseline 0.006 -22"><span class='ocrx_word' id='word_1_790' title='bbox 557 5375 771 5445; x_wconf 74' lang='lat' dir='ltr'><strong>qumrit.</strong></span> <span class='ocrx_word' id='word_1_791' title='bbox 804 5373 936 5427; x_wconf 70' lang='lat' dir='ltr'><strong>fiunt</strong></span> <span class='ocrx_word' id='word_1_792' title='bbox 978 5384 1158 5427; x_wconf 86' lang='lat' dir='ltr'><strong>autem</strong></span> <span class='ocrx_word' id='word_1_793' title='bbox 1197 5374 1519 5432; x_wconf 73' lang='lat' dir='ltr'><strong>Nicodetuus</strong></span> <span class='ocrx_word' id='word_1_794' title='bbox 1564 5391 1832 5448; x_wconf 60' lang='lat' dir='ltr'><strong>quurrcret</strong></span> <span class='ocrx_word' id='word_1_795' title='bbox 1878 5385 2148 5450; x_wconf 80' lang='lat' dir='ltr'><strong>quomodo</strong></span> 
     </span>
    </p>
   </div>
   <div class='ocr_carea' id='block_1_101' title="bbox 557 5468 2144 5542">
    <p class='ocr_par' dir='ltr' id='par_1_101' title="bbox 557 5468 2144 5542">
     <span class='ocr_line' id='line_1_101' title="bbox 557 5468 2144 5542; baseline 0.004 -19"><span class='ocrx_word' id='word_1_796' title='bbox 557 5478 776 5539; x_wconf 83' lang='lat' dir='ltr'><strong>possent</strong></span> <span class='ocrx_word' id='word_1_797' title='bbox 806 5470 918 5523; x_wconf 67' lang='lat' dir='ltr'><strong>haec</strong></span> <span class='ocrx_word' id='word_1_798' title='bbox 948 5468 1083 5531; x_wconf 88' lang='lat' dir='ltr'><strong>lieri,</strong></span> <span class='ocrx_word' id='word_1_799' title='bbox 1117 5469 1317 5524; x_wconf 76' lang='lat' dir='ltr'><strong>audivit</strong></span> <span class='ocrx_word' id='word_1_800' title='bbox 1352 5488 1363 5523; x_wconf 94' lang='lat'>:</span> <span class='ocrx_word' id='word_1_801' title='bbox 1409 5470 1482 5523; x_wconf 87' lang='lat' dir='ltr'><strong>Tu</strong></span> <span class='ocrx_word' id='word_1_802' title='bbox 1508 5488 1560 5524; x_wconf 89' lang='lat' dir='ltr'><strong>es</strong></span> <span class='ocrx_word' id='word_1_803' title='bbox 1588 5474 1834 5542; x_wconf 79' lang='lat' dir='ltr'><strong>magister</strong></span> <span class='ocrx_word' id='word_1_804' title='bbox 1856 5473 1908 5528; x_wconf 90' lang='lat' dir='ltr'><strong>iu</strong></span> <span class='ocrx_word' id='word_1_805' title='bbox 1944 5477 2144 5542; x_wconf 79' lang='lat' dir='ltr'><strong>Israel,</strong></span> 
     </span>
    </p>
   </div>
   <div class='ocr_carea' id='block_1_102' title="bbox 554 5560 2143 5637">
    <p class='ocr_par' dir='ltr' id='par_1_102' title="bbox 554 5560 2143 5637">
     <span class='ocr_line' id='line_1_102' title="bbox 554 5560 2143 5637; baseline 0.006 -23"><span class='ocrx_word' id='word_1_806' title='bbox 554 5568 605 5615; x_wconf 69' lang='lat' dir='ltr'><strong>et</strong></span> <span class='ocrx_word' id='word_1_807' title='bbox 632 5560 742 5637; x_wconf 78' lang='lat' dir='ltr'><strong>It_tec</strong></span> <span class='ocrx_word' id='word_1_808' title='bbox 766 5563 975 5631; x_wconf 83' lang='lat' dir='ltr'><strong>ignoras</strong></span> <span class='ocrx_word' id='word_1_809' title='bbox 996 5565 1021 5616; x_wconf 72' lang='grc' dir='ltr'><strong>ε’</strong></span> <span class='ocrx_word' id='word_1_810' title='bbox 1065 5560 1120 5615; x_wconf 90' lang='lat' dir='ltr'><strong>lu</strong></span> <span class='ocrx_word' id='word_1_811' title='bbox 1148 5578 1253 5631; x_wconf 89' lang='lat' dir='ltr'><strong>quo</strong></span> <span class='ocrx_word' id='word_1_812' title='bbox 1276 5566 1511 5617; x_wconf 78' lang='lat' dir='ltr'><strong>ostendit</strong></span> <span class='ocrx_word' id='word_1_813' title='bbox 1541 5564 1796 5619; x_wconf 88' lang='lat' dir='ltr'><strong>Dominus</strong></span> <span class='ocrx_word' id='word_1_814' title='bbox 1829 5568 2143 5637; x_wconf 84' lang='lat' dir='ltr'><strong>magistrum</strong></span> 
     </span>
    </p>
   </div>
   <div class='ocr_carea' id='block_1_103' title="bbox 534 5634 2139 5729">
    <p class='ocr_par' dir='ltr' id='par_1_103' title="bbox 534 5634 2139 5729">
     <span class='ocr_line' id='line_1_103' title="bbox 534 5634 2139 5729; baseline 0.004 -19"><span class='ocrx_word' id='word_1_815' title='bbox 534 5634 816 5712; x_wconf 21' lang='lat' dir='ltr'><strong>‘Ecc&#39;lesiae</strong></span> <span class='ocrx_word' id='word_1_816' title='bbox 843 5656 1150 5726; x_wconf 84' lang='lat' dir='ltr'><strong>spiritualia</strong></span> <span class='ocrx_word' id='word_1_817' title='bbox 1179 5657 1475 5713; x_wconf 83' lang='lat' dir='ltr'><strong>ministeria</strong></span> <span class='ocrx_word' id='word_1_818' title='bbox 1503 5673 1607 5712; x_wconf 90' lang='lat' dir='ltr'><strong>non</strong></span> <span class='ocrx_word' id='word_1_819' title='bbox 1638 5658 1836 5714; x_wconf 86' lang='lat' dir='ltr'><strong>debere</strong></span> <span class='ocrx_word' id='word_1_820' title='bbox 1871 5634 2139 5729; x_wconf 76' lang='lat' dir='ltr'><strong>ignorare.</strong></span> 
     </span>
    </p>
   </div>
   <div class='ocr_carea' id='block_1_104' title="bbox 627 5833 1923 5909">
    <p class='ocr_par' dir='ltr' id='par_1_104' title="bbox 627 5833 1923 5909">
     <span class='ocr_line' id='line_1_104' title="bbox 627 5833 1923 5909; baseline 0.004 -19"><span class='ocrx_word' id='word_1_821' title='bbox 627 5833 745 5905; x_wconf 63' lang='lat' dir='ltr'><strong>(t9)</strong></span> <span class='ocrx_word' id='word_1_822' title='bbox 773 5833 935 5907; x_wconf 73' lang='lat' dir='ltr'><strong>Vulg.</strong></span> <span class='ocrx_word' id='word_1_823' title='bbox 968 5850 1075 5893; x_wconf 87' lang='lat' dir='ltr'><strong>non</strong></span> <span class='ocrx_word' id='word_1_824' title='bbox 1103 5836 1267 5893; x_wconf 84' lang='lat' dir='ltr'><strong>habet</strong></span> <span class='ocrx_word' id='word_1_825' title='bbox 1290 5838 1345 5892; x_wconf 90' lang='lat' dir='ltr'><strong>in</strong></span> <span class='ocrx_word' id='word_1_826' title='bbox 1377 5838 1578 5893; x_wconf 88' lang='lat' dir='ltr'><strong>occulta</strong></span> <span class='ocrx_word' id='word_1_827' title='bbox 1606 5853 1704 5895; x_wconf 87' lang='lat' dir='ltr'><strong>nec</strong></span> <span class='ocrx_word' id='word_1_828' title='bbox 1731 5847 1923 5909; x_wconf 72' lang='lat' dir='ltr'><strong>aperte.</strong></span> 
     </span>
    </p>
   </div>
   <div class='ocr_carea' id='block_1_105' title="bbox 2254 4634 3767 4712">
    <p class='ocr_par' dir='ltr' id='par_1_105' title="bbox 2254 4634 3767 4712">
     <span class='ocr_line' id='line_1_105' title="bbox 2254 4634 3767 4712; baseline -0.007 -14"><span class='ocrx_word' id='word_1_829' title='bbox 2254 4653 2395 4698; x_wconf 89' lang='lat' dir='ltr'><strong>stum</strong></span> <span class='ocrx_word' id='word_1_830' title='bbox 2439 4643 2492 4698; x_wconf 92' lang='lat' dir='ltr'><strong>in</strong></span> <span class='ocrx_word' id='word_1_831' title='bbox 2538 4645 2676 4699; x_wconf 90' lang='lat' dir='ltr'><strong>duas</strong></span> <span class='ocrx_word' id='word_1_832' title='bbox 2725 4644 2971 4699; x_wconf 91' lang='lat' dir='ltr'><strong>dividere</strong></span> <span class='ocrx_word' id='word_1_833' title='bbox 3016 4658 3276 4712; x_wconf 90' lang='lat' dir='ltr'><strong>personas</strong></span> <span class='ocrx_word' id='word_1_834' title='bbox 3326 4642 3592 4696; x_wconf 79' lang='lat' dir='ltr'><strong>attentavit.</strong></span> <span class='ocrx_word' id='word_1_835' title='bbox 3636 4634 3767 4691; x_wconf 66' lang='lat' dir='ltr'><strong>Fides</strong></span> 
     </span>
    </p>
   </div>
   <div class='ocr_carea' id='block_1_106' title="bbox 2254 4733 3760 4805">
    <p class='ocr_par' dir='ltr' id='par_1_106' title="bbox 2254 4733 3760 4805">
     <span class='ocr_line' id='line_1_106' title="bbox 2254 4733 3760 4805; baseline -0.006 -17"><span class='ocrx_word' id='word_1_836' title='bbox 2254 4736 2398 4789; x_wconf 90' lang='lat' dir='ltr'><strong>enim</strong></span> <span class='ocrx_word' id='word_1_837' title='bbox 2428 4737 2694 4791; x_wconf 88' lang='lat' dir='ltr'><strong>catholica</strong></span> <span class='ocrx_word' id='word_1_838' title='bbox 2720 4734 3010 4791; x_wconf 64' lang='lat' dir='ltr'><strong>itttjhristo</strong></span> <span class='ocrx_word' id='word_1_839' title='bbox 3032 4737 3304 4805; x_wconf 82' lang='lat' dir='ltr'><strong>geminam</strong></span> <span class='ocrx_word' id='word_1_840' title='bbox 3329 4733 3525 4804; x_wconf 87' lang='lat' dir='ltr'><strong>quidem</strong></span> <span class='ocrx_word' id='word_1_841' title='bbox 3545 4742 3760 4787; x_wconf 73' lang='lat' dir='ltr'><strong>naturam,</strong></span> 
     </span>
    </p>
   </div>
   <div class='ocr_carea' id='block_1_107' title="bbox 2254 4818 3763 4895">
    <p class='ocr_par' dir='ltr' id='par_1_107' title="bbox 2254 4818 3763 4895">
     <span class='ocr_line' id='line_1_107' title="bbox 2254 4818 3763 4895; baseline -0.005 -15"><span class='ocrx_word' id='word_1_842' title='bbox 2254 4825 2348 4880; x_wconf 88' lang='lat' dir='ltr'><strong>sed</strong></span> <span class='ocrx_word' id='word_1_843' title='bbox 2371 4842 2529 4879; x_wconf 90' lang='lat' dir='ltr'><strong>uuam</strong></span> <span class='ocrx_word' id='word_1_844' title='bbox 2559 4829 2728 4881; x_wconf 83' lang='lat' dir='ltr'><strong>solam</strong></span> <span class='ocrx_word' id='word_1_845' title='bbox 2754 4828 3051 4882; x_wconf 86' lang='lat' dir='ltr'><strong>confitetur</strong></span> <span class='ocrx_word' id='word_1_846' title='bbox 3076 4840 3382 4895; x_wconf 88' lang='lat' dir='ltr'><strong>personam.</strong></span> <span class='ocrx_word' id='word_1_847' title='bbox 3412 4825 3528 4878; x_wconf 70' lang='lat' dir='ltr'><strong>[hac</strong></span> <span class='ocrx_word' id='word_1_848' title='bbox 3549 4818 3763 4888; x_wconf 71' lang='lat' dir='ltr'><strong>estquod,</strong></span> 
     </span>
    </p>
   </div>
   <div class='ocr_carea' id='block_1_108' title="bbox 2253 4919 3760 4989">
    <p class='ocr_par' dir='ltr' id='par_1_108' title="bbox 2253 4919 3760 4989">
     <span class='ocr_line' id='line_1_108' title="bbox 2253 4919 3760 4989; baseline -0.003 -19"><span class='ocrx_word' id='word_1_849' title='bbox 2253 4919 2502 4988; x_wconf 87' lang='lat' dir='ltr'><strong>quamvis</strong></span> <span class='ocrx_word' id='word_1_850' title='bbox 2557 4919 3039 4989; x_wconf 88' lang='lat' dir='ltr'><strong>inconsequenter,</strong></span> <span class='ocrx_word' id='word_1_851' title='bbox 3074 4931 3252 4972; x_wconf 88' lang='lat' dir='ltr'><strong>tamen</strong></span> <span class='ocrx_word' id='word_1_852' title='bbox 3306 4919 3541 4971; x_wconf 86' lang='lat' dir='ltr'><strong>audacter</strong></span> <span class='ocrx_word' id='word_1_853' title='bbox 3573 4924 3610 4967; x_wconf 82' lang='lat' dir='ltr'><strong>et</strong></span> <span class='ocrx_word' id='word_1_854' title='bbox 3658 4924 3760 4962; x_wconf 65' lang='lat' dir='ltr'><strong>fere</strong></span> 
     </span>
    </p>
   </div>
   <div class='ocr_carea' id='block_1_109' title="bbox 2254 5009 3761 5074">
    <p class='ocr_par' dir='ltr' id='par_1_109' title="bbox 2254 5009 3761 5074">
     <span class='ocr_line' id='line_1_109' title="bbox 2254 5009 3761 5074; baseline -0.003 -9"><span class='ocrx_word' id='word_1_855' title='bbox 2254 5011 2599 5074; x_wconf 84' lang='lat' dir='ltr'><strong>conlitetnur,</strong></span> <span class='ocrx_word' id='word_1_856' title='bbox 2625 5020 2679 5065; x_wconf 86' lang='lat' dir='ltr'><strong>et</strong></span> <span class='ocrx_word' id='word_1_857' title='bbox 2718 5011 2915 5064; x_wconf 78' lang='lat' dir='ltr'><strong>Filium</strong></span> <span class='ocrx_word' id='word_1_858' title='bbox 2948 5010 3184 5064; x_wconf 90' lang='lat' dir='ltr'><strong>hominis</strong></span> <span class='ocrx_word' id='word_1_859' title='bbox 3216 5011 3459 5063; x_wconf 89' lang='lat' dir='ltr'><strong>mundum</strong></span> <span class='ocrx_word' id='word_1_860' title='bbox 3493 5017 3687 5061; x_wconf 76' lang='lat' dir='ltr'><strong>creasse.</strong></span> <span class='ocrx_word' id='word_1_861' title='bbox 3719 5009 3761 5052; x_wconf 71' lang='grc' dir='ltr'>ει</span> 
     </span>
    </p>
   </div>
   <div class='ocr_carea' id='block_1_110' title="bbox 2253 5106 3755 5183">
    <p class='ocr_par' dir='ltr' id='par_1_110' title="bbox 2253 5106 3755 5183">
     <span class='ocr_line' id='line_1_110' title="bbox 2253 5106 3755 5183; baseline -0.001 -21"><span class='ocrx_word' id='word_1_862' title='bbox 2253 5107 2426 5162; x_wconf 81' lang='lat' dir='ltr'><strong>Filtun</strong></span> <span class='ocrx_word' id='word_1_863' title='bbox 2476 5108 2568 5164; x_wconf 89' lang='lat' dir='ltr'><strong>Dei</strong></span> <span class='ocrx_word' id='word_1_864' title='bbox 2606 5126 2672 5164; x_wconf 75' lang='lat' dir='ltr'><strong>ex</strong></span> <span class='ocrx_word' id='word_1_865' title='bbox 2733 5110 2955 5183; x_wconf 82' lang='lat' dir='ltr'><strong>Virgine</strong></span> <span class='ocrx_word' id='word_1_866' title='bbox 3004 5120 3212 5173; x_wconf 90' lang='lat' dir='ltr'><strong>natum,</strong></span> <span class='ocrx_word' id='word_1_867' title='bbox 3266 5120 3319 5165; x_wconf 90' lang='lat' dir='ltr'><strong>et</strong></span> <span class='ocrx_word' id='word_1_868' title='bbox 3347 5110 3471 5179; x_wconf 86' lang='lat' dir='ltr'><strong>quod</strong></span> <span class='ocrx_word' id='word_1_869' title='bbox 3515 5106 3648 5173; x_wconf 82' lang='lat' dir='ltr'><strong>majus</strong></span> <span class='ocrx_word' id='word_1_870' title='bbox 3692 5109 3755 5153; x_wconf 57' lang='lat' dir='ltr'><strong>bi</strong></span> 
     </span>
    </p>
   </div>
   <div class='ocr_carea' id='block_1_111' title="bbox 2254 5199 3753 5273">
    <p class='ocr_par' dir='ltr' id='par_1_111' title="bbox 2254 5199 3753 5273">
     <span class='ocr_line' id='line_1_111' title="bbox 2254 5199 3753 5273; baseline -0.001 -18"><span class='ocrx_word' id='word_1_871' title='bbox 2254 5212 2524 5255; x_wconf 90' lang='lat' dir='ltr'><strong>mortuum</strong></span> <span class='ocrx_word' id='word_1_872' title='bbox 2557 5218 2697 5258; x_wconf 87' lang='lat' dir='ltr'><strong>esse.</strong></span> <span class='ocrx_word' id='word_1_873' title='bbox 2738 5204 2811 5258; x_wconf 89' lang='lat' dir='ltr'><strong>De</strong></span> <span class='ocrx_word' id='word_1_874' title='bbox 2853 5203 3110 5273; x_wconf 86' lang='lat' dir='ltr'><strong>passione</strong></span> <span class='ocrx_word' id='word_1_875' title='bbox 3138 5218 3236 5257; x_wconf 90' lang='lat' dir='ltr'><strong>sua</strong></span> <span class='ocrx_word' id='word_1_876' title='bbox 3276 5217 3398 5257; x_wconf 89' lang='lat' dir='ltr'><strong>eum</strong></span> <span class='ocrx_word' id='word_1_877' title='bbox 3441 5199 3619 5255; x_wconf 84' lang='lat' dir='ltr'><strong>instruit.</strong></span> <span class='ocrx_word' id='word_1_878' title='bbox 3652 5208 3753 5247; x_wconf 68' lang='lat' dir='ltr'><strong>tum</strong></span> 
     </span>
    </p>
   </div>
   <div class='ocr_carea' id='block_1_112' title="bbox 2251 5290 3749 5365">
    <p class='ocr_par' dir='ltr' id='par_1_112' title="bbox 2251 5290 3749 5365">
     <span class='ocr_line' id='line_1_112' title="bbox 2251 5290 3749 5365; baseline -0.007 -20"><span class='ocrx_word' id='word_1_879' title='bbox 2251 5293 2433 5346; x_wconf 76' lang='lat' dir='ltr'><strong>subdit</strong></span> <span class='ocrx_word' id='word_1_880' title='bbox 2468 5310 2480 5347; x_wconf 92' lang='lat'>:</span> <span class='ocrx_word' id='word_1_881' title='bbox 2516 5296 2578 5346; x_wconf 66' lang='lat' dir='ltr'><strong>la&#39;t</strong></span> <span class='ocrx_word' id='word_1_882' title='bbox 2606 5305 2741 5348; x_wconf 76' lang='lat' dir='ltr'><strong>sicut</strong></span> <span class='ocrx_word' id='word_1_883' title='bbox 2774 5294 2985 5365; x_wconf 79' lang='lat' dir='ltr'><strong>Moyses</strong></span> <span class='ocrx_word' id='word_1_884' title='bbox 3015 5294 3265 5349; x_wconf 72' lang='lat' dir='ltr'><strong>exultarit</strong></span> <span class='ocrx_word' id='word_1_885' title='bbox 3285 5304 3534 5363; x_wconf 70' lang='lat' dir='ltr'><strong>serpentem</strong></span> <span class='ocrx_word' id='word_1_886' title='bbox 3552 5290 3591 5341; x_wconf 86' lang='lat' dir='ltr'><strong>iu</strong></span> <span class='ocrx_word' id='word_1_887' title='bbox 3605 5299 3749 5339; x_wconf 65' lang='lat' dir='ltr'><strong>cressa</strong></span> 
     </span>
    </p>
   </div>
   <div class='ocr_carea' id='block_1_113' title="bbox 2254 5376 3747 5459">
    <p class='ocr_par' dir='ltr' id='par_1_113' title="bbox 2254 5376 3747 5459">
     <span class='ocr_line' id='line_1_113' title="bbox 2254 5376 3747 5459; baseline -0.002 -20"><span class='ocrx_word' id='word_1_888' title='bbox 2254 5385 2365 5455; x_wconf 86' lang='lat'><strong>(50)</strong></span> <span class='ocrx_word' id='word_1_889' title='bbox 2396 5404 2409 5439; x_wconf 89' lang='lat'><strong>:</strong></span> <span class='ocrx_word' id='word_1_890' title='bbox 2443 5398 2516 5440; x_wconf 77' lang='lat' dir='ltr'><strong>ita</strong></span> <span class='ocrx_word' id='word_1_891' title='bbox 2558 5388 2783 5441; x_wconf 70' lang='lat' dir='ltr'><strong>exaltari</strong></span> <span class='ocrx_word' id='word_1_892' title='bbox 2817 5396 3021 5459; x_wconf 83' lang='lat' dir='ltr'><strong>Oportet</strong></span> <span class='ocrx_word' id='word_1_893' title='bbox 3050 5386 3251 5441; x_wconf 83' lang='lat' dir='ltr'><strong>Filium</strong></span> <span class='ocrx_word' id='word_1_894' title='bbox 3298 5387 3519 5448; x_wconf 73' lang='lat' dir='ltr'><strong>hominis,</strong></span> <span class='ocrx_word' id='word_1_895' title='bbox 3541 5390 3581 5432; x_wconf 76' lang='lat' dir='ltr'><strong>td</strong></span> <span class='ocrx_word' id='word_1_896' title='bbox 3604 5376 3747 5429; x_wconf 49' lang='lat' dir='ltr'><strong>eam}</strong></span> 
     </span>
    </p>
   </div>
   <div class='ocr_carea' id='block_1_114' title="bbox 2251 5477 3744 5550">
    <p class='ocr_par' dir='ltr' id='par_1_114' title="bbox 2251 5477 3744 5550">
     <span class='ocr_line' id='line_1_114' title="bbox 2251 5477 3744 5550; baseline -0.005 -20"><span class='ocrx_word' id='word_1_897' title='bbox 2251 5478 2341 5548; x_wconf 86' lang='lat' dir='ltr'><strong>qui</strong></span> <span class='ocrx_word' id='word_1_898' title='bbox 2368 5480 2531 5532; x_wconf 86' lang='lat' dir='ltr'><strong>credit</strong></span> <span class='ocrx_word' id='word_1_899' title='bbox 2561 5483 2615 5533; x_wconf 83' lang='lat' dir='ltr'><strong>in</strong></span> <span class='ocrx_word' id='word_1_900' title='bbox 2652 5497 2767 5533; x_wconf 86' lang='lat' dir='ltr'><strong>eum</strong></span> <span class='ocrx_word' id='word_1_901' title='bbox 2797 5497 2898 5533; x_wconf 88' lang='lat' dir='ltr'><strong>non</strong></span> <span class='ocrx_word' id='word_1_902' title='bbox 2923 5490 3125 5550; x_wconf 80' lang='lat' dir='ltr'><strong>pereat,</strong></span> <span class='ocrx_word' id='word_1_903' title='bbox 3151 5483 3243 5532; x_wconf 80' lang='lat' dir='ltr'><strong>sed</strong></span> <span class='ocrx_word' id='word_1_904' title='bbox 3270 5481 3443 5533; x_wconf 81' lang='lat' dir='ltr'><strong>[tabent</strong></span> <span class='ocrx_word' id='word_1_905' title='bbox 3479 5477 3593 5531; x_wconf 60' lang='lat' dir='ltr'><strong>citata</strong></span> <span class='ocrx_word' id='word_1_906' title='bbox 3620 5482 3744 5519; x_wconf 50' lang='lat' dir='ltr'><strong>ﬁt?“</strong></span> 
     </span>
    </p>
   </div>
   <div class='ocr_carea' id='block_1_115' title="bbox 2257 5565 3738 5644">
    <p class='ocr_par' dir='ltr' id='par_1_115' title="bbox 2257 5565 3738 5644">
     <span class='ocr_line' id='line_1_115' title="bbox 2257 5565 3738 5644; baseline 0.003 -19"><span class='ocrx_word' id='word_1_907' title='bbox 2257 5589 2397 5625; x_wconf 87' lang='lat' dir='ltr'><strong>nam.</strong></span> <span class='ocrx_word' id='word_1_908' title='bbox 2429 5573 2493 5626; x_wconf 74' lang='lat' dir='ltr'><strong>Et</strong></span> <span class='ocrx_word' id='word_1_909' title='bbox 2530 5574 2749 5643; x_wconf 85' lang='lat' dir='ltr'><strong>pulchre</strong></span> <span class='ocrx_word' id='word_1_910' title='bbox 2773 5576 3090 5644; x_wconf 84' lang='lat' dir='ltr'><strong>magistrum</strong></span> <span class='ocrx_word' id='word_1_911' title='bbox 3125 5572 3278 5642; x_wconf 75' lang='lat' dir='ltr'><strong>legis,</strong></span> <span class='ocrx_word' id='word_1_912' title='bbox 3306 5589 3396 5643; x_wconf 87' lang='lat' dir='ltr'><strong>per</strong></span> <span class='ocrx_word' id='word_1_913' title='bbox 3416 5572 3589 5641; x_wconf 72' lang='lat' dir='ltr'><strong>ftgttralll</strong></span> <span class='ocrx_word' id='word_1_914' title='bbox 3609 5565 3738 5629; x_wconf 60' lang='grc' dir='ltr'><strong>’τίδ’</strong></span> 
     </span>
    </p>
   </div>
   <div class='ocr_carea' id='block_1_116' title="bbox 2247 5651 3733 5735">
    <p class='ocr_par' dir='ltr' id='par_1_116' title="bbox 2247 5651 3733 5735">
     <span class='ocr_line' id='line_1_116' title="bbox 2247 5651 3733 5735; baseline 0 -17"><span class='ocrx_word' id='word_1_915' title='bbox 2247 5666 2314 5720; x_wconf 87' lang='lat' dir='ltr'><strong>de.</strong></span> <span class='ocrx_word' id='word_1_916' title='bbox 2341 5682 2437 5719; x_wconf 89' lang='lat' dir='ltr'><strong>sua</strong></span> <span class='ocrx_word' id='word_1_917' title='bbox 2466 5666 2683 5720; x_wconf 90' lang='lat' dir='ltr'><strong>instruit</strong></span> <span class='ocrx_word' id='word_1_918' title='bbox 2702 5668 2978 5735; x_wconf 86' lang='lat' dir='ltr'><strong>passione,</strong></span> <span class='ocrx_word' id='word_1_919' title='bbox 3013 5660 3247 5722; x_wconf 85' lang='lat' dir='ltr'><strong>innuéns</strong></span> <span class='ocrx_word' id='word_1_920' title='bbox 3276 5675 3378 5720; x_wconf 90' lang='lat' dir='ltr'><strong>tam</strong></span> <span class='ocrx_word' id='word_1_921' title='bbox 3400 5666 3485 5719; x_wconf 87' lang='lat' dir='ltr'><strong>hoc</strong></span> <span class='ocrx_word' id='word_1_922' title='bbox 3507 5669 3621 5732; x_wconf 69' lang='lat' dir='ltr'><strong>quam</strong></span> <span class='ocrx_word' id='word_1_923' title='bbox 3646 5651 3733 5706; x_wconf 50' lang='grc' dir='ltr'>ιθ</span> 
     </span>
    </p>
   </div>
   <div class='ocr_carea' id='block_1_117' title="bbox 2316 5846 2881 5918">
    <p class='ocr_par' dir='ltr' id='par_1_117' title="bbox 2316 5846 2881 5918">
     <span class='ocr_line' id='line_1_117' title="bbox 2316 5846 2881 5918; baseline 0 -17"><span class='ocrx_word' id='word_1_924' title='bbox 2316 5847 2430 5918; x_wconf 80' lang='lat'><strong>(50)</strong></span> <span class='ocrx_word' id='word_1_925' title='bbox 2461 5846 2613 5917; x_wconf 73' lang='lat' dir='ltr'><strong>Vulg.</strong></span> <span class='ocrx_word' id='word_1_926' title='bbox 2654 5846 2881 5901; x_wconf 85' lang='lat' dir='ltr'><strong>Deserto.</strong></span> 
     </span>
    </p>
   </div>
   <div class='ocr_carea' id='block_1_118' title="bbox 3842 5720 3852 5783">
    <p class='ocr_par' dir='ltr' id='par_1_118' title="bbox 3842 5720 3852 5783">
     <span class='ocr_line' id='line_1_118' title="bbox 3842 5720 3852 5783; baseline 0 0"><span class='ocrx_word' id='word_1_927' title='bbox 3842 5720 3852 5783; x_wconf 86' lang='lat' dir='ltr'><strong>l</strong></span> 
     </span>
    </p>
   </div>
   <div class='ocr_carea' id='block_1_119' title="bbox 3846 5906 3852 5955">
    <p class='ocr_par' dir='ltr' id='par_1_119' title="bbox 3846 5906 3852 5955">
     <span class='ocr_line' id='line_1_119' title="bbox 3846 5906 3852 5955; baseline 0 0"><span class='ocrx_word' id='word_1_928' title='bbox 3846 5906 3852 5955; x_wconf 93' lang='lat' dir='ltr'><strong>l</strong></span> 
     </span>
    </p>
   </div>
  </div>
