3896 6320
159 346 295 406 1053,

751 296 1054 393 HOMILIAS
1091 338 1155 393 IN
1186 336 1403 395 EPIST.
1448 338 1533 395 er
1574 337 1660 396 sv

1776 339 1834 398 Ε.
1873 341 2251 401 DOMINIC.”
2288 339 2466 397 PARS
2506 339 2570 395 ll.

3256 344 3391 404 ιοδι

153 463 198 517 in
226 457 334 526 lege
364 454 411 507 iu
450 456 669 519 ttguram
698 448 778 503 sui
807 452 1164 519 prmcessisse,
1196 451 1376 521 ignitis
1404 453 1549 508 enim
1580 469 1696 510 ser-
1723 458 1772 517 Α
1798 454 1969 524 diligit
2025 456 2275 509 mundum
2302 494 2317 519 ,
2374 470 2476 507 non
2545 462 2619 507 est
2688 454 2922 511 charitae
2982 453 3163 513 Patris
3213 458 3267 513 in
3329 446 3407 518 eo.

146 548 375 621 pentibus
402 542 536 597 ﬁlios
568 544 727 596 Israel
762 544 811 596 in
856 544 1072 600 deserto
1115 548 1452 615 neeantibus,
1476 548 1702 618 iubente

1805 546 1860 616 (1
1893 548 2053 603 Joan.
2116 550 2199 619 ιι).
2260 547 2467 617 Itaque,
2524 544 2752 612 fratres,
2812 548 3091 606 imitemur
3140 543 3415 625 antiquos.

143 639 366 697 Domino,
391 634 595 705 Moyses
618 633 1122 705 erexitserpeutem
1148 654 1356 693 :enenm
1389 641 1438 695 in
1464 644 1605 710 palo,
1631 639 1699 695 ad
1801 637 2016 706 Patres,
2078 640 2168 709 qui
2224 655 2310 693 res
2375 648 2620 692 terrenas
2681 654 2789 693 non
2852 641 3281 711 concupierunt,
3335 654 3392 700 et

138 746 279 803 quem
312 727 672 796 respicientes,
704 728 771 780 ah
803 727 984 797 ignitis
1016 732 1361 801 serpentibus
1393 732 1700 788 liberaban-

138 831 213 877 tur
237 819 416 889 (Nam.
450 819 584 885 xxi).
608 818 777 874 Porro
806 819 1014 892 Moyses
1043 824 1414 895 prtetiguravit
1436 824 1688 896 populum

132 914 414 969 Judaieum.
443 909 678 978 Serpens
716 926 900 964 aeneus
930 911 1173 968 elevatus
1208 914 1259 968 in
1288 914 1428 969 cado
1459 915 1510 969 in
1548 916 1693 987 palo,

132 1006 490 1063 exaltatiouem
545 1005 744 1061 Christi
803 1007 853 1062 in
918 1008 1062 1079 ligno
1117 1011 1387 1080 ﬁguravit.
1446 1010 1511 1065 Et
1555 1011 1695 1067 bene

127 1099 353 1154 Christus
397 1114 494 1166 per
521 1113 730 1154 autenm
774 1110 1083 1171 serpentem
1124 1102 1406 1171 figuratur,
1437 1102 1690 1173 quoniam

129 1195 255 1249 sicut
286 1208 460 1247 :cncus
506 1208 732 1260 serpens
764 1195 1036 1263 serpentis
1078 1196 1241 1251 habet
1283 1196 1691 1251 similitudinem

124 1296 171 1339 et
200 1300 295 1337 non
328 1300 463 1349 rem,
499 1285 568 1337 ita
592 1284 839 1340 Christus
866 1287 1049 1342 habuit
1079 1288 1482 1343 similitudinem
1508 1286 1691 1342 carnis

122 1375 330 1448 peccati,
360 1390 463 1431 nou
496 1385 673 1431 autem
710 1394 929 1433 carnem
968 1380 1198 1449 peccati.
1237 1380 1302 1435 Et
1332 1381 1472 1436 sicut
1501 1394 1686 1435 amens

121 1484 346 1537 serpens,
381 1485 502 1525 cum
526 1486 750 1539 serpens
775 1473 1071 1536 videretur,
1096 1483 1216 1528 erat
1242 1473 1591 1543 impntribilis
1634 1480 1690 1528 et

124 1560 391 1627 durabilis,
430 1561 500 1615 ita
545 1561 815 1629 dominus,
843 1579 965 1618 cum
1005 1563 1167 1618 homo
1193 1563 1435 1618 mortalis
1464 1578 1689 1634 appare-

121 1660 213 1716 ret,
246 1661 422 1705 tamen
457 1654 751 1708 secundum
804 1654 1140 1709 divinitatem
1196 1666 1431 1711 mternus
1471 1663 1589 1708 erat
1632 1663 1689 1709 et

116 1741 447 1798 immortalis.
507 1743 660 1798 Sicut
712 1755 895 1800 autem
960 1745 1313 1815 respicientes
1361 1748 1426 1800 ad
1474 1760 1683 1801 aeneum

112 1842 409 1904 serpentem
437 1850 544 1889 non
573 1835 961 1892 occidebantur
986 1838 1054 1891 ab
1101 1838 1286 1909 ignitis
1317 1839 1682 1909 serpentibus,

107 1925 192 1981 sed
216 1926 495 1992 vivebant,
524 1928 595 1983 ita
624 1928 932 1997 quicunque
953 1946 1076 1986 vera
1101 1930 1205 1986 lide
1231 1941 1286 1986 et
1309 1930 1594 1987 dileciione
1616 1930 1683 1987 ad

106 2020 368 2075 Christum
420 2021 742 2076 crucifixum
794 2024 1111 2096 respiciunt,
1154 2040 1261 2081 non
1291 2026 1613 2082 occiduntur
1650 2043 1682 2082 a

104 2112 425 2183 serpentinis
458 2114 851 2172 tentationibus
881 2117 1105 2183 diaboli,
1137 2120 1231 2174 sed
1272 2119 1473 2175 habent
1508 2119 1681 2175 vitam

101 2218 373 2261 aeternam.
410 2206 507 2261 Est
532 2224 662 2279 ergo
694 2225 759 2265 ac
785 2210 829 2265 si
872 2210 1085 2266 dicatur
1112 2210 1403 2267 Nicodemo
1440 2212 1520 2268 vel
1566 2213 1683 2268 cui-

100 2297 227 2352 libet
255 2297 398 2353 fideli
431 2316 445 2354 :
478 2299 535 2355 Si
567 2301 649 2356 vis
676 2301 745 2356 ab
773 2302 985 2358 insidiis
1020 2303 1216 2360 diaboli
1263 2304 1502 2369 liberari,
1536 2313 1590 2360 et
1625 2304 1680 2359 in

98 2389 288 2445 emtum
341 2406 472 2445 cum
536 2391 673 2448 Filio
722 2393 959 2451 hominis
1014 2396 1331 2461 ascendere,
1384 2396 1452 2451 ad
1504 2396 1678 2467 ipsutn

94 2483 414 2539 crucifixum
453 2501 674 2558 semper
718 2488 945 2557 respice.
987 2489 1235 2560 Respice,
1270 2492 1508 2561 inqnatn,
1552 2492 1677 2556 lide,

93 2577 298 2645 respice
334 2577 652 2644 dilectione,
698 2582 904 2649 respice
948 2581 1270 2639 imitatione.
1317 2580 1479 2638 Juxta
1531 2582 1678 2653 quod

88 2666 197 2736 ipse
246 2667 377 2722 alibi
418 2678 606 2725 tnonet
632 2686 646 2724 :
677 2668 783 2736 Qui
814 2671 920 2725 vult
957 2673 1126 2727 reuire
1155 2682 1268 2743 post
1312 2689 1413 2736 me,
1463 2674 1676 2744 abneget

87 2761 420 2830 tentetipsum
473 2771 522 2817 et
573 2762 723 2816 tollat
773 2779 978 2818 crucem
1030 2781 1181 2818 suam
1220 2774 1268 2819 et
1300 2773 1550 2836 sequatur
1596 2780 1678 2819 me

84 2848 230 2917 (Lac.
284 2858 393 2921 ix).
450 2850 580 2908 llaec
629 2861 711 2907 est
748 2855 914 2916 enim,
949 2854 1145 2909 fratres
1178 2855 1281 2909 mei
1311 2856 1418 2919 via,
1452 2856 1565 2911 haec
1591 2864 1678 2911 est

82 2940 221 2995 scala
257 2943 602 3000 ascendendi
644 2945 711 2999 ad
765 2961 991 3017 regnum
1038 2947 1319 3003 caelorum.
1377 2948 1490 3004 Non
1528 2950 1674 3005 enim

78 3048 171 3102 per
211 3034 468 3101 divitias,
510 3055 616 3093 non
649 3056 744 3110 per
789 3041 1041 3107 honores,
1075 3058 1178 3096 non
1231 3058 1328 3112 per
1372 3044 1675 3116 voluptates

76 3123 182 3177 itur
216 3126 286 3180 ad
324 3143 560 3196 regnum
587 3132 870 3197 etrlorum,
899 3134 993 3189 sed
1020 3150 1114 3204 per
1144 3150 1325 3190 veram
1360 3136 1543 3203 ﬁdem,
1578 3154 1676 3209 per

70 3229 254 3270 veram
285 3217 385 3274 Dei
422 3232 481 3275 et
524 3225 754 3293 proximi
783 3224 1148 3291 dilectionem,
1181 3243 1275 3297 per
1318 3244 1495 3285 rerum
1541 3240 1677 3285 tem-

69 3309 362 3377 poralinm.
406 3323 466 3369 et
506 3316 673 3370 etiam
704 3318 930 3388 proprii
978 3320 1220 3390 corporis
1251 3322 1677 3379 abrenuntiatio-

66 3418 212 3465 nent,
241 3419 347 3474 per
377 3407 750 3463 humilitatem
779 3419 829 3464 et
856 3412 1195 3480 patientiam.
1226 3412 1327 3469 Per
1345 3430 1505 3485 quam
1530 3416 1673 3472 viain

63 3495 149 3551 det
174 3499 344 3554 nobis
374 3514 440 3555 se
472 3501 627 3573 sequi
652 3511 703 3557 et
730 3504 986 3574 consequi
1022 3504 1283 3562 Dominus
1308 3518 1491 3563 noster
1516 3507 1674 3566 Jesus

58 3588 344 3661 Christus,
376 3594 478 3665 qui
511 3610 633 3649 eum
672 3594 835 3651 Patre
876 3606 933 3651 et
970 3598 1171 3668 Spiritu
1220 3609 1409 3655 sancto
1451 3601 1583 3656 vivit
1618 3611 1673 3658 et

57 3693 252 3755 regnat
280 3685 440 3743 Deus
468 3704 570 3758 per
596 3689 779 3743 omnia
814 3689 1009 3745 saecula
1035 3690 1373 3748 smculoruttt.
1404 3692 1598 3749 Amen.

675 3777 955 3835 llOMlLIA
995 3781 1080 3836 ΙΙΙ.

446 3882 500 3925 ll'f
524 3886 692 3927 1⁸85το
714 3887 931 3928 εΑΝετιε
974 3890 1300 3932 τιιιιιιιτλτιε.

120 3961 280 4019 Time
338 3962 526 4019 Deum
576 3975 623 4019 et
684 3966 936 4021 mandata
987 3968 1103 4037 ejus
1145 3969 1376 4024 obserra.
1428 3968 1546 4025 Hoc
1592 3980 1667 4027 est

51 4056 222 4109 sumis
271 4056 449 4109 homo
480 4053 681 4126 (Ercle.
710 4060 829 4126 ιιι).
860 4057 916 4112 In
947 4059 1047 4114 hac
1080 4058 1225 4115 brevi
1255 4060 1516 4130 clausula,
1556 4064 1666 4118 fra-

51 4155 158 4202 tres
206 4148 563 4210 charissimi,
613 4149 783 4203 forma
814 4160 868 4205 et
916 4150 1151 4206 eruditio
1202 4153 1366 4207 totius
1420 4155 1666 4209 humanae

51 4241 172 4297 vita:
196 4242 726 4319 comprehenditur.
765 4244 898 4299 Cum
938 4244 1083 4299 enim
1109 4245 1362 4301 Salomon
1392 4247 1457 4301 de
1483 4247 1663 4303 diver-

51 4348 236 4389 torum
290 4334 597 4390 seintentiis
645 4344 700 4389 et
727 4334 1075 4406 opinionibus
1115 4337 1280 4391 inulta
1311 4341 1663 4394 concionatus

51 4436 232 4495 esset,
298 4428 376 4482 ad
443 4436 747 4483 extremum
804 4428 1071 4483 conclusit
1133 4428 1273 4485 hanc
1339 4432 1660 4487 sententiam

1803 730 2039 796 habitas,
2088 749 2193 787 non
2243 732 2570 795 dilexerunt,
2611 740 2666 786 et
2711 731 2830 787 ideo
2876 736 3101 804 perdere
3136 738 3254 792 illas
3282 754 3387 794 non

1802 819 2122 887 timuerunt,
2142 822 2273 893 quin
2305 821 2483 891 potius
2515 822 2634 876 sine
2667 837 2895 878 rancore
2936 839 3033 879 eas
3083 826 3387 899 derelique-

1803 923 1953 978 rnnt,
1982 924 2037 969 et
2067 918 2185 969 lzete
2224 929 2319 969 eas
2346 914 2675 985 pauperibus
2698 926 3081 985 erogavernnt.
3114 916 3388 975 Imitemur

1797 1005 2013 1061 beatum
2057 1004 2178 1073 Joh,
2228 1006 2319 1078 qui
2372 1016 2449 1062 tot
2496 1017 2552 1062 et
2597 1016 2776 1063 tantas
2806 1008 3025 1063 divitias
3055 1008 3173 1064 sine
3203 1026 3387 1067 amore

1797 1093 2003 1160 habuit,
2035 1096 2152 1151 sine
2206 1098 2400 1152 timore
2432 1099 2694 1167 possedit,
2742 1099 2859 1154 sine
2903 1099 3087 1155 dolore
3134 1100 3383 1170 perdidit.

1798 1186 1964 1242 lstmn
1991 1204 2120 1257 ergo
2146 1191 2475 1245 mundanum
2509 1191 2871 1263 vitiosumque
2901 1192 3148 1248 timorem
3178 1208 3208 1247 a
3232 1192 3386 1251 nobis

1794 1279 2151 1347 cxtiellamus,
2207 1280 2479 1338 discamus
2534 1293 2746 1338 terrena
2800 1295 3171 1350 contemnere,
3215 1294 3272 1341 et
3319 1301 3382 1342 ea

1797 1368 2023 1423 ridendo
2071 1372 2326 1427 amittere
2381 1373 2463 1427 vel
2510 1376 2691 1444 potius
2735 1390 2980 1447 erogare.
3016 1376 3204 1432 Timor
3252 1392 3382 1433 vero

1790 1471 1965 1528 paula:
1988 1460 2068 1513 vel
2104 1460 2312 1527 mortis,
2340 1465 2597 1519 naturalis
2621 1475 2728 1529 e5t,
2755 1475 2808 1519 et
2832 1465 2950 1519 ideo
2983 1465 3087 1520 nisi
3125 1480 3381 1522 ext-esse-

1800 1552 1889 1617 rit,
1928 1568 2035 1607 non
2071 1564 2153 1608 est
2190 1554 2435 1610 vitiosus.
2480 1556 2631 1613 Unde
2681 1567 2735 1613 et
2778 1558 3062 1626 Dominus,
3115 1561 3206 1630 qui
3248 1560 3382 1616 nihil

1794 1644 1897 1699 nisi
1930 1644 2126 1700 bonum
2161 1646 2368 1713 habuit,
2396 1649 2535 1704 hunc
2558 1666 2655 1720 pro
2680 1652 2833 1705 nobis
2860 1652 3168 1706 voluntarie
3196 1667 3381 1708 susce-

1790 1737 1891 1805 pit,
1930 1738 2109 1794 timnit
2134 1740 2276 1795 enim
2310 1750 2556 1803 mortem.
2583 1754 2634 1798 et
2660 1753 2879 1813 propter
2898 1761 3016 1800 eam
3060 1745 3229 1802 tristis
3255 1745 3376 1801 fuit.

1718 1810 1762 1871 Β
1791 1832 1895 1899 Qui
1931 1845 2109 1888 tamen
2142 1833 2390 1889 hortatur
2434 1850 2564 1891 suos
2598 1852 2665 1892 ne
2701 1838 2923 1892 timeant
2956 1850 3181 1894 mortem
3213 1858 3227 1895 :
3262 1837 3381 1895 No-

1788 1922 1901 1986 lite,
1938 1924 2131 1995 inquit.
2167 1926 2349 1980 timere
2386 1943 2474 1981 eos
2507 1927 2596 1991 qui
2632 1927 2873 1982 occidunt
2905 1946 3111 1997 corpus.
3147 1931 3381 1986 animum

1791 2026 1963 2071 autem
1998 2033 2102 2072 non
2144 2027 2361 2083 possunt
2394 2020 2648 2075 occidere.
2682 2018 2786 2075 Sed
2822 2021 2996 2084 potius
3028 2021 3176 2089 illum
3208 2022 3381 2077 timete

1784 2108 1874 2177 qui
1914 2117 2080 2176 potest
2112 2111 2345 2165 auintam
2398 2120 2447 2165 et
2494 2128 2681 2181 corpus
2715 2112 2932 2182 perdere
2986 2113 3041 2167 in
3086 2112 3379 2182 gehennam

1786 2200 2001 2271 (Matth.
2035 2204 2112 2273 κ).
2162 2204 2325 2271 Quasi
2380 2205 2626 2260 diceret:
2663 2204 2927 2274 Quamvis
2960 2207 3256 2260 humanum
3307 2206 3379 2261 sit

1790 2294 1986 2349 timere
2043 2305 2295 2363 tuortem,
2329 2308 2507 2352 tamen
2555 2300 2655 2353 vos
2699 2309 2920 2368 propter
2970 2298 3219 2354 timorem
3281 2299 3375 2355 Dei

1781 2385 2014 2442 vincatis
2073 2389 2323 2443 timorem
2383 2391 2598 2444 mortis.
2624 2389 2761 2445 llinc
2809 2400 2891 2447 est
2937 2391 3079 2462 quod
3126 2392 3375 2461 quamvis

1783 2481 2037 2551 apostoli,
2054 2496 2111 2537 ut
2137 2484 2407 2548 homines,
2436 2485 2689 2540 timerent
2717 2496 2946 2541 mortem
2968 2487 3168 2540 clamat
3194 2496 3372 2541 tamen

1780 2573 1978 2631 Paulus
2002 2593 2014 2629 :
2036 2575 2203 2646 Cupio
2224 2577 2433 2631 dissolvi
2456 2589 2503 2632 et
2526 2596 2635 2634 esse
2656 2596 2772 2633 cum
2796 2577 3003 2633 Christo
3030 2577 3287 2649 (Philipp.
3306 2580 3369 2648 ι).

1778 2665 1847 2721 Ει
1888 2666 2135 2722 Andreas
2171 2686 2185 2721 :
2222 2686 2239 2720 ι
2270 2669 2314 2725 Ο
2362 2686 2493 2726 crux
2529 2672 2893 2738 desiderata!)
2951 2690 2970 2724 ι
3026 2671 3179 2739 Qudd
3223 2672 3370 2727 enim
3424 2664 3429 2667 ’

1780 2767 1976 2814 natura
2008 2760 2061 2815 in
2091 2762 2170 2817 eis
2210 2762 2619 2831 relormidabat,
2658 2765 2761 2820 hoc
2792 2765 3041 2820 voluntas
3078 2765 3372 2835 ampIeCte-

1778 2849 1959 2923 hatur.
1994 2851 2102 2907 Nos
2126 2869 2275 2924 ergo,
2312 2856 2529 2921 fratres,
2568 2867 2621 2911 ct
2650 2858 2694 2912 si
2727 2873 2856 2913 caro
2897 2867 3079 2913 nostra
3120 2857 3373 2913 reformi-

1778 2943 1871 2998 dat
1912 2959 2131 3008 poenam
2163 2946 2243 3000 vel
2287 2957 2543 3012 mortem,
2568 2964 2667 3005 nos
2700 2960 2874 3004 tamen
2911 2958 3059 3005 recte
3096 2949 3364 3015 viventes,

1775 3040 1888 3108 pati
1920 3039 2004 3093 vel
2037 3040 2174 3095 mori
2202 3057 2299 3112 pro
2328 3041 2546 3097 Christo
2569 3043 2957 3098 desideremus.
2983 3042 3039 3097 Si
3063 3042 3367 3097 enimmot’s

1703 3173 1746 3233 ϐ
1782 3129 2019 3187 timenda
2070 3142 2192 3198 est,
2250 3143 2474 3205 propter
2526 3136 2913 3205 consequentia
2975 3134 3213 3190 timenda
3260 3144 3363 3190 est.

1779 3220 1929 3278 Mors
1980 3224 2180 3293 quippe
2213 3241 2336 3280 eum
2384 3226 2455 3280 sit
2509 3235 2910 3290 tuomentanea,
2965 3242 3156 3298 magna
3204 3240 3364 3297 pana

1777 3330 1885 3370 non
1917 3325 2020 3371 est.
2049 3316 2154 3372 Sed
2184 3332 2362 3386 paenae
2389 3333 2509 3387 quae
2538 3327 2843 3389 sequuntur
2872 3328 3126 3381 mortem,
3158 3330 3365 3388 magna

1778 3416 1833 3462 et
1874 3417 2093 3463 aeterna:
2145 3418 2293 3473 sunt,
2332 3418 2387 3464 et
2437 3410 2559 3464 ideo
2590 3410 2761 3482 magis
2808 3408 3078 3465 timenda).
3111 3408 3363 3463 Timeaut

1774 3514 1904 3570 ergo
1954 3511 2185 3555 mortem
2243 3500 2335 3571 qui
2388 3500 2601 3555 faciunt
2663 3502 2804 3556 unde
2860 3503 3053 3555 timere
3106 3499 3356 3556 debeant.

1775 3589 2030 3647 Timeant
2077 3603 2307 3647 mortem
2360 3592 2619 3658 adulteri,
2654 3593 2878 3649 timeant
2924 3604 3155 3649 mortem
3191 3586 3367 3657 fures,

1772 3686 2094 3749 homicidze,
2144 3688 2333 3755 avari,
2390 3686 2627 3758 perjnri,
2676 3687 2964 3758 caterique
3012 3686 3199 3757 iniqui.
3249 3684 3357 3741 Nos

1772 3793 1922 3847 ergo,
1974 3779 2211 3845 fratres,
2270 3780 2314 3835 si
2375 3790 2522 3835 recte
2577 3780 2847 3847 vivimus,
2913 3780 2956 3836 si
3015 3780 3178 3835 Deum
3244 3790 3355 3835 toto

1770 3872 1934 3927 corde
1983 3871 2304 3941 diligimus.
2359 3871 2404 3927 si
2469 3874 2720 3927 mamlata
2782 3871 2900 3941 ejus
2958 3872 3350 3940 observantius,

1768 3974 2001 4019 mortem
2057 3978 2163 4019 non
2219 3964 2476 4020 debemus
2534 3965 2761 4028 timere,
2820 3964 2930 4020 imo
2991 3980 3110 4019 eam
3172 3963 3351 4020 securi

1768 4066 2145 4128 exspectantes
2169 4058 2332 4113 etiam
2362 4057 2692 4122 desiderare,
2730 4067 2789 4113 nt
2819 4074 2914 4127 per
2948 4074 3067 4114 eam
3094 4058 3159 4112 de
3185 4056 3337 4112 exsi-

1767 4150 1840 4207 lio
1880 4151 1946 4205 ad
1980 4151 2232 4221 patriam,
2271 4151 2338 4205 de
2379 4150 2597 4206 tristitia
2628 4154 2693 4205 ad
2723 4153 2998 4222 gaudium,
3030 4153 3096 4207 de
3134 4150 3350 4211 miseria

1766 4241 1831 4296 ad
1868 4241 2260 4297 beatitudinem
2287 4252 2644 4298 transeamus.
2675 4242 2879 4314 Itaque.
2905 4243 3118 4305 fratres.
3150 4244 3349 4299 solum.

1765 4334 1923 4388 modo
1981 4334 2145 4389 lteum
2196 4334 2503 4389 timeamus.
2554 4333 2672 4405 Ipse
2717 4336 2861 4390 enim
2914 4335 2966 4390 in
3016 4335 3346 4390 omnibuset

1763 4427 1942 4482 omnia
1968 4427 2020 4481 in
2054 4427 2171 4496 ipso
2200 4436 2329 4480 sunt
2362 4428 2620 4482 timenda.
2657 4427 2922 4495 Quoniam
2952 4443 3048 4482 nec
3081 4428 3346 4495 diabolus,

51 4521 330 4576 rariorem
361 4529 427 4574 et
476 4519 678 4574 homini
710 4520 880 4589 magis
922 4522 1304 4577 necessariam.
1339 4522 1444 4578 Vos
1470 4526 1654 4593 igitur,
1690 4530 1734 4589 Ι)
1764 4534 1863 4573 nec
1901 4520 2079 4584 homo,
2110 4534 2207 4573 nec
2245 4518 2379 4582 fera,
2410 4536 2511 4575 nec
2538 4519 2739 4589 aliquid
2779 4520 2944 4576 aliud.
2976 4520 3076 4574 nisi
3114 4519 3228 4591 ipso
3252 4536 3347 4575 vo-

51 4610 274 4674 ratres,
308 4612 363 4665 si
401 4624 514 4664 non
541 4609 770 4678 potestis
805 4611 1005 4665 nmltas
1036 4610 1343 4683 Scriptnras
1379 4613 1575 4685 legere,
1610 4615 1656 4670 si

51 4717 146 4760 ton
181 4702 450 4775 potestis
479 4702 677 4756 multas
701 4702 1000 4758 sententias
1028 4705 1278 4772 retinere,
1302 4705 1492 4761 saltem
1518 4707 1657 4763 hanc

51 4797 457 4852 irevissimam
492 4793 869 4848 sententiolam
892 4792 948 4848 in
975 4804 1151 4849 mente
1170 4813 1383 4867 semper
1403 4798 1652 4854 retinete.

54 4888 195 4945 lane
248 4887 573 4956 adimplere
624 4887 879 4957 fatagite,
933 4888 1187 4958 quoniam
1241 4889 1354 4944 haec
1410 4888 1655 4946 faciendo

58 4983 207 5037 itam
270 4980 704 5048 consequemini
773 4981 1180 5051 sempiternam.
1242 4979 1437 5037 Videre
1492 4982 1657 5055 igitur

54 5075 258 5133 ebetis
290 5073 584 5144 quomodo
611 5073 681 5126 sit
706 5072 974 5127 timendus
997 5072 1160 5136 Deus,
1185 5075 1455 5143 quomodo
1498 5090 1655 5129 man-

56 5181 154 5225 ata
195 5167 339 5238 ejus
398 5164 777 5231 observanda,
839 5175 895 5222 et
934 5165 1204 5234 quomodo
1233 5166 1320 5221 hic
1355 5167 1426 5221 sit
1476 5167 1652 5223 einnis

56 5276 202 5317 onto
235 5277 254 5315 :
294 5257 484 5325 Time,
532 5256 726 5326 inquit,
781 5256 968 5311 Deum.
1009 5257 1088 5312 Ae
1131 5256 1177 5311 si
1228 5268 1415 5327 aperte
1463 5257 1649 5313 dicat:

51 5356 145 5410 loli
213 5354 445 5408 timere
491 5348 833 5404 amissionem
883 5364 1063 5403 rerum
1114 5348 1507 5417 temporalium.
1540 5348 1649 5404 noli

51 5461 238 5502 littere
262 5456 506 5515 pentiam
537 5439 619 5494 vel
659 5448 885 5494 ntortetn
933 5438 1308 5506 temporalem,
1347 5440 1439 5494 sed
1477 5440 1649 5494 solum

51 5554 205 5595 eum
242 5534 429 5591 time.
461 5530 646 5585 Timor
672 5529 815 5584 enim
850 5528 1027 5583 damni
1057 5529 1393 5599 temporalis,
1428 5530 1651 5585 vitiosus

51 5638 123 5687 sl.
158 5627 280 5684 l-lle
326 5622 487 5679 enim
522 5621 669 5677 solus
719 5620 870 5675 timet
900 5612 1149 5675 amittere
1199 5622 1531 5691 temporalia,
1557 5622 1646 5693 qui

51 5740 71 5779 I
109 5717 311 5778 nimis
348 5723 524 5768 amat.
570 5713 841 5782 Scriptum
878 5722 960 5767 est
1002 5713 1187 5766 enim:
1222 5710 1399 5766 Nolite
1434 5713 1649 5782 diligere

51 5812 337 5875 tandum,
370 5821 536 5875 neque
567 5820 629 5859 ea
676 5821 792 5875 anr
821 5806 874 5859 in
905 5804 1099 5859 mundo
1124 5813 1269 5871 sunt,
1301 5806 1426 5874 quia
1458 5806 1502 5860 si
1525 5807 1641 5875 quis

1764 4610 1925 4677 lente,
1960 4611 2111 4665 nobis
2132 4621 2307 4682 potest
2337 4628 2554 4668 nocere.
2590 4611 2743 4667 Unde
2769 4612 2988 4681 sapiens
3031 4610 3137 4666 ait:
3175 4631 3193 4663 ι
3234 4609 3342 4680 Qui

1763 4701 1909 4756 timet
1958 4702 2127 4757 Deum
2150 4745 2164 4764 .
2195 4702 2377 4757 omnia
2409 4704 2597 4757 timent
2636 4719 2792 4757 enin:
2831 4713 2883 4757 ιιι
2925 4702 3015 4772 qui
3053 4718 3158 4757 non
3189 4704 3343 4758 timet

1760 4791 1953 4858 Detnn,
1988 4795 2139 4849 tiniet
2165 4794 2367 4847 omnia.
2399 4812 2417 4846 ι
2457 4794 2546 4848 Est
2581 4805 2757 4847 autem
2795 4796 2958 4847 timor
2985 4792 3076 4846 Dei
3108 4792 3338 4863 triplex:

1760 4885 2006 4957 Servilis,
2038 4886 2285 4949 initialis,
2333 4896 2386 4939 et
2435 4886 2632 4941 lilialis.
2677 4885 2844 4940 l’orro
2890 4886 3158 4941 serviliter
3188 4889 3340 4943 timet

1758 4976 1953 5039 Deum.
1994 4978 2085 5048 qui
2119 4976 2372 5033 conscius
2403 4988 2746 5048 peccatorum
2791 4993 3042 5044 suorum,
3079 4992 3183 5032 non
3214 4976 3333 5031 dili~

1757 5076 1834 5139 glt
1867 5070 2031 5125 Deum
2064 5079 2121 5124 ut
2166 5068 2405 5136 Patrem,
2439 5071 2531 5125 sed
2584 5070 2736 5123 timet
2782 5080 2837 5122 ut
2880 5068 3136 5138 judicent,
3189 5082 3337 5122 inore

1755 5165 1896 5219 servi
1928 5163 2094 5233 iniqui
2139 5163 2228 5233 qni
2282 5164 2433 5217 timet
2467 5164 2743 5217 dominum
2787 5177 2965 5226 suum,
3014 5176 3111 5216 nec
3142 5159 3331 5229 diligit.

1756 5253 1869 5311 Hoc
1900 5254 2092 5309 timore
2110 5253 2359 5310 diabolus
2384 5264 2439 5309 et
2467 5253 2636 5324 iniqui
2661 5251 2905 5307 homines
2928 5252 3115 5304 timent
3144 5249 3330 5304 Deum.
3420 5248 3423 5249 ⁷

1752 5346 1859 5403 Iste
1882 5348 2062 5415 timor,
2101 5347 2152 5402 in
2190 5359 2449 5417 quantum
2482 5347 2700 5418 quidem
2743 5356 2823 5400 est
2849 5344 3089 5404 initialis,
3117 5352 3193 5396 est
3234 5343 3331 5396 ho—

1755 5454 1883 5503 nus;
1909 5438 1961 5493 in
1979 5449 2234 5507 quantum
2261 5454 2386 5493 vero
2408 5450 2482 5493 cst
2505 5437 2739 5505 servilLs,
2766 5446 2849 5491 est
2878 5435 3067 5490 malus.
3088 5432 3241 5487 litme
3267 5432 3334 5487 ti-

1753 5544 1959 5583 morem
1993 5544 2117 5583 vera
2150 5529 2365 5585 dilectio
2396 5530 2538 5583 foras
2565 5529 2748 5596 mittit,
2777 5532 3052 5599 quonam,
3086 5516 3330 5578 cumuli;

1752 5624 1873 5692 quis
1919 5622 2091 5678 malus
2136 5638 2429 5678 conversus
2476 5623 2663 5691 incipit
2712 5622 2876 5675 Deum
2927 5634 3051 5671 vere
3081 5617 3327 5687 diligere,

1752 5714 1943 5786 incipit
1977 5732 2098 5772 eum
2131 5733 2237 5772 non
2289 5716 2556 5772 serviliter
2609 5718 2821 5771 timere.
2869 5711 3022 5769 Unde
3051 5710 3323 5769 Joannes:

1754 5807 1932 5863 Timor
1954 5810 2122 5879 enim,
2141 5810 2334 5884 inquit,
2358 5826 2461 5865 non
2490 5819 2565 5865 est
2591 5810 2646 5864 iu
2677 5806 3067 5875 citaritate,eed
3093 5803 3323 5878 perfecta
