3896 6320
553 365 691 423 I939

1517 355 1854 415 ADDENDA.
1879 385 1940 396 ——
1988 352 2338 413 RADULPlll
2379 351 2722 411 AliDENTIS
3669 355 3750 412 l'lGi

546 485 608 536 in
628 495 687 533 eo
717 493 893 531 manu
923 490 1020 546 per
1063 473 1313 543 gratiam,
1347 483 1392 526 et
1417 473 1524 538 ipse
1556 475 1609 525 in
1645 471 1750 524 Dco
1776 487 1871 541 per
1901 472 2140 525 charila-
2170 473 2216 530 Α
2243 471 2451 525 viribus
2491 469 2557 522 ad
2595 484 2716 524 eum
2748 467 3094 523 festinamus.
3127 464 3237 521 Per
3276 463 3600 519 charitatem
3619 479 3751 538 quoque

551 578 679 626 tem.
711 569 773 622 Et
796 585 886 621 nos
904 567 1111 622 scilicet
1133 565 1390 634 Apostoli.
1411 565 1749 634 cognovimus
1767 566 2138 633 exprmimeuto

549 661 653 717 hoc
693 676 814 715 esse
856 676 1070 724 verum,
1115 669 1158 713 et
1208 658 1468 711 credimus
1513 656 1764 709 cltaritati
1791 673 1947 726 quant
1988 657 2135 710 habet

549 753 690 808 Deus
737 754 789 807 in
829 753 972 807 nobis
1003 795 1016 817 ,
1049 763 1104 805 et
1154 751 1275 805 inde
1314 751 1557 819 cogimur
1586 749 1807 820 diligere
1838 767 1982 804 (’ltttl.
2017 749 2140 803 luli-

549 844 697 900 deles
727 846 868 898 enim
919 845 1039 898 ideo
1071 860 1173 896 non
1206 843 1435 910 diligunt
1479 841 1663 902 Deum.
1715 842 1838 912 quia
1884 841 2137 911 ignorant

550 953 609 990 se
645 938 792 1004 diligi
836 953 864 990 a
907 937 1034 991 Deo.
1082 935 1285 1003 Itaque,
1336 933 1556 998 fratres,
1607 933 1650 988 si
1696 934 1944 989 volumus
1995 935 2138 1004 quod

550 1026 692 1082 Deus
744 1029 795 1083 iu
844 1028 995 1081 nobis
1036 1033 1272 1091 mancal,
1327 1034 1381 1079 et
1420 1041 1516 1079 nos
1550 1026 1600 1078 iu
1650 1042 1736 1091 co,
1782 1027 2140 1081 confiteatnur

551 1116 834 1172 Dominum
900 1126 1142 1169 nostrum
1203 1114 1386 1169 Jesum
1449 1114 1724 1169 Christum
1773 1131 1892 1170 esse
1948 1132 2137 1170 verum

551 1208 719 1264 Deum
751 1209 858 1263 veri
892 1207 983 1262 Dei
1024 1206 1244 1270 Filium,
1275 1217 1330 1261 et
1368 1207 1706 1261 Salvatorem
1753 1207 1961 1262 mundi.
1993 1208 2138 1262 Con-

550 1301 802 1356 fitcamur
833 1301 956 1364 hoc,
995 1301 1235 1371 inquam,
1285 1301 1470 1362 corde.
1523 1317 1619 1356 ore
1663 1313 1717 1355 et
1765 1317 1952 1370 opere,
2000 1316 2138 1371 quo-

551 1393 699 1449 niam
747 1410 910 1448 unum
950 1394 1067 1448 sine
1099 1394 1217 1449 aliis
1270 1410 1376 1448 non
1422 1394 1616 1449 suiﬁcit
1666 1394 1901 1449 maxime
1936 1395 2022 1448 ubi
2055 1401 2140 1449 est

549 1485 935 1538 necessarium.
983 1484 1177 1539 Petrus
1212 1486 1410 1554 quippe
1452 1487 1812 1539 conlitelzatur
1848 1485 2132 1539 Dominum

549 1578 734 1642 corde,
781 1578 872 1632 sed
906 1587 1083 1633 tamen
1114 1595 1208 1632 ore
1241 1587 1489 1646 negando
1516 1579 1740 1633 corruit.
1779 1577 1948 1632 Corde
1975 1578 2135 1645 enim,

549 1679 607 1724 ut
636 1673 708 1724 ait
737 1670 958 1735 Paulus,
987 1673 1222 1726 creditur
1263 1673 1333 1725 ad
1365 1673 1653 1742 justitiam,
1694 1689 1782 1726 ore
1811 1685 1984 1726 autem
2015 1689 2139 1726 con.

549 1764 708 1832 fessio
744 1764 802 1833 ﬁt
843 1765 910 1818 ad
939 1766 1160 1820 salutent
1202 1765 1382 1834 (ﬂant.
1419 1767 1498 1835 ιι).
1532 1766 1636 1818 Sed
1675 1776 1728 1818 et
1760 1775 1887 1820 sunt
1917 1765 2135 1835 quidam

2240 565 2383 620 Deus
2421 564 2472 617 in
2509 563 2663 616 nobis
2709 571 2914 625 manet,
2969 561 3232 631 quoniam
3270 561 3316 615 si
3367 558 3538 612 Deum
3572 558 3754 631 diligimus

2241 673 2389 720 vere.
2413 659 2525 726 ipse
2549 657 2755 710 habitat
2779 656 2830 710 in
2863 649 3040 718 nobis,
3068 654 3260 723 gratiis
3281 652 3399 707 suis
3429 667 3530 705 nos
3552 651 3752 722 implendo,

2241 765 2342 803 nos
2373 750 2755 804 sustentando.
2800 764 2898 802 nos
2927 747 3285 817 protegendo,
3320 743 3581 814 regendo,
3611 755 3650 799 et
3678 749 3757 806 diri-

2240 841 2435 909 gendo.
2472 838 2658 894 Tertio
2691 855 2817 892 vero
2857 840 3203 893 commendat
3239 838 3574 892 eharitatem
3611 841 3755 908 perboc

2240 931 2383 999 quod
2409 931 2648 985 charitas
2674 947 2770 987 nos
2797 931 3003 986 similes
3028 929 3192 984 eliicit
3224 928 3352 982 Deo.
3378 927 3537 983 Unde
3558 938 3606 981 et
3621 932 3757 990 subdit:

2241 1022 2307 1076 In
2330 1025 2426 1078 Imc
2450 1035 2524 1078 est
2551 1024 2781 1078 citaritas
2809 1027 3103 1082 nobiscum,
3129 1022 3254 1091 quia
3287 1022 3433 1074 sicut
3469 1019 3558 1074 ille
3579 1027 3634 1074 est
3653 1034 3759 1081 uno:

2240 1136 2420 1173 sumus
2447 1119 2501 1173 in
2533 1120 2627 1172 hoc
2664 1118 2881 1181 mundo,
2911 1118 2963 1171 id
2987 1126 3070 1172 est
3113 1114 3256 1171 sicut
3285 1114 3547 1169 Christus
3572 1125 3635 1168 est
3657 1117 3756 1173 mite

2242 1208 2437 1272 ricors.
2467 1219 2707 1276 sanctus,
2729 1218 2782 1263 et
2810 1209 3003 1270 bonus.
3034 1215 3253 1261 amator
3279 1208 3452 1261 etiam
3483 1204 3756 1277 inimicorum,

2243 1301 2314 1355 ita
2347 1312 2399 1356 et
2425 1317 2522 1356 uos
2553 1302 2642 1370 qui
2675 1317 2863 1355 smnus
2887 1301 2938 1353 in
2975 1301 3076 1354 hoc
3101 1299 3328 1361 mundo.
3369 1314 3472 1368 per
3503 1297 3758 1356 dilectionem

2241 1393 2289 1446 ei
2335 1392 2628 1447 assimilari
2662 1394 2963 1462 cupientes,
3011 1393 3337 1448 studeamus
3390 1391 3513 1446 ﬁeri
3546 1393 3761 1450 misericor-

2243 1485 2354 1546 des.
2392 1485 2590 1552 sancti,
2620 1495 2675 1540 et
2709 1485 2858 1548 boni,
2888 1494 2943 1540 et
2966 1486 3130 1539 etiam
3166 1486 3525 1540 inimicorum
3556 1496 3762 1556 amatores,

2235 1579 2387 1648 juxta
2414 1579 2555 1649 quod
2592 1579 2703 1648 ipse
2734 1580 2986 1649 pnecepit
3019 1580 3209 1633 nobis:
3246 1578 3356 1644 Qui
3403 1578 3538 1631 mihi
3563 1579 3761 1647 ministrat,

2240 1686 2321 1723 me
2361 1680 2611 1740 sequatur
2653 1669 2838 1740 (Joun.
2873 1674 3007 1742 xu).
3040 1672 3282 1727 subdens
3326 1671 3503 1725 etiam
3551 1673 3760 1740 prauniun,

2241 1782 2362 1820 cum
2391 1767 2520 1820 dicit
2547 1784 2558 1820 :
2594 1766 2658 1820 Et
2693 1767 2779 1820 ubi
2814 1784 2928 1820 sum
2955 1784 3047 1837 ego
3073 1766 3182 1820 illic
3213 1778 3263 1820 et
3295 1766 3554 1819 minister
3585 1770 3765 1820 mentiri:

548 1855 670 1910 falsi
711 1857 1027 1921 Christiani,
1053 1859 1140 1928 qui
1171 1859 1334 1913 corde
1362 1868 1413 1912 et
1443 1872 1536 1912 ore
1567 1858 1840 1914 Christum
1874 1859 2138 1913 couliten-
2171 1835 2215 1896 Β
2244 1858 2456 1928 (Ibid.).
2496 1859 2647 1914 Unde
2677 1870 2730 1913 et
2766 1859 2853 1913 hic
2878 1835 3075 1928 quarto
3111 1860 3478 1913 commendat
3505 1859 3761 1920 charitatem,

548 1956 657 2012 tur,
703 1952 796 2003 sed
839 1952 1093 2019 operilms
1147 1948 1465 2003 difﬁtentur.
1519 1949 1585 2004 de
1629 1950 1878 2019 qualibus
1917 1948 2136 2016 Paulus,

547 2037 877 2108 Conﬁtentur
905 2043 1068 2097 verbis
1091 2060 1144 2096 se
1168 2059 1317 2096 nosse
1350 2042 1538 2104 Deum,
1565 2043 1721 2110 factis
1751 2052 1924 2096 autem
1948 2053 2136 2112 negant

547 2130 677 2200 (Tit.
718 2147 780 2201 I).
815 2134 921 2188 Nos
950 2150 1100 2204 ergo.
1131 2135 1354 2194 fratres.
1391 2134 1668 2188 Christum
1701 2135 1853 2188 lirma
1885 2135 1988 2188 fide
2020 2150 2140 2188 cre-

547 2223 758 2290 damus,
815 2225 1025 2281 ardenti
1073 2226 1345 2280 charitate
1390 2225 1700 2296 diligamus,
1753 2225 2139 2296 praedicatione

542 2323 600 2372 et
619 2332 805 2387 opere.
838 2328 892 2372 et
919 2320 1106 2384 etiam,
1129 2319 1172 2372 si
1209 2319 1576 2374 uecessarimn
1603 2317 1787 2383 fuerit,
1820 2327 1994 2372 morte
2014 2333 2138 2373 eum

543 2411 922 2475 cantiteamur,
964 2421 1024 2466 ut
1069 2411 1180 2481 ipse
1213 2412 1264 2466 in
1309 2411 1486 2479 nobis,
1514 2421 1569 2466 et
1597 2411 1776 2468 nosin
1804 2411 1947 2467 eoin
1976 2419 2138 2466 arter-

543 2516 674 2558 ιιιιιιι
710 2518 793 2556 tua
803 2519 929 2559 IICI‘C
958 2521 1228 2560 Increamu
1238 2522 1281 2559 Γ.

616 2594 872 2664 Sequitur
904 2612 1029 2662 pars
1056 2607 1270 2667 quarta,
1305 2597 1357 2652 in
1381 2613 1485 2668 qua
1515 2597 1860 2652 commendat
1890 2599 2129 2655 charita-

543 2696 650 2746 tam
677 2689 912 2760 quinque
937 2692 1134 2749 modis.
1163 2692 1343 2748 Primo
1373 2695 1512 2763 quod
1533 2693 1666 2748 adeo
1683 2693 1839 2762 digna
1873 2695 1963 2757 sit,
1989 2694 2132 2762 quod

543 2781 690 2838 Deus
719 2782 836 2851 ejus
865 2787 1085 2841 nomine
1109 2802 1167 2842 se
1199 2785 1428 2841 voluerit
1457 2786 1732 2856 appellari.
1769 2787 1920 2853 Quod
1952 2797 2137 2841 osten-

543 2874 652 2936 dit,
695 2893 815 2930 cum
859 2878 1029 2933 dicit:
1085 2879 1223 2933 Deus
1267 2879 1500 2933 cltaritas
1547 2889 1644 2932 est.
1702 2878 1912 2934 Dicitur
1953 2886 2133 2933 autem

543 2967 688 3024 Deus
734 2969 991 3035 charitas,
1045 2980 1100 3025 et
1145 2972 1578 3027 suhstantialiter
1623 2981 1676 3028 et
1720 2972 2040 3035 causaliter.
2081 2980 2136 3026 et

543 3061 720 3116 active
762 3071 817 3116 et
912 3064 1076 3118 ssive.
1131 3063 1194 3117 Et
1242 3064 1682 3120 substantialiter
1724 3065 1945 3135 quidem
1995 3065 2135 3120 Deus

543 3155 804 3216 charilas,
844 3151 896 3207 id
923 3164 1028 3216 est.
1060 3153 1276 3209 dilectio
1313 3157 1530 3218 dicitur.
1568 3156 1823 3223 quoniam
1853 3154 1970 3224 cjus
2001 3155 2132 3210 sub-

542 3247 741 3302 stantia
787 3248 1006 3305 dilectio
1050 3259 1155 3316 est,
1194 3251 1333 3306 sicut
1362 3251 1648 3322 sapientia.
1679 3252 1915 3320 potentia
1948 3261 2003 3306 et
2035 3251 2135 3305 hu-

537 3339 795 3409 jusmodi.
848 3343 1151 3400 (lattsaliter
1199 3361 1324 3400 \ero
1373 3345 1592 3400 dilectio
1639 3345 1837 3400 dicitur
1879 3345 2132 3416 quaniam

541 3432 928 3501 dilectionem,
989 3450 1175 3504 paccm
1224 3448 1279 3491 et
1325 3437 1668 3491 concordiam
1719 3438 1770 3490 in
1824 3437 1937 3491 suis
1972 3436 2136 3492 elﬁcit

542 3529 825 3584 creaturis.
862 3529 973 3601 Ipse
1012 3533 1156 3586 enim
1183 3530 1344 3585 elllcit
1383 3531 1525 3601 quol
1568 3540 1802 3601 quatuor
1832 3531 2126 3597 elementa,

541 3617 669 3674 lietet
691 3622 1088 3675 Contrariarum
1115 3620 1226 3674 sint
1253 3631 1594 3683 naturarum.
1619 3622 1671 3676 in
1702 3637 1864 3675 uuam
1891 3621 2128 3676 dilectio-

541 3711 627 3767 nis
653 3713 998 3767 concordiam
1027 3723 1443 3770 couucctautur.
1479 3714 1596 3784 Ipse
1631 3713 1793 3769 eﬂicit
1825 3715 1968 3784 quod
1999 3729 2133 3784 qua-

543 3812 666 3858 ιιιυι·
715 3807 968 3861 humorcs
1022 3805 1074 3860 in
1125 3822 1375 3875 corpore.
1432 3806 1556 3862 licet
1602 3809 1857 3862 coatrarii
1913 3807 2043 3869 sint.
2080 3807 2131 3862 in

545 3913 705 3951 unam
755 3899 1004 3954 sanitatis
1066 3900 1411 3955 concordiam
1462 3901 1741 3955 uuiuntur.
1798 3901 1914 3972 Ipse
1970 3899 2134 3955 efﬁcit

541 3992 686 4062 quod
728 3991 779 4045 iu
826 3991 1064 4046 Ecclesia
1119 3993 1478 4048 tuultitudinis
1530 3993 1868 4049 credentium
1910 4002 1994 4047 est
2039 4008 2132 4046 cor

542 4099 706 4137 unum
756 4093 812 4138 et
865 4085 1045 4139 anima
1097 4101 1199 4140 una
1238 4085 1378 4153 (Act.
1433 4087 1531 4155 tv).
1571 4086 1686 4155 Ipse
1725 4101 1940 4157 quoque
1970 4083 2131 4140 eﬂicit

543 4174 685 4242 quod
719 4175 944 4228 diversae
982 4191 1223 4244 persoua:
1249 4177 1358 4231 sint
1402 4177 1703 4238 unanimes.
1733 4187 1787 4231 et
1828 4176 1987 4229 unius
2013 4191 2129 4230 mo-

543 4263 621 4318 ris
646 4264 698 4317 in
722 4264 880 4318 domo
907 4263 1080 4333 (Psal.
1105 4268 1296 4337 vau).
1337 4268 1528 4323 Active
1554 4269 1718 4322 etiam
1751 4268 1952 4322 dicitur
1992 4267 2132 4323 Deus

544 4355 788 4421 dtl~C|l0,
827 4359 952 4428 quia
984 4359 1250 4427 benignus
1289 4371 1343 4416 et
1375 4363 1558 4416 suavis
1604 4371 1686 4417 est
1731 4361 1988 4417 Dominus
2016 4361 2131 4416 uui-

539 4449 732 4513 versis,
761 4453 1020 4522 quosdam
1046 4471 1139 4525 per
1160 4455 1254 4510 ele-
1280 4456 1504 4517 tionem,
1529 4465 1586 4507 ut
1610 4454 1832 4518 electus,
1858 4457 2124 4525 quosdam

2242 1951 2368 2010 quia
2404 1949 2531 2004 facit
2578 1966 2675 2004 nos
2721 1950 2922 2005 habere
2962 1950 3214 2004 fiduciam
3256 1952 3309 2003 in
3344 1950 3587 2003 adventu
3616 1950 3763 2005 Christi.

2243 2042 2444 2097 Verum
2473 2043 2671 2114 quippe
2701 2054 2784 2098 est
2827 2044 2970 2112 qttod
3001 2044 3159 2114 vulgo
3205 2043 3312 2098 dici
3365 2043 3543 2098 solet:
3586 2060 3600 2095 ι
3631 2043 3763 2100 Securo

2241 2135 2385 2188 vadit
2420 2134 2488 2187 ad
2520 2136 2727 2189 curiam
2765 2135 2856 2203 qui
2902 2135 3254 2204 praepositum
3289 2134 3463 2189 habet
3489 2144 3766 2203 parcntemn

2241 2225 2349 2282 Nos
2380 2241 2611 2297 quoque.
2654 2226 2884 2290 fratres,
2915 2228 2960 2281 si
2991 2227 3159 2281 Deum
3202 2242 3336 2282 vere
3372 2226 3707 2289 dilexerituus.
3739 2229 3766 2282 si

2241 2335 2365 2373 eum
2396 2330 2653 2389 tauquam
2686 2317 2924 2383 Patrem,
2957 2319 3270 2383 sanctitate,
3308 2318 3770 2381 misericordiam:-

2246 2413 2484 2482 terisque
2514 2411 2805 2466 virtutibus
2838 2411 3032 2466 imitati
3064 2410 3354 2477 fuerimus,
3385 2427 3514 2465 cum
3542 2426 3694 2480 magna
3715 2425 3769 2465 se-

2241 2503 2472 2558 curitate
2499 2510 2551 2555 et
2579 2501 2795 2566 liducia,
2828 2501 2896 2555 ad
2928 2501 3228 2555 secmulum
3260 2501 3384 2568 ejus
3411 2503 3679 2555 adventum
3709 2517 3770 2556 re-

2241 2593 2472 2648 niemus.
2499 2590 2609 2646 llac
2638 2592 2931 2647 securitate
2961 2592 3201 2647 confisus
3231 2591 3516 2662 Propheta
3559 2610 3646 2648 non
3668 2596 3770 2650 tinet

2240 2693 2466 2740 mortem
2503 2699 2675 2754 neque
2709 2684 2998 2752 judicium,
3038 2684 3132 2740 sed
3162 2685 3348 2755 potius
3381 2695 3442 2741 ut
3465 2687 3688 2741 adveniat
3706 2687 3769 2741 tle-

2238 2788 2521 2848 precatur:
2565 2777 2734 2842 Educ,
2768 2777 2960 2849 inquit,
3008 2781 3072 2832 de
3117 2795 3333 2834 carcere
3371 2781 3600 2834 animum
3628 2798 3767 2845 manu,

2239 2883 2295 2926 ut
2330 2873 2642 2942 confitentur
2691 2873 2891 2927 nomini
2933 2883 3020 2926 tuo
3064 2871 3238 2941 (Psal.
3278 2878 3458 2942 cxu).
3504 2875 3565 2929 Et
3597 2874 3770 2929 Paulus:

2239 2958 2407 3028 Cupio
2441 2963 2626 3018 disolri
2648 2973 2696 3017 et
2717 2981 2827 3018 esse
2861 2980 2977 3017 cum
3007 2963 3218 3019 Christo
3249 2963 3518 3036 (Philipp.
3554 2967 3607 3033 ι).
3628 2967 3770 3033 ρηίηιο

2237 3057 2400 3112 etiam
2425 3059 2768 3113 commendat
2791 3058 3137 3120 charitatem.
3166 3073 3262 3129 per
3289 3061 3392 3113 hoc
3419 3060 3560 3130 quod
3584 3059 3773 3113 timorm

2239 3151 2495 3212 excludit.
2530 3152 2715 3207 dicens
2743 3169 2755 3205 :
2789 3150 2966 3206 Timor
2989 3169 3092 3205 non
3120 3163 3192 3206 est
3226 3154 3280 3208 in
3311 3154 3771 3221 clraritate,s:dp¢r-

2239 3243 2372 3314 [ecta
2402 3243 2634 3299 charitas
2670 3245 2815 3314 [oras
2845 3245 2999 3298 mittit
3031 3248 3292 3301 timorem.
3337 3246 3513 3315 Quem
3551 3249 3774 3308 timorem,

2239 3335 2372 3389 Cum
2403 3339 2511 3392 sint
2541 3338 2781 3408 quinque
2822 3338 3034 3408 species
3080 3338 3313 3400 timoris.
3355 3339 3564 3394 scilicet
3602 3340 3774 3392 muuda-

2238 3444 2359 3496 uus,
2390 3431 2679 3494 Immauus,
2713 3429 2945 3496 servilis,
2977 3429 3226 3496 initialis.
3268 3441 3324 3486 et
3355 3431 3559 3486 filialis?
3584 3430 3773 3486 Perfecta

2237 3523 2478 3578 Charitas
2513 3526 2843 3579 inimdanum
2878 3525 3124 3581 timorem
3161 3541 3385 3595 prorsus
3415 3527 3652 3585 excludit.
3677 3541 3774 3594 quc-

2237 3616 2382 3670 niam
2409 3617 2497 3686 qui
2526 3617 2760 3688 perlecte
2789 3617 2954 3672 Deum
2981 3615 3178 3686 diligit,
3211 3619 3408 3674 damna
3435 3622 3772 3674 mundauarust

2237 3723 2419 3763 rerum
2461 3725 2564 3764 non
2599 3711 2775 3774 timet.
2813 3711 2906 3767 sed
2937 3721 3028 3782 pot
3055 3729 3118 3767 us
3147 3729 3268 3783 qua:
3299 3715 3418 3768 sine
3450 3713 3772 3784 amorepossi-

2235 3801 2345 3866 det,
2379 3803 2583 3873 absque
2621 3804 2808 3859 dolore
2846 3805 3153 3875 relinquere
3185 3817 3410 3876 paratus
3437 3819 3532 3861 est.
3564 3805 3772 3864 Eacludit

2235 3895 2398 3950 etiam
2423 3911 2489 3950 ex
2524 3896 2758 3950 maxima
2783 3908 2939 3966 parte
2962 3898 3214 3953 timorem
3231 3899 3538 3960 lunuamuu.
3561 3900 3771 3968 quoniam

2234 3990 2323 4058 qui
2350 3989 2513 4043 Deum
2542 3989 2782 4060 perfecte
2809 3990 3001 4063 diligit,
3030 3993 3096 4047 ad
3116 4008 3330 4063 poenam
3349 4003 3405 4048 et
3429 4004 3636 4049 mortem
3662 4003 3769 4048 tem-

2234 4083 2470 4152 poralem
2501 4098 2605 4138 non
2642 4083 2896 4154 trepidat,
2937 4087 3030 4141 sed
3060 4089 3240 4156 potius
3268 4102 3483 4142 securus
3509 4094 3767 4156 exspectat.

2233 4185 2291 4228 ut
2331 4191 2426 4246 per
2453 4190 2572 4230 eam
2611 4174 2678 4229 ad
2711 4176 3070 4231 desideratam
3107 4177 3199 4233 Dei
3226 4181 3475 4234 visionem
3503 4177 3762 4248 perveniat.

2235 4266 2481 4321 [iactu-dit
2511 4267 2675 4320 etiam
2711 4267 2926 4338 penitus
2965 4268 3219 4324 timorem
3259 4271 3397 4325 servi
3422 4285 3521 4337 em,
3548 4269 3768 4340 quoniam

2229 4353 2320 4424 qui
2353 4352 2590 4422 perfecte
2621 4352 2788 4407 D.-um
2813 4355 3012 4425 diligit,
3043 4372 3139 4427 per
3163 4358 3467 4414 charitatem
3492 4367 3764 4429 purgatus:

2231 4447 2462 4511 delictis.
2499 4465 2604 4505 nou
2636 4448 2800 4506 habet
2835 4451 2888 4505 in
2933 4453 3269 4509 conscientia
3302 4456 3433 4509 unde
3466 4454 3662 4517 timeat,
3695 4451 3770 4504 sed

539 4555 636 4613 per
663 4555 962 4613 gl'altal'llllt
989 4546 1358 4610 ςοιι.ιιὶυιιοιιι,
1387 4556 1445 4599 ιιι
1483 4545 1901 4615 praesentialiter
1925 4545 2122 4615 justos,
2157 4574 2202 4632 υ
2231 4543 2408 4613 potius
2447 4545 2589 4599 unde
2635 4547 2866 4615 gaudeat
2907 4555 2961 4600 et
3008 4562 3238 4603 securus
3283 4551 3390 4602 liat.
3438 4545 3571 4604 Unde
3611 4555 3667 4598 et
3698 4543 3764 4596 hic

536 4647 726 4688 omnes
758 4652 886 4693 vero
929 4653 1024 4707 per
1065 4641 1318 4694 essentia:
1361 4640 1828 4694 COItschuliuttcm
1871 4639 2121 4709 diligens.

535 4723 755 4784 Passive
786 4745 913 4785 vero
945 4733 1163 4785 dilectio
1190 4731 1293 4784 dici
1334 4739 1542 4801 potest,
1576 4732 1830 4799 quoniam
1872 4733 2122 4789 antabilis

535 4825 621 4873 est
652 4817 705 4872 iu
736 4835 827 4883 se.
852 4829 909 4874 et
938 4820 1112 4875 dulcis
1140 4823 1207 4874 ad
1241 4821 1552 4875 amandum.
1583 4818 1746 4887 Cujus
1786 4822 2120 4877 dulcedinem

534 4923 845 4983 gustaverat
871 4911 1152 4966 l’sahuista
1171 4952 1187 4977 ,
1215 4913 1306 4983 qui
1349 4912 1593 4965 diccbat:
1627 4910 1846 4968 Custute
1874 4924 1921 4968 et
1953 4915 2120 4969 videte

530 5008 781 5075 quoniam
810 5006 984 5058 suavis
1007 5016 1080 5058 est
1112 5006 1366 5058 Dominus
1396 5001 1569 5075 (Paul.
1612 5014 1828 5075 χχχιιι).
1862 5006 1928 5060 Et
1953 5007 2116 5062 alibi:

534 5094 706 5161 Quam
759 5111 950 5164 magna
998 5095 1281 5150 multitudo
1330 5097 1619 5151 dulcedinis
1671 5109 1805 5164 luat,
1867 5099 2116 5165 Domine,

530 5203 688 5258 quant
717 5187 1042 5240 abscondisti
1066 5188 1367 5242 tmtemibus
1398 5199 1445 5244 te
1478 5187 1653 5258 (Psul.
1688 5204 1839 5260 xxx).
1869 5189 2117 5246 Secundo

531 5289 710 5332 autem
757 5281 1104 5336 commendat
1135 5279 1456 5338 charitatem
1477 5323 1492 5346 ,
1525 5299 1620 5353 per
1647 5285 1749 5338 hoc
1775 5285 1916 5353 quod
1946 5301 2008 5338 ea
2039 5283 2118 5338 fa-

530 5371 604 5426 cit
653 5389 749 5428 uos
796 5373 988 5445 dignos
1013 5375 1103 5445 qui
1152 5392 1466 5431 maneamus
1499 5377 1550 5431 in
1580 5376 1705 5436 Dco.
1738 5386 1792 5431 et
1829 5375 1880 5430 in
1921 5376 2116 5446 quibus

533 5463 673 5518 Deus
704 5480 938 5522 maneat.
985 5467 1134 5524 Umle
1166 5481 1220 5523 et
1262 5471 1484 5524 subdit:
1522 5469 1625 5535 Qui
1655 5479 1824 5523 manet
1855 5472 1906 5524 in
1935 5471 2115 5524 elutri-

530 5567 648 5618 tate.
695 5559 748 5612 in
781 5559 890 5614 Deo
933 5570 1127 5625 muttcl,
1168 5573 1214 5615 et
1264 5561 1402 5616 Deus
1441 5562 1494 5615 in
1533 5578 1614 5615 eo.
1651 5559 1750 5614 Per
1790 5559 2112 5616 cli-ritatetn

530 5655 724 5724 quippe
767 5655 819 5709 in
868 5654 975 5710 Deo
1017 5670 1322 5720 manemus,
1353 5654 1481 5725 quia
1527 5654 1571 5709 si
1621 5651 1787 5707 Demu
1821 5653 2111 5725 diligimus,

529 5749 691 5802 corde
724 5758 777 5803 et
807 5748 1075 5804 desiderio
1118 5750 1169 5802 in
1218 5748 1327 5804 Deo
1374 5763 1677 5813 manenms,
1713 5748 1831 5814 ejus
1862 5748 2111 5802 mandata

530 5838 784 5906 facimus.
814 5841 929 5910 ejus
965 5841 1296 5895 voluntatem
1343 5849 1545 5898 nostra!
1573 5839 1956 5909 praeponimus,
1987 5841 2111 5896 totis

2229 4636 2601 4706 suhjungitur:
2636 4638 2898 4704 Quoniam
2922 4639 3082 4692 timor
3100 4656 3304 4708 poenam
3339 4641 3494 4694 habet.
3524 4639 3614 4704 Qui
3640 4636 3765 4691 enim

2228 4729 2500 4785 serviliter
2539 4729 2691 4784 timet
2719 4745 2817 4800 pro
2856 4730 3035 4801 culpa,
3072 4732 3349 4787 cruciatur
3375 4733 3421 4786 in
3450 4727 3760 4785 ουιιδεὶιηῐηὶτευ

2227 4819 2475 4875 Exeludit
2509 4820 2673 4875 etiam
2705 4822 2958 4876 timorem
2989 4823 3274 4877 initialem.
3308 4823 3444 4878 [inde
3469 4834 3513 4876 et
3539 4823 3618 4874 lue
3646 4817 3763 4871 εεεδ-
3856 4871 3857 4898 1

2223 4912 2399 4968 ditur:
2433 4912 2536 4978 Qui
2569 4923 2743 4966 autem
2770 4916 2937 4977 timet.
2961 4914 3226 4969 subaudis
3257 4916 3303 4968 in
3325 4911 3640 4972 Conscientia,
3668 4923 3757 4958 es:

2222 5013 2297 5058 est
2341 5003 2601 5073 perfectus
2644 5003 2697 5057 in
2729 5004 3008 5069 charitute,
3042 5008 3298 5076 quoniam
3341 5008 3422 5077 qui
3463 5005 3598 5059 Deum
3648 5013 3761 5052 rer:

2223 5094 2393 5168 diligit
2422 5106 2475 5148 et
2501 5094 2768 5165 perfecte.
2811 5112 2915 5151 non
2961 5106 3017 5151 ut
3056 5098 3338 5168 incipiens.
3382 5097 3489 5152 hinc
3519 5111 3541 5146 ει
3571 5092 3756 5144 timor?

2223 5189 2349 5244 hine
2380 5189 2448 5244 ab
2481 5205 2666 5243 autore
2697 5189 2974 5254 divulitur,
3009 5191 3103 5246 sed
3147 5201 3293 5247 totus
3320 5211 3347 5244 a
3375 5186 3633 5244 dilectionis
3678 5195 3756 5236 se-

2220 5287 2450 5342 curitate
2481 5286 2807 5357 possidetur.
2842 5286 3086 5341 Filialem
3114 5302 3246 5343 vero
3275 5279 3746 5350 tinorenupcrfetfta

2219 5377 2460 5430 Charitas
2501 5376 2626 5431 hinc
2655 5393 2759 5432 ιιυιι
2788 5377 3054 5438 excludit.
3086 5380 3339 5448 qutunium
3366 5379 3500 5429 etiam
3527 5371 3600 5426 ille
3663 5365 3748 5436 qui

2219 5467 2307 5522 hic
2341 5468 2730 5539 perfectissime
2761 5469 2928 5523 Deum
2960 5469 3153 5541 diligit,
3187 5472 3336 5525 timet
3359 5471 3466 5522 dum
3493 5475 3552 5517 cst
3578 5478 3635 5513 In
3669 5461 3743 5511 εε-

2220 5562 2367 5616 hrica
2402 5560 2559 5630 hujus
2582 5562 2762 5616 saeculi
2789 5561 2898 5628 via,
2931 5579 2994 5617 ne
3020 5565 3200 5626 cadat.
3232 5579 3296 5617 ue
3338 5565 3479 5619 Dettm
3502 5554 3737 5610 etiamm.

2220 5653 2397 5709 Timet
2442 5671 2594 5709 inore
2641 5669 2806 5710 casta:
2857 5657 3097 5712 tuuheris
3139 5674 3383 5730 sponsum
3420 5669 3551 5711 suum.
3578 5649 3730 5699 ιίεέί

2218 5763 2325 5804 non
2359 5746 2476 5818 ejus
2522 5748 2834 5814 adventum,
2883 5753 2976 5804 sed
3031 5751 3149 5821 ejus
3201 5765 3460 5807 recessum.
3496 5743 3636 5798 Ρυιω
3671 5734 3729 5788 i3

2218 5839 2398 5896 futura
2425 5841 2778 5908 beatitudine,
2810 5843 2944 5899 adeo
2970 5845 3208 5913 perfecta
3236 5845 3333 5901 erit
3356 5840 3552 5899 Charitas,
3571 5824 3726 5899 ρεαδ
