3896 6320
559 305 692 390 tisi

1635 309 1984 390 suasuris.
2005 365 2074 374 -
2105 333 2454 392 BADULPHI
2494 335 2838 392 ARDENTIS

3631 349 3720 409 lBSl

554 453 836 518 generem,
866 445 1175 500 ostenditur
1205 446 1258 500 in
1299 455 1553 515 utroque,
1585 446 1708 516 quia
1745 448 1954 502 scilicet
1981 457 2034 500 et
2060 462 2150 501 su-
2183 451 2224 506 Α
2255 463 2354 516 per
2396 447 2590 501 durum
2631 447 2999 502 ministerium
3055 445 3364 501 crudelium
3408 437 3741 526 demortuae

553 534 757 606 perﬂuo
811 536 1143 591 vestiebatur
1183 546 1237 590 et
1275 538 1549 606 superﬂue
1599 538 1940 608 epulabatur.
1989 539 2145 605 Quod

554 626 867 697 superbiam
891 636 945 682 et
968 639 1338 700 contemptum
1370 642 1648 701 generent,
1681 632 1923 686 innuitur
1944 647 2013 690 es
2044 633 2146 701 hoc

552 717 698 790 quod
721 719 873 776 dives
907 721 958 774 in
980 721 1188 786 divitiis
1216 738 1274 778 se
1297 722 1583 790 elfcrcbat,
1613 734 1668 780 ct
1692 723 1999 782 tuendicunt
2020 733 2146 789 ante

547 809 774 880 ianuam
803 826 958 878 suam
989 823 1304 883 pereuntem
1331 815 1680 884 despiciebat.

589 955 592 960 ,
630 887 894 974 Sequitur
924 921 1048 974 pars
1085 906 1348 971 secunda,
1397 908 1450 968 in
1481 923 1588 977 qua
1625 909 1956 964 describitttr
1984 909 2149 976 meri-.

558 1011 674 1051 rum
731 999 1003 1069 pauperis,
1057 1015 1180 1062 eum
1221 1001 1563 1071 subjungitur
1601 1017 1616 1056 ι
1657 1002 1724 1056 Et
1781 1014 1890 1058 erat
1926 1005 2146 1074 quidam

555 1090 850 1154 mendicus,
905 1090 1111 1144 nomine
1164 1088 1424 1157 Lazarus,
1462 1094 1550 1162 qui
1573 1093 1781 1158 Iacebat
1820 1094 1889 1152 ad
1916 1094 2144 1165 januans

549 1180 686 1250 ejus,
732 1180 994 1235 ulceribus
1019 1181 1223 1250 plenus,
1256 1183 1469 1254 cupiens
1494 1188 1733 1240 saturari
1759 1187 1823 1242 de
1850 1189 1997 1242 micis
2027 1204 2144 1258 qua;

555 1272 812 1344 cadebant
841 1273 906 1328 de
933 1290 1111 1330 mensa
1133 1277 1332 1345 (licitis,
1349 1289 1394 1331 et
1421 1295 1568 1336 nemo
1593 1279 1668 1336 illi
1692 1281 1869 1338 dabat.
1900 1283 2145 1347 Quatuor

549 1364 914 1422 ostenduntur
963 1366 1156 1442 Lazari
1188 1370 1462 1436 miseria),
1510 1373 1638 1442 quia
1689 1377 2138 1441 oratmendicus,

547 1459 675 1528 quia
705 1457 978 1527 iulirmns,
1015 1463 1140 1532 quia
1168 1478 1332 1518 nemo
1360 1464 1412 1519 in
1437 1473 1664 1535 utroque
1687 1469 1736 1526 ei
1763 1469 2140 1535 subveniebat,

547 1551 672 1620 quia
694 1559 818 1606 ante
837 1552 1061 1619 januam
1086 1554 1270 1616 divitis
1282 1555 1492 1624 iacens,
1520 1559 1744 1614 multam
1776 1562 2140 1620 tentationem

546 1659 614 1712 ex
648 1647 998 1716 pra:scntium
1027 1647 1236 1712 visione
1264 1649 1582 1704 deliciarum
1627 1652 1950 1711 sustinebat.
1986 1655 2143 1718 Sicut

545 1737 690 1800 enim
750 1740 1040 1808 praesentia
1093 1739 1326 1800 mendici
1373 1741 1573 1804 intirtni
1613 1741 1712 1802 l’uit
1739 1745 1956 1799 occasio
1982 1745 2138 1806 diviti

545 1829 769 1897 majoris
808 1831 1191 1899 damnationis,
1233 1831 1308 1890 ita
1340 1835 1627 1903 praesentia
1657 1837 1971 1900 deliciarum
2003 1839 2141 1896 divi-

545 1922 617 1977 tis
647 1922 745 1986 luit
773 1925 989 1980 occasio
1017 1925 1267 1989 utendico
1297 1941 1515 1984 coronae
1547 1929 1878 1999 grandioris.
1907 1931 1962 1990 Si
1993 1933 2140 1988 enim

546 2013 697 2068 dives
726 2030 832 2070 non
862 2016 1084 2080 haberet
1113 2026 1434 2085 praesentem
1459 2019 1786 2084 mendicum,
1819 2022 2135 2082 divitiarum

544 2120 766 2160 suarum
801 2106 1076 2168 videretur
1113 2109 1314 2164 habere
1344 2110 1778 2170 excusationem.
1813 2114 1878 2168 Et
1905 2114 1950 2170 si
1977 2132 2135 2178 men-

542 2195 699 2250 dicus
746 2196 998 2264 infirmus
1025 2214 1054 2252 a
1090 2199 1300 2256 visione
1347 2200 1664 2258 deliciarum
1698 2216 1940 2263 remotus
1964 2219 2131 2277 esset,

541 2292 751 2340 tantam
793 2296 966 2355 leniat
984 2287 1130 2360 ionis
1151 2305 1386 2361 pugnant
1412 2308 1518 2355 non
1554 2296 1869 2356 sustineret.
1896 2300 2149 2374 Quantas

540 2391 799 2446 namque,
859 2377 1058 2446 fratres
1113 2383 1239 2448 mei,
1271 2387 1473 2453 putatis
1514 2385 1780 2446 Lazarum
1808 2393 2134 2450 sustinuisse

542 2470 906 2537 tentationes,
970 2487 1092 2526 eum
1141 2476 1424 2532 mendicus
1473 2480 1681 2547 videret
1727 2485 1968 2553 quotidie
2011 2497 2136 2544 ante

541 2563 732 2620 oculos
777 2581 908 2622 suos
937 2567 1158 2626 divitem
1189 2579 1244 2628 et
1285 2588 1411 2628 suos
1440 2574 1490 2627 in
1533 2575 1736 2630 divitiis
1802 2583 2144 2648 superabun-

543 2656 756 2723 dantes,
789 2675 911 2714 cum
937 2661 1187 2719 inﬁrmus
1217 2665 1426 2720 videret
1470 2667 1694 2724 divitem
1723 2679 1779 2726 et
1805 2688 1932 2728 suos
1963 2674 2014 2729 in
2040 2691 2144 2744 sua,

544 2750 786 2806 sanitate
845 2754 1203 2820 exsultantes,
1239 2773 1360 2812 cum
1387 2761 1634 2816 esuriens
1675 2763 1882 2819 videret
1913 2766 2137 2824 divitem

541 2853 599 2898 et
651 2859 819 2910 suos,
859 2860 926 2900 ex
967 2847 1132 2902 nimia
1182 2851 1470 2906 saturitate
1520 2865 1860 2921 cruciantes,
1898 2874 2021 2913 eum
2061 2867 2140 2924 tot

549 2935 784 2990 miseriis
830 2952 1053 3006 pressus
1109 2939 1315 2996 videret
1358 2945 1598 3011 quotidie
1645 2945 1866 3002 divitem
1920 2956 1973 3006 ct
2011 2965 2140 3005 suos

543 3036 624 3082 tot
647 3029 1100 3098 prosperitatibus
1140 3032 1548 3101 praeliorcntes?
1579 3037 1804 3105 Magnus
1839 3055 1986 3096 certe
2017 3050 2139 3111 erat

542 3122 646 3175 iste
671 3120 935 3187 Lazarus,
981 3123 1073 3190 qui
1105 3133 1183 3178 tot
1222 3125 1626 3183 calamitatibus
1653 3133 2005 3199 premebatur
2032 3151 2134 3194 nee
2164 3167 2210 3229 ρ

541 3213 972 3284 qpprimebatur,
997 3217 1088 3285 qui
1120 3226 1198 3270 tot
1219 3219 1434 3287 patiens
1457 3220 1554 3274 fuit
1579 3225 1815 3292 patiens,
1843 3242 2002 3294 quem
2030 3230 2134 3284 etsi

547 3317 628 3362 tot
656 3307 864 3374 ﬂagella
910 3318 1207 3374 torserunt,
1248 3321 1425 3366 tamen
1458 3316 1774 3382 patientiam
1811 3334 1916 3372 non
1945 3331 2133 3375 extor-

541 3410 750 3466 serunt.
776 3401 1036 3470 Exemplo
1062 3403 1449 3471 buinsdiscant
1476 3422 1741 3475 pauperes
1771 3418 1822 3462 et
1857 3410 2052 3466 intirnii
2081 3413 2132 3469 in

546 3497 662 3550 suis
687 3497 1105 3559 adversitatibus
1129 3513 1233 3552 non
1261 3515 1626 3560 murmurare.
1648 3516 1752 3572 non
1778 3504 1969 3557 divites
1991 3507 2140 3561 dani-

544 3601 698 3652 ttare,
728 3588 820 3648 sed
855 3587 1022 3648 Deum
1053 3589 1394 3655 benedicere,
1425 3601 1477 3646 et
1505 3591 1713 3662 ﬂagella
1751 3601 1991 3664 peccatis
2022 3600 2138 3668 suis

541 3680 841 3754 ascribere.
861 3681 925 3740 Et
953 3699 1100 3738 nemo
1122 3683 1200 3735 illi
1223 3684 1403 3742 dabat,
1424 3685 1546 3752 quia
1572 3687 1710 3740 sicut
1729 3687 1877 3741 dives
1899 3690 2135 3746 immise-

540 3774 713 3830 ricors
736 3785 878 3848 erat,
907 3776 977 3829 ita
1005 3784 1058 3830 et
1090 3775 1552 3831 immisericorch
1581 3779 1856 3833 ministros
1880 3782 2132 3850 habebat,

535 3863 627 3933 jus
639 3875 686 3918 ta
705 3866 832 3920 illud
851 3865 1156 3922 Salomonis
1175 3885 1188 3920 :
1208 3866 1408 3936 Impius
1425 3869 1662 3938 princeps
1678 3887 1851 3924 omnes
1868 3874 2134 3928 ministros

537 3959 688 4014 liabet
717 3961 903 4029 impios
923 3959 1104 4016 (Prov.
1130 3961 1492 4032 xxrx).—-Scrl
1517 3979 1563 4016 et
1592 3976 1746 4020 ranas
1771 3967 2060 4029 veniebant,
2083 3977 2131 4036 et

540 4053 802 4123 lingebant
831 4055 1006 4110 ulcera
1031 4057 1165 4125 ejus.
1194 4055 1292 4112 Ubi
1321 4058 1480 4110 homo
1504 4073 1660 4111 servo
1695 4058 1785 4111 Dei
1826 4053 2138 4126 ministrare

536 4143 940 4209 eunte-mnebat,
971 4147 1166 4212 bestia,
1197 4158 1357 4217 prout
1383 4159 1625 4218 poterat,
1655 4151 1948 4216 serviebat.

552 4261 584 4279 -·
615 4236 880 4308 Sequitur
923 4259 1051 4311 pars
1106 4245 1286 4308 tertia,
1340 4245 1524 4314 inqua
1565 4246 1813 4315 pauperis
1852 4249 2135 4316 praemium

540 4327 889 4391 describitur,
939 4347 1063 4387 cum
1120 4333 1370 4390 subditur
1413 4352 1425 4387 :
1472 4332 1698 4388 Factum
1752 4347 1826 4389 est
1866 4349 2038 4392 autem
2076 4351 2129 4405 ut

537 4428 827 4474 moreretur
855 4421 1147 4485 mendicus,
1192 4433 1240 4478 et
1288 4433 1587 4491 portaretur
1611 4425 1674 4478 ab
1703 4427 1902 4496 angelis
1931 4428 1983 4481 in
2010 4429 2132 4498 sinu

2251 535 2583 590 transfertur
2604 539 2655 591 in
2685 538 2980 601 infernum,
3008 537 3077 592 de
3096 552 3340 608 purpura
3358 549 3407 593 et
3427 540 3610 612 byssoiu
3627 567 3727 621 aspe.

2252 631 2441 702 rilates
2465 630 2686 684 tenebra
2697 647 2835 690 rum.
2856 631 2923 685 de
2945 630 3251 700 splendidis
3266 632 3516 700 conviviis,
3539 637 3579 690 iu
3597 639 3726 701 latum

2250 731 2305 777 et
2330 723 2475 778 sitim
2503 731 2845 794 perpetuam,
2876 733 2928 778 ct
2951 723 3019 778 de
3043 721 3193 777 inter
3218 723 3433 779 blandas
3453 743 3602 785 manus
3617 733 3732 808 buy.

2249 813 2517 868 mantintn
2553 816 2876 880 amicorum,
2911 816 3056 870 inter
3087 817 3255 870 duras
3286 832 3463 870 manus
3487 822 3734 883 stridentium

2250 905 2664 980 daemoniorum.
2721 906 2786 960 Et
2832 921 3004 976 quare
3035 904 3202 958 ?Non
3233 906 3365 975 quia
3405 906 3576 976 legatur
3597 913 3734 984 aliquid

2250 977 2496 1065 rapuisse
2523 995 2608 1050 vel
2639 997 3014 1062 del’raudasse,
3044 987 3141 1050 sed
3171 997 3302 1065 quia
3335 1011 3426 1050 sua
3458 997 3661 1067 superﬂue
3677 1023 3734 1060 ex.

2251 1087 2542 1158 pendebat,
2577 1097 2632 1145 et
2672 1088 2894 1159 pauperi
2947 1089 3081 1143 nibil
3138 1088 3331 1142 dabat.
3385 1089 3436 1142 Si
3470 1089 3550 1152 sic.
3582 1092 3734 1163 intra,

2249 1180 2580 1234 damnantur
2604 1181 2695 1258 qui
2734 1197 2839 1234 non
2863 1181 2994 1234 dant
3025 1195 3147 1246 sua,
3172 1179 3307 1249 quid
3339 1180 3574 1249 patientur
3594 1186 3657 1254 qui
3677 1203 3732 1243 ra-

2249 1271 2406 1341 piunt
2436 1269 2611 1326 aliena
2639 1271 2662 1326 ?
2686 1270 2913 1326 Elaeam
2939 1281 3116 1325 autem
3141 1275 3331 1326 oculos
3359 1287 3470 1326 suos
3488 1289 3581 1326 cuiu
3599 1280 3738 1335 essetis

2250 1364 2542 1428 tormentis,
2560 1365 2683 1418 cidit
2697 1363 2966 1419 Abraham
2982 1364 3203 1436 alonge,
3220 1375 3337 1419 tam
3355 1365 3739 1436 locoqnamalierll

2249 1455 2398 1523 (quia
2425 1449 2535 1510 Deo
2561 1457 2902 1525 conjunctus,
2935 1457 3081 1510 aliud
3105 1472 3270 1526 quam
3301 1456 3445 1512 Deus
3465 1458 3575 1514 velle
3593 1474 3743 1532 scapos

2246 1555 2348 1601 test
2356 1560 2373 1617 )
2396 1557 2440 1601 et
2458 1546 2727 1602 Lazarum
2757 1549 2810 1603 in
2839 1550 2956 1603 sinu
2979 1549 3113 1618 ejus.
3141 1548 3322 1604 Porro
3343 1566 3466 1604 cum
3480 1549 3586 1619 justi
3605 1571 3746 1623 semper

2245 1640 2464 1693 videant
2502 1640 2758 1708 reprobus
2791 1640 2844 1695 in
2871 1641 3050 1709 paruis
3081 1641 3149 1695 ad
3180 1652 3523 1711 augmentum
3551 1647 3744 1714 μήκει

2245 1732 2311 1784 ad
2348 1731 2806 1804 glorilicationein.
2837 1729 2920 1786 sui
2949 1733 3186 1798 laboris,
3226 1734 3449 1805 reprobi
3475 1746 3650 1792 tantum
3670 1753 3748 1797 ante

2174 1809 2222 1865 Β
2247 1823 2434 1877 videre
2464 1833 2690 1892 possunt
2719 1825 2941 1888 electos,
2967 1825 3063 1879 sed
3091 1838 3236 1896 post,
3270 1826 3386 1880 non
3410 1843 3423 1892 ;
3446 1829 3551 1908 quia
3570 1833 3745 1904 scriptum

2247 1923 2330 1970 est
2360 1934 2374 1969 :
2413 1934 2430 1967 ι
2468 1916 2714 1971 'l'ollatur
2736 1916 2953 1987 impius,
2984 1933 3050 1973 ne
3081 1919 3264 1974 videat
3287 1919 3512 1989 gloriam
3535 1923 3658 1978 Dei.»

2318 2007 2579 2078 Sequitur
2614 2025 2741 2080 pars
2773 2013 2981 2082 quinta,
3026 2012 3078 2065 in
3121 2027 3227 2082 qua
3265 2013 3429 2068 dives
3472 2027 3574 2070 orat
3603 2032 3672 2085 pro
3698 2034 3747 2083 se,

2244 2113 2344 2153 nec
2392 2101 2704 2154 exauditur.
2761 2101 2913 2156 Unde
2937 2111 2992 2155 et
3016 2103 3268 2156 subditur
3291 2121 3318 2156 εν
3341 2103 3420 2157 Et
3453 2106 3549 2174 ipse
3577 2108 3750 2172 clamans,

2247 2183 2420 2261 magis
2445 2190 2640 2246 aﬂ'eetu
2665 2207 2826 2262 quam
2859 2208 3013 2256 voce,
3046 2196 3120 2248 ait
3145 2212 3165 2250 :
3189 2195 3365 2250 Pater
3385 2197 3632 2259 Abraham.
3655 2205 3753 2255 mixe-

2246 2300 2358 2338 rere
2380 2285 2499 2338 mei.
2541 2285 2760 2340 l‘atrcm
2794 2297 2978 2352 vocat,
3006 2303 3168 2356 quem
3211 2288 3464 2346 ﬁIialiter
3508 2284 3667 2347 imitari
3699 2312 3760 2351 no-

2244 2375 2368 2442 luit,
2395 2388 2447 2432 et
2467 2379 2560 2448 qui
2593 2381 2778 2434 vivens
2809 2380 2860 2434 in
2891 2381 3100 2437 deliciis
3145 2391 3201 2437 et
3229 2385 3512 2440 miseriam
3541 2389 3754 2458 ignorabat,

2244 2482 2388 2525 nunc
2433 2471 2486 2524 in
2545 2473 2831 2527 tormentis
2861 2475 3068 2543 positus
3095 2475 3291 2544 incipit
3324 2479 3474 2534 scire
3496 2480 3603 2548 quid
3625 2481 3765 2534 habent

2245 2563 2372 2615 mali
2433 2563 2671 2628 miseria,
2711 2569 2920 2637 etquid
2958 2567 3083 2623 boni
3133 2572 3534 2627 misericordia.
3577 2573 3757 2644 Vosergo

2244 2653 2462 2721 divites,
2518 2673 2584 2712 ne
2641 2658 2894 2713 similiter
2957 2660 3109 2716 vobis
3157 2662 3467 2735 contingas,
3504 2665 3760 2736 dist-iteite:

2245 2749 2704 2817 compassionem,
2739 2750 2882 2805 inter
2910 2751 3128 2807 divitias
3160 2755 3444 2809 miseriam
3467 2766 3517 2810 et
3536 2757 3764 2812 misericor-

2244 2842 2408 2904 diam,
2441 2843 2566 2912 quia
2608 2858 2712 2898 non
2753 2845 2990 2900 inveniet
3025 2847 3074 2899 in
3108 2845 3212 2899 alia
3246 2849 3355 2902 vita
3399 2849 3761 2913 misericordiam,

2244 2933 2335 3002 qni
2372 2935 2422 2987 in
2459 2935 2560 2988 ista
2594 2952 2696 2990 non
2731 2935 2979 2992 habuerit
3021 2954 3161 2992 eam.
3200 2939 3358 2996 Unde
3384 2941 3762 2997 Jacoliuszliaii

2243 3028 2380 3080 tium
2423 3029 2533 3082 sine
2577 3031 2939 3084 misericordia
2966 3031 3056 3099 ﬁet
3101 3032 3148 3086 ei
3177 3035 3272 3103 qui
3298 3045 3406 3088 non
3437 3036 3600 3106 fecerit
3624 3036 3766 3088 miseri-

2242 3122 2478 3174 cordiam
2515 3120 2657 3190 (Jac.
2694 3123 2775 3192 ιι).
2813 3122 2877 3175 Et
2909 3127 3076 3188 mitte,
3122 3125 3320 3196 inquit,
3357 3127 3626 3191 Lazarum,
3655 3129 3766 3179 utia‘

2245 3212 2415 3282 tingat
2470 3225 2759 3267 extremum
2811 3215 2965 3284 digiti
3014 3217 3098 3269 sui
3133 3219 3186 3269 in
3225 3235 3441 3285 aquam,
3488 3231 3538 3272 ut
3567 3219 3764 3287 refrigerat

2242 3305 2479 3374 linguam
2505 3322 2696 3371 meum,
2721 3307 2844 3375 quia
2871 3310 3077 3362 crucior
3101 3312 3153 3361 in
3177 3312 3279 3363 hac
3301 3299 3538 3380 ﬂamma.
3561 3313 3675 3366 Ecce
3692 3310 3766 3364 in.

2247 3405 2353 3451 tres
2374 3414 2534 3468 quam
2569 3399 2826 3454 terribilis
2865 3410 2945 3454 est
2974 3400 3116 3456 Dens
3149 3404 3201 3456 in
3236 3405 3478 3459 consiliis
3509 3417 3651 3476 super
3668 3403 3766 3457 ιιια

2241 3489 2520 3543 hominum
2576 3488 2752 3558 (Psal.
2787 3496 2935 3561 va).
2993 3494 3170 3557 Dives,
3210 3498 3303 3565 qui
3353 3499 3515 3550 niicas
3543 3501 3604 3551 de
3631 3508 3764 3550 mensa

2241 3599 2336 3636 sua
2367 3583 2622 3638 cadentes
2645 3585 2900 3640 esurienti
2943 3587 3078 3641 dare
3111 3589 3330 3644 nolebat
3360 3590 3582 3654 Lazaro,
3615 3591 3668 3642 ad
3695 3591 3769 3641 bet

2235 3679 2383 3748 jusm
2403 3680 2609 3748 judicio
2633 3680 2897 3736 adductus
2924 3693 3006 3738 est
3031 3688 3089 3738 ut
3115 3685 3316 3739 ardens
3347 3699 3543 3757 guttam
3575 3699 3698 3753 aqua
3720 3684 3766 3735 de

2240 3773 2406 3843 digito
2461 3773 2653 3829 Lazari
2712 3788 2944 3845 peteret,
2977 3789 3032 3833 et
3083 3795 3191 3832 non
3231 3781 3508 3850 acciperet.
3534 3775 3766 3846 Quisivd

2240 3871 2409 3921 micas
2453 3869 2502 3920 ei
2532 3885 2627 3938 per
2667 3870 3094 3923 misericordiam
3131 3872 3388 3935 dedisset,
3420 3872 3620 3939 aliquod
3651 3868 3767 3923 refri-

2239 3961 2442 4027 gerium
2476 3960 2526 4012 in
2561 3961 2734 4028 pinnis
2775 3963 3062 4016 inveniret.
3097 3962 3303 4033 Itaque,
3350 3964 3549 4026 fratres,
3580 3962 3618 4016 si
3639 3958 3762 4012 mltis

2241 4051 2668 4104 miscricordiam
2695 4051 2959 4118 invenire,
2990 4056 3414 4109 misericordiam
3435 4053 3602 4116 facile,
3621 4059 3766 4103 tota“!

2238 4157 2503 4212 pauperes
2532 4145 2597 4196 ad
2625 4145 2870 4198 convivia
2910 4156 3111 4212 vestra,
3149 4147 3232 4200 vel
3265 4147 3442 4202 salleni
3470 4148 3588 4199 date
3607 4153 3760 4196 uictis!

2241 4247 2432 4287 vestrie
2483 4237 2760 4306 reliquias,
2815 4240 2940 4293 date
2991 4239 3076 4293 vel
3129 4239 3384 4294 cadentes
3429 4240 3603 4300 micas,
3652 4231 3760 4288 cesi

2239 4325 2337 4380 bas
2394 4325 2534 4382 forte
2590 4329 2718 4382 dare
2775 4330 3130 4401 negligeritis,
3203 4331 3520 4401 refrigerium
3570 4331 3620 4383 in
3667 4330 3757 4395 ign

2238 4435 2342 4472 non
2377 4421 2682 4476 inveniatis.
2725 4419 2835 4476 Sed
2880 4440 2979 4477 cur
3005 4424 3159 4478 dives
3203 4427 3377 4493 potius
3415 4424 3460 4476 in
3497 4423 3662 4493 lingua
3694 4433 3761 4470 δικ

537 4511 782 4567 Abrahae.
847 4513 1069 4570 Fratres
1117 4515 1447 4583 charissimi,
1503 4519 1619 4587 quis
1674 4519 1810 4573 sicut
1870 4520 2126 4588 Dominus;

2238 4511 2371 4566 sissc
2425 4523 2778 4578 memoratur,
2828 4515 2928 4569 nisi
2972 4517 3100 4585 quia
3146 4515 3509 4572 comessationi
3548 4525 3596 4567 et
3623 4511 3756 4565 socia

536 4604 678 4660 Deus
725 4617 900 4662 noster
946 4611 1037 4678 qui
1080 4611 1137 4666 in
1180 4609 1309 4669 altis.
1341 4612 1566 4673 habitat,
1599 4621 1645 4676 et
1671 4611 1893 4668 humilia
1919 4618 2127 4685 respicis

536 4701 593 4753 in
621 4701 749 4755 cazlo
780 4711 829 4755 et
870 4703 924 4755 in
956 4713 1098 4758 terra
1118 4742 1134 4767 ,
1173 4704 1441 4758 suscitans
1479 4721 1512 4756 α
1542 4714 1684 4758 terra
1729 4705 1957 4774 inopem,
1984 4719 2032 4762 et
2061 4710 2126 4783 de

535 4804 760 4847 stercore
792 4795 995 4864 erigens
1029 4806 1310 4863 pauperem
1337 4796 1360 4848 ?
1384 4795 1556 4865 (Psal.
1600 4796 1762 4866 exn.)
1795 4798 1934 4870 Ecce
1963 4817 2126 4870 quem

536 4886 700 4942 b'omo
737 4888 1020 4951 abhorret,
1069 4887 1394 4958 dedignatur
1450 4896 1504 4942 et
1553 4888 1778 4960 refugit;
1814 4893 1934 4966 pius
1964 4889 2127 4966 super.

537 4981 720 5036 omnia
745 4979 1016 5036 Dominus
1039 4995 1134 5049 per
1163 4979 1525 5038 ministerium
1557 4997 1782 5050 suorum
1810 4994 2124 5048 sanctorum

545 5071 891 5140 angelorum,
923 5071 1107 5124 visitat
1155 5080 1209 5124 et
1250 5072 1502 5142 suscipit,
1525 5077 1854 5136 transferens
1885 5079 1950 5144 de
1983 5087 2126 5149 stere.

539 5161 772 5231 quilinio
829 5161 1183 5231 margaritam
1239 5163 1551 5232 pretiosam,
1589 5167 1718 5222 etin
1749 5168 1905 5222 beata
1935 5169 2125 5239 requie

535 5267 759 5308 suorum
786 5250 1059 5310 collocatis
1077 5253 1391 5312 electorum.
1411 5258 1508 5314 Est
1530 5267 1708 5313 autem
1725 5259 1876 5318 sinus
1890 5259 2122 5335 Abrahae

534 5343 690 5400 locus
727 5343 782 5406 in
805 5344 1070 5416 superiori
1100 5344 1316 5404 inferno
1349 5349 1692 5420 tranquillus,
1733 5351 1784 5406 in
1811 5367 1918 5421 quo
1945 5356 2032 5421 qui
2064 5355 2122 5428 iu_

531 5433 640 5493 ﬁde
660 5441 891 5497 Abrabze
917 5443 1312 5507 moriebantur,
1333 5457 1454 5498 cum
1472 5445 1901 5512 requiescebant,
1921 5460 2114 5516 exspe-

530 5529 754 5587 ctabant
773 5533 1051 5590 Christum
1083 5537 1174 5604 qui
1204 5536 1284 5590 eis
1309 5551 1533 5606 regnum
1569 5536 1829 5592 ctelorum
1859 5540 2114 5608 aperiret.

601 5625 864 5697 Sequitur
898 5643 1024 5698 pars
1058 5638 1276 5698 quarta,
1325 5630 1376 5684 in
1424 5643 1530 5698 qua
1584 5630 1908 5684 describitur
1955 5649 2111 5702 perna

528 5719 709 5774 divitis
745 5737 866 5775 cum
898 5723 1188 5777 subditur:
1219 5720 1464 5784 Mortuus
1499 5731 1570 5774 est
1601 5731 1773 5775 autem
1803 5734 1848 5776 et
1877 5724 2037 5792 diros,
2065 5737 2114 5781 et

526 5813 760 5881 sepultus
790 5828 862 5868 est
895 5816 951 5868 in
985 5815 1272 5885 infernum.
1300 5815 1437 5870 Ecce
1464 5830 1622 5884 quem
1657 5816 1808 5870 turba
1841 5817 2113 5873 ministro-

531 5921 650 5970 rum
671 5887 730 5964 et
751 5910 1050 5990 amicorum
1079 5907 1503 5965 cireuinl'ovebat
1528 5919 1583 5963 ct
1611 5908 1884 5986 naipabat,
1904 5901 2112 5988 rapitur

2233 4601 2348 4671 ejus
2376 4603 2685 4674 loquacitati
2717 4607 3026 4662 servierat?
3052 4606 3118 4661 Et
3143 4610 3218 4662 ait
3248 4609 3324 4661 illi
3353 4608 3588 4660 Abraham
3610 4617 3632 4656 :
3651 4599 3755 4662 iiii.

2231 4697 2530 4763 recordare,
2583 4703 2707 4769 quia
2748 4700 2986 4768 rerepisti
3021 4701 3161 4754 bona
3201 4701 3258 4756 in
3297 4703 3393 4754 vita
3417 4711 3516 4762 tua,
3543 4705 3585 4749 at
3615 4694 3754 4746 ιω-
3832 4755 3833 4770 χ

2231 4807 2318 4846 rus
2376 4794 2618 4847 similiter
2671 4793 2831 4850 mula.
2886 4794 3044 4849 Nunc
3081 4810 3200 4849 vero
3252 4791 3541 4854 consolatur,
3573 4799 3630 4840 tu
3658 4798 3755 4840 reri

2228 4886 2506 4940 cruciaris.
2558 4883 2768 4951 Nullus,
2820 4885 3021 4943 fratres
3077 4885 3404 4950 cbarissimi,
3450 4884 3563 4938 adeo
3599 4876 3750 4931 mihi
3832 4895 3833 4978 χ

2228 4988 2313 5033 est
2370 4981 2496 5050 quin
2551 4980 2751 5051 aliquid
2806 4980 2930 5036 boni
2986 4977 3281 5050 aliquando
3323 4977 3487 5032 faciat.
3527 4972 3624 5028 Nec
3665 4969 3754 5020 aii-

2227 5073 2351 5140 quis
2399 5074 2535 5128 adeo
2582 5073 2634 5128 in
2683 5075 2784 5128 bac
2831 5074 2941 5128 vita
2999 5083 3222 5127 sanctus
3271 5079 3352 5126 est
3385 5068 3497 5139 quin
3528 5063 3742 5133 aliqua”

2225 5165 2294 5219 do
2357 5177 2639 5236 peccatum
2687 5167 2890 5222 «faciat.
2958 5165 3100 5220 Deus
3173 5172 3351 5218 autent
3404 5163 3553 5233 justus
3593 5153 3745 5220 iub!

2224 5258 2430 5313 nullum
2463 5260 2663 5316 bonum
2697 5261 3434 5331 relinquitirremuneratum,
3457 5242 3740 5315 uocaliun

2221 5361 2503 5420 peceatum
2534 5352 2875 5422 impunitum.
2905 5351 3094 5420 Itaque
3115 5351 3269 5405 dives
3289 5351 3332 5404 si
3360 5348 3474 5420 quid
3495 5342 3594 5399 barri
3609 5338 3736 5392 ἱιιίει

2221 5442 2389 5497 multa
2423 5443 2561 5498 mala
2595 5441 2819 5509 fecerat,
2847 5429 3193 5500 remunerate
3219 5451 3343 5498 sunt
3361 5443 3404 5496 ei
3429 5441 3472 5492 in

2223 5537 2535 5607 temporalis
2569 5537 2951 5608 prosperitatis
2996 5552 3162 5606 quam
3203 5538 3426 5590 aniabat.
3467 5531 3522 5584 Et
3556 5527 3589 5579 si
3618 5517 3726 5584 ﬁmi,

2218 5629 2342 5685 mali
2383 5630 2619 5684 Lazarus
2645 5631 2785 5684 inter
2809 5628 2990 5688 tidem.
3021 5616 3209 5701 spem,
3228 5621 3724 5708 constantiam???

2221 5723 2468 5778 tientiam
2498 5733 2834 5792 eiclcrasque
2862 5725 2866 5727 ’
2890 5724 3121 5778 virtutes
3166 5726 3380 5784 fecerat,
3422 5721 3573 5772 totout
3609 5707 3714 5773 ίὲω

2221 5820 2533 5888 temporalis
2560 5819 2924 5873 tribulationis
2967 5817 3228 5887 expiavit.
3269 5817 3332 5872 Et
3357 5819 3576 5870 econtra.
3609 5795 3712 5885 πύξ

2219 5910 2400 5967 divitis
2427 5911 2612 5989 punita
2645 5921 2774 5968 sunt
2803 5912 2856 5967 in
2885 5920 3089 5988 acterna
3120 5924 3305 5990 poena,
3339 5917 3390 5964 et
3413 5905 3543 5962 bona
3575 5894 3695 5952 131³³
