1955 3668
25 139 88 167 1965

373 137 529 166 ΗΟΜΙΗᾹΞ
549 137 582 165 1N
600 136 709 165 EPIST.
733 136 775 164 ΕΤ
795 136 800 163 l

853 134 920 163 tNG.
943 134 1093 163 DOMINIG.
1112 149 1145 155 —
1161 133 1252 162 PARS
1272 134 1302 161 ll.

1587 137 1656 166 1666

24 198 188 225 renittncrata
205 200 267 222 sunt
283 196 308 222 in
324 199 423 223 :ntcrna
439 196 503 222 vita.
529 195 596 223 ltinc
610 196 714 222 discant
740 194 809 221 divi-
826 194 848 223 Α
862 200 941 228 [teres
958 192 1037 219 nobis
1048 192 1151 219 amicos
1162 196 1189 218 ct
1215 192 1408 221 intercessores
1423 193 1525 228 facere,
1550 198 1579 221 ut
1594 202 1654 222 cum

23 248 61 270 tes
78 243 180 272 timere.
199 242 260 268 dum
272 242 311 268 eis
326 242 393 269 bene
408 243 529 270 succedit
542 243 567 269 itt
582 242 632 269 hac
652 242 714 273 vita,
746 242 809 268 dttttt

22 288 113 316 ﬂorent
128 291 156 314 et
171 287 322 319 abundant,
340 295 374 315 tte
387 288 468 320 forte,
485 292 593 323 propter
605 287 677 315 illam
695 294 807 322 prospe-

23 333 137 363 r'itatem,
151 333 220 359 bona
233 341 280 359 sua
298 333 323 359 itt
339 335 390 360 hoc
415 333 515 360 sa-culo
538 337 756 366 remunerentur,
782 337 810 360 et

21 383 127 415 peccata
139 387 186 406 sua
206 379 258 414 igni
275 384 376 407 aeterno
389 384 571 407 reserventur.
595 379 627 406 Et
640 384 750 407 econtra
767 379 809 406 di-

21 430 93 453 scant
107 432 239 459 pauperes
258 429 284 451 ct
300 424 389 452 amicti
404 426 472 453 bene
483 433 605 460 sperare,
619 427 682 453 dum
709 420 808 461 paupe-

20 473 69 504 ric,
85 471 229 499 aﬂlictione
242 476 268 499 et
281 472 389 499 miseria
404 472 563 506 puniuntur,
579 472 641 507 quia
665 479 711 507 per
734 472 806 499 illattt

20 517 204 545 adversitatem
225 521 337 552 peccata
363 523 467 551 eorum,
497 517 520 545 si
547 512 683 553 patienter
707 518 806 553 ferant,

19 564 175 598 purgantur,
201 567 229 590 et
251 564 320 590 bona
344 569 438 590 eorum
463 567 571 590 aeternae
595 564 806 591 remunerationi

19 608 199 636 reservantur.
216 607 249 635 Et
262 609 331 636 inter
345 608 400 636 hinc
414 607 482 644 (52),
496 609 564 635 inter
579 616 626 636 nos
643 613 666 635 et
681 616 726 636 vos
751 616 808 635 ma-

18 664 91 690 gnnm
105 657 184 682 chao:
196 655 330 690 ﬁrmatum
346 660 395 688 est,
419 659 448 682 ut
462 655 507 690 qui
524 650 584 682 Itinc
602 654 665 681 illnc
690 650 806 682 transire

18 693 112 733 volunt,
129 701 301 736 nonpossint,
315 709 397 737 neque
412 702 474 729 inde
487 701 537 729 huc
551 702 722 728 transmeare.
732 700 805 729 Sane

18 749 38 776 si
55 748 89 775 illi
104 748 152 783 qui
170 748 197 776 in
213 749 356 776 tormentis
370 754 432 777 sunt
450 749 484 777 ad
499 750 620 785 requiem
634 748 751 777 transire
763 749 807 785 ve-

18 795 70 827 littt,
86 803 136 822 llon
165 799 206 822 est
221 795 330 822 mirum.
354 795 407 823 Sed
428 796 563 830 quontodo
585 797 631 831 qui
656 797 683 824 in
713 796 807 831 requie

18 840 119 868 suntad
134 848 182 868 eos
198 840 245 875 qui
263 841 289 868 in
313 840 456 868 tormentis
481 846 544 868 sunt
569 848 738 869 transmeare
759 849 805 869 voc

18 887 71 913 lunt
86 891 111 913 et
128 894 181 913 non
194 886 324 921 possunt?
337 886 406 914 Puto
423 887 496 922 quod
521 887 607 914 sancti
624 894 671 922 per
691 894 806 914 consue.
822 876 844 904 Β

18 938 65 960 tam
81 933 297 968 eompassionctn
313 938 339 960 et
351 933 489 968 pietatem,
512 940 580 968 quas
596 934 621 961 in
638 935 688 961 ltoc
707 934 806 962 saeculo

18 980 174 1013 habuerunt,
191 979 292 1007 vellent
304 979 457 1007 miscrendo
471 980 588 1007 transire
601 980 635 1007 ad
647 987 695 1008 eos
717 980 762 1015 qui
777 980 804 1008 in

18 1026 95 1060 poenis
110 1031 186 1059 sunt,
202 1026 252 1054 ttisi
267 1031 359 1054 essent
374 1026 410 1054 ita
424 1027 522 1055 divinze
533 1027 669 1062 conjuncti
681 1027 803 1062 justitire,

18 1076 39 1099 at
54 1072 125 1100 aliud
137 1079 223 1108 quam
239 1073 309 1100 Deus
324 1072 390 1099 velle
404 1072 476 1100 nulla
489 1078 600 1109 possent
612 1073 726 1101 ratione.
752 1072 805 1100 Ne-

20 1128 61 1154 pto
72 1118 143 1147 enim
160 1120 187 1147 in
199 1124 299 1148 aeterna
314 1120 490 1154 beatitudine,
507 1121 552 1148 ubi
577 1121 655 1149 dolor
674 1128 727 1148 non
750 1126 803 1155 est,

18 1167 160 1201 :ompassio
175 1173 234 1193 esse
250 1167 349 1201 poterit
363 1174 423 1202 quae
437 1166 496 1194 sine
510 1167 603 1195 dolore
616 1174 668 1194 non
687 1172 740 1194 est.

44 1210 175 1246 Sequitur
189 1219 251 1246 pars
264 1216 352 1244 sexta,
369 1212 394 1239 in
410 1219 462 1247 qua
480 1212 555 1247 dives
570 1220 619 1247 pro
645 1213 707 1240 aliis
731 1216 800 1243 orat.

18 1266 57 1286 tee
70 1259 228 1291 exauditur,
243 1266 304 1286 cum
319 1259 463 1286 subditur:
481 1257 553 1294 Rogo
577 1267 637 1294 ergo
661 1263 695 1292 te,
718 1264 801 1292 pater,

18 1309 35 1331 tl
50 1305 138 1332 mittas
147 1313 210 1333 eum
226 1306 252 1332 in
266 1305 372 1332 domum
387 1295 469 1339 putris
482 1305 548 1336 mei;
562 1305 643 1331 ltabeo
650 1305 804 1340 enimqnin-

18 1360 54 1384 me
68 1353 176 1387 fratres,
192 1358 220 1379 ut
232 1357 340 1379 testetur
351 1352 403 1379 illis
418 1360 449 1378 ne
460 1356 482 1378 et
495 1351 544 1386 ipsi
557 1351 660 1379 veniant
680 1351 708 1378 in
734 1351 802 1377 hunc

18 1406 92 1425 acum
105 1404 308 1425 tormentorum.
325 1397 483 1426 Frustratus
497 1398 529 1425 de
541 1401 579 1429 Se,
601 1392 720 1432 oratp'ro
746 1396 800 1424 fra-

21 1443 102 1476 riltus,
118 1450 146 1471 et
160 1444 335 1479 nttncincipit
358 1444 465 1471 animas
483 1443 596 1471 aliorutn
622 1443 733 1477 diligere
756 1441 801 1477 qui

18 1489 100 1516 'ivcns
114 1497 191 1516 suam
213 1497 265 1517 non
278 1489 380 1517 dilexit.
398 1489 439 1516 Ad
459 1489 596 1517 cumulum
623 1490 720 1524 quippe
742 1494 801 1515 tor-

18 1541 128 1563 ncntunt
145 1536 306 1571 relinquitur
320 1537 356 1571 ei,
369 1541 396 1565 et
417 1536 547 1572 cognitio,
574 1539 601 1562 et
621 1535 751 1563 memoria
774 1539 801 1562 et

18 1582 171 1616 *ontpassio.
190 1582 253 1610 Plus
266 1583 339 1610 enim
354 1587 495 1617 torquetur
504 1589 537 1609 ex
555 1581 606 1608 hoc
619 1581 690 1615 qttod
702 1587 802 1615 cogno-

18 1629 55 1655 cit
70 1628 204 1655 Lazarum
219 1635 289 1656 nunc
302 1628 482 1664 glorificatum
499 1635 580 1662 super
592 1635 632 1660 sc,
644 1635 724 1662 quem
735 1627 800 1654 olittt

20 1673 112 1700 idcrat
125 1674 177 1700 sub
192 1681 220 1701 se
235 1674 374 1701 tniscrutn.
389 1673 452 1700 Plus
465 1673 547 1699 etiam
559 1676 738 1707 torqueturex
750 1672 800 1699 hoc

21 1719 74 1746 uod
88 1719 249 1746 recordatur
262 1718 399 1746 felicitatis
415 1726 481 1749 suae,
495 1725 575 1751 quam
593 1717 618 1743 itt
645 1717 724 1744 dottto
751 1725 800 1751 pa-

18 1765 52 1791 ris
69 1764 111 1791 sui
131 1766 267 1800 quondatn
282 1772 344 1792 cunt
361 1764 490 1791 fratribus
505 1763 561 1791 suis
572 1762 714 1789 habuerat.
737 1761 801 1789 Plus

22 1818 112 1845 noque
129 1815 273 1845 torquetur
284 1817 317 1838 ex
335 1812 387 1837 hoc
399 1809 469 1844 quod
485 1809 651 1843 compatitur
671 1807 800 1835 fratribus

19 1857 68 1888 nis,
82 1865 153 1892 quos
168 1858 241 1884 videt
251 1864 301 1892 per
311 1857 436 1884 eamdem
451 1856 546 1888 vitam,
560 1856 585 1882 itt
601 1854 722 1881 eantdem
737 1861 801 1881 vett-

19 1911 77 1931 lil‘OS
95 1904 309 1932 damnationem.
335 1902 369 1930 Et
395 1903 432 1930 ait
454 1903 494 1929 illi
520 1901 674 1929 Abraham:
697 1900 799 1928 (labent

19 1949 111 1984 toyten
124 1954 148 1976 et
162 1950 310 1985 prophetas,
331 1950 440 1976 audiant
454 1948 524 1976 illos.
544 1949 583 1976 Ac
593 1948 615 1976 si
634 1948 706 1976 dicat
720 1956 727 1974 :
743 1947 799 1974 Lex

21 1998 29 2021 ι
47 1995 187 2029 ρνοριιειω
203 1995 300 2022 docent
317 1994 452 2029 quoutodo
466 1999 567 2021 retenta
590 1993 727 2020 damnatio
752 2000 799 2028 po-

19 2044 54 2065 cst
71 2039 181 2066 evitari.
203 2038 264 2065 Non
276 2044 359 2074 pater,
373 2039 467 2074 inquit,
481 2038 622 2070 Abraham,
635 2039 680 2065 utl
692 2038 715 2064 si
740 2038 798 2073 quis

19 2091 33 2109 τ
45 2084 156 2110 mortuis
172 2084 230 2110 ierit
242 2084 277 2110 at!
287 2092 341 2116 eos,
355 2083 533 2118 ptenltentiant
549 2088 635 2118 agent,
653 2084 717 2119 quia
742 2085 799 2119 ipsc

22 2130 160 2164 eripturas
174 2135 385 2165 contempserat.
419 2129 500 2158 Tales
527 2135 590 2157 suttt
612 2131 692 2158 hodie
721 2130 797 2158 tttulti

19 2175 57 2202 tlsi
70 2172 236 2210 Christiani,
252 2176 296 2211 qui
309 2176 395 2203 sacris
412 2175 558 2211 Scripturis
582 2184 636 2203 non
657 2177 798 2205 credentes

861 237 1051 272 (hiet-erimus,
1080 238 1211 273 recipiant
1233 246 1281 265 nos
1305 239 1330 266 in
1356 243 1455 267 teterna
1483 241 1654 268 tabernacula

862 285 938 320 (an.
956 285 1023 320 xvt).
1036 284 1104 312 Ecce
1120 285 1219 312 tttttltos
1242 284 1360 313 Lazaros
1384 286 1504 320 quotidie
1526 292 1589 314 ante
1614 287 1656 322 ja-

861 336 1049 359 ttuasnostras
1063 331 1196 364 videmus,
1218 339 1248 359 se
1265 332 1419 367 importune
1445 333 1582 368 ingerunt,
1611 341 1655 361 ro-

859 382 925 413 gant
940 377 985 412 qui
1000 376 1089 412 rogari
1107 376 1271 404 debuerunt.
1294 376 1323 404 In
1339 377 1447 413 quibus,
1471 378 1571 407 fratres
1588 379 1654 412 mei.

860 424 882 450 si
897 424 967 450 forte
977 424 1099 461 quaedam
1113 423 1274 459 corrigenda
1289 424 1423 457 videmus,
1448 432 1501 452 non
1526 425 1586 453 idco
1607 433 1654 453 eos

860 475 1077 503 contemnamus,
1093 470 1156 506 quia
1174 470 1244 506 quod
1257 476 1298 498 est
1310 471 1336 498 iu
1356 472 1395 499 eis
1407 471 1536 507 piandum
1563 473 1655 507 expiat

861 517 930 553 ignis
946 516 1166 554 tribulationum.
1185 517 1213 544 Si
1226 517 1289 545 boni
1306 522 1380 550 suttl,
1409 511 1558 553 recipiendi
1578 523 1653 553 sunt,

860 566 890 589 ut
904 561 1005 590 fratres
1017 567 1045 590 et
1072 563 1267 592 intercessores
1293 565 1389 591 nostri.
1417 564 1464 592 Sin
1481 565 1584 599 minus,
1605 565 1655 593 du-

856 607 957 642 plicent
978 607 1145 643 praebeamus
1156 610 1196 637 eis
1210 608 1422 646 eleetnosynatn.
1437 610 1536 638 Demus
1564 611 1604 638 eis
1627 615 1654 638 et

853 661 954 690 panem
966 655 1145 690 corporalem,
1161 660 1188 683 et
1199 663 1297 691 panem
1327 656 1401 683 verbi
1428 656 1605 691 spiritualem,
1625 660 1654 684 ut

858 699 992 735 duplicem
1007 700 1069 728 inde
1085 701 1250 736 recipiamus
1262 702 1429 735 mercedem,
1444 707 1483 735 ut,
1498 710 1559 730 cum
1571 710 1655 730 vene-

857 747 892 773 rit
910 754 1014 782 panper
1024 754 1174 782 pauperum
1189 748 1260 776 Deus
1271 753 1298 776 et
1311 748 1441 776 Dominus
1467 753 1560 776 noster
1574 747 1654 777 Iesus

857 785 994 825 Christus,
1008 792 1122 827 recipiat
1141 799 1191 820 nos
1202 793 1229 820 in
1244 799 1345 821 aeterna
1359 793 1545 822 tabernacula.

1155 837 1296 867 HOMILIA
1314 839 1357 867 Vl.

975 891 1103 913 DOMINICA
1126 893 1243 913 SECUNDA
1262 893 1328 913 POST
1344 892 1524 915 TRINITATEI.

893 928 1058 962 Cltariuimi,
1068 930 1148 957 nolite
1157 931 1249 958 mirari
1264 931 1287 958 si
1300 931 1403 959 oditt‘os
1421 933 1534 959 mundus
1553 938 1606 961 etc.
1624 933 1651 963 (1

853 975 937 1003 Joan.
949 975 1004 1011 tu.)
1016 976 1215 1011 Quadripertita
1225 982 1267 1005 est
1277 977 1334 1005 hmc
1343 973 1431 1011 lectio.
1444 979 1541 1007 fratres
1548 980 1651 1007 charis-

856 1021 928 1049 simi.
941 1020 1032 1048 Primo
1049 1021 1116 1049 dicit
1128 1029 1180 1049 non
1196 1029 1256 1050 esse
1268 1023 1420 1050 mirandqu
1436 1024 1459 1051 si
1472 1025 1536 1051 ntali
1552 1032 1649 1053 exosos

856 1066 977 1093 habeant
1002 1066 1095 1093 bonos.
1123 1065 1247 1093 Secundo
1272 1068 1390 1095 ostendit
1411 1075 1458 1095 eos
1479 1069 1524 1103 qui
1550 1069 1648 1097 habent

856 1112 1017 1140 cltaritatem
1030 1113 1131 1146 vivere,
1148 1117 1175 1140 et
1196 1120 1243 1141 eos
1257 1113 1303 1148 qui
1328 1118 1422 1141 carent
1446 1114 1526 1141 mori.
1556 1114 1650 1143 Tertio

856 1160 982 1195 exemplo
1001 1159 1101 1187 Christi
1116 1166 1164 1186 nos
1178 1159 1211 1186 ad
1223 1159 1373 1187 dilectionis
1384 1159 1579 1195 perfectionem
1589 1160 1650 1189 hor-

857 1209 942 1232 tatur.
959 1205 1062 1239 Quarto
1080 1213 1095 1232 a
1110 1204 1180 1232 falsa
1193 1204 1338 1233 dilectione
1354 1206 1446 1233 mundi
1461 1214 1510 1235 nos
1524 1206 1649 1234 dehorta-

856 1254 910 1277 tttr.
924 1250 970 1277 Ait
989 1251 1080 1286 itaque
1092 1251 1191 1285 primo,
1207 1249 1297 1278 Nolite
1312 1251 1405 1278 mirari
1416 1250 1439 1279 si
1453 1253 1509 1279 odit
1517 1260 1560 1279 vos
1571 1260 1649 1280 mun-

855 1297 915 1329 dus,
931 1297 956 1323 id
980 1301 1022 1324 est
1047 1301 1184 1325 amatores
1207 1297 1310 1325 mundi.
1337 1297 1394 1325 Duo
1422 1297 1498 1331 dicit,
1526 1303 1553 1326 et
1576 1299 1647 1334 quod

855 1343 972 1370 mundus
983 1343 1147 1378 oditjustos,
1165 1349 1193 1371 et
1204 1344 1275 1379 quod
1292 1343 1355 1371 inde
1364 1351 1416 1371 non
1432 1344 1645 1372 estmirandum.

853 1389 888 1417 Et
906 1397 958 1425 qua
971 1390 1004 1417 de
1017 1397 1099 1418 causa
1113 1391 1238 1423 mundus,
1256 1391 1282 1418 id
1293 1394 1336 1418 est
1347 1391 1408 1418 ntali
1425 1391 1521 1419 odiuttt
1541 1391 1648 1426 justos?

855 1436 975 1471 Triplici.
988 1436 1077 1465 Prima
1093 1443 1135 1465 est
1147 1438 1209 1473 quia
1227 1438 1281 1464 vita
1294 1438 1431 1473 juslorum
1448 1439 1583 1466 contraria
1606 1443 1648 1467 est

854 1482 917 1509 vitae
936 1483 1079 1510 ntalorutn.
1096 1482 1201 1516 Quanta
1221 1483 1292 1510 enirn
1309 1483 1488 1511 contrarietas
1511 1488 1552 1512 est
1577 1484 1648 1512 inter

855 1528 943 1564 ignem
959 1533 985 1556 et
1001 1536 1108 1564 aquam,
1125 1530 1194 1557 inter
1209 1529 1296 1557 luccttt
1312 1534 1338 1557 et
1352 1531 1488 1564 tenebras,
1501 1535 1573 1558 tanta
1583 1539 1648 1560 con-

854 1576 980 1603 trarietas
990 1580 1030 1603 est
1048 1576 1117 1604 inter
1128 1576 1261 1611 justitiam
1278 1581 1305 1604 et
1321 1575 1494 1610 ittjnstitiam,
1511 1578 1581 1605 inter
1599 1585 1646 1605 ca-

853 1622 972 1649 stitatem
991 1627 1017 1649 ct
1030 1622 1175 1655 luxuriant,
1193 1624 1264 1650 inter
1276 1627 1390 1650 exteras
1403 1624 1517 1651 virtutes
1540 1629 1567 1652 ct
1581 1625 1646 1652 vitia

853 1667 894 1694 eis
912 1668 1059 1696 contraria.
1079 1668 1224 1702 Propterea
1241 1668 1312 1695 inter
1332 1669 1450 1696 cultores
1481 1669 1594 1696 istarum
1620 1673 1648 1697 et

854 1714 973 1742 cultores
988 1715 1094 1742 illorum
1110 1723 1162 1751 pax
1178 1719 1205 1742 et
1220 1715 1364 1742 concordia
1376 1723 1436 1743 esse
1462 1723 1516 1743 ttou
1546 1721 1645 1751 potest.

855 1760 978 1787 Secunda
990 1768 1073 1788 causa
1093 1766 1134 1789 est
1150 1761 1212 1796 quia
1227 1761 1289 1788 boni
1303 1761 1397 1788 odiuut
1411 1761 1494 1789 vitattt
1513 1762 1646 1790 malorum

853 1811 879 1832 ct
895 1806 1033 1833 damnant.
1062 1806 1212 1834 Tertia-cst
1240 1806 1302 1842 quia
1328 1813 1375 1834 eos
1396 1808 1597 1842 reprehendunt
1618 1807 1647 1836 et

853 1852 1004 1887 corrigunt,
1017 1853 1157 1888 cupientes
1176 1861 1223 1880 eos
1244 1852 1352 1880 auferre
1374 1853 1481 1881 diabolo
1499 1858 1526 1881 et
1543 1854 1643 1882 lucrari

852 1899 916 1927 Deo.
932 1900 1024 1935 Itaque
1039 1909 1100 1928 cum
1115 1901 1177 1928 Itoni
1193 1900 1278 1928 malos
1290 1901 1361 1928 bono
1372 1901 1434 1929 odio
1449 1902 1553 1935 odiaut,
1579 1901 1643 1930 mali

851 1953 898 1973 eos
911 1947 1003 1982 ittiquo
1022 1948 1084 1975 odio
1096 1954 1306 1983 persequuntur,
1322 1948 1398 1982 juxta
1415 1948 1477 1975 illud
1491 1958 1496 1975 :
1522 1948 1643 1983 Perfecto

852 1993 911 2019 odio
924 1993 1029 2020 oderam
1051 1994 1121 2027 illos,
1150 1994 1248 2021 inimici
1276 1994 1342 2029 [acti
1370 1998 1431 2020 sunt
1463 1995 1526 2021 nti/ti
1556 1994 1642 2031 (Prol.

851 2040 993 2073 cxxxvut).
1014 2040 1166 2067 Perfectum
1182 2039 1281 2075 quippe
1292 2040 1384 2067 odium
1397 2044 1449 2074 est,
1474 2041 1581 2077 quando
1605 2041 1644 2069 ita

850 2084 956 2112 odiutus
969 2084 1065 2111 vitium
1082 2084 1179 2120 ittiqtti,
1196 2085 1266 2119 qunti
1286 2084 1344 2119 ejus
1355 2090 1479 2112 naturam
1492 2085 1640 2121 diligimus.

851 2131 925 2165 Quod
943 2139 995 2158 non
1011 2131 1116 2163 odiaut,
1133 2132 1178 2159 SCll
1191 2132 1281 2166 potius
1294 2132 1402 2159 dilectio
1414 2136 1466 2159 est.
1481 2131 1557 2160 Unde
1566 2131 1642 2159 Psal-

851 2178 931 2204 ntisla
946 2186 952 2204 :
969 2177 1267 2205 Posueruntatlversnm
1289 2186 1329 2205 me
1354 2177 1424 2204 mala
1442 2186 1488 2213 pro
1513 2178 1586 2205 bonis
1613 2182 1639 2205 ει

19 2220 94 2247 icuttt
108 2229 118 2248 :
139 2221 211 2254 Quis
223 2225 264 2248 cst
280 2228 418 2256 regressus
433 2221 467 2249 ab
480 2221 584 2255 inieris,
600 2222 645 2257 qui
663 2222 741 2249 nobis
759 2226 796 2249 te-
812 2233 836 2263 ι)
851 2223 940 2249 odium
954 2231 1001 2258 pro
1011 2223 1148 2250 dilectione
1159 2231 1216 2249 mea
1230 2222 1316 2258 (l’sal.
1338 2226 1424 2256 cvm).
1443 2222 1562 2250 Joannes
1590 2223 1640 2250 Ba-

20 2267 156 2294 .iutoniutn
172 2267 260 2295 ferat?
274 2268 299 2294 itt
317 2275 370 2303 quo
381 2275 410 2295 se
422 2275 483 2295 esse
494 2267 617 2295 infideles
638 2269 794 2302 ostendunt,

20 2321 60 2340 aut
75 2322 126 2342 nec
141 2315 411 2349 pramiajustorum,
431 2322 482 2342 nec
494 2321 590 2349 paruas
619 2315 794 2349 reproboruut

20 2360 120 2387 edunt.
138 2359 196 2388 Sed
208 2361 351 2387 subditur:
365 2360 395 2387 Si
412 2360 519 2395 Mat/seu
539 2365 562 2387 et
577 2361 715 2395 prophetas
744 2368 796 2387 non

20 2405 120 2438 adiurit.
136 2414 188 2433 nec
202 2406 225 2433 li
239 2406 299 2440 quin
313 2414 346 2432 ea:
361 2406 470 2432 martuis
484 2406 654 2433 resurrexerit
680 2405 793 2433 credent.

20 2451 62 2479 ive
74 2452 169 2480 audire
181 2453 226 2480 hic
240 2456 357 2487 ponatur
370 2459 419 2487 pro
434 2451 558 2484 credere,
581 2451 638 2479 sive
663 2458 712 2486 pro
731 2451 795 2478 obe-

20 2498 66 2530 ire.
84 2506 181 2525 verum
195 2505 256 2526 esse
272 2498 351 2526 hodie
370 2502 482 2533 apparet
504 2497 566 2531 quia
593 2496 741 2531 Scriptum:
761 2495 794 2523 de

21 2543 108 2571 htisto
134 2544 321 2572 testimonium
348 2543 449 2570 ferant.
482 2542 531 2575 Qui
560 2542 653 2569 ttolunt
682 2542 794 2570 credere

20 2592 160 2626 eripturis,
177 2591 272 2619 uolunt
284 2591 367 2618 etiarn
382 2590 495 2618 credere
508 2589 627 2623 Christo,
643 2589 712 2626 quia
723 2596 795 2616 ntor-

20 2638 51 2664 tis
66 2638 230 2666 resurrexit.
245 2637 296 2670 Qui
312 2644 365 2664 tton
380 2635 510 2664 obediuttt
532 2636 583 2671 legi
596 2636 638 2663 vel
653 2635 793 2671 prophetis

21 2684 111 2712 IillOl‘iS
121 2684 310 2720 perfectionis,
335 2691 387 2710 tton
414 2683 544 2711 obediunt
568 2683 722 2718 periectiori
746 2683 792 2710 do-

21 2730 92 2757 trina:
114 2730 229 2763 Christi,
256 2729 303 2764 qui
328 2728 478 2756 resurrexit
501 2736 517 2755 a
541 2729 664 2756 mortuis.
688 2728 788 2763 Itaque,

23 2780 107 2809 atres,
131 2776 271 2803 discatnus
293 2774 402 2802 divitias
426 2779 613 2807 contemnere,
634 2774 742 2801 moduttt
764 2774 790 2800 in

21 2823 117 2850 :stibus
128 2830 161 2849 ac
178 2822 291 2849 cibariis
305 2822 465 2854 observare,
478 2821 641 2857 pauperibus
661 2821 791 2856 largiores

21 2868 231 2897 .ntiserieordes
246 2876 316 2901 esse,
332 2869 366 2896 de
380 2869 459 2897 bonis
470 2869 547 2897 nobis
561 2868 714 2896 commissis
727 2876 791 2903 pau-

30 2926 86 2961 (52)
108 2926 189 2963 Vulg.
206 2926 233 2953 in
245 2927 284 2954 hit
297 2926 427 2955 omnibus.

848 2270 929 2304 ptista
943 2270 1071 2305 arguebat
1087 2269 1230 2301 Herodem,
1242 2269 1334 2296 dicens
1349 2278 1356 2296 :
1378 2268 1440 2296 Non
1455 2269 1513 2296 licet
1529 2269 1576 2296 tibi
1589 2270 1639 2298 Ita-

848 2317 906 2343 bere
917 2323 1024 2343 uxorem
1038 2317 1129 2351 fratris
1144 2316 1183 2342 tui
1199 2315 1295 2351 (Marc.
1309 2315 1359 2350 Vl).
1388 2314 1441 2342 Sed
1458 2316 1530 2344 ttnde
1554 2316 1639 2345 llero—

847 2364 895 2391 des
907 2363 997 2391 debuit
1010 2363 1106 2390 Joauni
1126 2363 1227 2398 gratias
1242 2369 1333 2396 agere,
1351 2362 1414 2390 inde
1423 2371 1485 2390 eum
1516 2363 1639 2393 incarce-

848 2411 915 2437 ravit
938 2415 965 2437 et
987 2409 1139 2437 decollavit.
1170 2408 1234 2436 Hazc
1258 2413 1299 2436 est
1326 2409 1468 2436 retributio
1494 2410 1636 2439 malorttm.

847 2455 931 2483 Porro
945 2455 1043 2490 quibus
1055 2455 1088 2482 de
1113 2454 1202 2481 causis
1225 2454 1288 2481 ntali
1307 2454 1370 2482 odio
1395 2455 1511 2482 habeant
1526 2455 1637 2494 ‘bonos,

847 2502 960 2537 Sapiens
985 2500 1177 2535 complectitur
1199 2500 1242 2527 his
1267 2500 1376 2528 verbis:
1395 2500 1523 2528 Dixerunt
1552 2502 1635 2537 impii,

845 2548 914 2582 apud
929 2555 957 2574 se
974 2553 1025 2573 non
1032 2550 1098 2572 recte
1105 2545 1248 2580 cogitantes
1255 2553 1265 2572 :
1272 2544 1512 2573 Circumveniamus
1519 2547 1637 2581 justum,

844 2593 968 2627 quoniam
983 2592 1132 2619 contrarius
1145 2596 1184 2618 es!
1195 2591 1315 2626 operibus
1331 2592 1435 2619 nostris.
1456 2591 1590 2620 I’rotnt'ttit
1609 2602 1636 2621 te

844 2638 979 2667 scientiam
994 2639 1043 2667 Dei
1058 2639 1161 2671 habere,
1175 2643 1301 2674 tanquam
1311 2647 1423 2673 nugaces
1445 2640 1569 2667 wstimati
1591 2649 1636 2668 su-

844 2693 901 2712 mus
912 2684 1012 2718 abillo,
1028 2689 1051 2712 et
1075 2685 1186 2711 abstinet
1197 2691 1224 2711 te
1238 2692 1253 2710 a
1266 2691 1313 2710 vus
1325 2688 1433 2716 ηοδινιε,
1459 2689 1584 2719 tanquam
1602 2685 1635 2711 ab

843 2732 1016 2759 immunditiis
1035 2737 1088 2760 etc.
1103 2731 1178 2767 (δίῳ.
1195 2733 1238 2767 tt.)
1250 2732 1339 2766 Quare
1355 2740 1407 2760 nou
1421 2737 1464 2761 est
1480 2732 1635 2761 mirandum

843 2779 864 2806 si
880 2778 942 2806 mali
957 2779 1052 2806 odiuttt
1078 2779 1172 2811 bonos,
1200 2779 1263 2814 quia
1281 2783 1419 2807 amatores
1444 2778 1537 2807 mundi
1560 2784 1635 2814 sunt,

843 2823 914 2850 uttde
924 2828 951 2850 et
970 2824 1014 2851 ltic
1033 2824 1149 2851 mundus
1162 2829 1305 2852 vocantur.
1323 2823 1354 2852 Si
1372 2824 1431 2861 qui:
1451 2828 1549 2857 autem,
1568 2829 1636 2852 teste

842 2869 955 2902 Joanne,
972 2865 1057 2905 diligit
1072 2869 1209 2904 mundum,
1225 2879 1277 2898 non
1291 2875 1329 2899 est
1339 2870 1454 2898 charitat
1468 2868 1557 2898 Patria
1569 2870 1633 2901 im

1928 1654 1934 1781 ἰ

1931 1792 1933 1808 ‹

1931 1918 1933 1936 Ι

1928 2054 1931 2089 ‘.

1929 2095 1932 2154 Ι

1930 2235 1935 2262 li

1931 2357 1934 2380 1

1933 2596 1935 2635 ῐ
