3896 6320
601 303 622 356 i
637 304 738 359 967

1704 297 2047 356 ADDENDA.
2072 324 2143 339 --
2176 294 2524 354 RADULPHI
2554 293 2900 352 ARDENTIS
3704 306 3781 367 lilii

595 414 646 484 (1
673 414 836 469 Joan.
860 412 942 484 tt).
969 413 1148 481 Quare
1173 425 1276 466 non
1305 419 1389 467 est
1414 411 1739 478 mirandum,
1768 415 1810 467 si
1839 414 1966 468 mali
1989 414 2181 468 odiunt
2209 417 2255 474 Α
2282 423 2554 466 naturam.
2587 411 2656 466 Et
2686 412 2831 466 scitis
2860 427 3108 482 quoniam
3140 411 3318 466 omnis
3339 411 3612 467 homicida
3631 431 3700 473 non
3727 424 3782 478 la.

593 511 791 572 honos,
836 493 1104 576 quoniam
1161 507 1322 560 etiam
1372 505 1578 576 seipsos
1623 505 1832 559 odiunt.
1876 506 1980 572 Qui
2033 507 2177 560 enim

595 601 767 670 diligit
790 599 1144 670 iniquitatem,
1169 598 1278 651 odit
1302 597 1531 651 animum
1554 614 1704 652 suam
1733 594 1904 667 (Psal.
1939 599 2180 668 x).Quo-

595 693 756 748 modo
786 691 972 762 diliget
1003 689 1190 754 alium,
1215 689 1307 759 qui
1335 690 1572 756 seipsum
1610 707 1714 745 non
1743 691 1948 760 diligit?
2002 691 2181 759 Quare

595 796 702 837 non
731 789 816 835 est
847 780 1152 834 mirandum
1198 780 1241 833 si
1273 778 1396 832 mali
1446 781 1633 835 odiunt
1683 780 1873 836 bonos.
1927 781 2062 850 Quia
2102 784 2181 839 sic

595 884 1020 941 consueverunt,
1046 875 1251 930 iaciunt
1275 891 1380 930 non
1411 877 1555 946 quod
1581 877 1706 931 boni
1736 889 2064 944 mereantur,
2086 881 2178 936 sed

595 967 739 1038 quod
769 967 870 1035 ipsi
898 967 1088 1022 solent.
1124 964 1214 1018 Sic
1243 966 1310 1021 ab
1336 965 1492 1020 initio
1533 966 1666 1022 Cain
1715 967 1931 1039 iniquus
1973 970 2177 1040 justum

593 1058 729 1114 Abel
776 1058 997 1113 fratrem
1047 1073 1203 1112 suum
1262 1068 1578 1128 persecutus
1609 1070 1692 1115 est
1741 1070 1797 1115 et
1821 1062 2040 1120 occidit.
2093 1062 2182 1120 Sic

597 1149 768 1221 iniqui
789 1151 984 1204 fratres
1000 1150 1204 1219 justum
1221 1149 1441 1220 Joseph,
1457 1152 1536 1206 sic
1552 1153 1770 1225 iniquus
1789 1153 1918 1210 Saul
1935 1166 2181 1213 sanctum

595 1241 790 1305 David,
813 1242 892 1296 sic
923 1242 1072 1310 impii
1103 1241 1313 1299 Hebraei
1340 1253 1556 1302 sanctos
1595 1249 1907 1318 prophetas,
1956 1250 2035 1306 sic
2081 1251 2184 1306 ini—

597 1337 686 1405 qui
708 1334 875 1391 Judiei
907 1337 1205 1404 Christum,
1234 1339 1313 1393 sic
1342 1339 1584 1396 inﬁdeles
1613 1341 1817 1398 ﬁdeles.
1867 1343 2182 1416 Propterea,

595 1426 793 1502 fratres
817 1429 1146 1495 charissimi,
1177 1446 1277 1485 nec
1309 1431 1577 1488 miremini
1602 1435 1646 1488 si
1678 1436 1860 1491 mundi
1915 1448 2186 1496 amatores

597 1532 695 1573 vos
722 1519 912 1574 odiunt
935 1529 988 1574 et
1018 1532 1436 1592 persequuntur.
1473 1523 1730 1581 Dominus
1787 1527 1929 1583 enim
1957 1530 2070 1585 suis
2099 1532 2183 1586 di-

597 1613 1034 1685 scipulisiuquit:
1062 1615 1121 1670 Si
1142 1632 1223 1670 me
1245 1619 1498 1684 persecuti
1529 1629 1670 1683 sunt,
1690 1636 1778 1674 vos
1792 1636 2181 1694 persequentur,

597 1711 651 1755 ut
681 1703 957 1770 impleatur
985 1705 1118 1758 illud
1149 1704 1454 1762 Psalmista:
1484 1724 1502 1763 :
1535 1707 1675 1775 Quia
1722 1711 1842 1764 odio
1891 1712 2183 1770 habuerunt

597 1811 677 1848 me
705 1797 868 1863 gratis
899 1796 1009 1868 (55)
1041 1797 1221 1867 (Joan.
1247 1800 1358 1869 xv).

670 1885 925 1956 Sequitur
955 1904 1080 1958 pars
1110 1891 1361 1953 secunda,
1407 1891 1457 1948 in
1509 1909 1615 1964 qua
1664 1897 1901 1954 ostendit
1948 1913 2043 1956 eos
2087 1902 2182 1970 qui

598 1976 920 2032 charitatem
945 1979 1144 2035 habent
1169 1983 1377 2048 vivere,
1400 1983 1522 2039 illos
1543 1985 1635 2055 qui
1669 2002 1773 2042 non
1797 1989 1998 2045 habent
2021 1993 2180 2060 mori,

599 2085 721 2123 cum
744 2071 926 2124 subdit
953 2085 969 2125 :
995 2071 1108 2125 Nos
1135 2084 1307 2128 autem
1340 2076 1534 2130 scimus
1559 2079 1686 2148 quia
1719 2081 1965 2136 translati
1998 2101 2178 2140 sumus

598 2161 663 2215 de
688 2172 851 2214 morte
878 2164 946 2214 ad
977 2163 1160 2227 vitam,
1189 2168 1436 2235 quoniam
1461 2168 1730 2239 diligimus
1761 2173 1974 2242 fratres.
2027 2177 2106 2233 Ac
2136 2180 2182 2234 si

597 2251 745 2304 dicat
777 2268 789 2304 :
817 2250 1065 2318 Quaudiu
1099 2254 1298 2311 fuimus
1335 2257 1764 2318 sinedilectioue
1817 2264 1908 2321 Dei
1956 2276 2009 2322 et
2057 2285 2184 2340 pro-

595 2344 750 2411 ximi,
775 2345 826 2400 in
853 2355 1028 2402 morte
1057 2359 1400 2418 peccatorum
1430 2358 1750 2410 eramus.At
1768 2368 2050 2430 postquam
2073 2377 2184 2418 caa-

595 2438 776 2509 pimus
801 2439 972 2496 Deum
1002 2451 1056 2496 et
1082 2444 1386 2512 proximum
1417 2446 1663 2517 diligere,
1693 2453 1961 2522 ctepimus
1979 2456 2177 2523 vivere,

595 2529 705 2584 vita
733 2530 938 2586 scilicet
968 2532 1249 2588 virtutum.
1283 2534 1436 2592 Sicut
1471 2540 1615 2594 enim
1643 2543 1825 2598 odium
1861 2555 1917 2600 et
1944 2559 2184 2604 contem-

593 2631 722 2694 plus
746 2634 829 2678 est
868 2624 986 2679 fons
1008 2627 1251 2681 omnium
1276 2628 1556 2699 vitiorum,
1585 2633 1657 2687 ita
1695 2640 2008 2695 econtrario
2055 2641 2185 2698 cha-

595 2712 732 2768 ritas
757 2711 849 2768 Dei
881 2724 935 2768 et
953 2716 1185 2784 proximi
1212 2726 1296 2772 est
1319 2719 1437 2775 fons
1463 2724 1704 2779 omnium
1753 2727 2030 2785 virtutum.
2079 2732 2184 2789 Per

595 2803 944 2862 dilectionem
970 2808 1168 2878 quippe
1195 2813 1570 2868 connectimur
1592 2815 1702 2873 Deo
1733 2827 1788 2874 et
1817 2823 2086 2890 proximo,
2124 2834 2182 2880 ut

594 2896 768 2952 simus
792 2899 1034 2953 membra
1061 2901 1307 2970 corporis
1330 2901 1554 2971 Christi,
1599 2909 1742 2978 quod
1781 2921 1866 2966 est
1913 2911 2178 2972 Ecclesia.

591 2988 666 3044 At
703 2989 747 3044 si
777 2990 1061 3046 dilectione
1093 3008 1364 3062 caremus,
1389 2995 1502 3066 jam
1533 3013 1634 3054 nec
1665 3003 1904 3058 membra
1952 3006 2176 3075 Christi,

592 3093 697 3134 nec
717 3079 783 3133 de
806 3079 1116 3152 integritate
1140 3084 1258 3154 ejus
1286 3089 1530 3158 corporis
1555 3105 1764 3158 sumus,
1809 3095 1940 3150 nihil
1972 3097 2179 3157 fructus

591 3169 873 3240 facientes,
899 3173 991 3228 sed
1025 3176 1220 3230 mortui
1250 3187 1305 3232 et
1329 3179 1660 3237 damnationi
1705 3185 1965 3256 deputati.
2022 3193 2176 3259 Quod

590 3263 853 3320 Dominus
877 3266 928 3320 in
952 3265 1241 3338 Evangelio
1266 3285 1362 3340 per
1392 3273 1799 3334 similitudinem
1830 3281 1956 3338 vitis
1983 3293 2039 3340 et
2059 3287 2177 3356 pal-

588 3354 782 3412 Initum
811 3358 1065 3424 ostendit,
1101 3359 1287 3416 dicens
1311 3379 1325 3416 :
1363 3362 1476 3432 Ego
1505 3382 1620 3420 sum
1649 3370 1769 3423 vitis
1808 3383 1856 3425 et
1881 3390 1966 3428 vos
1986 3354 2178 3444 palmi-

589 3456 687 3502 tes.
723 3447 876 3504 Sicut
900 3449 1099 3520 palmes
1128 3468 1193 3506 ea:
1221 3470 1274 3507 se
1319 3471 1424 3510 non
1473 3469 1641 3525 potest
1695 3463 1869 3531 facere
1920 3467 2173 3537 fructum,

591 3540 695 3620 nisi
725 3544 973 3596 manserit
999 3545 1050 3599 in
1077 3546 1196 3614 vite,
1226 3547 1301 3600 sic
1327 3565 1419 3604 nec
1436 3568 1542 3618 vos,
1563 3555 1730 3610 nisiin
1754 3575 1833 3612 me
1854 3565 2172 3620 manseritis.

590 3617 796 3703 Siquis
824 3635 877 3689 in
907 3653 987 3690 me
1019 3653 1121 3691 non
1150 3643 1417 3707 manserit,
1448 3644 1685 3702 mittetur
1709 3649 1853 3717 [oras
1877 3653 2014 3708 sicut
2059 3657 2175 3727 pal-

587 3742 718 3791 ntes,
748 3737 794 3780 et
820 3737 1038 3794 arescet,
1067 3741 1113 3784 et
1146 3733 1386 3802 colligent
1415 3752 1557 3804 eum,
1583 3751 1630 3794 et
1659 3743 1713 3795 in
1743 3746 1910 3812 ignem
1943 3748 2172 3818 mittent,

588 3824 638 3869 et
669 3819 817 3886 ardet
845 3819 1024 3885 (Joan.
1063 3823 1176 3893 xv).
1213 3823 1366 3879 Unde
1407 3838 1460 3882 et
1499 3829 1586 3885 hic
1608 3834 1894 3891 subditur:
1928 3838 2032 3905 Qui
2070 3859 2172 3898 non

587 3905 784 3976 diligit,
813 3922 983 3963 manet
1031 3914 1084 3964 in
1125 3923 1315 3967 morte.
1376 3917 1569 3972 Videat
1619 3938 1747 3994 ergo
1802 3930 2172 4001 unusquisque

587 4009 832 4052 nostrum
871 4017 1036 4071 penes
1069 4020 1125 4058 se
1162 4005 1204 4059 si
1231 4006 1404 4076 diligit
1456 4011 1622 4067 Deum
1652 4025 1705 4070 et
1732 4019 2058 4086 proximum.
2106 4023 2172 4080 Et

585 4088 632 4143 si
665 4090 860 4158 diligit,
901 4092 1038 4148 sciat
1064 4095 1188 4164 quia
1217 4097 1268 4152 in
1303 4100 1411 4155 Deo
1442 4104 1595 4168 vivit,
1622 4115 1673 4160 et
1697 4110 1998 4168 membrum
2012 4114 2173 4173 Chri-

585 4181 656 4235 sti
681 4193 786 4238 est.
812 4183 867 4238 Si
903 4195 1078 4242 autem
1107 4206 1212 4245 nou
1253 4193 1444 4266 diligit,
1497 4199 1636 4254 sciat
1665 4202 1790 4272 quia
1846 4204 1897 4259 in
1943 4221 2170 4276 peccato

587 4285 836 4330 mortuus
863 4289 967 4339 est,
986 4288 1038 4334 et
1066 4284 1363 4342 membrum
1393 4287 1593 4347 Christi
1618 4309 1722 4349 non
1742 4305 1846 4352 est.
1872 4298 2018 4356 Talis
2039 4317 2169 4376 ergo

582 4381 682 4436 per
708 4369 1081 4438 pmuitentiam
1114 4373 1330 4434 festinet
1362 4395 1665 4455 resurgere,
1719 4397 1773 4444 et
1804 4404 1900 4460 per
1933 4369 2170 4450 Charita-

2283 507 2360 560 bet
2388 507 2543 560 vitam
2565 514 2816 560 retentam
2841 507 2896 560 in
2916 523 2970 560 se
2997 514 3325 573 manentem,
3378 506 3524 562 sicut
3553 522 3640 563 nec
3661 514 3781 580 palma

2281 600 2465 654 aridus
2486 608 2538 654 et
2565 615 2595 654 a
2623 601 2735 656 vite
2761 601 3038 671 praecisus.
3201 655 3204 662 ,
3633 661 3635 663 ,

2355 677 2612 759 Sequitur
2639 707 2765 762 pars
2789 691 2968 756 tertia,
2999 692 3052 747 in
3083 708 3193 763 qua
3226 694 3299 749 ad
3329 693 3780 765 perfectionem}...

2285 781 2461 835 ritatis
2492 794 2594 835 nos
2619 782 2869 838 hortatur
2894 784 3144 855 exemplo
3173 783 3406 852 Christi,
3439 787 3625 844 dicens
3645 793 3784 854 :lslu

2283 873 2614 944 cognovimus
2646 874 2956 930 charitatem
3005 876 3126 943 Dei,
3183 878 3440 949 quoniam
3488 881 3680 952 ipsepro
3702 893 3783 948 noti.

2284 967 2519 1020 animam
2542 983 2694 1021 suam
2719 970 2913 1038 posuit,
2938 980 2984 1024 et
3015 986 3108 1024 nos
3131 971 3382 1026 debemus
3405 990 3507 1042 pro
3529 975 3786 1043 (retribuat.

2285 1060 2411 1111 stris
2437 1059 2649 1114 animas
2669 1077 2879 1128 ponere.
2913 1062 2993 1118 Ac
3015 1063 3060 1117 si
3087 1063 3297 1119 diceret
3330 1082 3345 1119 :
3379 1065 3630 1124 Charitas
3655 1089 3786 1143 pem.

2287 1149 2603 1207 hibitionem
2651 1154 2835 1224 operis
2883 1156 3262 1226 cognoscitur.
3322 1157 3485 1214 Sicut
3549 1176 3654 1232 ergo
3688 1167 3786 1242 Dens,

2271 1242 2635 1311 charitatem,
2663 1260 2826 1316 quam
2853 1245 3048 1302 habeat
3078 1264 3206 1322 erga
3234 1265 3358 1319 nos,
3397 1267 3502 1323 per
3523 1258 3783 1324 operation

2287 1335 2447 1392 nobis
2476 1337 2870 1392 demonstravit
2895 1339 3144 1410 ponendo
3155 1355 3255 1412 pro
3273 1342 3438 1398 nobis
3455 1343 3668 1401 animam
3678 1364 3784 1420 suam,

2289 1427 2364 1483 ita
2387 1438 2568 1484 etnon
2593 1429 2943 1495 charitatem,
2975 1446 3140 1502 quam
3165 1433 3440 1490 habemus
3484 1436 3543 1490 in
3593 1442 3784 1512 proximos,

2289 1535 2453 1590 opere
2475 1521 2834 1578 ostendamus
2863 1525 3112 1594 ponendo
3139 1539 3240 1595 pro
3261 1527 3345 1582 eis
3399 1528 3612 1586 animas
3637 1547 3786 1598 ηοςιης.

2288 1611 2385 1668 Est
2413 1622 2591 1669 autem
2615 1625 2992 1684 argumentum
3014 1633 3045 1671 a
3075 1617 3600 1688 majori.Quoniam
3635 1627 3669 1681 si
3688 1628 3785 1696 Deus,

2287 1705 2378 1777 qui
2411 1721 2515 1760 non
2541 1708 2847 1770 tenebatur,
2881 1717 3065 1766 tantus
3091 1719 3149 1766 et
3177 1711 3327 1779 talis,
3361 1722 3420 1769 et
3460 1715 3609 1785 prior
3629 1733 3700 1788 pro
3729 1738 3788 1778 no-

2287 1797 2588 1855 bistalibus
2611 1809 2666 1856 et
2692 1808 2899 1866 tantus,
2945 1803 3186 1858 animam
3222 1819 3383 1860 suam
3436 1808 3630 1877 posuit,
3664 1825 3787 1880 quanto

2287 1891 2462 1962 magis
2499 1907 2618 1956 nos,
2652 1893 2743 1963 qui
2779 1903 3046 1959 tenemur,
3077 1887 3177 1966 pro
3199 1896 3474 1954 fratribus
3520 1903 3790 1960 nostrisobn-

2286 1984 2505 2055 paribus
2535 1985 2745 2040 animas
2775 1995 2990 2043 nostras
3019 1991 3338 2060 corporales
3369 2007 3578 2064 ponere
3596 1995 3788 2054 debemus?

2290 2075 2360 2132 Ut
2387 2077 2592 2133 scilicet
2613 2079 2656 2132 si
2684 2077 2980 2136 viderimus
3011 2079 3210 2137 fratres
3237 2093 3468 2141 nostros
3523 2102 3556 2140 a
3596 2090 3788 2160 gentilitas

2287 2185 2492 2242 captos,
2521 2173 2573 2227 in
2605 2172 2708 2228 ﬁde
2737 2174 3031 2230 titubantes
3079 2188 3136 2230 et
3182 2178 3407 2242 dubios.
3465 2189 3682 2239 tenemur
3717 2201 3786 2253 eos,

2287 2266 2496 2320 animas
2527 2275 2740 2321 nostras
2768 2281 2867 2336 pro
2893 2267 3311 2326 conﬁrmatione
3338 2271 3470 2328 ﬁdei
3520 2277 3732 2344 ponendo,
3756 2279 3791 2334 in

2287 2356 2392 2412 ﬁde
2413 2356 2760 2422 conﬁrmare,
2799 2372 2866 2412 ne
2887 2357 3027 2413 forte
3059 2361 3308 2429 negando
3333 2363 3392 2418 in
3421 2365 3597 2420 anima
3614 2369 3786 2436 perirent.

2286 2449 2392 2506 Pro
2416 2451 2526 2505 vita
2551 2465 2682 2505 vero
2704 2452 2934 2521 proximi
2960 2454 3231 2523 corporali
3280 2456 3457 2512 vitam
3505 2469 3697 2514 nostram
3729 2478 3789 2533 po-

2287 2559 2417 2600 nere
2447 2559 2554 2598 non
2583 2554 2848 2600 tenemur.
2876 2543 3134 2614 Legimus
3163 2555 3348 2602 tamen
3383 2550 3439 2604 in
3480 2551 3672 2623 Dialogo
3713 2571 3790 2610 san-

2287 2646 2434 2692 ctum
2470 2635 2786 2691 Sanctulum
2827 2651 2926 2706 pro
2967 2638 3199 2707 quodam
3259 2641 3410 2696 clero
3458 2643 3530 2698 ab
3580 2644 3791 2704 inﬁdelibus

2285 2740 2504 2802 captum
2533 2729 2699 2783 vitam
2737 2743 2892 2783 suam
2925 2728 3224 2800 obligasse,
3261 2742 3322 2786 ut
3357 2734 3571 2790 scilicet
3600 2753 3720 2795 mane
3741 2741 3790 2794 rel

2284 2832 2465 2893 captu,
2500 2820 2585 2876 vel
2613 2820 2847 2891 seipsum
2879 2835 2982 2892 pro
3012 2837 3076 2877 eo
3096 2824 3178 2878 eis
3199 2825 3541 2882 restitueret.
3564 2827 3698 2897 Quem
3714 2849 3787 2887 cum

2285 2925 2439 2972 nocte
2469 2915 2722 2970 recedere
2747 2914 3126 2985 compulisset,
3157 2915 3273 2985 ipse
3319 2934 3426 2989 pro
3488 2935 3553 2975 eo
3590 2938 3710 2976 ntaue
3738 2942 3790 2978 εει

2288 3007 2465 3078 ipsum
2495 3005 2740 3061 exhibuit
2762 3005 3069 3076 gladiatori.
3097 3005 3345 3078 Quicum
3376 3014 3788 3079 sanctum,elerato

2207 3133 2252 3196 c
2283 3099 2481 3170 gladio,
2497 3095 2764 3152 decollare
2783 3096 2960 3162 vellet,
2979 3098 3204 3153 dextera
3234 3099 3354 3168 ejus
3376 3101 3612 3174 diriguit.
3629 3107 3791 3176 Adqu

2287 3188 2611 3244 miraculum
2644 3187 2888 3244 inﬁdeles
2927 3189 3283 3258 admirantes,
3311 3195 3529 3250 veniam
3553 3199 3612 3250 ab
3646 3213 3695 3252 eo
3730 3216 3790 3268 pn-

2285 3290 2462 3348 scunt,
2497 3289 2551 3334 et
2577 3287 2633 3334 ut
2661 3294 2823 3349 prece
2843 3295 2940 3335 sua
2971 3282 3253 3339 dexteram
3281 3301 3383 3342 suo
3415 3289 3698 3345 decollatori
3717 3292 3793 3346 mlo

2285 3370 2463 3436 deret,
2490 3380 2739 3434 exorant,
2762 3380 2817 3426 et
2853 3373 2996 3441 quod
3023 3373 3187 3429 vellet
3215 3393 3414 3434 munus
3451 3379 3518 3434 ab
3544 3381 3614 3436 eis
3628 3383 3790 3450 pistula-

2283 3469 2386 3516 ret.
2401 3463 2470 3516 At
2489 3470 2713 3518 sanctus
2738 3473 2932 3518 exacto
2950 3478 3045 3533 per
3057 3463 3444 3536 jusjurandum
3467 3473 3534 3526 ab
3547 3488 3607 3528 eo
3629 3490 3683 3528 ne
3701 3477 3792 3528 ultr:

2281 3553 2599 3625 sanguinem
2647 3554 3004 3610 christianum
3031 3555 3305 3626 funderet,
3332 3563 3378 3617 ei
3403 3565 3660 3621 dexteram
3688 3569 3790 3621 resti—

2282 3646 2407 3720 tuit,
2427 3654 2481 3701 et
2501 3661 2692 3702 omnes
2707 3647 2952 3718 captivos
2973 3649 3458 3724 chrisdandsquos
3475 3657 3794 3712 tenebantlibe-

2281 3754 2372 3796 ros
2403 3740 2604 3812 recepit
2630 3739 2766 3812 (54).
2795 3741 2954 3809 Ecce,
2975 3742 3173 3800 fratres
3221 3747 3352 3813 mei,
3379 3760 3575 3818 quanta
3601 3752 3791 3805 sitvirtus

2279 3833 2583 3900 charitatis,
2601 3834 2728 3890 dum
2744 3851 2882 3910 unus
2907 3851 3104 3906 corpus
3127 3855 3284 3894 suum
3299 3855 3396 3910 pro
3412 3845 3793 3914 corporealterias

2281 3925 2445 3980 morti
2477 3927 2721 3996 exponit,
2765 3927 2936 3983 virtus
2982 3929 3166 3984 divina
3213 3932 3621 3989 demonstratur.
3654 3935 3790 3989 lituos

2277 4018 2450 4074 solum
2483 4019 2556 4072 illi
2597 4020 2726 4085 duo,
2769 4019 2864 4076 sed
2904 4021 3068 4076 etiam
3101 4022 3258 4078 multi
3284 4039 3316 4079 a
3346 4037 3516 4081 morte
3539 4027 3788 4082 liberantur.

2350 4107 2609 4178 Sequitur
2636 4124 2766 4180 pars
2799 4120 3019 4180 quarta,
3052 4113 3108 4167 in
3157 4129 3265 4184 qua
3315 4116 3631 4173 dehortatur
3673 4136 3745 4174 nos
3768 4136 3786 4170 ε

2278 4196 2411 4254 falsa
2442 4199 2751 4268 dilectione,
2773 4201 2962 4258 dicens
2987 4217 3003 4256 :
3032 4203 3226 4276 Siquis
3249 4209 3482 4263 habuerit
3503 4211 3786 4265 substantiae

2273 4291 2432 4360 hujus
2462 4292 2671 4358 mundi,
2690 4303 2739 4348 et
2766 4292 2955 4347 viderit
2974 4295 3196 4363 fratrem
3211 4315 3362 4354 suum
3379 4303 3703 4357 necessitatem
3720 4321 3782 4371 με

2273 4383 2509 4451 tieutem,
2520 4395 2568 4439 et
2579 4386 2823 4441 clauserit
2839 4389 3036 4444 viscera
3050 4405 3150 4444 sua
3165 4391 3231 4444 ab
3242 4407 3325 4458 eo,
3346 4397 3595 4463 quomodo
3617 4397 3785 4451 claritas

584 4469 692 4515 tem
717 4461 936 4519 Christo
974 4467 1272 4535 adhzerere,
1325 4489 1394 4528 ne
1441 4475 1604 4544 forte,
1661 4491 1914 4555 tanquam
1963 4489 2168 4558 palmes

2279 4475 2371 4530 Dei
2387 4477 2529 4547 (quae
2555 4479 2718 4534 etiam
2759 4481 2995 4536 animam
3026 4497 3126 4552 pro
3158 4461 3416 4555 proximis
3460 4490 3628 4559 ponit)
3663 4503 3784 4543 suae

581 4554 860 4622 przecisus,
892 4556 943 4611 in
978 4558 1156 4628 ignem
1189 4572 1451 4620 aeternum
1477 4571 1741 4628 mittatur.
1770 4554 1838 4633 Et
1868 4580 1913 4634 si
1939 4554 2017 4638 sic
2042 4600 2167 4641 reus

581 4654 682 4709 est,
708 4647 800 4715 qui
834 4665 940 4704 non
969 4651 1165 4723 diligit,
1199 4657 1378 4725 qualis
1405 4669 1490 4715 est
1536 4662 1624 4718 ille
1654 4667 1746 4735 qui
1792 4671 1958 4727 etiam
2015 4676 2168 4732 odit?

582 4734 787 4801 Omnis,
811 4739 1006 4810 inquit,
1035 4745 1126 4812 qui
1157 4747 1262 4798 odit
1292 4747 1513 4816 fratrem
1543 4734 1722 4822 suum,
1753 4759 2016 4818 homicida
2066 4777 2164 4821 est.

2269 4569 2324 4624 in
2347 4586 2405 4624 eo
2421 4571 2782 4642 I’Acsidicat;
2799 4572 3021 4640 Quinon
3045 4573 3306 4632 datfratri
3336 4577 3585 4652 indigenti
3617 4588 3786 4638 munda-

2266 4676 2391 4716 nam
2405 4677 2564 4731 quam
2581 4664 2743 4720 habet
2770 4665 3151 4736 substantiam,
3185 4672 3449 4739 quomodo
3468 4689 3570 4746 pro.
3593 4690 3651 4730 eo
3675 4676 3784 4729 datu-

2265 4767 2361 4807 rus
2376 4752 2712 4809 estanimam
2739 4770 2894 4811 suam
2909 4757 3000 4812 iln
3013 4757 3117 4815 hoc
3129 4761 3274 4830 enim
3301 4777 3420 4818 vera
3441 4763 3783 4821 dilectioaialsa

580 4823 698 4880 Non
725 4829 801 4883 ait
831 4830 1128 4897 inimicum,
1149 4835 1233 4889 vel
1253 4838 1518 4908 iniquum,
1543 4847 1799 4906 quoniam
1824 4850 2164 4912 inimicitiam

2279 4842 2614 4913 iiscernitur,
2629 4849 2884 4917 quoniam
2903 4864 3027 4918 vera
3042 4827 3262 4908 dilectio
3287 4869 3388 4910 non
3400 4864 3570 4926 potest
3589 4857 3781 4911 clauum

577 4919 660 4972 vel
685 4919 1022 4990 iniquitatem
1045 4924 1282 4980 hominis
1301 4929 1482 4984 odisse
1506 4933 1705 4990 bonum
1723 4950 1828 5003 est,
1851 4939 2177 5016 fraternitag

579 5022 686 5065 tem
724 5027 853 5070 vero
881 5024 1089 5070 natura:
1117 5017 1317 5086 odisse,
1347 5022 1697 5082 homicidium
1745 5040 1847 5085 est.
1905 5033 2160 5106 Proinde,

577 5099 793 5165 fratres,
827 5116 1020 5171 magna
1060 5103 1317 5160 discretio
1346 5108 1433 5164 hic
1460 5111 1702 5169 habenda
1737 5127 1837 5185 est,
1871 5130 1931 5174 ut
1955 5099 2184 5198 scilicet~

579 5189 652 5242 ita
680 5191 804 5248 odio
827 5195 1122 5252 habeamus
1159 5198 1394 5257 hominis
1421 5204 1638 5274 vitium,
1665 5212 1807 5279 quod
1838 5229 1945 5271 non
2003 5193 2187 5290 natu-1

579 5293 714 5342 ram,
753 5291 806 5338 et
834 5285 905 5337 ita
929 5282 1212 5360 diligamus
1243 5293 1476 5352 hominis
1499 5309 1771 5368 naturam,
1795 5307 1937 5374 quod
1967 5309 2157 5366 vitium

575 5365 693 5438 ejus
716 5371 838 5426 odio
867 5373 1184 5435 habeamus.
1211 5382 1362 5450 Quod
1415 5399 1603 5445 contra
1637 5365 1767 5448 illos—
1800 5365 1882 5451 est
1928 5401 2021 5470 qui
2073 5402 2158 5458 vel

573 5473 795 5534 propter
817 5467 1112 5526 amicitiam
1136 5475 1367 5532 hominis
1392 5485 1735 5541 consentiunt
1751 5488 1866 5558 ejus
1888 5467 2052 5560 vitiis,
2075 5495 2158 5548 vel

2270 4938 2480 4993 viscera
2494 4937 2731 5007 pietatis,
2747 4942 2840 5018 sed
2861 4945 3006 5013 quod
3031 4955 3208 5016 potest
3227 4958 3484 5017 operatur.
3525 4949 3581 5004 Si
3607 4950 3778 5005 multum

2270 5029 2454 5098 habet,
2471 5031 2698 5086 multum
2714 5035 3003 5104 praebet.Si
3015 5039 3283 5094 modicum
3301 5041 3588 5106 etiamillud
3599 5042 3777 5100 libenter

2268 5111 2597 5193 impertitur.
2623 5113 2860 5192 Sitienti,
2890 5128 2934 5182 si
2971 5116 3154 5196 habet,
3179 5133 3352 5187 vinum
3375 5136 3620 5206 porrigit;
3642 5138 3682 5191 si
3702 5151 3773 5190 um

2267 5213 2452 5280 habet,
2508 5216 2601 5270 dat
2641 5217 2954 5289 velaquam
2979 5221 3233 5278 calidam.
3265 5227 3459 5293 Quodsi
3492 5239 3633 5284 caret
3656 5228 3772 5299 lignis

2267 5308 2465 5378 quibus
2489 5325 2608 5365 eam
2655 5311 2958 5380 calefaciat,
2992 5315 3084 5370 det
3109 5316 3193 5371 vel
3222 5317 3446 5390 frigidam
3471 5337 3674 5392 aquam.

2267 5401 2482 5458 amittet
2530 5406 2831 5462 mercedem
2883 5422 3036 5463 suam
3089 5409 3298 5468 dicente
3330 5413 3764 5484 Βοιιήηοεδέᾳπὶί
3858 5447 3859 5484 1

2265 5493 2465 5548 dederit
2491 5497 2564 5562 ,in
2613 5499 2822 5554 nomine
2863 5517 2977 5555 meo
3035 5501 3249 5565 calicem
3273 5523 3422 5576 aqua
3446 5507 3667 5579 frigidae,
3692 5523 3759 5560 uss

571 5568 798 5628 propter
826 5562 1165 5622 inimicitiam
1214 5569 1464 5628 vitiorum
1509 5577 1632 5632 odio
1672 5578 1872 5636 habent
1925 5583 2185 5660 hominis,
2262 5587 2439 5656 perdet
2476 5591 2759 5644 mercedem
2793 5610 2950 5659 suam.
2991 5593 3210 5667 (Matth-
3255 5615 3314 5664 x;
3349 5562 3757 5669 Μανσιῖι>οοσω

643 5670 756 5778 {in
785 5671 1259 5778 autem;
1281 5685 1929 5778 ἐε.αίῖἱξ”ρέξιξιηῖ.εςτηιο
1952 5697 2298 5778 φει,ί-.ἐιε..ιεέίε

643 5741 756 5812 tat)
790 5741 848 5798 s;
885 5741 1278 5825 ϐινθε.1)ἰ;ὶιόε.
1304 5741 1646 5829 Ιὶ1›.ιιι,’ρίψ.
1680 5741 1774 5825 t7,
1788 5741 1925 5819 tua:
1952 5741 2176 5827 iix'v'tl

2279 5774 2566 5849 atrologite.
