  <div class='ocr_page' id='page_1' title='image "/cluster/home/n/w/nwhite01/storage/ocr_20150623/155/hvd.32044015473838/990.png"; bbox 0 0 1955 3668; ppageno 0'>
   <div class='ocr_carea' id='block_1_1' title="bbox 38 179 804 216">
    <p class='ocr_par' dir='ltr' id='par_1_1' title="bbox 38 179 804 215">
     <span class='ocr_line' id='line_1_1' title="bbox 38 179 804 215; baseline 0.007 -6"><span class='ocrx_word' id='word_1_1' title='bbox 38 179 90 210; x_wconf 73' lang='grc'>1969</span> <span class='ocrx_word' id='word_1_2' title='bbox 356 179 508 211; x_wconf 73' lang='lat' dir='ltr'><strong>HOMILLE</strong></span> <span class='ocrx_word' id='word_1_3' title='bbox 526 179 559 211; x_wconf 83' lang='lat' dir='ltr'><strong>IN</strong></span> <span class='ocrx_word' id='word_1_4' title='bbox 578 181 688 213; x_wconf 80' lang='lat' dir='ltr'><strong>EPIST.</strong></span> <span class='ocrx_word' id='word_1_5' title='bbox 708 183 754 214; x_wconf 85' lang='lat' dir='ltr'><strong>ET</strong></span> <span class='ocrx_word' id='word_1_6' title='bbox 768 183 804 215; x_wconf 70' lang='lat' dir='ltr'><strong>El</strong></span> 
     </span>
    </p>
   </div>
   <div class='ocr_carea' id='block_1_2' title="bbox 859 179 1640 216">
    <p class='ocr_par' dir='ltr' id='par_1_2' title="bbox 859 182 1640 215">
     <span class='ocr_line' id='line_1_2' title="bbox 859 182 1640 215; baseline -0.004 0"><span class='ocrx_word' id='word_1_7' title='bbox 859 185 897 215; x_wconf 76' lang='grc' dir='ltr'><strong>[ϐ.</strong></span> <span class='ocrx_word' id='word_1_8' title='bbox 915 183 1070 214; x_wconf 78' lang='lat' dir='ltr'><strong>DOMINIC.</strong></span> <span class='ocrx_word' id='word_1_9' title='bbox 1083 198 1119 206; x_wconf 85' lang='lat'><strong>--</strong></span> <span class='ocrx_word' id='word_1_10' title='bbox 1129 183 1222 212; x_wconf 80' lang='lat' dir='ltr'><strong>PARS</strong></span> <span class='ocrx_word' id='word_1_11' title='bbox 1232 183 1265 212; x_wconf 92' lang='lat' dir='ltr'><strong>ll.</strong></span> <span class='ocrx_word' id='word_1_12' title='bbox 1570 182 1640 213; x_wconf 77' lang='lat' dir='ltr'><strong>i970</strong></span> 
     </span>
    </p>
   </div>
   <div class='ocr_carea' id='block_1_3' title="bbox 36 241 1640 281">
    <p class='ocr_par' dir='ltr' id='par_1_3' title="bbox 36 241 1640 281">
     <span class='ocr_line' id='line_1_3' title="bbox 36 241 1640 281; baseline 0.001 -11"><span class='ocrx_word' id='word_1_13' title='bbox 36 243 53 271; x_wconf 86' lang='lat' dir='ltr'><strong>si</strong></span> <span class='ocrx_word' id='word_1_14' title='bbox 63 241 110 277; x_wconf 86' lang='lat' dir='ltr'><strong>plus</strong></span> <span class='ocrx_word' id='word_1_15' title='bbox 119 248 161 269; x_wconf 90' lang='lat' dir='ltr'><strong>non</strong></span> <span class='ocrx_word' id='word_1_16' title='bbox 173 244 268 276; x_wconf 87' lang='lat' dir='ltr'><strong>potest,</strong></span> <span class='ocrx_word' id='word_1_17' title='bbox 280 241 325 270; x_wconf 89' lang='lat' dir='ltr'><strong>det</strong></span> <span class='ocrx_word' id='word_1_18' title='bbox 344 242 439 271; x_wconf 87' lang='lat' dir='ltr'><strong>saltem</strong></span> <span class='ocrx_word' id='word_1_19' title='bbox 453 242 675 278; x_wconf 76' lang='lat' dir='ltr'><strong>consolationem,</strong></span> <span class='ocrx_word' id='word_1_20' title='bbox 692 245 737 272; x_wconf 90' lang='lat' dir='ltr'><strong>det</strong></span> <span class='ocrx_word' id='word_1_21' title='bbox 751 245 793 273; x_wconf 97' lang='lat' dir='ltr'><strong>vel</strong></span> <span class='ocrx_word' id='word_1_22' title='bbox 807 248 832 277; x_wconf 83' lang='grc' dir='ltr'>Α</span> <span class='ocrx_word' id='word_1_23' title='bbox 846 253 905 281; x_wconf 85' lang='lat' dir='ltr'><strong>quae</strong></span> <span class='ocrx_word' id='word_1_24' title='bbox 918 244 1077 273; x_wconf 84' lang='lat' dir='ltr'><strong>indeiiciens</strong></span> <span class='ocrx_word' id='word_1_25' title='bbox 1091 243 1144 272; x_wconf 91' lang='lat' dir='ltr'><strong>erit</strong></span> <span class='ocrx_word' id='word_1_26' title='bbox 1158 248 1185 271; x_wconf 92' lang='lat' dir='ltr'><strong>et</strong></span> <span class='ocrx_word' id='word_1_27' title='bbox 1206 250 1280 269; x_wconf 86' lang='lat' dir='ltr'><strong>vera.</strong></span> <span class='ocrx_word' id='word_1_28' title='bbox 1304 241 1371 275; x_wconf 90' lang='lat' dir='ltr'><strong>Quia</strong></span> <span class='ocrx_word' id='word_1_29' title='bbox 1401 250 1465 278; x_wconf 77' lang='lat' dir='ltr'><strong>ergo</strong></span> <span class='ocrx_word' id='word_1_30' title='bbox 1491 242 1573 279; x_wconf 84' lang='lat' dir='ltr'><strong>homo</strong></span> <span class='ocrx_word' id='word_1_31' title='bbox 1594 244 1640 271; x_wconf 87' lang='lat' dir='ltr'><strong>hic</strong></span> 
     </span>
    </p>
   </div>
   <div class='ocr_carea' id='block_1_4' title="bbox 34 288 798 324">
    <p class='ocr_par' dir='ltr' id='par_1_4' title="bbox 34 288 798 324">
     <span class='ocr_line' id='line_1_4' title="bbox 34 288 798 324; baseline 0.003 -8"><span class='ocrx_word' id='word_1_32' title='bbox 34 288 212 323; x_wconf 83' lang='lat' dir='ltr'><strong>compassiouem</strong></span> <span class='ocrx_word' id='word_1_33' title='bbox 236 294 263 316; x_wconf 89' lang='lat' dir='ltr'><strong>et</strong></span> <span class='ocrx_word' id='word_1_34' title='bbox 277 289 439 322; x_wconf 88' lang='lat' dir='ltr'><strong>orationem,</strong></span> <span class='ocrx_word' id='word_1_35' title='bbox 455 294 482 317; x_wconf 93' lang='lat' dir='ltr'><strong>et</strong></span> <span class='ocrx_word' id='word_1_36' title='bbox 496 290 595 318; x_wconf 87' lang='lat' dir='ltr'><strong>bonam</strong></span> <span class='ocrx_word' id='word_1_37' title='bbox 615 290 798 324; x_wconf 71' lang='lat' dir='ltr'><strong>voluntatem,&quot;</strong></span> 
     </span>
    </p>
   </div>
   <div class='ocr_carea' id='block_1_5' title="bbox 33 333 794 371">
    <p class='ocr_par' dir='ltr' id='par_1_5' title="bbox 33 333 794 371">
     <span class='ocr_line' id='line_1_5' title="bbox 33 333 794 371; baseline 0.003 -10"><span class='ocrx_word' id='word_1_38' title='bbox 33 341 81 370; x_wconf 70' lang='lat' dir='ltr'><strong>quze</strong></span> <span class='ocrx_word' id='word_1_39' title='bbox 93 333 142 369; x_wconf 87' lang='lat' dir='ltr'><strong>plus</strong></span> <span class='ocrx_word' id='word_1_40' title='bbox 154 334 296 370; x_wconf 88' lang='lat' dir='ltr'><strong>nequeunti</strong></span> <span class='ocrx_word' id='word_1_41' title='bbox 313 334 422 363; x_wconf 79' lang='lat' dir='ltr'><strong>sufﬁcit.</strong></span> <span class='ocrx_word' id='word_1_42' title='bbox 439 335 575 371; x_wconf 78' lang='lat' dir='ltr'><strong>Scriptum</strong></span> <span class='ocrx_word' id='word_1_43' title='bbox 590 339 633 364; x_wconf 90' lang='lat' dir='ltr'><strong>est</strong></span> <span class='ocrx_word' id='word_1_44' title='bbox 646 336 719 364; x_wconf 89' lang='lat' dir='ltr'><strong>enim</strong></span> <span class='ocrx_word' id='word_1_45' title='bbox 736 346 742 364; x_wconf 95' lang='lat'>:</span> <span class='ocrx_word' id='word_1_46' title='bbox 759 336 794 363; x_wconf 78' lang='lat' dir='ltr'><strong>Et</strong></span> 
     </span>
    </p>
   </div>
   <div class='ocr_carea' id='block_1_6' title="bbox 31 380 795 418">
    <p class='ocr_par' dir='ltr' id='par_1_6' title="bbox 31 380 795 418">
     <span class='ocr_line' id='line_1_6' title="bbox 31 380 795 418; baseline 0.004 -11"><span class='ocrx_word' id='word_1_47' title='bbox 31 381 120 409; x_wconf 77' lang='lat' dir='ltr'><strong>interra</strong></span> <span class='ocrx_word' id='word_1_48' title='bbox 131 388 175 414; x_wconf 79' lang='lat' dir='ltr'><strong>pax</strong></span> <span class='ocrx_word' id='word_1_49' title='bbox 191 380 338 408; x_wconf 78' lang='lat' dir='ltr'><strong>hominibus</strong></span> <span class='ocrx_word' id='word_1_50' title='bbox 357 382 431 409; x_wconf 59' lang='lat' dir='ltr'><strong>bona?</strong></span> <span class='ocrx_word' id='word_1_51' title='bbox 444 382 585 410; x_wconf 85' lang='lat' dir='ltr'><strong>voluntatis</strong></span> <span class='ocrx_word' id='word_1_52' title='bbox 600 381 676 418; x_wconf 81' lang='lat' dir='ltr'><strong>(Luc.</strong></span> <span class='ocrx_word' id='word_1_53' title='bbox 691 382 733 414; x_wconf 76' lang='lat' dir='ltr'><strong>II).</strong></span> <span class='ocrx_word' id='word_1_54' title='bbox 749 383 795 410; x_wconf 89' lang='lat' dir='ltr'><strong>Di-</strong></span> 
     </span>
    </p>
   </div>
   <div class='ocr_carea' id='block_1_7' title="bbox 32 426 793 463">
    <p class='ocr_par' dir='ltr' id='par_1_7' title="bbox 32 426 793 463">
     <span class='ocr_line' id='line_1_7' title="bbox 32 426 793 463; baseline 0.003 -9"><span class='ocrx_word' id='word_1_55' title='bbox 32 426 96 454; x_wconf 79' lang='lat' dir='ltr'><strong>lectio</strong></span> <span class='ocrx_word' id='word_1_56' title='bbox 118 433 172 453; x_wconf 90' lang='lat' dir='ltr'><strong>vero</strong></span> <span class='ocrx_word' id='word_1_57' title='bbox 195 426 262 455; x_wconf 87' lang='lat' dir='ltr'><strong>falsa</strong></span> <span class='ocrx_word' id='word_1_58' title='bbox 286 432 338 461; x_wconf 87' lang='lat' dir='ltr'><strong>est,</strong></span> <span class='ocrx_word' id='word_1_59' title='bbox 368 436 438 463; x_wconf 66' lang='lat' dir='ltr'><strong>qum,</strong></span> <span class='ocrx_word' id='word_1_60' title='bbox 463 436 525 457; x_wconf 89' lang='lat' dir='ltr'><strong>cum</strong></span> <span class='ocrx_word' id='word_1_61' title='bbox 549 429 635 462; x_wconf 87' lang='lat' dir='ltr'><strong>possit</strong></span> <span class='ocrx_word' id='word_1_62' title='bbox 663 429 793 456; x_wconf 85' lang='lat' dir='ltr'><strong>auxilium</strong></span> 
     </span>
    </p>
   </div>
   <div class='ocr_carea' id='block_1_8' title="bbox 30 471 795 510">
    <p class='ocr_par' dir='ltr' id='par_1_8' title="bbox 30 471 795 510">
     <span class='ocr_line' id='line_1_8' title="bbox 30 471 795 510; baseline 0.007 -11"><span class='ocrx_word' id='word_1_63' title='bbox 30 471 100 505; x_wconf 87' lang='lat' dir='ltr'><strong>ferre,</strong></span> <span class='ocrx_word' id='word_1_64' title='bbox 120 472 270 507; x_wconf 79' lang='lat' dir='ltr'><strong>dissimulat,</strong></span> <span class='ocrx_word' id='word_1_65' title='bbox 299 478 327 502; x_wconf 89' lang='lat' dir='ltr'><strong>et</strong></span> <span class='ocrx_word' id='word_1_66' title='bbox 346 482 399 502; x_wconf 89' lang='lat' dir='ltr'><strong>non</strong></span> <span class='ocrx_word' id='word_1_67' title='bbox 414 482 506 510; x_wconf 85' lang='lat' dir='ltr'><strong>opere,</strong></span> <span class='ocrx_word' id='word_1_68' title='bbox 523 476 570 504; x_wconf 90' lang='lat' dir='ltr'><strong>sed</strong></span> <span class='ocrx_word' id='word_1_69' title='bbox 586 475 651 503; x_wconf 84' lang='lat' dir='ltr'><strong>solis</strong></span> <span class='ocrx_word' id='word_1_70' title='bbox 664 476 754 504; x_wconf 83' lang='lat' dir='ltr'><strong>verbis</strong></span> <span class='ocrx_word' id='word_1_71' title='bbox 767 481 795 504; x_wconf 89' lang='lat' dir='ltr'><strong>et</strong></span> 
     </span>
    </p>
   </div>
   <div class='ocr_carea' id='block_1_9' title="bbox 31 518 794 558">
    <p class='ocr_par' dir='ltr' id='par_1_9' title="bbox 31 518 794 558">
     <span class='ocr_line' id='line_1_9' title="bbox 31 518 794 558; baseline 0.005 -13"><span class='ocrx_word' id='word_1_72' title='bbox 31 518 152 555; x_wconf 65' lang='lat' dir='ltr'><strong>praemissis</strong></span> <span class='ocrx_word' id='word_1_73' title='bbox 178 524 260 547; x_wconf 89' lang='lat' dir='ltr'><strong>amat.</strong></span> <span class='ocrx_word' id='word_1_74' title='bbox 289 520 312 547; x_wconf 80' lang='grc' dir='ltr'>Α</span> <span class='ocrx_word' id='word_1_75' title='bbox 339 528 391 556; x_wconf 90' lang='lat' dir='ltr'><strong>qua</strong></span> <span class='ocrx_word' id='word_1_76' title='bbox 408 528 458 549; x_wconf 89' lang='lat' dir='ltr'><strong>nos</strong></span> <span class='ocrx_word' id='word_1_77' title='bbox 473 521 635 551; x_wconf 85' lang='lat' dir='ltr'><strong>dehortatur</strong></span> <span class='ocrx_word' id='word_1_78' title='bbox 649 522 794 558; x_wconf 84' lang='lat' dir='ltr'><strong>Apostolus</strong></span> 
     </span>
    </p>
   </div>
   <div class='ocr_carea' id='block_1_10' title="bbox 28 564 795 605">
    <p class='ocr_par' dir='ltr' id='par_1_10' title="bbox 28 564 795 605">
     <span class='ocr_line' id='line_1_10' title="bbox 28 564 795 605; baseline 0.005 -12"><span class='ocrx_word' id='word_1_79' title='bbox 28 566 144 594; x_wconf 78' lang='lat' dir='ltr'><strong>subdens:</strong></span> <span class='ocrx_word' id='word_1_80' title='bbox 163 564 253 593; x_wconf 66' lang='grc' dir='ltr'><strong>Πιὶοιὶ</strong></span> <span class='ocrx_word' id='word_1_81' title='bbox 277 566 337 600; x_wconf 86' lang='lat' dir='ltr'><strong>mei,</strong></span> <span class='ocrx_word' id='word_1_82' title='bbox 362 575 413 594; x_wconf 88' lang='lat' dir='ltr'><strong>non</strong></span> <span class='ocrx_word' id='word_1_83' title='bbox 440 568 580 603; x_wconf 74' lang='lat' dir='ltr'><strong>diligamus</strong></span> <span class='ocrx_word' id='word_1_84' title='bbox 600 569 689 602; x_wconf 83' lang='lat' dir='ltr'><strong>uerbo,</strong></span> <span class='ocrx_word' id='word_1_85' title='bbox 715 577 795 605; x_wconf 80' lang='lat' dir='ltr'><strong>neque</strong></span> 
     </span>
    </p>
   </div>
   <div class='ocr_carea' id='block_1_11' title="bbox 28 612 796 651">
    <p class='ocr_par' dir='ltr' id='par_1_11' title="bbox 28 612 796 651">
     <span class='ocr_line' id='line_1_11' title="bbox 28 612 796 651; baseline 0.005 -12"><span class='ocrx_word' id='word_1_86' title='bbox 28 612 112 648; x_wconf 78' lang='lat' dir='ltr'><strong>lingua,</strong></span> <span class='ocrx_word' id='word_1_87' title='bbox 131 613 170 640; x_wconf 66' lang='lat' dir='ltr'><strong>sed</strong></span> <span class='ocrx_word' id='word_1_88' title='bbox 194 622 269 648; x_wconf 78' lang='lat' dir='ltr'><strong>opere</strong></span> <span class='ocrx_word' id='word_1_89' title='bbox 297 619 322 641; x_wconf 81' lang='lat' dir='ltr'><strong>et</strong></span> <span class='ocrx_word' id='word_1_90' title='bbox 347 615 466 647; x_wconf 84' lang='lat' dir='ltr'><strong>veritate,</strong></span> <span class='ocrx_word' id='word_1_91' title='bbox 489 615 515 643; x_wconf 90' lang='lat' dir='ltr'><strong>id</strong></span> <span class='ocrx_word' id='word_1_92' title='bbox 528 620 571 643; x_wconf 91' lang='lat' dir='ltr'><strong>est</strong></span> <span class='ocrx_word' id='word_1_93' title='bbox 584 623 638 643; x_wconf 86' lang='lat' dir='ltr'><strong>non</strong></span> <span class='ocrx_word' id='word_1_94' title='bbox 652 615 796 651; x_wconf 83' lang='lat' dir='ltr'><strong>diligamus</strong></span> 
     </span>
    </p>
   </div>
   <div class='ocr_carea' id='block_1_12' title="bbox 26 658 796 694">
    <p class='ocr_par' dir='ltr' id='par_1_12' title="bbox 26 658 796 694">
     <span class='ocr_line' id='line_1_12' title="bbox 26 658 796 694; baseline 0.003 -8"><span class='ocrx_word' id='word_1_95' title='bbox 26 659 98 686; x_wconf 83' lang='lat' dir='ltr'><strong>verbo</strong></span> <span class='ocrx_word' id='word_1_96' title='bbox 108 658 166 692; x_wconf 89' lang='lat' dir='ltr'><strong>solo,</strong></span> <span class='ocrx_word' id='word_1_97' title='bbox 182 664 211 686; x_wconf 91' lang='lat' dir='ltr'><strong>ut</strong></span> <span class='ocrx_word' id='word_1_98' title='bbox 222 659 331 694; x_wconf 87' lang='lat' dir='ltr'><strong>quidam</strong></span> <span class='ocrx_word' id='word_1_99' title='bbox 346 659 518 688; x_wconf 90' lang='lat' dir='ltr'><strong>simulatores</strong></span> <span class='ocrx_word' id='word_1_100' title='bbox 532 659 699 694; x_wconf 89' lang='lat' dir='ltr'><strong>faciunt,sed</strong></span> <span class='ocrx_word' id='word_1_101' title='bbox 713 660 796 688; x_wconf 81' lang='lat' dir='ltr'><strong>etiam</strong></span> 
     </span>
    </p>
   </div>
   <div class='ocr_carea' id='block_1_13' title="bbox 25 705 795 741">
    <p class='ocr_par' dir='ltr' id='par_1_13' title="bbox 25 705 795 741">
     <span class='ocr_line' id='line_1_13' title="bbox 25 705 795 741; baseline 0.003 -9"><span class='ocrx_word' id='word_1_102' title='bbox 25 713 105 740; x_wconf 84' lang='lat' dir='ltr'><strong>opere.</strong></span> <span class='ocrx_word' id='word_1_103' title='bbox 118 705 166 733; x_wconf 77' lang='lat' dir='ltr'><strong>Nec</strong></span> <span class='ocrx_word' id='word_1_104' title='bbox 186 705 330 741; x_wconf 76' lang='lat' dir='ltr'><strong>diligamus</strong></span> <span class='ocrx_word' id='word_1_105' title='bbox 354 705 476 741; x_wconf 76' lang='lat' dir='ltr'><strong>linguosa</strong></span> <span class='ocrx_word' id='word_1_106' title='bbox 501 711 529 735; x_wconf 85' lang='lat' dir='ltr'><strong>et</strong></span> <span class='ocrx_word' id='word_1_107' title='bbox 555 706 653 734; x_wconf 84' lang='lat' dir='ltr'><strong>blanda</strong></span> <span class='ocrx_word' id='word_1_108' title='bbox 675 706 795 739; x_wconf 90' lang='lat' dir='ltr'><strong>ﬁctione,</strong></span> 
     </span>
    </p>
   </div>
   <div class='ocr_carea' id='block_1_14' title="bbox 24 752 795 788">
    <p class='ocr_par' dir='ltr' id='par_1_14' title="bbox 24 752 795 788">
     <span class='ocr_line' id='line_1_14' title="bbox 24 752 795 788; baseline 0.001 -9"><span class='ocrx_word' id='word_1_109' title='bbox 24 752 65 780; x_wconf 87' lang='lat' dir='ltr'><strong>sed</strong></span> <span class='ocrx_word' id='word_1_110' title='bbox 87 752 165 780; x_wconf 88' lang='lat' dir='ltr'><strong>cordis</strong></span> <span class='ocrx_word' id='word_1_111' title='bbox 192 752 316 780; x_wconf 88' lang='lat' dir='ltr'><strong>veritate.</strong></span> <span class='ocrx_word' id='word_1_112' title='bbox 346 752 401 780; x_wconf 82' lang='lat' dir='ltr'><strong>Nos</strong></span> <span class='ocrx_word' id='word_1_113' title='bbox 417 753 520 788; x_wconf 85' lang='lat' dir='ltr'><strong>itaque,</strong></span> <span class='ocrx_word' id='word_1_114' title='bbox 541 752 641 780; x_wconf 80' lang='lat' dir='ltr'><strong>fratres</strong></span> <span class='ocrx_word' id='word_1_115' title='bbox 661 753 725 786; x_wconf 92' lang='lat' dir='ltr'><strong>mei,</strong></span> <span class='ocrx_word' id='word_1_116' title='bbox 742 761 795 781; x_wconf 93' lang='lat' dir='ltr'><strong>non</strong></span> 
     </span>
    </p>
   </div>
   <div class='ocr_carea' id='block_1_15' title="bbox 24 798 798 832">
    <p class='ocr_par' dir='ltr' id='par_1_15' title="bbox 24 798 798 832">
     <span class='ocr_line' id='line_1_15' title="bbox 24 798 798 832; baseline 0.001 -7"><span class='ocrx_word' id='word_1_117' title='bbox 24 798 114 831; x_wconf 90' lang='lat' dir='ltr'><strong>ﬁctam,</strong></span> <span class='ocrx_word' id='word_1_118' title='bbox 143 798 186 826; x_wconf 91' lang='lat' dir='ltr'><strong>sed</strong></span> <span class='ocrx_word' id='word_1_119' title='bbox 209 806 303 826; x_wconf 82' lang='lat' dir='ltr'><strong>veram</strong></span> <span class='ocrx_word' id='word_1_120' title='bbox 330 798 479 826; x_wconf 80' lang='lat' dir='ltr'><strong>habeamus</strong></span> <span class='ocrx_word' id='word_1_121' title='bbox 505 798 688 827; x_wconf 86' lang='lat' dir='ltr'><strong>dilectionem.</strong></span> <span class='ocrx_word' id='word_1_122' title='bbox 720 798 798 832; x_wconf 84' lang='lat' dir='ltr'><strong>Quod</strong></span> 
     </span>
    </p>
   </div>
   <div class='ocr_carea' id='block_1_16' title="bbox 23 843 799 880">
    <p class='ocr_par' dir='ltr' id='par_1_16' title="bbox 23 843 799 880">
     <span class='ocr_line' id='line_1_16' title="bbox 23 843 799 880; baseline 0.001 -10"><span class='ocrx_word' id='word_1_123' title='bbox 23 843 104 878; x_wconf 86' lang='lat' dir='ltr'><strong>utique</strong></span> <span class='ocrx_word' id='word_1_124' title='bbox 117 843 175 875; x_wconf 86' lang='lat' dir='ltr'><strong>erit.</strong></span> <span class='ocrx_word' id='word_1_125' title='bbox 195 843 217 871; x_wconf 91' lang='lat' dir='ltr'><strong>si</strong></span> <span class='ocrx_word' id='word_1_126' title='bbox 233 843 316 871; x_wconf 89' lang='lat' dir='ltr'><strong>Deum</strong></span> <span class='ocrx_word' id='word_1_127' title='bbox 329 844 416 872; x_wconf 84' lang='lat' dir='ltr'><strong>solum</strong></span> <span class='ocrx_word' id='word_1_128' title='bbox 434 844 462 871; x_wconf 91' lang='lat' dir='ltr'><strong>in</strong></span> <span class='ocrx_word' id='word_1_129' title='bbox 478 844 602 879; x_wconf 85' lang='lat' dir='ltr'><strong>proximo</strong></span> <span class='ocrx_word' id='word_1_130' title='bbox 620 843 733 880; x_wconf 79' lang='lat' dir='ltr'><strong>diligere</strong></span> <span class='ocrx_word' id='word_1_131' title='bbox 748 851 799 871; x_wconf 93' lang='lat' dir='ltr'><strong>no-</strong></span> 
     </span>
    </p>
   </div>
   <div class='ocr_carea' id='block_1_17' title="bbox 20 889 798 925">
    <p class='ocr_par' dir='ltr' id='par_1_17' title="bbox 20 889 798 925">
     <span class='ocr_line' id='line_1_17' title="bbox 20 889 798 925; baseline 0 -9"><span class='ocrx_word' id='word_1_132' title='bbox 20 889 137 922; x_wconf 85' lang='lat' dir='ltr'><strong>verimus,</strong></span> <span class='ocrx_word' id='word_1_133' title='bbox 148 889 168 917; x_wconf 89' lang='lat' dir='ltr'><strong>si</strong></span> <span class='ocrx_word' id='word_1_134' title='bbox 183 894 282 917; x_wconf 77' lang='lat' dir='ltr'><strong>nostra:</strong></span> <span class='ocrx_word' id='word_1_135' title='bbox 294 889 456 917; x_wconf 84' lang='lat' dir='ltr'><strong>dilectionis</strong></span> <span class='ocrx_word' id='word_1_136' title='bbox 467 895 494 917; x_wconf 92' lang='lat' dir='ltr'><strong>et</strong></span> <span class='ocrx_word' id='word_1_137' title='bbox 508 889 598 925; x_wconf 91' lang='lat' dir='ltr'><strong>operis</strong></span> <span class='ocrx_word' id='word_1_138' title='bbox 609 889 698 917; x_wconf 87' lang='lat' dir='ltr'><strong>solum</strong></span> <span class='ocrx_word' id='word_1_139' title='bbox 714 889 798 917; x_wconf 89' lang='lat' dir='ltr'><strong>Deum</strong></span> 
     </span>
    </p>
   </div>
   <div class='ocr_carea' id='block_1_18' title="bbox 845 288 1640 326">
    <p class='ocr_par' dir='ltr' id='par_1_18' title="bbox 845 288 1640 326">
     <span class='ocr_line' id='line_1_18' title="bbox 845 288 1640 326; baseline -0.001 -7"><span class='ocrx_word' id='word_1_140' title='bbox 845 291 965 319; x_wconf 85' lang='lat' dir='ltr'><strong>maxime</strong></span> <span class='ocrx_word' id='word_1_141' title='bbox 981 291 1131 319; x_wconf 86' lang='lat' dir='ltr'><strong>delectatur</strong></span> <span class='ocrx_word' id='word_1_142' title='bbox 1145 290 1170 317; x_wconf 93' lang='lat' dir='ltr'><strong>in</strong></span> <span class='ocrx_word' id='word_1_143' title='bbox 1187 288 1326 325; x_wconf 86' lang='lat' dir='ltr'><strong>splendida</strong></span> <span class='ocrx_word' id='word_1_144' title='bbox 1347 297 1435 322; x_wconf 70' lang='lat' dir='ltr'><strong>omna,</strong></span> <span class='ocrx_word' id='word_1_145' title='bbox 1454 290 1514 318; x_wconf 89' lang='lat' dir='ltr'><strong>ideo</strong></span> <span class='ocrx_word' id='word_1_146' title='bbox 1528 298 1640 326; x_wconf 78' lang='lat' dir='ltr'><strong>regnum</strong></span> 
     </span>
    </p>
   </div>
   <div class='ocr_carea' id='block_1_19' title="bbox 845 336 1641 372">
    <p class='ocr_par' dir='ltr' id='par_1_19' title="bbox 845 336 1641 372">
     <span class='ocr_line' id='line_1_19' title="bbox 845 336 1641 372; baseline -0.001 -7"><span class='ocrx_word' id='word_1_147' title='bbox 845 337 986 370; x_wconf 67' lang='lat' dir='ltr'><strong>cmlorum,</strong></span> <span class='ocrx_word' id='word_1_148' title='bbox 1001 337 1026 364; x_wconf 94' lang='lat' dir='ltr'><strong>in</strong></span> <span class='ocrx_word' id='word_1_149' title='bbox 1041 344 1094 372; x_wconf 89' lang='lat' dir='ltr'><strong>quo</strong></span> <span class='ocrx_word' id='word_1_150' title='bbox 1108 343 1161 363; x_wconf 91' lang='lat' dir='ltr'><strong>non</strong></span> <span class='ocrx_word' id='word_1_151' title='bbox 1179 336 1232 363; x_wconf 90' lang='lat' dir='ltr'><strong>erit</strong></span> <span class='ocrx_word' id='word_1_152' title='bbox 1242 343 1352 364; x_wconf 88' lang='lat' dir='ltr'><strong>necesse</strong></span> <span class='ocrx_word' id='word_1_153' title='bbox 1371 336 1547 369; x_wconf 88' lang='lat' dir='ltr'><strong>manducare,</strong></span> <span class='ocrx_word' id='word_1_154' title='bbox 1558 344 1641 372; x_wconf 81' lang='lat' dir='ltr'><strong>voca-</strong></span> 
     </span>
    </p>
   </div>
   <div class='ocr_carea' id='block_1_20' title="bbox 846 382 1641 422">
    <p class='ocr_par' dir='ltr' id='par_1_20' title="bbox 846 382 1641 422">
     <span class='ocr_line' id='line_1_20' title="bbox 846 382 1641 422; baseline -0.001 -10"><span class='ocrx_word' id='word_1_155' title='bbox 846 389 891 412; x_wconf 89' lang='lat' dir='ltr'><strong>tur</strong></span> <span class='ocrx_word' id='word_1_156' title='bbox 916 384 969 422; x_wconf 20' lang='lat' dir='ltr'><strong>hic‘</strong></span> <span class='ocrx_word' id='word_1_157' title='bbox 986 391 1077 422; x_wconf 72' lang='lat' dir='ltr'><strong>coena,</strong></span> <span class='ocrx_word' id='word_1_158' title='bbox 1099 382 1228 418; x_wconf 86' lang='lat' dir='ltr'><strong>quoniam</strong></span> <span class='ocrx_word' id='word_1_159' title='bbox 1259 382 1295 410; x_wconf 90' lang='lat' dir='ltr'><strong>ibi</strong></span> <span class='ocrx_word' id='word_1_160' title='bbox 1317 382 1401 410; x_wconf 83' lang='lat' dir='ltr'><strong>sancti</strong></span> <span class='ocrx_word' id='word_1_161' title='bbox 1420 386 1482 417; x_wconf 89' lang='lat' dir='ltr'><strong>post</strong></span> <span class='ocrx_word' id='word_1_162' title='bbox 1499 390 1641 421; x_wconf 86' lang='lat' dir='ltr'><strong>vesperam</strong></span> 
     </span>
    </p>
   </div>
   <div class='ocr_carea' id='block_1_21' title="bbox 847 427 1643 463">
    <p class='ocr_par' dir='ltr' id='par_1_21' title="bbox 847 427 1643 463">
     <span class='ocr_line' id='line_1_21' title="bbox 847 427 1643 463; baseline -0.003 -6"><span class='ocrx_word' id='word_1_163' title='bbox 847 428 926 463; x_wconf 84' lang='lat' dir='ltr'><strong>hujus</strong></span> <span class='ocrx_word' id='word_1_164' title='bbox 952 429 1057 461; x_wconf 88' lang='lat' dir='ltr'><strong>mundi,</strong></span> <span class='ocrx_word' id='word_1_165' title='bbox 1087 432 1187 455; x_wconf 66' lang='lat' dir='ltr'><strong>aeterna</strong></span> <span class='ocrx_word' id='word_1_166' title='bbox 1215 427 1375 455; x_wconf 86' lang='lat' dir='ltr'><strong>reﬁcientur</strong></span> <span class='ocrx_word' id='word_1_167' title='bbox 1395 427 1529 455; x_wconf 87' lang='lat' dir='ltr'><strong>satietate.</strong></span> <span class='ocrx_word' id='word_1_168' title='bbox 1547 427 1643 463; x_wconf 77' lang='lat' dir='ltr'><strong>Magna</strong></span> 
     </span>
    </p>
   </div>
   <div class='ocr_carea' id='block_1_22' title="bbox 845 473 1645 509">
    <p class='ocr_par' dir='ltr' id='par_1_22' title="bbox 845 473 1645 509">
     <span class='ocr_line' id='line_1_22' title="bbox 845 473 1645 509; baseline -0.003 -7"><span class='ocrx_word' id='word_1_169' title='bbox 845 483 911 504; x_wconf 89' lang='lat' dir='ltr'><strong>vero</strong></span> <span class='ocrx_word' id='word_1_170' title='bbox 921 475 1031 508; x_wconf 90' lang='lat' dir='ltr'><strong>dicitur,</strong></span> <span class='ocrx_word' id='word_1_171' title='bbox 1046 474 1108 509; x_wconf 89' lang='lat' dir='ltr'><strong>quia</strong></span> <span class='ocrx_word' id='word_1_172' title='bbox 1126 474 1179 501; x_wconf 84' lang='lat' dir='ltr'><strong>erit</strong></span> <span class='ocrx_word' id='word_1_173' title='bbox 1195 474 1332 502; x_wconf 81' lang='lat' dir='ltr'><strong>sufﬁciens</strong></span> <span class='ocrx_word' id='word_1_174' title='bbox 1354 478 1381 501; x_wconf 92' lang='lat' dir='ltr'><strong>et</strong></span> <span class='ocrx_word' id='word_1_175' title='bbox 1396 473 1601 504; x_wconf 86' lang='lat' dir='ltr'><strong>numerositati,</strong></span> <span class='ocrx_word' id='word_1_176' title='bbox 1617 478 1645 501; x_wconf 89' lang='lat' dir='ltr'><strong>et</strong></span> 
     </span>
    </p>
   </div>
   <div class='ocr_carea' id='block_1_23' title="bbox 847 520 1643 557">
    <p class='ocr_par' dir='ltr' id='par_1_23' title="bbox 847 520 1643 557">
     <span class='ocr_line' id='line_1_23' title="bbox 847 520 1643 557; baseline -0.004 -8"><span class='ocrx_word' id='word_1_177' title='bbox 847 521 990 557; x_wconf 85' lang='lat' dir='ltr'><strong>capacitati</strong></span> <span class='ocrx_word' id='word_1_178' title='bbox 1011 522 1211 549; x_wconf 81' lang='lat' dir='ltr'><strong>universorum.</strong></span> <span class='ocrx_word' id='word_1_179' title='bbox 1231 520 1357 548; x_wconf 88' lang='lat' dir='ltr'><strong>luvitatio</strong></span> <span class='ocrx_word' id='word_1_180' title='bbox 1377 527 1440 547; x_wconf 77' lang='lat' dir='ltr'><strong>vero</strong></span> <span class='ocrx_word' id='word_1_181' title='bbox 1453 520 1486 547; x_wconf 87' lang='lat' dir='ltr'><strong>ad</strong></span> <span class='ocrx_word' id='word_1_182' title='bbox 1503 520 1573 548; x_wconf 92' lang='lat' dir='ltr'><strong>hanc</strong></span> <span class='ocrx_word' id='word_1_183' title='bbox 1586 526 1643 547; x_wconf 76' lang='lat' dir='ltr'><strong>cce-</strong></span> 
     </span>
    </p>
   </div>
   <div class='ocr_carea' id='block_1_24' title="bbox 847 561 1646 601">
    <p class='ocr_par' dir='ltr' id='par_1_24' title="bbox 847 561 1646 601">
     <span class='ocr_line' id='line_1_24' title="bbox 847 561 1646 601; baseline -0.003 -7"><span class='ocrx_word' id='word_1_184' title='bbox 847 574 910 594; x_wconf 89' lang='lat' dir='ltr'><strong>nam</strong></span> <span class='ocrx_word' id='word_1_185' title='bbox 939 566 1103 601; x_wconf 91' lang='lat' dir='ltr'><strong>ﬁt_quaudo</strong></span> <span class='ocrx_word' id='word_1_186' title='bbox 1119 566 1209 594; x_wconf 87' lang='lat' dir='ltr'><strong>homo</strong></span> <span class='ocrx_word' id='word_1_187' title='bbox 1234 567 1268 594; x_wconf 89' lang='lat' dir='ltr'><strong>ad</strong></span> <span class='ocrx_word' id='word_1_188' title='bbox 1292 566 1372 594; x_wconf 89' lang='lat' dir='ltr'><strong>ﬁnem</strong></span> <span class='ocrx_word' id='word_1_189' title='bbox 1390 565 1506 593; x_wconf 79' lang='lat' dir='ltr'><strong>accedit.</strong></span> <span class='ocrx_word' id='word_1_190' title='bbox 1530 561 1646 598; x_wconf 86' lang='lat' dir='ltr'><strong>Quando</strong></span> 
     </span>
    </p>
   </div>
   <div class='ocr_carea' id='block_1_25' title="bbox 847 611 1647 645">
    <p class='ocr_par' dir='ltr' id='par_1_25' title="bbox 847 611 1647 645">
     <span class='ocr_line' id='line_1_25' title="bbox 847 611 1647 645; baseline -0.001 -6"><span class='ocrx_word' id='word_1_191' title='bbox 847 613 932 644; x_wconf 85' lang='lat' dir='ltr'><strong>enim,</strong></span> <span class='ocrx_word' id='word_1_192' title='bbox 956 612 1067 645; x_wconf 80' lang='lat' dir='ltr'><strong>fratres,</strong></span> <span class='ocrx_word' id='word_1_193' title='bbox 1086 612 1119 639; x_wconf 85' lang='lat' dir='ltr'><strong>atl</strong></span> <span class='ocrx_word' id='word_1_194' title='bbox 1143 613 1223 640; x_wconf 90' lang='lat' dir='ltr'><strong>ﬁdem</strong></span> <span class='ocrx_word' id='word_1_195' title='bbox 1243 618 1271 640; x_wconf 90' lang='lat' dir='ltr'><strong>ct</strong></span> <span class='ocrx_word' id='word_1_196' title='bbox 1285 613 1318 640; x_wconf 90' lang='lat' dir='ltr'><strong>ad</strong></span> <span class='ocrx_word' id='word_1_197' title='bbox 1342 617 1514 640; x_wconf 87' lang='lat' dir='ltr'><strong>sacramenta</strong></span> <span class='ocrx_word' id='word_1_198' title='bbox 1540 611 1647 638; x_wconf 84' lang='lat' dir='ltr'><strong>accedi-</strong></span> 
     </span>
    </p>
   </div>
   <div class='ocr_carea' id='block_1_26' title="bbox 851 657 1647 694">
    <p class='ocr_par' dir='ltr' id='par_1_26' title="bbox 851 657 1647 694">
     <span class='ocr_line' id='line_1_26' title="bbox 851 657 1647 694; baseline -0.001 -8"><span class='ocrx_word' id='word_1_199' title='bbox 851 666 921 691; x_wconf 89' lang='lat' dir='ltr'><strong>mus,</strong></span> <span class='ocrx_word' id='word_1_200' title='bbox 939 663 1002 686; x_wconf 92' lang='lat' dir='ltr'><strong>tunc</strong></span> <span class='ocrx_word' id='word_1_201' title='bbox 1022 659 1100 686; x_wconf 92' lang='lat' dir='ltr'><strong>nobis</strong></span> <span class='ocrx_word' id='word_1_202' title='bbox 1113 659 1290 694; x_wconf 89' lang='lat' dir='ltr'><strong>promittitur.</strong></span> <span class='ocrx_word' id='word_1_203' title='bbox 1305 658 1381 693; x_wconf 87' lang='lat' dir='ltr'><strong>Quod</strong></span> <span class='ocrx_word' id='word_1_204' title='bbox 1398 659 1419 686; x_wconf 89' lang='lat' dir='ltr'><strong>si</strong></span> <span class='ocrx_word' id='word_1_205' title='bbox 1435 658 1462 686; x_wconf 92' lang='lat' dir='ltr'><strong>in</strong></span> <span class='ocrx_word' id='word_1_206' title='bbox 1483 657 1536 685; x_wconf 88' lang='lat' dir='ltr'><strong>ﬁde</strong></span> <span class='ocrx_word' id='word_1_207' title='bbox 1551 665 1647 693; x_wconf 74' lang='lat' dir='ltr'><strong>perse—</strong></span> 
     </span>
    </p>
   </div>
   <div class='ocr_carea' id='block_1_27' title="bbox 849 704 1648 740">
    <p class='ocr_par' dir='ltr' id='par_1_27' title="bbox 849 704 1648 740">
     <span class='ocr_line' id='line_1_27' title="bbox 849 704 1648 740; baseline -0.003 -7"><span class='ocrx_word' id='word_1_208' title='bbox 849 706 1047 739; x_wconf 88' lang='lat' dir='ltr'><strong>vcraverimus,</strong></span> <span class='ocrx_word' id='word_1_209' title='bbox 1075 706 1147 733; x_wconf 87' lang='lat' dir='ltr'><strong>illius</strong></span> <span class='ocrx_word' id='word_1_210' title='bbox 1172 711 1281 734; x_wconf 58' lang='lat' dir='ltr'><strong>attenta:</strong></span> <span class='ocrx_word' id='word_1_211' title='bbox 1306 705 1483 733; x_wconf 87' lang='lat' dir='ltr'><strong>beatitudinis</strong></span> <span class='ocrx_word' id='word_1_212' title='bbox 1501 704 1648 740; x_wconf 78' lang='lat' dir='ltr'><strong>partit-ipes</strong></span> 
     </span>
    </p>
   </div>
   <div class='ocr_carea' id='block_1_28' title="bbox 850 752 1647 785">
    <p class='ocr_par' dir='ltr' id='par_1_28' title="bbox 850 752 1647 785">
     <span class='ocr_line' id='line_1_28' title="bbox 850 752 1647 785; baseline -0.004 -5"><span class='ocrx_word' id='word_1_213' title='bbox 850 753 965 780; x_wconf 86' lang='lat' dir='ltr'><strong>erimus.</strong></span> <span class='ocrx_word' id='word_1_214' title='bbox 978 752 1059 785; x_wconf 85' lang='lat' dir='ltr'><strong>Ecce,</strong></span> <span class='ocrx_word' id='word_1_215' title='bbox 1074 752 1183 785; x_wconf 89' lang='lat' dir='ltr'><strong>fratres,</strong></span> <span class='ocrx_word' id='word_1_216' title='bbox 1199 760 1293 780; x_wconf 89' lang='lat' dir='ltr'><strong>omnes</strong></span> <span class='ocrx_word' id='word_1_217' title='bbox 1309 753 1342 780; x_wconf 89' lang='lat' dir='ltr'><strong>ad</strong></span> <span class='ocrx_word' id='word_1_218' title='bbox 1358 752 1429 780; x_wconf 85' lang='lat' dir='ltr'><strong>illam</strong></span> <span class='ocrx_word' id='word_1_219' title='bbox 1444 756 1574 779; x_wconf 68' lang='lat' dir='ltr'><strong>aeternam</strong></span> <span class='ocrx_word' id='word_1_220' title='bbox 1591 757 1647 778; x_wconf 64' lang='lat' dir='ltr'><strong>cae-</strong></span> 
     </span>
    </p>
   </div>
   <div class='ocr_carea' id='block_1_29' title="bbox 850 799 1649 835">
    <p class='ocr_par' dir='ltr' id='par_1_29' title="bbox 850 799 1649 835">
     <span class='ocr_line' id='line_1_29' title="bbox 850 799 1649 835; baseline -0.003 -7"><span class='ocrx_word' id='word_1_221' title='bbox 850 808 913 828; x_wconf 92' lang='lat' dir='ltr'><strong>nam</strong></span> <span class='ocrx_word' id='word_1_222' title='bbox 930 799 1036 827; x_wconf 87' lang='lat' dir='ltr'><strong>invitati</strong></span> <span class='ocrx_word' id='word_1_223' title='bbox 1050 807 1154 827; x_wconf 87' lang='lat' dir='ltr'><strong>sumus.</strong></span> <span class='ocrx_word' id='word_1_224' title='bbox 1168 800 1209 827; x_wconf 83' lang='lat' dir='ltr'><strong>Ad</strong></span> <span class='ocrx_word' id='word_1_225' title='bbox 1223 800 1295 827; x_wconf 88' lang='lat' dir='ltr'><strong>illam</strong></span> <span class='ocrx_word' id='word_1_226' title='bbox 1310 807 1374 835; x_wconf 82' lang='lat' dir='ltr'><strong>ergo</strong></span> <span class='ocrx_word' id='word_1_227' title='bbox 1399 800 1452 828; x_wconf 89' lang='lat' dir='ltr'><strong>ﬁde</strong></span> <span class='ocrx_word' id='word_1_228' title='bbox 1465 805 1491 828; x_wconf 90' lang='lat' dir='ltr'><strong>et</strong></span> <span class='ocrx_word' id='word_1_229' title='bbox 1513 799 1649 827; x_wconf 84' lang='lat' dir='ltr'><strong>desiderio</strong></span> 
     </span>
    </p>
   </div>
   <div class='ocr_carea' id='block_1_30' title="bbox 851 844 1650 880">
    <p class='ocr_par' dir='ltr' id='par_1_30' title="bbox 851 844 1650 880">
     <span class='ocr_line' id='line_1_30' title="bbox 851 844 1650 880; baseline -0.003 -7"><span class='ocrx_word' id='word_1_230' title='bbox 851 846 1004 879; x_wconf 84' lang='lat' dir='ltr'><strong>tendamus,</strong></span> <span class='ocrx_word' id='word_1_231' title='bbox 1030 850 1057 873; x_wconf 92' lang='lat' dir='ltr'><strong>et</strong></span> <span class='ocrx_word' id='word_1_232' title='bbox 1080 845 1208 880; x_wconf 89' lang='lat' dir='ltr'><strong>operibus</strong></span> <span class='ocrx_word' id='word_1_233' title='bbox 1231 853 1281 872; x_wconf 91' lang='lat' dir='ltr'><strong>nos</strong></span> <span class='ocrx_word' id='word_1_234' title='bbox 1307 845 1402 880; x_wconf 85' lang='lat' dir='ltr'><strong>dignos</strong></span> <span class='ocrx_word' id='word_1_235' title='bbox 1429 845 1587 873; x_wconf 82' lang='lat' dir='ltr'><strong>efﬁciamus.</strong></span> <span class='ocrx_word' id='word_1_236' title='bbox 1607 844 1650 871; x_wconf 82' lang='lat' dir='ltr'><strong>Ad</strong></span> 
     </span>
    </p>
   </div>
   <div class='ocr_carea' id='block_1_31' title="bbox 851 890 1650 927">
    <p class='ocr_par' dir='ltr' id='par_1_31' title="bbox 851 890 1650 927">
     <span class='ocr_line' id='line_1_31' title="bbox 851 890 1650 927; baseline -0.003 -8"><span class='ocrx_word' id='word_1_237' title='bbox 851 892 947 919; x_wconf 90' lang='lat' dir='ltr'><strong>horam</strong></span> <span class='ocrx_word' id='word_1_238' title='bbox 976 900 1042 919; x_wconf 84' lang='lat' dir='ltr'><strong>vero</strong></span> <span class='ocrx_word' id='word_1_239' title='bbox 1065 899 1151 919; x_wconf 61' lang='lat' dir='ltr'><strong>coena:</strong></span> <span class='ocrx_word' id='word_1_240' title='bbox 1173 899 1224 927; x_wconf 89' lang='lat' dir='ltr'><strong>per</strong></span> <span class='ocrx_word' id='word_1_241' title='bbox 1244 899 1351 919; x_wconf 89' lang='lat' dir='ltr'><strong>servum</strong></span> <span class='ocrx_word' id='word_1_242' title='bbox 1377 899 1520 924; x_wconf 81' lang='lat' dir='ltr'><strong>vocantur,</strong></span> <span class='ocrx_word' id='word_1_243' title='bbox 1541 890 1650 926; x_wconf 87' lang='lat' dir='ltr'><strong>quando</strong></span> 
     </span>
    </p>
   </div>
   <div class='ocr_carea' id='block_1_32' title="bbox 22 930 1650 974">
    <p class='ocr_par' dir='ltr' id='par_1_32' title="bbox 22 930 1650 974">
     <span class='ocr_line' id='line_1_32' title="bbox 22 930 1650 974; baseline -0.001 -10"><span class='ocrx_word' id='word_1_244' title='bbox 22 944 123 965; x_wconf 86' lang='lat' dir='ltr'><strong>causam</strong></span> <span class='ocrx_word' id='word_1_245' title='bbox 148 937 330 970; x_wconf 87' lang='lat' dir='ltr'><strong>statuerimus,</strong></span> <span class='ocrx_word' id='word_1_246' title='bbox 349 937 371 964; x_wconf 88' lang='lat' dir='ltr'><strong>si</strong></span> <span class='ocrx_word' id='word_1_247' title='bbox 387 944 439 964; x_wconf 90' lang='lat' dir='ltr'><strong>non</strong></span> <span class='ocrx_word' id='word_1_248' title='bbox 464 937 497 964; x_wconf 91' lang='lat' dir='ltr'><strong>ab</strong></span> <span class='ocrx_word' id='word_1_249' title='bbox 516 936 633 969; x_wconf 87' lang='lat' dir='ltr'><strong>homine,</strong></span> <span class='ocrx_word' id='word_1_250' title='bbox 651 936 698 964; x_wconf 90' lang='lat' dir='ltr'><strong>sed</strong></span> <span class='ocrx_word' id='word_1_251' title='bbox 714 943 729 963; x_wconf 87' lang='lat' dir='ltr'><strong>a</strong></span> <span class='ocrx_word' id='word_1_252' title='bbox 743 934 801 963; x_wconf 91' lang='lat' dir='ltr'><strong>solo</strong></span> <span class='ocrx_word' id='word_1_253' title='bbox 817 930 839 960; x_wconf 77' lang='grc' dir='ltr'><strong><em>Β</em></strong></span> <span class='ocrx_word' id='word_1_254' title='bbox 853 946 902 974; x_wconf 87' lang='lat' dir='ltr'><strong>per</strong></span> <span class='ocrx_word' id='word_1_255' title='bbox 917 938 1126 974; x_wconf 67' lang='lat' dir='ltr'><strong>praedicatorum</strong></span> <span class='ocrx_word' id='word_1_256' title='bbox 1149 939 1272 966; x_wconf 86' lang='lat' dir='ltr'><strong>ordinem</strong></span> <span class='ocrx_word' id='word_1_257' title='bbox 1297 946 1440 966; x_wconf 89' lang='lat' dir='ltr'><strong>monemur</strong></span> <span class='ocrx_word' id='word_1_258' title='bbox 1457 942 1486 965; x_wconf 91' lang='lat' dir='ltr'><strong>ut</strong></span> <span class='ocrx_word' id='word_1_259' title='bbox 1505 937 1599 971; x_wconf 83' lang='lat' dir='ltr'><strong>venire</strong></span> <span class='ocrx_word' id='word_1_260' title='bbox 1616 935 1650 963; x_wconf 87' lang='lat' dir='ltr'><strong>ad</strong></span> 
     </span>
    </p>
   </div>
   <div class='ocr_carea' id='block_1_33' title="bbox 19 981 797 1018">
    <p class='ocr_par' dir='ltr' id='par_1_33' title="bbox 19 981 797 1018">
     <span class='ocr_line' id='line_1_33' title="bbox 19 981 797 1018; baseline -0.003 -7"><span class='ocrx_word' id='word_1_261' title='bbox 19 983 68 1011; x_wconf 88' lang='lat' dir='ltr'><strong>Deo</strong></span> <span class='ocrx_word' id='word_1_262' title='bbox 81 983 586 1018; x_wconf 86' lang='lat' dir='ltr'><strong>remunerationemexspectaverimus,</strong></span> <span class='ocrx_word' id='word_1_263' title='bbox 602 982 625 1010; x_wconf 91' lang='lat' dir='ltr'><strong>si</strong></span> <span class='ocrx_word' id='word_1_264' title='bbox 640 989 692 1011; x_wconf 91' lang='lat' dir='ltr'><strong>non</strong></span> <span class='ocrx_word' id='word_1_265' title='bbox 707 981 797 1010; x_wconf 90' lang='lat' dir='ltr'><strong>homi-</strong></span> 
     </span>
    </p>
   </div>
   <div class='ocr_carea' id='block_1_34' title="bbox 19 1028 799 1063">
    <p class='ocr_par' dir='ltr' id='par_1_34' title="bbox 19 1028 799 1063">
     <span class='ocr_line' id='line_1_34' title="bbox 19 1028 799 1063; baseline 0 -7"><span class='ocrx_word' id='word_1_266' title='bbox 19 1028 101 1061; x_wconf 88' lang='lat' dir='ltr'><strong>nibus,</strong></span> <span class='ocrx_word' id='word_1_267' title='bbox 118 1028 162 1056; x_wconf 89' lang='lat' dir='ltr'><strong>sed</strong></span> <span class='ocrx_word' id='word_1_268' title='bbox 175 1028 224 1056; x_wconf 91' lang='lat' dir='ltr'><strong>soli</strong></span> <span class='ocrx_word' id='word_1_269' title='bbox 238 1028 292 1055; x_wconf 91' lang='lat' dir='ltr'><strong>Deo</strong></span> <span class='ocrx_word' id='word_1_270' title='bbox 308 1028 335 1055; x_wconf 93' lang='lat' dir='ltr'><strong>in</strong></span> <span class='ocrx_word' id='word_1_271' title='bbox 348 1028 474 1056; x_wconf 91' lang='lat' dir='ltr'><strong>omnibus</strong></span> <span class='ocrx_word' id='word_1_272' title='bbox 484 1028 592 1063; x_wconf 82' lang='lat' dir='ltr'><strong>placere</strong></span> <span class='ocrx_word' id='word_1_273' title='bbox 605 1028 799 1063; x_wconf 57' lang='lat' dir='ltr'><strong>quasiet-imus</strong></span> 
     </span>
    </p>
   </div>
   <div class='ocr_carea' id='block_1_35' title="bbox 15 1073 800 1106">
    <p class='ocr_par' dir='ltr' id='par_1_35' title="bbox 15 1073 800 1106">
     <span class='ocr_line' id='line_1_35' title="bbox 15 1073 800 1106; baseline -0.001 -4"><span class='ocrx_word' id='word_1_274' title='bbox 15 1075 35 1103; x_wconf 87' lang='lat' dir='ltr'><strong>si</strong></span> <span class='ocrx_word' id='word_1_275' title='bbox 48 1082 98 1102; x_wconf 93' lang='lat' dir='ltr'><strong>non</strong></span> <span class='ocrx_word' id='word_1_276' title='bbox 111 1074 139 1102; x_wconf 94' lang='lat' dir='ltr'><strong>in</strong></span> <span class='ocrx_word' id='word_1_277' title='bbox 153 1078 231 1106; x_wconf 90' lang='lat' dir='ltr'><strong>terra,</strong></span> <span class='ocrx_word' id='word_1_278' title='bbox 258 1074 305 1101; x_wconf 91' lang='lat' dir='ltr'><strong>sed</strong></span> <span class='ocrx_word' id='word_1_279' title='bbox 320 1074 347 1101; x_wconf 92' lang='lat' dir='ltr'><strong>in</strong></span> <span class='ocrx_word' id='word_1_280' title='bbox 363 1073 432 1102; x_wconf 64' lang='lat' dir='ltr'><strong>caelo</strong></span> <span class='ocrx_word' id='word_1_281' title='bbox 447 1074 633 1102; x_wconf 81' lang='lat' dir='ltr'><strong>thesaurizare</strong></span> <span class='ocrx_word' id='word_1_282' title='bbox 652 1074 800 1102; x_wconf 89' lang='lat' dir='ltr'><strong>certaveri-</strong></span> 
     </span>
    </p>
   </div>
   <div class='ocr_carea' id='block_1_36' title="bbox 15 1119 803 1156">
    <p class='ocr_par' dir='ltr' id='par_1_36' title="bbox 15 1119 803 1156">
     <span class='ocr_line' id='line_1_36' title="bbox 15 1119 803 1156; baseline -0.003 -8"><span class='ocrx_word' id='word_1_283' title='bbox 15 1128 80 1154; x_wconf 87' lang='lat' dir='ltr'><strong>mus,</strong></span> <span class='ocrx_word' id='word_1_284' title='bbox 94 1124 239 1156; x_wconf 71' lang='lat' dir='ltr'><strong>praestante</strong></span> <span class='ocrx_word' id='word_1_285' title='bbox 256 1119 310 1148; x_wconf 84' lang='lat' dir='ltr'><strong>Deo</strong></span> <span class='ocrx_word' id='word_1_286' title='bbox 326 1124 353 1147; x_wconf 87' lang='lat' dir='ltr'><strong>et</strong></span> <span class='ocrx_word' id='word_1_287' title='bbox 366 1119 480 1147; x_wconf 91' lang='lat' dir='ltr'><strong>Domino</strong></span> <span class='ocrx_word' id='word_1_288' title='bbox 491 1124 594 1154; x_wconf 91' lang='lat' dir='ltr'><strong>nostro,</strong></span> <span class='ocrx_word' id='word_1_289' title='bbox 610 1120 655 1155; x_wconf 88' lang='lat' dir='ltr'><strong>qui</strong></span> <span class='ocrx_word' id='word_1_290' title='bbox 671 1119 698 1146; x_wconf 94' lang='lat' dir='ltr'><strong>in</strong></span> <span class='ocrx_word' id='word_1_291' title='bbox 712 1119 803 1147; x_wconf 79' lang='lat' dir='ltr'><strong>Triui-</strong></span> 
     </span>
    </p>
   </div>
   <div class='ocr_carea' id='block_1_37' title="bbox 13 1165 802 1203">
    <p class='ocr_par' dir='ltr' id='par_1_37' title="bbox 13 1165 802 1203">
     <span class='ocr_line' id='line_1_37' title="bbox 13 1165 802 1203; baseline -0.004 -8"><span class='ocrx_word' id='word_1_292' title='bbox 13 1172 64 1195; x_wconf 90' lang='lat' dir='ltr'><strong>tate</strong></span> <span class='ocrx_word' id='word_1_293' title='bbox 78 1167 198 1203; x_wconf 85' lang='lat' dir='ltr'><strong>perfecta</strong></span> <span class='ocrx_word' id='word_1_294' title='bbox 210 1167 276 1195; x_wconf 82' lang='lat' dir='ltr'><strong>vivit</strong></span> <span class='ocrx_word' id='word_1_295' title='bbox 291 1171 318 1195; x_wconf 87' lang='lat' dir='ltr'><strong>et</strong></span> <span class='ocrx_word' id='word_1_296' title='bbox 333 1170 429 1202; x_wconf 81' lang='lat' dir='ltr'><strong>regnat</strong></span> <span class='ocrx_word' id='word_1_297' title='bbox 443 1167 524 1200; x_wconf 86' lang='lat' dir='ltr'><strong>Deus,</strong></span> <span class='ocrx_word' id='word_1_298' title='bbox 539 1174 588 1202; x_wconf 90' lang='lat' dir='ltr'><strong>per</strong></span> <span class='ocrx_word' id='word_1_299' title='bbox 600 1166 691 1194; x_wconf 91' lang='lat' dir='ltr'><strong>omnia</strong></span> <span class='ocrx_word' id='word_1_300' title='bbox 703 1165 802 1194; x_wconf 63' lang='lat' dir='ltr'><strong>saecula</strong></span> 
     </span>
    </p>
   </div>
   <div class='ocr_carea' id='block_1_38' title="bbox 12 1206 334 1242">
    <p class='ocr_par' dir='ltr' id='par_1_38' title="bbox 12 1206 334 1242">
     <span class='ocr_line' id='line_1_38' title="bbox 12 1206 334 1242; baseline -0.003 -1"><span class='ocrx_word' id='word_1_301' title='bbox 12 1213 180 1242; x_wconf 69' lang='lat' dir='ltr'><strong>saeculorum.</strong></span> <span class='ocrx_word' id='word_1_302' title='bbox 191 1213 288 1241; x_wconf 85' lang='lat' dir='ltr'><strong>Amen.</strong></span> <span class='ocrx_word' id='word_1_303' title='bbox 332 1206 334 1209; x_wconf 68' lang='grc'><strong>’</strong></span> 
     </span>
    </p>
   </div>
   <div class='ocr_carea' id='block_1_39' title="bbox 297 1257 512 1285">
    <p class='ocr_par' dir='ltr' id='par_1_39' title="bbox 297 1257 512 1285">
     <span class='ocr_line' id='line_1_39' title="bbox 297 1257 512 1285; baseline -0.005 0"><span class='ocrx_word' id='word_1_304' title='bbox 297 1257 438 1285; x_wconf 79' lang='lat' dir='ltr'><strong>llOMlLiA</strong></span> <span class='ocrx_word' id='word_1_305' title='bbox 457 1257 512 1285; x_wconf 76' lang='grc' dir='ltr'><strong>γη.</strong></span> 
     </span>
    </p>
   </div>
   <div class='ocr_carea' id='block_1_40' title="bbox 134 1311 677 1333">
    <p class='ocr_par' dir='ltr' id='par_1_40' title="bbox 134 1311 677 1333">
     <span class='ocr_line' id='line_1_40' title="bbox 134 1311 677 1333; baseline -0.006 0"><span class='ocrx_word' id='word_1_306' title='bbox 134 1312 260 1333; x_wconf 75' lang='lat' dir='ltr'><strong>DOIINICA</strong></span> <span class='ocrx_word' id='word_1_307' title='bbox 279 1311 399 1332; x_wconf 74' lang='lat' dir='ltr'><strong>SECUNDA</strong></span> <span class='ocrx_word' id='word_1_308' title='bbox 414 1311 479 1331; x_wconf 80' lang='lat' dir='ltr'><strong>POST</strong></span> <span class='ocrx_word' id='word_1_309' title='bbox 499 1311 677 1331; x_wconf 70' lang='lat' dir='ltr'><strong>TIUNITA&#39;I‘EII.</strong></span> 
     </span>
    </p>
   </div>
   <div class='ocr_carea' id='block_1_41' title="bbox 41 1349 804 1387">
    <p class='ocr_par' dir='ltr' id='par_1_41' title="bbox 41 1349 804 1387">
     <span class='ocr_line' id='line_1_41' title="bbox 41 1349 804 1387; baseline -0.004 -8"><span class='ocrx_word' id='word_1_310' title='bbox 41 1351 113 1380; x_wconf 70' lang='lat' dir='ltr'><strong>Dixit</strong></span> <span class='ocrx_word' id='word_1_311' title='bbox 127 1351 209 1379; x_wconf 83' lang='lat' dir='ltr'><strong>Jesus</strong></span> <span class='ocrx_word' id='word_1_312' title='bbox 229 1351 365 1386; x_wconf 71' lang='lat' dir='ltr'><strong>discipulis</strong></span> <span class='ocrx_word' id='word_1_313' title='bbox 384 1352 438 1379; x_wconf 77' lang='lat' dir='ltr'><strong>suis</strong></span> <span class='ocrx_word' id='word_1_314' title='bbox 452 1350 605 1387; x_wconf 81' lang='lat' dir='ltr'><strong>parabolam</strong></span> <span class='ocrx_word' id='word_1_315' title='bbox 615 1350 682 1378; x_wconf 80' lang='lat' dir='ltr'><strong>hanc</strong></span> <span class='ocrx_word' id='word_1_316' title='bbox 696 1357 705 1377; x_wconf 89' lang='lat'><strong><em>:</em></strong></span> <span class='ocrx_word' id='word_1_317' title='bbox 719 1349 804 1377; x_wconf 85' lang='lat' dir='ltr'><strong>Homo</strong></span> 
     </span>
    </p>
   </div>
   <div class='ocr_carea' id='block_1_42' title="bbox 8 1389 802 1434">
    <p class='ocr_par' dir='ltr' id='par_1_42' title="bbox 8 1389 802 1434">
     <span class='ocr_line' id='line_1_42' title="bbox 8 1389 802 1434; baseline -0.003 -9"><span class='ocrx_word' id='word_1_318' title='bbox 8 1398 114 1433; x_wconf 82' lang='lat' dir='ltr'><strong>quidam</strong></span> <span class='ocrx_word' id='word_1_319' title='bbox 131 1398 192 1433; x_wconf 80' lang='lat' dir='ltr'><strong>fecit</strong></span> <span class='ocrx_word' id='word_1_320' title='bbox 205 1406 304 1426; x_wconf 65' lang='lat' dir='ltr'><strong>canam</strong></span> <span class='ocrx_word' id='word_1_321' title='bbox 317 1406 451 1434; x_wconf 85' lang='lat' dir='ltr'><strong>magnam,</strong></span> <span class='ocrx_word' id='word_1_322' title='bbox 464 1402 489 1424; x_wconf 83' lang='lat' dir='ltr'><strong>et</strong></span> <span class='ocrx_word' id='word_1_323' title='bbox 501 1398 600 1425; x_wconf 80' lang='lat' dir='ltr'><strong>uocauit</strong></span> <span class='ocrx_word' id='word_1_324' title='bbox 616 1389 709 1424; x_wconf 72' lang='lat' dir='ltr'><strong>multos</strong></span> <span class='ocrx_word' id='word_1_325' title='bbox 726 1396 802 1432; x_wconf 81' lang='lat' dir='ltr'><strong>(Luc.</strong></span> 
     </span>
    </p>
   </div>
   <div class='ocr_carea' id='block_1_43' title="bbox 8 1440 805 1482">
    <p class='ocr_par' dir='ltr' id='par_1_43' title="bbox 8 1440 805 1482">
     <span class='ocr_line' id='line_1_43' title="bbox 8 1440 805 1482; baseline -0.001 -9"><span class='ocrx_word' id='word_1_326' title='bbox 8 1446 73 1481; x_wconf 89' lang='lat' dir='ltr'><strong>xiv).</strong></span> <span class='ocrx_word' id='word_1_327' title='bbox 101 1446 131 1474; x_wconf 94' lang='lat' dir='ltr'><strong>In</strong></span> <span class='ocrx_word' id='word_1_328' title='bbox 156 1447 208 1474; x_wconf 85' lang='lat' dir='ltr'><strong>hac</strong></span> <span class='ocrx_word' id='word_1_329' title='bbox 232 1446 372 1482; x_wconf 90' lang='lat' dir='ltr'><strong>parabola,</strong></span> <span class='ocrx_word' id='word_1_330' title='bbox 399 1445 498 1473; x_wconf 84' lang='lat' dir='ltr'><strong>fratres</strong></span> <span class='ocrx_word' id='word_1_331' title='bbox 521 1440 687 1477; x_wconf 76' lang='lat' dir='ltr'><strong>charissimi,</strong></span> <span class='ocrx_word' id='word_1_332' title='bbox 702 1449 805 1479; x_wconf 88' lang='lat' dir='ltr'><strong>septem</strong></span> 
     </span>
    </p>
   </div>
   <div class='ocr_carea' id='block_1_44' title="bbox 10 1491 805 1528">
    <p class='ocr_par' dir='ltr' id='par_1_44' title="bbox 10 1491 805 1528">
     <span class='ocr_line' id='line_1_44' title="bbox 10 1491 805 1528; baseline -0.001 -10"><span class='ocrx_word' id='word_1_333' title='bbox 10 1492 250 1521; x_wconf 78' lang='lat' dir='ltr'><strong>animadvertenda</strong></span> <span class='ocrx_word' id='word_1_334' title='bbox 277 1492 371 1521; x_wconf 73' lang='lat' dir='ltr'><strong>sunt:</strong></span> <span class='ocrx_word' id='word_1_335' title='bbox 390 1491 554 1528; x_wconf 65' lang='lat' dir='ltr'><strong>praeparatio</strong></span> <span class='ocrx_word' id='word_1_336' title='bbox 578 1498 683 1526; x_wconf 73' lang='lat' dir='ltr'><strong>magna:</strong></span> <span class='ocrx_word' id='word_1_337' title='bbox 705 1497 805 1523; x_wconf 69' lang='lat' dir='ltr'><strong>canae,</strong></span> 
     </span>
    </p>
   </div>
   <div class='ocr_carea' id='block_1_45' title="bbox 9 1535 807 1572">
    <p class='ocr_par' dir='ltr' id='par_1_45' title="bbox 9 1535 807 1572">
     <span class='ocr_line' id='line_1_45' title="bbox 9 1535 807 1572; baseline -0.004 -7"><span class='ocrx_word' id='word_1_338' title='bbox 9 1538 157 1566; x_wconf 90' lang='lat' dir='ltr'><strong>multorum</strong></span> <span class='ocrx_word' id='word_1_339' title='bbox 172 1538 307 1572; x_wconf 82' lang='lat' dir='ltr'><strong>invitatio,</strong></span> <span class='ocrx_word' id='word_1_340' title='bbox 324 1537 358 1566; x_wconf 84' lang='lat' dir='ltr'><strong>ad</strong></span> <span class='ocrx_word' id='word_1_341' title='bbox 371 1544 477 1565; x_wconf 63' lang='lat' dir='ltr'><strong>coenam</strong></span> <span class='ocrx_word' id='word_1_342' title='bbox 494 1536 610 1569; x_wconf 89' lang='lat' dir='ltr'><strong>vocatio,</strong></span> <span class='ocrx_word' id='word_1_343' title='bbox 627 1535 807 1571; x_wconf 89' lang='lat' dir='ltr'><strong>quorumdam</strong></span> 
     </span>
    </p>
   </div>
   <div class='ocr_carea' id='block_1_46' title="bbox 9 1579 807 1616">
    <p class='ocr_par' dir='ltr' id='par_1_46' title="bbox 9 1579 807 1616">
     <span class='ocr_line' id='line_1_46' title="bbox 9 1579 807 1616; baseline -0.004 -5"><span class='ocrx_word' id='word_1_344' title='bbox 9 1583 163 1616; x_wconf 61' lang='lat' dir='ltr'><strong>excusatio,</strong></span> <span class='ocrx_word' id='word_1_345' title='bbox 185 1583 299 1611; x_wconf 88' lang='lat' dir='ltr'><strong>aliorum</strong></span> <span class='ocrx_word' id='word_1_346' title='bbox 316 1583 491 1616; x_wconf 84' lang='lat' dir='ltr'><strong>introductio,</strong></span> <span class='ocrx_word' id='word_1_347' title='bbox 507 1579 718 1610; x_wconf 39' lang='lat' dir='ltr'><strong>aliorum‘etiam</strong></span> <span class='ocrx_word' id='word_1_348' title='bbox 732 1588 807 1608; x_wconf 92' lang='lat' dir='ltr'><strong>com—</strong></span> 
     </span>
    </p>
   </div>
   <div class='ocr_carea' id='block_1_47' title="bbox 8 1626 806 1663">
    <p class='ocr_par' dir='ltr' id='par_1_47' title="bbox 8 1626 806 1663">
     <span class='ocr_line' id='line_1_47' title="bbox 8 1626 806 1663; baseline -0.003 -8"><span class='ocrx_word' id='word_1_349' title='bbox 8 1629 102 1663; x_wconf 77' lang='lat' dir='ltr'><strong>iulsio,</strong></span> <span class='ocrx_word' id='word_1_350' title='bbox 120 1629 314 1657; x_wconf 79' lang='lat' dir='ltr'><strong>excusantium</strong></span> <span class='ocrx_word' id='word_1_351' title='bbox 329 1633 431 1656; x_wconf 69' lang='lat' dir='ltr'><strong>aeterna</strong></span> <span class='ocrx_word' id='word_1_352' title='bbox 441 1627 591 1656; x_wconf 85' lang='lat' dir='ltr'><strong>conclusio.</strong></span> <span class='ocrx_word' id='word_1_353' title='bbox 603 1626 688 1654; x_wconf 89' lang='lat' dir='ltr'><strong>Porro</strong></span> <span class='ocrx_word' id='word_1_354' title='bbox 702 1633 806 1662; x_wconf 65' lang='lat' dir='ltr'><strong>praepa-</strong></span> 
     </span>
    </p>
   </div>
   <div class='ocr_carea' id='block_1_48' title="bbox 7 1668 807 1709">
    <p class='ocr_par' dir='ltr' id='par_1_48' title="bbox 7 1668 807 1709">
     <span class='ocr_line' id='line_1_48' title="bbox 7 1668 807 1709; baseline -0.004 -7"><span class='ocrx_word' id='word_1_355' title='bbox 7 1675 72 1702; x_wconf 84' lang='lat' dir='ltr'><strong>&#39;atio</strong></span> <span class='ocrx_word' id='word_1_356' title='bbox 90 1682 201 1709; x_wconf 80' lang='lat' dir='ltr'><strong>magnae</strong></span> <span class='ocrx_word' id='word_1_357' title='bbox 216 1681 302 1702; x_wconf 72' lang='lat' dir='ltr'><strong>coena:</strong></span> <span class='ocrx_word' id='word_1_358' title='bbox 315 1678 356 1702; x_wconf 89' lang='lat' dir='ltr'><strong>est</strong></span> <span class='ocrx_word' id='word_1_359' title='bbox 371 1668 480 1701; x_wconf 61' lang='lat' dir='ltr'><strong>aeternae</strong></span> <span class='ocrx_word' id='word_1_360' title='bbox 490 1673 664 1702; x_wconf 78' lang='lat' dir='ltr'><strong>beatitudinis</strong></span> <span class='ocrx_word' id='word_1_361' title='bbox 679 1680 694 1699; x_wconf 88' lang='lat' dir='ltr'><strong>a</strong></span> <span class='ocrx_word' id='word_1_362' title='bbox 710 1672 807 1700; x_wconf 89' lang='lat' dir='ltr'><strong>consti-</strong></span> 
     </span>
    </p>
   </div>
   <div class='ocr_carea' id='block_1_49' title="bbox 7 1714 807 1754">
    <p class='ocr_par' dir='ltr' id='par_1_49' title="bbox 7 1714 807 1754">
     <span class='ocr_line' id='line_1_49' title="bbox 7 1714 807 1754; baseline -0.003 -8"><span class='ocrx_word' id='word_1_363' title='bbox 7 1714 116 1747; x_wconf 82' lang='lat' dir='ltr'><strong>utione</strong></span> <span class='ocrx_word' id='word_1_364' title='bbox 145 1720 243 1747; x_wconf 87' lang='lat' dir='ltr'><strong>mundi</strong></span> <span class='ocrx_word' id='word_1_365' title='bbox 265 1720 466 1754; x_wconf 85' lang='lat' dir='ltr'><strong>praeordinatio.</strong></span> <span class='ocrx_word' id='word_1_366' title='bbox 484 1718 548 1746; x_wconf 64' lang='lat' dir='ltr'><strong>Hac</strong></span> <span class='ocrx_word' id='word_1_367' title='bbox 566 1723 657 1746; x_wconf 92' lang='lat' dir='ltr'><strong>autem</strong></span> <span class='ocrx_word' id='word_1_368' title='bbox 669 1717 807 1745; x_wconf 88' lang='lat' dir='ltr'><strong>beatitudo</strong></span> 
     </span>
    </p>
   </div>
   <div class='ocr_carea' id='block_1_50' title="bbox 6 1763 808 1794">
    <p class='ocr_par' dir='ltr' id='par_1_50' title="bbox 6 1763 808 1794">
     <span class='ocr_line' id='line_1_50' title="bbox 6 1763 808 1794; baseline -0.004 -1"><span class='ocrx_word' id='word_1_369' title='bbox 6 1766 94 1794; x_wconf 86' lang='lat' dir='ltr'><strong>uultis</strong></span> <span class='ocrx_word' id='word_1_370' title='bbox 112 1766 235 1793; x_wconf 80' lang='lat' dir='ltr'><strong>vocatur</strong></span> <span class='ocrx_word' id='word_1_371' title='bbox 250 1766 415 1794; x_wconf 87' lang='lat' dir='ltr'><strong>nominibus.</strong></span> <span class='ocrx_word' id='word_1_372' title='bbox 431 1765 550 1793; x_wconf 86' lang='lat' dir='ltr'><strong>Vocatur</strong></span> <span class='ocrx_word' id='word_1_373' title='bbox 572 1768 662 1791; x_wconf 87' lang='lat' dir='ltr'><strong>autem</strong></span> <span class='ocrx_word' id='word_1_374' title='bbox 675 1763 719 1791; x_wconf 91' lang='lat' dir='ltr'><strong>hic</strong></span> <span class='ocrx_word' id='word_1_375' title='bbox 730 1770 808 1791; x_wconf 68' lang='lat' dir='ltr'><strong>cinna</strong></span> 
     </span>
    </p>
   </div>
   <div class='ocr_carea' id='block_1_51' title="bbox 6 1809 809 1847">
    <p class='ocr_par' dir='ltr' id='par_1_51' title="bbox 6 1809 809 1847">
     <span class='ocr_line' id='line_1_51' title="bbox 6 1809 809 1847; baseline -0.002 -8"><span class='ocrx_word' id='word_1_376' title='bbox 6 1820 115 1847; x_wconf 70' lang='lat' dir='ltr'><strong>&quot;agna,</strong></span> <span class='ocrx_word' id='word_1_377' title='bbox 131 1812 203 1839; x_wconf 85' lang='lat' dir='ltr'><strong>alibi</strong></span> <span class='ocrx_word' id='word_1_378' title='bbox 215 1819 326 1847; x_wconf 85' lang='lat' dir='ltr'><strong>regnum</strong></span> <span class='ocrx_word' id='word_1_379' title='bbox 342 1811 485 1844; x_wconf 78' lang='lat' dir='ltr'><strong>ccelorum,</strong></span> <span class='ocrx_word' id='word_1_380' title='bbox 502 1810 566 1838; x_wconf 88' lang='lat' dir='ltr'><strong>alibi</strong></span> <span class='ocrx_word' id='word_1_381' title='bbox 579 1810 666 1846; x_wconf 88' lang='lat' dir='ltr'><strong>patria</strong></span> <span class='ocrx_word' id='word_1_382' title='bbox 677 1809 809 1842; x_wconf 84' lang='lat' dir='ltr'><strong>ccelestis,</strong></span> 
     </span>
    </p>
   </div>
   <div class='ocr_carea' id='block_1_52' title="bbox 8 1854 808 1893">
    <p class='ocr_par' dir='ltr' id='par_1_52' title="bbox 8 1854 808 1893">
     <span class='ocr_line' id='line_1_52' title="bbox 8 1854 808 1893; baseline -0.005 -8"><span class='ocrx_word' id='word_1_383' title='bbox 8 1858 59 1885; x_wconf 89' lang='lat' dir='ltr'><strong>libi</strong></span> <span class='ocrx_word' id='word_1_384' title='bbox 76 1857 221 1893; x_wconf 80' lang='lat' dir='ltr'><strong>gaudium</strong></span> <span class='ocrx_word' id='word_1_385' title='bbox 235 1863 377 1891; x_wconf 61' lang='lat' dir='ltr'><strong>mteruum,</strong></span> <span class='ocrx_word' id='word_1_386' title='bbox 392 1856 456 1885; x_wconf 86' lang='lat' dir='ltr'><strong>alibi</strong></span> <span class='ocrx_word' id='word_1_387' title='bbox 470 1857 587 1892; x_wconf 85' lang='lat' dir='ltr'><strong>requies,</strong></span> <span class='ocrx_word' id='word_1_388' title='bbox 606 1859 633 1883; x_wconf 88' lang='lat' dir='ltr'><strong>ct</strong></span> <span class='ocrx_word' id='word_1_389' title='bbox 646 1854 808 1890; x_wconf 68' lang='lat' dir='ltr'><strong>huiusmodi.</strong></span> 
     </span>
    </p>
   </div>
   <div class='ocr_carea' id='block_1_53' title="bbox 8 1901 812 1940">
    <p class='ocr_par' dir='ltr' id='par_1_53' title="bbox 8 1901 812 1940">
     <span class='ocr_line' id='line_1_53' title="bbox 8 1901 812 1940; baseline -0.004 -8"><span class='ocrx_word' id='word_1_390' title='bbox 8 1905 29 1932; x_wconf 72' lang='lat' dir='ltr'><strong>2t</strong></span> <span class='ocrx_word' id='word_1_391' title='bbox 42 1912 139 1940; x_wconf 85' lang='lat' dir='ltr'><strong>quare</strong></span> <span class='ocrx_word' id='word_1_392' title='bbox 155 1905 209 1931; x_wconf 88' lang='lat' dir='ltr'><strong>hoc</strong></span> <span class='ocrx_word' id='word_1_393' title='bbox 224 1904 235 1931; x_wconf 88' lang='lat'><strong>?</strong></span> <span class='ocrx_word' id='word_1_394' title='bbox 249 1903 382 1938; x_wconf 86' lang='lat' dir='ltr'><strong>Quoniam</strong></span> <span class='ocrx_word' id='word_1_395' title='bbox 406 1911 468 1931; x_wconf 91' lang='lat' dir='ltr'><strong>cum</strong></span> <span class='ocrx_word' id='word_1_396' title='bbox 488 1903 628 1931; x_wconf 86' lang='lat' dir='ltr'><strong>beatitudo</strong></span> <span class='ocrx_word' id='word_1_397' title='bbox 640 1902 761 1930; x_wconf 75' lang='lat' dir='ltr'><strong>ctelestis</strong></span> <span class='ocrx_word' id='word_1_398' title='bbox 775 1901 812 1929; x_wconf 86' lang='lat' dir='ltr'><strong>sit</strong></span> 
     </span>
    </p>
   </div>
   <div class='ocr_carea' id='block_1_54' title="bbox 8 1951 812 1987">
    <p class='ocr_par' dir='ltr' id='par_1_54' title="bbox 8 1951 812 1987">
     <span class='ocr_line' id='line_1_54' title="bbox 8 1951 812 1987; baseline -0.004 -7"><span class='ocrx_word' id='word_1_399' title='bbox 8 1958 74 1980; x_wconf 69' lang='lat' dir='ltr'><strong>iuta</strong></span> <span class='ocrx_word' id='word_1_400' title='bbox 92 1957 125 1980; x_wconf 87' lang='lat' dir='ltr'><strong>et</strong></span> <span class='ocrx_word' id='word_1_401' title='bbox 146 1952 222 1986; x_wconf 84' lang='lat' dir='ltr'><strong>talis,</strong></span> <span class='ocrx_word' id='word_1_402' title='bbox 238 1960 319 1987; x_wconf 91' lang='lat' dir='ltr'><strong>quam</strong></span> <span class='ocrx_word' id='word_1_403' title='bbox 345 1960 390 1979; x_wconf 85' lang='lat' dir='ltr'><strong>nec</strong></span> <span class='ocrx_word' id='word_1_404' title='bbox 414 1951 505 1979; x_wconf 84' lang='lat' dir='ltr'><strong>oculus</strong></span> <span class='ocrx_word' id='word_1_405' title='bbox 523 1951 599 1984; x_wconf 81' lang='lat' dir='ltr'><strong>uidit,</strong></span> <span class='ocrx_word' id='word_1_406' title='bbox 618 1959 665 1978; x_wconf 78' lang='lat' dir='ltr'><strong>nec</strong></span> <span class='ocrx_word' id='word_1_407' title='bbox 676 1951 750 1978; x_wconf 79' lang='lat' dir='ltr'><strong>auris</strong></span> <span class='ocrx_word' id='word_1_408' title='bbox 763 1958 812 1978; x_wconf 82' lang='lat' dir='ltr'><strong>au-</strong></span> 
     </span>
    </p>
   </div>
   <div class='ocr_carea' id='block_1_55' title="bbox 14 1996 810 2033">
    <p class='ocr_par' dir='ltr' id='par_1_55' title="bbox 14 1996 810 2033">
     <span class='ocr_line' id='line_1_55' title="bbox 14 1996 810 2033; baseline -0.001 -8"><span class='ocrx_word' id='word_1_409' title='bbox 14 1999 74 2032; x_wconf 83' lang='lat' dir='ltr'><strong>ivit,</strong></span> <span class='ocrx_word' id='word_1_410' title='bbox 92 2007 146 2025; x_wconf 83' lang='lat' dir='ltr'><strong>nec</strong></span> <span class='ocrx_word' id='word_1_411' title='bbox 168 1998 197 2025; x_wconf 86' lang='lat' dir='ltr'><strong>in</strong></span> <span class='ocrx_word' id='word_1_412' title='bbox 209 2006 254 2025; x_wconf 88' lang='lat' dir='ltr'><strong>cor</strong></span> <span class='ocrx_word' id='word_1_413' title='bbox 268 1998 381 2025; x_wconf 78' lang='lat' dir='ltr'><strong>hominis</strong></span> <span class='ocrx_word' id='word_1_414' title='bbox 394 1998 511 2025; x_wconf 70' lang='lat' dir='ltr'><strong>ascendit</strong></span> <span class='ocrx_word' id='word_1_415' title='bbox 528 1997 608 2033; x_wconf 79' lang='lat' dir='ltr'><strong>(lsai.</strong></span> <span class='ocrx_word' id='word_1_416' title='bbox 627 2005 704 2030; x_wconf 75' lang='lat' dir='ltr'><strong>LXIV;</strong></span> <span class='ocrx_word' id='word_1_417' title='bbox 719 1997 731 2024; x_wconf 83' lang='lat' dir='ltr'><strong>l</strong></span> <span class='ocrx_word' id='word_1_418' title='bbox 748 1996 810 2024; x_wconf 87' lang='lat' dir='ltr'><strong>Cor.</strong></span> 
     </span>
    </p>
   </div>
   <div class='ocr_carea' id='block_1_56' title="bbox 8 2043 814 2081">
    <p class='ocr_par' dir='ltr' id='par_1_56' title="bbox 8 2043 814 2081">
     <span class='ocr_line' id='line_1_56' title="bbox 8 2043 814 2081; baseline -0.002 -10"><span class='ocrx_word' id='word_1_419' title='bbox 8 2046 36 2081; x_wconf 70' lang='grc' dir='ltr'><strong>ι),</strong></span> <span class='ocrx_word' id='word_1_420' title='bbox 52 2051 130 2078; x_wconf 89' lang='lat' dir='ltr'><strong>ctc.,</strong></span> <span class='ocrx_word' id='word_1_421' title='bbox 164 2045 238 2073; x_wconf 90' lang='lat' dir='ltr'><strong>sicut</strong></span> <span class='ocrx_word' id='word_1_422' title='bbox 251 2045 387 2073; x_wconf 89' lang='lat' dir='ltr'><strong>humanus</strong></span> <span class='ocrx_word' id='word_1_423' title='bbox 399 2045 507 2072; x_wconf 88' lang='lat' dir='ltr'><strong>animus</strong></span> <span class='ocrx_word' id='word_1_424' title='bbox 525 2052 578 2072; x_wconf 90' lang='lat' dir='ltr'><strong>non</strong></span> <span class='ocrx_word' id='word_1_425' title='bbox 594 2048 685 2079; x_wconf 88' lang='lat' dir='ltr'><strong>potest</strong></span> <span class='ocrx_word' id='word_1_426' title='bbox 698 2051 758 2070; x_wconf 83' lang='lat' dir='ltr'><strong>eam</strong></span> <span class='ocrx_word' id='word_1_427' title='bbox 772 2043 814 2070; x_wconf 88' lang='lat' dir='ltr'><strong>in-</strong></span> 
     </span>
    </p>
   </div>
   <div class='ocr_carea' id='block_1_57' title="bbox 9 2089 814 2127">
    <p class='ocr_par' dir='ltr' id='par_1_57' title="bbox 9 2089 814 2127">
     <span class='ocr_line' id='line_1_57' title="bbox 9 2089 814 2127; baseline -0.002 -9"><span class='ocrx_word' id='word_1_428' title='bbox 9 2092 142 2127; x_wconf 66' lang='lat' dir='ltr'><strong>slligere,</strong></span> <span class='ocrx_word' id='word_1_429' title='bbox 165 2091 205 2118; x_wconf 86' lang='lat' dir='ltr'><strong>ita</strong></span> <span class='ocrx_word' id='word_1_430' title='bbox 219 2099 269 2118; x_wconf 89' lang='lat' dir='ltr'><strong>nec</strong></span> <span class='ocrx_word' id='word_1_431' title='bbox 290 2092 408 2118; x_wconf 89' lang='lat' dir='ltr'><strong>humana</strong></span> <span class='ocrx_word' id='word_1_432' title='bbox 423 2091 503 2120; x_wconf 88' lang='lat' dir='ltr'><strong>verba</strong></span> <span class='ocrx_word' id='word_1_433' title='bbox 518 2098 578 2118; x_wconf 88' lang='lat' dir='ltr'><strong>eam</strong></span> <span class='ocrx_word' id='word_1_434' title='bbox 601 2094 715 2124; x_wconf 88' lang='lat' dir='ltr'><strong>possunt</strong></span> <span class='ocrx_word' id='word_1_435' title='bbox 729 2089 814 2125; x_wconf 83' lang='lat' dir='ltr'><strong>signi-</strong></span> 
     </span>
    </p>
   </div>
   <div class='ocr_carea' id='block_1_58' title="bbox 10 2136 815 2172">
    <p class='ocr_par' dir='ltr' id='par_1_58' title="bbox 10 2136 815 2172">
     <span class='ocr_line' id='line_1_58' title="bbox 10 2136 815 2172; baseline -0.001 -8"><span class='ocrx_word' id='word_1_436' title='bbox 10 2145 95 2165; x_wconf 88' lang='lat' dir='ltr'><strong>care.</strong></span> <span class='ocrx_word' id='word_1_437' title='bbox 113 2137 204 2165; x_wconf 90' lang='lat' dir='ltr'><strong>Sicut</strong></span> <span class='ocrx_word' id='word_1_438' title='bbox 214 2137 286 2164; x_wconf 90' lang='lat' dir='ltr'><strong>enim</strong></span> <span class='ocrx_word' id='word_1_439' title='bbox 301 2137 481 2172; x_wconf 72' lang='lat' dir='ltr'><strong>magnitudini</strong></span> <span class='ocrx_word' id='word_1_440' title='bbox 493 2136 531 2164; x_wconf 92' lang='lat' dir='ltr'><strong>rei</strong></span> <span class='ocrx_word' id='word_1_441' title='bbox 543 2136 696 2164; x_wconf 88' lang='lat' dir='ltr'><strong>succumbit</strong></span> <span class='ocrx_word' id='word_1_442' title='bbox 710 2136 815 2164; x_wconf 87' lang='lat' dir='ltr'><strong>intelle-</strong></span> 
     </span>
    </p>
   </div>
   <div class='ocr_carea' id='block_1_59' title="bbox 8 2183 815 2219">
    <p class='ocr_par' dir='ltr' id='par_1_59' title="bbox 8 2183 815 2219">
     <span class='ocr_line' id='line_1_59' title="bbox 8 2183 815 2219; baseline -0.001 -8"><span class='ocrx_word' id='word_1_443' title='bbox 8 2189 66 2216; x_wconf 87' lang='lat' dir='ltr'><strong>lus,</strong></span> <span class='ocrx_word' id='word_1_444' title='bbox 87 2184 131 2211; x_wconf 85' lang='lat' dir='ltr'><strong>ita</strong></span> <span class='ocrx_word' id='word_1_445' title='bbox 146 2191 211 2211; x_wconf 88' lang='lat' dir='ltr'><strong>rem</strong></span> <span class='ocrx_word' id='word_1_446' title='bbox 225 2188 255 2211; x_wconf 90' lang='lat' dir='ltr'><strong>ut</strong></span> <span class='ocrx_word' id='word_1_447' title='bbox 266 2189 316 2216; x_wconf 90' lang='lat' dir='ltr'><strong>est,</strong></span> <span class='ocrx_word' id='word_1_448' title='bbox 327 2185 409 2211; x_wconf 90' lang='lat' dir='ltr'><strong>verba</strong></span> <span class='ocrx_word' id='word_1_449' title='bbox 417 2192 471 2211; x_wconf 90' lang='lat' dir='ltr'><strong>non</strong></span> <span class='ocrx_word' id='word_1_450' title='bbox 484 2183 629 2219; x_wconf 87' lang='lat' dir='ltr'><strong>explicant.</strong></span> <span class='ocrx_word' id='word_1_451' title='bbox 645 2183 714 2217; x_wconf 86' lang='lat' dir='ltr'><strong>Quia</strong></span> <span class='ocrx_word' id='word_1_452' title='bbox 726 2189 815 2211; x_wconf 87' lang='lat' dir='ltr'><strong>tamen</strong></span> 
     </span>
    </p>
   </div>
   <div class='ocr_carea' id='block_1_60' title="bbox 6 2230 816 2266">
    <p class='ocr_par' dir='ltr' id='par_1_60' title="bbox 6 2230 816 2266">
     <span class='ocr_line' id='line_1_60' title="bbox 6 2230 816 2266; baseline -0.002 -8"><span class='ocrx_word' id='word_1_453' title='bbox 6 2238 116 2259; x_wconf 84' lang='lat' dir='ltr'><strong>ecesse</strong></span> <span class='ocrx_word' id='word_1_454' title='bbox 150 2234 222 2258; x_wconf 85' lang='lat' dir='ltr'><strong>erat</strong></span> <span class='ocrx_word' id='word_1_455' title='bbox 244 2230 335 2258; x_wconf 81' lang='lat' dir='ltr'><strong>nobis</strong></span> <span class='ocrx_word' id='word_1_456' title='bbox 350 2237 410 2258; x_wconf 83' lang='lat' dir='ltr'><strong>eam</strong></span> <span class='ocrx_word' id='word_1_457' title='bbox 428 2235 565 2265; x_wconf 90' lang='lat' dir='ltr'><strong>utcunque</strong></span> <span class='ocrx_word' id='word_1_458' title='bbox 591 2230 753 2266; x_wconf 75' lang='lat' dir='ltr'><strong>signiﬁcari,</strong></span> <span class='ocrx_word' id='word_1_459' title='bbox 767 2237 816 2256; x_wconf 83' lang='lat' dir='ltr'><strong>nec</strong></span> 
     </span>
    </p>
   </div>
   <div class='ocr_carea' id='block_1_61' title="bbox 7 2276 816 2312">
    <p class='ocr_par' dir='ltr' id='par_1_61' title="bbox 7 2276 816 2312">
     <span class='ocr_line' id='line_1_61' title="bbox 7 2276 816 2312; baseline -0.004 -7"><span class='ocrx_word' id='word_1_460' title='bbox 7 2285 40 2305; x_wconf 92' lang='lat' dir='ltr'><strong>os</strong></span> <span class='ocrx_word' id='word_1_461' title='bbox 55 2278 206 2306; x_wconf 84' lang='lat' dir='ltr'><strong>homines</strong></span> <span class='ocrx_word' id='word_1_462' title='bbox 218 2281 387 2312; x_wconf 86' lang='lat' dir='ltr'><strong>poteramus,</strong></span> <span class='ocrx_word' id='word_1_463' title='bbox 415 2277 467 2305; x_wconf 87' lang='lat' dir='ltr'><strong>nisi</strong></span> <span class='ocrx_word' id='word_1_464' title='bbox 493 2285 541 2312; x_wconf 89' lang='lat' dir='ltr'><strong>per</strong></span> <span class='ocrx_word' id='word_1_465' title='bbox 559 2277 677 2304; x_wconf 87' lang='lat' dir='ltr'><strong>humana</strong></span> <span class='ocrx_word' id='word_1_466' title='bbox 695 2276 776 2303; x_wconf 86' lang='lat' dir='ltr'><strong>verba</strong></span> <span class='ocrx_word' id='word_1_467' title='bbox 788 2279 816 2303; x_wconf 88' lang='lat' dir='ltr'><strong>et</strong></span> 
     </span>
    </p>
   </div>
   <div class='ocr_carea' id='block_1_62' title="bbox 4 2322 815 2360">
    <p class='ocr_par' dir='ltr' id='par_1_62' title="bbox 4 2322 815 2360">
     <span class='ocr_line' id='line_1_62' title="bbox 4 2322 815 2360; baseline -0.005 -8"><span class='ocrx_word' id='word_1_468' title='bbox 4 2325 163 2360; x_wconf 78' lang='lat' dir='ltr'><strong>itelligere</strong></span> <span class='ocrx_word' id='word_1_469' title='bbox 193 2327 224 2351; x_wconf 88' lang='lat' dir='ltr'><strong>et</strong></span> <span class='ocrx_word' id='word_1_470' title='bbox 236 2322 304 2357; x_wconf 88' lang='lat' dir='ltr'><strong>fari;</strong></span> <span class='ocrx_word' id='word_1_471' title='bbox 325 2323 484 2351; x_wconf 87' lang='lat' dir='ltr'><strong>nominatur</strong></span> <span class='ocrx_word' id='word_1_472' title='bbox 499 2323 594 2351; x_wconf 79' lang='lat' dir='ltr'><strong>eadem</strong></span> <span class='ocrx_word' id='word_1_473' title='bbox 615 2323 754 2350; x_wconf 90' lang='lat' dir='ltr'><strong>beatitudo</strong></span> <span class='ocrx_word' id='word_1_474' title='bbox 766 2328 815 2348; x_wconf 93' lang='lat' dir='ltr'><strong>uo—</strong></span> 
     </span>
    </p>
   </div>
   <div class='ocr_carea' id='block_1_63' title="bbox 4 2369 816 2405">
    <p class='ocr_par' dir='ltr' id='par_1_63' title="bbox 4 2369 816 2405">
     <span class='ocr_line' id='line_1_63' title="bbox 4 2369 816 2405; baseline -0.004 -7"><span class='ocrx_word' id='word_1_475' title='bbox 4 2371 119 2399; x_wconf 83' lang='lat' dir='ltr'><strong>tiuibus</strong></span> <span class='ocrx_word' id='word_1_476' title='bbox 136 2369 256 2402; x_wconf 89' lang='lat' dir='ltr'><strong>multis,</strong></span> <span class='ocrx_word' id='word_1_477' title='bbox 271 2370 400 2397; x_wconf 90' lang='lat' dir='ltr'><strong>mutuatis</strong></span> <span class='ocrx_word' id='word_1_478' title='bbox 414 2373 440 2397; x_wconf 84' lang='lat' dir='ltr'><strong>et</strong></span> <span class='ocrx_word' id='word_1_479' title='bbox 458 2369 625 2405; x_wconf 87' lang='lat' dir='ltr'><strong>impropriis,</strong></span> <span class='ocrx_word' id='word_1_480' title='bbox 636 2373 664 2396; x_wconf 88' lang='lat' dir='ltr'><strong>et</strong></span> <span class='ocrx_word' id='word_1_481' title='bbox 681 2373 816 2403; x_wconf 83' lang='lat' dir='ltr'><strong>tempora-</strong></span> 
     </span>
    </p>
   </div>
   <div class='ocr_carea' id='block_1_64' title="bbox 7 2412 817 2452">
    <p class='ocr_par' dir='ltr' id='par_1_64' title="bbox 7 2412 817 2452">
     <span class='ocr_line' id='line_1_64' title="bbox 7 2412 817 2452; baseline -0.005 -8"><span class='ocrx_word' id='word_1_482' title='bbox 7 2426 35 2444; x_wconf 84' lang='lat' dir='ltr'><strong>III</strong></span> <span class='ocrx_word' id='word_1_483' title='bbox 56 2415 308 2452; x_wconf 79' lang='lat' dir='ltr'><strong>significantibus</strong></span> <span class='ocrx_word' id='word_1_484' title='bbox 321 2415 496 2450; x_wconf 84' lang='lat' dir='ltr'><strong>voluptatem.</strong></span> <span class='ocrx_word' id='word_1_485' title='bbox 519 2415 609 2442; x_wconf 81' lang='lat' dir='ltr'><strong>Multis</strong></span> <span class='ocrx_word' id='word_1_486' title='bbox 622 2419 713 2441; x_wconf 82' lang='lat' dir='ltr'><strong>autem</strong></span> <span class='ocrx_word' id='word_1_487' title='bbox 730 2412 817 2441; x_wconf 91' lang='lat' dir='ltr'><strong>nomi-</strong></span> 
     </span>
    </p>
   </div>
   <div class='ocr_carea' id='block_1_65' title="bbox 4 2460 815 2498">
    <p class='ocr_par' dir='ltr' id='par_1_65' title="bbox 4 2460 815 2498">
     <span class='ocr_line' id='line_1_65' title="bbox 4 2460 815 2498; baseline -0.002 -8"><span class='ocrx_word' id='word_1_488' title='bbox 4 2466 68 2492; x_wconf 70' lang='lat' dir='ltr'><strong>.bus</strong></span> <span class='ocrx_word' id='word_1_489' title='bbox 85 2464 161 2492; x_wconf 87' lang='lat' dir='ltr'><strong>ideo</strong></span> <span class='ocrx_word' id='word_1_490' title='bbox 184 2462 373 2498; x_wconf 81' lang='lat' dir='ltr'><strong>signiﬁcatur,</strong></span> <span class='ocrx_word' id='word_1_491' title='bbox 396 2466 426 2489; x_wconf 90' lang='lat' dir='ltr'><strong>ut</strong></span> <span class='ocrx_word' id='word_1_492' title='bbox 443 2461 594 2497; x_wconf 86' lang='lat' dir='ltr'><strong>proprietas</strong></span> <span class='ocrx_word' id='word_1_493' title='bbox 607 2466 715 2489; x_wconf 65' lang='lat' dir='ltr'><strong>aeternae</strong></span> <span class='ocrx_word' id='word_1_494' title='bbox 729 2460 815 2488; x_wconf 90' lang='lat' dir='ltr'><strong>beati-</strong></span> 
     </span>
    </p>
   </div>
   <div class='ocr_carea' id='block_1_66' title="bbox 8 2506 818 2545">
    <p class='ocr_par' dir='ltr' id='par_1_66' title="bbox 8 2506 818 2545">
     <span class='ocr_line' id='line_1_66' title="bbox 8 2506 818 2545; baseline -0.005 -8"><span class='ocrx_word' id='word_1_495' title='bbox 8 2509 93 2537; x_wconf 84' lang='lat' dir='ltr'><strong>dinis</strong></span> <span class='ocrx_word' id='word_1_496' title='bbox 108 2516 187 2545; x_wconf 74' lang='lat' dir='ltr'><strong>qua:</strong></span> <span class='ocrx_word' id='word_1_497' title='bbox 204 2515 262 2535; x_wconf 87' lang='lat' dir='ltr'><strong>non</strong></span> <span class='ocrx_word' id='word_1_498' title='bbox 277 2508 447 2543; x_wconf 85' lang='lat' dir='ltr'><strong>signiﬁcatur</strong></span> <span class='ocrx_word' id='word_1_499' title='bbox 460 2507 569 2534; x_wconf 91' lang='lat' dir='ltr'><strong>nomine</strong></span> <span class='ocrx_word' id='word_1_500' title='bbox 583 2515 637 2535; x_wconf 92' lang='lat' dir='ltr'><strong>uno</strong></span> <span class='ocrx_word' id='word_1_501' title='bbox 648 2506 818 2543; x_wconf 83' lang='lat' dir='ltr'><strong>signiﬁcetur</strong></span> 
     </span>
    </p>
   </div>
   <div class='ocr_carea' id='block_1_67' title="bbox 4 2553 817 2589">
    <p class='ocr_par' dir='ltr' id='par_1_67' title="bbox 4 2553 817 2589">
     <span class='ocr_line' id='line_1_67' title="bbox 4 2553 817 2589; baseline -0.004 -6"><span class='ocrx_word' id='word_1_502' title='bbox 4 2556 48 2583; x_wconf 88' lang='lat' dir='ltr'><strong>io.</strong></span> <span class='ocrx_word' id='word_1_503' title='bbox 70 2556 106 2584; x_wconf 84' lang='lat' dir='ltr'><strong>Si</strong></span> <span class='ocrx_word' id='word_1_504' title='bbox 124 2556 220 2583; x_wconf 89' lang='lat' dir='ltr'><strong>enim</strong></span> <span class='ocrx_word' id='word_1_505' title='bbox 235 2562 289 2582; x_wconf 90' lang='lat' dir='ltr'><strong>uno</strong></span> <span class='ocrx_word' id='word_1_506' title='bbox 302 2554 411 2582; x_wconf 91' lang='lat' dir='ltr'><strong>nomine</strong></span> <span class='ocrx_word' id='word_1_507' title='bbox 424 2558 514 2589; x_wconf 89' lang='lat' dir='ltr'><strong>posset</strong></span> <span class='ocrx_word' id='word_1_508' title='bbox 525 2553 648 2589; x_wconf 82' lang='lat' dir='ltr'><strong>plenarie</strong></span> <span class='ocrx_word' id='word_1_509' title='bbox 658 2553 817 2589; x_wconf 86' lang='lat' dir='ltr'><strong>signiﬁcari,</strong></span> 
     </span>
    </p>
   </div>
   <div class='ocr_carea' id='block_1_68' title="bbox 4 2600 817 2635">
    <p class='ocr_par' dir='ltr' id='par_1_68' title="bbox 4 2600 817 2635">
     <span class='ocr_line' id='line_1_68' title="bbox 4 2600 817 2635; baseline -0.004 -6"><span class='ocrx_word' id='word_1_510' title='bbox 4 2611 32 2631; x_wconf 69' lang='lat' dir='ltr'><strong>in</strong></span> <span class='ocrx_word' id='word_1_511' title='bbox 52 2610 198 2632; x_wconf 79' lang='lat' dir='ltr'><strong>necesse</strong></span> <span class='ocrx_word' id='word_1_512' title='bbox 215 2606 291 2629; x_wconf 87' lang='lat' dir='ltr'><strong>esset</strong></span> <span class='ocrx_word' id='word_1_513' title='bbox 305 2609 365 2629; x_wconf 89' lang='lat' dir='ltr'><strong>eam</strong></span> <span class='ocrx_word' id='word_1_514' title='bbox 381 2600 474 2629; x_wconf 89' lang='lat' dir='ltr'><strong>multis</strong></span> <span class='ocrx_word' id='word_1_515' title='bbox 496 2600 651 2628; x_wconf 91' lang='lat' dir='ltr'><strong>nominibus</strong></span> <span class='ocrx_word' id='word_1_516' title='bbox 669 2600 817 2635; x_wconf 83' lang='lat' dir='ltr'><strong>designari.</strong></span> 
     </span>
    </p>
   </div>
   <div class='ocr_carea' id='block_1_69' title="bbox 4 2642 818 2685">
    <p class='ocr_par' dir='ltr' id='par_1_69' title="bbox 4 2642 818 2685">
     <span class='ocr_line' id='line_1_69' title="bbox 4 2642 818 2685; baseline -0.004 -9"><span class='ocrx_word' id='word_1_517' title='bbox 4 2651 145 2683; x_wconf 79' lang='lat' dir='ltr'><strong>utuatis;</strong></span> <span class='ocrx_word' id='word_1_518' title='bbox 165 2642 246 2685; x_wconf 84' lang='lat' dir='ltr'><strong>quia</strong></span> <span class='ocrx_word' id='word_1_519' title='bbox 258 2648 348 2675; x_wconf 91' lang='lat' dir='ltr'><strong>omnia</strong></span> <span class='ocrx_word' id='word_1_520' title='bbox 365 2648 415 2676; x_wconf 92' lang='lat' dir='ltr'><strong>ista</strong></span> <span class='ocrx_word' id='word_1_521' title='bbox 427 2648 547 2681; x_wconf 88' lang='lat' dir='ltr'><strong>nomina,</strong></span> <span class='ocrx_word' id='word_1_522' title='bbox 564 2647 712 2680; x_wconf 87' lang='lat' dir='ltr'><strong>beatitudo,</strong></span> <span class='ocrx_word' id='word_1_523' title='bbox 728 2654 818 2679; x_wconf 84' lang='lat' dir='ltr'><strong>coena,</strong></span> 
     </span>
    </p>
   </div>
   <div class='ocr_carea' id='block_1_70' title="bbox 4 2691 821 2731">
    <p class='ocr_par' dir='ltr' id='par_1_70' title="bbox 4 2691 821 2731">
     <span class='ocr_line' id='line_1_70' title="bbox 4 2691 821 2731; baseline -0.005 -8"><span class='ocrx_word' id='word_1_524' title='bbox 4 2704 106 2731; x_wconf 85' lang='lat' dir='ltr'><strong>gnum</strong></span> <span class='ocrx_word' id='word_1_525' title='bbox 137 2693 305 2727; x_wconf 58' lang='lat' dir='ltr'><strong>caelorum,</strong></span> <span class='ocrx_word' id='word_1_526' title='bbox 325 2694 411 2729; x_wconf 87' lang='lat' dir='ltr'><strong>patria</strong></span> <span class='ocrx_word' id='word_1_527' title='bbox 429 2693 559 2727; x_wconf 79' lang='lat' dir='ltr'><strong>ctelestis,</strong></span> <span class='ocrx_word' id='word_1_528' title='bbox 578 2697 606 2721; x_wconf 92' lang='lat' dir='ltr'><strong>et</strong></span> <span class='ocrx_word' id='word_1_529' title='bbox 618 2692 772 2727; x_wconf 75' lang='lat' dir='ltr'><strong>huiusmodi</strong></span> <span class='ocrx_word' id='word_1_530' title='bbox 787 2691 821 2719; x_wconf 87' lang='lat' dir='ltr'><strong>de</strong></span> 
     </span>
    </p>
   </div>
   <div class='ocr_carea' id='block_1_71' title="bbox 4 2739 821 2776">
    <p class='ocr_par' dir='ltr' id='par_1_71' title="bbox 4 2739 821 2776">
     <span class='ocr_line' id='line_1_71' title="bbox 4 2739 821 2776; baseline -0.002 -8"><span class='ocrx_word' id='word_1_531' title='bbox 4 2741 214 2776; x_wconf 78' lang='lat' dir='ltr'><strong>tiiporalibus</strong></span> <span class='ocrx_word' id='word_1_532' title='bbox 240 2739 273 2766; x_wconf 87' lang='lat' dir='ltr'><strong>ad</strong></span> <span class='ocrx_word' id='word_1_533' title='bbox 288 2744 388 2768; x_wconf 62' lang='lat' dir='ltr'><strong>aeterna</strong></span> <span class='ocrx_word' id='word_1_534' title='bbox 408 2741 536 2768; x_wconf 86' lang='lat' dir='ltr'><strong>translata</strong></span> <span class='ocrx_word' id='word_1_535' title='bbox 550 2744 624 2774; x_wconf 90' lang='lat' dir='ltr'><strong>sunt,</strong></span> <span class='ocrx_word' id='word_1_536' title='bbox 636 2748 697 2767; x_wconf 91' lang='lat' dir='ltr'><strong>cum</strong></span> <span class='ocrx_word' id='word_1_537' title='bbox 711 2746 821 2774; x_wconf 82' lang='lat' dir='ltr'><strong>compa—</strong></span> 
     </span>
    </p>
   </div>
   <div class='ocr_carea' id='block_1_72' title="bbox 5 2784 819 2823">
    <p class='ocr_par' dir='ltr' id='par_1_72' title="bbox 5 2784 819 2823">
     <span class='ocr_line' id='line_1_72' title="bbox 5 2784 819 2823; baseline -0.005 -7"><span class='ocrx_word' id='word_1_538' title='bbox 5 2789 49 2817; x_wconf 92' lang='lat' dir='ltr'><strong>tio</strong></span> <span class='ocrx_word' id='word_1_539' title='bbox 69 2786 305 2823; x_wconf 72' lang='lat' dir='ltr'><strong>temporalium</strong></span> <span class='ocrx_word' id='word_1_540' title='bbox 318 2786 352 2813; x_wconf 90' lang='lat' dir='ltr'><strong>ad</strong></span> <span class='ocrx_word' id='word_1_541' title='bbox 373 2791 475 2814; x_wconf 65' lang='lat' dir='ltr'><strong>aeterna</strong></span> <span class='ocrx_word' id='word_1_542' title='bbox 500 2786 571 2814; x_wconf 92' lang='lat' dir='ltr'><strong>nulla</strong></span> <span class='ocrx_word' id='word_1_543' title='bbox 587 2787 632 2814; x_wconf 91' lang='lat' dir='ltr'><strong>sit.</strong></span> <span class='ocrx_word' id='word_1_544' title='bbox 646 2784 819 2821; x_wconf 87' lang='lat' dir='ltr'><strong>Impropriis;</strong></span> 
     </span>
    </p>
   </div>
   <div class='ocr_carea' id='block_1_73' title="bbox 9 2833 822 2868">
    <p class='ocr_par' dir='ltr' id='par_1_73' title="bbox 9 2833 822 2868">
     <span class='ocr_line' id='line_1_73' title="bbox 9 2833 822 2868; baseline -0.006 -6"><span class='ocrx_word' id='word_1_545' title='bbox 9 2835 39 2862; x_wconf 87' lang='lat' dir='ltr'><strong>ia</strong></span> <span class='ocrx_word' id='word_1_546' title='bbox 60 2835 111 2863; x_wconf 88' lang='lat' dir='ltr'><strong>rei</strong></span> <span class='ocrx_word' id='word_1_547' title='bbox 127 2834 300 2862; x_wconf 83' lang='lat' dir='ltr'><strong>veritatem</strong></span> <span class='ocrx_word' id='word_1_548' title='bbox 317 2840 370 2860; x_wconf 94' lang='lat' dir='ltr'><strong>non</strong></span> <span class='ocrx_word' id='word_1_549' title='bbox 385 2833 549 2868; x_wconf 87' lang='lat' dir='ltr'><strong>exprimunt,</strong></span> <span class='ocrx_word' id='word_1_550' title='bbox 567 2833 615 2860; x_wconf 90' lang='lat' dir='ltr'><strong>sed</strong></span> <span class='ocrx_word' id='word_1_551' title='bbox 625 2837 763 2866; x_wconf 85' lang='lat' dir='ltr'><strong>utcunque</strong></span> <span class='ocrx_word' id='word_1_552' title='bbox 773 2837 822 2866; x_wconf 85' lang='lat' dir='ltr'><strong>per</strong></span> 
     </span>
    </p>
   </div>
   <div class='ocr_carea' id='block_1_74' title="bbox 4 2872 822 2915">
    <p class='ocr_par' dir='ltr' id='par_1_74' title="bbox 4 2872 822 2915">
     <span class='ocr_line' id='line_1_74' title="bbox 4 2872 822 2915; baseline -0.006 -6"><span class='ocrx_word' id='word_1_553' title='bbox 4 2881 226 2910; x_wconf 87' lang='lat' dir='ltr'><strong>nilitudinem</strong></span> <span class='ocrx_word' id='word_1_554' title='bbox 249 2872 383 2907; x_wconf 44' lang='lat' dir='ltr'><strong>innuunt.‘</strong></span> <span class='ocrx_word' id='word_1_555' title='bbox 401 2872 587 2915; x_wconf 86' lang='lat' dir='ltr'><strong>Temporalem</strong></span> <span class='ocrx_word' id='word_1_556' title='bbox 607 2878 822 2914; x_wconf 80' lang='lat' dir='ltr'><strong>signiﬁcantibus</strong></span> 
     </span>
    </p>
   </div>
   <div class='ocr_carea' id='block_1_75' title="bbox 4 2924 822 2964">
    <p class='ocr_par' dir='ltr' id='par_1_75' title="bbox 4 2924 822 2964">
     <span class='ocr_line' id='line_1_75' title="bbox 4 2924 822 2964; baseline -0.007 -9"><span class='ocrx_word' id='word_1_557' title='bbox 4 2929 92 2964; x_wconf 86' lang='lat' dir='ltr'><strong>lupta</strong></span> <span class='ocrx_word' id='word_1_558' title='bbox 100 2934 188 2960; x_wconf 88' lang='lat' dir='ltr'><strong>tem,</strong></span> <span class='ocrx_word' id='word_1_559' title='bbox 220 2930 257 2953; x_wconf 87' lang='lat' dir='ltr'><strong>ut</strong></span> <span class='ocrx_word' id='word_1_560' title='bbox 276 2933 323 2959; x_wconf 80' lang='lat' dir='ltr'><strong>per</strong></span> <span class='ocrx_word' id='word_1_561' title='bbox 339 2926 501 2961; x_wconf 82' lang='lat' dir='ltr'><strong>temporales</strong></span> <span class='ocrx_word' id='word_1_562' title='bbox 517 2927 668 2960; x_wconf 86' lang='lat' dir='ltr'><strong>voluptates</strong></span> <span class='ocrx_word' id='word_1_563' title='bbox 687 2932 747 2960; x_wconf 74' lang='lat' dir='ltr'><strong>quze</strong></span> <span class='ocrx_word' id='word_1_564' title='bbox 761 2924 822 2950; x_wconf 82' lang='lat' dir='ltr'><strong>bre-</strong></span> 
     </span>
    </p>
   </div>
   <div class='ocr_carea' id='block_1_76' title="bbox 4 2972 821 3008">
    <p class='ocr_par' dir='ltr' id='par_1_76' title="bbox 4 2972 821 3008">
     <span class='ocr_line' id='line_1_76' title="bbox 4 2972 821 3008; baseline -0.009 -3"><span class='ocrx_word' id='word_1_565' title='bbox 4 2984 14 3005; x_wconf 77' lang='grc' dir='ltr'>ς</span> <span class='ocrx_word' id='word_1_566' title='bbox 46 2980 130 3005; x_wconf 81' lang='lat' dir='ltr'><strong>sunt</strong></span> <span class='ocrx_word' id='word_1_567' title='bbox 166 2979 203 3002; x_wconf 87' lang='lat' dir='ltr'><strong>ct</strong></span> <span class='ocrx_word' id='word_1_568' title='bbox 236 2980 315 3000; x_wconf 74' lang='lat' dir='ltr'><strong>vana:</strong></span> <span class='ocrx_word' id='word_1_569' title='bbox 328 2974 494 3008; x_wconf 71' lang='lat' dir='ltr'><strong>signiﬁt-ttur</strong></span> <span class='ocrx_word' id='word_1_570' title='bbox 508 2974 549 3001; x_wconf 75' lang='lat' dir='ltr'><strong>illa</strong></span> <span class='ocrx_word' id='word_1_571' title='bbox 567 2979 668 3001; x_wconf 69' lang='lat' dir='ltr'><strong>mlcrua</strong></span> <span class='ocrx_word' id='word_1_572' title='bbox 687 2972 821 3006; x_wconf 86' lang='lat' dir='ltr'><strong>voluptas,</strong></span> 
     </span>
    </p>
   </div>
   <div class='ocr_carea' id='block_1_77' title="bbox 821 1610 844 1641">
    <p class='ocr_par' dir='ltr' id='par_1_77' title="bbox 821 1610 844 1641">
     <span class='ocr_line' id='line_1_77' title="bbox 821 1610 844 1641; baseline 0 -1"><span class='ocrx_word' id='word_1_573' title='bbox 821 1610 844 1641; x_wconf 89' lang='lat' dir='ltr'><strong><em>C</em></strong></span> 
     </span>
    </p>
   </div>
   <div class='ocr_carea' id='block_1_78' title="bbox 852 982 1650 1015">
    <p class='ocr_par' dir='ltr' id='par_1_78' title="bbox 852 982 1650 1015">
     <span class='ocr_line' id='line_1_78' title="bbox 852 982 1650 1015; baseline -0.005 -3"><span class='ocrx_word' id='word_1_574' title='bbox 852 989 982 1012; x_wconf 72' lang='lat' dir='ltr'><strong>aeternam</strong></span> <span class='ocrx_word' id='word_1_575' title='bbox 1007 984 1203 1012; x_wconf 88' lang='lat' dir='ltr'><strong>beatitudinem</strong></span> <span class='ocrx_word' id='word_1_576' title='bbox 1228 985 1399 1012; x_wconf 81' lang='lat' dir='ltr'><strong>festinemus.</strong></span> <span class='ocrx_word' id='word_1_577' title='bbox 1430 983 1509 1015; x_wconf 87' lang='lat' dir='ltr'><strong>Ecce,</strong></span> <span class='ocrx_word' id='word_1_578' title='bbox 1539 982 1650 1013; x_wconf 85' lang='lat' dir='ltr'><strong>fratres,</strong></span> 
     </span>
    </p>
   </div>
   <div class='ocr_carea' id='block_1_79' title="bbox 853 1027 1651 1065">
    <p class='ocr_par' dir='ltr' id='par_1_79' title="bbox 853 1027 1651 1065">
     <span class='ocr_line' id='line_1_79' title="bbox 853 1027 1651 1065; baseline -0.005 -7"><span class='ocrx_word' id='word_1_579' title='bbox 853 1031 912 1065; x_wconf 88' lang='lat' dir='ltr'><strong>ipse</strong></span> <span class='ocrx_word' id='word_1_580' title='bbox 927 1030 972 1064; x_wconf 89' lang='lat' dir='ltr'><strong>qui</strong></span> <span class='ocrx_word' id='word_1_581' title='bbox 988 1029 1094 1064; x_wconf 90' lang='lat' dir='ltr'><strong>loquor,</strong></span> <span class='ocrx_word' id='word_1_582' title='bbox 1125 1029 1322 1064; x_wconf 85' lang='lat' dir='ltr'><strong>qualiscunque</strong></span> <span class='ocrx_word' id='word_1_583' title='bbox 1337 1037 1407 1061; x_wconf 91' lang='lat' dir='ltr'><strong>sum,</strong></span> <span class='ocrx_word' id='word_1_584' title='bbox 1424 1037 1483 1056; x_wconf 94' lang='lat' dir='ltr'><strong>sum</strong></span> <span class='ocrx_word' id='word_1_585' title='bbox 1496 1035 1590 1055; x_wconf 84' lang='lat' dir='ltr'><strong>scrvus</strong></span> <span class='ocrx_word' id='word_1_586' title='bbox 1604 1027 1651 1062; x_wconf 89' lang='lat' dir='ltr'><strong>qui</strong></span> 
     </span>
    </p>
   </div>
   <div class='ocr_carea' id='block_1_80' title="bbox 853 1073 1653 1107">
    <p class='ocr_par' dir='ltr' id='par_1_80' title="bbox 853 1073 1653 1107">
     <span class='ocr_line' id='line_1_80' title="bbox 853 1073 1653 1107; baseline -0.005 -3"><span class='ocrx_word' id='word_1_587' title='bbox 853 1084 902 1104; x_wconf 93' lang='lat' dir='ltr'><strong>vos</strong></span> <span class='ocrx_word' id='word_1_588' title='bbox 913 1083 982 1103; x_wconf 89' lang='lat' dir='ltr'><strong>voco</strong></span> <span class='ocrx_word' id='word_1_589' title='bbox 994 1075 1028 1102; x_wconf 89' lang='lat' dir='ltr'><strong>ad</strong></span> <span class='ocrx_word' id='word_1_590' title='bbox 1041 1075 1137 1102; x_wconf 89' lang='lat' dir='ltr'><strong>horam</strong></span> <span class='ocrx_word' id='word_1_591' title='bbox 1152 1082 1248 1102; x_wconf 64' lang='grc' dir='ltr'><strong>πωπω.</strong></span> <span class='ocrx_word' id='word_1_592' title='bbox 1263 1074 1333 1101; x_wconf 86' lang='lat' dir='ltr'><strong>llora</strong></span> <span class='ocrx_word' id='word_1_593' title='bbox 1350 1074 1421 1101; x_wconf 91' lang='lat' dir='ltr'><strong>enim</strong></span> <span class='ocrx_word' id='word_1_594' title='bbox 1436 1081 1521 1101; x_wconf 76' lang='lat' dir='ltr'><strong>ctenae</strong></span> <span class='ocrx_word' id='word_1_595' title='bbox 1532 1073 1585 1107; x_wconf 90' lang='lat' dir='ltr'><strong>jam</strong></span> <span class='ocrx_word' id='word_1_596' title='bbox 1599 1073 1653 1100; x_wconf 82' lang='lat' dir='ltr'><strong>erit</strong></span> 
     </span>
    </p>
   </div>
   <div class='ocr_carea' id='block_1_81' title="bbox 853 1118 1653 1153">
    <p class='ocr_par' dir='ltr' id='par_1_81' title="bbox 853 1118 1653 1153">
     <span class='ocr_line' id='line_1_81' title="bbox 853 1118 1653 1153; baseline -0.005 -4"><span class='ocrx_word' id='word_1_597' title='bbox 853 1122 881 1150; x_wconf 91' lang='lat' dir='ltr'><strong>in</strong></span> <span class='ocrx_word' id='word_1_598' title='bbox 897 1121 951 1149; x_wconf 89' lang='lat' dir='ltr'><strong>ﬁne</strong></span> <span class='ocrx_word' id='word_1_599' title='bbox 966 1121 1070 1153; x_wconf 92' lang='lat' dir='ltr'><strong>mundi,</strong></span> <span class='ocrx_word' id='word_1_600' title='bbox 1082 1120 1125 1148; x_wconf 89' lang='lat' dir='ltr'><strong>vel</strong></span> <span class='ocrx_word' id='word_1_601' title='bbox 1137 1121 1220 1148; x_wconf 90' lang='lat' dir='ltr'><strong>etiam</strong></span> <span class='ocrx_word' id='word_1_602' title='bbox 1232 1120 1259 1147; x_wconf 92' lang='lat' dir='ltr'><strong>in</strong></span> <span class='ocrx_word' id='word_1_603' title='bbox 1276 1119 1329 1146; x_wconf 89' lang='lat' dir='ltr'><strong>ﬁne</strong></span> <span class='ocrx_word' id='word_1_604' title='bbox 1345 1119 1569 1153; x_wconf 72' lang='lat' dir='ltr'><strong>uniuscujusque.</strong></span> <span class='ocrx_word' id='word_1_605' title='bbox 1584 1118 1653 1146; x_wconf 91' lang='lat' dir='ltr'><strong>Cum</strong></span> 
     </span>
    </p>
   </div>
   <div class='ocr_carea' id='block_1_82' title="bbox 854 1164 1653 1198">
    <p class='ocr_par' dir='ltr' id='par_1_82' title="bbox 854 1164 1653 1198">
     <span class='ocr_line' id='line_1_82' title="bbox 854 1164 1653 1198; baseline -0.006 -3"><span class='ocrx_word' id='word_1_606' title='bbox 854 1166 927 1196; x_wconf 88' lang='lat' dir='ltr'><strong>enim</strong></span> <span class='ocrx_word' id='word_1_607' title='bbox 939 1167 973 1194; x_wconf 90' lang='lat' dir='ltr'><strong>de</strong></span> <span class='ocrx_word' id='word_1_608' title='bbox 989 1167 1041 1195; x_wconf 93' lang='lat' dir='ltr'><strong>hoc</strong></span> <span class='ocrx_word' id='word_1_609' title='bbox 1057 1166 1155 1194; x_wconf 71' lang='lat' dir='ltr'><strong>saeculo</strong></span> <span class='ocrx_word' id='word_1_610' title='bbox 1175 1166 1294 1198; x_wconf 79' lang='lat' dir='ltr'><strong>eximus,</strong></span> <span class='ocrx_word' id='word_1_611' title='bbox 1311 1165 1344 1193; x_wconf 92' lang='lat' dir='ltr'><strong>ad</strong></span> <span class='ocrx_word' id='word_1_612' title='bbox 1359 1164 1431 1192; x_wconf 90' lang='lat' dir='ltr'><strong>illam</strong></span> <span class='ocrx_word' id='word_1_613' title='bbox 1450 1169 1579 1192; x_wconf 62' lang='lat' dir='ltr'><strong>mternam</strong></span> <span class='ocrx_word' id='word_1_614' title='bbox 1595 1171 1653 1191; x_wconf 73' lang='lat' dir='ltr'><strong>cm-</strong></span> 
     </span>
    </p>
   </div>
   <div class='ocr_carea' id='block_1_83' title="bbox 855 1209 1655 1248">
    <p class='ocr_par' dir='ltr' id='par_1_83' title="bbox 855 1209 1655 1248">
     <span class='ocr_line' id='line_1_83' title="bbox 855 1209 1655 1248; baseline -0.004 -7"><span class='ocrx_word' id='word_1_615' title='bbox 855 1221 929 1246; x_wconf 91' lang='lat' dir='ltr'><strong>nam,</strong></span> <span class='ocrx_word' id='word_1_616' title='bbox 945 1213 967 1240; x_wconf 92' lang='lat' dir='ltr'><strong>si</strong></span> <span class='ocrx_word' id='word_1_617' title='bbox 981 1213 1054 1248; x_wconf 83' lang='lat' dir='ltr'><strong>digiti</strong></span> <span class='ocrx_word' id='word_1_618' title='bbox 1078 1220 1189 1244; x_wconf 84' lang='lat' dir='ltr'><strong>sumus,</strong></span> <span class='ocrx_word' id='word_1_619' title='bbox 1205 1212 1347 1239; x_wconf 88' lang='lat' dir='ltr'><strong>intramus.</strong></span> <span class='ocrx_word' id='word_1_620' title='bbox 1368 1210 1461 1238; x_wconf 89' lang='lat' dir='ltr'><strong>Clamo</strong></span> <span class='ocrx_word' id='word_1_621' title='bbox 1482 1211 1576 1242; x_wconf 88' lang='lat' dir='ltr'><strong>etiam,</strong></span> <span class='ocrx_word' id='word_1_622' title='bbox 1600 1209 1655 1238; x_wconf 92' lang='lat' dir='ltr'><strong>fra-</strong></span> 
     </span>
    </p>
   </div>
   <div class='ocr_carea' id='block_1_84' title="bbox 855 1256 1653 1294">
    <p class='ocr_par' dir='ltr' id='par_1_84' title="bbox 855 1256 1653 1294">
     <span class='ocr_line' id='line_1_84' title="bbox 855 1256 1653 1294; baseline -0.005 -7"><span class='ocrx_word' id='word_1_623' title='bbox 855 1259 1030 1293; x_wconf 73' lang='lat' dir='ltr'><strong>tres,’clamo</strong></span> <span class='ocrx_word' id='word_1_624' title='bbox 1053 1259 1148 1286; x_wconf 86' lang='lat' dir='ltr'><strong>vobis:</strong></span> <span class='ocrx_word' id='word_1_625' title='bbox 1171 1258 1326 1294; x_wconf 65' lang='lat' dir='ltr'><strong>Praaparatc</strong></span> <span class='ocrx_word' id='word_1_626' title='bbox 1347 1257 1425 1284; x_wconf 87' lang='lat' dir='ltr'><strong>vobis</strong></span> <span class='ocrx_word' id='word_1_627' title='bbox 1446 1264 1527 1292; x_wconf 88' lang='lat' dir='ltr'><strong>quam</strong></span> <span class='ocrx_word' id='word_1_628' title='bbox 1543 1256 1598 1284; x_wconf 93' lang='lat' dir='ltr'><strong>cito</strong></span> <span class='ocrx_word' id='word_1_629' title='bbox 1617 1256 1653 1283; x_wconf 87' lang='lat' dir='ltr'><strong>ad</strong></span> 
     </span>
    </p>
   </div>
   <div class='ocr_carea' id='block_1_85' title="bbox 855 1302 1656 1341">
    <p class='ocr_par' dir='ltr' id='par_1_85' title="bbox 855 1302 1656 1341">
     <span class='ocr_line' id='line_1_85' title="bbox 855 1302 1656 1341; baseline -0.006 -7"><span class='ocrx_word' id='word_1_630' title='bbox 855 1311 996 1339; x_wconf 64' lang='lat' dir='ltr'><strong>aeternam,</strong></span> <span class='ocrx_word' id='word_1_631' title='bbox 1014 1306 1076 1334; x_wconf 92' lang='lat' dir='ltr'><strong>dum</strong></span> <span class='ocrx_word' id='word_1_632' title='bbox 1090 1305 1212 1341; x_wconf 89' lang='lat' dir='ltr'><strong>potestis,</strong></span> <span class='ocrx_word' id='word_1_633' title='bbox 1225 1313 1260 1332; x_wconf 88' lang='lat' dir='ltr'><strong>uc</strong></span> <span class='ocrx_word' id='word_1_634' title='bbox 1276 1304 1347 1332; x_wconf 83' lang='lat' dir='ltr'><strong>forte</strong></span> <span class='ocrx_word' id='word_1_635' title='bbox 1363 1308 1426 1331; x_wconf 92' lang='lat' dir='ltr'><strong>tunc</strong></span> <span class='ocrx_word' id='word_1_636' title='bbox 1439 1303 1575 1338; x_wconf 85' lang='lat' dir='ltr'><strong>incipiatis</strong></span> <span class='ocrx_word' id='word_1_637' title='bbox 1588 1302 1656 1330; x_wconf 82' lang='lat' dir='ltr'><strong>velle</strong></span> 
     </span>
    </p>
   </div>
   <div class='ocr_carea' id='block_1_86' title="bbox 857 1349 1657 1387">
    <p class='ocr_par' dir='ltr' id='par_1_86' title="bbox 857 1349 1657 1387">
     <span class='ocr_line' id='line_1_86' title="bbox 857 1349 1657 1387; baseline -0.004 -8"><span class='ocrx_word' id='word_1_638' title='bbox 857 1360 918 1380; x_wconf 93' lang='lat' dir='ltr'><strong>cum</strong></span> <span class='ocrx_word' id='word_1_639' title='bbox 947 1360 1000 1380; x_wconf 91' lang='lat' dir='ltr'><strong>non</strong></span> <span class='ocrx_word' id='word_1_640' title='bbox 1030 1352 1164 1387; x_wconf 87' lang='lat' dir='ltr'><strong>poteritis.</strong></span> <span class='ocrx_word' id='word_1_641' title='bbox 1194 1351 1303 1379; x_wconf 84' lang='lat' dir='ltr'><strong>Abluite</strong></span> <span class='ocrx_word' id='word_1_642' title='bbox 1319 1358 1367 1386; x_wconf 89' lang='lat' dir='ltr'><strong>per</strong></span> <span class='ocrx_word' id='word_1_643' title='bbox 1386 1349 1575 1385; x_wconf 75' lang='lat' dir='ltr'><strong>pmnitentiam</strong></span> <span class='ocrx_word' id='word_1_644' title='bbox 1590 1357 1657 1377; x_wconf 91' lang='lat' dir='ltr'><strong>con-</strong></span> 
     </span>
    </p>
   </div>
   <div class='ocr_carea' id='block_1_87' title="bbox 857 1395 1657 1436">
    <p class='ocr_par' dir='ltr' id='par_1_87' title="bbox 857 1395 1657 1436">
     <span class='ocr_line' id='line_1_87' title="bbox 857 1395 1657 1436; baseline -0.005 -10"><span class='ocrx_word' id='word_1_645' title='bbox 857 1398 1012 1426; x_wconf 85' lang='lat' dir='ltr'><strong>scientiam.</strong></span> <span class='ocrx_word' id='word_1_646' title='bbox 1032 1397 1208 1426; x_wconf 89' lang='lat' dir='ltr'><strong>lnduitevos</strong></span> <span class='ocrx_word' id='word_1_647' title='bbox 1231 1397 1345 1436; x_wconf 80' lang='lat' dir='ltr'><strong>nuptiali</strong></span> <span class='ocrx_word' id='word_1_648' title='bbox 1373 1400 1448 1424; x_wconf 86' lang='lat' dir='ltr'><strong>veste</strong></span> <span class='ocrx_word' id='word_1_649' title='bbox 1470 1404 1477 1423; x_wconf 93' lang='lat'>:</span> <span class='ocrx_word' id='word_1_650' title='bbox 1503 1395 1559 1423; x_wconf 83' lang='lat' dir='ltr'><strong>Sint</strong></span> <span class='ocrx_word' id='word_1_651' title='bbox 1575 1395 1657 1423; x_wconf 81' lang='lat' dir='ltr'><strong>Iunibi</strong></span> 
     </span>
    </p>
   </div>
   <div class='ocr_carea' id='block_1_88' title="bbox 857 1442 1658 1479">
    <p class='ocr_par' dir='ltr' id='par_1_88' title="bbox 857 1442 1658 1479">
     <span class='ocr_line' id='line_1_88' title="bbox 857 1442 1658 1479; baseline -0.004 -7"><span class='ocrx_word' id='word_1_652' title='bbox 857 1445 936 1472; x_wconf 81' lang='lat' dir='ltr'><strong>vestri</strong></span> <span class='ocrx_word' id='word_1_653' title='bbox 943 1445 1088 1479; x_wconf 68' lang='lat' dir='ltr'><strong>pra’ciiicti,</strong></span> <span class='ocrx_word' id='word_1_654' title='bbox 1098 1449 1122 1472; x_wconf 83' lang='lat' dir='ltr'><strong>et</strong></span> <span class='ocrx_word' id='word_1_655' title='bbox 1133 1445 1248 1471; x_wconf 69' lang='lat' dir='ltr'><strong>lucerna:</strong></span> <span class='ocrx_word' id='word_1_656' title='bbox 1257 1443 1378 1471; x_wconf 64' lang='lat' dir='ltr'><strong>ardentes</strong></span> <span class='ocrx_word' id='word_1_657' title='bbox 1389 1443 1417 1469; x_wconf 86' lang='lat' dir='ltr'><strong>in</strong></span> <span class='ocrx_word' id='word_1_658' title='bbox 1431 1442 1552 1469; x_wconf 85' lang='lat' dir='ltr'><strong>manibus</strong></span> <span class='ocrx_word' id='word_1_659' title='bbox 1566 1442 1658 1470; x_wconf 79' lang='lat' dir='ltr'><strong>uestris</strong></span> 
     </span>
    </p>
   </div>
   <div class='ocr_carea' id='block_1_89' title="bbox 859 1488 1657 1528">
    <p class='ocr_par' dir='ltr' id='par_1_89' title="bbox 859 1488 1657 1528">
     <span class='ocr_line' id='line_1_89' title="bbox 859 1488 1657 1528; baseline -0.005 -9"><span class='ocrx_word' id='word_1_660' title='bbox 859 1491 936 1528; x_wconf 86' lang='lat' dir='ltr'><strong>(Luc.</strong></span> <span class='ocrx_word' id='word_1_661' title='bbox 961 1492 1022 1527; x_wconf 90' lang='lat' dir='ltr'><strong>xu).</strong></span> <span class='ocrx_word' id='word_1_662' title='bbox 1044 1490 1111 1518; x_wconf 87' lang='lat' dir='ltr'><strong>Nam</strong></span> <span class='ocrx_word' id='word_1_663' title='bbox 1128 1491 1177 1519; x_wconf 91' lang='lat' dir='ltr'><strong>soli</strong></span> <span class='ocrx_word' id='word_1_664' title='bbox 1201 1491 1269 1519; x_wconf 85' lang='lat' dir='ltr'><strong>tales</strong></span> <span class='ocrx_word' id='word_1_665' title='bbox 1291 1490 1324 1517; x_wconf 91' lang='lat' dir='ltr'><strong>ad</strong></span> <span class='ocrx_word' id='word_1_666' title='bbox 1342 1496 1448 1517; x_wconf 67' lang='lat' dir='ltr'><strong>coenam</strong></span> <span class='ocrx_word' id='word_1_667' title='bbox 1464 1488 1657 1516; x_wconf 89' lang='lat' dir='ltr'><strong>admittuntur.</strong></span> 
     </span>
    </p>
   </div>
   <div class='ocr_carea' id='block_1_90' title="bbox 860 1534 1659 1571">
    <p class='ocr_par' dir='ltr' id='par_1_90' title="bbox 860 1534 1659 1571">
     <span class='ocr_line' id='line_1_90' title="bbox 860 1534 1659 1571; baseline -0.006 -5"><span class='ocrx_word' id='word_1_668' title='bbox 860 1538 914 1567; x_wconf 87' lang='lat' dir='ltr'><strong>Sed</strong></span> <span class='ocrx_word' id='word_1_669' title='bbox 935 1546 1010 1571; x_wconf 87' lang='lat' dir='ltr'><strong>ecce,</strong></span> <span class='ocrx_word' id='word_1_670' title='bbox 1025 1538 1134 1570; x_wconf 86' lang='lat' dir='ltr'><strong>fratres,</strong></span> <span class='ocrx_word' id='word_1_671' title='bbox 1148 1537 1193 1565; x_wconf 86' lang='lat' dir='ltr'><strong>alii</strong></span> <span class='ocrx_word' id='word_1_672' title='bbox 1218 1541 1350 1566; x_wconf 84' lang='lat' dir='ltr'><strong>vocantur</strong></span> <span class='ocrx_word' id='word_1_673' title='bbox 1367 1540 1394 1564; x_wconf 88' lang='lat' dir='ltr'><strong>et</strong></span> <span class='ocrx_word' id='word_1_674' title='bbox 1408 1537 1591 1564; x_wconf 89' lang='lat' dir='ltr'><strong>consentiunt.</strong></span> <span class='ocrx_word' id='word_1_675' title='bbox 1607 1534 1659 1562; x_wconf 81' lang='lat' dir='ltr'><strong>Alii</strong></span> 
     </span>
    </p>
   </div>
   <div class='ocr_carea' id='block_1_91' title="bbox 861 1584 1660 1620">
    <p class='ocr_par' dir='ltr' id='par_1_91' title="bbox 861 1584 1660 1620">
     <span class='ocr_line' id='line_1_91' title="bbox 861 1584 1660 1620; baseline -0.006 -6"><span class='ocrx_word' id='word_1_676' title='bbox 861 1591 995 1614; x_wconf 86' lang='lat' dir='ltr'><strong>vocantur</strong></span> <span class='ocrx_word' id='word_1_677' title='bbox 1019 1589 1047 1613; x_wconf 88' lang='lat' dir='ltr'><strong>ct</strong></span> <span class='ocrx_word' id='word_1_678' title='bbox 1072 1586 1154 1613; x_wconf 89' lang='lat' dir='ltr'><strong>etiam</strong></span> <span class='ocrx_word' id='word_1_679' title='bbox 1170 1584 1382 1620; x_wconf 88' lang='lat' dir='ltr'><strong>compelluntur.</strong></span> <span class='ocrx_word' id='word_1_680' title='bbox 1401 1585 1517 1619; x_wconf 87' lang='lat' dir='ltr'><strong>Quidam</strong></span> <span class='ocrx_word' id='word_1_681' title='bbox 1535 1584 1618 1618; x_wconf 85' lang='lat' dir='ltr'><strong>igitur</strong></span> <span class='ocrx_word' id='word_1_682' title='bbox 1630 1590 1660 1609; x_wconf 88' lang='lat' dir='ltr'><strong>se</strong></span> 
     </span>
    </p>
   </div>
   <div class='ocr_carea' id='block_1_92' title="bbox 859 1628 1658 1666">
    <p class='ocr_par' dir='ltr' id='par_1_92' title="bbox 859 1628 1658 1666">
     <span class='ocr_line' id='line_1_92' title="bbox 859 1628 1658 1666; baseline -0.008 -6"><span class='ocrx_word' id='word_1_683' title='bbox 859 1637 1002 1664; x_wconf 83' lang='lat' dir='ltr'><strong>excusant,</strong></span> <span class='ocrx_word' id='word_1_684' title='bbox 1027 1639 1144 1666; x_wconf 90' lang='lat' dir='ltr'><strong>quorum</strong></span> <span class='ocrx_word' id='word_1_685' title='bbox 1173 1636 1237 1658; x_wconf 90' lang='lat' dir='ltr'><strong>sunt</strong></span> <span class='ocrx_word' id='word_1_686' title='bbox 1263 1631 1314 1658; x_wconf 83' lang='lat' dir='ltr'><strong>tria</strong></span> <span class='ocrx_word' id='word_1_687' title='bbox 1344 1630 1558 1664; x_wconf 79' lang='lat' dir='ltr'><strong>genera:Alius</strong></span> <span class='ocrx_word' id='word_1_688' title='bbox 1573 1628 1658 1655; x_wconf 86' lang='lat' dir='ltr'><strong>dicit:</strong></span> 
     </span>
    </p>
   </div>
   <div class='ocr_carea' id='block_1_93' title="bbox 867 1673 1660 1710">
    <p class='ocr_par' dir='ltr' id='par_1_93' title="bbox 867 1673 1660 1710">
     <span class='ocr_line' id='line_1_93' title="bbox 867 1673 1660 1710; baseline -0.004 -5"><span class='ocrx_word' id='word_1_689' title='bbox 867 1678 962 1705; x_wconf 85' lang='lat' dir='ltr'><strong>Villam</strong></span> <span class='ocrx_word' id='word_1_690' title='bbox 974 1679 1035 1710; x_wconf 78' lang='lat' dir='ltr'><strong>emi,</strong></span> <span class='ocrx_word' id='word_1_691' title='bbox 1054 1685 1078 1704; x_wconf 84' lang='lat' dir='ltr'><strong>et</strong></span> <span class='ocrx_word' id='word_1_692' title='bbox 1090 1685 1192 1704; x_wconf 74' lang='lat' dir='ltr'><strong>necesse</strong></span> <span class='ocrx_word' id='word_1_693' title='bbox 1212 1678 1295 1704; x_wconf 82' lang='lat' dir='ltr'><strong>habeo</strong></span> <span class='ocrx_word' id='word_1_694' title='bbox 1321 1678 1392 1704; x_wconf 72' lang='lat' dir='ltr'><strong>exire</strong></span> <span class='ocrx_word' id='word_1_695' title='bbox 1417 1682 1440 1704; x_wconf 82' lang='lat' dir='ltr'><strong>et</strong></span> <span class='ocrx_word' id='word_1_696' title='bbox 1466 1676 1552 1704; x_wconf 79' lang='lat' dir='ltr'><strong>videre</strong></span> <span class='ocrx_word' id='word_1_697' title='bbox 1574 1673 1660 1702; x_wconf 83' lang='lat' dir='ltr'><strong>illam.</strong></span> 
     </span>
    </p>
   </div>
   <div class='ocr_carea' id='block_1_94' title="bbox 860 1718 1662 1758">
    <p class='ocr_par' dir='ltr' id='par_1_94' title="bbox 860 1718 1662 1758">
     <span class='ocr_line' id='line_1_94' title="bbox 860 1718 1662 1758; baseline -0.007 -7"><span class='ocrx_word' id='word_1_698' title='bbox 860 1723 917 1755; x_wconf 87' lang='lat' dir='ltr'><strong>Ille,</strong></span> <span class='ocrx_word' id='word_1_699' title='bbox 931 1723 1031 1751; x_wconf 82' lang='lat' dir='ltr'><strong>fratres</strong></span> <span class='ocrx_word' id='word_1_700' title='bbox 1045 1724 1109 1756; x_wconf 91' lang='lat' dir='ltr'><strong>mei,</strong></span> <span class='ocrx_word' id='word_1_701' title='bbox 1125 1723 1218 1750; x_wconf 90' lang='lat' dir='ltr'><strong>villam</strong></span> <span class='ocrx_word' id='word_1_702' title='bbox 1240 1724 1315 1754; x_wconf 84' lang='lat' dir='ltr'><strong>emit,</strong></span> <span class='ocrx_word' id='word_1_703' title='bbox 1331 1722 1377 1758; x_wconf 92' lang='lat' dir='ltr'><strong>qui</strong></span> <span class='ocrx_word' id='word_1_704' title='bbox 1397 1721 1554 1757; x_wconf 89' lang='lat' dir='ltr'><strong>superbiam</strong></span> <span class='ocrx_word' id='word_1_705' title='bbox 1573 1718 1662 1747; x_wconf 89' lang='lat' dir='ltr'><strong>domi-</strong></span> 
     </span>
    </p>
   </div>
   <div class='ocr_carea' id='block_1_95' title="bbox 861 1764 1662 1805">
    <p class='ocr_par' dir='ltr' id='par_1_95' title="bbox 861 1764 1662 1805">
     <span class='ocr_line' id='line_1_95' title="bbox 861 1764 1662 1805; baseline -0.006 -8"><span class='ocrx_word' id='word_1_706' title='bbox 861 1770 981 1798; x_wconf 86' lang='lat' dir='ltr'><strong>nationis</strong></span> <span class='ocrx_word' id='word_1_707' title='bbox 991 1777 1039 1804; x_wconf 86' lang='lat' dir='ltr'><strong>per</strong></span> <span class='ocrx_word' id='word_1_708' title='bbox 1047 1769 1200 1805; x_wconf 85' lang='lat' dir='ltr'><strong>superbiam</strong></span> <span class='ocrx_word' id='word_1_709' title='bbox 1211 1769 1261 1797; x_wconf 91' lang='lat' dir='ltr'><strong>sibi</strong></span> <span class='ocrx_word' id='word_1_710' title='bbox 1276 1768 1403 1804; x_wconf 86' lang='lat' dir='ltr'><strong>acquirit.</strong></span> <span class='ocrx_word' id='word_1_711' title='bbox 1414 1767 1495 1795; x_wconf 86' lang='lat' dir='ltr'><strong>Tales</strong></span> <span class='ocrx_word' id='word_1_712' title='bbox 1508 1770 1570 1794; x_wconf 90' lang='lat' dir='ltr'><strong>sunt</strong></span> <span class='ocrx_word' id='word_1_713' title='bbox 1583 1764 1662 1793; x_wconf 86' lang='lat' dir='ltr'><strong>hodie</strong></span> 
     </span>
    </p>
   </div>
   <div class='ocr_carea' id='block_1_96' title="bbox 862 1814 1662 1852">
    <p class='ocr_par' dir='ltr' id='par_1_96' title="bbox 862 1814 1662 1852">
     <span class='ocr_line' id='line_1_96' title="bbox 862 1814 1662 1852; baseline -0.006 -8"><span class='ocrx_word' id='word_1_714' title='bbox 862 1816 944 1852; x_wconf 86' lang='lat' dir='ltr'><strong>(unde</strong></span> <span class='ocrx_word' id='word_1_715' title='bbox 967 1816 1052 1852; x_wconf 87' lang='lat' dir='ltr'><strong>magis</strong></span> <span class='ocrx_word' id='word_1_716' title='bbox 1079 1815 1223 1843; x_wconf 87' lang='lat' dir='ltr'><strong>dolendum</strong></span> <span class='ocrx_word' id='word_1_717' title='bbox 1248 1815 1299 1847; x_wconf 79' lang='lat' dir='ltr'><strong>cst)</strong></span> <span class='ocrx_word' id='word_1_718' title='bbox 1323 1815 1400 1842; x_wconf 90' lang='lat' dir='ltr'><strong>multi</strong></span> <span class='ocrx_word' id='word_1_719' title='bbox 1423 1814 1485 1850; x_wconf 92' lang='lat' dir='ltr'><strong>qui,</strong></span> <span class='ocrx_word' id='word_1_720' title='bbox 1506 1816 1662 1848; x_wconf 83' lang='lat' dir='ltr'><strong>contempta</strong></span> 
     </span>
    </p>
   </div>
   <div class='ocr_carea' id='block_1_97' title="bbox 864 1860 1662 1896">
    <p class='ocr_par' dir='ltr' id='par_1_97' title="bbox 864 1860 1662 1896">
     <span class='ocr_line' id='line_1_97' title="bbox 864 1860 1662 1896; baseline -0.008 -5"><span class='ocrx_word' id='word_1_721' title='bbox 864 1868 964 1891; x_wconf 72' lang='lat' dir='ltr'><strong>aeterna</strong></span> <span class='ocrx_word' id='word_1_722' title='bbox 977 1870 1068 1895; x_wconf 69' lang='lat' dir='ltr'><strong>cinna,</strong></span> <span class='ocrx_word' id='word_1_723' title='bbox 1089 1862 1207 1890; x_wconf 88' lang='lat' dir='ltr'><strong>honores</strong></span> <span class='ocrx_word' id='word_1_724' title='bbox 1219 1866 1247 1889; x_wconf 88' lang='lat' dir='ltr'><strong>et</strong></span> <span class='ocrx_word' id='word_1_725' title='bbox 1258 1861 1405 1896; x_wconf 80' lang='lat' dir='ltr'><strong>dignitates</strong></span> <span class='ocrx_word' id='word_1_726' title='bbox 1420 1860 1470 1888; x_wconf 89' lang='lat' dir='ltr'><strong>sibi</strong></span> <span class='ocrx_word' id='word_1_727' title='bbox 1488 1864 1593 1891; x_wconf 88' lang='lat' dir='ltr'><strong>emunt,</strong></span> <span class='ocrx_word' id='word_1_728' title='bbox 1608 1865 1662 1885; x_wconf 94' lang='lat' dir='ltr'><strong>non</strong></span> 
     </span>
    </p>
   </div>
   <div class='ocr_carea' id='block_1_98' title="bbox 864 1907 1662 1945">
    <p class='ocr_par' dir='ltr' id='par_1_98' title="bbox 864 1907 1662 1945">
     <span class='ocr_line' id='line_1_98' title="bbox 864 1907 1662 1945; baseline -0.01 -6"><span class='ocrx_word' id='word_1_729' title='bbox 864 1910 950 1939; x_wconf 88' lang='lat' dir='ltr'><strong>solum</strong></span> <span class='ocrx_word' id='word_1_730' title='bbox 977 1917 1026 1945; x_wconf 87' lang='lat' dir='ltr'><strong>pro</strong></span> <span class='ocrx_word' id='word_1_731' title='bbox 1052 1909 1093 1937; x_wconf 91' lang='lat' dir='ltr'><strong>eis</strong></span> <span class='ocrx_word' id='word_1_732' title='bbox 1110 1908 1266 1936; x_wconf 88' lang='lat' dir='ltr'><strong>hominibus</strong></span> <span class='ocrx_word' id='word_1_733' title='bbox 1281 1908 1398 1943; x_wconf 89' lang='lat' dir='ltr'><strong>pretium</strong></span> <span class='ocrx_word' id='word_1_734' title='bbox 1419 1907 1514 1936; x_wconf 84' lang='lat' dir='ltr'><strong>dantes</strong></span> <span class='ocrx_word' id='word_1_735' title='bbox 1535 1912 1662 1933; x_wconf 90' lang='lat' dir='ltr'><strong>nummo-</strong></span> 
     </span>
    </p>
   </div>
   <div class='ocr_carea' id='block_1_99' title="bbox 864 1952 1662 1990">
    <p class='ocr_par' dir='ltr' id='par_1_99' title="bbox 864 1952 1662 1990">
     <span class='ocr_line' id='line_1_99' title="bbox 864 1952 1662 1990; baseline -0.01 -6"><span class='ocrx_word' id='word_1_736' title='bbox 864 1965 937 1990; x_wconf 90' lang='lat' dir='ltr'><strong>rum,</strong></span> <span class='ocrx_word' id='word_1_737' title='bbox 952 1957 998 1984; x_wconf 87' lang='lat' dir='ltr'><strong>scd</strong></span> <span class='ocrx_word' id='word_1_738' title='bbox 1016 1956 1099 1983; x_wconf 90' lang='lat' dir='ltr'><strong>etiam</strong></span> <span class='ocrx_word' id='word_1_739' title='bbox 1120 1963 1168 1990; x_wconf 91' lang='lat' dir='ltr'><strong>pro</strong></span> <span class='ocrx_word' id='word_1_740' title='bbox 1183 1955 1223 1982; x_wconf 91' lang='lat' dir='ltr'><strong>eis</strong></span> <span class='ocrx_word' id='word_1_741' title='bbox 1238 1954 1344 1982; x_wconf 90' lang='lat' dir='ltr'><strong>animas</strong></span> <span class='ocrx_word' id='word_1_742' title='bbox 1359 1961 1422 1982; x_wconf 86' lang='lat' dir='ltr'><strong>suas</strong></span> <span class='ocrx_word' id='word_1_743' title='bbox 1440 1952 1547 1980; x_wconf 85' lang='lat' dir='ltr'><strong>diabolo</strong></span> <span class='ocrx_word' id='word_1_744' title='bbox 1558 1958 1662 1978; x_wconf 90' lang='lat' dir='ltr'><strong>venun-</strong></span> 
     </span>
    </p>
   </div>
   <div class='ocr_carea' id='block_1_100' title="bbox 865 1995 1662 2037">
    <p class='ocr_par' dir='ltr' id='par_1_100' title="bbox 865 1995 1662 2037">
     <span class='ocr_line' id='line_1_100' title="bbox 865 1995 1662 2037; baseline -0.011 -6"><span class='ocrx_word' id='word_1_745' title='bbox 865 2004 970 2031; x_wconf 87' lang='lat' dir='ltr'><strong>dantes.</strong></span> <span class='ocrx_word' id='word_1_746' title='bbox 1001 2002 1079 2035; x_wconf 90' lang='lat' dir='ltr'><strong>lleu,</strong></span> <span class='ocrx_word' id='word_1_747' title='bbox 1107 2009 1188 2037; x_wconf 88' lang='lat' dir='ltr'><strong>quam</strong></span> <span class='ocrx_word' id='word_1_748' title='bbox 1217 2001 1333 2036; x_wconf 87' lang='lat' dir='ltr'><strong>pessima</strong></span> <span class='ocrx_word' id='word_1_749' title='bbox 1362 1998 1539 2027; x_wconf 88' lang='lat' dir='ltr'><strong>commutatio</strong></span> <span class='ocrx_word' id='word_1_750' title='bbox 1562 1997 1569 2023; x_wconf 88' lang='lat'><strong>!</strong></span> <span class='ocrx_word' id='word_1_751' title='bbox 1592 1995 1662 2030; x_wconf 88' lang='lat' dir='ltr'><strong>Quid</strong></span> 
     </span>
    </p>
   </div>
   <div class='ocr_carea' id='block_1_101' title="bbox 867 2042 1662 2084">
    <p class='ocr_par' dir='ltr' id='par_1_101' title="bbox 867 2042 1662 2084">
     <span class='ocr_line' id='line_1_101' title="bbox 867 2042 1662 2084; baseline -0.01 -7"><span class='ocrx_word' id='word_1_752' title='bbox 867 2050 955 2078; x_wconf 87' lang='lat' dir='ltr'><strong>dicam</strong></span> <span class='ocrx_word' id='word_1_753' title='bbox 968 2057 1048 2084; x_wconf 83' lang='lat' dir='ltr'><strong>super</strong></span> <span class='ocrx_word' id='word_1_754' title='bbox 1062 2049 1104 2076; x_wconf 92' lang='lat' dir='ltr'><strong>his</strong></span> <span class='ocrx_word' id='word_1_755' title='bbox 1116 2049 1161 2083; x_wconf 90' lang='lat' dir='ltr'><strong>qui</strong></span> <span class='ocrx_word' id='word_1_756' title='bbox 1177 2048 1259 2076; x_wconf 89' lang='lat' dir='ltr'><strong>etiam</strong></span> <span class='ocrx_word' id='word_1_757' title='bbox 1276 2047 1382 2075; x_wconf 87' lang='lat' dir='ltr'><strong>facinus</strong></span> <span class='ocrx_word' id='word_1_758' title='bbox 1395 2046 1421 2073; x_wconf 90' lang='lat' dir='ltr'><strong>in</strong></span> <span class='ocrx_word' id='word_1_759' title='bbox 1436 2050 1530 2073; x_wconf 86' lang='lat' dir='ltr'><strong>sancta</strong></span> <span class='ocrx_word' id='word_1_760' title='bbox 1542 2042 1662 2071; x_wconf 84' lang='lat' dir='ltr'><strong>Ecclesia</strong></span> 
     </span>
    </p>
   </div>
   <div class='ocr_carea' id='block_1_102' title="bbox 867 2089 1662 2126">
    <p class='ocr_par' dir='ltr' id='par_1_102' title="bbox 867 2089 1662 2126">
     <span class='ocr_line' id='line_1_102' title="bbox 867 2089 1662 2126; baseline -0.008 -4"><span class='ocrx_word' id='word_1_761' title='bbox 867 2094 957 2122; x_wconf 88' lang='lat' dir='ltr'><strong>facere</strong></span> <span class='ocrx_word' id='word_1_762' title='bbox 980 2102 1033 2121; x_wconf 89' lang='lat' dir='ltr'><strong>non</strong></span> <span class='ocrx_word' id='word_1_763' title='bbox 1050 2095 1214 2121; x_wconf 87' lang='lat' dir='ltr'><strong>erubescunt</strong></span> <span class='ocrx_word' id='word_1_764' title='bbox 1227 2092 1300 2126; x_wconf 85' lang='lat' dir='ltr'><strong>?Qui</strong></span> <span class='ocrx_word' id='word_1_765' title='bbox 1318 2091 1439 2125; x_wconf 86' lang='lat' dir='ltr'><strong>ordines,</strong></span> <span class='ocrx_word' id='word_1_766' title='bbox 1456 2091 1501 2126; x_wconf 93' lang='lat' dir='ltr'><strong>qui</strong></span> <span class='ocrx_word' id='word_1_767' title='bbox 1520 2089 1662 2120; x_wconf 84' lang='lat' dir='ltr'><strong>ecclesias.</strong></span> 
     </span>
    </p>
   </div>
   <div class='ocr_carea' id='block_1_103' title="bbox 867 2136 1664 2176">
    <p class='ocr_par' dir='ltr' id='par_1_103' title="bbox 867 2136 1664 2176">
     <span class='ocr_line' id='line_1_103' title="bbox 867 2136 1664 2176; baseline -0.006 -9"><span class='ocrx_word' id='word_1_768' title='bbox 867 2140 914 2176; x_wconf 89' lang='lat' dir='ltr'><strong>qui</strong></span> <span class='ocrx_word' id='word_1_769' title='bbox 932 2139 1178 2167; x_wconf 85' lang='lat' dir='ltr'><strong>ecclesiasticorum</strong></span> <span class='ocrx_word' id='word_1_770' title='bbox 1194 2139 1281 2166; x_wconf 85' lang='lat' dir='ltr'><strong>otﬁcia</strong></span> <span class='ocrx_word' id='word_1_771' title='bbox 1295 2141 1526 2166; x_wconf 87' lang='lat' dir='ltr'><strong>sacramentorum</strong></span> <span class='ocrx_word' id='word_1_772' title='bbox 1543 2136 1664 2163; x_wconf 88' lang='lat' dir='ltr'><strong>vendunt</strong></span> 
     </span>
    </p>
   </div>
   <div class='ocr_carea' id='block_1_104' title="bbox 867 2183 1663 2222">
    <p class='ocr_par' dir='ltr' id='par_1_104' title="bbox 867 2183 1663 2222">
     <span class='ocr_line' id='line_1_104' title="bbox 867 2183 1663 2222; baseline -0.008 -7"><span class='ocrx_word' id='word_1_773' title='bbox 867 2188 909 2216; x_wconf 84' lang='lat' dir='ltr'><strong>vel</strong></span> <span class='ocrx_word' id='word_1_774' title='bbox 923 2188 1038 2216; x_wconf 86' lang='lat' dir='ltr'><strong>emunt?</strong></span> <span class='ocrx_word' id='word_1_775' title='bbox 1050 2187 1134 2214; x_wconf 89' lang='lat' dir='ltr'><strong>Porro</strong></span> <span class='ocrx_word' id='word_1_776' title='bbox 1144 2195 1205 2214; x_wconf 85' lang='lat' dir='ltr'><strong>cum</strong></span> <span class='ocrx_word' id='word_1_777' title='bbox 1220 2195 1274 2222; x_wconf 91' lang='lat' dir='ltr'><strong>quo</strong></span> <span class='ocrx_word' id='word_1_778' title='bbox 1285 2191 1349 2214; x_wconf 91' lang='lat' dir='ltr'><strong>sunt</strong></span> <span class='ocrx_word' id='word_1_779' title='bbox 1362 2186 1389 2213; x_wconf 93' lang='lat' dir='ltr'><strong>hi</strong></span> <span class='ocrx_word' id='word_1_780' title='bbox 1407 2185 1594 2220; x_wconf 88' lang='lat' dir='ltr'><strong>computandi,</strong></span> <span class='ocrx_word' id='word_1_781' title='bbox 1610 2183 1663 2211; x_wconf 92' lang='lat' dir='ltr'><strong>nisi</strong></span> 
     </span>
    </p>
   </div>
   <div class='ocr_carea' id='block_1_105' title="bbox 869 2229 1664 2265">
    <p class='ocr_par' dir='ltr' id='par_1_105' title="bbox 869 2229 1664 2265">
     <span class='ocr_line' id='line_1_105' title="bbox 869 2229 1664 2265; baseline -0.009 -4"><span class='ocrx_word' id='word_1_782' title='bbox 869 2240 930 2261; x_wconf 91' lang='lat' dir='ltr'><strong>cum</strong></span> <span class='ocrx_word' id='word_1_783' title='bbox 959 2232 1026 2259; x_wconf 89' lang='lat' dir='ltr'><strong>Juda</strong></span> <span class='ocrx_word' id='word_1_784' title='bbox 1051 2236 1078 2258; x_wconf 85' lang='lat' dir='ltr'><strong>et</strong></span> <span class='ocrx_word' id='word_1_785' title='bbox 1105 2231 1205 2259; x_wconf 67' lang='lat' dir='ltr'><strong>Juda-is</strong></span> <span class='ocrx_word' id='word_1_786' title='bbox 1225 2232 1271 2265; x_wconf 90' lang='lat' dir='ltr'><strong>qui</strong></span> <span class='ocrx_word' id='word_1_787' title='bbox 1288 2231 1427 2259; x_wconf 87' lang='lat' dir='ltr'><strong>Christum</strong></span> <span class='ocrx_word' id='word_1_788' title='bbox 1446 2229 1664 2256; x_wconf 86' lang='lat' dir='ltr'><strong>vendideruutet</strong></span> 
     </span>
    </p>
   </div>
   <div class='ocr_carea' id='block_1_106' title="bbox 831 2274 1664 2318">
    <p class='ocr_par' dir='ltr' id='par_1_106' title="bbox 831 2274 1664 2318">
     <span class='ocr_line' id='line_1_106' title="bbox 831 2274 1664 2318; baseline -0.01 -10"><span class='ocrx_word' id='word_1_789' title='bbox 831 2289 854 2318; x_wconf 77' lang='grc' dir='ltr'><strong>υ</strong></span> <span class='ocrx_word' id='word_1_790' title='bbox 868 2279 1016 2308; x_wconf 86' lang='lat' dir='ltr'><strong>emerunt?</strong></span> <span class='ocrx_word' id='word_1_791' title='bbox 1030 2286 1145 2313; x_wconf 91' lang='lat' dir='ltr'><strong>quorum</strong></span> <span class='ocrx_word' id='word_1_792' title='bbox 1164 2278 1278 2313; x_wconf 84' lang='lat' dir='ltr'><strong>pecunia</strong></span> <span class='ocrx_word' id='word_1_793' title='bbox 1298 2285 1358 2304; x_wconf 90' lang='lat' dir='ltr'><strong>cum</strong></span> <span class='ocrx_word' id='word_1_794' title='bbox 1375 2277 1415 2304; x_wconf 90' lang='lat' dir='ltr'><strong>eis</strong></span> <span class='ocrx_word' id='word_1_795' title='bbox 1427 2276 1480 2304; x_wconf 88' lang='lat' dir='ltr'><strong>erit</strong></span> <span class='ocrx_word' id='word_1_796' title='bbox 1495 2276 1521 2302; x_wconf 93' lang='lat' dir='ltr'><strong>iu</strong></span> <span class='ocrx_word' id='word_1_797' title='bbox 1535 2274 1664 2309; x_wconf 81' lang='lat' dir='ltr'><strong>perditio—-</strong></span> 
     </span>
    </p>
   </div>
   <div class='ocr_carea' id='block_1_107' title="bbox 868 2319 1663 2359">
    <p class='ocr_par' dir='ltr' id='par_1_107' title="bbox 868 2319 1663 2359">
     <span class='ocr_line' id='line_1_107' title="bbox 868 2319 1663 2359; baseline -0.01 -6"><span class='ocrx_word' id='word_1_798' title='bbox 868 2333 946 2357; x_wconf 91' lang='lat' dir='ltr'><strong>nem,</strong></span> <span class='ocrx_word' id='word_1_799' title='bbox 964 2330 993 2351; x_wconf 92' lang='lat' dir='ltr'><strong>ut</strong></span> <span class='ocrx_word' id='word_1_800' title='bbox 1010 2324 1107 2352; x_wconf 86' lang='lat' dir='ltr'><strong>Petrus</strong></span> <span class='ocrx_word' id='word_1_801' title='bbox 1132 2324 1219 2359; x_wconf 88' lang='lat' dir='ltr'><strong>inquit</strong></span> <span class='ocrx_word' id='word_1_802' title='bbox 1242 2323 1276 2350; x_wconf 90' lang='lat' dir='ltr'><strong>ad</strong></span> <span class='ocrx_word' id='word_1_803' title='bbox 1301 2321 1439 2349; x_wconf 87' lang='lat' dir='ltr'><strong>Simonem</strong></span> <span class='ocrx_word' id='word_1_804' title='bbox 1472 2320 1579 2355; x_wconf 84' lang='lat' dir='ltr'><strong>Magum</strong></span> <span class='ocrx_word' id='word_1_805' title='bbox 1593 2319 1663 2354; x_wconf 77' lang='lat' dir='ltr'><strong>(Act.</strong></span> 
     </span>
    </p>
   </div>
   <div class='ocr_carea' id='block_1_108' title="bbox 869 2364 1666 2406">
    <p class='ocr_par' dir='ltr' id='par_1_108' title="bbox 869 2364 1666 2406">
     <span class='ocr_line' id='line_1_108' title="bbox 869 2364 1666 2406; baseline -0.009 -8"><span class='ocrx_word' id='word_1_806' title='bbox 869 2371 939 2406; x_wconf 84' lang='lat' dir='ltr'><strong>vui).</strong></span> <span class='ocrx_word' id='word_1_807' title='bbox 966 2370 998 2398; x_wconf 87' lang='lat' dir='ltr'><strong>Hi</strong></span> <span class='ocrx_word' id='word_1_808' title='bbox 1023 2375 1113 2398; x_wconf 90' lang='lat' dir='ltr'><strong>autem</strong></span> <span class='ocrx_word' id='word_1_809' title='bbox 1137 2376 1248 2397; x_wconf 89' lang='lat' dir='ltr'><strong>necesse</strong></span> <span class='ocrx_word' id='word_1_810' title='bbox 1270 2368 1370 2396; x_wconf 86' lang='lat' dir='ltr'><strong>habent</strong></span> <span class='ocrx_word' id='word_1_811' title='bbox 1393 2367 1467 2395; x_wconf 87' lang='lat' dir='ltr'><strong>exire</strong></span> <span class='ocrx_word' id='word_1_812' title='bbox 1492 2366 1527 2394; x_wconf 92' lang='lat' dir='ltr'><strong>ab</strong></span> <span class='ocrx_word' id='word_1_813' title='bbox 1551 2364 1666 2400; x_wconf 85' lang='lat' dir='ltr'><strong>inquisi-</strong></span> 
     </span>
    </p>
   </div>
   <div class='ocr_carea' id='block_1_109' title="bbox 870 2412 1667 2451">
    <p class='ocr_par' dir='ltr' id='par_1_109' title="bbox 870 2412 1667 2451">
     <span class='ocr_line' id='line_1_109' title="bbox 870 2412 1667 2451; baseline -0.01 -6"><span class='ocrx_word' id='word_1_814' title='bbox 870 2418 943 2446; x_wconf 87' lang='lat' dir='ltr'><strong>tione</strong></span> <span class='ocrx_word' id='word_1_815' title='bbox 957 2422 985 2446; x_wconf 93' lang='lat' dir='ltr'><strong>et</strong></span> <span class='ocrx_word' id='word_1_816' title='bbox 999 2425 1093 2445; x_wconf 89' lang='lat' dir='ltr'><strong>amore</strong></span> <span class='ocrx_word' id='word_1_817' title='bbox 1108 2416 1288 2451; x_wconf 90' lang='lat' dir='ltr'><strong>spiritualium</strong></span> <span class='ocrx_word' id='word_1_818' title='bbox 1301 2415 1444 2446; x_wconf 87' lang='lat' dir='ltr'><strong>bonorum,</strong></span> <span class='ocrx_word' id='word_1_819' title='bbox 1463 2417 1491 2440; x_wconf 91' lang='lat' dir='ltr'><strong>et</strong></span> <span class='ocrx_word' id='word_1_820' title='bbox 1503 2412 1596 2439; x_wconf 89' lang='lat' dir='ltr'><strong>videre</strong></span> <span class='ocrx_word' id='word_1_821' title='bbox 1619 2418 1667 2446; x_wconf 86' lang='lat' dir='ltr'><strong>per</strong></span> 
     </span>
    </p>
   </div>
   <div class='ocr_carea' id='block_1_110' title="bbox 871 2457 1665 2498">
    <p class='ocr_par' dir='ltr' id='par_1_110' title="bbox 871 2457 1665 2498">
     <span class='ocr_line' id='line_1_110' title="bbox 871 2457 1665 2498; baseline -0.01 -6"><span class='ocrx_word' id='word_1_822' title='bbox 871 2471 992 2492; x_wconf 90' lang='lat' dir='ltr'><strong>amorem</strong></span> <span class='ocrx_word' id='word_1_823' title='bbox 1017 2463 1096 2491; x_wconf 91' lang='lat' dir='ltr'><strong>vilem</strong></span> <span class='ocrx_word' id='word_1_824' title='bbox 1123 2467 1275 2498; x_wconf 90' lang='lat' dir='ltr'><strong>emptarum</strong></span> <span class='ocrx_word' id='word_1_825' title='bbox 1302 2461 1483 2496; x_wconf 77' lang='lat' dir='ltr'><strong>dignitatum,</strong></span> <span class='ocrx_word' id='word_1_826' title='bbox 1503 2464 1580 2486; x_wconf 81' lang='lat' dir='ltr'><strong>extra</strong></span> <span class='ocrx_word' id='word_1_827' title='bbox 1607 2457 1665 2489; x_wconf 88' lang='lat' dir='ltr'><strong>alti,</strong></span> 
     </span>
    </p>
   </div>
   <div class='ocr_carea' id='block_1_111' title="bbox 871 2503 1667 2544">
    <p class='ocr_par' dir='ltr' id='par_1_111' title="bbox 871 2503 1667 2544">
     <span class='ocr_line' id='line_1_111' title="bbox 871 2503 1667 2544; baseline -0.011 -6"><span class='ocrx_word' id='word_1_828' title='bbox 871 2511 944 2538; x_wconf 89' lang='lat' dir='ltr'><strong>intus</strong></span> <span class='ocrx_word' id='word_1_829' title='bbox 959 2509 1066 2544; x_wconf 81' lang='lat' dir='ltr'><strong>dejecti,</strong></span> <span class='ocrx_word' id='word_1_830' title='bbox 1091 2513 1168 2536; x_wconf 85' lang='lat' dir='ltr'><strong>extra</strong></span> <span class='ocrx_word' id='word_1_831' title='bbox 1190 2508 1267 2541; x_wconf 92' lang='lat' dir='ltr'><strong>clari,</strong></span> <span class='ocrx_word' id='word_1_832' title='bbox 1291 2507 1364 2534; x_wconf 88' lang='lat' dir='ltr'><strong>intus</strong></span> <span class='ocrx_word' id='word_1_833' title='bbox 1391 2505 1539 2533; x_wconf 89' lang='lat' dir='ltr'><strong>tenebrosi.</strong></span> <span class='ocrx_word' id='word_1_834' title='bbox 1560 2504 1598 2531; x_wconf 85' lang='lat' dir='ltr'><strong>De</strong></span> <span class='ocrx_word' id='word_1_835' title='bbox 1624 2503 1667 2530; x_wconf 89' lang='lat' dir='ltr'><strong>his</strong></span> 
     </span>
    </p>
   </div>
   <div class='ocr_carea' id='block_1_112' title="bbox 871 2548 1669 2591">
    <p class='ocr_par' dir='ltr' id='par_1_112' title="bbox 871 2548 1669 2591">
     <span class='ocr_line' id='line_1_112' title="bbox 871 2548 1669 2591; baseline -0.01 -7"><span class='ocrx_word' id='word_1_836' title='bbox 871 2556 1005 2591; x_wconf 90' lang='lat' dir='ltr'><strong>scriptum</strong></span> <span class='ocrx_word' id='word_1_837' title='bbox 1020 2559 1081 2582; x_wconf 87' lang='lat' dir='ltr'><strong>est:</strong></span> <span class='ocrx_word' id='word_1_838' title='bbox 1095 2553 1254 2585; x_wconf 75' lang='grc' dir='ltr'><strong>Ηιιιηάὶιαε,</strong></span> <span class='ocrx_word' id='word_1_839' title='bbox 1267 2553 1301 2579; x_wconf 85' lang='lat' dir='ltr'><strong>ad</strong></span> <span class='ocrx_word' id='word_1_840' title='bbox 1312 2560 1391 2587; x_wconf 83' lang='lat' dir='ltr'><strong>quam</strong></span> <span class='ocrx_word' id='word_1_841' title='bbox 1403 2551 1542 2586; x_wconf 76' lang='lat' dir='ltr'><strong>festinatur</strong></span> <span class='ocrx_word' id='word_1_842' title='bbox 1552 2549 1578 2576; x_wconf 91' lang='lat' dir='ltr'><strong>in</strong></span> <span class='ocrx_word' id='word_1_843' title='bbox 1594 2548 1669 2583; x_wconf 69' lang='lat' dir='ltr'><strong>prii:-</strong></span> 
     </span>
    </p>
   </div>
   <div class='ocr_carea' id='block_1_113' title="bbox 872 2595 1666 2638">
    <p class='ocr_par' dir='ltr' id='par_1_113' title="bbox 872 2595 1666 2638">
     <span class='ocr_line' id='line_1_113' title="bbox 872 2595 1666 2638; baseline -0.011 -8"><span class='ocrx_word' id='word_1_844' title='bbox 872 2603 952 2638; x_wconf 86' lang='lat' dir='ltr'><strong>cipio,</strong></span> <span class='ocrx_word' id='word_1_845' title='bbox 976 2602 1153 2629; x_wconf 81' lang='lat' dir='ltr'><strong>benedictione</strong></span> <span class='ocrx_word' id='word_1_846' title='bbox 1175 2600 1270 2627; x_wconf 78' lang='lat' dir='ltr'><strong>carebit</strong></span> <span class='ocrx_word' id='word_1_847' title='bbox 1283 2600 1311 2626; x_wconf 88' lang='lat' dir='ltr'><strong>in</strong></span> <span class='ocrx_word' id='word_1_848' title='bbox 1328 2598 1470 2626; x_wconf 76' lang='lat' dir='ltr'><strong>novissimo</strong></span> <span class='ocrx_word' id='word_1_849' title='bbox 1483 2597 1493 2633; x_wconf 89' lang='lat'>(</span> <span class='ocrx_word' id='word_1_850' title='bbox 1506 2595 1585 2623; x_wconf 81' lang='lat' dir='ltr'><strong>Prov.</strong></span> <span class='ocrx_word' id='word_1_851' title='bbox 1598 2604 1633 2622; x_wconf 76' lang='lat' dir='ltr'><strong>xx</strong></span> <span class='ocrx_word' id='word_1_852' title='bbox 1646 2595 1666 2630; x_wconf 94' lang='lat'><strong>).</strong></span> 
     </span>
    </p>
   </div>
   <div class='ocr_carea' id='block_1_114' title="bbox 872 2645 1669 2683">
    <p class='ocr_par' dir='ltr' id='par_1_114' title="bbox 872 2645 1669 2683">
     <span class='ocr_line' id='line_1_114' title="bbox 872 2645 1669 2683; baseline -0.011 -6"><span class='ocrx_word' id='word_1_853' title='bbox 872 2649 948 2677; x_wconf 80' lang='lat' dir='ltr'><strong>Alius</strong></span> <span class='ocrx_word' id='word_1_854' title='bbox 965 2649 1054 2676; x_wconf 83' lang='lat' dir='ltr'><strong>dixit:</strong></span> <span class='ocrx_word' id='word_1_855' title='bbox 1071 2647 1142 2683; x_wconf 77' lang='lat' dir='ltr'><strong>luga</strong></span> <span class='ocrx_word' id='word_1_856' title='bbox 1171 2647 1247 2674; x_wconf 87' lang='lat' dir='ltr'><strong>boum</strong></span> <span class='ocrx_word' id='word_1_857' title='bbox 1272 2645 1324 2673; x_wconf 82' lang='lat' dir='ltr'><strong>emi</strong></span> <span class='ocrx_word' id='word_1_858' title='bbox 1352 2645 1477 2680; x_wconf 81' lang='lat' dir='ltr'><strong>quinque,</strong></span> <span class='ocrx_word' id='word_1_859' title='bbox 1507 2648 1530 2670; x_wconf 85' lang='lat' dir='ltr'><strong>et</strong></span> <span class='ocrx_word' id='word_1_860' title='bbox 1553 2651 1583 2670; x_wconf 86' lang='lat' dir='ltr'><strong>eo</strong></span> <span class='ocrx_word' id='word_1_861' title='bbox 1608 2650 1669 2677; x_wconf 80' lang='lat' dir='ltr'><strong>pru-</strong></span> 
     </span>
    </p>
   </div>
   <div class='ocr_carea' id='block_1_115' title="bbox 874 2688 1667 2728">
    <p class='ocr_par' dir='ltr' id='par_1_115' title="bbox 874 2688 1667 2728">
     <span class='ocr_line' id='line_1_115' title="bbox 874 2688 1667 2728; baseline -0.01 -6"><span class='ocrx_word' id='word_1_862' title='bbox 874 2695 936 2722; x_wconf 78' lang='lat' dir='ltr'><strong>bare</strong></span> <span class='ocrx_word' id='word_1_863' title='bbox 950 2694 1007 2721; x_wconf 87' lang='lat' dir='ltr'><strong>illa.</strong></span> <span class='ocrx_word' id='word_1_864' title='bbox 1023 2693 1074 2720; x_wconf 76' lang='lat' dir='ltr'><strong>Per</strong></span> <span class='ocrx_word' id='word_1_865' title='bbox 1091 2694 1209 2728; x_wconf 88' lang='lat' dir='ltr'><strong>quinque</strong></span> <span class='ocrx_word' id='word_1_866' title='bbox 1229 2693 1295 2728; x_wconf 79' lang='lat' dir='ltr'><strong>juga</strong></span> <span class='ocrx_word' id='word_1_867' title='bbox 1315 2692 1407 2725; x_wconf 87' lang='lat' dir='ltr'><strong>boum,</strong></span> <span class='ocrx_word' id='word_1_868' title='bbox 1427 2698 1488 2726; x_wconf 71' lang='lat' dir='ltr'><strong>qua:</strong></span> <span class='ocrx_word' id='word_1_869' title='bbox 1512 2688 1667 2717; x_wconf 87' lang='lat' dir='ltr'><strong>combinata</strong></span> 
     </span>
    </p>
   </div>
   <div class='ocr_carea' id='block_1_116' title="bbox 873 2734 1668 2776">
    <p class='ocr_par' dir='ltr' id='par_1_116' title="bbox 873 2734 1668 2776">
     <span class='ocr_line' id='line_1_116' title="bbox 873 2734 1668 2776; baseline -0.009 -8"><span class='ocrx_word' id='word_1_870' title='bbox 873 2745 953 2773; x_wconf 90' lang='lat' dir='ltr'><strong>sunt,</strong></span> <span class='ocrx_word' id='word_1_871' title='bbox 974 2741 1160 2776; x_wconf 88' lang='lat' dir='ltr'><strong>signiﬁcantur</strong></span> <span class='ocrx_word' id='word_1_872' title='bbox 1184 2740 1302 2774; x_wconf 87' lang='lat' dir='ltr'><strong>quinque</strong></span> <span class='ocrx_word' id='word_1_873' title='bbox 1328 2746 1426 2767; x_wconf 86' lang='lat' dir='ltr'><strong>sensus</strong></span> <span class='ocrx_word' id='word_1_874' title='bbox 1453 2736 1593 2772; x_wconf 81' lang='lat' dir='ltr'><strong>corporis,</strong></span> <span class='ocrx_word' id='word_1_875' title='bbox 1621 2734 1668 2769; x_wconf 89' lang='lat' dir='ltr'><strong>qui</strong></span> 
     </span>
    </p>
   </div>
   <div class='ocr_carea' id='block_1_117' title="bbox 874 2782 1668 2816">
    <p class='ocr_par' dir='ltr' id='par_1_117' title="bbox 874 2782 1668 2816">
     <span class='ocr_line' id='line_1_117' title="bbox 874 2782 1668 2816; baseline -0.009 -1"><span class='ocrx_word' id='word_1_876' title='bbox 874 2788 1002 2816; x_wconf 86' lang='lat' dir='ltr'><strong>similiter</strong></span> <span class='ocrx_word' id='word_1_877' title='bbox 1028 2787 1055 2814; x_wconf 93' lang='lat' dir='ltr'><strong>in</strong></span> <span class='ocrx_word' id='word_1_878' title='bbox 1079 2786 1208 2814; x_wconf 88' lang='lat' dir='ltr'><strong>membris</strong></span> <span class='ocrx_word' id='word_1_879' title='bbox 1228 2786 1374 2814; x_wconf 86' lang='lat' dir='ltr'><strong>combinati</strong></span> <span class='ocrx_word' id='word_1_880' title='bbox 1403 2789 1478 2813; x_wconf 88' lang='lat' dir='ltr'><strong>sunt.</strong></span> <span class='ocrx_word' id='word_1_881' title='bbox 1494 2784 1571 2811; x_wconf 90' lang='lat' dir='ltr'><strong>Sicut</strong></span> <span class='ocrx_word' id='word_1_882' title='bbox 1596 2782 1668 2809; x_wconf 90' lang='lat' dir='ltr'><strong>enim</strong></span> 
     </span>
    </p>
   </div>
   <div class='ocr_carea' id='block_1_118' title="bbox 853 2828 1668 2869">
    <p class='ocr_par' dir='ltr' id='par_1_118' title="bbox 853 2828 1668 2869">
     <span class='ocr_line' id='line_1_118' title="bbox 853 2828 1668 2869; baseline -0.011 -8"><span class='ocrx_word' id='word_1_883' title='bbox 853 2833 935 2869; x_wconf 82' lang='lat' dir='ltr'><strong>.juga</strong></span> <span class='ocrx_word' id='word_1_884' title='bbox 959 2833 1038 2860; x_wconf 91' lang='lat' dir='ltr'><strong>boum</strong></span> <span class='ocrx_word' id='word_1_885' title='bbox 1069 2832 1160 2859; x_wconf 87' lang='lat' dir='ltr'><strong>colunt.</strong></span> <span class='ocrx_word' id='word_1_886' title='bbox 1185 2836 1212 2859; x_wconf 88' lang='lat' dir='ltr'><strong>et</strong></span> <span class='ocrx_word' id='word_1_887' title='bbox 1235 2836 1331 2859; x_wconf 89' lang='lat' dir='ltr'><strong>curant</strong></span> <span class='ocrx_word' id='word_1_888' title='bbox 1358 2831 1396 2867; x_wconf 71' lang='lat' dir='ltr'><strong>if.</strong></span> <span class='ocrx_word' id='word_1_889' title='bbox 1424 2828 1526 2864; x_wconf 77' lang='lat' dir='ltr'><strong>arant]</strong></span> <span class='ocrx_word' id='word_1_890' title='bbox 1555 2833 1668 2857; x_wconf 88' lang='lat' dir='ltr'><strong>terram,</strong></span> 
     </span>
    </p>
   </div>
   <div class='ocr_carea' id='block_1_119' title="bbox 874 2877 1669 2914">
    <p class='ocr_par' dir='ltr' id='par_1_119' title="bbox 874 2877 1669 2914">
     <span class='ocr_line' id='line_1_119' title="bbox 874 2877 1669 2914; baseline -0.01 -6"><span class='ocrx_word' id='word_1_891' title='bbox 874 2881 913 2908; x_wconf 88' lang='lat' dir='ltr'><strong>ita</strong></span> <span class='ocrx_word' id='word_1_892' title='bbox 931 2879 1050 2914; x_wconf 87' lang='lat' dir='ltr'><strong>quinque</strong></span> <span class='ocrx_word' id='word_1_893' title='bbox 1064 2886 1160 2906; x_wconf 88' lang='lat' dir='ltr'><strong>sensus</strong></span> <span class='ocrx_word' id='word_1_894' title='bbox 1183 2877 1305 2912; x_wconf 88' lang='lat' dir='ltr'><strong>corporis</strong></span> <span class='ocrx_word' id='word_1_895' title='bbox 1327 2877 1421 2904; x_wconf 91' lang='lat' dir='ltr'><strong>colunt</strong></span> <span class='ocrx_word' id='word_1_896' title='bbox 1443 2881 1471 2903; x_wconf 87' lang='lat' dir='ltr'><strong>et</strong></span> <span class='ocrx_word' id='word_1_897' title='bbox 1493 2878 1590 2902; x_wconf 83' lang='lat' dir='ltr'><strong>curant</strong></span> <span class='ocrx_word' id='word_1_898' title='bbox 1612 2878 1669 2900; x_wconf 87' lang='lat' dir='ltr'><strong>ter-</strong></span> 
     </span>
    </p>
   </div>
   <div class='ocr_carea' id='block_1_120' title="bbox 854 2922 1670 2960">
    <p class='ocr_par' dir='ltr' id='par_1_120' title="bbox 854 2922 1670 2960">
     <span class='ocr_line' id='line_1_120' title="bbox 854 2922 1670 2960; baseline -0.005 -8"><span class='ocrx_word' id='word_1_899' title='bbox 854 2936 857 2939; x_wconf 61' lang='grc' dir='ltr'><strong><em>λ</em></strong></span> <span class='ocrx_word' id='word_1_900' title='bbox 876 2933 952 2952; x_wconf 84' lang='lat' dir='ltr'><strong>retia.</strong></span> <span class='ocrx_word' id='word_1_901' title='bbox 972 2924 1038 2960; x_wconf 80' lang='lat' dir='ltr'><strong>Juga</strong></span> <span class='ocrx_word' id='word_1_902' title='bbox 1064 2925 1143 2951; x_wconf 82' lang='lat' dir='ltr'><strong>boum</strong></span> <span class='ocrx_word' id='word_1_903' title='bbox 1159 2923 1223 2950; x_wconf 86' lang='lat' dir='ltr'><strong>emit</strong></span> <span class='ocrx_word' id='word_1_904' title='bbox 1250 2923 1295 2957; x_wconf 88' lang='lat' dir='ltr'><strong>qui</strong></span> <span class='ocrx_word' id='word_1_905' title='bbox 1314 2923 1400 2957; x_wconf 72' lang='lat' dir='ltr'><strong>pretio</strong></span> <span class='ocrx_word' id='word_1_906' title='bbox 1425 2923 1522 2949; x_wconf 75' lang='lat' dir='ltr'><strong>anima:</strong></span> <span class='ocrx_word' id='word_1_907' title='bbox 1537 2930 1592 2949; x_wconf 84' lang='lat' dir='ltr'><strong>sua:</strong></span> <span class='ocrx_word' id='word_1_908' title='bbox 1613 2922 1670 2948; x_wconf 73' lang='lat' dir='ltr'><strong>sola</strong></span> 
     </span>
    </p>
   </div>
   <div class='ocr_carea' id='block_1_121' title="bbox 880 2969 1672 3006">
    <p class='ocr_par' dir='ltr' id='par_1_121' title="bbox 880 2969 1672 3006">
     <span class='ocr_line' id='line_1_121' title="bbox 880 2969 1672 3006; baseline -0.004 -9"><span class='ocrx_word' id='word_1_909' title='bbox 880 2971 1046 3006; x_wconf 78' lang='lat' dir='ltr'><strong>temporalia,</strong></span> <span class='ocrx_word' id='word_1_910' title='bbox 1067 2971 1184 3005; x_wconf 80' lang='lat' dir='ltr'><strong>quinque</strong></span> <span class='ocrx_word' id='word_1_911' title='bbox 1207 2970 1332 2999; x_wconf 76' lang='lat' dir='ltr'><strong>sensibus</strong></span> <span class='ocrx_word' id='word_1_912' title='bbox 1355 2969 1485 3003; x_wconf 72' lang='lat' dir='ltr'><strong>subjecta,</strong></span> <span class='ocrx_word' id='word_1_913' title='bbox 1515 2970 1628 3003; x_wconf 78' lang='lat' dir='ltr'><strong>acquirit</strong></span> <span class='ocrx_word' id='word_1_914' title='bbox 1645 2972 1672 2994; x_wconf 81' lang='lat' dir='ltr'><strong>ct</strong></span> 
     </span>
    </p>
   </div>
   <div class='ocr_carea' id='block_1_122' title="bbox 1897 0 1941 886">
    <p class='ocr_par' dir='ltr' id='par_1_122' title="bbox 1908 0 1929 826">
     <span class='ocr_line' id='line_1_122' title="bbox 1908 0 1928 826; baseline 0 -759"><span class='ocrx_word' id='word_1_915' title='bbox 1908 0 1927 826; x_wconf 50' lang='grc' dir='ltr'><strong>ἱ</strong></span> 
     </span>
     <span class='ocr_line' id='line_1_123' title="bbox 1926 231 1929 284; baseline 0 0"><span class='ocrx_word' id='word_1_916' title='bbox 1926 231 1929 284; x_wconf 68' lang='grc' dir='ltr'>ι</span> 
     </span>
    </p>
   </div>
  </div>
