3896 6320
506 313 667 407 usus

1464 344 1487 355 π
1526 298 1876 385 aeneum.
1916 338 1986 354 -
2024 309 2374 367 RADULPHI
2411 308 2755 367 ABDENTIS

3638 304 3735 378 1916

516 454 624 493 non
657 434 829 491 solum
880 449 907 486 a
957 428 1354 511 comessatione
1414 440 1469 485 et
1524 431 1784 487 ebrietate
1806 494 1807 497 η
1830 432 2104 488 saecularis
2132 437 2179 494 Α
2208 434 2251 487 si
2285 432 2429 487 dicat
2456 450 2468 485 :
2502 429 2752 485 Non.vos
2774 426 2873 483 soli
2905 442 3120 497 pngt'ias
3148 435 3205 482 et
3247 426 3569 482 tentaliones
3599 428 3738 486 diaboli

514 512 849 596 Cupiditatis.
889 525 1001 579 lloc
1030 537 1113 581 c~t
1135 524 1277 595 quod
1303 524 1563 579 Dominus
1586 524 1661 578 ait
1687 524 1740 579 iu
1771 525 2100 593 Evangelio:

520 619 704 674 Videte
732 636 793 673 ne
821 633 1101 689 graventur
1122 621 1283 674 corda
1314 627 1482 672 vestra
1509 619 1726 686 crapula
1749 630 1795 671 et
1833 618 2102 683 ebrietate,

510 708 560 767 et
593 714 734 768 ruris
757 696 871 781 ejus
916 714 1117 779 stzculi,
1151 729 1213 765 ne
1240 714 1381 781 [orte
1412 711 1579 764 veniat
1623 713 1675 765 in
1707 728 1792 765 vos
1838 712 2106 781 repentina

512 794 795 861 calamitas
819 804 971 877 (Luc.
1010 812 1144 871 nt).
1186 804 1290 859 Sed
1323 802 1603 873 quianon
1651 805 1846 860 suilieit
1894 803 2105 859 sobrios

512 915 652 961 esse.
688 902 789 953 nisi
822 884 1117 954 etiamnos
1140 898 1389 953 oratione
1432 898 1761 963 nnmiamnr,
1794 899 1942 952 addit
1971 914 1987 953 :
2039 895 2106 950 Et

512 993 721 1062 rigilate
757 994 809 1047 in
835 994 1179 1047 orationibus.
1216 992 1385 1046 Porro
1411 993 1461 1046 in
1508 993 1756 1047 oratione
1788 1008 1885 1047 nos
1915 991 2107 1062 placci-

512 1085 592 1156 Iit
627 1084 868 1157 vigilare.
906 1102 1009 1139 non
1044 1085 1217 1138 solum
1260 1095 1318 1139 ut
1346 1086 1396 1139 in
1438 1088 1548 1155 ipsa
1574 1086 1819 1139 oratione
1853 1101 1957 1139 nou
1985 1085 2105 1155 vagi

513 1189 714 1241 mente,
742 1178 833 1231 sed
883 1178 1061 1247 potius
1092 1178 1282 1232 intenti
1331 1186 1385 1232 ct
1433 1178 1623 1245 vigiles
1672 1178 1859 1238 simus.
1918 1178 2013 1233 sed
2051 1186 2111 1231 ιιι

510 1273 679 1325 etiam
735 1286 839 1324 non
896 1270 1069 1327 solum
1127 1272 1179 1326 in
1236 1272 1444 1326 diurnis
1497 1272 1669 1337 boris,
1700 1273 1795 1327 sed
1836 1273 2000 1327 etiam
2055 1272 2107 1326 in

510 1363 811 1437 nocturnis,
868 1362 917 1414 in
950 1362 1199 1417 oratione
1229 1363 1651 1417 meminerimus
1688 1363 1928 1433 vigilare.
1954 1361 2108 1430 juxta

511 1457 655 1527 quod
678 1455 921 1525 prmcipit
946 1453 1209 1511 Jeremias
1239 1475 1249 1508 :
1286 1456 1456 1526 Surge
1486 1466 1535 1508 et
1574 1455 1735 1508 lauda
1768 1458 1819 1509 in
1848 1455 2111 1523 principio

509 1548 807 1617 tigiliarnm
845 1560 1056 1601 tuarunt
1090 1547 1307 1619 (Threu.
1344 1555 1425 1613 ιι).
1458 1547 1521 1600 Et
1558 1546 1723 1600 David
1758 1565 1770 1599 :
1821 1547 2021 1615 Septies
2056 1547 2111 1599 in

510 1642 595 1695 die
629 1641 836 1695 laudem
867 1642 981 1694 diri
1009 1641 1101 1693 tibi
1124 1657 1143 1705 ;
1179 1650 1233 1695 et
1260 1656 1274 1693 :
1323 1638 1499 1692 Media
1548 1648 1695 1693 nocte
1722 1640 1998 1709 surgebam
2042 1640 2111 1692 ad

510 1732 864 1799 conﬁtendum
895 1732 989 1785 tibi
1048 1729 1225 1801 (l’sal.
1280 1733 1492 1794 cxmt).
1544 1729 1608 1784 Et
1643 1746 1814 1799 quare
1847 1740 1930 1785 est
1978 1730 2111 1802 vigi-

2208 523 2510 584 sustinetis,
2540 520 2633 575 sed
2684 520 2848 573 etiam
2882 534 3081 576 omnes
3128 518 3319 573 fideles
3355 519 3451 587 qui
3486 518 3533 572 in
3560 520 3638 572 hac
3665 522 3739 574 rita

2207 623 2355 678 sunt,
2403 623 2511 666 tam
2544 612 2640 665 viri
2669 628 2832 682 quam
2884 610 3331 678 mulieres,'tam'
3352 625 3512 664 senes
3545 611 3742 679 quamiu-

2211 706 2413 766 niores.
2440 713 2629 758 contra
2657 704 2955 759 diabolicas
2988 704 3281 758 luctantur
3313 700 3744 756 tentationes.Pro-

2211 807 2392 869 pterca
2437 807 2591 867 turpe
2616 796 2685 851 sit
2714 797 2887 863 vobis,
2922 797 3047 861 viri,
3074 796 3336 866 superari
3367 810 3397 848 a
3432 795 3747 850 tentationibas

2210 891 2436 958 diaboli,
2466 906 2603 961 quas
2631 890 2794 945 etiam
2824 891 3087 945 mulieres
3108 889 3463 944 devicerunt.
3490 886 3747 957 Turpequo-

2211 1001 2316 1055 que
2340 986 2412 1040 sit
2438 986 2610 1060 vobis,
2638 983 2846 1039 barbati
2878 993 2937 1039 et
2981 984 3209 1045 canuti,
3233 980 3493 1051 superari
3516 996 3542 1033 a
3567 981 3752 1035 tentatio-

2214 1077 2373 1133 nibus
2400 1077 2621 1146 diaboli,
2644 1094 2803 1149 quas
2826 1078 2993 1133 etiam
3022 1076 3178 1147 pueri
3219 1084 3280 1130 et
3312 1074 3611 1144 impuberes
3645 1074 3752 1129 devi-

2214 1181 2430 1226 cerunt.
2484 1172 2681 1242 Turpe‘
2708 1171 2871 1225 etiam
2922 1170 2995 1225 sit
3049 1168 3381 1239 unicuique,
3438 1167 3689 1221 molliorem
3718 1179 3756 1222 et

2211 1265 2655 1320 elfentinatiorem
2680 1280 2818 1325 esse,
2853 1279 2955 1319 nec
2988 1263 3251 1319 resistere
3285 1261 3758 1331 lentalionibusqui-

2214 1360 2315 1413 bus
2348 1360 2776 1415 innumerabiles
2806 1358 3089 1414 resistunt.
3352 1380 3359 1389 τ
3558 1373 3563 1376 '

2203 1494 2217 1502 .
2286 1450 2544 1519 Sequitur
2579 1468 2704 1521 pars
2748 1459 2964 1521 quarta,
3000 1450 3054 1503 in
3088 1464 3195 1518 qua
3248 1448 3552 1519 Apostolus
3594 1449 3760 1519 spondet

2218 1545 2463 1600 fidelibus
2490 1549 2855 1617 pugnantibus
2886 1545 2979 1601 Dei
3018 1542 3284 1597 auxilium
3315 1543 3391 1595 ad
3420 1542 3760 1603 fntnrum,sub-

2218 1636 2387 1692 deus:
2443 1637 2579 1691 Deus
2602 1647 2780 1692 autem
2801 1637 2971 1692 omnis
3014 1634 3228 1704 gratiae,
3272 1632 3373 1700 qui
3402 1633 3599 1685 vocarit
3637 1632 3761 1685 nasia

2217 1739 2473 1783 a’ternam
2520 1730 2743 1799 gloriam
2793 1746 2945 1784 suam
2998 1728 3055 1779 in
3101 1724 3322 1779 Christo
3376 1724 3513 1779 Jesu
3567 1728 3761 1779 modum

510 1794 730 1877 landum
785 1824 838 1877 in
889 1794 1270 1877 orationibus?
1323 1822 1460 1887 Quia
1498 1794 1857 1888 adversarius,
1914 1794 2108 1893 inquit,
2144 1794 2192 1853 Β
2216 1839 2420 1892 passos,
2452 1794 2560 1891 ipsis
2593 1823 2851 1891 perﬁciet.
2895 1826 3237 1897 conﬁrmabit
3271 1823 3638 1892 solidabitqae.
3670 1823 3765 1877 Dici-

510 1925 675 1967 t'estcr
702 1914 969 1979 diabolus,
998 1924 1248 1983 tanquam
1279 1912 1359 1966 leo
1402 1914 1613 1981 rugiens
1640 1912 1827 1970 circuit
1870 1933 2110 1987 quwrens

509 1990 661 2075 quem
694 2008 897 2060 decoret
945 2006 1160 2073 (Ibid.l.
1194 2008 1438 2074 Quatuor
1468 2011 1702 2065 reddunt
1732 2012 2003 2066 diabolum
2032 2014 2111 2067 itt-

511 2108 840 2154 structorem
888 2100 953 2152 ad
1008 2104 1330 2154 nocendum.
1382 2101 1515 2168 Quia
1568 2120 1841 2175 nunquam
1891 2104 2107 2170 dormit,

511 2180 604 2249 Sed
629 2210 845 2266 semper
868 2193 1053 2263 vigilat
1090 2192 1142 2246 in
1173 2192 1405 2259 insidiis,
1438 2194 1563 2263 quia
1598 2207 1681 2252 est
1716 2197 2024 2262 invisibilis,
2055 2207 2111 2252 et

511 2284 631 2342 ideo
652 2288 824 2355 magis
846 2302 1039 2342 nocere
1060 2294 1256 2356 potest,
1282 2287 1406 2356 quia
1432 2290 1667 2344 naturali
1688 2290 1847 2346 callet
1867 2292 2106 2363 ingenio,

494 2382 635 2449 quia
665 2391 747 2435 est
775 2379 1066 2449 longaevus,
1104 2390 1157 2435 et
1184 2381 1303 2434 ideo
1332 2393 1396 2433 ex
1422 2380 1577 2454 longa
1612 2387 1948 2455 experientia
1983 2402 2104 2441 ver-

512 2474 702 2549 sutior.
729 2474 863 2540 Quia
892 2490 1020 2544 ergo
1044 2490 1073 2528 a
1097 2476 1387 2533 lvcrsarins
1422 2488 1602 2533 noster
1624 2479 1697 2533 ita
1721 2490 1803 2534 est
1834 2483 2098 2547 munitus,

510 2568 636 2624 ideo
666 2570 835 2641 major
865 2569 1159 2624 necessitas
1186 2571 1341 2628 nobis
1374 2572 1633 2628 incumbit
1670 2575 1949 2645 vigilandi,
1980 2585 2101 2629 tan-

511 2676 689 2729 quam,
722 2661 914 2730 inquit,
957 2661 1035 2715 leo
1086 2663 1317 2731 rugiens.
1350 2663 1579 2731 Quando
1616 2664 1865 2719 diabolus
1912 2676 2101 2737 aperte

511 2750 690 2818 Stevit,
721 2750 805 2806 leo
847 2763 1117 2819 vocatur;
1158 2755 1377 2823 quando
1416 2755 1629 2811 occulte
1680 2756 1924 2811 immittit
1955 2757 2111 2813 nobis

511 2857 813 2899 venenosas
857 2847 1203 2910 tentationes,
1237 2862 1463 2917 serpens
1498 2850 1736 2912 dicitur;
1771 2852 1988 2919 quando
2012 2867 2111 2921 per

510 2936 859 2991 calliditatem
893 2955 990 2993 nos
1012 2940 1389 3005 circumvenit,
1414 2941 1612 2996 dicitur
1638 2942 1855 3012 vulpes;
1886 2944 2105 3013 quando

509 3042 627 3089 non,
654 3026 708 3081 in
740 3028 1024 3099 principio,
1055 3031 1149 3085 sed
1179 3032 1230 3085 in
1268 3032 1375 3087 ﬁne
1417 3032 1575 3097 fallit,
1623 3034 1822 3088 dicitur
1865 3035 2104 3106 scorpio,

508 3120 593 3174 vel
631 3120 813 3184 draco,
845 3133 898 3176 et
930 3121 1258 3191 bujusmodi.
1310 3123 1465 3180 Unde
1488 3124 1753 3195 scriptum
1785 3133 1906 3180 est:
1938 3124 2110 3197 Super
2136 3158 2179 3216 ο

508 3215 741 3283 aspidem
772 3226 818 3270 et
848 3216 1148 3271 basiliscum
1179 3217 1496 3281 ambulabis.
1533 3228 1579 3273 et
1618 3218 1948 3273 conculcabis
1992 3220 2101 3274 leo-

508 3322 623 3360 nem
669 3319 716 3361 et
750 3308 1031 3363 draconem
1084 3310 1261 3381 (l’sul.
1296 3315 1406 3376 xc).
1449 3310 1604 3365 Sicut
1648 3320 1832 3364 autem
1866 3310 1948 3365 leo
2009 3328 2103 3365 rn-

506 3399 704 3467 giendo
753 3402 920 3458 mittit
950 3405 1236 3472 quemdam
1273 3414 1535 3459 terrorem
1584 3412 1640 3458 et
1684 3403 2108 3473 obstupefactioo

507 3507 631 3545 nem
692 3494 1039 3561 animalibus,
1099 3512 1167 3552 ne
1222 3496 1411 3566 fugere
1461 3496 1691 3566 possint,
1753 3496 1824 3549 ita
1863 3495 2106 3551 diabolus

510 3583 806 3641 adveniens
844 3588 979 3642 solet
1008 3589 1227 3643 mittere
1256 3587 1566 3642 hominibus
1593 3587 1883 3657 quemdam
1918 3586 2107 3643 horro-

508 3692 623 3733 rem
648 3688 702 3733 et
725 3690 1024 3751 stuporem,
1055 3698 1121 3738 ne
1144 3682 1246 3737 sibi
1270 3695 1465 3737 cavere
1483 3690 1705 3752 queant.
1732 3680 1943 3737 CirCuit
1967 3697 2104 3751 quo-

507 3787 635 3841 que,
688 3774 753 3827 ad
787 3775 1003 3829 modum
1054 3774 1245 3838 leonis,
1277 3773 1418 3827 ovile
1452 3773 1712 3837 fidelium,
1757 3782 1814 3828 ut
1847 3773 1890 3829 si
1940 3789 2103 3843 quem

508 3864 751 3920 inveniat
777 3868 842 3921 ab
887 3868 1088 3921 unione
1115 3867 1343 3922 aliorum
1376 3877 1671 3930 errantem,
1704 3866 1936 3920 occidat.
1987 3866 2106 3920 Cir-

506 3959 618 4012 cuit
646 3960 808 4013 etiam
841 3976 1282 4032 unumquemque
1334 3961 1570 4024 fidelem,
1605 3968 1663 4014 ut
1708 3960 1751 4015 si
1782 3958 1922 4014 forte
1957 3958 2104 4015 inve-

506 4048 622 4102 niat
653 4050 706 4103 in
738 4066 804 4105 eo
827 4050 1063 4122 aliquam
1097 4061 1303 4122 partem
1337 4052 1515 4107 minus
1541 4050 1830 4113 munitam,
1864 4066 1960 4121 per
1980 4065 2101 4105 eam

506 4140 740 4195 introeat
773 4151 829 4195 et
878 4143 1128 4212 perimat.
1178 4143 1433 4207 Proinde,
1486 4144 1682 4198 fratres
1724 4144 1851 4209 mei,
1908 4142 2100 4211 majori

504 4231 759 4287 violentia
799 4237 1173 4305 unusquisque
1225 4252 1282 4291 se
1332 4237 1624 4302 custodiat,
1678 4252 1745 4291 ne
1790 4237 1859 4291 ab
1904 4236 2103 4291 unione

505 4324 681 4382 fidelis
710 4330 888 4399 gregis
929 4339 1263 4400 segregetur.
1301 4329 1493 4385 Servet
1531 4330 1721 4398 etiam,
1755 4329 1910 4399 juxta
1942 4331 2098 4385 Salo-

505 4433 744 4486 moocm,
772 4422 919 4475 omni
948 4422 1190 4476 custodia
1214 4436 1309 4476 cor
1332 4438 1487 4476 suum
1517 4419 1699 4492 (Prov.
1740 4422 1836 4493 tv),
1871 4438 1939 4478 ne
1961 4422 2099 4478 forte

2217 1926 2305 1969 tur
2331 1924 2513 1969 autem
2547 1913 2683 1968 Deus
2705 1918 2885 1972 omnis
2907 1919 3119 1988 gratiae,
3143 1918 3419 1988 quoniam
3447 1916 3618 1971 omnis
3635 1916 3767 1983 grati:

2216 2007 2443 2078 largitor
2477 2017 2580 2073 est,
2628 2009 2755 2077 quia
2803 2010 3132 2079 incipientis,
3186 2009 3539 2080 prolicientis
3569 2018 3613 2063 et
3653 2012 3765 2078 perli-

2215 2099 2445 2163 cientis,
2471 2102 2844 2156 confirmantis
2876 2112 2948 2157 et
2995 2103 3404 2158 consalidantis
3440 2119 3455 2166 ;
3505 2110 3560 2156 et
3598 2101 3769 2170 ipsequi

2215 2195 2432 2249 vocavit
2457 2211 2550 2250 vos
2578 2212 2674 2264 per
2718 2196 2951 2267 gratiam
2986 2211 3139 2249 suam
3168 2196 3542 2265 incipientem
3574 2207 3620 2249 et
3654 2195 3771 2265 perli-

2218 2287 2478 2352 cieutem,
2509 2288 2760 2343 similiter
2804 2304 2899 2359 per
2924 2289 3341 2359 suam‘gratiam
3375 2288 3619 2359 perficiet
3642 2304 3715 2342 vos
3736 2287 3773 2342 in

2216 2379 2300 2433 eis
2323 2394 2442 2449 qum
2467 2380 2621 2435 vobis
2654 2383 2870 2449 desunt,
2899 2393 2955 2436 et
2982 2381 3343 2437 conﬁrmabit
3369 2396 3472 2436 vos
3518 2396 3582 2435 ne
3599 2381 3773 2445 cadatis,

2216 2482 2273 2526 et
2299 2473 2661 2528 eonsolidabit
2704 2475 2756 2528 in
2790 2473 2893 2528 alia
2926 2475 3055 2539 vita,
3083 2492 3150 2529 ne
3185 2475 3395 2530 cadere
3425 2473 3656 2544 possitis.
3697 2472 3776 2528 Sed

2214 2564 2534 2635 interponit,
2560 2568 2854 2621 ostendens
2888 2568 2954 2622 ad
2986 2570 3113 2637 quid
3139 2569 3433 2625 vocaverit
3460 2583 3581 2635 nos,
3605 2569 3707 2637 quia
3728 2568 3777 2621 ad

2213 2670 2475 2714 aeternam
2500 2661 2750 2731 gloriam
2782 2650 3046 2727 somniet
3098 2677 3196 2733 per
3227 2679 3356 2733 qua:
3386 2662 3656 2718 vocaverit
3691 2676 3777 2725 nos,

2212 2752 2338 2821 quia
2365 2768 2461 2822 per
2489 2755 2788 2822 passiones,
2814 2756 2956 2825 quod
2993 2756 3236 2811 ostendit
3260 2772 3393 2810 cum
3434 2757 3536 2819 ait,
3566 2754 3778 2810 Modica:

2212 2860 2417 2913 passos.
2469 2844 2735 2901 Modicum
2768 2860 2949 2902 autem
2979 2847 3099 2903 ideo
3141 2849 3299 2913 dicit,
3327 2850 3461 2918 quia
3511 2848 3778 2919 temporales

2214 2937 2493 3005 passiones
2524 2948 2579 2993 et
2623 2940 2815 2995 breves
2860 2950 2916 2996 et
2962 2941 3122 2996 nulla:
3161 2952 3295 2996 sunt
3330 2951 3585 3013 respectu
3633 2940 3779 2996 imm

2213 3029 2583 3095 beatitudinis,
2609 3030 2762 3100 juxta
2816 3033 2944 3088 illud
2984 3033 3134 3089 Pauli
3169 3052 3183 3089 :
3242 3032 3521 3088 Existimo
3543 3035 3672 3101 quod
3707 3050 3779 3085 nos

2212 3129 2336 3173 sunt
2366 3123 2643 3193 condigna:
2667 3124 2936 3193 passiones
2976 3125 3136 3193 hujus
3183 3120 3444 3195 temporis
3477 3124 3550 3178 ad
3590 3126 3782 3193 [stum

2211 3213 2437 3281 gloriam
2461 3231 2580 3285 qua:
2618 3215 2930 3270 revelabitur
2972 3216 3025 3270 in
3076 3217 3225 3271 nobis
3253 3215 3447 3286 (Rom.
3478 3224 3621 3277 rut).
3665 3216 3717 3271 Et
3743 3217 3782 3269 in

2211 3318 2318 3374 quo
2348 3307 2621 3361 vocaverit
2649 3308 2784 3363 nos?
2814 3309 2938 3379 quia
2968 3309 3021 3364 in
3046 3308 3268 3365 Christo
3293 3306 3391 3365 Jes
3405 3325 3462 3362 ιι.
3504 3306 3612 3362 Sed
3632 3319 3676 3363 et
3708 3308 3785 3364 hoc

2217 3398 2285 3453 ad
2317 3399 2525 3470 singula
2553 3396 2751 3456 referri
2769 3412 2966 3472 potest,
2998 3390 3255 3471 quoniam
3289 3402 3422 3457 etin
3455 3402 3673 3457 Christo
3687 3399 3784 3456 less

2211 3492 2355 3560 passi
2385 3494 2542 3557 sunt,
2565 3504 2620 3548 et
2666 3493 2718 3547 in
2744 3492 2965 3549 Christo
2990 3492 3118 3549 Jesu
3160 3494 3441 3563 perficiet,
3483 3493 3787 3551 confirmabit

2210 3594 2267 3639 et
2302 3586 2683 3641 consolidabit.
2710 3580 2851 3654 'Ipsi
2886 3586 3058 3657 gloria
3099 3598 3146 3641 et
3188 3588 3477 3654 imperium
3507 3604 3605 3656 per
3646 3587 3787 3643 omnis

2211 3676 2409 3732 sa'cula
2460 3677 2797 3732 sucularum.
2837 3679 3022 3733 Amen.
3080 3677 3185 3747 ipsi
3234 3678 3464 3749 quidem
3491 3688 3583 3733 est
3628 3677 3786 3749 gloria,

2209 3770 2468 3839 quoniam
2499 3770 2639 3825 sicut
2684 3781 2873 3840 potens
2908 3782 2992 3826 est
3034 3772 3121 3826 hic
3152 3770 3291 3827 dare
3335 3773 3602 3844 gratiam,
3634 3773 3699 3825 ita
3724 3778 3789 3824 est

2210 3875 2401 3933 potens
2438 3864 2489 3918 in
2538 3862 2719 3920 futuro
2749 3865 2881 3918 dare
2929 3865 3085 3920 nobis
3133 3864 3390 3937 gloriam.
3451 3864 3560 3934 Ipsi
3609 3876 3789 3933 quoque

2208 3954 2516 4025 imperium,
2562 3955 2820 4026 quoniam
2870 3955 3014 4012 sicut
3045 3966 3241 4027 potens
3283 3967 3370 4012 est
3404 3957 3495 4013 bic
3545 3955 3788 4011 diabolum

2207 4057 2262 4102 et
2284 4064 2412 4104 suos
2438 4044 2668 4119 imperio
2700 4064 2799 4105 suo
2834 4049 3132 4117 refrenare,
3180 4054 3254 4106 ita
3284 4060 3483 4121 potens
3508 4050 3618 4104 erit
3643 4049 3692 4103 iu
3721 4046 3787 4100 fac

2209 4151 2329 4197 Iuro
2361 4142 2589 4212 imperio
2636 4158 2734 4198 suo
2754 4157 2849 4199 eos
2897 4144 3185 4199 damnare.
3229 4142 3341 4199 Nos
3368 4146 3552 4213 ergo,
3592 4142 3783 4205 fratres,

2206 4249 2328 4288 eum
2363 4225 2734 4304 rogemus,'ut
2760 4237 2851 4291 det
2881 4236 3039 4291 nobis
3070 4221 3382 4307 perfectam
3425 4236 3784 4295 humilitatem,

2205 4336 2259 4381 et
2287 4340 2441 4398 Spem
2475 4326 2528 4381 in
2578 4342 2639 4383 se
2685 4335 2742 4382 et
2791 4328 3067 4387 fiduciam.
3102 4328 3195 4383 det
3220 4337 3277 4383 et
3323 4327 3702 4394 sobrietatem,
3744 4332 3788 4377 et

2206 4421 2387 4482 tidem.
2423 4429 2475 4475 et
2527 4420 2579 4474 in
2632 4420 2882 4475 oratione
2926 4419 3261 4491 vigilantiam
3312 4429 3653 4488 ceterasque
3703 4416 3788 4469 viro

503 4512 768 4568 incuriam
826 4526 1065 4569 nostram
1097 4515 1291 4584 aliquis
1326 4516 1581 4570 introitus
1636 4515 1687 4569 in
1720 4517 1879 4570 nobis
1908 4517 2099 4570 adver-
2135 4531 2179 4590 ο
2209 4522 2387 4579 tutes,‘
2425 4528 2522 4583 per
2572 4528 2709 4582 quas
2762 4511 3040 4568 valeamus
3087 4510 3367 4568 diabolum
3420 4524 3699 4583 superare,
3744 4516 3787 4562 et

501 4609 649 4662 sario
706 4609 1031 4679 reperiatur.
1091 4609 1188 4664 Cui
1248 4609 1521 4679 quomodo
1575 4607 1937 4662 resistendum
2005 4610 2094 4674 sit,

500 4702 760 4765 ostendit,
788 4703 1062 4758 subdens:
1097 4700 1197 4757 Cui
1225 4702 1478 4765 resistite,
1509 4700 1669 4768 fortes
1697 4700 1750 4753 in
1779 4700 1905 4768 ﬁde.
1928 4698 2101 4772 Junge

503 4792 669 4864 igitur
698 4794 856 4850 Iidem
887 4810 1010 4850 cum
1052 4795 1347 4848 sobrietate
1376 4802 1432 4847 et
1480 4791 1749 4856 oratione,
1778 4808 1919 4862 quas
1960 4808 2100 4863 prte-

502 4888 671 4951 misit,
701 4897 755 4941 et
784 4888 953 4943 babes
990 4888 1089 4941 tria
1123 4902 1218 4955 per
1236 4901 1358 4955 qua:
1384 4886 1598 4940 diabolo
1635 4894 1787 4956 potes
1817 4886 2091 4942 resistere.

500 4976 610 5049 Per
658 4979 1007 5034 sobrietatem
1053 4977 1251 5047 quippe
1288 4975 1597 5048 vigilamus,
1642 4992 1738 5047 per
1789 4977 2094 5033 orationem

498 5071 772 5125 diabolum
824 5084 1215 5139 cxpugnamus,
1264 5079 1319 5123 et
1354 5085 1448 5139 per
1494 5069 1677 5133 fidem,
1726 5084 1824 5139 per
1852 5070 2099 5125 cltarita-

500 5176 608 5221 tem
638 5173 978 5234 operantem,
1011 5160 1228 5219 fraudes
1256 5172 1309 5219 et
1359 5165 1684 5219 tentalioues
1720 5165 1836 5235 ejus
1863 5179 2095 5219 evacua-

500 5256 850 5311 mns..Unde
893 5256 1133 5312 Paulus:
1174 5256 1238 5310 In
1286 5258 1526 5311 omnibus
1574 5268 1834 5311 sumentes
1885 5268 2093 5311 scutum

499 5350 647 5415 ﬁdei,
676 5352 728 5402 in
764 5365 863 5417 qua
892 5349 1101 5418 possitis
1127 5348 1278 5419 ignea
1308 5350 1609 5419 nequissimi
1639 5347 1741 5401 tela
1766 5347 2094 5416 exstinguere

498 5440 718 5509 {Ep/res.
761 5444 871 5509 γι).Δ
900 5440 972 5494 Εῐ“
1008 5439 1264 5493 Dominus
1307 5440 1359 5493 in
1394 5438 1684 5507 Evangelio
1712 5456 1725 5492 :
1759 5435 1818 5491 Si
1846 5437 2092 5491 habueri-

496 5533 564 5585 tis
594 5533 748 5598 ﬁdem
777 5545 1027 5602 qmmtutn
1057 5534 1515 5603 grnnnntsinapis,
1539 5533 1720 5585 dicetis
1744 5532 1908 5585 monti
1927 5531 2049 5584 huic
2068 5544 2088 5582 :

430 5677 443 5690 ,
502 5628 753 5703 Transfer
780 5646 828 5687 te
856 5646 904 5689 et
925 5636 1074 5705 j-tcta
1114 5644 1163 5687 te
1212 5637 1265 5687 in
1298 5649 1462 5695 mare,
1511 5642 1557 5685 et
1598 5633 1685 5701 ﬁet
1718 5631 1870 5699 (Luc.
1926 5628 2093 5702 xm).

424 5770 428 5774 .
500 5723 717 5780 Deinde
738 5728 984 5795 exemplo
1012 5725 1237 5780 aliortnn
1266 5740 1361 5779 nos
1394 5719 1797 5779 monet'diaboli
1832 5724 2089 5778 lentatio-

498 5818 658 5872 nilms
687 5819 963 5882 resistere,
994 5818 1267 5873 subdens:
1305 5817 1539 5872 Scicntes
1561 5817 1796 5871 eamdem
1827 5818 2084 5871 tentatio-

502 5924 617 5963 nem
649 5918 697 5963 et
719 5925 839 5979 qute
863 5910 920 5964 in
950 5910 1146 5964 mundo
1171 5920 1244 5966 est
1275 5922 1458 5967 vestra:
1484 5910 1805 5981 [ralernitati
1829 5908 1971 5981 ﬁeri.»
2002 5908 2084 5967 Ac

2203 4606 2430 4677 gloriam
2476 4606 2733 4676 consequi
2753 4606 3168 4675 sempiternam.
3199 4605 3356 4673 Quod
3410 4606 3529 4676 ipse
3552 4611 3785 4675 perstare

2203 4699 2474 4771 dignetur,
2506 4699 2599 4772 qui
2638 4708 2722 4754 est
2748 4699 3066 4755 benedictus
3090 4699 3142 4753 in
3175 4697 3377 4753 saecula
3410 4696 3578 4753 Deus.
3608 4698 3781 4750 Amen.

2799 4789 3079 4847 IIOMILIA
3110 4788 3201 4846 IX.

2448 4902 2703 4943 oommcs
2750 4900 2953 4941 TERTIA
2997 4900 3130 4940 pos'r
3160 4879 3548 4940 amat-run.

2274 4979 2445 5035 Erant
2468 4980 2944 5051 appropinquantes
2971 4982 3041 5035 ad
3068 4981 3258 5037 Iesum
3295 4978 3569 5048 publicani
3594 4986 3641 5030 e!
3665 4988 3773 5040 pec-

2197 5082 2398 5127 catores
2421 5081 2479 5126 ut
2505 5073 2748 5127 audirent
2780 5073 2928 5126 illum
2951 5071 3104 5143 (Luc.
3135 5074 3256 5144 xv).
3279 5072 3527 5139 Quatuor
3546 5063 3774 5137 capitulis

2196 5163 2548 5235 distinguitur
2605 5167 2735 5220 lucc
2770 5165 2951 5226 lectio.
2997 5165 3195 5221 fratres
3250 5167 3390 5221 mei.“
3424 5164 3608 5218 Primo
3648 5157 3771 5214 enim

2195 5259 2434 5313 continet
2460 5259 2839 5327 ptenitentium
2871 5260 2938 5313 ad
2979 5257 3259 5314 Christum
3285 5248 3673 5314 accessionum
3700 5263 3772 5304 εε-

2195 5350 2372 5406 cnndo
2423 5351 2820 5407 Pharisaeorum
2878 5352 3001 5407 imie
3036 5351 3575 5411 murmurationem.
3627 5342 3770 5399 ιεηίθ

2193 5446 2334 5515 quod
2363 5454 2677 5515 peccatores
2700 5445 2930 5499 debeant
2955 5443 3158 5513 suscipi
3188 5454 3246 5499 et
3275 5445 3433 5499 etiam
3465 5438 3634 5512 queri
3656 5448 3767 5504 pm-

2192 5537 2499 5602 irationem,
2524 5546 2721 5608 quarto
2750 5537 2817 5591 de
2860 5551 2967 5591 uno
2999 5544 3289 5606 peccatore
3323 5546 3587 5590 converso
3611 5525 3765 5594 matis

2192 5645 2353 5701 quant
2384 5632 2450 5685 de
2470 5630 2794 5700 quibusdam
2817 5627 2923 5699 just
2936 5629 2982 5683 is
3011 5628 3448 5683 exsultationem.
3482 5620 3760 5681 ostentm!

2192 5726 2355 5797 igitur
2375 5727 2606 5796 prinunn
2630 5735 2945 5797 peccatores
2969 5724 3297 5795 pmoiteutes
3322 5719 3586 5776 accessise
3601 5714 3666 5804 ad

2192 5832 2335 5883 sum,
2374 5817 2452 5871 ait
2477 5834 2490 5869 :
2511 5816 2680 5871 Erant
2711 5816 3194 5896 appropinquantes
3214 5816 3284 5867 ad
3304 5811 3481 5867 Iesum
3514 5803 3757 5877 publica?

2194 5917 2242 5966 et
2262 5920 2575 5980 peccatores.
2607 5907 2677 5968 Et
2695 5907 2820 5981 quia
2840 5906 3063 5966 sinistra
3090 5906 3391 5964 intentione
3423 5906 3638 5975 possent
3672 5903 3753 5961 ar-
