3896 6320
127 361 276 422 non
755 344 1064 406 HOMILIAB
1100 333 1426 402 tN'Eptsr.
1465 338 1553 399 ET
1590 336 1847 398 EVANG.
1894 329 2194 394 DOMthC.
2233 299 2522 387 L-‘rsas
2559 323 2630 406 ιι.⁴
3134 392 3136 395 ι
3218 277 3370 380 lina

144 475 489 556 PropittQttare,
518 464 718 533 subdit,
767 473 826 518 ut
865 446 1346 518 audirentverbum
1374 459 1491 515 Dei.
1534 447 1692 515 Patet
1718 463 1770 520 Δ
1797 469 2010 527 quoque
2036 448 2284 520 exemplo
2315 442 2483 501 ηοδιτί
2513 436 2889 510 Redempiorls
2935 437 3036 495 hac
3075 420 3378 494 lnwmio"?

2217 543 2248 556 ..
2422 550 2661 556 _-_____-_
2829 534 3104 556 ----_,_-_-
3157 532 3370 556 __-__m

144 532 252 556 ιρι
332 532 344 546 .
479 532 482 533 ν
704 532 710 533 κ

142 588 256 641 ergo
282 566 396 638 quia
425 577 527 616 nou
561 559 732 614 solum
784 570 1028 626 corpore,
1057 553 1148 609 sed
1181 554 1346 608 etiam
1393 559 1575 607 mente
1621 551 1690 607 ad
1785 549 1916 609 ’cum
1959 543 2336 618 peccatoribus
2377 550 2684 610 possumus,
2737 534 3107 590 utoccasioue
3157 532 3373 604 prandii
3460 578 3467 587 .

143 679 250 720 eum
283 652 788 727 appropinquabant-
825 646 1343 718 Appropinqnabant
1383 645 1527 700 enim
1561 653 1687 700 tan-
1780 630 1886 701 ieos
1913 641 2268 708 corrigamus,
2316 640 2372 688 et
2414 629 2542 685 dum
2576 641 2676 682 nos
2723 634 2950 696 pascunt
2995 622 3374 695 corporaliter,

139 770 281 829 quam
312 749 496 806 inﬁrmi
524 745 588 799 ad
632 741 921 802 medicum.
951 749 1209 810 tanquam
1262 740 1339 796 rei
1377 733 1458 794 'ad
1500 747 1688 809 patro-
1781 732 1888 793 'eos
1933 730 2290 805 spiritualiter
2318 734 2625 794 pascamllso
2671 717 2809 785 Quia
2855 730 2984 786 θιέο
3020 713 3292 786 ρυῠιίπωιῑ
3323 721 3378 768 οι

1786 819 1792 829 .
2202 822 2215 829 -
2345 816 2356 829 .
2522 811 2614 829 πρ
2672 807 3079 829 _,___._-._--_.___
3137 807 3254 829 υ--
3290 819 3377 829 η-

143 807 198 829 Τ
1068 807 1079 810 ,

143 862 274 911 ιιιιιιι,
327 852 569 909 tauquam
629 841 943 906 peceatores
989 829 1520 914 advtnisericordeltt.
1575 838 1694 883 lan-
1786 819 2106 901 peccatores
2150 822 2217 878 ad
2246 816 2470 874 verbum
2522 811 2617 868 Dei
2664 807 3097 880 corrigebantur,
3137 807 3258 862 ideo
3286 819 3380 862 eos

140 955 280 1008 quam
320 929 568 987 iuummli
617 926 683 980 ad
729 925 1027 987 lavacrum,
1067 909 1337 994 tanquam
1365 936 1495 976 oves
1532 934 1690 976 erro-
1795 896 2114 990 recipiebat,
2139 923 2195 971 et
2230 924 2353 968 cum
2393 904 2474 962 eis
2516 896 2896 959 manducabat.
2945 898 3053 956 Seu
3094 899 3376 962 Pharisaei,

140 1043 240 1084 nere
296 1023 357 1077 ad
386 1031 390 1034 ·
418 1027 707 1100 pastorem,
769 1025 1023 1086 tanquam
1071 1016 1198 1071 caeci
1251 1023 1318 1068 ad
1366 1013 1696 1067 illuminato—
1789 1001 1959 1068 etiam
1980 994 2119 1066 bona
2148 988 2525 1076 depravantes,
2555 980 2742 1074 dicunt
2772 1007 2896 1049 eum
2927 990 3194 1062 recipere,
3227 991 3280 1044 id
3301 1005 3362 1044 es

141 1063 239 1084 ...λυ
418 1063 707 1100 ,την----πη
1075 1063 1198 1071 π--
1252 1063 1318 1068 η-
1802 1063 2036 1068 τμη-ν

141 1135 260 1176 rem.
287 1111 474 1181 Quales
499 1108 758 1163 accedere
786 1106 851 1160 ad
878 1105 1042 1160 Deum
1072 1104 1236 1158 David
1253 1103 1693 1171 monet,dieens:
1788 1090 1982 1158 fovere
2031 1063 2364 1171 peccatores.
2392 1091 2451 1148 lu
2479 1105 2586 1161 quo
2617 1063 2910 1143 ostendunt
2939 1075 3157 1140 senon
3203 1080 3384 1136 veram

137 1208 359 1266 Accedite
397 1204 462 1260 ad
509 1217 656 1260 eum.
699 1208 744 1250 el
796 1196 1172 1252 illuminantiui
1224 1195 1409 1268 (Psal.
1467 1194 1697 1261 χχχιιι).
1800 1196 2001 1252 habere
2018 1193 2307 1263 justitiam.
2339 1165 2611 1256 Quicnim
2638 1168 2962 1252 verejustus
2982 1168 3386 1239 est,neminem

137 1300 376 1370 Exemplo
397 1300 583 1354 110mm
612 1289 872 1354 θοθθάῖιθν
891 1300 1073 1355 θινοε»
1095 1297 1426 1359 Ρεειτθιοτεες
1447 1286 1700 1355 ΐνθψιειι-
1803 1290 2042 1350 damnat,
2058 1296 2368 1358 peccatores
2381 1295 2487 1338 non
2508 1275 2824 1337 contemnit.
2839 1272 2933 1330 sed
2951 1269 3129 1342 potius
3149 1267 3390 1322 eiscom—

140 1409 212 1450 ter
237 1394 298 1448 ad
337 1390 650 1446 audiendum
681 1385 903 1442 verbum
937 1385 1052 1442 Dei.
1089 1383 1217 1454 quia
1257 1397 1360 1436 non
1391 1388 1570 1451 potest
1600 1378 1703 1434 ali-
1792 1371 2026 1453 patitur.
2051 1380 2187 1434 bona
2217 1378 2444 1433 aliorum
2470 1391 2576 1430 non
2600 1373 2874 1442 depravat,
2901 1366 3010 1420 imo
3035 1362 3198 1418 etiam
3219 1359 3382 1413 dubia

137 1490 248 1561 quis
277 1489 326 1543 lit
348 1495 499 1542 eutcr
530 1485 622 1539 Dei
669 1484 889 1540 verbum
917 1479 1127 1546 audire,
1168 1478 1298 1548 quin
1342 1473 1540 1529 malum
1569 1473 1703 1529 inci-
1807 1474 1858 1528 in
1894 1470 2086 1525 melius
2109 1469 2517 1536 interpretatur.
2536 1465 2839 1520 Atecontra
2868 1453 2954 1510 isti
2978 1457 3291 1522 arrogantes
3303 1445 3394 1516 ju-

139 1580 311 1653 piatei
334 1578 632 1647 displicere.
760 1597 762 1600 ν
873 1587 895 1603 ·›
947 1583 999 1609 ·.
1132 1592 1134 1594 τ
1189 1593 1192 1598 .
1681 1573 1688 1584 ,

1851 1564 1874 1618 .i
1899 1563 2062 1616 Deum
2086 1560 2152 1615 de
2176 1557 2545 1613 misericordia
2573 1548 2991 1624 reprehendunt,
3013 1553 3068 1600 et
3083 1549 3396 1614 peccatores

137 1701 143 1712 ί
204 1671 452 1738 Sequitur
476 1685 602 1740 pars
631 1668 888 1732 secunda,
919 1668 1114 1751 inqua
1141 1662 1445 1720 ostenditur
1483 1659 1705 1715 Seribas
1808 1660 2193 1725 aspernantur,
2216 1659 2270 1704 et
2295 1649 2457 1702 etiam
2484 1646 2622 1701 bona
2647 1645 2700 1698 in
2725 1639 2926 1696 malum
2952 1637 3396 1706 interpretantur.

1642 1749 1650 1751 μ
1888 1747 1914 1751 -
2034 1745 2045 1751 -
2323 1746 2352 1751 ..
2431 1739 2461 1751 ,ο
2567 1738 2579 1748 ι
2731 1749 2742 1751 Α
2784 1731 3039 1751 “---εμ,---
3077 1742 3175 1751 ......
3223 1721 3394 1751 Anuli,

138 1773 185 1820 et
208 1761 501 1816 Pharismos
523 1758 784 1813 adversus
808 1749 993 1811 Jesum
1016 1767 1406 1816 murmurasse,
1430 1765 1551 1805 cum
1572 1749 1706 1804 sub-
1776 1778 1778 1781 τ
1803 1757 1814 1772 ·

1883 1721 2142 1815 Sequitur
2180 1739 2520 1812 pars'tertia,
2567 1738 2620 1790 in
2649 1749 2754 1804 qua
2784 1731 3043 1787 Dominus
3077 1742 3175 1798 per
3220 1721 3398 1793 dupli-

138 1856 312 1910 ditur:
344 1852 408 1906 Et
459 1848 863 1905 murmurabant
909 1848 1170 1902 adversus
1219 1859 1366 1906 eum,
1415 1841 1614 1898 Scriba:
1659 1851 1705 1896 et
1741 1820 1785 1875 Β
1811 1857 1928 1899 cem
1960 1839 2154 1911 probat
2199 1830 2510 1907 parabolam
2554 1837 2869 1898 peccatores
2917 1822 3247 1893 poeniteutes
3293 1829 3399 1871 non

141 1944 404 2000 Ρίιαιὶιωί.
445 1942 540 1998 Est
585 1949 766 1996 autem
813 1935 1170 1993 murmuratio
1201 1950 1300 1990 nec
1347 1933 1568 1989 omnino
1614 1946 1708 1987 oc-

137 2038 292 2101 culta,
335 2053 432 2093 nec
461 2038 684 2090 animine
713 2040 900 2100 aperta
944 2029 1316 2100 reprehensio,
1360 2027 1536 2082 media
1568 2027 1710 2081 inter
1807 2025 1961 2096 juxta
1991 2024 2228 2078 litteram
2253 2014 2498 2090 probatio
2530 2013 2644 2067 haec
2666 2029 2698 2068 a
2729 2004 2948 2065 minori.
2979 2001 3038 2058 Si
3067 2001 3154 2057 eui

1813 1933 1985 1991 solum
2034 1929 2232 1984 debere
2264 1920 2467 1994 recipi,
2502 1919 2595 1976 sed
2642 1918 2807 1973 etiam
2841 1913 3032 1984 quteri.
3083 1911 3178 1965 Est
3221 1917 3403 1962 autent

3163 2014 3213 2054 m
3236 1997 3400 2052 homo

137 2131 552 2200 oltjurgationent
594 2136 650 2182 et
680 2123 1092 2182 detractionem.
1124 2119 1396 2205 ’Pharisaii
1425 2120 1593 2181 enim,
1617 2119 1709 2188 qui
1814 2111 1994 2183 nvem,
2040 2117 2124 2172 vel
2157 2113 2354 2171 mulier
2397 2111 2715 2165 draclnnam
2761 2100 3052 2174 perditam,
3107 2108 3196 2149 res
3224 2091 3408 2160 utique

139 2229 374 2284 nesciunt
402 2227 601 2281 bonum
631 2216 707 2276 in
738 2222 843 2278 alio
874 2234 1083 2282 amare,
1119 2219 1210 2273 sed
1246 2218 1424 2287 potius
1469 2217 1713 2271 invidere

137 2332 184 2377 ct
207 2322 523 2390 depravare,
563 2317 900 2372 nimietatem
923 2322 1200 2383 concepta:
1241 2311 1454 2366 invidim
1485 2325 1590 2365 non
1614 2325 1712 2379 po-

139 2411 435 2482 terantjam
463 2410 687 2467 omnino
712 2407 914 2473 celare,
939 2421 1041 2462 nec
1067 2403 1574 2461 andebantomnino
1601 2417 1718 2472 pro-

136 2503 330 2576 palare,
376 2503 472 2559 sed
514 2500 951 2558 murmurabant.
999 2495 1108 2554 Nos
1135 2511 1286 2562 vero,
1315 2495 1532 2557 fratres,
1577 2492 1720 2547 iuvi-

140 2599 294 2660 diatn,
320 2595 716 2652 detractionem
743 2604 797 2648 et
845 2592 1331 2652 murmurationem
1361 2588 1717 2652 detestantes,

139 2690 401 2746 discamus
432 2687 574 2743 bona
609 2687 662 2742 in
695 2687 802 2743 alio
843 2700 1055 2750 amare,
1083 2682 1244 2738 dubia
1297 2681 1463 2736 etiam
1497 2674 1549 2733 in
1599 2690 1722 2732 me-

140 2779 319 2835 liorem
366 2788 600 2851 partem
631 2775 922 2837 inclinare,
953 2760 1479 2845 peccantem'coram
1530 2765 1730 2841 repre;

137 2870 390 2941 hendere,
443 2888 547 2928 nec
593 2872 640 2928 ei
691 2871 831 2927 clam
879 2869 1166 2925 detrahere
1207 2865 1304 2941 vel
1355 2850 1734 2920 murmurare:

140 2964 408 3020 Detractio
458 2964 660 3034 quippe
695 2973 752 3018 et
798 2961 1158 3016 murmuratiu
1182 2940 1248 3014 ex
1277 2957 1487 3012 malitia
1514 2937 1729 3012 occulta

139 3064 455 3122 nascuntur,
490 3069 592 3111 nec
615 3054 794 3110 volunt
829 3055 1107 3127 prodesse,
1139 3050 1232 3106 sed
1261 3059 1469 3104 tantum
1503 3049 1736 3101 nocere.‘

138 3149 249 3206 Nntt
279 3149 426 3204 enim
472 3157 530 3201 ιιι
561 3149 807 3220 proficiat
835 3146 1070 3204 detrahit
1109 3143 1253 3214 quis,
1285 3140 1369 3196 vel
1403 3128 1735 3202 mttrmnrat,

138 3247 227 3303 sed
272 3247 457 3318 potius
487 3253 550 3300 ut
591 3243 814 3299 infamet
859 3249 915 3297 et
944 3245 1156 3294 noceat.
1186 3235 1386 3304 Aperta
1435 3239 1616 3285 autem
1648 3242 1735 3283 re-

138 3338 449 3410 prehensio.
477 3337 524 3393 si
556 3335 786 3406 benigne
815 3333 928 3396 fiat,
956 3341 1013 3386 et
1038 3327 1257 3384 facienti
1289 3332 1344 3379 et
1369 3323 1454 3379 cui
1489 3322 1548 3376 lit
1570 3319 1737 3391 prod-

137 3441 238 3492 est.
281 3440 335 3488 et
360 3431 406 3485 si
447 3431 535 3486 cui
574 3429 633 3484 fit
659 3421 768 3483 non
794 3425 1035 3497 prodest,
1069 3417 1288 3475 facienti
1327 3431 1432 3471 non
1475 3407 1747 3485 prodesse"

140 3538 242 3581 non
289 3532 496 3595 potest.
542 3519 697 3576 Unde
726 3514 1076 3589 philosophus
1102 3512 1213 3566 ait:
1250 3529 1268 3587 ι
1299 3510 1498 3579 Aperte
1545 3519 1630 3559 me
1656 3503 1740 3557 itt-

137 3631 314 3686 crepa.
376 3631 486 3670 non
531 3612 744 3669 occulte
777 3625 862 3663 me
892 3607 1161 3661 mordeas.
1200 3621 1219 3656 ι
1257 3585 1431 3666 Ecce,
1465 3597 1748 3668 inquiunt,

139 3710 221 3762 hic
271 3705 576 3769 narratores
608 3703 807 3774 recipit,
857 3713 904 3758 et
953 3699 1232 3754 mandarat
1260 3711 1377 3748 cum
1410 3691 1534 3747 illis.
1589 3688 1740 3744 Meu-

140 3801 392 3863 tinntnr;
429 3799 527 3870 qui
565 3797 732 3854 euim‘
761 3795 952 3866 recipit
980 3798 1314 3863 peccatores,
1357 3791 1612 3856 peccator
1637 3790 1740 3836 est.

140 3893 403 3964 Sicutqui
427 3892 622 3962 recipit
645 3891 809 3950 fures.
836 3887 922 3942 fur
941 3894 1046 3941 est.
1072 3882 1329 3952 Recipere
1352 3878 1551 3948 quippe
1567 3875 1742 3928 furem

139 3984 222 4039 vel
252 3993 604 4054 peccatorem
633 3989 716 4035 est
746 3976 864 4046 ejus
887 3976 1030 4031 furto
1054 3973 1136 4028 vel
1168 3978 1388 4038 peccato
1409 3963 1754 4023 consentire.

138 4076 327 4133 Porry
346 4084 676 4147 peccatores
727 4073 970 4142 recipere
1000 4069 1102 4122 hac
1132 4063 1449 4127 intentione,
1487 4067 1546 4112 ut
1575 4054 1750 4112 corri-

139 4182 365 4245 gantur,
399 4171 509 4225 hoc
533 4183 638 4224 non
664 4175 747 4222 est
775 4141 1371 4232 reciperepeccatores,
1402 4151 1496 4208 sed
1523 4141 1756 4204 fratres.

141 4241 299 4334 Quod
332 4279 439 4319 nos
471 4260 758 4332 Apostolus
785 4255 1026 4329 praecipit
1076 4251 1255 4307 facere
1285 4248 1508 4303 dicens:
1543 4241 1599 4298 Si
1635 4256 1752 4295 ntu-

139 4359 242 4416 lier
277 4357 522 4429 inﬁdelis
574 4325 822 4410 consentit
856 4325 1093 4404 habitare
1136 4360 1254 4399 cum
1283 4343 1392 4397 uiro
1443 4337 1608 4407 ﬁdeli,
1650 4325 1760 4389 non.

141 4427 387 4505 discedat
444 4447 618 4517 ﬁdelis
642 4463 658 4510 ;
686 4441 1104 4511 sancti/icabitnr
1128 4439 1263 4490 enim
1310 4432 1500 4488 mulier
1524 4427 1754 4498 inﬁdelis

141 4558 240 4614 per
267 4542 451 4597 virum
477 4536 685 4608 ﬁdelem
719 4534 771 4606 (1
805 4531 928 4587 Cor.
952 4535 1074 4590 vn).
1108 4528 1312 4599 Itaque,
1342 4525 1494 4595 juxta
1521 4522 1759 4591 philoso-

146 4637 347 4707 phum,
389 4633 548 4686 illum
598 4639 774 4683 tecmn
815 4624 1048 4694 suscipe,
1085 4635 1244 4692 quem
1287 4628 1343 4672 tu
1380 4615 1556 4686 possis
1577 4615 1762 4667 facere

147 4729 476 4789 meliorem,
499 4725 579 4779 vel
627 4722 716 4792 qui
749 4728 820 4774 te.
852 4719 1076 4787 Propter
1109 4715 1174 4768 ad
1210 4707 1643 4766 meliorationem
1678 4695 1770 4758 al-'

147 4821 330 4875 terius
379 4832 454 4872 ex
499 4813 673 4875 nobis.
703 4809 944 4882 prmcipit
972 4804 1258 4878 Apostolus
1285 4821 1298 4858 :
1338 4799 1650 4869 Inlirntnm,
1681 4793 1774 4849 in;

149 4913 298 4985 quit,
333 4912 570 4982 fratrem
596 4903 842 4960 asstrmite
871 4900 1051 4973 (Rom.
1076 4907 1206 4969 xiv).
1235 4895 1456 4964 Propter
1477 4893 1544 4945 ad
1574 4887 1765 4944 melio-

153 5010 446 5061 rationem
486 5001 653 5056 nostri
684 5015 748 5054 ex
775 4997 913 5057 aliis,
946 4994 1021 5047 ait
1060 5002 1214 5062 poeta
1243 5007 1255 5039 :

645 5117 648 5121 ι
901 5086 1057 5141 Nunc
1105 5092 1154 5137 te
1197 5079 1499 5135 melioribus
1543 5075 1695 5144 o/j'er.
1767 5073 1771 5078 ’

137 5269 140 5271 Α
547 5187 780 5258 (Homer.
817 5181 985 5253 Epist.
1019 5178 1062 5241 I,
1093 5170 1252 5246 epist.
1293 5173 1352 5239 2,
1395 5185 1448 5224 v.
1477 5167 1591 5254 68.)

170 5321 176 5324 -
227 5287 293 5344 Si
358 5282 498 5354 quis
547 5291 726 5336 autem
775 5251 1158 5343 incorrigibilis
1192 5264 1477 5338 persistit,
1521 5251 1640 5316 Anon
1690 5271 1776 5314 εει

147 5375 555 5451 recipiendus,
612 5372 705 5428 sed
750 5370 912 5424 etiam
967 5369 1219 5431 receptus
1266 5353 1653 5414 excludendns,
1708 5365 1776 5405 ne

150 5485 262 5544 per
279 5446 504 5524 sitiunt
533 5464 690 5518 unius
711 5461 859 5516 multi
893 5460 1329 5522 corrumpantur.
1365 5446 1515 5502 Unde
1546 5446 1782 5514 Aposto-

148 5537 246 5625 lus
280 5586 298 5622 :
360 5561 592 5630 Auferte
641 5558 837 5613 malum
876 5571 940 5610 ea:
964 5550 1102 5608 vobis
1133 5546 1184 5619 (Ι
1212 5545 1333 5601 Cor.
1366 5544 1464 5615 v);
1515 5549 1570 5597 et
1603 5537 1730 5594 alibi
1761 5551 1777 5591 :

153 5659 522 5718 Hareticum
551 5654 806 5709 hominem
835 5637 951 5720 post
996 5644 1220 5715 primam
1265 5649 1311 5692 et
1344 5634 1640 5691 secundum
1665 5625 1798 5685 cor-‘

149 5746 484 5816 Nerienem
509 5747 678 5802 devita
707 5736 836 5815 (Tit.
871 5730 1101 5809 xxxm).
1120 5735 1186 5789 Et
1209 5729 1559 5804 philosophus
1585 5743 1598 5779 :
1635 5741 1654 5774 ι
1683 5721 1786 5776 Ta-

155 5957 283 6000 non
319 5930 648 5994 infameris.
684 5949 701 5983 ι
750 5924 817 5981 Et
849 5907 1276 5980 umnducat'cuin
1309 5899 1786 5971 illisfManducare

1779 5171 1787 5181 ’
1878 5177 2059 5219 nonne
2100 5148 2480 5223 multomagis
2514 5131 2675 5204 humo
2702 5134 2999 5198 hominem,

1819 2195 2164 2277 temporales,
2224 2199 2568 2258 irrationales
2601 2202 2678 2250 ‘et
2728 2190 3024 2262 perituras,
3078 2199 3200 2239 eum
3257 2188 3408 2236 tanta

1819 2299 2184 2357 sollicitudine
2216 2295 2427 2366 qumrit,
2463 2293 2711 2346 iuventas
2731 2281 2973 2339 humeris
2998 2283 3262 2348 reportat,
3282 2286 3410 2344 gau-

1821 2394 1929 2455 det,
1983 2401 2033 2446 et
2086 2378 2292 2444 vicinos
2337 2383 2438 2441 sibi
2487 2377 2830 2450 congaudere
2882 2373 3154 2435 hortatur,
3205 2369 3411 2435 quanto

1822 2485 1994 2557 magis
2021 2484 2181 2539 homo
2228 2479 2522 2539 hominem,
2573 2471 2802 2526 fratrem
2834 2477 3014 2528 suum,
3046 2472 3146 2530 pro
3187 2462 3414 2526 peccato

1823 2579 2116 2652 perditum,
2162 2589 2276 2629 rem
2307 2571 2493 2646 utique
2525 2561 2844 2621 rationalem
2888 2564 2943 2613 et
2967 2565 3182 2624 semper
3226 2547 3413 2602 victu-

1824 2639 1969 2736 ram,
2014 2684 2136 2726 cum
2187 2639 2804 2734 majorifsollicitudine
2850 2647 3010 2705 debet
3062 2643 3131 2700 ad
3186 2639 3416 2697 salutem

1828 2751 2094 2837 quaerere,
2147 2730 2423 2830 repertum
2472 2736 2691 2824 prOprio
2748 2745 2935 2800 labore
2993 2737 3062 2794 ad
3119 2730 3419 2790 Ecclesiam

1826 2864 2129 2928 reportare,
2155 2860 2210 2908 et
2238 2849 2305 2904 de
2326 2845 2442 2916 ejus
2465 2819 2802 2900 correctione
2827 2833 3082 2906 gaudere,
3109 2835 3165 2883 et
3191 2823 3327 2880 alios
3351 2819 3420 2874 ad

1829 2945 2275 3018 eongandendttm
2299 2937 2564 2996 monere?
2611 2933 2666 2988 In
2691 2946 2820 3002 quo,
2855 2927 3051 2982 fratres
3072 2919 3199 2983 mei,
3234 2923 3421 2972 nostra

1833 3043 1999 3115 (quod
2042 3040 2160 3095 sine
2186 3035 2372 3091 dolore
2398 3042 2606 3100 nequeo
2638 3021 2844 3091 dicere)
2879 3011 3232 3074 confunditur
3277 3005 3428 3062 duri.

1839 3093 1936 3198 lia,
1978 3130 2069 3200 qui
2111 3126 2232 3198 plus
2276 3121 2520 3178 dolemus
2551 3116 2618 3172 de
2637 3114 2836 3170 damno
2881 3106 3034 3165 bovis
3056 3101 3138 3158 vel
3169 3099 3308 3165 ovis,
3342 3093 3426 3152 vel

1839 3221 2082 3297 pecunia:
2113 3226 2334 3281 nostrae,
2365 3225 2527 3283 quam
2576 3207 2644 3262 de
2690 3204 2889 3259 damno
2921 3197 3083 3253 unius
3124 3191 3209 3264 vel
3231 3188 3425 3246 multa-

1839 3333 1957 3373 rum
1995 3313 2323 3368 animarum.
2375 3303 2432 3359 Si
2474 3301 2618 3358 enim
2658 3294 2926 3352 amittitur
2970 3303 3057 3344 res
3089 3279 3427 3354 temporalis,

1839 3423 1968 3464 eum
1999 3403 2167 3460 multa
2195 3394 2560 3456 sollicitudine
2585 3405 2707 3446 eam
2735 3371 3073 3465 quaerimus,
3093 3390 3196 3432 nos
3216 3383 3272 3430 et
3300 3370 3436 3427 alios

1842 3500 2157 3566 fatigamus,
2189 3505 2294 3548 non
2312 3475 2589 3545 cessamus
2614 3490 2896 3552 quousque
2917 3486 3036 3529 eam
3068 3465 3436 3525 inveniamus.

1844 3593 1902 3650 Si
1933 3577 2064 3647 vero
2089 3573 2373 3658 peccando
2400 3578 2539 3649 perit
2573 3574 2754 3652 anima
2781 3563 2987 3629 fratris,
3017 3578 3114 3635 pro
3143 3574 3248 3632 qua
3281 3571 3432 3613 utor-

1847 3647 2103 3740 tuus‘est-
2129 3647 2414 3737 Christus,
2452 3684 2558 3726 non
2595 3649 2891 3722 curamus:
2941 3652 3288 3739 negligimus,
3330 3647 3441 3704 imo

1747 3781 1752 3790 '
1846 3771 2124 3832 multnties
2154 3767 2468 3827 irridemus,
2498 3757 2580 3814 vel
2603 3757 2765 3812 etiam
2788 3730 3187 3809 consentimus,
3214 3737 3435 3811 thuid

1847 3863 2004 3921 haec?
2034 3859 2136 3916 nisi
2177 3855 2305 3928 quia
2362 3850 2684 3908 charitatem
2727 3839 2962 3915 proximi
3014 3851 3120 3893 non
3154 3833 3438 3895 habemus,

1850 3958 1935 4014 cui
1962 3970 2116 4012 ovem
2149 3950 2233 4006 vel
2283 3946 2494 4002 asinum
2537 3936 2926 4012 praeponimus.
2961 3929 3122 3986 Juxta
3158 3939 3287 3980 vero
3329 3935 3447 3990 my-

1851 4051 2048 4107 sticum
2079 4056 2320 4104 sensum,
2348 4033 2596 4110 probatio
2623 4040 2708 4088 est
2736 4044 2766 4083 a
2809 4023 3024 4110 majori.
3052 4018 3277 4092 Mystice
3301 4013 3448 4070 enim

1853 4145 2036 4204 homo,
2068 4137 2152 4192 vel
2181 4102 2394 4196 mulier,
2439 4125 2706 4204 Christus
2733 4119 2826 4176 Dei
2864 4102 3142 4186 sapientia
3190 4103 3449 4176 intelligi-

1854 4247 1964 4292 tur.
2018 4232 2146 4290 Ovis
2190 4241 2322 4282 vcro
2357 4201 2455 4294 vel
2479 4211 2776 4282 drachma,
2817 4212 2870 4268 in
2917 4205 3047 4281 qua
3083 4196 3259 4275 imago
3304 4195 3452 4268 regis

1858 4310 2286 4386 inscribebatur,
2319 4289 2578 4372 homoad
2624 4307 2916 4377 imaginem
2970 4299 3064 4355 Dei
3096 4297 3275 4353 factus
3305 4289 3452 4346 acci-

1859 4408 2022 4494 pitur.
2057 4417 2114 4474 Si
2143 4429 2273 4484 ergo
2299 4409 2572 4472 Christus,
2614 4403 2756 4458 Deus
2776 4406 2832 4455 et
2860 4393 3121 4451 Dominus
3158 4389 3442 4444 universo-

1861 4474 1990 4494 r-w
2207 4474 2236 4484 υ

1826 4521 1829 4578 ζ
1864 4532 2007 4582 rum,
2037 4511 2170 4567 adeo
2200 4504 2487 4576 fugitivum
2527 4511 2742 4555 servum
2772 4489 3045 4548 hominem
3074 4481 3284 4544 dilexit,
3311 4474 3455 4547 quod

1867 4562 2162 4582 ,ην
2259 4562 2289 4576 υ

1865 4623 1965 4681 pro
2019 4620 2085 4660 eo
2143 4594 2542 4670 recuperando,
2602 4584 2896 4656 nonaginta
2954 4589 3148 4634 novem
3207 4585 3338 4628 oves
3393 4562 3468 4623 in

2744 4676 2754 4681 ‘
3047 4665 3081 4681 "
3133 4677 3181 4681 -κ
3231 4661 3282 4681 Ξ..
3325 4656 3458 4681 -..ηι-

1867 4656 2101 4757 deserto.
2151 4691 2204 4748 id
2232 4697 2316 4745 est
2361 4697 2552 4741 novem
2601 4676 2917 4747 angelorum
2963 4665 3186 4746 ordines
3231 4661 3288 4714 in
3320 4656 3460 4713 coelo

1870 4788 2224 4863 corporaliter
2248 4778 2488 4850 reliquit,
2516 4770 2791 4830 hominem
2821 4765 2964 4820 inter
2993 4759 3237 4815 diversos
3264 4749 3450 4807 mundl

1871 4854 2087 4940 errores
2109 4871 2381 4948 quresivit,
2412 4869 2529 4938 ejus
2550 4867 2770 4934 peccata
2799 4856 2853 4911 in
2877 4864 3039 4935 cruce
3064 4854 3307 4920 portans,
3337 4854 3460 4896 eum

1873 4977 1940 5032 ad
1966 4929 2194 5047 patriam
2220 4962 2461 5027 revexit,
2485 4967 2541 5015 et
2573 4957 2630 5011 in
2659 4955 2761 5008 hoc
2787 4931 3003 5021 gavisus
3028 4933 3216 5005 est,'et
3238 4929 3306 4990 ad
3329 4947 3460 4989 con-

1876 5025 2216 5140 gaurdcndum
2244 5076 2354 5116 non
2381 5053 2494 5117 ovi,
2519 5047 2612 5106 sed
2648 5044 2813 5100 etiam
2837 5036 2938 5095 sibi
2961 5025 3463 5117 angelosinvitavit,

3029 5129 3202 5185 frater
3243 5123 3468 5179 fratrem

1879 5255 2040 5312 debet
2070 5251 2316 5322 diligere,
2342 5217 2439 5316 prb
2464 5257 2529 5298 eo
2562 5231 2820 5293 lncrando
2845 5225 3026 5284 omnia
3053 5217 3270 5293 negotia
3313 5221 3467 5286 post-

1882 5361 2103 5420 ponere,
2129 5343 2246 5413 ejus
2270 5338 2496 5396 salutem
2527 5318 2802 5404 quaerere,
2832 5321 2950 5393 ejus
2971 5323 3197 5389 peccata
3222 5318 3465 5383 portare,

1883 5451 1938 5496 et
1964 5439 2030 5494 ad
2085 5436 2250 5490 Deum
2277 5445 2400 5488 eum
2429 5425 2709 5484 reducere,
2736 5421 2804 5476 de
2829 5416 2947 5487 ejus
2976 5411 3149 5468 salute
3175 5403 3464 5476 plusquam

1885 5533 1953 5589 de
1977 5529 2140 5586 lueris
2170 5520 2518 5580 saecularibus
2546 5512 2804 5604 gaudere,
2853 5514 2908 5564 et
2953 5503 3089 5559 alios
3117 5497 3184 5553 ad
3232 5502 3469 5562 congau-

1888 5623 2122 5682 dendnm
2155 5613 2422 5674 monere?

1913 5678 2217 5783 ‘vSeqnitur
2255 5719 2379 5777 pars
2423 5709 2636 5772 quarta.
2669 5697 2724 5752 in
2766 5684 2883 5766 qua
2918 5686 3179 5746 Dominus
3209 5678 3494 5760 adaptans

153 5778 484 5816 Νειισηειη
509 5778 678 5802 ασινιιιι
707 5778 755 5815 μ
779 5778 836 5796 ιι.
871 5778 1101 5809 εδδ...μὶ
1124 5778 1186 5789 ι..
1212 5778 1553 5804 ,ηπ---Ἶηηη
1587 5778 1595 5779 ,
2053 5778 2068 5783 _

153 5839 272 5914 les,
304 5839 706 5912 inq’nit,junge
731 5835 908 5890 socios
938 5830 1055 5893 tibi,
1082 5843 1151 5882 ex
1180 5817 1406 5896 queram
1427 5805 1804 5902 contubernio"
1891 5789 2432 5866 similitudinem'ait:
2465 5797 2549 5852 Ita
2576 5795 2826 5868 gaudium
2855 5787 2950 5841 erit
2969 5784 3020 5838 in
3050 5778 3348 5864 (mlosuper
3369 5778 3492 5824 una

1464 5909 1510 5914 ”
1605 5907 1617 5914 ’
1919 5900 1924 5904 ’
2067 5913 2073 5914 ί
2211 5887 2543 5914 ίλ-υύ-λλει--η
2576 5898 2750 5914 -ι---ιιι-
2821 5867 2980 5914 nun-nr
3015 5863 3165 5914 ulth
3187 5857 3470 5914 ηὸήὶιαίητι

1897 5900 2170 5972 peccatore
2191 5887 2546 5968 paenitentiam
2570 5898 2750 5960 agente
2769 5926 2782 5950 ,
2818 5867 2980 5948 quant
3013 5863 3165 5934 super
3182 5856 3470 5930 nonaginta

2883 6035 2888 6040 -
2930 6023 2989 6042 Aul!
