  <div class='ocr_page' id='page_1' title='image "/cluster/home/n/w/nwhite01/storage/ocr_20150623/155/hvd.32044015473838/995.png"; bbox 0 0 3896 6320; ppageno 0'>
   <div class='ocr_carea' id='block_1_1' title="bbox 442 283 576 342">
    <p class='ocr_par' dir='ltr' id='par_1_1' title="bbox 442 283 576 342">
     <span class='ocr_line' id='line_1_1' title="bbox 442 283 576 342; baseline 0.037 -5"><span class='ocrx_word' id='word_1_1' title='bbox 442 283 576 342; x_wconf 78' lang='grc'><strong>1979</strong></span> 
     </span>
    </p>
   </div>
   <div class='ocr_carea' id='block_1_2' title="bbox 1400 277 2610 356">
    <p class='ocr_par' dir='ltr' id='par_1_2' title="bbox 1400 277 2610 356">
     <span class='ocr_line' id='line_1_2' title="bbox 1400 277 2610 356; baseline 0 -20"><span class='ocrx_word' id='word_1_2' title='bbox 1400 278 1745 350; x_wconf 72' lang='lat' dir='ltr'><strong>ADDENDA.</strong></span> <span class='ocrx_word' id='word_1_3' title='bbox 1780 309 1848 321; x_wconf 84' lang='lat'><strong><em>—</em></strong></span> <span class='ocrx_word' id='word_1_4' title='bbox 1875 277 2226 356; x_wconf 69' lang='lat' dir='ltr'><strong>metuent</strong></span> <span class='ocrx_word' id='word_1_5' title='bbox 2262 277 2610 350; x_wconf 68' lang='lat' dir='ltr'><strong>ABDENTIS</strong></span> 
     </span>
    </p>
   </div>
   <div class='ocr_carea' id='block_1_3' title="bbox 435 387 3674 464">
    <p class='ocr_par' dir='ltr' id='par_1_3' title="bbox 435 387 3674 464">
     <span class='ocr_line' id='line_1_3' title="bbox 435 387 3674 464; baseline -0.002 -14"><span class='ocrx_word' id='word_1_6' title='bbox 435 413 610 450; x_wconf 70' lang='lat' dir='ltr'><strong>uocem</strong></span> <span class='ocrx_word' id='word_1_7' title='bbox 634 395 793 464; x_wconf 80' lang='lat' dir='ltr'><strong>justis</strong></span> <span class='ocrx_word' id='word_1_8' title='bbox 819 393 906 463; x_wconf 84' lang='lat' dir='ltr'><strong>qui</strong></span> <span class='ocrx_word' id='word_1_9' title='bbox 934 408 1034 446; x_wconf 88' lang='lat' dir='ltr'><strong>nou</strong></span> <span class='ocrx_word' id='word_1_10' title='bbox 1057 392 1290 461; x_wconf 80' lang='lat' dir='ltr'><strong>indigent</strong></span> <span class='ocrx_word' id='word_1_11' title='bbox 1327 392 1648 461; x_wconf 67' lang='lat' dir='ltr'><strong>paenitentia.</strong></span> <span class='ocrx_word' id='word_1_12' title='bbox 1681 390 1744 444; x_wconf 77' lang='lat' dir='ltr'><strong>Et</strong></span> <span class='ocrx_word' id='word_1_13' title='bbox 1767 393 2009 461; x_wconf 88' lang='lat' dir='ltr'><strong>quidem,</strong></span> <span class='ocrx_word' id='word_1_14' title='bbox 2042 395 2089 456; x_wconf 79' lang='grc' dir='ltr'><strong>Α</strong></span> <span class='ocrx_word' id='word_1_15' title='bbox 2121 392 2289 464; x_wconf 84' lang='lat' dir='ltr'><strong>nostri</strong></span> <span class='ocrx_word' id='word_1_16' title='bbox 2316 401 2442 448; x_wconf 85' lang='lat' dir='ltr'><strong>sunt</strong></span> <span class='ocrx_word' id='word_1_17' title='bbox 2483 392 2714 458; x_wconf 85' lang='lat' dir='ltr'><strong>terreni,</strong></span> <span class='ocrx_word' id='word_1_18' title='bbox 2747 389 2982 461; x_wconf 61' lang='lat' dir='ltr'><strong>praemia</strong></span> <span class='ocrx_word' id='word_1_19' title='bbox 3011 395 3184 444; x_wconf 83' lang='lat' dir='ltr'><strong>erunt</strong></span> <span class='ocrx_word' id='word_1_20' title='bbox 3206 387 3465 445; x_wconf 63' lang='lat' dir='ltr'><strong>celestis.</strong></span> <span class='ocrx_word' id='word_1_21' title='bbox 3487 391 3674 452; x_wconf 62' lang='lat' dir='ltr'><strong>bima</strong></span> 
     </span>
    </p>
   </div>
   <div class='ocr_carea' id='block_1_4' title="bbox 437 483 2016 556">
    <p class='ocr_par' dir='ltr' id='par_1_4' title="bbox 437 483 2016 556">
     <span class='ocr_line' id='line_1_4' title="bbox 437 483 2016 556; baseline -0.004 -12"><span class='ocrx_word' id='word_1_22' title='bbox 437 491 629 544; x_wconf 90' lang='lat' dir='ltr'><strong>fratres</strong></span> <span class='ocrx_word' id='word_1_23' title='bbox 662 488 786 548; x_wconf 89' lang='lat' dir='ltr'><strong>mei,</strong></span> <span class='ocrx_word' id='word_1_24' title='bbox 813 485 928 556; x_wconf 89' lang='lat' dir='ltr'><strong>plrrs</strong></span> <span class='ocrx_word' id='word_1_25' title='bbox 950 483 1014 539; x_wconf 90' lang='lat' dir='ltr'><strong>de</strong></span> <span class='ocrx_word' id='word_1_26' title='bbox 1041 487 1250 540; x_wconf 65' lang='lat' dir='ltr'><strong>amissae</strong></span> <span class='ocrx_word' id='word_1_27' title='bbox 1285 485 1356 538; x_wconf 89' lang='lat' dir='ltr'><strong>rei</strong></span> <span class='ocrx_word' id='word_1_28' title='bbox 1391 483 1826 552; x_wconf 85' lang='lat' dir='ltr'><strong>recuperatione,</strong></span> <span class='ocrx_word' id='word_1_29' title='bbox 1855 500 2016 552; x_wconf 84' lang='lat' dir='ltr'><strong>quant</strong></span> 
     </span>
    </p>
   </div>
   <div class='ocr_carea' id='block_1_5' title="bbox 437 575 2023 650">
    <p class='ocr_par' dir='ltr' id='par_1_5' title="bbox 437 575 2023 650">
     <span class='ocr_line' id='line_1_5' title="bbox 437 575 2023 650; baseline -0.003 -14"><span class='ocrx_word' id='word_1_30' title='bbox 437 584 501 638; x_wconf 86' lang='lat' dir='ltr'><strong>de</strong></span> <span class='ocrx_word' id='word_1_31' title='bbox 554 599 612 637; x_wconf 92' lang='lat' dir='ltr'><strong>re</strong></span> <span class='ocrx_word' id='word_1_32' title='bbox 661 597 934 650; x_wconf 89' lang='lat' dir='ltr'><strong>ntrnqnarn</strong></span> <span class='ocrx_word' id='word_1_33' title='bbox 987 581 1186 632; x_wconf 81' lang='lat' dir='ltr'><strong>amiSsa</strong></span> <span class='ocrx_word' id='word_1_34' title='bbox 1261 578 1495 648; x_wconf 79' lang='lat' dir='ltr'><strong>gaudere</strong></span> <span class='ocrx_word' id='word_1_35' title='bbox 1541 576 1799 630; x_wconf 75' lang='lat' dir='ltr'><strong>solemus.</strong></span> <span class='ocrx_word' id='word_1_36' title='bbox 1855 575 2023 646; x_wconf 78' lang='lat' dir='ltr'><strong>Majus</strong></span> 
     </span>
    </p>
   </div>
   <div class='ocr_carea' id='block_1_6' title="bbox 434 670 2024 748">
    <p class='ocr_par' dir='ltr' id='par_1_6' title="bbox 434 670 2024 748">
     <span class='ocr_line' id='line_1_6' title="bbox 434 670 2024 748; baseline -0.004 -19"><span class='ocrx_word' id='word_1_37' title='bbox 434 682 630 748; x_wconf 83' lang='lat' dir='ltr'><strong>quippe</strong></span> <span class='ocrx_word' id='word_1_38' title='bbox 656 683 739 730; x_wconf 87' lang='lat' dir='ltr'><strong>est</strong></span> <span class='ocrx_word' id='word_1_39' title='bbox 777 690 887 727; x_wconf 89' lang='lat' dir='ltr'><strong>renr</strong></span> <span class='ocrx_word' id='word_1_40' title='bbox 923 684 1231 726; x_wconf 85' lang='lat' dir='ltr'><strong>restaurare</strong></span> <span class='ocrx_word' id='word_1_41' title='bbox 1257 688 1417 741; x_wconf 82' lang='lat' dir='ltr'><strong>quam</strong></span> <span class='ocrx_word' id='word_1_42' title='bbox 1458 671 1804 735; x_wconf 76' lang='lat' dir='ltr'><strong>conservare,</strong></span> <span class='ocrx_word' id='word_1_43' title='bbox 1838 680 1892 724; x_wconf 82' lang='lat' dir='ltr'><strong>et</strong></span> <span class='ocrx_word' id='word_1_44' title='bbox 1923 670 2024 724; x_wconf 88' lang='lat' dir='ltr'><strong>nti-</strong></span> 
     </span>
    </p>
   </div>
   <div class='ocr_carea' id='block_1_7' title="bbox 437 763 2024 835">
    <p class='ocr_par' dir='ltr' id='par_1_7' title="bbox 437 763 2024 835">
     <span class='ocr_line' id='line_1_7' title="bbox 437 763 2024 835; baseline -0.006 -11"><span class='ocrx_word' id='word_1_45' title='bbox 437 768 660 824; x_wconf 80' lang='lat' dir='ltr'><strong>rabilius</strong></span> <span class='ocrx_word' id='word_1_46' title='bbox 708 773 789 819; x_wconf 85' lang='lat' dir='ltr'><strong>est</strong></span> <span class='ocrx_word' id='word_1_47' title='bbox 838 774 958 835; x_wconf 79' lang='lat' dir='ltr'><strong>post</strong></span> <span class='ocrx_word' id='word_1_48' title='bbox 1009 763 1219 834; x_wconf 85' lang='lat' dir='ltr'><strong>lapsum</strong></span> <span class='ocrx_word' id='word_1_49' title='bbox 1271 776 1498 831; x_wconf 81' lang='lat' dir='ltr'><strong>surgere</strong></span> <span class='ocrx_word' id='word_1_50' title='bbox 1535 777 1695 832; x_wconf 87' lang='lat' dir='ltr'><strong>qrrarrr</strong></span> <span class='ocrx_word' id='word_1_51' title='bbox 1745 776 2024 824; x_wconf 81' lang='lat' dir='ltr'><strong>nunquam</strong></span> 
     </span>
    </p>
   </div>
   <div class='ocr_carea' id='block_1_8' title="bbox 435 855 2024 927">
    <p class='ocr_par' dir='ltr' id='par_1_8' title="bbox 435 855 2024 927">
     <span class='ocr_line' id='line_1_8' title="bbox 435 855 2024 927; baseline -0.007 -9"><span class='ocrx_word' id='word_1_52' title='bbox 435 862 677 918; x_wconf 84' lang='lat' dir='ltr'><strong>cadendo</strong></span> <span class='ocrx_word' id='word_1_53' title='bbox 707 859 874 915; x_wconf 66' lang='lat' dir='ltr'><strong>Stare.</strong></span> <span class='ocrx_word' id='word_1_54' title='bbox 919 859 972 913; x_wconf 90' lang='lat' dir='ltr'><strong>In</strong></span> <span class='ocrx_word' id='word_1_55' title='bbox 1024 873 1132 927; x_wconf 83' lang='lat' dir='ltr'><strong>quo</strong></span> <span class='ocrx_word' id='word_1_56' title='bbox 1182 856 1347 910; x_wconf 84' lang='lat' dir='ltr'><strong>etiam</strong></span> <span class='ocrx_word' id='word_1_57' title='bbox 1402 856 1529 909; x_wconf 89' lang='lat' dir='ltr'><strong>illrrd</strong></span> <span class='ocrx_word' id='word_1_58' title='bbox 1586 855 1761 909; x_wconf 86' lang='lat' dir='ltr'><strong>notari</strong></span> <span class='ocrx_word' id='word_1_59' title='bbox 1814 864 2024 925; x_wconf 89' lang='lat' dir='ltr'><strong>potest,</strong></span> 
     </span>
    </p>
   </div>
   <div class='ocr_carea' id='block_1_9' title="bbox 435 946 2024 1024">
    <p class='ocr_par' dir='ltr' id='par_1_9' title="bbox 435 946 2024 1024">
     <span class='ocr_line' id='line_1_9' title="bbox 435 946 2024 1024; baseline -0.004 -19"><span class='ocrx_word' id='word_1_60' title='bbox 435 954 577 1024; x_wconf 89' lang='lat' dir='ltr'><strong>qrrod</strong></span> <span class='ocrx_word' id='word_1_61' title='bbox 629 950 876 1022; x_wconf 84' lang='lat' dir='ltr'><strong>quidam,</strong></span> <span class='ocrx_word' id='word_1_62' title='bbox 930 958 1132 1017; x_wconf 87' lang='lat' dir='ltr'><strong>quanto</strong></span> <span class='ocrx_word' id='word_1_63' title='bbox 1183 947 1405 1016; x_wconf 79' lang='lat' dir='ltr'><strong>gravius</strong></span> <span class='ocrx_word' id='word_1_64' title='bbox 1472 946 1824 1011; x_wconf 81' lang='lat' dir='ltr'><strong>ceciderunt,</strong></span> <span class='ocrx_word' id='word_1_65' title='bbox 1871 953 2024 999; x_wconf 84' lang='lat' dir='ltr'><strong>tanto</strong></span> 
     </span>
    </p>
   </div>
   <div class='ocr_carea' id='block_1_10' title="bbox 437 1035 2029 1109">
    <p class='ocr_par' dir='ltr' id='par_1_10' title="bbox 437 1035 2029 1109">
     <span class='ocr_line' id='line_1_10' title="bbox 437 1035 2029 1109; baseline -0.005 -12"><span class='ocrx_word' id='word_1_66' title='bbox 437 1041 798 1097; x_wconf 72' lang='lat' dir='ltr'><strong>ferventiores</strong></span> <span class='ocrx_word' id='word_1_67' title='bbox 825 1046 1133 1109; x_wconf 83' lang='lat' dir='ltr'><strong>resurgunt.</strong></span> <span class='ocrx_word' id='word_1_68' title='bbox 1160 1035 1222 1090; x_wconf 81' lang='lat' dir='ltr'><strong>Et</strong></span> <span class='ocrx_word' id='word_1_69' title='bbox 1247 1038 1373 1106; x_wconf 86' lang='lat' dir='ltr'><strong>quia</strong></span> <span class='ocrx_word' id='word_1_70' title='bbox 1395 1037 1578 1090; x_wconf 79' lang='lat' dir='ltr'><strong>illicita</strong></span> <span class='ocrx_word' id='word_1_71' title='bbox 1605 1053 1661 1091; x_wconf 91' lang='lat' dir='ltr'><strong>se</strong></span> <span class='ocrx_word' id='word_1_72' title='bbox 1687 1037 2029 1090; x_wconf 84' lang='lat' dir='ltr'><strong>commisisse</strong></span> 
     </span>
    </p>
   </div>
   <div class='ocr_carea' id='block_1_11' title="bbox 437 1127 2029 1198">
    <p class='ocr_par' dir='ltr' id='par_1_11' title="bbox 437 1127 2029 1198">
     <span class='ocr_line' id='line_1_11' title="bbox 437 1127 2029 1198; baseline -0.005 -10"><span class='ocrx_word' id='word_1_73' title='bbox 437 1136 649 1198; x_wconf 87' lang='lat' dir='ltr'><strong>sciunt,</strong></span> <span class='ocrx_word' id='word_1_74' title='bbox 715 1135 879 1187; x_wconf 86' lang='lat' dir='ltr'><strong>etiam</strong></span> <span class='ocrx_word' id='word_1_75' title='bbox 938 1129 1085 1184; x_wconf 86' lang='lat' dir='ltr'><strong>licita</strong></span> <span class='ocrx_word' id='word_1_76' title='bbox 1169 1130 1268 1184; x_wconf 92' lang='lat' dir='ltr'><strong>sibi</strong></span> <span class='ocrx_word' id='word_1_77' title='bbox 1349 1130 1677 1190; x_wconf 83' lang='lat' dir='ltr'><strong>abscidunt,</strong></span> <span class='ocrx_word' id='word_1_78' title='bbox 1741 1127 2029 1198; x_wconf 73' lang='lat' dir='ltr'><strong>plusquam</strong></span> 
     </span>
    </p>
   </div>
   <div class='ocr_carea' id='block_1_12' title="bbox 436 1219 2031 1297">
    <p class='ocr_par' dir='ltr' id='par_1_12' title="bbox 436 1219 2031 1297">
     <span class='ocr_line' id='line_1_12' title="bbox 436 1219 2031 1297; baseline -0.006 -17"><span class='ocrx_word' id='word_1_79' title='bbox 436 1227 767 1297; x_wconf 80' lang='lat' dir='ltr'><strong>etiarnjnssa</strong></span> <span class='ocrx_word' id='word_1_80' title='bbox 805 1224 1041 1287; x_wconf 85' lang='lat' dir='ltr'><strong>faciunt;</strong></span> <span class='ocrx_word' id='word_1_81' title='bbox 1097 1239 1377 1292; x_wconf 89' lang='lat' dir='ltr'><strong>nunquam</strong></span> <span class='ocrx_word' id='word_1_82' title='bbox 1433 1238 1491 1276; x_wconf 90' lang='lat' dir='ltr'><strong>se</strong></span> <span class='ocrx_word' id='word_1_83' title='bbox 1541 1219 1858 1276; x_wconf 86' lang='lat' dir='ltr'><strong>satisfacere</strong></span> <span class='ocrx_word' id='word_1_84' title='bbox 1908 1234 2031 1272; x_wconf 86' lang='lat' dir='ltr'><strong>cre-</strong></span> 
     </span>
    </p>
   </div>
   <div class='ocr_carea' id='block_1_13' title="bbox 435 1311 2034 1389">
    <p class='ocr_par' dir='ltr' id='par_1_13' title="bbox 435 1311 2034 1389">
     <span class='ocr_line' id='line_1_13' title="bbox 435 1311 2034 1389; baseline -0.006 -15"><span class='ocrx_word' id='word_1_85' title='bbox 435 1311 600 1385; x_wconf 80' lang='lat' dir='ltr'><strong>dunt,</strong></span> <span class='ocrx_word' id='word_1_86' title='bbox 637 1318 876 1389; x_wconf 79' lang='lat' dir='ltr'><strong>perfecte</strong></span> <span class='ocrx_word' id='word_1_87' title='bbox 913 1315 1174 1372; x_wconf 90' lang='lat' dir='ltr'><strong>mundum</strong></span> <span class='ocrx_word' id='word_1_88' title='bbox 1207 1316 1502 1383; x_wconf 83' lang='lat' dir='ltr'><strong>deserunt,</strong></span> <span class='ocrx_word' id='word_1_89' title='bbox 1553 1314 1618 1368; x_wconf 91' lang='lat' dir='ltr'><strong>ad</strong></span> <span class='ocrx_word' id='word_1_90' title='bbox 1650 1312 1889 1367; x_wconf 60' lang='lat' dir='ltr'><strong>caelestia</strong></span> <span class='ocrx_word' id='word_1_91' title='bbox 1922 1320 2034 1365; x_wconf 92' lang='lat' dir='ltr'><strong>toto</strong></span> 
     </span>
    </p>
   </div>
   <div class='ocr_carea' id='block_1_14' title="bbox 437 1406 2033 1480">
    <p class='ocr_par' dir='ltr' id='par_1_14' title="bbox 437 1406 2033 1480">
     <span class='ocr_line' id='line_1_14' title="bbox 437 1406 2033 1480; baseline -0.006 -12"><span class='ocrx_word' id='word_1_92' title='bbox 437 1414 707 1469; x_wconf 72' lang='lat' dir='ltr'><strong>desiderio</strong></span> <span class='ocrx_word' id='word_1_93' title='bbox 737 1415 992 1478; x_wconf 74' lang='lat' dir='ltr'><strong>tendunt,</strong></span> <span class='ocrx_word' id='word_1_94' title='bbox 1027 1410 1112 1465; x_wconf 88' lang='lat' dir='ltr'><strong>illa</strong></span> <span class='ocrx_word' id='word_1_95' title='bbox 1167 1411 1420 1480; x_wconf 85' lang='lat' dir='ltr'><strong>suspiriis</strong></span> <span class='ocrx_word' id='word_1_96' title='bbox 1469 1419 1523 1464; x_wconf 90' lang='lat' dir='ltr'><strong>et</strong></span> <span class='ocrx_word' id='word_1_97' title='bbox 1579 1408 1834 1479; x_wconf 82' lang='lat' dir='ltr'><strong>lacrymis</strong></span> <span class='ocrx_word' id='word_1_98' title='bbox 1865 1406 2033 1475; x_wconf 80' lang='lat' dir='ltr'><strong>depo-</strong></span> 
     </span>
    </p>
   </div>
   <div class='ocr_carea' id='block_1_15' title="bbox 437 1497 2032 1577">
    <p class='ocr_par' dir='ltr' id='par_1_15' title="bbox 437 1497 2032 1577">
     <span class='ocr_line' id='line_1_15' title="bbox 437 1497 2032 1577; baseline -0.007 -16"><span class='ocrx_word' id='word_1_99' title='bbox 437 1517 628 1574; x_wconf 87' lang='lat' dir='ltr'><strong>scunt,</strong></span> <span class='ocrx_word' id='word_1_100' title='bbox 660 1523 754 1577; x_wconf 89' lang='lat' dir='ltr'><strong>pro</strong></span> <span class='ocrx_word' id='word_1_101' title='bbox 786 1507 866 1560; x_wconf 90' lang='lat' dir='ltr'><strong>eis</strong></span> <span class='ocrx_word' id='word_1_102' title='bbox 913 1505 1024 1576; x_wconf 84' lang='lat' dir='ltr'><strong>pati</strong></span> <span class='ocrx_word' id='word_1_103' title='bbox 1076 1503 1340 1574; x_wconf 75' lang='lat' dir='ltr'><strong>qutelibet</strong></span> <span class='ocrx_word' id='word_1_104' title='bbox 1389 1503 1574 1571; x_wconf 80' lang='lat' dir='ltr'><strong>gravia</strong></span> <span class='ocrx_word' id='word_1_105' title='bbox 1625 1499 1781 1554; x_wconf 89' lang='lat' dir='ltr'><strong>facile</strong></span> <span class='ocrx_word' id='word_1_106' title='bbox 1814 1497 2032 1553; x_wconf 89' lang='lat' dir='ltr'><strong>ducunt.</strong></span> 
     </span>
    </p>
   </div>
   <div class='ocr_carea' id='block_1_16' title="bbox 437 1594 2031 1669">
    <p class='ocr_par' dir='ltr' id='par_1_16' title="bbox 437 1594 2031 1669">
     <span class='ocr_line' id='line_1_16' title="bbox 437 1594 2031 1669; baseline -0.006 -14"><span class='ocrx_word' id='word_1_107' title='bbox 437 1597 758 1655; x_wconf 79' lang='lat' dir='ltr'><strong>Econtrario</strong></span> <span class='ocrx_word' id='word_1_108' title='bbox 808 1599 1060 1669; x_wconf 88' lang='lat' dir='ltr'><strong>quidam,</strong></span> <span class='ocrx_word' id='word_1_109' title='bbox 1101 1598 1226 1666; x_wconf 87' lang='lat' dir='ltr'><strong>quia</strong></span> <span class='ocrx_word' id='word_1_110' title='bbox 1285 1596 1487 1649; x_wconf 87' lang='lat' dir='ltr'><strong>nullrrrn</strong></span> <span class='ocrx_word' id='word_1_111' title='bbox 1537 1609 1700 1664; x_wconf 73' lang='lat' dir='ltr'><strong>grzne</strong></span> <span class='ocrx_word' id='word_1_112' title='bbox 1731 1594 1939 1647; x_wconf 90' lang='lat' dir='ltr'><strong>crimen</strong></span> <span class='ocrx_word' id='word_1_113' title='bbox 1972 1606 2031 1648; x_wconf 87' lang='lat' dir='ltr'><strong>se</strong></span> 
     </span>
    </p>
   </div>
   <div class='ocr_carea' id='block_1_17' title="bbox 437 1681 2032 1772">
    <p class='ocr_par' dir='ltr' id='par_1_17' title="bbox 437 1681 2032 1762">
     <span class='ocr_line' id='line_1_17' title="bbox 437 1681 2032 1762; baseline -0.008 -16"><span class='ocrx_word' id='word_1_114' title='bbox 437 1694 775 1748; x_wconf 79' lang='lat' dir='ltr'><strong>commisisse</strong></span> <span class='ocrx_word' id='word_1_115' title='bbox 805 1700 1018 1762; x_wconf 89' lang='lat' dir='ltr'><strong>putant,</strong></span> <span class='ocrx_word' id='word_1_116' title='bbox 1073 1688 1519 1758; x_wconf 54' lang='lat' dir='ltr'><strong>tepirlijnanent,</strong></span> <span class='ocrx_word' id='word_1_117' title='bbox 1557 1684 1700 1738; x_wconf 92' lang='lat' dir='ltr'><strong>nullo</strong></span> <span class='ocrx_word' id='word_1_118' title='bbox 1732 1681 2032 1746; x_wconf 86' lang='lat' dir='ltr'><strong>desiderio,</strong></span> 
     </span>
    </p>
   </div>
   <div class='ocr_carea' id='block_1_18' title="bbox 2123 481 3674 556">
    <p class='ocr_par' dir='ltr' id='par_1_18' title="bbox 2123 481 3674 556">
     <span class='ocr_line' id='line_1_18' title="bbox 2123 481 3674 556; baseline 0.003 -18"><span class='ocrx_word' id='word_1_119' title='bbox 2123 483 2294 538; x_wconf 65' lang='lat' dir='ltr'><strong>&quot;Osiri</strong></span> <span class='ocrx_word' id='word_1_120' title='bbox 2326 501 2517 554; x_wconf 89' lang='lat' dir='ltr'><strong>parrnrr</strong></span> <span class='ocrx_word' id='word_1_121' title='bbox 2573 486 2624 540; x_wconf 91' lang='lat' dir='ltr'><strong>in</strong></span> <span class='ocrx_word' id='word_1_122' title='bbox 2679 501 2739 541; x_wconf 88' lang='lat' dir='ltr'><strong>se</strong></span> <span class='ocrx_word' id='word_1_123' title='bbox 2781 485 2995 539; x_wconf 79' lang='lat' dir='ltr'><strong>habent</strong></span> <span class='ocrx_word' id='word_1_124' title='bbox 3039 481 3455 548; x_wconf 81' lang='lat' dir='ltr'><strong>aruaritudinis,</strong></span> <span class='ocrx_word' id='word_1_125' title='bbox 3502 489 3674 556; x_wconf 69' lang='lat' dir='ltr'><strong>praemis</strong></span> 
     </span>
    </p>
   </div>
   <div class='ocr_carea' id='block_1_19' title="bbox 2119 575 3679 644">
    <p class='ocr_par' dir='ltr' id='par_1_19' title="bbox 2119 575 3679 644">
     <span class='ocr_line' id='line_1_19' title="bbox 2119 575 3679 644; baseline 0.001 -12"><span class='ocrx_word' id='word_1_126' title='bbox 2119 576 2447 644; x_wconf 83' lang='lat' dir='ltr'><strong>incll&#39;abileut</strong></span> <span class='ocrx_word' id='word_1_127' title='bbox 2483 578 2759 634; x_wconf 82' lang='lat' dir='ltr'><strong>habebunt</strong></span> <span class='ocrx_word' id='word_1_128' title='bbox 2809 578 2864 632; x_wconf 90' lang='lat' dir='ltr'><strong>in</strong></span> <span class='ocrx_word' id='word_1_129' title='bbox 2913 593 2977 633; x_wconf 85' lang='lat' dir='ltr'><strong>se</strong></span> <span class='ocrx_word' id='word_1_130' title='bbox 3013 575 3382 632; x_wconf 84' lang='lat' dir='ltr'><strong>dulcedinem.</strong></span> <span class='ocrx_word' id='word_1_131' title='bbox 3414 577 3554 632; x_wconf 86' lang='lat' dir='ltr'><strong>Sicut</strong></span> <span class='ocrx_word' id='word_1_132' title='bbox 3578 585 3679 634; x_wconf 77' lang='lat' dir='ltr'><strong>scri-</strong></span> 
     </span>
    </p>
   </div>
   <div class='ocr_carea' id='block_1_20' title="bbox 2121 670 3682 742">
    <p class='ocr_par' dir='ltr' id='par_1_20' title="bbox 2121 670 3682 742">
     <span class='ocr_line' id='line_1_20' title="bbox 2121 670 3682 742; baseline 0.003 -18"><span class='ocrx_word' id='word_1_133' title='bbox 2121 681 2272 742; x_wconf 87' lang='lat' dir='ltr'><strong>pturn</strong></span> <span class='ocrx_word' id='word_1_134' title='bbox 2304 681 2386 725; x_wconf 88' lang='lat' dir='ltr'><strong>est</strong></span> <span class='ocrx_word' id='word_1_135' title='bbox 2415 685 2431 724; x_wconf 90' lang='lat'><strong>:</strong></span> <span class='ocrx_word' id='word_1_136' title='bbox 2473 670 2584 725; x_wconf 77' lang='lat' dir='ltr'><strong>Nec</strong></span> <span class='ocrx_word' id='word_1_137' title='bbox 2605 672 2792 726; x_wconf 85' lang='lat' dir='ltr'><strong>oculus</strong></span> <span class='ocrx_word' id='word_1_138' title='bbox 2819 672 2974 734; x_wconf 81' lang='lat' dir='ltr'><strong>vidit,</strong></span> <span class='ocrx_word' id='word_1_139' title='bbox 3008 686 3104 725; x_wconf 78' lang='lat' dir='ltr'><strong>nec</strong></span> <span class='ocrx_word' id='word_1_140' title='bbox 3125 671 3278 724; x_wconf 85' lang='lat' dir='ltr'><strong>auris</strong></span> <span class='ocrx_word' id='word_1_141' title='bbox 3309 672 3518 737; x_wconf 72' lang='lat' dir='ltr'><strong>trudit-it,</strong></span> <span class='ocrx_word' id='word_1_142' title='bbox 3549 677 3682 729; x_wconf 69' lang='lat' dir='ltr'><strong>neris</strong></span> 
     </span>
    </p>
   </div>
   <div class='ocr_carea' id='block_1_21' title="bbox 2126 762 3686 837">
    <p class='ocr_par' dir='ltr' id='par_1_21' title="bbox 2126 762 3686 837">
     <span class='ocr_line' id='line_1_21' title="bbox 2126 762 3686 837; baseline 0.006 -23"><span class='ocrx_word' id='word_1_143' title='bbox 2126 778 2214 816; x_wconf 88' lang='lat' dir='ltr'><strong>cor</strong></span> <span class='ocrx_word' id='word_1_144' title='bbox 2235 763 2462 816; x_wconf 84' lang='lat' dir='ltr'><strong>hominis</strong></span> <span class='ocrx_word' id='word_1_145' title='bbox 2484 764 2716 817; x_wconf 80' lang='lat' dir='ltr'><strong>ascendit</strong></span> <span class='ocrx_word' id='word_1_146' title='bbox 2740 780 2861 834; x_wconf 67' lang='lat' dir='ltr'><strong>quin</strong></span> <span class='ocrx_word' id='word_1_147' title='bbox 2877 764 3204 828; x_wconf 53' lang='lat' dir='ltr'><strong>precantur?!</strong></span> <span class='ocrx_word' id='word_1_148' title='bbox 3230 762 3483 818; x_wconf 70' lang='lat' dir='ltr'><strong>Dominus</strong></span> <span class='ocrx_word' id='word_1_149' title='bbox 3504 768 3686 837; x_wconf 70' lang='lat' dir='ltr'><strong>du&#39;t&#39;gea-</strong></span> 
     </span>
    </p>
   </div>
   <div class='ocr_carea' id='block_1_22' title="bbox 2127 854 3690 929">
    <p class='ocr_par' dir='ltr' id='par_1_22' title="bbox 2127 854 3690 929">
     <span class='ocr_line' id='line_1_22' title="bbox 2127 854 3690 929; baseline 0.003 -22"><span class='ocrx_word' id='word_1_150' title='bbox 2127 856 2260 908; x_wconf 86' lang='lat' dir='ltr'><strong>tibus</strong></span> <span class='ocrx_word' id='word_1_151' title='bbox 2274 871 2330 909; x_wconf 88' lang='lat' dir='ltr'><strong>se</strong></span> <span class='ocrx_word' id='word_1_152' title='bbox 2348 854 2503 924; x_wconf 80' lang='lat' dir='ltr'><strong>(lsui.</strong></span> <span class='ocrx_word' id='word_1_153' title='bbox 2528 871 2651 909; x_wconf 75' lang='lat' dir='ltr'><strong>utv</strong></span> <span class='ocrx_word' id='word_1_154' title='bbox 2668 872 2684 920; x_wconf 87' lang='lat'><strong>;</strong></span> <span class='ocrx_word' id='word_1_155' title='bbox 2704 855 2828 911; x_wconf 86' lang='lat' dir='ltr'><strong>Cor.</strong></span> <span class='ocrx_word' id='word_1_156' title='bbox 2848 855 2932 923; x_wconf 83' lang='lat' dir='ltr'><strong>tr).</strong></span> <span class='ocrx_word' id='word_1_157' title='bbox 2949 856 3109 923; x_wconf 84' lang='lat' dir='ltr'><strong>Quod</strong></span> <span class='ocrx_word' id='word_1_158' title='bbox 3131 871 3258 910; x_wconf 83' lang='lat' dir='ltr'><strong>vero</strong></span> <span class='ocrx_word' id='word_1_159' title='bbox 3274 859 3547 925; x_wconf 78' lang='lat' dir='ltr'><strong>passiones</strong></span> <span class='ocrx_word' id='word_1_160' title='bbox 3565 860 3690 929; x_wconf 73' lang='lat' dir='ltr'><strong>inquit</strong></span> 
     </span>
    </p>
   </div>
   <div class='ocr_carea' id='block_1_23' title="bbox 2119 948 3690 1020">
    <p class='ocr_par' dir='ltr' id='par_1_23' title="bbox 2119 948 3690 1020">
     <span class='ocr_line' id='line_1_23' title="bbox 2119 948 3690 1020; baseline 0.003 -18"><span class='ocrx_word' id='word_1_161' title='bbox 2119 948 2387 1018; x_wconf 82' lang='lat' dir='ltr'><strong>temporis</strong></span> <span class='ocrx_word' id='word_1_162' title='bbox 2415 966 2520 1003; x_wconf 90' lang='lat' dir='ltr'><strong>non</strong></span> <span class='ocrx_word' id='word_1_163' title='bbox 2555 961 2681 1004; x_wconf 87' lang='lat' dir='ltr'><strong>sunt</strong></span> <span class='ocrx_word' id='word_1_164' title='bbox 2729 951 3021 1019; x_wconf 71' lang='lat' dir='ltr'><strong>condigna:</strong></span> <span class='ocrx_word' id='word_1_165' title='bbox 3073 952 3362 1020; x_wconf 83' lang='lat' dir='ltr'><strong>passiones</strong></span> <span class='ocrx_word' id='word_1_166' title='bbox 3389 952 3453 1004; x_wconf 87' lang='lat' dir='ltr'><strong>ad</strong></span> <span class='ocrx_word' id='word_1_167' title='bbox 3488 953 3690 1007; x_wconf 57' lang='lat' dir='ltr'><strong>futuram</strong></span> 
     </span>
    </p>
   </div>
   <div class='ocr_carea' id='block_1_24' title="bbox 2125 1041 3696 1120">
    <p class='ocr_par' dir='ltr' id='par_1_24' title="bbox 2125 1041 3696 1120">
     <span class='ocr_line' id='line_1_24' title="bbox 2125 1041 3696 1120; baseline 0.003 -24"><span class='ocrx_word' id='word_1_168' title='bbox 2125 1041 2356 1120; x_wconf 60' lang='lat' dir='ltr'><strong>gloriam</strong></span> <span class='ocrx_word' id='word_1_169' title='bbox 2392 1058 2512 1112; x_wconf 67' lang='lat' dir='ltr'><strong>(true</strong></span> <span class='ocrx_word' id='word_1_170' title='bbox 2543 1043 2870 1100; x_wconf 76' lang='lat' dir='ltr'><strong>revelabitur</strong></span> <span class='ocrx_word' id='word_1_171' title='bbox 2899 1046 2951 1098; x_wconf 82' lang='lat' dir='ltr'><strong>in</strong></span> <span class='ocrx_word' id='word_1_172' title='bbox 2988 1044 3180 1103; x_wconf 83' lang='lat' dir='ltr'><strong>nobis.</strong></span> <span class='ocrx_word' id='word_1_173' title='bbox 3219 1045 3414 1112; x_wconf 72' lang='lat' dir='ltr'><strong>prohat</strong></span> <span class='ocrx_word' id='word_1_174' title='bbox 3449 1059 3563 1098; x_wconf 86' lang='lat' dir='ltr'><strong>cum</strong></span> <span class='ocrx_word' id='word_1_175' title='bbox 3593 1048 3696 1100; x_wconf 70' lang='lat' dir='ltr'><strong>sub-</strong></span> 
     </span>
    </p>
   </div>
   <div class='ocr_carea' id='block_1_25' title="bbox 2127 1132 3696 1206">
    <p class='ocr_par' dir='ltr' id='par_1_25' title="bbox 2127 1132 3696 1206">
     <span class='ocr_line' id='line_1_25' title="bbox 2127 1132 3696 1206; baseline 0.002 -16"><span class='ocrx_word' id='word_1_176' title='bbox 2127 1134 2208 1206; x_wconf 75' lang='lat' dir='ltr'><strong>dit</strong></span> <span class='ocrx_word' id='word_1_177' title='bbox 2235 1150 2250 1187; x_wconf 88' lang='lat'><strong>:</strong></span> <span class='ocrx_word' id='word_1_178' title='bbox 2285 1132 2423 1187; x_wconf 73' lang='lat' dir='ltr'><strong>Nam</strong></span> <span class='ocrx_word' id='word_1_179' title='bbox 2447 1137 2760 1203; x_wconf 71' lang='lat' dir='ltr'><strong>exspectatio</strong></span> <span class='ocrx_word' id='word_1_180' title='bbox 2791 1147 3051 1191; x_wconf 76' lang='lat' dir='ltr'><strong>creatura:</strong></span> <span class='ocrx_word' id='word_1_181' title='bbox 3100 1136 3467 1190; x_wconf 73' lang='lat' dir='ltr'><strong>reuelationem</strong></span> <span class='ocrx_word' id='word_1_182' title='bbox 3497 1138 3696 1205; x_wconf 65' lang='lat' dir='ltr'><strong>ﬁliorum</strong></span> 
     </span>
    </p>
   </div>
   <div class='ocr_carea' id='block_1_26' title="bbox 2133 1223 3698 1297">
    <p class='ocr_par' dir='ltr' id='par_1_26' title="bbox 2133 1223 3698 1297">
     <span class='ocr_line' id='line_1_26' title="bbox 2133 1223 3698 1297; baseline 0.003 -17"><span class='ocrx_word' id='word_1_183' title='bbox 2133 1223 2228 1280; x_wconf 91' lang='lat' dir='ltr'><strong>Dei</strong></span> <span class='ocrx_word' id='word_1_184' title='bbox 2261 1239 2542 1297; x_wconf 74' lang='lat' dir='ltr'><strong>exspectat.</strong></span> <span class='ocrx_word' id='word_1_185' title='bbox 2573 1228 2752 1288; x_wconf 62' lang='lat' dir='ltr'><strong>Vocat</strong></span> <span class='ocrx_word' id='word_1_186' title='bbox 2781 1237 2964 1284; x_wconf 87' lang='lat' dir='ltr'><strong>autem</strong></span> <span class='ocrx_word' id='word_1_187' title='bbox 3019 1229 3110 1283; x_wconf 88' lang='lat' dir='ltr'><strong>hic</strong></span> <span class='ocrx_word' id='word_1_188' title='bbox 3132 1229 3333 1284; x_wconf 76' lang='lat' dir='ltr'><strong>ﬁdeles</strong></span> <span class='ocrx_word' id='word_1_189' title='bbox 3379 1242 3698 1296; x_wconf 70' lang='lat' dir='ltr'><strong>creaturam,</strong></span> 
     </span>
    </p>
   </div>
   <div class='ocr_carea' id='block_1_27' title="bbox 2133 1321 3701 1387">
    <p class='ocr_par' dir='ltr' id='par_1_27' title="bbox 2133 1321 3701 1387">
     <span class='ocr_line' id='line_1_27' title="bbox 2133 1321 3701 1387; baseline 0.001 -13"><span class='ocrx_word' id='word_1_190' title='bbox 2133 1335 2197 1374; x_wconf 80' lang='lat' dir='ltr'><strong>eo</strong></span> <span class='ocrx_word' id='word_1_191' title='bbox 2225 1321 2365 1387; x_wconf 86' lang='lat' dir='ltr'><strong>quod</strong></span> <span class='ocrx_word' id='word_1_192' title='bbox 2394 1337 2422 1374; x_wconf 83' lang='lat' dir='ltr'><strong>a</strong></span> <span class='ocrx_word' id='word_1_193' title='bbox 2450 1324 2668 1378; x_wconf 68' lang='lat' dir='ltr'><strong>caeteris</strong></span> <span class='ocrx_word' id='word_1_194' title='bbox 2696 1324 2967 1378; x_wconf 74' lang='lat' dir='ltr'><strong>creaturis</strong></span> <span class='ocrx_word' id='word_1_195' title='bbox 2993 1324 3110 1376; x_wconf 86' lang='lat' dir='ltr'><strong>lere</strong></span> <span class='ocrx_word' id='word_1_196' title='bbox 3139 1323 3192 1376; x_wconf 90' lang='lat' dir='ltr'><strong>in</strong></span> <span class='ocrx_word' id='word_1_197' title='bbox 3225 1323 3377 1376; x_wconf 81' lang='lat' dir='ltr'><strong>nullo</strong></span> <span class='ocrx_word' id='word_1_198' title='bbox 3407 1323 3494 1376; x_wconf 88' lang='lat' dir='ltr'><strong>hic</strong></span> <span class='ocrx_word' id='word_1_199' title='bbox 3526 1324 3701 1379; x_wconf 82' lang='lat' dir='ltr'><strong>distare</strong></span> 
     </span>
    </p>
   </div>
   <div class='ocr_carea' id='block_1_28' title="bbox 2134 1410 3702 1477">
    <p class='ocr_par' dir='ltr' id='par_1_28' title="bbox 2134 1410 3702 1477">
     <span class='ocr_line' id='line_1_28' title="bbox 2134 1410 3702 1477; baseline 0.003 -14"><span class='ocrx_word' id='word_1_200' title='bbox 2134 1410 2434 1466; x_wconf 87' lang='lat' dir='ltr'><strong>videantur.</strong></span> <span class='ocrx_word' id='word_1_201' title='bbox 2469 1412 2542 1469; x_wconf 85' lang='lat' dir='ltr'><strong>De</strong></span> <span class='ocrx_word' id='word_1_202' title='bbox 2592 1424 2735 1468; x_wconf 84' lang='lat' dir='ltr'><strong>terra</strong></span> <span class='ocrx_word' id='word_1_203' title='bbox 2767 1415 2916 1470; x_wconf 81' lang='lat' dir='ltr'><strong>enim</strong></span> <span class='ocrx_word' id='word_1_204' title='bbox 2947 1423 3114 1477; x_wconf 89' lang='lat' dir='ltr'><strong>sunt,</strong></span> <span class='ocrx_word' id='word_1_205' title='bbox 3145 1422 3200 1467; x_wconf 85' lang='lat' dir='ltr'><strong>et</strong></span> <span class='ocrx_word' id='word_1_206' title='bbox 3239 1415 3294 1468; x_wconf 88' lang='lat' dir='ltr'><strong>in</strong></span> <span class='ocrx_word' id='word_1_207' title='bbox 3331 1425 3477 1468; x_wconf 77' lang='lat' dir='ltr'><strong>terra</strong></span> <span class='ocrx_word' id='word_1_208' title='bbox 3513 1432 3702 1468; x_wconf 65' lang='lat' dir='ltr'><strong>morano</strong></span> 
     </span>
    </p>
   </div>
   <div class='ocr_carea' id='block_1_29' title="bbox 2138 1504 3703 1572">
    <p class='ocr_par' dir='ltr' id='par_1_29' title="bbox 2138 1504 3703 1572">
     <span class='ocr_line' id='line_1_29' title="bbox 2138 1504 3703 1572; baseline 0.002 -18"><span class='ocrx_word' id='word_1_209' title='bbox 2138 1510 2242 1567; x_wconf 88' lang='lat' dir='ltr'><strong>trtr,</strong></span> <span class='ocrx_word' id='word_1_210' title='bbox 2276 1512 2327 1555; x_wconf 88' lang='lat' dir='ltr'><strong>et</strong></span> <span class='ocrx_word' id='word_1_211' title='bbox 2354 1504 2418 1557; x_wconf 88' lang='lat' dir='ltr'><strong>de</strong></span> <span class='ocrx_word' id='word_1_212' title='bbox 2448 1512 2589 1557; x_wconf 84' lang='lat' dir='ltr'><strong>terra</strong></span> <span class='ocrx_word' id='word_1_213' title='bbox 2624 1504 2840 1566; x_wconf 80' lang='lat' dir='ltr'><strong>vivunt,</strong></span> <span class='ocrx_word' id='word_1_214' title='bbox 2875 1512 3156 1557; x_wconf 85' lang='lat' dir='ltr'><strong>mutantur</strong></span> <span class='ocrx_word' id='word_1_215' title='bbox 3181 1513 3236 1558; x_wconf 83' lang='lat' dir='ltr'><strong>et</strong></span> <span class='ocrx_word' id='word_1_216' title='bbox 3282 1514 3703 1572; x_wconf 83' lang='lat' dir='ltr'><strong>corrumpuntur,</strong></span> 
     </span>
    </p>
   </div>
   <div class='ocr_carea' id='block_1_30' title="bbox 2131 1596 3709 1674">
    <p class='ocr_par' dir='ltr' id='par_1_30' title="bbox 2131 1596 3709 1674">
     <span class='ocr_line' id='line_1_30' title="bbox 2131 1596 3709 1674; baseline 0.003 -25"><span class='ocrx_word' id='word_1_217' title='bbox 2131 1596 2437 1674; x_wconf 79' lang='lat' dir='ltr'><strong>moriuntur</strong></span> <span class='ocrx_word' id='word_1_218' title='bbox 2468 1596 2612 1652; x_wconf 85' lang='lat' dir='ltr'><strong>sicut</strong></span> <span class='ocrx_word' id='word_1_219' title='bbox 2637 1605 2849 1653; x_wconf 64' lang='lat' dir='ltr'><strong>creterra</strong></span> <span class='ocrx_word' id='word_1_220' title='bbox 2869 1608 3165 1652; x_wconf 65' lang='lat' dir='ltr'><strong>creaturae.</strong></span> <span class='ocrx_word' id='word_1_221' title='bbox 3194 1597 3352 1652; x_wconf 83' lang='lat' dir='ltr'><strong>Unde</strong></span> <span class='ocrx_word' id='word_1_222' title='bbox 3379 1598 3589 1652; x_wconf 69' lang='lat' dir='ltr'><strong>videtur</strong></span> <span class='ocrx_word' id='word_1_223' title='bbox 3609 1613 3709 1653; x_wconf 70' lang='lat' dir='ltr'><strong>esse</strong></span> 
     </span>
    </p>
   </div>
   <div class='ocr_carea' id='block_1_31' title="bbox 2138 1685 3710 1758">
    <p class='ocr_par' dir='ltr' id='par_1_31' title="bbox 2138 1685 3710 1758">
     <span class='ocr_line' id='line_1_31' title="bbox 2138 1685 3710 1758; baseline 0.001 -19"><span class='ocrx_word' id='word_1_224' title='bbox 2138 1685 2276 1740; x_wconf 84' lang='lat' dir='ltr'><strong>idem</strong></span> <span class='ocrx_word' id='word_1_225' title='bbox 2307 1685 2428 1740; x_wconf 81' lang='lat' dir='ltr'><strong>linis</strong></span> <span class='ocrx_word' id='word_1_226' title='bbox 2456 1687 2692 1742; x_wconf 83' lang='lat' dir='ltr'><strong>hominis</strong></span> <span class='ocrx_word' id='word_1_227' title='bbox 2739 1698 2796 1743; x_wconf 87' lang='lat' dir='ltr'><strong>et</strong></span> <span class='ocrx_word' id='word_1_228' title='bbox 2831 1687 3091 1758; x_wconf 74' lang='lat' dir='ltr'><strong>iumenti.</strong></span> <span class='ocrx_word' id='word_1_229' title='bbox 3123 1687 3361 1744; x_wconf 72' lang='lat' dir='ltr'><strong>Eosdem</strong></span> <span class='ocrx_word' id='word_1_230' title='bbox 3414 1703 3541 1741; x_wconf 83' lang='lat' dir='ltr'><strong>vero</strong></span> <span class='ocrx_word' id='word_1_231' title='bbox 3577 1698 3710 1741; x_wconf 74' lang='lat' dir='ltr'><strong>mest</strong></span> 
     </span>
    </p>
   </div>
   <div class='ocr_carea' id='block_1_32' title="bbox 443 1753 3710 1852">
    <p class='ocr_par' dir='ltr' id='par_1_32' title="bbox 443 1753 3710 1852">
     <span class='ocr_line' id='line_1_32' title="bbox 443 1753 3710 1852; baseline -0.005 -14"><span class='ocrx_word' id='word_1_232' title='bbox 443 1765 610 1838; x_wconf 80' lang='lat' dir='ltr'><strong>nullis</strong></span> <span class='ocrx_word' id='word_1_233' title='bbox 641 1784 888 1852; x_wconf 79' lang='lat' dir='ltr'><strong>Suspiriis</strong></span> <span class='ocrx_word' id='word_1_234' title='bbox 911 1823 925 1847; x_wconf 90' lang='lat'><strong>,</strong></span> <span class='ocrx_word' id='word_1_235' title='bbox 961 1779 1119 1836; x_wconf 87' lang='lat' dir='ltr'><strong>rrrrllis</strong></span> <span class='ocrx_word' id='word_1_236' title='bbox 1151 1778 1440 1850; x_wconf 85' lang='lat' dir='ltr'><strong>lacryrnis,</strong></span> <span class='ocrx_word' id='word_1_237' title='bbox 1475 1775 1541 1830; x_wconf 85' lang='lat' dir='ltr'><strong>ad</strong></span> <span class='ocrx_word' id='word_1_238' title='bbox 1583 1774 1823 1828; x_wconf 73' lang='lat' dir='ltr'><strong>cmlestia</strong></span> <span class='ocrx_word' id='word_1_239' title='bbox 1873 1773 2028 1825; x_wconf 84' lang='lat' dir='ltr'><strong>inar-</strong></span> <span class='ocrx_word' id='word_1_240' title='bbox 2065 1753 2109 1810; x_wconf 70' lang='grc' dir='ltr'><strong>Β</strong></span> <span class='ocrx_word' id='word_1_241' title='bbox 2134 1777 2428 1836; x_wconf 70' lang='lat' dir='ltr'><strong>secundum</strong></span> <span class='ocrx_word' id='word_1_242' title='bbox 2476 1788 2674 1834; x_wconf 58' lang='lat' dir='ltr'><strong>graium</strong></span> <span class='ocrx_word' id='word_1_243' title='bbox 2706 1790 2924 1844; x_wconf 56' lang='lat' dir='ltr'><strong>meum</strong></span> <span class='ocrx_word' id='word_1_244' title='bbox 2969 1781 3093 1836; x_wconf 67' lang='grc' dir='ltr'><strong>τίιεε</strong></span> <span class='ocrx_word' id='word_1_245' title='bbox 3116 1820 3132 1844; x_wconf 53' lang='grc' dir='ltr'><strong>ν</strong></span> <span class='ocrx_word' id='word_1_246' title='bbox 3163 1780 3280 1835; x_wconf 66' lang='grc' dir='ltr'><strong>δίκε</strong></span> <span class='ocrx_word' id='word_1_247' title='bbox 3334 1778 3563 1842; x_wconf 57' lang='lat' dir='ltr'><strong>(mum,</strong></span> <span class='ocrx_word' id='word_1_248' title='bbox 3589 1781 3710 1834; x_wconf 57' lang='grc' dir='ltr'><strong>ἤιξε),</strong></span> 
     </span>
    </p>
   </div>
   <div class='ocr_carea' id='block_1_33' title="bbox 437 1866 2028 1943">
    <p class='ocr_par' dir='ltr' id='par_1_33' title="bbox 437 1866 2028 1943">
     <span class='ocr_line' id='line_1_33' title="bbox 437 1866 2028 1943; baseline -0.005 -14"><span class='ocrx_word' id='word_1_249' title='bbox 437 1878 696 1940; x_wconf 77' lang='lat' dir='ltr'><strong>deseruit,</strong></span> <span class='ocrx_word' id='word_1_250' title='bbox 730 1876 824 1931; x_wconf 91' lang='lat' dir='ltr'><strong>sed</strong></span> <span class='ocrx_word' id='word_1_251' title='bbox 873 1891 972 1928; x_wconf 90' lang='lat' dir='ltr'><strong>nec</strong></span> <span class='ocrx_word' id='word_1_252' title='bbox 1024 1871 1242 1943; x_wconf 78' lang='lat' dir='ltr'><strong>frigidi,</strong></span> <span class='ocrx_word' id='word_1_253' title='bbox 1298 1889 1398 1927; x_wconf 91' lang='lat' dir='ltr'><strong>nec</strong></span> <span class='ocrx_word' id='word_1_254' title='bbox 1447 1870 1581 1926; x_wconf 81' lang='lat' dir='ltr'><strong>satis</strong></span> <span class='ocrx_word' id='word_1_255' title='bbox 1628 1867 1786 1923; x_wconf 83' lang='lat' dir='ltr'><strong>calidi</strong></span> <span class='ocrx_word' id='word_1_256' title='bbox 1824 1866 2028 1922; x_wconf 75' lang='lat' dir='ltr'><strong>vivunt.</strong></span> 
     </span>
    </p>
   </div>
   <div class='ocr_carea' id='block_1_34' title="bbox 439 1958 2031 2038">
    <p class='ocr_par' dir='ltr' id='par_1_34' title="bbox 439 1958 2031 2038">
     <span class='ocr_line' id='line_1_34' title="bbox 439 1958 2031 2038; baseline -0.008 -18"><span class='ocrx_word' id='word_1_257' title='bbox 439 1963 609 2038; x_wconf 83' lang='lat' dir='ltr'><strong>Majns</strong></span> <span class='ocrx_word' id='word_1_258' title='bbox 637 1984 763 2038; x_wconf 80' lang='lat' dir='ltr'><strong>ergo</strong></span> <span class='ocrx_word' id='word_1_259' title='bbox 794 1965 1046 2038; x_wconf 72' lang='lat' dir='ltr'><strong>gaudium</strong></span> <span class='ocrx_word' id='word_1_260' title='bbox 1099 1974 1180 2017; x_wconf 90' lang='lat' dir='ltr'><strong>est</strong></span> <span class='ocrx_word' id='word_1_261' title='bbox 1233 1962 1344 2018; x_wconf 90' lang='lat' dir='ltr'><strong>Deo</strong></span> <span class='ocrx_word' id='word_1_262' title='bbox 1375 1972 1428 2015; x_wconf 89' lang='lat' dir='ltr'><strong>et</strong></span> <span class='ocrx_word' id='word_1_263' title='bbox 1461 1960 1670 2029; x_wconf 80' lang='lat' dir='ltr'><strong>angelis</strong></span> <span class='ocrx_word' id='word_1_264' title='bbox 1717 1958 1832 2025; x_wconf 72' lang='lat' dir='ltr'><strong>eius</strong></span> <span class='ocrx_word' id='word_1_265' title='bbox 1869 1970 2031 2023; x_wconf 85' lang='lat' dir='ltr'><strong>super</strong></span> 
     </span>
    </p>
   </div>
   <div class='ocr_carea' id='block_1_35' title="bbox 437 2045 2029 2129">
    <p class='ocr_par' dir='ltr' id='par_1_35' title="bbox 437 2045 2029 2129">
     <span class='ocr_line' id='line_1_35' title="bbox 437 2045 2029 2129; baseline -0.009 -15"><span class='ocrx_word' id='word_1_266' title='bbox 437 2057 704 2114; x_wconf 77' lang='lat' dir='ltr'><strong>fervorem</strong></span> <span class='ocrx_word' id='word_1_267' title='bbox 739 2061 900 2114; x_wconf 89' lang='lat' dir='ltr'><strong>unius</strong></span> <span class='ocrx_word' id='word_1_268' title='bbox 932 2057 1245 2129; x_wconf 63' lang='lat' dir='ltr'><strong>paenitentis</strong></span> <span class='ocrx_word' id='word_1_269' title='bbox 1277 2069 1440 2125; x_wconf 88' lang='lat' dir='ltr'><strong>quam</strong></span> <span class='ocrx_word' id='word_1_270' title='bbox 1472 2068 1638 2124; x_wconf 87' lang='lat' dir='ltr'><strong>super</strong></span> <span class='ocrx_word' id='word_1_271' title='bbox 1670 2050 1908 2119; x_wconf 77' lang='lat' dir='ltr'><strong>tepidam</strong></span> <span class='ocrx_word' id='word_1_272' title='bbox 1936 2045 2029 2116; x_wconf 64' lang='lat' dir='ltr'><strong>juo</strong></span> 
     </span>
    </p>
   </div>
   <div class='ocr_carea' id='block_1_36' title="bbox 438 2138 2030 2223">
    <p class='ocr_par' dir='ltr' id='par_1_36' title="bbox 438 2138 2030 2223">
     <span class='ocr_line' id='line_1_36' title="bbox 438 2138 2030 2223; baseline -0.008 -14"><span class='ocrx_word' id='word_1_273' title='bbox 438 2155 641 2208; x_wconf 80' lang='lat' dir='ltr'><strong>stiriam</strong></span> <span class='ocrx_word' id='word_1_274' title='bbox 667 2151 900 2223; x_wconf 89' lang='lat' dir='ltr'><strong>plurinrn</strong></span> <span class='ocrx_word' id='word_1_275' title='bbox 946 2149 1248 2218; x_wconf 83' lang='lat' dir='ltr'><strong>justorum,</strong></span> <span class='ocrx_word' id='word_1_276' title='bbox 1288 2146 1549 2217; x_wconf 88' lang='lat' dir='ltr'><strong>quoniam</strong></span> <span class='ocrx_word' id='word_1_277' title='bbox 1603 2159 1696 2198; x_wconf 82' lang='lat' dir='ltr'><strong>rex</strong></span> <span class='ocrx_word' id='word_1_278' title='bbox 1731 2138 1852 2213; x_wconf 89' lang='lat' dir='ltr'><strong>plus</strong></span> <span class='ocrx_word' id='word_1_279' title='bbox 1881 2139 2030 2196; x_wconf 88' lang='lat' dir='ltr'><strong>illum</strong></span> 
     </span>
    </p>
   </div>
   <div class='ocr_carea' id='block_1_37' title="bbox 438 2235 2030 2315">
    <p class='ocr_par' dir='ltr' id='par_1_37' title="bbox 438 2235 2030 2315">
     <span class='ocr_line' id='line_1_37' title="bbox 438 2235 2030 2315; baseline -0.006 -15"><span class='ocrx_word' id='word_1_280' title='bbox 438 2248 662 2300; x_wconf 83' lang='lat' dir='ltr'><strong>militem</strong></span> <span class='ocrx_word' id='word_1_281' title='bbox 723 2243 935 2315; x_wconf 75' lang='lat' dir='ltr'><strong>diligit,</strong></span> <span class='ocrx_word' id='word_1_282' title='bbox 971 2243 1059 2314; x_wconf 89' lang='lat' dir='ltr'><strong>qui</strong></span> <span class='ocrx_word' id='word_1_283' title='bbox 1115 2250 1235 2312; x_wconf 79' lang='lat' dir='ltr'><strong>post</strong></span> <span class='ocrx_word' id='word_1_284' title='bbox 1283 2239 1460 2312; x_wconf 78' lang='lat' dir='ltr'><strong>fugam</strong></span> <span class='ocrx_word' id='word_1_285' title='bbox 1515 2253 1807 2301; x_wconf 76' lang='lat' dir='ltr'><strong>reversus,</strong></span> <span class='ocrx_word' id='word_1_286' title='bbox 1849 2235 2030 2290; x_wconf 83' lang='lat' dir='ltr'><strong>hostes</strong></span> 
     </span>
    </p>
   </div>
   <div class='ocr_carea' id='block_1_38' title="bbox 437 2317 2030 2407">
    <p class='ocr_par' dir='ltr' id='par_1_38' title="bbox 437 2317 2030 2407">
     <span class='ocr_line' id='line_1_38' title="bbox 437 2317 2030 2407; baseline -0.008 -14"><span class='ocrx_word' id='word_1_287' title='bbox 437 2317 650 2404; x_wconf 79' lang='lat' dir='ltr'><strong>fortiter</strong></span> <span class='ocrx_word' id='word_1_288' title='bbox 677 2338 909 2407; x_wconf 85' lang='lat' dir='ltr'><strong>premit,</strong></span> <span class='ocrx_word' id='word_1_289' title='bbox 961 2352 1124 2405; x_wconf 83' lang='lat' dir='ltr'><strong>quant</strong></span> <span class='ocrx_word' id='word_1_290' title='bbox 1156 2335 1302 2388; x_wconf 91' lang='lat' dir='ltr'><strong>illunr</strong></span> <span class='ocrx_word' id='word_1_291' title='bbox 1333 2333 1425 2406; x_wconf 89' lang='lat' dir='ltr'><strong>qui</strong></span> <span class='ocrx_word' id='word_1_292' title='bbox 1455 2348 1554 2386; x_wconf 90' lang='lat' dir='ltr'><strong>nec</strong></span> <span class='ocrx_word' id='word_1_293' title='bbox 1583 2331 1754 2400; x_wconf 79' lang='lat' dir='ltr'><strong>fugit,</strong></span> <span class='ocrx_word' id='word_1_294' title='bbox 1785 2343 1883 2382; x_wconf 87' lang='lat' dir='ltr'><strong>ncc</strong></span> <span class='ocrx_word' id='word_1_295' title='bbox 1931 2344 2030 2381; x_wconf 88' lang='lat' dir='ltr'><strong>trn-</strong></span> 
     </span>
    </p>
   </div>
   <div class='ocr_carea' id='block_1_39' title="bbox 437 2417 2025 2500">
    <p class='ocr_par' dir='ltr' id='par_1_39' title="bbox 437 2417 2025 2500">
     <span class='ocr_line' id='line_1_39' title="bbox 437 2417 2025 2500; baseline -0.008 -16"><span class='ocrx_word' id='word_1_296' title='bbox 437 2417 598 2500; x_wconf 69' lang='lat' dir='ltr'><strong>Quam</strong></span> <span class='ocrx_word' id='word_1_297' title='bbox 633 2429 843 2484; x_wconf 76' lang='lat' dir='ltr'><strong>fortiter</strong></span> <span class='ocrx_word' id='word_1_298' title='bbox 886 2427 1014 2496; x_wconf 69' lang='lat' dir='ltr'><strong>egit.</strong></span> <span class='ocrx_word' id='word_1_299' title='bbox 1066 2427 1175 2481; x_wconf 70' lang='lat' dir='ltr'><strong>Nos</strong></span> <span class='ocrx_word' id='word_1_300' title='bbox 1212 2441 1380 2496; x_wconf 72' lang='lat' dir='ltr'><strong>ergo,</strong></span> <span class='ocrx_word' id='word_1_301' title='bbox 1433 2422 1631 2480; x_wconf 79' lang='lat' dir='ltr'><strong>fratres</strong></span> <span class='ocrx_word' id='word_1_302' title='bbox 1684 2420 2025 2485; x_wconf 85' lang='lat' dir='ltr'><strong>clrarissirni,</strong></span> 
     </span>
    </p>
   </div>
   <div class='ocr_carea' id='block_1_40' title="bbox 437 2513 2025 2592">
    <p class='ocr_par' dir='ltr' id='par_1_40' title="bbox 437 2513 2025 2592">
     <span class='ocr_line' id='line_1_40' title="bbox 437 2513 2025 2592; baseline -0.009 -14"><span class='ocrx_word' id='word_1_303' title='bbox 437 2524 690 2592; x_wconf 73' lang='lat' dir='ltr'><strong>duritiam</strong></span> <span class='ocrx_word' id='word_1_304' title='bbox 719 2531 771 2575; x_wconf 88' lang='lat' dir='ltr'><strong>et</strong></span> <span class='ocrx_word' id='word_1_305' title='bbox 801 2519 991 2574; x_wconf 77' lang='lat' dir='ltr'><strong>falsam</strong></span> <span class='ocrx_word' id='word_1_306' title='bbox 1015 2517 1281 2592; x_wconf 84' lang='lat' dir='ltr'><strong>justitiam</strong></span> <span class='ocrx_word' id='word_1_307' title='bbox 1310 2516 1712 2572; x_wconf 69' lang='lat' dir='ltr'><strong>Plrarismorurn</strong></span> <span class='ocrx_word' id='word_1_308' title='bbox 1739 2513 2025 2578; x_wconf 67' lang='lat' dir='ltr'><strong>evitemus,</strong></span> 
     </span>
    </p>
   </div>
   <div class='ocr_carea' id='block_1_41' title="bbox 438 2601 2028 2687">
    <p class='ocr_par' dir='ltr' id='par_1_41' title="bbox 438 2601 2028 2687">
     <span class='ocr_line' id='line_1_41' title="bbox 438 2601 2028 2687; baseline -0.009 -14"><span class='ocrx_word' id='word_1_309' title='bbox 438 2617 830 2687; x_wconf 85' lang='lat' dir='ltr'><strong>conrpaticntes</strong></span> <span class='ocrx_word' id='word_1_310' title='bbox 860 2613 912 2668; x_wconf 93' lang='lat' dir='ltr'><strong>in</strong></span> <span class='ocrx_word' id='word_1_311' title='bbox 944 2624 1262 2683; x_wconf 83' lang='lat' dir='ltr'><strong>peceatores</strong></span> <span class='ocrx_word' id='word_1_312' title='bbox 1309 2619 1364 2665; x_wconf 90' lang='lat' dir='ltr'><strong>et</strong></span> <span class='ocrx_word' id='word_1_313' title='bbox 1415 2620 1688 2678; x_wconf 84' lang='lat' dir='ltr'><strong>pauperes</strong></span> <span class='ocrx_word' id='word_1_314' title='bbox 1721 2612 1775 2659; x_wconf 87' lang='lat' dir='ltr'><strong>et</strong></span> <span class='ocrx_word' id='word_1_315' title='bbox 1801 2601 2028 2658; x_wconf 85' lang='lat' dir='ltr'><strong>alllictos</strong></span> 
     </span>
    </p>
   </div>
   <div class='ocr_carea' id='block_1_42' title="bbox 437 2704 2028 2774">
    <p class='ocr_par' dir='ltr' id='par_1_42' title="bbox 437 2704 2028 2774">
     <span class='ocr_line' id='line_1_42' title="bbox 437 2704 2028 2774; baseline -0.011 -8"><span class='ocrx_word' id='word_1_316' title='bbox 437 2711 642 2774; x_wconf 87' lang='lat' dir='ltr'><strong>simus,</strong></span> <span class='ocrx_word' id='word_1_317' title='bbox 674 2722 984 2766; x_wconf 83' lang='lat' dir='ltr'><strong>aversorum</strong></span> <span class='ocrx_word' id='word_1_318' title='bbox 1018 2704 1434 2759; x_wconf 74' lang='lat' dir='ltr'><strong>conversionem</strong></span> <span class='ocrx_word' id='word_1_319' title='bbox 1467 2713 1806 2770; x_wconf 61' lang='lat' dir='ltr'><strong>quaeramus,</strong></span> <span class='ocrx_word' id='word_1_320' title='bbox 1840 2712 2028 2750; x_wconf 86' lang='lat' dir='ltr'><strong>erran-</strong></span> 
     </span>
    </p>
   </div>
   <div class='ocr_carea' id='block_1_43' title="bbox 441 2787 2027 2870">
    <p class='ocr_par' dir='ltr' id='par_1_43' title="bbox 441 2787 2027 2870">
     <span class='ocr_line' id='line_1_43' title="bbox 441 2787 2027 2870; baseline -0.009 -12"><span class='ocrx_word' id='word_1_321' title='bbox 441 2813 519 2860; x_wconf 80' lang='lat' dir='ltr'><strong>tes</strong></span> <span class='ocrx_word' id='word_1_322' title='bbox 548 2803 904 2870; x_wconf 79' lang='lat' dir='ltr'><strong>corrigamus,</strong></span> <span class='ocrx_word' id='word_1_323' title='bbox 930 2809 984 2855; x_wconf 87' lang='lat' dir='ltr'><strong>et</strong></span> <span class='ocrx_word' id='word_1_324' title='bbox 1010 2799 1074 2852; x_wconf 88' lang='lat' dir='ltr'><strong>ad</strong></span> <span class='ocrx_word' id='word_1_325' title='bbox 1107 2799 1272 2852; x_wconf 87' lang='lat' dir='ltr'><strong>Deurrr</strong></span> <span class='ocrx_word' id='word_1_326' title='bbox 1297 2810 1634 2851; x_wconf 79' lang='lat' dir='ltr'><strong>revoccnrus.</strong></span> <span class='ocrx_word' id='word_1_327' title='bbox 1663 2787 1806 2848; x_wconf 70' lang='lat' dir='ltr'><strong>Nihil</strong></span> <span class='ocrx_word' id='word_1_328' title='bbox 1830 2791 2027 2860; x_wconf 82' lang='lat' dir='ltr'><strong>quippe</strong></span> 
     </span>
    </p>
   </div>
   <div class='ocr_carea' id='block_1_44' title="bbox 437 2881 2023 2966">
    <p class='ocr_par' dir='ltr' id='par_1_44' title="bbox 437 2881 2023 2966">
     <span class='ocr_line' id='line_1_44' title="bbox 437 2881 2023 2966; baseline -0.008 -16"><span class='ocrx_word' id='word_1_329' title='bbox 437 2898 556 2966; x_wconf 85' lang='lat' dir='ltr'><strong>plus</strong></span> <span class='ocrx_word' id='word_1_330' title='bbox 611 2896 844 2966; x_wconf 79' lang='lat' dir='ltr'><strong>acquirit</strong></span> <span class='ocrx_word' id='word_1_331' title='bbox 891 2891 1046 2948; x_wconf 90' lang='lat' dir='ltr'><strong>nobis</strong></span> <span class='ocrx_word' id='word_1_332' title='bbox 1099 2889 1567 2952; x_wconf 85' lang='lat' dir='ltr'><strong>misericordiam,</strong></span> <span class='ocrx_word' id='word_1_333' title='bbox 1597 2900 1759 2956; x_wconf 90' lang='lat' dir='ltr'><strong>quam</strong></span> <span class='ocrx_word' id='word_1_334' title='bbox 1809 2881 1948 2952; x_wconf 90' lang='lat' dir='ltr'><strong>quod</strong></span> <span class='ocrx_word' id='word_1_335' title='bbox 1980 2882 2023 2938; x_wconf 87' lang='lat' dir='ltr'><strong>si</strong></span> 
     </span>
    </p>
   </div>
   <div class='ocr_carea' id='block_1_45' title="bbox 438 2975 2024 3050">
    <p class='ocr_par' dir='ltr' id='par_1_45' title="bbox 438 2975 2024 3050">
     <span class='ocr_line' id='line_1_45' title="bbox 438 2975 2024 3050; baseline -0.011 -6"><span class='ocrx_word' id='word_1_336' title='bbox 438 2990 668 3045; x_wconf 87' lang='lat' dir='ltr'><strong>facinrrrs</strong></span> <span class='ocrx_word' id='word_1_337' title='bbox 700 2989 819 3042; x_wconf 85' lang='lat' dir='ltr'><strong>aliis</strong></span> <span class='ocrx_word' id='word_1_338' title='bbox 867 2983 1324 3041; x_wconf 89' lang='lat' dir='ltr'><strong>misericordiarrr.</strong></span> <span class='ocrx_word' id='word_1_339' title='bbox 1362 2981 1464 3048; x_wconf 87' lang='lat' dir='ltr'><strong>Qui</strong></span> <span class='ocrx_word' id='word_1_340' title='bbox 1515 2993 1646 3050; x_wconf 77' lang='lat' dir='ltr'><strong>ergo</strong></span> <span class='ocrx_word' id='word_1_341' title='bbox 1695 2975 1832 3046; x_wconf 85' lang='lat' dir='ltr'><strong>lapsi</strong></span> <span class='ocrx_word' id='word_1_342' title='bbox 1869 2983 2024 3038; x_wconf 86' lang='lat' dir='ltr'><strong>sunt,</strong></span> 
     </span>
    </p>
   </div>
   <div class='ocr_carea' id='block_1_46' title="bbox 2135 1871 3710 1941">
    <p class='ocr_par' dir='ltr' id='par_1_46' title="bbox 2135 1871 3710 1941">
     <span class='ocr_line' id='line_1_46' title="bbox 2135 1871 3710 1941; baseline 0 -15"><span class='ocrx_word' id='word_1_343' title='bbox 2135 1871 2229 1933; x_wconf 86' lang='lat' dir='ltr'><strong>Dei</strong></span> <span class='ocrx_word' id='word_1_344' title='bbox 2249 1911 2264 1933; x_wconf 91' lang='lat'><strong>,</strong></span> <span class='ocrx_word' id='word_1_345' title='bbox 2305 1886 2368 1925; x_wconf 89' lang='lat' dir='ltr'><strong>co</strong></span> <span class='ocrx_word' id='word_1_346' title='bbox 2396 1872 2539 1941; x_wconf 86' lang='lat' dir='ltr'><strong>quod</strong></span> <span class='ocrx_word' id='word_1_347' title='bbox 2574 1881 2698 1926; x_wconf 90' lang='lat' dir='ltr'><strong>tunc</strong></span> <span class='ocrx_word' id='word_1_348' title='bbox 2730 1882 2893 1928; x_wconf 88' lang='lat' dir='ltr'><strong>errurt</strong></span> <span class='ocrx_word' id='word_1_349' title='bbox 2925 1873 3134 1928; x_wconf 83' lang='lat' dir='ltr'><strong>similes</strong></span> <span class='ocrx_word' id='word_1_350' title='bbox 3165 1873 3272 1928; x_wconf 82' lang='lat' dir='ltr'><strong>Deo</strong></span> <span class='ocrx_word' id='word_1_351' title='bbox 3299 1872 3710 1936; x_wconf 75' lang='lat' dir='ltr'><strong>immortalitate,</strong></span> 
     </span>
    </p>
   </div>
   <div class='ocr_carea' id='block_1_47' title="bbox 2132 1966 3712 2037">
    <p class='ocr_par' dir='ltr' id='par_1_47' title="bbox 2132 1966 3712 2037">
     <span class='ocr_line' id='line_1_47' title="bbox 2132 1966 3712 2037; baseline 0 -17"><span class='ocrx_word' id='word_1_352' title='bbox 2132 1967 2406 2036; x_wconf 85' lang='lat' dir='ltr'><strong>puritate,</strong></span> <span class='ocrx_word' id='word_1_353' title='bbox 2459 1966 2888 2037; x_wconf 76' lang='lat' dir='ltr'><strong>glorilicatione.</strong></span> <span class='ocrx_word' id='word_1_354' title='bbox 2940 1976 2996 2022; x_wconf 84' lang='lat' dir='ltr'><strong>et</strong></span> <span class='ocrx_word' id='word_1_355' title='bbox 3045 1967 3331 2030; x_wconf 78' lang='lat' dir='ltr'><strong>claritate,</strong></span> <span class='ocrx_word' id='word_1_356' title='bbox 3378 1967 3534 2036; x_wconf 73' lang='lat' dir='ltr'><strong>juxta</strong></span> <span class='ocrx_word' id='word_1_357' title='bbox 3589 1971 3712 2035; x_wconf 81' lang='lat' dir='ltr'><strong>quoi</strong></span> 
     </span>
    </p>
   </div>
   <div class='ocr_carea' id='block_1_48' title="bbox 2131 2055 3712 2128">
    <p class='ocr_par' dir='ltr' id='par_1_48' title="bbox 2131 2055 3712 2128">
     <span class='ocr_line' id='line_1_48' title="bbox 2131 2055 3712 2128; baseline 0.004 -20"><span class='ocrx_word' id='word_1_358' title='bbox 2131 2055 2369 2112; x_wconf 72' lang='lat' dir='ltr'><strong>Joannes</strong></span> <span class='ocrx_word' id='word_1_359' title='bbox 2399 2057 2476 2110; x_wconf 85' lang='lat' dir='ltr'><strong>ait</strong></span> <span class='ocrx_word' id='word_1_360' title='bbox 2499 2076 2511 2110; x_wconf 88' lang='lat'><strong>:</strong></span> <span class='ocrx_word' id='word_1_361' title='bbox 2538 2056 2865 2117; x_wconf 80' lang='lat' dir='ltr'><strong>Cburissimi,</strong></span> <span class='ocrx_word' id='word_1_362' title='bbox 2890 2058 3097 2114; x_wconf 84' lang='lat' dir='ltr'><strong>scimus</strong></span> <span class='ocrx_word' id='word_1_363' title='bbox 3125 2061 3249 2128; x_wconf 76' lang='lat' dir='ltr'><strong>quia</strong></span> <span class='ocrx_word' id='word_1_364' title='bbox 3276 2059 3375 2126; x_wconf 77' lang='lat' dir='ltr'><strong>ﬁlii</strong></span> <span class='ocrx_word' id='word_1_365' title='bbox 3404 2058 3503 2112; x_wconf 90' lang='lat' dir='ltr'><strong>Dei</strong></span> <span class='ocrx_word' id='word_1_366' title='bbox 3531 2077 3712 2120; x_wconf 68' lang='lat' dir='ltr'><strong>sursus.</strong></span> 
     </span>
    </p>
   </div>
   <div class='ocr_carea' id='block_1_49' title="bbox 2132 2146 3717 2217">
    <p class='ocr_par' dir='ltr' id='par_1_49' title="bbox 2132 2146 3717 2217">
     <span class='ocr_line' id='line_1_49' title="bbox 2132 2146 3717 2217; baseline 0.001 -17"><span class='ocrx_word' id='word_1_367' title='bbox 2132 2147 2220 2206; x_wconf 80' lang='lat' dir='ltr'><strong>sed</strong></span> <span class='ocrx_word' id='word_1_368' title='bbox 2246 2146 2474 2200; x_wconf 79' lang='lat' dir='ltr'><strong>nomium</strong></span> <span class='ocrx_word' id='word_1_369' title='bbox 2503 2147 2747 2215; x_wconf 81' lang='lat' dir='ltr'><strong>apparuit</strong></span> <span class='ocrx_word' id='word_1_370' title='bbox 2778 2149 2904 2217; x_wconf 76' lang='lat' dir='ltr'><strong>quid</strong></span> <span class='ocrx_word' id='word_1_371' title='bbox 2931 2149 3151 2202; x_wconf 82' lang='lat' dir='ltr'><strong>erimus.</strong></span> <span class='ocrx_word' id='word_1_372' title='bbox 3181 2148 3318 2202; x_wconf 77' lang='lat' dir='ltr'><strong>Cum</strong></span> <span class='ocrx_word' id='word_1_373' title='bbox 3361 2161 3542 2203; x_wconf 69' lang='lat' dir='ltr'><strong>autem</strong></span> <span class='ocrx_word' id='word_1_374' title='bbox 3573 2167 3717 2217; x_wconf 67' lang='lat' dir='ltr'><strong>amo</strong></span> 
     </span>
    </p>
   </div>
   <div class='ocr_carea' id='block_1_50' title="bbox 2135 2239 3717 2312">
    <p class='ocr_par' dir='ltr' id='par_1_50' title="bbox 2135 2239 3717 2312">
     <span class='ocr_line' id='line_1_50' title="bbox 2135 2239 3717 2312; baseline 0.003 -21"><span class='ocrx_word' id='word_1_375' title='bbox 2135 2239 2320 2312; x_wconf 81' lang='lat' dir='ltr'><strong>ruerit,</strong></span> <span class='ocrx_word' id='word_1_376' title='bbox 2349 2239 2546 2294; x_wconf 79' lang='lat' dir='ltr'><strong>similes</strong></span> <span class='ocrx_word' id='word_1_377' title='bbox 2579 2241 2626 2292; x_wconf 85' lang='lat' dir='ltr'><strong>ei</strong></span> <span class='ocrx_word' id='word_1_378' title='bbox 2653 2241 2871 2304; x_wconf 85' lang='lat' dir='ltr'><strong>erimus,</strong></span> <span class='ocrx_word' id='word_1_379' title='bbox 2911 2242 3039 2310; x_wconf 81' lang='lat' dir='ltr'><strong>quia</strong></span> <span class='ocrx_word' id='word_1_380' title='bbox 3069 2243 3357 2298; x_wconf 75' lang='lat' dir='ltr'><strong>videbimus</strong></span> <span class='ocrx_word' id='word_1_381' title='bbox 3409 2261 3530 2297; x_wconf 76' lang='lat' dir='ltr'><strong>eum</strong></span> <span class='ocrx_word' id='word_1_382' title='bbox 3576 2246 3717 2298; x_wconf 74' lang='lat' dir='ltr'><strong>sic-ti</strong></span> 
     </span>
    </p>
   </div>
   <div class='ocr_carea' id='block_1_51' title="bbox 2131 2329 3713 2408">
    <p class='ocr_par' dir='ltr' id='par_1_51' title="bbox 2131 2329 3713 2408">
     <span class='ocr_line' id='line_1_51' title="bbox 2131 2329 3713 2408; baseline 0.002 -23"><span class='ocrx_word' id='word_1_383' title='bbox 2131 2342 2204 2408; x_wconf 72' lang='lat' dir='ltr'><strong>est</strong></span> <span class='ocrx_word' id='word_1_384' title='bbox 2249 2329 2298 2398; x_wconf 79' lang='grc' dir='ltr'><strong>(Ι</strong></span> <span class='ocrx_word' id='word_1_385' title='bbox 2334 2329 2495 2384; x_wconf 79' lang='lat' dir='ltr'><strong>Jorm.</strong></span> <span class='ocrx_word' id='word_1_386' title='bbox 2542 2335 2788 2400; x_wconf 75' lang='lat' dir='ltr'><strong>Itt):Ait</strong></span> <span class='ocrx_word' id='word_1_387' title='bbox 2843 2349 3003 2403; x_wconf 83' lang='lat' dir='ltr'><strong>ergo,</strong></span> <span class='ocrx_word' id='word_1_388' title='bbox 3059 2331 3396 2401; x_wconf 68' lang='lat' dir='ltr'><strong>Exspectatur</strong></span> <span class='ocrx_word' id='word_1_389' title='bbox 3473 2345 3713 2388; x_wconf 66' lang='lat' dir='ltr'><strong>creaturis</strong></span> 
     </span>
    </p>
   </div>
   <div class='ocr_carea' id='block_1_52' title="bbox 2132 2422 3715 2496">
    <p class='ocr_par' dir='ltr' id='par_1_52' title="bbox 2132 2422 3715 2496">
     <span class='ocr_line' id='line_1_52' title="bbox 2132 2422 3715 2496; baseline 0.003 -19"><span class='ocrx_word' id='word_1_390' title='bbox 2132 2422 2497 2496; x_wconf 75' lang='lat' dir='ltr'><strong>reuelationem</strong></span> <span class='ocrx_word' id='word_1_391' title='bbox 2528 2424 2760 2494; x_wconf 75' lang='lat' dir='ltr'><strong>ﬁliorum</strong></span> <span class='ocrx_word' id='word_1_392' title='bbox 2805 2424 2902 2478; x_wconf 81' lang='lat' dir='ltr'><strong>Dei</strong></span> <span class='ocrx_word' id='word_1_393' title='bbox 2934 2438 3223 2494; x_wconf 72' lang='lat' dir='ltr'><strong>exspectat.</strong></span> <span class='ocrx_word' id='word_1_394' title='bbox 3268 2426 3444 2492; x_wconf 79' lang='lat' dir='ltr'><strong>Quasi</strong></span> <span class='ocrx_word' id='word_1_395' title='bbox 3497 2429 3715 2482; x_wconf 81' lang='lat' dir='ltr'><strong>diceret:</strong></span> 
     </span>
    </p>
   </div>
   <div class='ocr_carea' id='block_1_53' title="bbox 2130 2514 3715 2588">
    <p class='ocr_par' dir='ltr' id='par_1_53' title="bbox 2130 2514 3715 2588">
     <span class='ocr_line' id='line_1_53' title="bbox 2130 2514 3715 2588; baseline 0.001 -18"><span class='ocrx_word' id='word_1_396' title='bbox 2130 2514 2360 2580; x_wconf 80' lang='lat' dir='ltr'><strong>Fideles,</strong></span> <span class='ocrx_word' id='word_1_397' title='bbox 2384 2516 2615 2584; x_wconf 88' lang='lat' dir='ltr'><strong>quisuut</strong></span> <span class='ocrx_word' id='word_1_398' title='bbox 2643 2515 2692 2570; x_wconf 92' lang='lat' dir='ltr'><strong>in</strong></span> <span class='ocrx_word' id='word_1_399' title='bbox 2725 2517 2941 2572; x_wconf 88' lang='lat' dir='ltr'><strong>miseria</strong></span> <span class='ocrx_word' id='word_1_400' title='bbox 2973 2519 3137 2587; x_wconf 82' lang='lat' dir='ltr'><strong>hujus</strong></span> <span class='ocrx_word' id='word_1_401' title='bbox 3173 2520 3380 2582; x_wconf 83' lang='lat' dir='ltr'><strong>mundi,</strong></span> <span class='ocrx_word' id='word_1_402' title='bbox 3414 2530 3715 2588; x_wconf 73' lang='lat' dir='ltr'><strong>exspectant</strong></span> 
     </span>
    </p>
   </div>
   <div class='ocr_carea' id='block_1_54' title="bbox 2131 2593 3716 2682">
    <p class='ocr_par' dir='ltr' id='par_1_54' title="bbox 2131 2593 3716 2682">
     <span class='ocr_line' id='line_1_54' title="bbox 2131 2593 3716 2682; baseline 0.003 -22"><span class='ocrx_word' id='word_1_403' title='bbox 2131 2593 2290 2682; x_wconf 66' lang='lat' dir='ltr'><strong>aliam</strong></span> <span class='ocrx_word' id='word_1_404' title='bbox 2320 2609 2484 2664; x_wconf 82' lang='lat' dir='ltr'><strong>vitam</strong></span> <span class='ocrx_word' id='word_1_405' title='bbox 2509 2649 2524 2674; x_wconf 92' lang='lat'><strong>,</strong></span> <span class='ocrx_word' id='word_1_406' title='bbox 2557 2619 2614 2662; x_wconf 91' lang='lat' dir='ltr'><strong>ut</strong></span> <span class='ocrx_word' id='word_1_407' title='bbox 2643 2609 2693 2662; x_wconf 92' lang='lat' dir='ltr'><strong>in</strong></span> <span class='ocrx_word' id='word_1_408' title='bbox 2724 2623 2786 2663; x_wconf 85' lang='lat' dir='ltr'><strong>ea</strong></span> <span class='ocrx_word' id='word_1_409' title='bbox 2827 2609 3202 2681; x_wconf 72' lang='lat' dir='ltr'><strong>glorificentur</strong></span> <span class='ocrx_word' id='word_1_410' title='bbox 3229 2611 3282 2664; x_wconf 87' lang='lat' dir='ltr'><strong>in</strong></span> <span class='ocrx_word' id='word_1_411' title='bbox 3331 2609 3503 2666; x_wconf 82' lang='lat' dir='ltr'><strong>Filios</strong></span> <span class='ocrx_word' id='word_1_412' title='bbox 3527 2611 3651 2674; x_wconf 84' lang='lat' dir='ltr'><strong>Dei,</strong></span> <span class='ocrx_word' id='word_1_413' title='bbox 3673 2613 3716 2665; x_wconf 81' lang='lat' dir='ltr'><strong>id</strong></span> 
     </span>
    </p>
   </div>
   <div class='ocr_carea' id='block_1_55' title="bbox 2130 2701 3717 2774">
    <p class='ocr_par' dir='ltr' id='par_1_55' title="bbox 2130 2701 3717 2774">
     <span class='ocr_line' id='line_1_55' title="bbox 2130 2701 3717 2774; baseline -0.002 -16"><span class='ocrx_word' id='word_1_414' title='bbox 2130 2710 2211 2774; x_wconf 65' lang='lat' dir='ltr'><strong>est</strong></span> <span class='ocrx_word' id='word_1_415' title='bbox 2243 2715 2364 2756; x_wconf 92' lang='lat' dir='ltr'><strong>curn</strong></span> <span class='ocrx_word' id='word_1_416' title='bbox 2415 2701 2525 2758; x_wconf 84' lang='lat' dir='ltr'><strong>sint</strong></span> <span class='ocrx_word' id='word_1_417' title='bbox 2571 2701 2790 2760; x_wconf 89' lang='lat' dir='ltr'><strong>tantilli.</strong></span> <span class='ocrx_word' id='word_1_418' title='bbox 2837 2712 3048 2757; x_wconf 87' lang='lat' dir='ltr'><strong>tantam</strong></span> <span class='ocrx_word' id='word_1_419' title='bbox 3097 2719 3212 2760; x_wconf 86' lang='lat' dir='ltr'><strong>rem</strong></span> <span class='ocrx_word' id='word_1_420' title='bbox 3257 2713 3626 2772; x_wconf 74' lang='lat' dir='ltr'><strong>exspectant,</strong></span> <span class='ocrx_word' id='word_1_421' title='bbox 3668 2716 3717 2755; x_wconf 85' lang='lat' dir='ltr'><strong>ru</strong></span> 
     </span>
    </p>
   </div>
   <div class='ocr_carea' id='block_1_56' title="bbox 2129 2795 3714 2864">
    <p class='ocr_par' dir='ltr' id='par_1_56' title="bbox 2129 2795 3714 2864">
     <span class='ocr_line' id='line_1_56' title="bbox 2129 2795 3714 2864; baseline 0.002 -18"><span class='ocrx_word' id='word_1_422' title='bbox 2129 2795 2221 2863; x_wconf 89' lang='lat' dir='ltr'><strong>qui</strong></span> <span class='ocrx_word' id='word_1_423' title='bbox 2251 2811 2392 2850; x_wconf 88' lang='lat' dir='ltr'><strong>nunc</strong></span> <span class='ocrx_word' id='word_1_424' title='bbox 2426 2795 2632 2850; x_wconf 90' lang='lat' dir='ltr'><strong>similes</strong></span> <span class='ocrx_word' id='word_1_425' title='bbox 2661 2805 2789 2851; x_wconf 81' lang='lat' dir='ltr'><strong>sunt</strong></span> <span class='ocrx_word' id='word_1_426' title='bbox 2838 2796 3176 2864; x_wconf 78' lang='lat' dir='ltr'><strong>bestiarum,</strong></span> <span class='ocrx_word' id='word_1_427' title='bbox 3216 2797 3325 2854; x_wconf 84' lang='lat' dir='ltr'><strong>sint</strong></span> <span class='ocrx_word' id='word_1_428' title='bbox 3353 2797 3567 2854; x_wconf 79' lang='lat' dir='ltr'><strong>similes</strong></span> <span class='ocrx_word' id='word_1_429' title='bbox 3611 2796 3714 2850; x_wconf 83' lang='lat' dir='ltr'><strong>Dei.</strong></span> 
     </span>
    </p>
   </div>
   <div class='ocr_carea' id='block_1_57' title="bbox 2131 2870 3715 2964">
    <p class='ocr_par' dir='ltr' id='par_1_57' title="bbox 2131 2870 3715 2964">
     <span class='ocr_line' id='line_1_57' title="bbox 2131 2870 3715 2964; baseline 0 -22"><span class='ocrx_word' id='word_1_430' title='bbox 2131 2870 2284 2964; x_wconf 77' lang='lat' dir='ltr'><strong>Quod</strong></span> <span class='ocrx_word' id='word_1_431' title='bbox 2329 2903 2458 2942; x_wconf 85' lang='lat' dir='ltr'><strong>vero</strong></span> <span class='ocrx_word' id='word_1_432' title='bbox 2525 2887 2599 2942; x_wconf 83' lang='lat' dir='ltr'><strong>ait</strong></span> <span class='ocrx_word' id='word_1_433' title='bbox 2652 2887 3011 2955; x_wconf 72' lang='lat' dir='ltr'><strong>inculcanda,</strong></span> <span class='ocrx_word' id='word_1_434' title='bbox 3065 2891 3388 2958; x_wconf 56' lang='lat' dir='ltr'><strong>exspectatio</strong></span> <span class='ocrx_word' id='word_1_435' title='bbox 3441 2899 3497 2943; x_wconf 86' lang='lat' dir='ltr'><strong>et</strong></span> <span class='ocrx_word' id='word_1_436' title='bbox 3551 2904 3715 2958; x_wconf 67' lang='lat' dir='ltr'><strong>exspe-</strong></span> 
     </span>
    </p>
   </div>
   <div class='ocr_carea' id='block_1_58' title="bbox 2130 2981 3717 3056">
    <p class='ocr_par' dir='ltr' id='par_1_58' title="bbox 2130 2981 3717 3056">
     <span class='ocr_line' id='line_1_58' title="bbox 2130 2981 3717 3056; baseline 0.001 -23"><span class='ocrx_word' id='word_1_437' title='bbox 2130 2991 2270 3056; x_wconf 75' lang='lat' dir='ltr'><strong>ctat,</strong></span> <span class='ocrx_word' id='word_1_438' title='bbox 2322 2981 2754 3052; x_wconf 79' lang='lat' dir='ltr'><strong>exspectantium</strong></span> <span class='ocrx_word' id='word_1_439' title='bbox 2822 2981 3209 3040; x_wconf 80' lang='lat' dir='ltr'><strong>certitudiuem</strong></span> <span class='ocrx_word' id='word_1_440' title='bbox 3283 2981 3717 3049; x_wconf 74' lang='lat' dir='ltr'><strong>desideriumqse</strong></span> 
     </span>
    </p>
   </div>
   <div class='ocr_carea' id='block_1_59' title="bbox 438 3066 3718 3173">
    <p class='ocr_par' dir='ltr' id='par_1_59' title="bbox 438 3066 3718 3173">
     <span class='ocr_line' id='line_1_59' title="bbox 438 3066 3718 3173; baseline -0.007 -35"><span class='ocrx_word' id='word_1_441' title='bbox 557 3083 843 3153; x_wconf 53' lang='grc' dir='ltr'><strong>ξιτίειίιὶιιιιλ</strong></span> <span class='ocrx_word' id='word_1_442' title='bbox 895 3086 1096 3132; x_wconf 77' lang='lat' dir='ltr'><strong>statur.)</strong></span> <span class='ocrx_word' id='word_1_443' title='bbox 1148 3091 1270 3130; x_wconf 82' lang='lat' dir='ltr'><strong>Clllll</strong></span> <span class='ocrx_word' id='word_1_444' title='bbox 1324 3072 1540 3128; x_wconf 82' lang='lat' dir='ltr'><strong>fervore</strong></span> <span class='ocrx_word' id='word_1_445' title='bbox 1579 3070 1841 3132; x_wconf 87' lang='lat' dir='ltr'><strong>redeant,</strong></span> <span class='ocrx_word' id='word_1_446' title='bbox 1873 3077 1929 3119; x_wconf 91' lang='lat' dir='ltr'><strong>ut</strong></span> <span class='ocrx_word' id='word_1_447' title='bbox 1961 3066 2027 3120; x_wconf 88' lang='lat' dir='ltr'><strong>de</strong></span> <span class='ocrx_word' id='word_1_448' title='bbox 2056 3109 2101 3173; x_wconf 63' lang='grc' dir='ltr'>Ο</span> <span class='ocrx_word' id='word_1_449' title='bbox 2134 3074 2421 3152; x_wconf 60' lang='grc' dir='ltr'><strong>ξίςιιίῆειιι,</strong></span> <span class='ocrx_word' id='word_1_450' title='bbox 2456 3073 2511 3129; x_wconf 73' lang='lat' dir='ltr'><strong>In</strong></span> <span class='ocrx_word' id='word_1_451' title='bbox 2536 3089 2644 3142; x_wconf 76' lang='lat' dir='ltr'><strong>quo</strong></span> <span class='ocrx_word' id='word_1_452' title='bbox 2671 3074 3001 3130; x_wconf 68' lang='lat' dir='ltr'><strong>damna&#39;uur</strong></span> <span class='ocrx_word' id='word_1_453' title='bbox 3029 3073 3198 3143; x_wconf 60' lang='lat' dir='ltr'><strong>{quod</strong></span> <span class='ocrx_word' id='word_1_454' title='bbox 3239 3075 3363 3129; x_wconf 66' lang='lat' dir='ltr'><strong>sine</strong></span> <span class='ocrx_word' id='word_1_455' title='bbox 3392 3075 3600 3145; x_wconf 58' lang='lat' dir='ltr'><strong>gemit“</strong></span> <span class='ocrx_word' id='word_1_456' title='bbox 3647 3074 3718 3126; x_wconf 67' lang='lat' dir='ltr'><strong>ﬁ.</strong></span> 
     </span>
    </p>
   </div>
   <div class='ocr_carea' id='block_1_60' title="bbox 438 3157 2028 3240">
    <p class='ocr_par' dir='ltr' id='par_1_60' title="bbox 438 3157 2028 3240">
     <span class='ocr_line' id='line_1_60' title="bbox 438 3157 2028 3240; baseline -0.013 -11"><span class='ocrx_word' id='word_1_457' title='bbox 438 3157 792 3240; x_wconf 75' lang='lat' dir='ltr'><strong>conversione</strong></span> <span class='ocrx_word' id='word_1_458' title='bbox 823 3185 917 3226; x_wconf 83' lang='lat' dir='ltr'><strong>sua</strong></span> <span class='ocrx_word' id='word_1_459' title='bbox 961 3168 1163 3222; x_wconf 81' lang='lat' dir='ltr'><strong>luctum</strong></span> <span class='ocrx_word' id='word_1_460' title='bbox 1217 3165 1430 3220; x_wconf 79' lang='lat' dir='ltr'><strong>diabolo</strong></span> <span class='ocrx_word' id='word_1_461' title='bbox 1461 3174 1512 3217; x_wconf 86' lang='lat' dir='ltr'><strong>et</strong></span> <span class='ocrx_word' id='word_1_462' title='bbox 1543 3161 1796 3232; x_wconf 77' lang='lat' dir='ltr'><strong>gaudium</strong></span> <span class='ocrx_word' id='word_1_463' title='bbox 1838 3157 1944 3210; x_wconf 90' lang='lat' dir='ltr'><strong>Deo</strong></span> <span class='ocrx_word' id='word_1_464' title='bbox 1973 3164 2028 3210; x_wconf 90' lang='lat' dir='ltr'><strong>et</strong></span> 
     </span>
    </p>
   </div>
   <div class='ocr_carea' id='block_1_61' title="bbox 439 3257 2011 3340">
    <p class='ocr_par' dir='ltr' id='par_1_61' title="bbox 439 3257 2011 3340">
     <span class='ocr_line' id='line_1_61' title="bbox 439 3257 2011 3340; baseline -0.011 -19"><span class='ocrx_word' id='word_1_465' title='bbox 439 3267 642 3340; x_wconf 73' lang='lat' dir='ltr'><strong>angelis</strong></span> <span class='ocrx_word' id='word_1_466' title='bbox 677 3263 790 3322; x_wconf 86' lang='lat' dir='ltr'><strong>suis</strong></span> <span class='ocrx_word' id='word_1_467' title='bbox 827 3261 1052 3316; x_wconf 85' lang='lat' dir='ltr'><strong>faciant.</strong></span> <span class='ocrx_word' id='word_1_468' title='bbox 1086 3259 1184 3326; x_wconf 87' lang='lat' dir='ltr'><strong>Qui</strong></span> <span class='ocrx_word' id='word_1_469' title='bbox 1225 3275 1351 3312; x_wconf 81' lang='lat' dir='ltr'><strong>vero</strong></span> <span class='ocrx_word' id='word_1_470' title='bbox 1378 3257 1508 3327; x_wconf 87' lang='lat' dir='ltr'><strong>justi</strong></span> <span class='ocrx_word' id='word_1_471' title='bbox 1549 3262 1702 3338; x_wconf 83' lang='lat' dir='ltr'><strong>sunt,</strong></span> <span class='ocrx_word' id='word_1_472' title='bbox 1733 3266 2011 3320; x_wconf 89' lang='lat' dir='ltr'><strong>nunquam</strong></span> 
     </span>
    </p>
   </div>
   <div class='ocr_carea' id='block_1_62' title="bbox 440 3345 2023 3438">
    <p class='ocr_par' dir='ltr' id='par_1_62' title="bbox 440 3345 2023 3438">
     <span class='ocr_line' id='line_1_62' title="bbox 440 3345 2023 3438; baseline -0.012 -23"><span class='ocrx_word' id='word_1_473' title='bbox 440 3349 731 3438; x_wconf 73' lang='lat' dir='ltr'><strong>tepescant,</strong></span> <span class='ocrx_word' id='word_1_474' title='bbox 757 3356 850 3410; x_wconf 76' lang='lat' dir='ltr'><strong>sed</strong></span> <span class='ocrx_word' id='word_1_475' title='bbox 874 3369 1086 3422; x_wconf 87' lang='lat' dir='ltr'><strong>semper</strong></span> <span class='ocrx_word' id='word_1_476' title='bbox 1106 3353 1158 3406; x_wconf 90' lang='lat' dir='ltr'><strong>in</strong></span> <span class='ocrx_word' id='word_1_477' title='bbox 1183 3352 1451 3408; x_wconf 87' lang='lat' dir='ltr'><strong>charitate</strong></span> <span class='ocrx_word' id='word_1_478' title='bbox 1476 3359 1530 3404; x_wconf 91' lang='lat' dir='ltr'><strong>ct</strong></span> <span class='ocrx_word' id='word_1_479' title='bbox 1561 3348 1613 3402; x_wconf 89' lang='lat' dir='ltr'><strong>in</strong></span> <span class='ocrx_word' id='word_1_480' title='bbox 1643 3345 2023 3414; x_wconf 78' lang='lat' dir='ltr'><strong>conrpaSsione</strong></span> 
     </span>
    </p>
   </div>
   <div class='ocr_carea' id='block_1_63' title="bbox 437 3436 2030 3524">
    <p class='ocr_par' dir='ltr' id='par_1_63' title="bbox 437 3436 2030 3524">
     <span class='ocr_line' id='line_1_63' title="bbox 437 3436 2030 3524; baseline -0.009 -19"><span class='ocrx_word' id='word_1_481' title='bbox 437 3436 668 3524; x_wconf 79' lang='lat' dir='ltr'><strong>proximi</strong></span> <span class='ocrx_word' id='word_1_482' title='bbox 697 3447 1041 3502; x_wconf 87' lang='lat' dir='ltr'><strong>inardescant</strong></span> <span class='ocrx_word' id='word_1_483' title='bbox 1061 3485 1076 3509; x_wconf 97' lang='lat'><strong>,</strong></span> <span class='ocrx_word' id='word_1_484' title='bbox 1106 3454 1154 3499; x_wconf 89' lang='lat' dir='ltr'><strong>et</strong></span> <span class='ocrx_word' id='word_1_485' title='bbox 1189 3459 1370 3500; x_wconf 88' lang='lat' dir='ltr'><strong>secum</strong></span> <span class='ocrx_word' id='word_1_486' title='bbox 1403 3441 1572 3512; x_wconf 86' lang='lat' dir='ltr'><strong>spolia</strong></span> <span class='ocrx_word' id='word_1_487' title='bbox 1605 3436 1940 3506; x_wconf 78' lang='lat' dir='ltr'><strong>captivitatis</strong></span> <span class='ocrx_word' id='word_1_488' title='bbox 1961 3437 2030 3491; x_wconf 85' lang='lat' dir='ltr'><strong>ad</strong></span> 
     </span>
    </p>
   </div>
   <div class='ocr_carea' id='block_1_64' title="bbox 439 3533 2032 3610">
    <p class='ocr_par' dir='ltr' id='par_1_64' title="bbox 439 3533 2032 3610">
     <span class='ocr_line' id='line_1_64' title="bbox 439 3533 2032 3610; baseline -0.009 -12"><span class='ocrx_word' id='word_1_489' title='bbox 439 3543 606 3598; x_wconf 86' lang='lat' dir='ltr'><strong>Deum</strong></span> <span class='ocrx_word' id='word_1_490' title='bbox 641 3550 915 3610; x_wconf 80' lang='lat' dir='ltr'><strong>reportare</strong></span> <span class='ocrx_word' id='word_1_491' title='bbox 955 3545 1226 3610; x_wconf 73' lang='lat' dir='ltr'><strong>satagunt,</strong></span> <span class='ocrx_word' id='word_1_492' title='bbox 1258 3535 1519 3607; x_wconf 70' lang='lat' dir='ltr'><strong>largiente</strong></span> <span class='ocrx_word' id='word_1_493' title='bbox 1567 3533 1794 3588; x_wconf 81' lang='lat' dir='ltr'><strong>Domino</strong></span> <span class='ocrx_word' id='word_1_494' title='bbox 1842 3540 2032 3587; x_wconf 91' lang='lat' dir='ltr'><strong>nostro</strong></span> 
     </span>
    </p>
   </div>
   <div class='ocr_carea' id='block_1_65' title="bbox 437 3623 2032 3706">
    <p class='ocr_par' dir='ltr' id='par_1_65' title="bbox 437 3623 2032 3706">
     <span class='ocr_line' id='line_1_65' title="bbox 437 3623 2032 3706; baseline -0.009 -14"><span class='ocrx_word' id='word_1_495' title='bbox 437 3635 560 3706; x_wconf 63' lang='lat' dir='ltr'><strong>Jesu</strong></span> <span class='ocrx_word' id='word_1_496' title='bbox 589 3635 838 3700; x_wconf 77' lang='lat' dir='ltr'><strong>Christo,</strong></span> <span class='ocrx_word' id='word_1_497' title='bbox 877 3633 966 3704; x_wconf 89' lang='lat' dir='ltr'><strong>qui</strong></span> <span class='ocrx_word' id='word_1_498' title='bbox 997 3648 1118 3688; x_wconf 89' lang='lat' dir='ltr'><strong>curn</strong></span> <span class='ocrx_word' id='word_1_499' title='bbox 1147 3629 1307 3684; x_wconf 85' lang='lat' dir='ltr'><strong>Patre</strong></span> <span class='ocrx_word' id='word_1_500' title='bbox 1342 3639 1394 3683; x_wconf 90' lang='lat' dir='ltr'><strong>et</strong></span> <span class='ocrx_word' id='word_1_501' title='bbox 1432 3627 1635 3697; x_wconf 91' lang='lat' dir='ltr'><strong>Spiritu</strong></span> <span class='ocrx_word' id='word_1_502' title='bbox 1669 3637 1861 3682; x_wconf 83' lang='lat' dir='ltr'><strong>sancto</strong></span> <span class='ocrx_word' id='word_1_503' title='bbox 1895 3623 2032 3694; x_wconf 75' lang='lat' dir='ltr'><strong>vivit</strong></span> 
     </span>
    </p>
   </div>
   <div class='ocr_carea' id='block_1_66' title="bbox 439 3718 2029 3807">
    <p class='ocr_par' dir='ltr' id='par_1_66' title="bbox 439 3718 2029 3807">
     <span class='ocr_line' id='line_1_66' title="bbox 439 3718 2029 3807; baseline -0.011 -21"><span class='ocrx_word' id='word_1_504' title='bbox 439 3739 494 3807; x_wconf 75' lang='lat' dir='ltr'><strong>ot</strong></span> <span class='ocrx_word' id='word_1_505' title='bbox 528 3737 717 3802; x_wconf 74' lang='lat' dir='ltr'><strong>regnat</strong></span> <span class='ocrx_word' id='word_1_506' title='bbox 737 3726 902 3794; x_wconf 87' lang='lat' dir='ltr'><strong>Deus,</strong></span> <span class='ocrx_word' id='word_1_507' title='bbox 919 3739 1013 3796; x_wconf 89' lang='lat' dir='ltr'><strong>per</strong></span> <span class='ocrx_word' id='word_1_508' title='bbox 1041 3723 1222 3777; x_wconf 86' lang='lat' dir='ltr'><strong>omnia</strong></span> <span class='ocrx_word' id='word_1_509' title='bbox 1245 3719 1442 3775; x_wconf 62' lang='lat' dir='ltr'><strong>saecula</strong></span> <span class='ocrx_word' id='word_1_510' title='bbox 1470 3718 1811 3776; x_wconf 67' lang='lat' dir='ltr'><strong>stcculorum.</strong></span> <span class='ocrx_word' id='word_1_511' title='bbox 1831 3718 2029 3774; x_wconf 76' lang='lat' dir='ltr'><strong>Amen.</strong></span> 
     </span>
    </p>
   </div>
   <div class='ocr_carea' id='block_1_67' title="bbox 1041 3810 1433 3872">
    <p class='ocr_par' dir='ltr' id='par_1_67' title="bbox 1041 3810 1433 3872">
     <span class='ocr_line' id='line_1_67' title="bbox 1041 3810 1433 3872; baseline -0.015 -1"><span class='ocrx_word' id='word_1_512' title='bbox 1041 3813 1323 3872; x_wconf 66' lang='lat' dir='ltr'><strong>llOlllLlA</strong></span> <span class='ocrx_word' id='word_1_513' title='bbox 1367 3810 1433 3865; x_wconf 75' lang='grc' dir='ltr'><strong>Χ.</strong></span> 
     </span>
    </p>
   </div>
   <div class='ocr_carea' id='block_1_68' title="bbox 685 3919 1774 3975">
    <p class='ocr_par' dir='ltr' id='par_1_68' title="bbox 685 3919 1774 3975">
     <span class='ocr_line' id='line_1_68' title="bbox 685 3919 1774 3975; baseline -0.015 -3"><span class='ocrx_word' id='word_1_514' title='bbox 685 3927 940 3972; x_wconf 64' lang='grc' dir='ltr'><strong>ιδοὶιῑκιει</strong></span> <span class='ocrx_word' id='word_1_515' title='bbox 978 3925 1193 3975; x_wconf 68' lang='grc' dir='ltr'><strong>αυΔΒτιὶ</strong></span> <span class='ocrx_word' id='word_1_516' title='bbox 1229 3921 1358 3962; x_wconf 75' lang='lat' dir='ltr'><strong>POST</strong></span> <span class='ocrx_word' id='word_1_517' title='bbox 1419 3919 1774 3960; x_wconf 64' lang='lat' dir='ltr'><strong>TNNITATBI.</strong></span> 
     </span>
    </p>
   </div>
   <div class='ocr_carea' id='block_1_69' title="bbox 513 3992 2036 4078">
    <p class='ocr_par' dir='ltr' id='par_1_69' title="bbox 513 3992 2036 4078">
     <span class='ocr_line' id='line_1_69' title="bbox 513 3992 2036 4078; baseline -0.011 -15"><span class='ocrx_word' id='word_1_518' title='bbox 513 4007 769 4062; x_wconf 69' lang='lat' dir='ltr'><strong>Existimo</strong></span> <span class='ocrx_word' id='word_1_519' title='bbox 804 4007 944 4078; x_wconf 81' lang='lat' dir='ltr'><strong>quod</strong></span> <span class='ocrx_word' id='word_1_520' title='bbox 972 4020 1074 4057; x_wconf 81' lang='lat' dir='ltr'><strong>non</strong></span> <span class='ocrx_word' id='word_1_521' title='bbox 1101 4011 1217 4054; x_wconf 85' lang='lat' dir='ltr'><strong>sunt</strong></span> <span class='ocrx_word' id='word_1_522' title='bbox 1254 3997 1527 4070; x_wconf 70' lang='lat' dir='ltr'><strong>condigne</strong></span> <span class='ocrx_word' id='word_1_523' title='bbox 1564 3997 1838 4056; x_wconf 76' lang='lat' dir='ltr'><strong>passiones</strong></span> <span class='ocrx_word' id='word_1_524' title='bbox 1877 3992 2036 4064; x_wconf 79' lang='lat' dir='ltr'><strong>hujus</strong></span> 
     </span>
    </p>
   </div>
   <div class='ocr_carea' id='block_1_70' title="bbox 439 4085 2028 4169">
    <p class='ocr_par' dir='ltr' id='par_1_70' title="bbox 439 4085 2028 4169">
     <span class='ocr_line' id='line_1_70' title="bbox 439 4085 2028 4169; baseline -0.009 -15"><span class='ocrx_word' id='word_1_525' title='bbox 439 4100 684 4169; x_wconf 73' lang='lat' dir='ltr'><strong>temporis</strong></span> <span class='ocrx_word' id='word_1_526' title='bbox 707 4097 776 4149; x_wconf 82' lang='lat' dir='ltr'><strong>ad</strong></span> <span class='ocrx_word' id='word_1_527' title='bbox 805 4096 1040 4164; x_wconf 73' lang='lat' dir='ltr'><strong>futuram</strong></span> <span class='ocrx_word' id='word_1_528' title='bbox 1067 4091 1292 4166; x_wconf 72' lang='lat' dir='ltr'><strong>gloriam</strong></span> <span class='ocrx_word' id='word_1_529' title='bbox 1322 4106 1441 4162; x_wconf 67' lang='lat' dir='ltr'><strong>quia</strong></span> <span class='ocrx_word' id='word_1_530' title='bbox 1465 4086 1773 4162; x_wconf 72' lang='lat' dir='ltr'><strong>revelabitur</strong></span> <span class='ocrx_word' id='word_1_531' title='bbox 1796 4086 1848 4140; x_wconf 85' lang='lat' dir='ltr'><strong>in</strong></span> <span class='ocrx_word' id='word_1_532' title='bbox 1882 4085 2028 4140; x_wconf 83' lang='lat' dir='ltr'><strong>nobis</strong></span> 
     </span>
    </p>
   </div>
   <div class='ocr_carea' id='block_1_71' title="bbox 441 4175 2038 4260">
    <p class='ocr_par' dir='ltr' id='par_1_71' title="bbox 441 4175 2038 4260">
     <span class='ocr_line' id='line_1_71' title="bbox 441 4175 2038 4260; baseline -0.009 -16"><span class='ocrx_word' id='word_1_533' title='bbox 441 4187 613 4260; x_wconf 74' lang='lat' dir='ltr'><strong>(Rom.</strong></span> <span class='ocrx_word' id='word_1_534' title='bbox 649 4187 766 4253; x_wconf 73' lang='lat' dir='ltr'><strong>nrt)</strong></span> <span class='ocrx_word' id='word_1_535' title='bbox 790 4224 804 4250; x_wconf 93' lang='lat'><strong>,</strong></span> <span class='ocrx_word' id='word_1_536' title='bbox 837 4195 942 4237; x_wconf 89' lang='lat' dir='ltr'><strong>etc.</strong></span> <span class='ocrx_word' id='word_1_537' title='bbox 974 4183 1268 4252; x_wconf 83' lang='lat' dir='ltr'><strong>Tripertita</strong></span> <span class='ocrx_word' id='word_1_538' title='bbox 1313 4191 1399 4235; x_wconf 84' lang='lat' dir='ltr'><strong>est</strong></span> <span class='ocrx_word' id='word_1_539' title='bbox 1445 4180 1559 4234; x_wconf 73' lang='lat' dir='ltr'><strong>[nec</strong></span> <span class='ocrx_word' id='word_1_540' title='bbox 1595 4177 1755 4232; x_wconf 85' lang='lat' dir='ltr'><strong>lectio</strong></span> <span class='ocrx_word' id='word_1_541' title='bbox 1788 4216 1802 4241; x_wconf 92' lang='lat'><strong>,</strong></span> <span class='ocrx_word' id='word_1_542' title='bbox 1840 4175 2038 4231; x_wconf 86' lang='lat' dir='ltr'><strong>fratres</strong></span> 
     </span>
    </p>
   </div>
   <div class='ocr_carea' id='block_1_72' title="bbox 441 4271 2039 4342">
    <p class='ocr_par' dir='ltr' id='par_1_72' title="bbox 441 4271 2039 4342">
     <span class='ocr_line' id='line_1_72' title="bbox 441 4271 2039 4342; baseline -0.008 -8"><span class='ocrx_word' id='word_1_543' title='bbox 441 4279 568 4342; x_wconf 78' lang='lat' dir='ltr'><strong>mei.</strong></span> <span class='ocrx_word' id='word_1_544' title='bbox 597 4277 781 4332; x_wconf 86' lang='lat' dir='ltr'><strong>Primo</strong></span> <span class='ocrx_word' id='word_1_545' title='bbox 818 4273 1055 4330; x_wconf 86' lang='lat' dir='ltr'><strong>ostendit</strong></span> <span class='ocrx_word' id='word_1_546' title='bbox 1085 4271 1368 4339; x_wconf 81' lang='lat' dir='ltr'><strong>Apostolus</strong></span> <span class='ocrx_word' id='word_1_547' title='bbox 1409 4271 1691 4340; x_wconf 82' lang='lat' dir='ltr'><strong>passiones</strong></span> <span class='ocrx_word' id='word_1_548' title='bbox 1727 4278 2039 4324; x_wconf 82' lang='lat' dir='ltr'><strong>sanctorum</strong></span> 
     </span>
    </p>
   </div>
   <div class='ocr_carea' id='block_1_73' title="bbox 441 4345 2041 4436">
    <p class='ocr_par' dir='ltr' id='par_1_73' title="bbox 441 4345 2041 4436">
     <span class='ocr_line' id='line_1_73' title="bbox 441 4345 2041 4436; baseline -0.009 -9"><span class='ocrx_word' id='word_1_549' title='bbox 441 4388 548 4436; x_wconf 71' lang='lat' dir='ltr'><strong>non</strong></span> <span class='ocrx_word' id='word_1_550' title='bbox 600 4385 721 4426; x_wconf 83' lang='lat' dir='ltr'><strong>esse</strong></span> <span class='ocrx_word' id='word_1_551' title='bbox 765 4345 1068 4436; x_wconf 77' lang='lat' dir='ltr'><strong>condignas</strong></span> <span class='ocrx_word' id='word_1_552' title='bbox 1118 4364 1474 4432; x_wconf 80' lang='lat' dir='ltr'><strong>magnitudini</strong></span> <span class='ocrx_word' id='word_1_553' title='bbox 1524 4361 1872 4432; x_wconf 81' lang='lat' dir='ltr'><strong>prauniorurn</strong></span> <span class='ocrx_word' id='word_1_554' title='bbox 1909 4376 1924 4425; x_wconf 82' lang='lat'><strong>;</strong></span> <span class='ocrx_word' id='word_1_555' title='bbox 1958 4375 2041 4413; x_wconf 86' lang='lat' dir='ltr'><strong>se-</strong></span> 
     </span>
    </p>
   </div>
   <div class='ocr_carea' id='block_1_74' title="bbox 2133 3165 3716 3235">
    <p class='ocr_par' dir='ltr' id='par_1_74' title="bbox 2133 3165 3716 3235">
     <span class='ocr_line' id='line_1_74' title="bbox 2133 3165 3716 3235; baseline 0 -15"><span class='ocrx_word' id='word_1_556' title='bbox 2133 3182 2256 3222; x_wconf 85' lang='lat' dir='ltr'><strong>cere</strong></span> <span class='ocrx_word' id='word_1_557' title='bbox 2287 3181 2392 3220; x_wconf 91' lang='lat' dir='ltr'><strong>non</strong></span> <span class='ocrx_word' id='word_1_558' title='bbox 2445 3169 2687 3234; x_wconf 79' lang='lat' dir='ltr'><strong>possunt)</strong></span> <span class='ocrx_word' id='word_1_559' title='bbox 2721 3165 2796 3220; x_wconf 90' lang='lat' dir='ltr'><strong>illi</strong></span> <span class='ocrx_word' id='word_1_560' title='bbox 2828 3166 2918 3235; x_wconf 89' lang='lat' dir='ltr'><strong>qui</strong></span> <span class='ocrx_word' id='word_1_561' title='bbox 2957 3176 3166 3220; x_wconf 84' lang='lat' dir='ltr'><strong>tantum</strong></span> <span class='ocrx_word' id='word_1_562' title='bbox 3199 3167 3250 3222; x_wconf 92' lang='lat' dir='ltr'><strong>in</strong></span> <span class='ocrx_word' id='word_1_563' title='bbox 3281 3166 3390 3221; x_wconf 82' lang='lat' dir='ltr'><strong>hac</strong></span> <span class='ocrx_word' id='word_1_564' title='bbox 3441 3167 3549 3221; x_wconf 68' lang='lat' dir='ltr'><strong>vita</strong></span> <span class='ocrx_word' id='word_1_565' title='bbox 3581 3175 3716 3235; x_wconf 73' lang='lat' dir='ltr'><strong>sper:</strong></span> 
     </span>
    </p>
   </div>
   <div class='ocr_carea' id='block_1_75' title="bbox 2133 3258 3712 3328">
    <p class='ocr_par' dir='ltr' id='par_1_75' title="bbox 2133 3258 3712 3328">
     <span class='ocr_line' id='line_1_75' title="bbox 2133 3258 3712 3328; baseline -0.001 -16"><span class='ocrx_word' id='word_1_566' title='bbox 2133 3259 2366 3322; x_wconf 77' lang='lat' dir='ltr'><strong>habent,</strong></span> <span class='ocrx_word' id='word_1_567' title='bbox 2396 3258 2556 3312; x_wconf 81' lang='lat' dir='ltr'><strong>aliam</strong></span> <span class='ocrx_word' id='word_1_568' title='bbox 2588 3273 2714 3311; x_wconf 83' lang='lat' dir='ltr'><strong>vero</strong></span> <span class='ocrx_word' id='word_1_569' title='bbox 2739 3258 2906 3313; x_wconf 77' lang='lat' dir='ltr'><strong>vitam</strong></span> <span class='ocrx_word' id='word_1_570' title='bbox 2942 3273 3045 3316; x_wconf 86' lang='lat' dir='ltr'><strong>nec</strong></span> <span class='ocrx_word' id='word_1_571' title='bbox 3080 3273 3200 3314; x_wconf 85' lang='lat' dir='ltr'><strong>esse</strong></span> <span class='ocrx_word' id='word_1_572' title='bbox 3229 3259 3602 3328; x_wconf 57' lang='lat' dir='ltr'><strong>suspicanti&quot;.</strong></span> <span class='ocrx_word' id='word_1_573' title='bbox 3641 3259 3712 3311; x_wconf 58' lang='lat' dir='ltr'><strong>iii-</strong></span> 
     </span>
    </p>
   </div>
   <div class='ocr_carea' id='block_1_76' title="bbox 2131 3350 3720 3422">
    <p class='ocr_par' dir='ltr' id='par_1_76' title="bbox 2131 3350 3720 3422">
     <span class='ocr_line' id='line_1_76' title="bbox 2131 3350 3720 3422; baseline -0.001 -14"><span class='ocrx_word' id='word_1_574' title='bbox 2131 3360 2318 3408; x_wconf 87' lang='lat' dir='ltr'><strong>centes</strong></span> <span class='ocrx_word' id='word_1_575' title='bbox 2349 3367 2363 3403; x_wconf 89' lang='lat'>:</span> <span class='ocrx_word' id='word_1_576' title='bbox 2393 3350 2524 3416; x_wconf 84' lang='lat' dir='ltr'><strong>Quis</strong></span> <span class='ocrx_word' id='word_1_577' title='bbox 2548 3359 2632 3406; x_wconf 88' lang='lat' dir='ltr'><strong>est</strong></span> <span class='ocrx_word' id='word_1_578' title='bbox 2659 3365 2941 3422; x_wconf 77' lang='lat' dir='ltr'><strong>regressus</strong></span> <span class='ocrx_word' id='word_1_579' title='bbox 2973 3352 3045 3406; x_wconf 83' lang='lat' dir='ltr'><strong>ab</strong></span> <span class='ocrx_word' id='word_1_580' title='bbox 3066 3352 3299 3418; x_wconf 69' lang='lat' dir='ltr'><strong>tuleris,</strong></span> <span class='ocrx_word' id='word_1_581' title='bbox 3349 3366 3444 3421; x_wconf 75' lang='lat' dir='ltr'><strong>qut</strong></span> <span class='ocrx_word' id='word_1_582' title='bbox 3480 3352 3720 3408; x_wconf 71' lang='lat' dir='ltr'><strong>tessiiia-</strong></span> 
     </span>
    </p>
   </div>
   <div class='ocr_carea' id='block_1_77' title="bbox 2136 3440 3722 3514">
    <p class='ocr_par' dir='ltr' id='par_1_77' title="bbox 2136 3440 3722 3514">
     <span class='ocr_line' id='line_1_77' title="bbox 2136 3440 3722 3514; baseline 0.001 -19"><span class='ocrx_word' id='word_1_583' title='bbox 2136 3452 2224 3506; x_wconf 85' lang='lat' dir='ltr'><strong>tur</strong></span> <span class='ocrx_word' id='word_1_584' title='bbox 2245 3440 2401 3498; x_wconf 88' lang='lat' dir='ltr'><strong>nobis</strong></span> <span class='ocrx_word' id='word_1_585' title='bbox 2431 3441 2594 3496; x_wconf 86' lang='lat' dir='ltr'><strong>aliam</strong></span> <span class='ocrx_word' id='word_1_586' title='bbox 2626 3442 2792 3497; x_wconf 84' lang='lat' dir='ltr'><strong>vitam</strong></span> <span class='ocrx_word' id='word_1_587' title='bbox 2823 3443 2983 3499; x_wconf 84' lang='lat' dir='ltr'><strong>esse?</strong></span> <span class='ocrx_word' id='word_1_588' title='bbox 3020 3443 3114 3499; x_wconf 86' lang='lat' dir='ltr'><strong>Sic</strong></span> <span class='ocrx_word' id='word_1_589' title='bbox 3162 3455 3381 3514; x_wconf 82' lang='lat' dir='ltr'><strong>semper</strong></span> <span class='ocrx_word' id='word_1_590' title='bbox 3433 3453 3722 3499; x_wconf 72' lang='lat' dir='ltr'><strong>nascuntur</strong></span> 
     </span>
    </p>
   </div>
   <div class='ocr_carea' id='block_1_78' title="bbox 2137 3534 3723 3614">
    <p class='ocr_par' dir='ltr' id='par_1_78' title="bbox 2137 3534 3723 3614">
     <span class='ocr_line' id='line_1_78' title="bbox 2137 3534 3723 3614; baseline 0.001 -26"><span class='ocrx_word' id='word_1_591' title='bbox 2137 3534 2384 3614; x_wconf 85' lang='lat' dir='ltr'><strong>homines</strong></span> <span class='ocrx_word' id='word_1_592' title='bbox 2413 3543 2468 3588; x_wconf 89' lang='lat' dir='ltr'><strong>et</strong></span> <span class='ocrx_word' id='word_1_593' title='bbox 2499 3534 2829 3597; x_wconf 80' lang='lat' dir='ltr'><strong>moriuntur,</strong></span> <span class='ocrx_word' id='word_1_594' title='bbox 2866 3536 3061 3592; x_wconf 80' lang='lat' dir='ltr'><strong>transit</strong></span> <span class='ocrx_word' id='word_1_595' title='bbox 3091 3537 3254 3591; x_wconf 87' lang='lat' dir='ltr'><strong>horno</strong></span> <span class='ocrx_word' id='word_1_596' title='bbox 3284 3536 3434 3591; x_wconf 82' lang='lat' dir='ltr'><strong>sicut</strong></span> <span class='ocrx_word' id='word_1_597' title='bbox 3461 3538 3651 3592; x_wconf 80' lang='lat' dir='ltr'><strong>umbra</strong></span> <span class='ocrx_word' id='word_1_598' title='bbox 3671 3546 3723 3590; x_wconf 81' lang='lat' dir='ltr'><strong>et</strong></span> 
     </span>
    </p>
   </div>
   <div class='ocr_carea' id='block_1_79' title="bbox 2136 3625 3718 3698">
    <p class='ocr_par' dir='ltr' id='par_1_79' title="bbox 2136 3625 3718 3698">
     <span class='ocr_line' id='line_1_79' title="bbox 2136 3625 3718 3698; baseline 0 -17"><span class='ocrx_word' id='word_1_599' title='bbox 2136 3625 2346 3691; x_wconf 84' lang='lat' dir='ltr'><strong>furnus,</strong></span> <span class='ocrx_word' id='word_1_600' title='bbox 2385 3643 2492 3684; x_wconf 88' lang='lat' dir='ltr'><strong>non</strong></span> <span class='ocrx_word' id='word_1_601' title='bbox 2538 3627 2771 3696; x_wconf 83' lang='lat' dir='ltr'><strong>amplius</strong></span> <span class='ocrx_word' id='word_1_602' title='bbox 2801 3627 3042 3684; x_wconf 83' lang='lat' dir='ltr'><strong>futurus.</strong></span> <span class='ocrx_word' id='word_1_603' title='bbox 3081 3627 3415 3698; x_wconf 78' lang='lat' dir='ltr'><strong>Propterea,</strong></span> <span class='ocrx_word' id='word_1_604' title='bbox 3449 3629 3718 3697; x_wconf 81' lang='lat' dir='ltr'><strong>inquiunt,</strong></span> 
     </span>
    </p>
   </div>
   <div class='ocr_carea' id='block_1_80' title="bbox 2137 3719 3718 3800">
    <p class='ocr_par' dir='ltr' id='par_1_80' title="bbox 2137 3719 3718 3800">
     <span class='ocr_line' id='line_1_80' title="bbox 2137 3719 3718 3800; baseline 0.001 -26"><span class='ocrx_word' id='word_1_605' title='bbox 2137 3720 2261 3792; x_wconf 85' lang='lat' dir='ltr'><strong>dum</strong></span> <span class='ocrx_word' id='word_1_606' title='bbox 2293 3721 2455 3786; x_wconf 89' lang='lat' dir='ltr'><strong>licet,</strong></span> <span class='ocrx_word' id='word_1_607' title='bbox 2487 3719 2752 3800; x_wconf 80' lang='lat' dir='ltr'><strong>ducamus</strong></span> <span class='ocrx_word' id='word_1_608' title='bbox 2777 3720 2830 3774; x_wconf 90' lang='lat' dir='ltr'><strong>in</strong></span> <span class='ocrx_word' id='word_1_609' title='bbox 2861 3721 3016 3780; x_wconf 86' lang='lat' dir='ltr'><strong>bouis</strong></span> <span class='ocrx_word' id='word_1_610' title='bbox 3059 3720 3177 3784; x_wconf 81' lang='lat' dir='ltr'><strong>dies</strong></span> <span class='ocrx_word' id='word_1_611' title='bbox 3213 3735 3471 3788; x_wconf 80' lang='lat' dir='ltr'><strong>nostros,</strong></span> <span class='ocrx_word' id='word_1_612' title='bbox 3500 3723 3718 3792; x_wconf 69' lang='lat' dir='ltr'><strong>gaudes-</strong></span> 
     </span>
    </p>
   </div>
   <div class='ocr_carea' id='block_1_81' title="bbox 2138 3810 3718 3882">
    <p class='ocr_par' dir='ltr' id='par_1_81' title="bbox 2138 3810 3718 3882">
     <span class='ocr_line' id='line_1_81' title="bbox 2138 3810 3718 3882; baseline 0.001 -16"><span class='ocrx_word' id='word_1_613' title='bbox 2138 3827 2292 3874; x_wconf 84' lang='lat' dir='ltr'><strong>mus,</strong></span> <span class='ocrx_word' id='word_1_614' title='bbox 2325 3811 2629 3882; x_wconf 88' lang='lat' dir='ltr'><strong>eprrlernnr,</strong></span> <span class='ocrx_word' id='word_1_615' title='bbox 2661 3810 2998 3881; x_wconf 79' lang='lat' dir='ltr'><strong>lrrxnriernus</strong></span> <span class='ocrx_word' id='word_1_616' title='bbox 3021 3853 3038 3879; x_wconf 91' lang='lat'><strong>,</strong></span> <span class='ocrx_word' id='word_1_617' title='bbox 3077 3815 3217 3872; x_wconf 88' lang='lat' dir='ltr'><strong>rosis</strong></span> <span class='ocrx_word' id='word_1_618' title='bbox 3241 3830 3346 3872; x_wconf 90' lang='lat' dir='ltr'><strong>nos</strong></span> <span class='ocrx_word' id='word_1_619' title='bbox 3369 3829 3718 3877; x_wconf 71' lang='lat' dir='ltr'><strong>coruscum,</strong></span> 
     </span>
    </p>
   </div>
   <div class='ocr_carea' id='block_1_82' title="bbox 2137 3904 3722 3977">
    <p class='ocr_par' dir='ltr' id='par_1_82' title="bbox 2137 3904 3722 3977">
     <span class='ocr_line' id='line_1_82' title="bbox 2137 3904 3722 3977; baseline 0.001 -17"><span class='ocrx_word' id='word_1_620' title='bbox 2137 3904 2330 3960; x_wconf 78' lang='lat' dir='ltr'><strong>sericis</strong></span> <span class='ocrx_word' id='word_1_621' title='bbox 2363 3921 2461 3960; x_wconf 87' lang='lat' dir='ltr'><strong>nos</strong></span> <span class='ocrx_word' id='word_1_622' title='bbox 2489 3904 2797 3972; x_wconf 84' lang='lat' dir='ltr'><strong>induamus,</strong></span> <span class='ocrx_word' id='word_1_623' title='bbox 2825 3905 2877 3959; x_wconf 89' lang='lat' dir='ltr'><strong>in</strong></span> <span class='ocrx_word' id='word_1_624' title='bbox 2903 3906 3128 3962; x_wconf 86' lang='lat' dir='ltr'><strong>mollitie</strong></span> <span class='ocrx_word' id='word_1_625' title='bbox 3149 3906 3458 3974; x_wconf 79' lang='lat' dir='ltr'><strong>jaceasnus,</strong></span> <span class='ocrx_word' id='word_1_626' title='bbox 3487 3923 3722 3977; x_wconf 71' lang='lat' dir='ltr'><strong>qumo-</strong></span> 
     </span>
    </p>
   </div>
   <div class='ocr_carea' id='block_1_83' title="bbox 2139 3996 3721 4069">
    <p class='ocr_par' dir='ltr' id='par_1_83' title="bbox 2139 3996 3721 4069">
     <span class='ocr_line' id='line_1_83' title="bbox 2139 3996 3721 4069; baseline 0.003 -20"><span class='ocrx_word' id='word_1_627' title='bbox 2139 4012 2244 4066; x_wconf 87' lang='lat' dir='ltr'><strong>que</strong></span> <span class='ocrx_word' id='word_1_628' title='bbox 2267 3996 2540 4052; x_wconf 80' lang='lat' dir='ltr'><strong>desiderat</strong></span> <span class='ocrx_word' id='word_1_629' title='bbox 2584 4012 2684 4050; x_wconf 90' lang='lat' dir='ltr'><strong>cor</strong></span> <span class='ocrx_word' id='word_1_630' title='bbox 2712 4009 2955 4051; x_wconf 84' lang='lat' dir='ltr'><strong>nostrum</strong></span> <span class='ocrx_word' id='word_1_631' title='bbox 3007 3997 3276 4060; x_wconf 78' lang='lat' dir='ltr'><strong>faciamus</strong></span> <span class='ocrx_word' id='word_1_632' title='bbox 3295 4039 3312 4066; x_wconf 93' lang='lat'><strong>,</strong></span> <span class='ocrx_word' id='word_1_633' title='bbox 3340 4001 3435 4069; x_wconf 80' lang='lat' dir='ltr'><strong>qui</strong></span> <span class='ocrx_word' id='word_1_634' title='bbox 3467 4017 3593 4054; x_wconf 78' lang='lat' dir='ltr'><strong>cras</strong></span> <span class='ocrx_word' id='word_1_635' title='bbox 3619 4015 3721 4053; x_wconf 77' lang='lat' dir='ltr'><strong>stro-</strong></span> 
     </span>
    </p>
   </div>
   <div class='ocr_carea' id='block_1_84' title="bbox 2141 4087 3725 4162">
    <p class='ocr_par' dir='ltr' id='par_1_84' title="bbox 2141 4087 3725 4162">
     <span class='ocr_line' id='line_1_84' title="bbox 2141 4087 3725 4162; baseline 0.003 -20"><span class='ocrx_word' id='word_1_636' title='bbox 2141 4089 2364 4143; x_wconf 81' lang='lat' dir='ltr'><strong>riemttr.</strong></span> <span class='ocrx_word' id='word_1_637' title='bbox 2403 4087 2552 4142; x_wconf 77' lang='lat' dir='ltr'><strong>Multi</strong></span> <span class='ocrx_word' id='word_1_638' title='bbox 2584 4099 2733 4143; x_wconf 82' lang='lat' dir='ltr'><strong>certe</strong></span> <span class='ocrx_word' id='word_1_639' title='bbox 2761 4099 2892 4144; x_wconf 86' lang='lat' dir='ltr'><strong>sunt</strong></span> <span class='ocrx_word' id='word_1_640' title='bbox 2929 4089 3122 4154; x_wconf 82' lang='lat' dir='ltr'><strong>hodie,</strong></span> <span class='ocrx_word' id='word_1_641' title='bbox 3164 4091 3328 4160; x_wconf 67' lang='lat' dir='ltr'><strong>quia,</strong></span> <span class='ocrx_word' id='word_1_642' title='bbox 3358 4092 3613 4162; x_wconf 79' lang='lat' dir='ltr'><strong>quamvis</strong></span> <span class='ocrx_word' id='word_1_643' title='bbox 3636 4095 3725 4146; x_wconf 71' lang='lat' dir='ltr'><strong>lo:</strong></span> 
     </span>
    </p>
   </div>
   <div class='ocr_carea' id='block_1_85' title="bbox 2142 4180 3721 4252">
    <p class='ocr_par' dir='ltr' id='par_1_85' title="bbox 2142 4180 3721 4252">
     <span class='ocr_line' id='line_1_85' title="bbox 2142 4180 3721 4252; baseline 0.002 -18"><span class='ocrx_word' id='word_1_644' title='bbox 2142 4196 2237 4252; x_wconf 86' lang='lat' dir='ltr'><strong>ore</strong></span> <span class='ocrx_word' id='word_1_645' title='bbox 2265 4195 2370 4234; x_wconf 92' lang='lat' dir='ltr'><strong>non</strong></span> <span class='ocrx_word' id='word_1_646' title='bbox 2403 4180 2620 4245; x_wconf 87' lang='lat' dir='ltr'><strong>dicant,</strong></span> <span class='ocrx_word' id='word_1_647' title='bbox 2655 4189 2836 4235; x_wconf 82' lang='lat' dir='ltr'><strong>tamen</strong></span> <span class='ocrx_word' id='word_1_648' title='bbox 2867 4181 3126 4250; x_wconf 85' lang='lat' dir='ltr'><strong>operibus</strong></span> <span class='ocrx_word' id='word_1_649' title='bbox 3175 4196 3236 4238; x_wconf 82' lang='lat' dir='ltr'><strong>se</strong></span> <span class='ocrx_word' id='word_1_650' title='bbox 3271 4184 3344 4236; x_wconf 81' lang='lat' dir='ltr'><strong>ita</strong></span> <span class='ocrx_word' id='word_1_651' title='bbox 3385 4186 3615 4240; x_wconf 80' lang='lat' dir='ltr'><strong>credere</strong></span> <span class='ocrx_word' id='word_1_652' title='bbox 3639 4187 3721 4237; x_wconf 79' lang='lat' dir='ltr'><strong>dc-</strong></span> 
     </span>
    </p>
   </div>
   <div class='ocr_carea' id='block_1_86' title="bbox 2143 4271 3718 4341">
    <p class='ocr_par' dir='ltr' id='par_1_86' title="bbox 2143 4271 3718 4341">
     <span class='ocr_line' id='line_1_86' title="bbox 2143 4271 3718 4341; baseline 0.001 -15"><span class='ocrx_word' id='word_1_653' title='bbox 2143 4279 2466 4327; x_wconf 86' lang='lat' dir='ltr'><strong>moustrant.</strong></span> <span class='ocrx_word' id='word_1_654' title='bbox 2500 4271 2575 4324; x_wconf 86' lang='lat' dir='ltr'><strong>De</strong></span> <span class='ocrx_word' id='word_1_655' title='bbox 2602 4271 2797 4338; x_wconf 87' lang='lat' dir='ltr'><strong>quibus</strong></span> <span class='ocrx_word' id='word_1_656' title='bbox 2828 4285 2956 4326; x_wconf 84' lang='lat' dir='ltr'><strong>vere</strong></span> <span class='ocrx_word' id='word_1_657' title='bbox 2985 4273 3186 4328; x_wconf 77' lang='lat' dir='ltr'><strong>dicitur</strong></span> <span class='ocrx_word' id='word_1_658' title='bbox 3212 4291 3226 4326; x_wconf 89' lang='lat'><strong>:</strong></span> <span class='ocrx_word' id='word_1_659' title='bbox 3255 4274 3525 4341; x_wconf 83' lang='lat' dir='ltr'><strong>Quoniam</strong></span> <span class='ocrx_word' id='word_1_660' title='bbox 3555 4277 3718 4334; x_wconf 70' lang='lat' dir='ltr'><strong>hom.</strong></span> 
     </span>
    </p>
   </div>
   <div class='ocr_carea' id='block_1_87' title="bbox 2142 4364 3721 4436">
    <p class='ocr_par' dir='ltr' id='par_1_87' title="bbox 2142 4364 3721 4436">
     <span class='ocr_line' id='line_1_87' title="bbox 2142 4364 3721 4436; baseline 0.003 -20"><span class='ocrx_word' id='word_1_661' title='bbox 2142 4380 2258 4417; x_wconf 78' lang='lat' dir='ltr'><strong>cum</strong></span> <span class='ocrx_word' id='word_1_662' title='bbox 2316 4364 2370 4417; x_wconf 83' lang='lat' dir='ltr'><strong>in</strong></span> <span class='ocrx_word' id='word_1_663' title='bbox 2417 4368 2617 4416; x_wconf 80' lang='lat' dir='ltr'><strong>honore</strong></span> <span class='ocrx_word' id='word_1_664' title='bbox 2673 4374 2826 4426; x_wconf 83' lang='lat' dir='ltr'><strong>esset,</strong></span> <span class='ocrx_word' id='word_1_665' title='bbox 2886 4381 2991 4419; x_wconf 82' lang='lat' dir='ltr'><strong>non</strong></span> <span class='ocrx_word' id='word_1_666' title='bbox 3043 4365 3329 4429; x_wconf 75' lang='lat' dir='ltr'><strong>intellexit,</strong></span> <span class='ocrx_word' id='word_1_667' title='bbox 3393 4378 3721 4436; x_wconf 61' lang='lat' dir='ltr'><strong>comparatus</strong></span> 
     </span>
    </p>
   </div>
   <div class='ocr_carea' id='block_1_88' title="bbox 440 4455 3722 4543">
    <p class='ocr_par' dir='ltr' id='par_1_88' title="bbox 440 4455 3722 4543">
     <span class='ocr_line' id='line_1_88' title="bbox 440 4455 3722 4543; baseline -0.002 -21"><span class='ocrx_word' id='word_1_668' title='bbox 440 4465 614 4522; x_wconf 82' lang='lat' dir='ltr'><strong>eundo</strong></span> <span class='ocrx_word' id='word_1_669' title='bbox 654 4461 780 4517; x_wconf 85' lang='lat' dir='ltr'><strong>dicit</strong></span> <span class='ocrx_word' id='word_1_670' title='bbox 811 4461 956 4530; x_wconf 88' lang='lat' dir='ltr'><strong>ipsos</strong></span> <span class='ocrx_word' id='word_1_671' title='bbox 992 4473 1098 4512; x_wconf 92' lang='lat' dir='ltr'><strong>non</strong></span> <span class='ocrx_word' id='word_1_672' title='bbox 1163 4456 1403 4510; x_wconf 80' lang='lat' dir='ltr'><strong>volentes</strong></span> <span class='ocrx_word' id='word_1_673' title='bbox 1439 4457 1597 4511; x_wconf 87' lang='lat' dir='ltr'><strong>subdi</strong></span> <span class='ocrx_word' id='word_1_674' title='bbox 1655 4455 2002 4529; x_wconf 81' lang='lat' dir='ltr'><strong>passionihus</strong></span> <span class='ocrx_word' id='word_1_675' title='bbox 2025 4503 2042 4528; x_wconf 68' lang='lat'><strong>,</strong></span> <span class='ocrx_word' id='word_1_676' title='bbox 2077 4483 2122 4543; x_wconf 73' lang='grc' dir='ltr'>υ</span> <span class='ocrx_word' id='word_1_677' title='bbox 2148 4466 2219 4510; x_wconf 82' lang='lat' dir='ltr'><strong>est</strong></span> <span class='ocrx_word' id='word_1_678' title='bbox 2248 4455 2503 4526; x_wconf 83' lang='lat' dir='ltr'><strong>jumentis</strong></span> <span class='ocrx_word' id='word_1_679' title='bbox 2553 4455 2922 4528; x_wconf 73' lang='lat' dir='ltr'><strong>insipientibus</strong></span> <span class='ocrx_word' id='word_1_680' title='bbox 2945 4494 2961 4519; x_wconf 84' lang='lat'><strong>.</strong></span> <span class='ocrx_word' id='word_1_681' title='bbox 2985 4468 3034 4512; x_wconf 84' lang='lat' dir='ltr'><strong>et</strong></span> <span class='ocrx_word' id='word_1_682' title='bbox 3059 4459 3256 4520; x_wconf 78' lang='lat' dir='ltr'><strong>similis</strong></span> <span class='ocrx_word' id='word_1_683' title='bbox 3297 4460 3474 4528; x_wconf 73' lang='lat' dir='ltr'><strong>{nctus</strong></span> <span class='ocrx_word' id='word_1_684' title='bbox 3510 4476 3582 4516; x_wconf 84' lang='lat' dir='ltr'><strong>est</strong></span> <span class='ocrx_word' id='word_1_685' title='bbox 3625 4461 3722 4516; x_wconf 78' lang='lat' dir='ltr'><strong>iliis</strong></span> 
     </span>
    </p>
   </div>
   <div class='ocr_carea' id='block_1_89' title="bbox 441 4545 2037 4621">
    <p class='ocr_par' dir='ltr' id='par_1_89' title="bbox 441 4545 2037 4621">
     <span class='ocr_line' id='line_1_89' title="bbox 441 4545 2037 4621; baseline -0.009 -9"><span class='ocrx_word' id='word_1_686' title='bbox 441 4559 533 4612; x_wconf 86' lang='lat' dir='ltr'><strong>sed</strong></span> <span class='ocrx_word' id='word_1_687' title='bbox 582 4566 764 4609; x_wconf 85' lang='lat' dir='ltr'><strong>tamen</strong></span> <span class='ocrx_word' id='word_1_688' title='bbox 811 4553 865 4607; x_wconf 93' lang='lat' dir='ltr'><strong>in</strong></span> <span class='ocrx_word' id='word_1_689' title='bbox 911 4566 1007 4621; x_wconf 86' lang='lat' dir='ltr'><strong>spe</strong></span> <span class='ocrx_word' id='word_1_690' title='bbox 1050 4550 1322 4620; x_wconf 86' lang='lat' dir='ltr'><strong>patienter</strong></span> <span class='ocrx_word' id='word_1_691' title='bbox 1371 4558 1630 4618; x_wconf 86' lang='lat' dir='ltr'><strong>portare;</strong></span> <span class='ocrx_word' id='word_1_692' title='bbox 1697 4548 1858 4602; x_wconf 89' lang='lat' dir='ltr'><strong>tertio</strong></span> <span class='ocrx_word' id='word_1_693' title='bbox 1908 4545 2037 4600; x_wconf 85' lang='lat' dir='ltr'><strong>dicit</strong></span> 
     </span>
    </p>
   </div>
   <div class='ocr_carea' id='block_1_90' title="bbox 367 4623 2035 4714">
    <p class='ocr_par' dir='ltr' id='par_1_90' title="bbox 367 4623 2035 4714">
     <span class='ocr_line' id='line_1_90' title="bbox 367 4623 2035 4714; baseline -0.01 -7"><span class='ocrx_word' id='word_1_694' title='bbox 367 4653 384 4714; x_wconf 64' lang='grc' dir='ltr'><strong>ἶ</strong></span> <span class='ocrx_word' id='word_1_695' title='bbox 441 4663 629 4706; x_wconf 84' lang='lat' dir='ltr'><strong>omnes</strong></span> <span class='ocrx_word' id='word_1_696' title='bbox 659 4646 798 4700; x_wconf 83' lang='lat' dir='ltr'><strong>inter</strong></span> <span class='ocrx_word' id='word_1_697' title='bbox 828 4629 1107 4714; x_wconf 83' lang='lat' dir='ltr'><strong>passiones</strong></span> <span class='ocrx_word' id='word_1_698' title='bbox 1154 4623 1512 4711; x_wconf 57' lang='lat' dir='ltr'><strong>ingemiscere</strong></span> <span class='ocrx_word' id='word_1_699' title='bbox 1533 4678 1550 4704; x_wconf 86' lang='lat'><strong>,</strong></span> <span class='ocrx_word' id='word_1_700' title='bbox 1603 4647 1657 4694; x_wconf 88' lang='lat' dir='ltr'><strong>et</strong></span> <span class='ocrx_word' id='word_1_701' title='bbox 1688 4641 1853 4691; x_wconf 88' lang='lat' dir='ltr'><strong>etiarn</strong></span> <span class='ocrx_word' id='word_1_702' title='bbox 1887 4635 2035 4705; x_wconf 83' lang='lat' dir='ltr'><strong>ipsos</strong></span> 
     </span>
    </p>
   </div>
   <div class='ocr_carea' id='block_1_91' title="bbox 441 4727 2028 4802">
    <p class='ocr_par' dir='ltr' id='par_1_91' title="bbox 441 4727 2028 4802">
     <span class='ocr_line' id='line_1_91' title="bbox 441 4727 2028 4802; baseline -0.011 -9"><span class='ocrx_word' id='word_1_703' title='bbox 441 4748 666 4793; x_wconf 81' lang='lat' dir='ltr'><strong>sanctos</strong></span> <span class='ocrx_word' id='word_1_704' title='bbox 686 4777 701 4800; x_wconf 89' lang='lat'><strong>,</strong></span> <span class='ocrx_word' id='word_1_705' title='bbox 726 4745 779 4790; x_wconf 85' lang='lat' dir='ltr'><strong>et</strong></span> <span class='ocrx_word' id='word_1_706' title='bbox 805 4736 924 4789; x_wconf 90' lang='lat' dir='ltr'><strong>ideo</strong></span> <span class='ocrx_word' id='word_1_707' title='bbox 947 4743 1205 4789; x_wconf 72' lang='lat' dir='ltr'><strong>:t&#39;tcrnarn</strong></span> <span class='ocrx_word' id='word_1_708' title='bbox 1235 4731 1462 4802; x_wconf 72' lang='lat' dir='ltr'><strong>gloriam</strong></span> <span class='ocrx_word' id='word_1_709' title='bbox 1495 4729 1667 4800; x_wconf 76' lang='lat' dir='ltr'><strong>magis</strong></span> <span class='ocrx_word' id='word_1_710' title='bbox 1695 4727 2028 4784; x_wconf 87' lang='lat' dir='ltr'><strong>desiderare.</strong></span> 
     </span>
    </p>
   </div>
   <div class='ocr_carea' id='block_1_92' title="bbox 442 4809 2035 4906">
    <p class='ocr_par' dir='ltr' id='par_1_92' title="bbox 442 4809 2035 4906">
     <span class='ocr_line' id='line_1_92' title="bbox 442 4809 2035 4906; baseline -0.009 -22"><span class='ocrx_word' id='word_1_711' title='bbox 442 4829 528 4884; x_wconf 76' lang='lat' dir='ltr'><strong>Ait</strong></span> <span class='ocrx_word' id='word_1_712' title='bbox 563 4843 692 4896; x_wconf 78' lang='lat' dir='ltr'><strong>ergo</strong></span> <span class='ocrx_word' id='word_1_713' title='bbox 742 4811 918 4906; x_wconf 87' lang='lat' dir='ltr'><strong>primo</strong></span> <span class='ocrx_word' id='word_1_714' title='bbox 954 4842 966 4877; x_wconf 91' lang='lat'><strong>:</strong></span> <span class='ocrx_word' id='word_1_715' title='bbox 1005 4809 1261 4876; x_wconf 73' lang='lat' dir='ltr'><strong>Existimo</strong></span> <span class='ocrx_word' id='word_1_716' title='bbox 1298 4824 1437 4891; x_wconf 86' lang='lat' dir='ltr'><strong>quod</strong></span> <span class='ocrx_word' id='word_1_717' title='bbox 1469 4838 1573 4875; x_wconf 81' lang='lat' dir='ltr'><strong>non</strong></span> <span class='ocrx_word' id='word_1_718' title='bbox 1600 4831 1718 4874; x_wconf 84' lang='lat' dir='ltr'><strong>sunt</strong></span> <span class='ocrx_word' id='word_1_719' title='bbox 1753 4819 2035 4888; x_wconf 78' lang='lat' dir='ltr'><strong>condigna:</strong></span> 
     </span>
    </p>
   </div>
   <div class='ocr_carea' id='block_1_93' title="bbox 440 4908 2039 4988">
    <p class='ocr_par' dir='ltr' id='par_1_93' title="bbox 440 4908 2039 4988">
     <span class='ocr_line' id='line_1_93' title="bbox 440 4908 2039 4988; baseline -0.007 -17"><span class='ocrx_word' id='word_1_720' title='bbox 440 4923 704 4988; x_wconf 73' lang='lat' dir='ltr'><strong>passiones</strong></span> <span class='ocrx_word' id='word_1_721' title='bbox 733 4918 890 4986; x_wconf 73' lang='lat' dir='ltr'><strong>hujus</strong></span> <span class='ocrx_word' id='word_1_722' title='bbox 923 4916 1168 4986; x_wconf 77' lang='lat' dir='ltr'><strong>temporis</strong></span> <span class='ocrx_word' id='word_1_723' title='bbox 1210 4916 1276 4966; x_wconf 82' lang='lat' dir='ltr'><strong>ad</strong></span> <span class='ocrx_word' id='word_1_724' title='bbox 1321 4925 1761 4984; x_wconf 74' lang='lat' dir='ltr'><strong>superventuram</strong></span> <span class='ocrx_word' id='word_1_725' title='bbox 1816 4908 2039 4981; x_wconf 82' lang='lat' dir='ltr'><strong>gloriam</strong></span> 
     </span>
    </p>
   </div>
   <div class='ocr_carea' id='block_1_94' title="bbox 439 4993 2028 5082">
    <p class='ocr_par' dir='ltr' id='par_1_94' title="bbox 439 4993 2028 5082">
     <span class='ocr_line' id='line_1_94' title="bbox 439 4993 2028 5082; baseline -0.008 -18"><span class='ocrx_word' id='word_1_726' title='bbox 439 5028 556 5082; x_wconf 83' lang='lat' dir='ltr'><strong>qua:</strong></span> <span class='ocrx_word' id='word_1_727' title='bbox 581 5009 889 5064; x_wconf 71' lang='lat' dir='ltr'><strong>revelabitur</strong></span> <span class='ocrx_word' id='word_1_728' title='bbox 911 5009 963 5060; x_wconf 87' lang='lat' dir='ltr'><strong>in</strong></span> <span class='ocrx_word' id='word_1_729' title='bbox 987 5006 1153 5059; x_wconf 83' lang='lat' dir='ltr'><strong>nobis.</strong></span> <span class='ocrx_word' id='word_1_730' title='bbox 1187 4993 1262 5058; x_wconf 70' lang='lat' dir='ltr'><strong>Ae</strong></span> <span class='ocrx_word' id='word_1_731' title='bbox 1288 5003 1331 5057; x_wconf 91' lang='lat' dir='ltr'><strong>si</strong></span> <span class='ocrx_word' id='word_1_732' title='bbox 1357 5015 1542 5074; x_wconf 85' lang='lat' dir='ltr'><strong>aperte</strong></span> <span class='ocrx_word' id='word_1_733' title='bbox 1569 5004 1710 5057; x_wconf 76' lang='lat' dir='ltr'><strong>dicat</strong></span> <span class='ocrx_word' id='word_1_734' title='bbox 1738 5020 1751 5058; x_wconf 90' lang='lat'><strong>:</strong></span> <span class='ocrx_word' id='word_1_735' title='bbox 1787 5018 1882 5072; x_wconf 90' lang='lat' dir='ltr'><strong>per</strong></span> <span class='ocrx_word' id='word_1_736' title='bbox 1909 4997 2028 5054; x_wconf 86' lang='lat' dir='ltr'><strong>nul-</strong></span> 
     </span>
    </p>
   </div>
   <div class='ocr_carea' id='block_1_95' title="bbox 443 5095 2042 5174">
    <p class='ocr_par' dir='ltr' id='par_1_95' title="bbox 443 5095 2042 5174">
     <span class='ocr_line' id='line_1_95' title="bbox 443 5095 2042 5174; baseline -0.008 -17"><span class='ocrx_word' id='word_1_737' title='bbox 443 5102 521 5164; x_wconf 85' lang='lat' dir='ltr'><strong>las</strong></span> <span class='ocrx_word' id='word_1_738' title='bbox 543 5102 824 5174; x_wconf 86' lang='lat' dir='ltr'><strong>passiones</strong></span> <span class='ocrx_word' id='word_1_739' title='bbox 862 5099 1184 5172; x_wconf 84' lang='lat' dir='ltr'><strong>terrrporales</strong></span> <span class='ocrx_word' id='word_1_740' title='bbox 1213 5097 1372 5168; x_wconf 79' lang='lat' dir='ltr'><strong>digne</strong></span> <span class='ocrx_word' id='word_1_741' title='bbox 1402 5096 1597 5151; x_wconf 90' lang='lat' dir='ltr'><strong>mereri</strong></span> <span class='ocrx_word' id='word_1_742' title='bbox 1635 5095 1876 5148; x_wconf 88' lang='lat' dir='ltr'><strong>valernrrs</strong></span> <span class='ocrx_word' id='word_1_743' title='bbox 1929 5108 2042 5145; x_wconf 86' lang='lat' dir='ltr'><strong>nra-</strong></span> 
     </span>
    </p>
   </div>
   <div class='ocr_carea' id='block_1_96' title="bbox 453 5175 2040 5266">
    <p class='ocr_par' dir='ltr' id='par_1_96' title="bbox 453 5175 2040 5266">
     <span class='ocr_line' id='line_1_96' title="bbox 453 5175 2040 5266; baseline -0.008 -18"><span class='ocrx_word' id='word_1_744' title='bbox 453 5175 790 5266; x_wconf 63' lang='lat' dir='ltr'><strong>éuitudinern</strong></span> <span class='ocrx_word' id='word_1_745' title='bbox 828 5191 1011 5263; x_wconf 68' lang='lat' dir='ltr'><strong>gloriae</strong></span> <span class='ocrx_word' id='word_1_746' title='bbox 1040 5205 1159 5260; x_wconf 71' lang='lat' dir='ltr'><strong>qua:</strong></span> <span class='ocrx_word' id='word_1_747' title='bbox 1207 5189 1361 5242; x_wconf 89' lang='lat' dir='ltr'><strong>nobis</strong></span> <span class='ocrx_word' id='word_1_748' title='bbox 1406 5186 1458 5241; x_wconf 92' lang='lat' dir='ltr'><strong>in</strong></span> <span class='ocrx_word' id='word_1_749' title='bbox 1511 5185 1694 5240; x_wconf 88' lang='lat' dir='ltr'><strong>frrturo</strong></span> <span class='ocrx_word' id='word_1_750' title='bbox 1746 5186 2040 5240; x_wconf 90' lang='lat' dir='ltr'><strong>tribuetur.</strong></span> 
     </span>
    </p>
   </div>
   <div class='ocr_carea' id='block_1_97' title="bbox 446 5275 2039 5356">
    <p class='ocr_par' dir='ltr' id='par_1_97' title="bbox 446 5275 2039 5356">
     <span class='ocr_line' id='line_1_97' title="bbox 446 5275 2039 5356; baseline -0.006 -16"><span class='ocrx_word' id='word_1_751' title='bbox 446 5283 747 5356; x_wconf 85' lang='lat' dir='ltr'><strong>Imperator</strong></span> <span class='ocrx_word' id='word_1_752' title='bbox 776 5284 974 5354; x_wconf 82' lang='lat' dir='ltr'><strong>quippe</strong></span> <span class='ocrx_word' id='word_1_753' title='bbox 1005 5291 1210 5343; x_wconf 87' lang='lat' dir='ltr'><strong>noster,</strong></span> <span class='ocrx_word' id='word_1_754' title='bbox 1237 5278 1434 5333; x_wconf 86' lang='lat' dir='ltr'><strong>fratres</strong></span> <span class='ocrx_word' id='word_1_755' title='bbox 1458 5277 1789 5340; x_wconf 83' lang='lat' dir='ltr'><strong>clrarissinri,</strong></span> <span class='ocrx_word' id='word_1_756' title='bbox 1817 5275 2001 5348; x_wconf 81' lang='lat' dir='ltr'><strong>largus</strong></span> <span class='ocrx_word' id='word_1_757' title='bbox 2024 5315 2039 5341; x_wconf 88' lang='lat'><strong>,</strong></span> 
     </span>
    </p>
   </div>
   <div class='ocr_carea' id='block_1_98' title="bbox 442 5364 2040 5448">
    <p class='ocr_par' dir='ltr' id='par_1_98' title="bbox 442 5364 2040 5448">
     <span class='ocr_line' id='line_1_98' title="bbox 442 5364 2040 5448; baseline 0.013 -10"><span class='ocrx_word' id='word_1_758' title='bbox 442 5364 555 5438; x_wconf 70' lang='lat' dir='ltr'><strong>iino</strong></span> <span class='ocrx_word' id='word_1_759' title='bbox 589 5379 702 5448; x_wconf 71' lang='lat' dir='ltr'><strong>lltsa</strong></span> <span class='ocrx_word' id='word_1_760' title='bbox 738 5377 961 5448; x_wconf 73' lang='lat' dir='ltr'><strong>largitas</strong></span> <span class='ocrx_word' id='word_1_761' title='bbox 993 5383 1108 5440; x_wconf 61' lang='grc' dir='ltr'><strong>ρει-ν</strong></span> <span class='ocrx_word' id='word_1_762' title='bbox 1142 5389 1241 5428; x_wconf 68' lang='lat' dir='ltr'><strong>&quot;cc</strong></span> <span class='ocrx_word' id='word_1_763' title='bbox 1273 5371 1386 5426; x_wconf 9' lang='lat' dir='ltr'><strong>Vin“</strong></span> <span class='ocrx_word' id='word_1_764' title='bbox 1435 5371 1688 5444; x_wconf 62' lang='grc' dir='ltr'><strong>Ρπνίιίηί</strong></span> <span class='ocrx_word' id='word_1_765' title='bbox 1728 5379 2040 5424; x_wconf 50' lang='lat' dir='ltr'><strong>&quot;(nuarum</strong></span> 
     </span>
    </p>
   </div>
   <div class='ocr_carea' id='block_1_99' title="bbox 445 5459 2040 5545">
    <p class='ocr_par' dir='ltr' id='par_1_99' title="bbox 445 5459 2040 5545">
     <span class='ocr_line' id='line_1_99' title="bbox 445 5459 2040 5545; baseline -0.008 -17"><span class='ocrx_word' id='word_1_766' title='bbox 445 5459 724 5545; x_wconf 59' lang='lat' dir='ltr'><strong>laborum,</strong></span> <span class='ocrx_word' id='word_1_767' title='bbox 773 5471 993 5541; x_wconf 59' lang='lat' dir='ltr'><strong>primum</strong></span> <span class='ocrx_word' id='word_1_768' title='bbox 1043 5487 1140 5525; x_wconf 87' lang='lat' dir='ltr'><strong>sua</strong></span> <span class='ocrx_word' id='word_1_769' title='bbox 1197 5480 1677 5531; x_wconf 85' lang='lat' dir='ltr'><strong>commensurare,</strong></span> <span class='ocrx_word' id='word_1_770' title='bbox 1731 5464 1823 5519; x_wconf 89' lang='lat' dir='ltr'><strong>sed</strong></span> <span class='ocrx_word' id='word_1_771' title='bbox 1857 5464 2040 5534; x_wconf 91' lang='lat' dir='ltr'><strong>potius</strong></span> 
     </span>
    </p>
   </div>
   <div class='ocr_carea' id='block_1_100' title="bbox 445 5553 2042 5636">
    <p class='ocr_par' dir='ltr' id='par_1_100' title="bbox 445 5553 2042 5636">
     <span class='ocr_line' id='line_1_100' title="bbox 445 5553 2042 5636; baseline -0.006 -14"><span class='ocrx_word' id='word_1_772' title='bbox 445 5553 510 5622; x_wconf 77' lang='lat' dir='ltr'><strong>de</strong></span> <span class='ocrx_word' id='word_1_773' title='bbox 541 5569 846 5622; x_wconf 82' lang='lat' dir='ltr'><strong>di\itiarnrn</strong></span> <span class='ocrx_word' id='word_1_774' title='bbox 877 5582 1094 5619; x_wconf 88' lang='lat' dir='ltr'><strong>srrarrrrn</strong></span> <span class='ocrx_word' id='word_1_775' title='bbox 1122 5564 1366 5636; x_wconf 75' lang='lat' dir='ltr'><strong>largitate</strong></span> <span class='ocrx_word' id='word_1_776' title='bbox 1389 5579 1486 5618; x_wconf 83' lang='lat' dir='ltr'><strong>nos</strong></span> <span class='ocrx_word' id='word_1_777' title='bbox 1535 5559 2042 5632; x_wconf 85' lang='lat' dir='ltr'><strong>superaburulanter</strong></span> 
     </span>
    </p>
   </div>
   <div class='ocr_carea' id='block_1_101' title="bbox 446 5652 2040 5729">
    <p class='ocr_par' dir='ltr' id='par_1_101' title="bbox 446 5652 2040 5729">
     <span class='ocr_line' id='line_1_101' title="bbox 446 5652 2040 5729; baseline -0.006 -15"><span class='ocrx_word' id='word_1_778' title='bbox 446 5661 810 5717; x_wconf 84' lang='lat' dir='ltr'><strong>accurnulare.</strong></span> <span class='ocrx_word' id='word_1_779' title='bbox 859 5659 1099 5720; x_wconf 85' lang='lat' dir='ltr'><strong>Lalrores</strong></span> <span class='ocrx_word' id='word_1_780' title='bbox 1147 5661 1346 5729; x_wconf 85' lang='lat' dir='ltr'><strong>quippe</strong></span> <span class='ocrx_word' id='word_1_781' title='bbox 1414 5655 1584 5712; x_wconf 89' lang='lat' dir='ltr'><strong>nostri</strong></span> <span class='ocrx_word' id='word_1_782' title='bbox 1637 5663 1763 5707; x_wconf 87' lang='lat' dir='ltr'><strong>srrrrt</strong></span> <span class='ocrx_word' id='word_1_783' title='bbox 1811 5652 2040 5718; x_wconf 83' lang='lat' dir='ltr'><strong>modici,</strong></span> 
     </span>
    </p>
   </div>
   <div class='ocr_carea' id='block_1_102' title="bbox 446 5746 2041 5824">
    <p class='ocr_par' dir='ltr' id='par_1_102' title="bbox 446 5746 2041 5824">
     <span class='ocr_line' id='line_1_102' title="bbox 446 5746 2041 5824; baseline -0.003 -18"><span class='ocrx_word' id='word_1_784' title='bbox 446 5757 670 5824; x_wconf 50' lang='lat' dir='ltr'><strong>praemia</strong></span> <span class='ocrx_word' id='word_1_785' title='bbox 707 5765 868 5810; x_wconf 84' lang='lat' dir='ltr'><strong>erunt</strong></span> <span class='ocrx_word' id='word_1_786' title='bbox 899 5756 1185 5808; x_wconf 86' lang='lat' dir='ltr'><strong>immensa.</strong></span> <span class='ocrx_word' id='word_1_787' title='bbox 1216 5752 1452 5806; x_wconf 72' lang='lat' dir='ltr'><strong>Latrores</strong></span> <span class='ocrx_word' id='word_1_788' title='bbox 1485 5749 1653 5804; x_wconf 90' lang='lat' dir='ltr'><strong>nostri</strong></span> <span class='ocrx_word' id='word_1_789' title='bbox 1689 5758 1816 5801; x_wconf 90' lang='lat' dir='ltr'><strong>sunt</strong></span> <span class='ocrx_word' id='word_1_790' title='bbox 1847 5746 2041 5802; x_wconf 79' lang='lat' dir='ltr'><strong>breves</strong></span> 
     </span>
    </p>
   </div>
   <div class='ocr_carea' id='block_1_103' title="bbox 446 5837 2041 5920">
    <p class='ocr_par' dir='ltr' id='par_1_103' title="bbox 446 5837 2041 5920">
     <span class='ocr_line' id='line_1_103' title="bbox 446 5837 2041 5920; baseline -0.006 -16"><span class='ocrx_word' id='word_1_791' title='bbox 446 5855 497 5918; x_wconf 77' lang='lat' dir='ltr'><strong>et</strong></span> <span class='ocrx_word' id='word_1_792' title='bbox 537 5851 901 5904; x_wconf 86' lang='lat' dir='ltr'><strong>tnomentauei</strong></span> <span class='ocrx_word' id='word_1_793' title='bbox 923 5892 936 5915; x_wconf 94' lang='lat'><strong>,</strong></span> <span class='ocrx_word' id='word_1_794' title='bbox 968 5849 1190 5920; x_wconf 62' lang='lat' dir='ltr'><strong>praemia</strong></span> <span class='ocrx_word' id='word_1_795' title='bbox 1223 5853 1382 5900; x_wconf 84' lang='lat' dir='ltr'><strong>erunt</strong></span> <span class='ocrx_word' id='word_1_796' title='bbox 1415 5842 1768 5912; x_wconf 86' lang='lat' dir='ltr'><strong>sempiterna.</strong></span> <span class='ocrx_word' id='word_1_797' title='bbox 1804 5837 2041 5895; x_wconf 70' lang='lat' dir='ltr'><strong>Lalrores</strong></span> 
     </span>
    </p>
   </div>
   <div class='ocr_carea' id='block_1_104' title="bbox 2150 4547 3723 4624">
    <p class='ocr_par' dir='ltr' id='par_1_104' title="bbox 2150 4547 3723 4624">
     <span class='ocr_line' id='line_1_104' title="bbox 2150 4547 3723 4624; baseline 0.004 -24"><span class='ocrx_word' id='word_1_798' title='bbox 2150 4547 2319 4613; x_wconf 81' lang='lat' dir='ltr'><strong>(I’sal.</strong></span> <span class='ocrx_word' id='word_1_799' title='bbox 2353 4563 2578 4617; x_wconf 65' lang='lat' dir='ltr'><strong>sunt},</strong></span> <span class='ocrx_word' id='word_1_800' title='bbox 2611 4549 2719 4604; x_wconf 90' lang='lat' dir='ltr'><strong>imo</strong></span> <span class='ocrx_word' id='word_1_801' title='bbox 2752 4551 3003 4610; x_wconf 86' lang='lat' dir='ltr'><strong>miserior</strong></span> <span class='ocrx_word' id='word_1_802' title='bbox 3047 4561 3104 4607; x_wconf 90' lang='lat' dir='ltr'><strong>et</strong></span> <span class='ocrx_word' id='word_1_803' title='bbox 3135 4554 3376 4609; x_wconf 82' lang='lat' dir='ltr'><strong>deterior</strong></span> <span class='ocrx_word' id='word_1_804' title='bbox 3421 4555 3566 4618; x_wconf 85' lang='lat' dir='ltr'><strong>illis,</strong></span> <span class='ocrx_word' id='word_1_805' title='bbox 3604 4570 3723 4624; x_wconf 79' lang='lat' dir='ltr'><strong>quo-</strong></span> 
     </span>
    </p>
   </div>
   <div class='ocr_carea' id='block_1_105' title="bbox 2144 4640 3721 4717">
    <p class='ocr_par' dir='ltr' id='par_1_105' title="bbox 2144 4640 3721 4717">
     <span class='ocr_line' id='line_1_105' title="bbox 2144 4640 3721 4717; baseline 0.007 -26"><span class='ocrx_word' id='word_1_806' title='bbox 2144 4641 2290 4706; x_wconf 85' lang='lat' dir='ltr'><strong>niam</strong></span> <span class='ocrx_word' id='word_1_807' title='bbox 2329 4640 2524 4696; x_wconf 85' lang='lat' dir='ltr'><strong>melius</strong></span> <span class='ocrx_word' id='word_1_808' title='bbox 2549 4651 2695 4696; x_wconf 85' lang='lat' dir='ltr'><strong>esset</strong></span> <span class='ocrx_word' id='word_1_809' title='bbox 2747 4643 2852 4698; x_wconf 87' lang='lat' dir='ltr'><strong>illis</strong></span> <span class='ocrx_word' id='word_1_810' title='bbox 2897 4645 3112 4713; x_wconf 83' lang='lat' dir='ltr'><strong>penitus</strong></span> <span class='ocrx_word' id='word_1_811' title='bbox 3143 4648 3282 4702; x_wconf 88' lang='lat' dir='ltr'><strong>nrori</strong></span> <span class='ocrx_word' id='word_1_812' title='bbox 3317 4664 3438 4702; x_wconf 83' lang='lat' dir='ltr'><strong>cum</strong></span> <span class='ocrx_word' id='word_1_813' title='bbox 3480 4649 3721 4717; x_wconf 68' lang='lat' dir='ltr'><strong>iumentis</strong></span> 
     </span>
    </p>
   </div>
   <div class='ocr_carea' id='block_1_106' title="bbox 2143 4731 3553 4803">
    <p class='ocr_par' dir='ltr' id='par_1_106' title="bbox 2143 4731 3553 4803">
     <span class='ocr_line' id='line_1_106' title="bbox 2143 4731 3553 4803; baseline 0.004 -19"><span class='ocrx_word' id='word_1_814' title='bbox 2143 4746 2303 4802; x_wconf 86' lang='lat' dir='ltr'><strong>quam</strong></span> <span class='ocrx_word' id='word_1_815' title='bbox 2336 4731 2386 4786; x_wconf 87' lang='lat' dir='ltr'><strong>in</strong></span> <span class='ocrx_word' id='word_1_816' title='bbox 2421 4742 2597 4786; x_wconf 86' lang='lat' dir='ltr'><strong>morte</strong></span> <span class='ocrx_word' id='word_1_817' title='bbox 2623 4747 2838 4803; x_wconf 83' lang='lat' dir='ltr'><strong>semper</strong></span> <span class='ocrx_word' id='word_1_818' title='bbox 2870 4739 3058 4788; x_wconf 85' lang='lat' dir='ltr'><strong>vivere</strong></span> <span class='ocrx_word' id='word_1_819' title='bbox 3085 4750 3210 4790; x_wconf 89' lang='lat' dir='ltr'><strong>cum</strong></span> <span class='ocrx_word' id='word_1_820' title='bbox 3253 4737 3553 4796; x_wconf 65' lang='lat' dir='ltr'><strong>dminoniis.</strong></span> 
     </span>
    </p>
   </div>
   <div class='ocr_carea' id='block_1_107' title="bbox 2163 4823 3718 4894">
    <p class='ocr_par' dir='ltr' id='par_1_107' title="bbox 2163 4823 3718 4894">
     <span class='ocr_line' id='line_1_107' title="bbox 2163 4823 3718 4894; baseline 0.003 -17"><span class='ocrx_word' id='word_1_821' title='bbox 2163 4884 2170 4890; x_wconf 52' lang='grc'>,</span> <span class='ocrx_word' id='word_1_822' title='bbox 2216 4823 2474 4893; x_wconf 89' lang='lat' dir='ltr'><strong>Sequitur</strong></span> <span class='ocrx_word' id='word_1_823' title='bbox 2519 4838 2648 4894; x_wconf 88' lang='lat' dir='ltr'><strong>pars</strong></span> <span class='ocrx_word' id='word_1_824' title='bbox 2694 4826 2963 4888; x_wconf 83' lang='lat' dir='ltr'><strong>secunda,</strong></span> <span class='ocrx_word' id='word_1_825' title='bbox 2997 4825 3050 4878; x_wconf 92' lang='lat' dir='ltr'><strong>in</strong></span> <span class='ocrx_word' id='word_1_826' title='bbox 3088 4841 3190 4894; x_wconf 78' lang='lat' dir='ltr'><strong>qua</strong></span> <span class='ocrx_word' id='word_1_827' title='bbox 3216 4829 3524 4882; x_wconf 82' lang='lat' dir='ltr'><strong>ostenditur</strong></span> <span class='ocrx_word' id='word_1_828' title='bbox 3551 4827 3718 4882; x_wconf 81' lang='lat' dir='ltr'><strong>fideles</strong></span> 
     </span>
    </p>
   </div>
   <div class='ocr_carea' id='block_1_108' title="bbox 2143 4913 3715 4982">
    <p class='ocr_par' dir='ltr' id='par_1_108' title="bbox 2143 4913 3715 4982">
     <span class='ocr_line' id='line_1_108' title="bbox 2143 4913 3715 4982; baseline 0.002 -14"><span class='ocrx_word' id='word_1_829' title='bbox 2143 4913 2418 4982; x_wconf 77' lang='lat' dir='ltr'><strong>subjectos</strong></span> <span class='ocrx_word' id='word_1_830' title='bbox 2447 4927 2566 4967; x_wconf 78' lang='lat' dir='ltr'><strong>esse</strong></span> <span class='ocrx_word' id='word_1_831' title='bbox 2603 4914 2837 4969; x_wconf 82' lang='lat' dir='ltr'><strong>miseriis</strong></span> <span class='ocrx_word' id='word_1_832' title='bbox 2868 4929 2974 4968; x_wconf 92' lang='lat' dir='ltr'><strong>non</strong></span> <span class='ocrx_word' id='word_1_833' title='bbox 3006 4915 3281 4982; x_wconf 76' lang='lat' dir='ltr'><strong>volentes,</strong></span> <span class='ocrx_word' id='word_1_834' title='bbox 3328 4919 3423 4973; x_wconf 87' lang='lat' dir='ltr'><strong>sed</strong></span> <span class='ocrx_word' id='word_1_835' title='bbox 3457 4929 3628 4972; x_wconf 81' lang='lat' dir='ltr'><strong>tamen</strong></span> <span class='ocrx_word' id='word_1_836' title='bbox 3670 4917 3715 4971; x_wconf 79' lang='lat' dir='ltr'><strong>is</strong></span> 
     </span>
    </p>
   </div>
   <div class='ocr_carea' id='block_1_109' title="bbox 2143 5007 3714 5088">
    <p class='ocr_par' dir='ltr' id='par_1_109' title="bbox 2143 5007 3714 5088">
     <span class='ocr_line' id='line_1_109' title="bbox 2143 5007 3714 5088; baseline 0 -28"><span class='ocrx_word' id='word_1_837' title='bbox 2143 5022 2244 5084; x_wconf 11' lang='lat' dir='ltr'><strong>spe.</strong></span> <span class='ocrx_word' id='word_1_838' title='bbox 2269 5009 2535 5088; x_wconf 83' lang='lat' dir='ltr'><strong>patienter</strong></span> <span class='ocrx_word' id='word_1_839' title='bbox 2563 5015 2814 5077; x_wconf 86' lang='lat' dir='ltr'><strong>portare,</strong></span> <span class='ocrx_word' id='word_1_840' title='bbox 2847 5022 2969 5060; x_wconf 87' lang='lat' dir='ltr'><strong>cum</strong></span> <span class='ocrx_word' id='word_1_841' title='bbox 2995 5009 3244 5062; x_wconf 82' lang='lat' dir='ltr'><strong>subditur</strong></span> <span class='ocrx_word' id='word_1_842' title='bbox 3280 5025 3296 5062; x_wconf 88' lang='lat'><strong>:</strong></span> <span class='ocrx_word' id='word_1_843' title='bbox 3338 5007 3569 5062; x_wconf 72' lang='lat' dir='ltr'><strong>l’am‘tati</strong></span> <span class='ocrx_word' id='word_1_844' title='bbox 3594 5010 3714 5062; x_wconf 65' lang='lat' dir='ltr'><strong>enim</strong></span> 
     </span>
    </p>
   </div>
   <div class='ocr_carea' id='block_1_110' title="bbox 2143 5097 3712 5174">
    <p class='ocr_par' dir='ltr' id='par_1_110' title="bbox 2143 5097 3712 5174">
     <span class='ocr_line' id='line_1_110' title="bbox 2143 5097 3712 5174; baseline -0.001 -22"><span class='ocrx_word' id='word_1_845' title='bbox 2143 5098 2373 5168; x_wconf 78' lang='lat' dir='ltr'><strong>subjecta</strong></span> <span class='ocrx_word' id='word_1_846' title='bbox 2395 5109 2467 5151; x_wconf 83' lang='lat' dir='ltr'><strong>est</strong></span> <span class='ocrx_word' id='word_1_847' title='bbox 2505 5109 2750 5153; x_wconf 87' lang='lat' dir='ltr'><strong>creatura</strong></span> <span class='ocrx_word' id='word_1_848' title='bbox 2782 5115 2882 5151; x_wconf 87' lang='lat' dir='ltr'><strong>non</strong></span> <span class='ocrx_word' id='word_1_849' title='bbox 2907 5097 3079 5170; x_wconf 75' lang='lat' dir='ltr'><strong>colens</strong></span> <span class='ocrx_word' id='word_1_850' title='bbox 3101 5138 3117 5164; x_wconf 88' lang='lat'><strong>,</strong></span> <span class='ocrx_word' id='word_1_851' title='bbox 3147 5101 3240 5174; x_wconf 75' lang='lat' dir='ltr'><strong>sed</strong></span> <span class='ocrx_word' id='word_1_852' title='bbox 3259 5111 3476 5172; x_wconf 76' lang='lat' dir='ltr'><strong>propter</strong></span> <span class='ocrx_word' id='word_1_853' title='bbox 3501 5118 3614 5153; x_wconf 74' lang='lat' dir='ltr'><strong>eum</strong></span> <span class='ocrx_word' id='word_1_854' title='bbox 3638 5099 3712 5169; x_wconf 70' lang='lat' dir='ltr'><strong>qui</strong></span> 
     </span>
    </p>
   </div>
   <div class='ocr_carea' id='block_1_111' title="bbox 2145 5183 3708 5260">
    <p class='ocr_par' dir='ltr' id='par_1_111' title="bbox 2145 5183 3708 5260">
     <span class='ocr_line' id='line_1_111' title="bbox 2145 5183 3708 5260; baseline 0.001 -18"><span class='ocrx_word' id='word_1_855' title='bbox 2145 5188 2361 5260; x_wconf 78' lang='lat' dir='ltr'><strong>subjecit</strong></span> <span class='ocrx_word' id='word_1_856' title='bbox 2391 5205 2504 5244; x_wconf 74' lang='lat' dir='ltr'><strong>eam</strong></span> <span class='ocrx_word' id='word_1_857' title='bbox 2541 5189 2598 5243; x_wconf 85' lang='lat' dir='ltr'><strong>iu</strong></span> <span class='ocrx_word' id='word_1_858' title='bbox 2639 5205 2748 5258; x_wconf 84' lang='lat' dir='ltr'><strong>spe.</strong></span> <span class='ocrx_word' id='word_1_859' title='bbox 2797 5183 3008 5258; x_wconf 83' lang='lat' dir='ltr'><strong>Duplici</strong></span> <span class='ocrx_word' id='word_1_860' title='bbox 3053 5191 3316 5259; x_wconf 79' lang='lat' dir='ltr'><strong>vanitati,</strong></span> <span class='ocrx_word' id='word_1_861' title='bbox 3367 5190 3557 5246; x_wconf 84' lang='lat' dir='ltr'><strong>fratres</strong></span> <span class='ocrx_word' id='word_1_862' title='bbox 3600 5193 3708 5253; x_wconf 78' lang='lat' dir='ltr'><strong>mer,</strong></span> 
     </span>
    </p>
   </div>
   <div class='ocr_carea' id='block_1_112' title="bbox 2145 5281 3709 5353">
    <p class='ocr_par' dir='ltr' id='par_1_112' title="bbox 2145 5281 3709 5353">
     <span class='ocr_line' id='line_1_112' title="bbox 2145 5281 3709 5353; baseline 0 -17"><span class='ocrx_word' id='word_1_863' title='bbox 2145 5281 2306 5348; x_wconf 85' lang='lat' dir='ltr'><strong>homo</strong></span> <span class='ocrx_word' id='word_1_864' title='bbox 2337 5281 2611 5352; x_wconf 86' lang='lat' dir='ltr'><strong>subjectus</strong></span> <span class='ocrx_word' id='word_1_865' title='bbox 2655 5291 2738 5338; x_wconf 77' lang='lat' dir='ltr'><strong>est</strong></span> <span class='ocrx_word' id='word_1_866' title='bbox 2759 5323 2775 5350; x_wconf 93' lang='lat'><strong>,</strong></span> <span class='ocrx_word' id='word_1_867' title='bbox 2819 5281 3043 5338; x_wconf 85' lang='lat' dir='ltr'><strong>vanitati</strong></span> <span class='ocrx_word' id='word_1_868' title='bbox 3077 5283 3399 5353; x_wconf 84' lang='lat' dir='ltr'><strong>culparum,</strong></span> <span class='ocrx_word' id='word_1_869' title='bbox 3431 5294 3488 5339; x_wconf 87' lang='lat' dir='ltr'><strong>et</strong></span> <span class='ocrx_word' id='word_1_870' title='bbox 3516 5282 3709 5338; x_wconf 75' lang='lat' dir='ltr'><strong>vanitati</strong></span> 
     </span>
    </p>
   </div>
   <div class='ocr_carea' id='block_1_113' title="bbox 2143 5373 3709 5445">
    <p class='ocr_par' dir='ltr' id='par_1_113' title="bbox 2143 5373 3709 5445">
     <span class='ocr_line' id='line_1_113' title="bbox 2143 5373 3709 5445; baseline -0.001 -17"><span class='ocrx_word' id='word_1_871' title='bbox 2143 5386 2449 5442; x_wconf 69' lang='lat' dir='ltr'><strong>pmuarnm.</strong></span> <span class='ocrx_word' id='word_1_872' title='bbox 2485 5373 2550 5427; x_wconf 85' lang='lat' dir='ltr'><strong>Et</strong></span> <span class='ocrx_word' id='word_1_873' title='bbox 2578 5373 2706 5426; x_wconf 90' lang='lat' dir='ltr'><strong>mali</strong></span> <span class='ocrx_word' id='word_1_874' title='bbox 2734 5373 2951 5444; x_wconf 87' lang='lat' dir='ltr'><strong>quidem</strong></span> <span class='ocrx_word' id='word_1_875' title='bbox 2982 5375 3210 5428; x_wconf 81' lang='lat' dir='ltr'><strong>vanitati</strong></span> <span class='ocrx_word' id='word_1_876' title='bbox 3240 5375 3526 5445; x_wconf 86' lang='lat' dir='ltr'><strong>culparum</strong></span> <span class='ocrx_word' id='word_1_877' title='bbox 3555 5375 3709 5427; x_wconf 76' lang='lat' dir='ltr'><strong>voles—</strong></span> 
     </span>
    </p>
   </div>
   <div class='ocr_carea' id='block_1_114' title="bbox 2145 5464 3708 5536">
    <p class='ocr_par' dir='ltr' id='par_1_114' title="bbox 2145 5464 3708 5536">
     <span class='ocr_line' id='line_1_114' title="bbox 2145 5464 3708 5536; baseline 0.001 -18"><span class='ocrx_word' id='word_1_878' title='bbox 2145 5475 2226 5520; x_wconf 89' lang='lat' dir='ltr'><strong>tes</strong></span> <span class='ocrx_word' id='word_1_879' title='bbox 2259 5464 2616 5530; x_wconf 85' lang='lat' dir='ltr'><strong>famulantur,</strong></span> <span class='ocrx_word' id='word_1_880' title='bbox 2645 5467 2824 5536; x_wconf 78' lang='lat' dir='ltr'><strong>pomis</strong></span> <span class='ocrx_word' id='word_1_881' title='bbox 2849 5482 2971 5521; x_wconf 84' lang='lat' dir='ltr'><strong>vero</strong></span> <span class='ocrx_word' id='word_1_882' title='bbox 2997 5482 3117 5536; x_wconf 74' lang='lat' dir='ltr'><strong>qua:</strong></span> <span class='ocrx_word' id='word_1_883' title='bbox 3140 5468 3433 5526; x_wconf 88' lang='lat' dir='ltr'><strong>utilitatem</strong></span> <span class='ocrx_word' id='word_1_884' title='bbox 3461 5468 3708 5524; x_wconf 78' lang='lat' dir='ltr'><strong>cerrferuut</strong></span> 
     </span>
    </p>
   </div>
   <div class='ocr_carea' id='block_1_115' title="bbox 2146 5556 3706 5631">
    <p class='ocr_par' dir='ltr' id='par_1_115' title="bbox 2146 5556 3706 5631">
     <span class='ocr_line' id='line_1_115' title="bbox 2146 5556 3706 5631; baseline 0.002 -20"><span class='ocrx_word' id='word_1_885' title='bbox 2146 5556 2197 5631; x_wconf 89' lang='lat' dir='ltr'><strong>in</strong></span> <span class='ocrx_word' id='word_1_886' title='bbox 2230 5558 2521 5627; x_wconf 84' lang='lat' dir='ltr'><strong>purgandis</strong></span> <span class='ocrx_word' id='word_1_887' title='bbox 2553 5559 2788 5628; x_wconf 88' lang='lat' dir='ltr'><strong>peccatis</strong></span> <span class='ocrx_word' id='word_1_888' title='bbox 2809 5599 2824 5624; x_wconf 90' lang='lat'><strong>,</strong></span> <span class='ocrx_word' id='word_1_889' title='bbox 2875 5560 3027 5616; x_wconf 85' lang='lat' dir='ltr'><strong>inriti</strong></span> <span class='ocrx_word' id='word_1_890' title='bbox 3065 5569 3120 5615; x_wconf 88' lang='lat' dir='ltr'><strong>et</strong></span> <span class='ocrx_word' id='word_1_891' title='bbox 3166 5573 3570 5620; x_wconf 83' lang='lat' dir='ltr'><strong>murmurantes</strong></span> <span class='ocrx_word' id='word_1_892' title='bbox 3598 5562 3706 5616; x_wconf 84' lang='lat' dir='ltr'><strong>sub-</strong></span> 
     </span>
    </p>
   </div>
   <div class='ocr_carea' id='block_1_116' title="bbox 2138 5649 3702 5724">
    <p class='ocr_par' dir='ltr' id='par_1_116' title="bbox 2138 5649 3702 5724">
     <span class='ocr_line' id='line_1_116' title="bbox 2138 5649 3702 5724; baseline -0.001 -19"><span class='ocrx_word' id='word_1_893' title='bbox 2138 5649 2268 5722; x_wconf 86' lang='lat' dir='ltr'><strong>jecti</strong></span> <span class='ocrx_word' id='word_1_894' title='bbox 2299 5661 2425 5706; x_wconf 91' lang='lat' dir='ltr'><strong>sunt</strong></span> <span class='ocrx_word' id='word_1_895' title='bbox 2444 5692 2458 5716; x_wconf 92' lang='lat'><strong>,</strong></span> <span class='ocrx_word' id='word_1_896' title='bbox 2491 5652 2677 5707; x_wconf 83' lang='lat' dir='ltr'><strong>lideles</strong></span> <span class='ocrx_word' id='word_1_897' title='bbox 2704 5667 2834 5707; x_wconf 87' lang='lat' dir='ltr'><strong>vero</strong></span> <span class='ocrx_word' id='word_1_898' title='bbox 2858 5652 3029 5724; x_wconf 89' lang='lat' dir='ltr'><strong>culpis</strong></span> <span class='ocrx_word' id='word_1_899' title='bbox 3057 5653 3215 5708; x_wconf 74' lang='lat' dir='ltr'><strong>inviti</strong></span> <span class='ocrx_word' id='word_1_900' title='bbox 3239 5654 3473 5723; x_wconf 79' lang='lat' dir='ltr'><strong>subjecti</strong></span> <span class='ocrx_word' id='word_1_901' title='bbox 3507 5664 3641 5713; x_wconf 87' lang='lat' dir='ltr'><strong>sunt.</strong></span> <span class='ocrx_word' id='word_1_902' title='bbox 3663 5659 3702 5704; x_wconf 82' lang='lat' dir='ltr'><strong>ct</strong></span> 
     </span>
    </p>
   </div>
   <div class='ocr_carea' id='block_1_117' title="bbox 2145 5742 3698 5815">
    <p class='ocr_par' dir='ltr' id='par_1_117' title="bbox 2145 5742 3698 5815">
     <span class='ocr_line' id='line_1_117' title="bbox 2145 5742 3698 5815; baseline -0.002 -16"><span class='ocrx_word' id='word_1_903' title='bbox 2145 5745 2254 5811; x_wconf 89' lang='lat' dir='ltr'><strong>eis,</strong></span> <span class='ocrx_word' id='word_1_904' title='bbox 2287 5756 2546 5814; x_wconf 87' lang='lat' dir='ltr'><strong>quarrtrrrn</strong></span> <span class='ocrx_word' id='word_1_905' title='bbox 2578 5755 2838 5815; x_wconf 86' lang='lat' dir='ltr'><strong>possunt,</strong></span> <span class='ocrx_word' id='word_1_906' title='bbox 2873 5747 3154 5802; x_wconf 84' lang='lat' dir='ltr'><strong>resistunt.</strong></span> <span class='ocrx_word' id='word_1_907' title='bbox 3183 5745 3392 5803; x_wconf 62' lang='lat' dir='ltr'><strong>Poenas</strong></span> <span class='ocrx_word' id='word_1_908' title='bbox 3414 5764 3573 5811; x_wconf 74' lang='lat' dir='ltr'><strong>vero,</strong></span> <span class='ocrx_word' id='word_1_909' title='bbox 3607 5742 3698 5799; x_wconf 66' lang='lat' dir='ltr'><strong>etsi</strong></span> 
     </span>
    </p>
   </div>
   <div class='ocr_carea' id='block_1_118' title="bbox 2153 5835 3706 5907">
    <p class='ocr_par' dir='ltr' id='par_1_118' title="bbox 2153 5835 3706 5907">
     <span class='ocr_line' id='line_1_118' title="bbox 2153 5835 3706 5907; baseline 0.001 -17"><span class='ocrx_word' id='word_1_910' title='bbox 2153 5835 2401 5893; x_wconf 86' lang='lat' dir='ltr'><strong>voluntas</strong></span> <span class='ocrx_word' id='word_1_911' title='bbox 2432 5838 2616 5896; x_wconf 81' lang='lat' dir='ltr'><strong>carnis</strong></span> <span class='ocrx_word' id='word_1_912' title='bbox 2663 5852 2770 5892; x_wconf 83' lang='lat' dir='ltr'><strong>non</strong></span> <span class='ocrx_word' id='word_1_913' title='bbox 2801 5838 2947 5907; x_wconf 85' lang='lat' dir='ltr'><strong>vult,</strong></span> <span class='ocrx_word' id='word_1_914' title='bbox 2982 5847 3164 5895; x_wconf 80' lang='lat' dir='ltr'><strong>tamen</strong></span> <span class='ocrx_word' id='word_1_915' title='bbox 3215 5839 3473 5897; x_wconf 82' lang='lat' dir='ltr'><strong>voluntas</strong></span> <span class='ocrx_word' id='word_1_916' title='bbox 3515 5835 3706 5896; x_wconf 74' lang='lat' dir='ltr'><strong>rationis</strong></span> 
     </span>
    </p>
   </div>
  </div>
