3896 6320
244 331 380 392 8981

893 339 1198 402 ΗΟΜΙΙᾸᾹ)
1237 337 1306 400 ΙΝ
1336 340 1556 402 EPIST.
1593 343 1686 402 ET
1727 343 1815 402 EV

1921 345 2324 408 εε--υοιιικια
2360 373 2428 392 ιι·-
2458 347 2640 408 PARS
2674 353 2738 409 li.

3377 360 3528 437 eos;

239 464 461 530 propter
483 472 670 513 earum
693 461 1099 518 utilitatem-eas
1123 464 1356 519 sustinet
1381 465 1666 537 patienter.
1693 465 1825 534 Quis
1853 481 1896 531 Α
1930 483 2020 522 cor
2042 478 2264 550 vestrum
2283 509 2298 533 ,
2324 478 2370 522 et
2396 471 2653 539 gaudium
2689 479 2914 524 vestrum
2959 487 3109 526 nemo
3141 480 3283 526 tollet
3308 490 3341 526 a
3384 475 3524 549 vobis

240 550 500 618 magister
530 552 745 619 patiens
776 571 938 624 quam
966 555 1250 612 Christus?
1271 556 1500 622 Tamen,
1524 557 1679 628 juxta
1710 575 1832 612 car-

239 642 326 698 nis
359 644 688 700 voluntatem
714 663 898 704 senon
926 649 1062 705 velle
1087 651 1196 720 pati
1223 651 1480 712 ostendit,
1505 669 1624 706 eum
1655 652 1784 706 dicit
1809 670 1828 724 _:

236 730 277 788 Ι
291 748 422 802 ater,
447 740 491 792 si
513 741 759 806 possibile
779 753 880 806 est,
902 753 1135 799 transeat
1162 763 1192 798 α
1223 762 1302 799 me
1330 747 1471 801 calix
1494 747 1591 800 iste
1613 745 1689 814 (Μ
1697 747 1828 802 attlt.

238 845 396 896 xxiv;
424 830 596 886 Marc.
635 849 757 897 xxv;
789 834 922 890 Luc.
951 840 1115 902 χιιι).
1149 837 1242 894 Sic
1269 854 1421 908 ergo,
1458 838 1656 894 fratres
1687 840 1828 908 mei,

229 919 291 976 in
343 923 444 978 bac
493 925 602 978 vita
645 926 778 997 justi
831 927 1060 997 subjecti
1113 940 1243 986 sunt
1289 932 1558 999 vanitati,
1605 931 1830 987 vanitati

235 1014 706 1082 persecutionum,
737 1017 1158 1087 indigentiarmn
1182 1062 1198 1086 ,
1221 1023 1714 1092 perturbatiomtm,
1738 1023 1833 1077 de-

223 1109 477 1186 :fecttltttll
499 1153 512 1178 ,
543 1124 975 1187 cteterarumque
1009 1133 1318 1188 poenarum.
1352 1118 1456 1173 Sed
1501 1120 1614 1172 iure
1644 1119 1827 1172 omnia

227 1204 503 1271 patienter
554 1205 733 1261 ferunt
795 1218 1016 1279 pr0pter
1066 1211 1276 1275 Deum,
1331 1211 1422 1280 qui
1469 1211 1685 1282 subjicit
1735 1227 1828 1278 eos

230 1294 538 1366 linjusmodi
572 1300 904 1358 vanitatibus
933 1304 985 1356 in
1015 1320 1108 1374 spe
1135 1304 1510 1359 retributionis
1537 1315 1590 1361 et
1636 1305 1830 1361 libera-

215 1391 414 1466 _ttonis.
445 1390 508 1446 Et
529 1392 800 1449 diabolum
825 1397 1025 1466 quippe
1067 1408 1290 1467 propter
1339 1399 1649 1468 superbiam
1673 1414 1826 1454 suam

230 1482 459 1550 Subjccit
502 1483 765 1550 Dominus
793 1488 1018 1542 vanitati
1047 1489 1364 1558 culparum,
1401 1488 1741 1542 miseriarum
1777 1498 1830 1544 et

221 1573 734 1648 perturbationum,
785 1578 879 1632 sed
909 1593 1018 1632 non
1062 1579 1115 1632 in
1161 1594 1278 1648 spe.
1318 1577 1532 1646 Quare?
1563 1578 1827 1646 Quoniam

229 1665 480 1722 diabolus
511 1685 636 1724 cum
667 1670 972 1742 spiritualis
1018 1683 1074 1726 et
1117 1671 1362 1728 fortioris
1396 1683 1606 1728 naturae
1651 1683 1825 1736 esset,

227 1768 286 1814 et
317 1774 438 1813 cum
468 1776 565 1830 per
589 1762 827 1832 seipsum
853 1774 1158 1834 peccasset,
1186 1779 1334 1834 spem
1359 1764 1698 1819 liberationis
1721 1779 1826 1818 non

1928 557 2116 638 .(loan.
2159 560 2292 630 xvi).
2344 560 2684 631 lngemiscit,
2735 564 2940 634 inquit,
2988 574 3040 620 et
3084 567 3319 638 parturit
3365 585 3527 641 usque

1933 651 2139 716 adhuc,
2175 653 2225 707 id
2258 663 2341 708 est
2387 670 2417 709 a
2473 655 2739 728 principio
2786 659 2970 712 mundi
3025 675 3196 730 usque
3245 639 3526 725 nuneros

1935 760 2105 813 usque
2137 748 2187 800 in
2221 749 2378 802 linem
2401 790 2417 816 ,
2451 749 2519 805 ab
2564 751 2696 805 Abel
2726 766 2895 820 usque
2922 752 2987 806 ad
3019 754 3268 809 ultimum
3292 755 3520 824 justum.

1934 833 2001 889 Et
2036 853 2137 892 non
2161 839 2332 894 solum
2353 882 2368 908 ,
2401 841 2613 910 inquit,
2646 841 2774 908 illa,
2800 843 2893 896 sed
2926 845 3084 897 etiam
3127 863 3220 900 nos
3262 847 3390 916 ipsi,
3416 848 3515 918 priv

1932 928 2108 982 mitias
2148 931 2366 1000 spiritus
2397 932 2678 997 habentes,
2711 944 2758 988 et
2799 935 2898 1004 ipsi
2933 935 3073 988 intra
3113 951 3204 1000 nos
3231 937 3525 1007 ingemisciv

1934 1039 2048 1076 mus
2073 1063 2088 1087 ,
2135 1035 2492 1093 exspectantes
2521 1029 2856 1098 adoptionem
2896 1030 3083 1099 gloria:
3112 1030 3346 1099 ﬁliorum
3391 1033 3522 1099 Dei,

1935 1113 2337 1183 redemptionem
2382 1119 2617 1188 corporis
2660 1121 2848 1174 nostri.
2897 1119 3062 1188 Quasi
3110 1121 3289 1187 dicat,
3335 1133 3389 1178 et
3419 1139 3523 1178 non

1934 1200 2107 1256 solum
2146 1206 2327 1259 caeteri
2381 1206 2568 1263 fideles
2602 1209 2841 1265 minores
2887 1211 3033 1266 inter
3074 1211 3323 1268 miserias
3370 1212 3527 1281 hujus

1933 1294 2117 1348 mundi
2151 1307 2394 1366 gemunt,
2419 1301 2510 1354 sed
2539 1301 2704 1355 etiam
2733 1318 2832 1358 nos
2861 1303 2959 1374 ipsi
2984 1305 3233 1375 apostoli,
3257 1306 3347 1375 qui
3377 1306 3528 1376 prius

1935 1394 1990 1438 et
2051 1387 2412 1445 abundantius
2456 1392 2684 1448 virtutes
2734 1397 3045 1468 accepimus
3088 1399 3434 1468 Spirituales,
3471 1409 3527 1454 et

1921 1475 2034 1552 ipsi
2059 1481 2308 1546 quamvis
2336 1485 2697 1552 consolemur,
2727 1497 2905 1542 tamen
2932 1489 3070 1544 intra
3099 1506 3196 1544 nos
3225 1491 3528 1558 ingemisci-

1919 1583 2084 1644 _mus,
2116 1570 2529 1628 considerantes
2568 1577 2815 1632 miserias
2861 1579 2912 1632 in
2959 1581 3155 1650 quibus
3188 1596 3332 1634 nunc
3361 1582 3526 1650 positi

1932 1674 2153 1728 sumus,
2194 1672 2249 1716 ct
2287 1665 2628 1735 adoptionem
2679 1668 2864 1738 gloria:
2910 1671 3142 1726 filiorum
3177 1673 3310 1738 Dei,
3358 1688 3526 1742 quam

1933 1763 2334 1823 exspectamus.
2385 1756 2550 1810 Addit
2601 1760 2764 1812 etiam
2814 1762 3236 1832 redemptionem
3283 1764 3528 1834 corporis

227 1853 451 1905 ωοιηιιίι,
494 1851 668 1907 nomo
693 1870 823 1909 γριο
853 1845 1084 1911 tog-mum
1107 1865 1160 1910 οι
1186 1855 1478 1928 fragilioris
1511 1865 1750 1921 ιιαιιιιρω,
1773 1864 1829 1911 ει
1863 1846 1904 1901 Β
1932 1845 2126 1911 nostri,
2153 1847 2447 1901 ostendens
2471 1849 2726 1916 quoniam
2756 1867 2860 1904 non
2885 1853 3014 1908 sola:
3037 1855 3231 1909 animm
3254 1854 3528 1926 glorifica-

223 1957 326 2010 per
364 1955 741 2016 suggestorem
792 1947 1079 2017 deceptus,
1111 1963 1261 2017 spem
1299 1949 1496 2002 meruit
1537 1947 1822 2008 liberandi.

209 2036 368 2092 .Hinc
399 2048 549 2110 patet
574 2041 828 2118 quoniam
859 2041 1079 2110 quando
1129 2052 1360 2118 peccant
1389 2039 1556 2111 aliqui
1586 2040 1826 2096 fortioris

217 2137 464 2196 naturze,
495 2141 550 2186 et
577 2113 671 2201 per
705 2146 764 2186 se
795 2132 966 2202 magis
1010 2115 1270 2201 peccant,
1301 2140 1356 2186 et
1381 2133 1562 2188 minus
1589 2148 1824 2188 excusa-

219 2221 363 2277 biles
389 2231 539 2277 snnt.
575 2221 684 2278 Nos
715 2238 846 2294 ergo
871 2262 886 2288 ,
918 2221 1150 2288 fratres,
1185 2221 1584 2292 subjectionem
1634 2224 1824 2294 culpa-

215 2329 346 2390 rum
379 2324 429 2368 et
463 2315 717 2370 vitiorum
758 2315 1063 2388 fugiamus,
1107 2315 1501 2386 subjectionem
1535 2314 1824 2371 infirmita-

207 2405 372 2472 _tum,
441 2405 898 2478 iudigentiarum,
947 2416 1114 2477 atque
1174 2407 1610 2477 persecutionum
1679 2406 1822 2462 fera-

205 2514 345 2564 ,inus
374 2499 643 2570 patienter
672 2509 896 2572 propter
925 2500 1132 2578 Deum,
1165 2503 1254 2570 qui
1287 2517 1388 2556 nos
1415 2501 1470 2557 in
1510 2499 1821 2571 ltujusmodi

211 2590 449 2662 subjecit
490 2590 541 2644 in
579 2606 713 2660 spe;
749 2607 870 2662 quae
905 2592 1121 2662 quidem
1170 2607 1293 2662 spes
1341 2607 1449 2646 non
1494 2589 1818 2648 confundet.

214 2661 378 2738 ilude
403 2689 456 2736 et
483 2684 732 2754 sequitur
753 2661 779 2738 :7
800 2661 938 2748 Quia
968 2693 1014 2739 et
1039 2684 1152 2754 ipsa
1178 2661 1423 2738 creatura
1451 2683 1767 2758 liberabitur
1787 2701 1822 2738 a

212 2757 462 2850 servitute
495 2776 878 2844 corruptionis,
922 2777 980 2830 in
1008 2776 1302 2834 libertatem
1349 2777 1535 2848 gloriw
1573 2776 1820 2848 ﬁliorum

213 2863 349 2930 Dei,
380 2866 626 2935 quando,
658 2876 716 2920 ut
751 2867 867 2943 ipse
915 2867 1083 2932 alibi,
1137 2867 1300 2934 dicit,
1332 2868 1437 2923 hoc
1468 2867 1822 2939 corruptibile

211 2947 405 3010 induet
435 2956 892 3038 incorruptionem
925 2957 974 3028 (Ι
1005 2957 1128 3015 Cor.
1161 2961 1272 3038 xv).
1304 2959 1423 3016 Non
1453 2961 1527 3018 ait
1549 2960 1812 3030 qumlibct

199 3035 502 3118 creatura,
539 3035 632 3108 sed
671 3051 783 3122 ipsa
809 3062 1080 3115 creatura,
1112 3035 1234 3124 quae
1265 3069 1296 3107 a
1322 3055 1561 3109 vanitate
1583 3092 1601 3121 ,
1645 3069 1822 3124 quart-

211 3150 332 3197 tum
376 3152 587 3214 potest,
631 3159 691 3200 se
711 3219 714 3222 λ
736 3146 977 3224 excutit,
1019 3153 1072 3201 et
1103 3133 1217 3201 tota
1240 3161 1342 3217 spe
1369 3154 1424 3202 et
1451 3146 1721 3224 desiderio
1752 3145 1821 3206 ad

1931 1937 2133 1992 buntur
2163 1939 2216 1994 in
2247 1941 2350 1995 alia
2400 1942 2542 2008 vita,
2588 1951 2647 1995 ut
2700 1943 2922 2016 quidam
2972 1947 3211 2002 luet-elici
3261 1949 3524 2017 suspicati

1930 2038 2084 2095 sunt,
2114 2030 2208 2086 sed
2236 2032 2400 2086 etiam
2426 2033 2542 2103 ipsa
2567 2049 2797 2104 corpora
2833 2045 3016 2091 nostra
3044 2038 3114 2092 ab
3159 2037 3304 2092 omni
3335 2054 3529 2094 corra-

1928 2123 2114 2192 ptione
2142 2134 2197 2180 et
2233 2127 2590 2193 redimentur,
2624 2137 2677 2181 et
2705 2138 2911 2184 aeterna
2959 2129 3134 2202 gloria
3187 2131 3526 2186 dilabuntur.

1930 2213 2100 2270 Porro
2135 2231 2201 2270 ex
2235 2217 2479 2284 duobus,
2513 2233 2636 2287 quae
2668 2219 2756 2274 hic
2779 2229 3076 2287 ponuntur,
3108 2222 3159 2276 id
3187 2231 3270 2277 est
3304 2239 3369 2278 ex
3393 2237 3530 2278 cou-

1927 2307 2258 2362 sideratione
2288 2310 2570 2378 praesentis
2599 2311 2854 2382 miseria),
2888 2319 2943 2366 et
2965 2311 3149 2382 gloriae
3181 2311 3400 2377 futurze,
3429 2328 3529 2368 na-

1928 2400 2102 2454 scitur
2128 2401 2480 2469 compunctio
2533 2402 2587 2457 in
2620 2395 2780 2460 nobis
2803 2441 2820 2472 ,
2854 2419 2973 2475 quae
3019 2413 3106 2460 est
3152 2420 3218 2459 ex
3256 2406 3527 2463 desiderio

1909 2492 2114 2562 patria)
2165 2492 2425 2550 caelestis.
2464 2493 2541 2550 Ex
2589 2495 2712 2550 aliis
2765 2511 2894 2572 vero
2928 2496 3186 2572 duobus,
3237 2497 3289 2552 id
3335 2485 3528 2564 esties

1927 2584 2366 2664 consideratione
2389 2595 2707 2668 nostrorum
2744 2598 3092 2662 peccatorum
3118 2628 3136 2654 ,
3166 2597 3221 2644 et
3256 2604 3321 2644 ex
3351 2591 3528 2668 consi-

1915 2671 2206 2734 deratione
2220 2663 2550 2758 aeternorum
2569 2681 2980 2764 suppliciorum,
2999 2699 3119 2754 quae
3138 2683 3219 2739 eis
3237 2663 3526 2752 debentur,

1903 2771 2172 2850 “nascitur
2200 2772 2252 2826 in
2275 2761 2435 2830 nobis
2465 2775 2810 2844 compunctio
2855 2761 3208 2845 poenitentiae.
3255 2774 3368 2849 Nos
3396 2791 3527 2848 ergo

1925 2875 2270 2936 peccatores,
2321 2851 2711 2937 turpitudinem
2757 2877 3101 2936 nostrorum,
3154 2880 3208 2924 et
3257 2870 3526 2924 amaritu-

1907 2939 2106 3013 ldinem
2142 2957 2282 3028 ignis
2303 2959 2492 3013 aeterni
2519 2958 2598 3015 eis
2625 2959 2886 3036 debitam,
2910 2970 3037 3016 ante
3063 2960 3249 3034 oculos
3274 2971 3520 3036 nostros:

1925 3064 2139 3119 semper
2192 3049 2526 3118 habeamus,
2594 3060 2655 3106 ut
2694 3053 2798 3128 ita
2867 3068 3082 3130 semper
3127 3037 3524 3124 pmuiteamus,

1927 3157 2141 3214 seraper
2171 3142 2238 3196 de
2273 3145 2514 3221 peccatis
2560 3145 2764 3224 nostris
2791 3159 3074 3224 gemamus
3122 3156 3177 3204 et
3223 3148 3522 3222 ploremus.

205 3235 385 3292 Deum
413 3239 611 3304 tend-it;
660 3219 725 3316 ea
758 3240 870 3296 sola
909 3219 1228 3308 liberabitur
1253 3256 1282 3295 a
1321 3241 1586 3320 servitute
1629 3205 1894 3296 curru-CC
1931 3234 2230 3317 Pense'mus
2261 3236 2426 3292 etiam
2465 3237 2638 3320 simul
2668 3219 2943 3320 miseriam
2993 3235 3081 3320 ubi
3123 3255 3274 3320 nunc
3303 3256 3525 3316 sumus,

208 3328 442 3404 ptionis,
481 3345 643 3400 quam
673 3331 924 3404 superius
949 3332 1166 3402 vocavit
1213 3331 1511 3390 vanitatem
1537 3372 1552 3398 ,
1580 3339 1635 3386 et
1669 3330 1807 3392 reci-

199 3409 397 3492 ,pietur
427 3403 483 3478 in
523 3420 833 3478 libertatem
878 3403 1140 3486 filiorum.
1174 3422 1326 3479 Tunc
1364 3423 1571 3494 quippe
1617 3409 1818 3476 libera-

195 3495 364 3570 ibitur
390 3530 422 3570 a
449 3517 712 3573 servitute
745 3516 935 3587 culpae,
967 3533 997 3573 a
1023 3513 1290 3574 servitute
1319 3534 1492 3590 poenae
1513 3558 1528 3584 ,
1563 3517 1805 3590 patiendi

221 3607 407 3664 cilicet
440 3619 494 3667 et
529 3593 822 3675 moriendi,
872 3625 904 3664 a
951 3611 1211 3668 servitute
1242 3611 1588 3669 necessitatis
1629 3626 1816 3667 come-

195 3683 403 3777 dendi,
438 3702 648 3758 scilicet
671 3693 938 3766 vestiendi
992 3713 1159 3776 atque
1189 3705 1516 3770 dormiendi,
1548 3715 1600 3759 et
1624 3704 1814 3778 hujus-

197 3797 384 3854 modi.
422 3779 574 3868 tunc
599 3798 788 3864 enim,
825 3782 894 3856 .ut
937 3797 1017 3852 ait
1063 3779 1333 3864 joannes,
1367 3796 1625 3868 absterget
1673 3795 1815 3851 Deus

197 3903 416 3960 gmnem
445 3889 732 3961 lacrymam
782 3875 846 3952 ab
875 3888 1042 3944 oculis
1067 3897 1394 3964 sanctorum,
1425 3899 1474 3943 et
1521 3905 1663 3944 mors
1701 3875 1806 3942 non

205 3982 312 4034 erit
341 3981 596 4051 amplius,
629 3998 790 4052 neque
817 3981 990 4037 luctus
1013 4022 1028 4046 ,
1059 3997 1232 4050 neque
1263 3980 1486 4043 clamor,
1527 3997 1692 4053 neque
1727 3979 1813 4034 ul-

193 4056 292 4149 :lus
321 4071 509 4136 dolor;
543 4073 792 4141 quoniam
819 4073 1000 4143 priora
1030 4071 1380 4126 transierunt.
1424 4059 1550 4127 Non
1577 4076 1808 4127 esurieut

195 4181 373 4232 neque
409 4165 585 4219 sitient
627 4165 892 4235 amplius,
923 4173 973 4220 et
1012 4181 1117 4218 non
1161 4166 1311 4220 cadet
1361 4181 1519 4238 super
1549 4166 1670 4223 illos
1695 4168 1792 4222 sal-

197 4243 374 4330 }seque
402 4258 542 4332 ullus
574 4267 734 4316 a’stus
772 4259 958 4342 (Apoc.
986 4259 1125 4332 sint).

195 4413 210 4425 _
284 4326 546 4420 Sequitur
569 4365 696 4419 pars
726 4326 884 4404 tertia
908 4388 922 4411 .
953 4326 1005 4404 in
1039 4326 1144 4420 qua
1176 4349 1482 4406 ostenditur
1510 4363 1702 4408 omnes
1729 4349 1810 4405 in-
1902 4326 1914 4336 ³

203 4447 294 4494 ter
361 4440 614 4501 miserias
675 4438 836 4509 hujus
888 4441 1013 4496 vitae
1057 4457 1305 4512 gemere,
1357 4450 1411 4496 et
1461 4443 1623 4496 etiam
1663 4442 1809 4512 ipsos

1927 3315 1982 3384 et
2009 3337 2268 3406 aeternam
2301 3315 2616 3400 caelestium
2640 3315 2959 3400 gaudiorum
2991 3313 3406 3392 beatitudinem.
3457 3313 3527 3406 Ut

1903 3419 2001 3490 ita
2030 3429 2085 3474 et
2110 3403 2379 3504 desiderio
2407 3409 2552 3478 illius
2583 3409 3034 3494 ingemiscamus,
3063 3423 3340 3495 ploremus
3369 3421 3422 3482 et
3452 3405 3524 3501 ad

1903 3509 2070 3567 illam
2107 3520 2218 3568 toto
2254 3511 2526 3570 desiderio
2579 3513 2918 3568 festinemus.
2969 3512 3123 3570 Nunc
3167 3514 3222 3570 in
3266 3514 3524 3590 lacrymis

1925 3605 2256 3660 seminemus
2281 3645 2295 3672 ,
2327 3591 2472 3676 'quod
2503 3613 2626 3680 post
2655 3621 2778 3680 cum
2799 3593 3176 3684 exsultatione
3221 3619 3520 3682 metamus,

1921 3704 1979 3750 ut
2009 3695 2086 3752 eis
2117 3683 2427 3760 mereamur
2462 3683 2840 3778 adnumerari,
2868 3699 2940 3755 de
2961 3683 3157 3778 quibus
3192 3703 3270 3778 ait
3291 3685 3524 3778 Psalmi-

1919 3796 2045 3843 sta:
2079 3783 2277 3844 Euntes
2313 3790 2472 3855 ,ibant
2509 3801 2555 3845 et
2599 3775 2826 3862 ﬂebant,
2871 3775 3139 3870 mittentes
3167 3775 3370 3866 semina
3398 3809 3514 3874 "la:

1929 3875 2205 3937 Venientes
2247 3871 2422 3954 autem
2455 3873 2655 3956 venient
2705 3904 2822 3942 cum
2873 3888 3223 3944 exsultatione
3251 3871 3519 3962 portantes

1907 3969 2213 4045 manipulos
2237 3995 2358 4032 suos
2383 3969 2556 4050 (Psal.
2581 3980 2766 4058 cur),
2789 3980 3059 4058 largiente
3081 3981 3307 4038 Domino
3331 3990 3521 4036 nostro

1918 4065 2046 4125 Jesu
2075 4063 2324 4133 Christo,
2353 4071 2443 4141 qui
2473 4087 2595 4125 cum
2627 4057 2788 4129 Patre
2814 4082 2868 4136 et
2914 4057 3120 4152 Spiritu
3154 4081 3342 4154 sancto
3371 4057 3506 4150 vivii

1909 4149 1974 4220 et
2000 4172 2188 4235 regnat
2214 4163 2375 4228 Deus,
2395 4179 2489 4234 per
2506 4166 2685 4220 omnia
2706 4167 2904 4242 saecula
2931 4149 3278 4242 seculorum.
3303 4149 3502 4222 Amen.

2509 4239 2926 4332 IIOMILIAXI.
3037 4239 3098 4248 ”’
3227 4248 3229 4250 ’

2167 4363 2423 4406 DOIINICA
2463 4365 2678 4414 QUARTA
2720 4365 2849 4406 POST
2895 4366 3256 4406 TRINITATEI.

1987 4427 2138 4498 Dixit
2169 4441 2326 4496 Jesus
2361 4442 2636 4512 discipulis
2687 4444 2841 4498 suis:
2886 4441 3068 4522 listote
3114 4443 3514 4521 misericordes,

191 4534 333 4616 gnum
358 4519 654 4608 subditur:
679 4533 888 4603 Scimus
912 4535 1048 4588 enim
1080 4535 1220 4605 quod
1261 4532 1431 4589 omnis
1459 4522 1700 4590 creatura
1726 4535 1810 4590 in-
1841 4563 1886 4622 Β
1911 4521 2055 4588 sicut
2081 4543 2127 4587 et
2153 4531 2316 4587 Pater
2347 4546 2513 4614 vester
2540 4536 2758 4613 caelestis
2789 4515 3090 4614 misericors
3117 4515 3201 4588 est
3222 4534 3384 4603 (Luc.
3415 4515 3512 4614 vi}.

195 4624 439 4700 gemiscit
499 4635 546 4678 et
600 4625 829 4694 parturit
879 4641 1043 4695 usque
1105 4627 1296 4680 adhuc.
1350 4625 1548 4706 Omnis
1588 4627 1807 4697 quidem

195 4717 371 4794 pomo
395 4757 410 4782 ,
461 4718 694 4790 fratres,
732 4726 842 4771 tam
888 4713 1062 4774 bonus
1105 4733 1266 4789 quam
1304 4717 1504 4782 malus,
1544 4718 1683 4772 inter
1715 4718 1810 4774 tri-

195 4810 515 4890 ,bulationes
551 4820 609 4874 et
635 4810 887 4890 miserias
915 4811 1074 4882 hujus
1116 4811 1336 4877 mundi,
1369 4810 1495 4890 velit
1525 4811 1694 4875 nolit,
1728 4811 1810 4866 in-

189 4881 493 4974 ‘gemiscit,
523 4893 618 4962 sed
651 4885 800 4960 solus
846 4881 1021 4960 bonus
1053 4903 1306 4974 parturit.
1359 4885 1633 4958 Parturire
1661 4904 1807 4964 enim

203 5006 290 5068 est
319 5012 414 5067 pro
443 4998 702 5068 pariendo
734 4983 917 5051 fructu
948 4997 1221 5052 laborare.
1251 4996 1423 5052 Malus
1461 5011 1592 5070 ergo
1623 4997 1676 5070 in
1706 4997 1808 5052 bac

197 5087 318 5164 ,vita
349 5087 668 5166 gemitnsed
702 5102 809 5144 non
835 5087 1110 5166 parturit,
1132 5077 1392 5156 quoniam
1425 5069 1661 5155 gemitus
1688 5087 1806 5166 ejus

197 5159 261 5242 iet
287 5161 442 5232 labor
467 5162 612 5248 (quia
659 5169 758 5252 pro
811 5161 1205 5248 temporalibus
1244 5177 1350 5252 est)
1385 5178 1621 5234 fructum
1649 5161 1808 5254 agtur-

205 5286 338 5335 num
370 5285 476 5324 non
507 5270 747 5326 habebit.
782 5255 965 5326 Bonus
1007 5287 1134 5326 vero
1163 5272 1253 5326 hic
1283 5281 1336 5327 ct
1365 5274 1530 5344 gemit
1580 5284 1633 5328 et
1683 5288 1802 5343 par-

193 5360 367 5440 ‘lnrit,
402 5361 526 5431 quia
563 5361 798 5432 gemitus
843 5372 898 5418 et
928 5361 1084 5418 labor
1111 5362 1229 5430 ejus
1281 5363 1651 5420 infructuosus
1697 5380 1804 5421 non

193 5445 321 5534 ,est,
351 5454 445 5508 sed
481 5454 658 5524 potius
706 5454 947 5516 fructum
987 5455 1308 5510 arternitatis
1338 5457 1623 5512 obtinebit.
1653 5457 1804 5536 Quod

195 5527 466 5618 Dominus
525 5548 577 5604 in
623 5546 918 5618 Evangelio
966 5562 1060 5620 per
1105 5548 1512 5603 similitudinem
1563 5531 1806 5605 ostemlit

203 5636 398 5712 dicens
429 5656 441 5691 :
477 5638 674 5694 Mulier
695 5658 812 5695 cum
846 5641 982 5713 parit
1029 5641 1301 5694 tristitiam
1345 5642 1517 5695 liabet.
1551 5641 1681 5696 Cum
1709 5659 1805 5696 au-

193 5739 307 5802 tumi
332 5733 521 5787 uenerit
541 5751 795 5810 puerum,
823 5735 938 5803 jam
965 5751 1067 5788 non
1101 5735 1332 5788 meminit
1360 5750 1640 5803 pressurw,
1677 5736 1804 5807 quia

190 5832 364 5898 gratus
395 5837 468 5878 est
485 5826 646 5900 .ltonto
673 5829 726 5882 in
767 5829 1043 5883 mundum,
1093 5827 1154 5880 Ιιί
1199 5845 1284 5881 ros
1306 5828 1515 5898 quidem
1539 5828 1678 5883 hunc
1705 5830 1802 5883 tri-

189 5913 402 5994 έέίὸξιιίη
437 5917 658 5988 habetis,
695 5919 896 5978 Iterum
925 5932 1095 5978 autem
1144 5901 1324 5978 rit/cbo
1356 5937 1441 5979 ros
1472 5929 1524 5979 et
1549 5921 1795 5998 gaudebit

1905 4623 1970 4696 .ln
2007 4625 2109 4680 bac
2134 4624 2310 4680 sancti
2344 4607 2618 4694 Evangelii
2649 4605 2881 4680 lectiune
2901 4665 2916 4689 ,
2935 4605 3145 4680 fratres
3173 4605 3512 4698 cliarissimi,

1915 4717 2151 4776 intendit
2183 4707 2442 4772 Dominus
2469 4731 2568 4770 nos
2597 4716 2900 4793 instruere,
2943 4727 3001 4771 ut
3029 4727 3290 4793 quantum
3319 4733 3514 4790 possu-

1911 4821 2033 4860 mus
2085 4816 2144 4860 et
2189 4798 2420 4871 scimus,
2468 4820 2687 4876 semper
2734 4786 3170 4884 misericordiam
3220 4791 3508 4884 faciamus.

1912 4895 2096 4955 Primo
2124 4899 2293 4971 igitur
2317 4908 2498 4953 mouet
2525 4913 2644 4964 nos,
2676 4907 2736 4954 ut
2762 4883 3013 4970 ex‘etnplo
3037 4883 3283 4955 caelestis
3307 4899 3505 4968 Patris,

1911 4991 2295 5048 misericordes
2326 4988 2520 5045 simus.
2569 4979 2822 5047 Secundo
2871 4991 3211 5046 detnonstrat
3244 5000 3511 5060 quantum

1912 5083 2283 5140 misericordia
2315 5093 2712 5152 promereatur.
2756 5066 2944 5140 Tertio
2988 5085 3227 5139 ostendit
3261 5085 3512 5156 ignoran-

1898 5185 2020 5236 tem
2041 5175 2123 5231 vel
2143 5175 2395 5230 vitiosum
2416 5191 2522 5231 non
2543 5177 2739 5230 debere
2762 5177 3133 5247 magisterium
3155 5189 3506 5251 praesumere.

1909 5269 2092 5324 Primo
2131 5269 2293 5338 igitur
2322 5269 2620 5326 exhortans
2665 5285 2764 5325 nos
2809 5270 2876 5324 ad
2925 5269 3353 5328 misericordiam
3383 5267 3508 5323 ait:

1910 5365 2089 5420 Estote
2113 5366 2641 5432 misericordes,sicut
2665 5379 2710 5420 et
2737 5363 2902 5422 Pater
2915 5376 3079 5421 vester
3095 5365 3317 5421 caelestis
3348 5357 3509 5418 mise-

1907 5457 2073 5510 ricors
2108 5467 2183 5510 est
2207 5473 2224 5520 ;
2252 5457 2378 5512 alibi
2408 5473 2620 5526 quoque
2656 5458 2730 5512 ait
2757 5475 2770 5512 :
2797 5444 2983 5516 Sancti
3009 5467 3225 5531 estote,
3253 5457 3506 5530 quoniam

1907 5564 2000 5618 ego
2027 5557 2240 5602 sanctus
2273 5565 2390 5604 sum
2421 5545 2611 5619 (Lerit.
2642 5551 2778 5622 XIX).
2817 5551 2909 5606 Ex.
2944 5550 3144 5619 quibus
3173 5548 3353 5620 verbis
3389 5562 3507 5621 pro-

1905 5639 2050 5696 fecto
2073 5639 2478 5697 demonstratur
2500 5644 2625 5713 quia
2653 5643 2912 5699 Dominus
2936 5643 3049 5697 vult
3075 5659 3172 5699 nos
3198 5627 3505 5706 imitatorch

1905 5737 1986 5793 sui
2020 5753 2174 5806 esse,
2213 5739 2326 5794 vult
2369 5756 2467 5796 nos
2497 5741 2829 5814 patrissare;
2862 5740 3104 5813 alioquin
3146 5756 3252 5794 non
3287 5743 3500 5808 reputat

1905 5848 2010 5886 nos
2041 5831 2184 5886 inter
2236 5831 2374 5887 ﬁlios
2423 5849 2582 5895 suos,
2633 5837 2726 5890 sed
2779 5834 2922 5888 inter
2981 5833 3239 5902 reprobos
3290 5843 3501 5914 scrros.

1907 5922 1998 5982 Sic
2030 5923 2202 5996 facit,
2241 5923 2442 5984 fratres
2473 5926 2606 5994 mei,
2632 5937 2688 5982 ut
2713 5925 2905 6000 fertur,
2936 5924 3116 5998 aquila
3138 5962 3154 5994 ,
3182 5938 3302 5997 qua;
3325 5919 3502 5998 pullos
