3896 6320
382 343 526 405 ἥθϐδ

1390 318 1741 396 ADDENDA.
1782 316 2241 390 gemment
2285 312 2626 392 Aaosu'ns
2702 310 2733 315 ”
2820 312 2825 315 λ

3528 326 3641 393 1981

381 474 511 515 suos
547 456 769 529 opponit
820 453 989 511 radiis
1026 452 1188 522 solis,
1222 459 1276 508 et
1319 453 1520 525 pullum
1574 454 1822 525 quidem,
1873 452 1966 523 qui
1996 456 2043 514 Α
2069 460 2185 516 set,
2211 450 2301 537 qui
2328 460 2511 521 postea
2542 448 2705 504 tantis
2731 447 2944 503 meritis
2967 446 3113 517 apud
3155 443 3328 503 Deum
3352 432 3653 508 eﬂ'ulserunt.

381 565 531 609 more
578 550 748 621 patris
799 548 1009 604 radium
1061 548 1190 605 solis
1233 550 1457 603 inunoto
1513 548 1717 602 lumine
1762 546 1969 614 cernit,

378 650 642 712 tanquam
672 641 954 711 proprium
1006 640 1200 712 diligit.
1232 640 1385 695 Illum
1423 655 1553 694 vero
1603 639 1694 709 qui
1729 638 1830 693 hoc
1866 653 1973 692 non

380 730 545 798 facit,
604 735 872 803 tauquam
911 734 1233 803 degenerem
1280 730 1484 800 abjicit.
1542 732 1633 787 Sic
1679 741 1733 788 et
1781 746 1977 787 corvus

381 824 556 897 pullos
592 839 721 879 suos
751 834 1038 893 antequam
1089 826 1271 879 videat
1322 839 1417 879 eos
1469 824 1815 894 nigrescere,
1861 832 1974 877 tan-

383 930 547 985 quam
598 915 681 969 sui
735 914 1025 969 dissimiles
1062 915 1291 985 spernit.
1359 913 1649 983 Postquam
1695 928 1789 970 eos
1834 912 1979 968 videt

384 1008 601 1077 nigros,
656 1016 911 1077 tanquam
958 1005 1060 1060 sibi
1110 1005 1317 1060 similes
1364 1005 1555 1075 diligit.
1613 1003 1786 1059 llomo
1815 1004 1977 1059 etiam

382 1098 593 1165 filium,
624 1115 783 1170 quem
813 1100 957 1153 videt
1004 1098 1107 1153 sibi
1140 1098 1365 1167 obsequi
1396 1106 1450 1152 et
1479 1096 1735 1162 obedire,
1778 1096 1978 1165 diligit,

386 1191 551 1246 lilium
577 1210 704 1247 vero
731 1191 1126 1247 inobedieutem
1149 1191 1286 1245 odit.
1311 1189 1418 1244 Nos
1444 1204 1595 1260 ergo,
1622 1188 1818 1243 fratres
1850 1189 1978 1251 mei,

386 1297 446 1340 ut
478 1287 569 1341 lilii
625 1286 717 1340 Dei
765 1302 886 1341 esse
937 1300 1261 1349 mereamur,
1294 1301 1415 1339 eum
1458 1283 1758 1350 imitemur,
1803 1282 1850 1337 ei
1886 1296 1983 1336 nos

385 1378 812 1433 conforincmus.
843 1377 1027 1433 Simus
1053 1394 1152 1449 pro
1190 1377 1407 1433 modulo
1438 1387 1626 1432 nostro
1662 1377 1835 1431 sancti
1857 1417 1871 1440 ,
1905 1375 1982 1430 si-

384 1479 476 1525 cut
503 1470 617 1540 ipse
667 1480 892 1526 sanctus
938 1479 1041 1527 est.
1079 1470 1263 1526 Simus
1305 1470 1436 1539 justi
1484 1470 1625 1524 sicut
1671 1470 1782 1540 ipse
1807 1469 1985 1539 justus

385 1574 487 1615 est.
523 1562 705 1618 Simus
738 1564 1118 1619 misericordes
1142 1606 1156 1631 ,
1207 1564 1347 1618 sicut
1394 1563 1507 1633 ipse
1538 1562 1849 1616 misericors
1876 1569 1980 1615 est.

386 1655 503 1726 Ipse
543 1665 722 1711 autem
772 1659 1037 1726 tantisper
1086 1657 1398 1711 misericors
1440 1665 1561 1719 est,
1608 1654 1751 1725 quod
1782 1653 1984 1707 nullam

386 1758 696 1803 creaturam
729 1749 1117 1806 misericordia:
1146 1764 1259 1804 sua:
1309 1747 1527 1817 reliquit
1550 1754 1852 1817 espertem.
1888 1744 1988 1798 Dat

2077 543 2243 613 Hujus
2268 543 2659 599 misericordim
2681 543 2970 615 praemium
2996 541 3181 613 ponit,
3216 558 3344 598 cum
3370 542 3580 597 subdit:
3606 544 3657 599 Et

2072 636 2179 692 non
2236 637 2749 705 condemnabimini,
2829 637 2898 692 de
2969 636 3141 691 stulta
3213 636 3660 693 condemnatione.

2077 730 2177 799 Qui
2218 731 2365 785 enim
2416 747 2561 786 nunc
2613 730 2906 786 temerarie
2944 739 3266 801 peccatores
3301 729 3584 795 damnant,
3615 734 3665 788 de

2080 823 2369 878 temeraria
2443 822 2789 878 damnatione
2859 839 2891 877 a
2960 823 3191 878 Domino
3259 818 3663 878 damnabantur.

2082 916 2157 971 De
2215 915 2333 971 istis
2379 915 2590 971 duabus
2642 915 2928 987 speciebus
2991 915 3393 971 misericordia:
3449 914 3671 972 laudatur

2066 1017 2303 1064 sanctus
2335 1008 2624 1072 Martinus.
2672 1025 2797 1065 cum
2836 1009 2907 1063 de
2949 1023 3021 1065 eo
3068 1008 3318 1081 legitur:
3365 1024 3389 1062 s
3419 1006 3671 1065 Neminem

2076 1096 2329 1167 judicans
2352 1140 2366 1163 ,
2422 1100 2693 1154 neminem
2748 1101 3038 1155 damnans.
3071 1118 3091 1152 ι
3158 1099 3304 1155 llinc
3334 1099 3536 1155 Paulus
3573 1102 3670 1156 ait:

2086 1191 2165 1246 Tu
2202 1193 2319 1262 quis
2366 1209 2419 1246 es
2463 1192 2554 1262 qui
2589 1192 2827 1261 judicas:
2858 1191 3092 1245 alienum
3140 1192 3401 1246 servum?
3438 1191 3548 1247 Suo
3590 1196 3671 1248 do-

2084 1288 2228 1339 mino
2271 1295 2373 1340 stat
2428 1295 2519 1339 aut
2570 1286 2710 1339 cadit
2762 1283 2937 1352 (Rom.
2981 1284 3118 1357 ιιγ).
3162 1285 3233 1340 Et
3277 1285 3662 1356 philosophus:

2094 1399 2113 1431 ι
2149 1378 2312 1444 Vide,
2368 1378 2576 1448 inquit,
2632 1378 2676 1434 si
2728 1379 2907 1433 adhuc
2953 1378 3130 1433 malus
3172 1394 3271 1444 es,
3322 1389 3381 1434 et
3428 1380 3677 1437 similibus

2087 1485 2273 1541 parce.
2316 1489 2334 1522 ι
2366 1469 2423 1523 Si
2458 1479 2643 1524 autem
2682 1468 2859 1523 malus
2885 1484 3009 1524 esse
3040 1469 3255 1525 desiisti
3277 1510 3294 1536 ,
3342 1486 3445 1524 cur
3470 1470 3587 1525 aliis
3612 1472 3679 1527 lo-

2090 1580 2211 1619 cum
2243 1562 2645 1618 emeudationis
2673 1561 2961 1616 abscidas?
2984 1561 3041 1616 In
3085 1577 3220 1633 quo,
3250 1561 3483 1627 fratres,
3511 1575 3679 1619 nostra

2090 1658 2444 1713 confunditur
2472 1655 2855 1727 praesumptio,
2886 1654 2979 1724 qui
3011 1654 3246 1711 aliorum
3297 1666 3525 1726 peccata
3553 1658 3683 1727 judi-

2093 1767 2301 1806 camus.
2332 1751 2680 1820 Aliojudicio
2707 1760 2765 1807 et
2796 1748 3000 1804 nostris
3036 1751 3318 1820 parcimus
3341 1792 3358 1813 ,
3400 1751 3541 1805 alios
3567 1768 3685 1806 con-

385 1841 529 1895 enim
564 1844 827 1913 jumcntis
868 1858 1048 1897 escam
1100 1841 1371 1912 ipsorum,
1408 1848 1463 1894 ει
1492 1839 1651 1909 pullis
1704 1851 1988 1892 corvorum
2021 1827 2065 1887 Β
2095 1844 2417 1899 damnamus
2437 1887 2451 1911 ν
2481 1853 2535 1899 ει
2565 1859 2668 1899 nos
2696 1845 2751 1899 in
2783 1845 3037 1901 cordibus
3065 1844 3274 1899 nostris
3297 1844 3677 1914 iustiﬁcamug,

387 1932 766 1989 invocantibus
798 1950 921 1988 eum
952 1932 1122 2002 (Psal.
1157 1934 1366 2002 οηνι).
1399 1931 1501 1985 Dat
1535 1946 1639 1984 non
1672 1929 1845 1985 solum
1876 1925 1989 1981 cul—

388 2026 596 2081 toribus
618 2035 671 2081 et
700 2026 889 2080 amicis
919 2025 1034 2079 suis
1054 2065 1070 2091 ,
1106 2026 1200 2079 sed
1228 2024 1390 2079 etiam
1441 2021 1912 2088 contemptoribus
1934 2026 1991 2074 et

385 2114 657 2182 inimicis;
694 2118 820 2172 facit
851 2116 997 2171 enim
1030 2115 1202 2171 solem
1236 2130 1394 2170 suum
1430 2114 1563 2169 oriri
1598 2128 1763 2183 super
1813 2111 1990 2167 bonos

384 2217 440 2261 et
472 2208 663 2270 malos,
692 2220 739 2262 et
771 2208 1087 2277 pluitsuper
1122 2206 1301 2273 justos
1324 2215 1379 2261 et
1403 2204 1636 2275 injustos
1661 2204 1880 2277 (Matth.
1908 2206 1986 2273 v).

385 2297 495 2354 Nos
524 2315 767 2369 quoque,
794 2298 1014 2363 fratres,
1043 2298 1436 2368 benignitatem
1478 2296 1594 2367 ejus
1614 2338 1630 2363 ,
1664 2297 1991 2367 inquantum

384 2405 710 2460 possumus,
744 2390 1043 2445 imitemur.
1082 2391 1279 2445 Demus
1307 2405 1415 2445 non
1449 2389 1623 2445 soluat
1673 2390 1848 2448 notis.
1896 2386 1992 2443 sed

384 2485 547 2538 etiam
582 2484 818 2554 ignotis;
860 2500 967 2539 non
1018 2483 1192 2539 solum
1223 2483 1447 2549 amicis,
1477 2483 1571 2538 sed
1601 2482 1763 2537 etiam
1814 2480 1993 2535 inimi-

386 2582 488 2637 cis.
520 2582 698 2637 Alium
723 2581 974 2650 juventus
1008 2596 1068 2637 re
1087 2622 1103 2648 ,
1133 2582 1299 2637 alium
1324 2580 1517 2647 verbo,
1538 2579 1701 2635 alium
1728 2577 1988 2644 consilio,

387 2675 552 2730 alium
584 2676 960 2742 correctione,
1008 2674 1174 2729 alium
1219 2673 1590 2729 admonitione
1612 2714 1627 2740 ,
1661 2674 1827 2727 alium
1861 2687 1993 2728 con-

389 2767 682 2822 solatione.
708 2768 911 2823 Omnes
941 2767 1143 2822 bonum
1168 2766 1501 2836 exemplum,
1529 2779 1723 2821 omnes
1747 2771 1994 2819 nostram

385 2859 777 2930 benignitatem
814 2861 1055 2917 sentiant
1091 2878 1104 2915 :
1139 2868 1198 2915 ut
1244 2858 1318 2915 ita
1365 2860 1738 2915 sanctiﬁcetur
1782 2872 1988 2913 nomen

392 2950 485 3007 Dei
526 2954 578 3007 in
612 2955 801 3020 nobis,
832 2963 887 3010 et
912 2956 1084 3010 simus
1114 2951 1421 3009 imitatione
1448 2952 1543 3008 lilii
1583 2952 1765 3008 Patris
1796 2952 1992 3021 nostri,

392 3043 484 3113 qui
521 3044 571 3098 in
597 3045 753 3101 cmlis
774 3054 878 3102 est.
904 3045 1156 3101 Secundo
1180 3046 1419 3101 ostendit
1442 3044 1704 3101 Dominus
1731 3055 1996 3117 quantum

388 3134 768 3191 misericordia
832 3145 1234 3207 promereatur.
1294 3135 1455 3192 Ponit
1518 3144 1701 3192 autem
1755 3145 1996 3206 quatuor

378 3226 1067 3317 'species‘misericordiaz,
1139 3236 1432 3307 unicuique
1500 3234 1783 3307 praemium
1836 3250 1995 3292 suum

389 3326 745 3396 subjungens.
794 3328 1033 3384 Primam
1066 3329 1219 3400 ponit
1274 3344 1399 3384 cum
1436 3327 1655 3395 subdit,
1689 3326 1870 3383 Nolite
1896 3327 1992 3399 ju-

392 3415 604 3482 dicare,
636 3419 703 3474 de
733 3419 943 3485 dubiis,
976 3420 1061 3475 vel
1093 3420 1158 3475 de
1184 3419 1485 3475 minoribus
1517 3419 1697 3475 noxis.
1725 3417 1801 3474 De
1831 3434 1995 3489 aper-
2084 3420 2089 3425 ’

392 3509 465 3564 tis
488 3511 632 3567 enim
667 3514 828 3569 malis
852 3556 867 3583 ,
899 3524 956 3570 et
1000 3516 1066 3569 de
1098 3514 1305 3583 apertis
1337 3513 1525 3579 bonis,
1555 3513 1887 3583 permissum
1915 3523 1999 3570 est

391 3602 550 3657 nobis
573 3602 843 3671 judicare.
868 3607 942 3662 De
965 3609 1164 3679 quibus
1186 3609 1387 3666 dicitur
1419 3629 1433 3665 :
1459 3612 1501 3665 Α
1526 3610 1787 3681 fructibus
1810 3628 1994 3666 eorum

392 3698 712 3764 cognoscetis
740 3714 825 3752 eos
857 3697 1081 3768 (Matth.
1114 3701 1237 3771 vn).
1284 3700 1360 3757 De
1408 3702 1587 3757 dubiis
1626 3716 1755 3758 vero
1786 3712 1842 3757 et
1890 3702 1995 3758 nti-

391 3786 615 3843 noribus
644 3790 807 3845 noxis
838 3788 1090 3858 judicare
1123 3793 1507 3863 prohibemur,
1553 3793 1679 3865 quia
1728 3796 1996 3851 incertum

392 3888 477 3934 est
502 3880 658 3937 nobis
684 3898 792 3953 quo
824 3884 1005 3939 animo
1034 3880 1203 3952 fiant,
1226 3901 1348 3957 qua:
1374 3896 1430 3943 et
1457 3887 1601 3943 bono
1627 3896 1682 3942 et
1708 3888 1849 3943 man
1880 3888 1997 3944 fieri

391 3983 658 4044 possunt,
705 3986 763 4031 ut
811 3986 895 4033 est
950 3980 1286 4035 manducare
1321 3989 1378 4036 et
1409 3981 1627 4047 bibere,
1675 3980 1819 4050 loqui
1872 3997 1995 4037 cum

392 4066 646 4132 muliere,
664 4068 994 4126 manducare
1013 4086 1135 4126 cum
1156 4071 1299 4127 malo
1323 4071 1563 4136 homine,
1578 4081 1633 4127 et
1658 4071 1989 4140 lmjusmodi,

394 4170 515 4226 qua:
542 4158 801 4216 debemus
845 4161 899 4215 in
940 4162 1221 4219 meliorem
1268 4172 1477 4235 partem
1512 4163 1883 4235 interpretari.
1921 4170 1991 4219 Ut

396 4248 439 4302 si
518 4248 803 4306 videamus
878 4253 1214 4310 sacerdotem
1318 4256 1461 4326 loqui
1537 4272 1659 4311 eum
1733 4254 1994 4317 muliere.

397 4340 645 4397 dicamus
676 4357 798 4397 eum
846 4343 925 4399 illi
968 4348 1098 4402 dare
1141 4346 1426 4403 consilium
1474 4348 1539 4402 de
1570 4334 1750 4402 anima
1782 4363 1878 4402 sua
1899 4388 1913 4412 ,
1940 4357 1998 4403 et

395 4429 721 4500 hujusmodi.
767 4433 1012 4493 Minores
1039 4437 1205 4493 etiam
1237 4439 1459 4510 culpas,
1506 4447 1565 4495 ut
1611 4426 1861 4509 frangere
1894 4438 1995 4495 ali-

2091 1937 2211 1992 Alio
2231 1936 2437 2007 judicio
2468 1954 2599 2005 nos,
2633 1938 2741 1995 alio
2768 1940 3049 2010 proximos
3096 1946 3321 1993 nostros
3354 1937 3681 2006 iudicantes,

2092 2046 2213 2086 cum
2251 2032 2512 2101 scriptum
2560 2033 2632 2086 sit
2667 2046 2681 2085 :
2737 2030 2956 2087 Pondus
2993 2041 3044 2087 et
3071 2031 3281 2101 pondus
3309 2072 3325 2096 ,
3372 2047 3616 2085 mensura
3645 2043 3686 2085 rt

2093 2138 2375 2189 mensura,
2438 2134 2717 2194 utrumque
2765 2124 3121 2178 abominabile
3189 2134 3265 2177 cst
3334 2125 3479 2193 apud
3532 2123 3689 2178 Dm

2095 2210 2277 2281 (Prov.
2328 2214 2443 2284 xx).
2495 2213 2735 2269 Tertiam
2785 2216 3021 2286 speciem
3059 2217 3463 2273 misericordiae
3512 2219 3688 2287 ponit,

2099 2323 2221 2363 cum
2255 2308 2483 2363 subdit:
2518 2307 2803 2364 Dimittite.
2847 2309 3209 2380 Eleemosyna
3258 2309 3465 2381 quippe
3507 2324 3689 2379 magna

2096 2409 2177 2457 est
2207 2401 2481 2455 dimittere
2511 2400 2594 2456 vel
2627 2400 2854 2471 injurias
2885 2402 3178 2473 irroganti,
3206 2402 3292 2456 vel
3332 2402 3690 2459 conditionem

2098 2507 2289 2558 servo,
2320 2491 2405 2547 vel
2434 2491 2677 2548 debitum
2720 2494 2943 2565 pauperi
2973 2494 3207 2549 debitori
3228 2477 3252 2548 ’ς
3282 2493 3459 2563 Hujus
3488 2493 3689 2548 miseri-

2100 2584 2298 2639 cordiae
2344 2584 2627 2653 praemium
2660 2584 2842 2656 ponit,
2874 2600 2996 2639 cum
3028 2586 3258 2641 subdit:
3307 2583 3382 2638 Et
3407 2586 3695 2639 dimittetur

2096 2673 2262 2730 vobis.
2296 2674 2397 2729 Per
2436 2674 2579 2730 lianc
2608 2676 2753 2731 enim
2778 2675 3183 2747 eleemosynam
3218 2684 3449 2745 peccata
3483 2674 3635 2731 nobis
3662 2688 3692 2730 ι

2099 2764 2330 2821 Domino
2352 2766 2729 2823 dimittuntur.
2781 2764 2935 2821 Unde
2964 2776 3018 2821 et
3044 2768 3097 2820 iu
3142 2766 3394 2821 oratione
3428 2767 3695 2821 Dominica

2076 2858 2327 2914 dicimus
2358 2888 2367 2913 ε
2399 2857 2617 2914 Dimitte
2640 2850 2808 2915 nobis
2838 2861 3013 2914 debita
3042 2870 3222 2915 nostra
3250 2864 3390 2917 sicut
3420 2870 3473 2914 et
3502 2876 3595 2915 nos
3625 2860 3697 2913 di-

2098 2956 2357 3011 mittimus
2380 2957 2700 3013 debitoribus
2726 2959 2919 3012 nostris
2943 2956 3161 3029 (Matth.
3185 2958 3285 3027 vi).
3321 2957 3379 3011 In
3406 2971 3515 3027 qua
3541 2955 3696 3011 etiam

2078 3050 2418 3105 conditione
2445 3064 2546 3105 nos
2582 3048 3006 3121 constringimus
3026 3090 3041 3113 ,
3072 3048 3217 3119 quod
3250 3048 3301 3105 si
3334 3063 3446 3105 non
3472 3047 3699 3103 dimitta-

2099 3159 2256 3210 mus,
2291 3159 2393 3200 nec
2440 3144 2596 3200 nobis
2626 3144 2953 3199 dimittetur.
2987 3142 3100 3198 lmo
3136 3143 3308 3200 etiam
3340 3157 3445 3215 per
3471 3142 3700 3215 parabo-

2100 3233 2207 3291 lam
2252 3236 2401 3292 servi
2445 3235 2691 3301 dimissi,
2738 3244 2793 3291 et
2840 3235 3118 3292 dimittere
3165 3236 3449 3303 nolentis,
3488 3242 3699 3305 peccata

2100 3342 2220 3399 quae
2248 3326 2525 3383 dimittere
2553 3326 2903 3391 videbantur,
2936 3326 3118 3382 redire
3141 3328 3600 3397 comprobantur.

2171 3422 2363 3492 Itaque
2384 3461 2399 3485 ,
2433 3419 2630 3476 fratres
2652 3461 2668 3487 ,
2700 3420 2958 3475 duritiam
3012 3420 3198 3477 cordis
3248 3418 3611 3491 deponamus.
3640 3419 3699 3475 Et

2100 3515 2145 3571 si
2172 3514 2340 3572 Deum
2371 3512 2529 3570 nobis
2563 3514 2836 3571 dimittere
2864 3514 3112 3570 volumus
3136 3553 3153 3581 ,
3180 3512 3313 3570 aliis
3344 3515 3694 3569 dimittamus.

2100 3606 2362 3675 Quartam
2386 3611 2621 3679 speciem
2647 3609 2797 3680 ponit
2824 3625 2947 3664 cum
2975 3607 3157 3665 subdit
3184 3628 3199 3665 :
3235 3609 3377 3665 Date
3414 3609 3694 3677 eleemosy-

2101 3719 2224 3756 nam
2249 3744 2263 3769 ,
2292 3702 2376 3757 vel
2404 3701 2744 3773 corporalem
2766 3744 2779 3764 .
2811 3711 2870 3757 ut
2898 3702 3161 3759 esurienti
3190 3703 3381 3759 cibum
3401 3744 3419 3767 ,
3454 3703 3593 3757 nudo
3613 3716 3697 3757 ve-

2100 3792 2421 3848 stimentum
2442 3834 2457 3861 ,
2491 3792 2694 3863 hospiti
2744 3792 3073 3865 hospitium;
3110 3793 3198 3848 vel
3228 3792 3574 3863 spiritualem
3597 3834 3613 3858 ,
3644 3802 3698 3847 ut

2096 3876 2508 3941 correctionem
2530 3925 2543 3946 .
2574 3884 2991 3940 instructionem
3010 3926 3026 3951 ,
3064 3884 3542 3951 exhortationem,
3573 3900 3701 3941 con-

2100 3978 2445 4045 solationem,
2490 3977 2574 4032 vel
2604 3977 2845 4045 realem;
2898 3988 2958 4033 ut
3007 3980 3270 4033 auxilium
3330 3980 3383 4033 in
3432 3979 3703 4045 adversis,

2100 4070 2385 4127 consiliqu
2418 4071 2470 4125 in
2505 4069 2795 4141 periculis,
2841 4070 3216 4127 fulcimentum
3254 4071 3310 4125 in
3357 4072 3559 4127 causis.
3594 4070 3702 4125 ﬂu-

2092 4165 2183 4235 jus
2217 4162 2605 4219 misericordia:
2654 4164 2940 4235 pramium
2984 4164 3179 4235 ponit,
3212 4179 3342 4220 cum
3378 4165 3563 4219 subdit
3594 4180 3610 4217 :
3642 4164 3703 4218 Et

2098 4256 2311 4309 dabitur
2341 4254 2504 4309 vobis.
2543 4253 2643 4310 llic
2674 4255 2849 4326 gratia
2897 4264 2952 4311 et
2980 4255 3035 4311 in
3081 4254 3268 4310 futuro
3298 4255 3497 4326 gloria.
3528 4255 3696 4323 Quam

2097 4364 2227 4405 vero
2250 4349 2400 4419 large
2428 4350 2771 4420 eleemosyna
2799 4364 2829 4403 a
2857 4348 3015 4404 nobis
3047 4348 3188 4404 facta
3219 4364 3251 4402 a
3280 4347 3395 4402 Deo
3424 4348 3495 4403 sit
3524 4363 3702 4403 remu-

2097 4443 2336 4499 neranda
2358 4484 2374 4509 ,
2422 4443 2657 4498 ostendit
2683 4458 2806 4498 cum
2843 4441 3025 4497 subdit
3059 4440 3074 4496 ἑ
3111 4440 3429 4496 Mensarum
3478 4442 3702 4522 bonum.

395 4512 625 4593 quando
657 4525 925 4597 jejunium
947 4568 961 4594 ,
1019 4528 1313 4600 aliquando
1339 4530 1499 4587 nimis
1567 4530 1855 4586 comedere
1909 4527 1993 4585 vel
2027 4556 2072 4613 ι)
2123 4543 2170 4587 et
2198 4533 2514 4601 confertam,
2542 4544 2589 4587 et
2617 4532 3020 4603 coagitatam,et
3044 4532 3497 4603 superejﬂucntsm
3516 4512 3703 4584 dabam

396 4612 618 4679 bibere,
670 4620 946 4674 consortia
997 4619 1265 4676 malorum
1316 4622 1703 4693 frequentare,
1736 4622 1995 4679 debemus

396 4720 493 4777 per
516 4708 1033 4780 dispensationem,
1058 4729 1155 4783 per
1195 4715 1599 4783 inﬁrmitatem,
1636 4726 1690 4771 et
1736 4731 1833 4787 per
1868 4716 1997 4771 cha-

396 4800 615 4855 ritatem
660 4817 945 4860 excusare.
976 4804 1131 4862 Sicut
1181 4806 1327 4861 enim
1378 4806 1627 4879 maligna:
1672 4809 1868 4864 mentis
1911 4818 1997 4864 est

400 4892 566 4947 etiam
602 4894 739 4950 bona
768 4896 1093 4967 depravare,
1138 4899 1212 4953 ita
1258 4898 1504 4969 benigna:
1537 4910 1619 4956 est
1639 4901 1803 4956 etiam
1854 4900 1995 4955 mala

400 4983 456 5041 in
487 4986 765 5045 meliorem
814 5001 1024 5060 partem
1076 4991 1362 5048 inclinare.
1398 4990 1568 5062 Hujus
1613 4994 1997 5050 misericordiae

398 5080 681 5148 prmmium
723 5076 1046 5151 ponit'cum
1092 5083 1306 5149 subdit;
1350 5094 1398 5138 et
1446 5102 1548 5138 non
1585 5086 1995 5156 judicabimini,

402 5170 663 5225 subaudis
701 5172 767 5226 de
798 5160 1091 5228 temerario
1110 5174 1337 5244 judicio.
1372 5175 1471 5243 Qui
1505 5178 1648 5232 enim
1678 5187 1879 5234 temere
1911 5177 2000 5233 hic

390 5254 673 5333 iudicant,
720 5264 789 5319 de
821 5256 1113 5323 temerario
1149 5267 1360 5337 judicio
1396 5271 1788 5342 judicabuutur
1832 5288 1861 5326 a
1897 5272 2001 5327 Do.

407 5354 577 5409 mino.
612 5354 923 5412 Secundam
956 5361 1192 5430 speciem
1227 5363 1616 5421 misericordiae
1646 5365 1827 5435 ponit,
1875 5381 1999 5421 eum

407 5446 590 5502 subdit
618 5464 629 5501 :
660 5445 843 5505 Nolite
866 5444 1242 5523 condemnare,
1275 5456 1440 5512 etiam
1470 5466 1655 5527 aperte
1683 5457 1871 5523 malos,
1900 5459 1993 5515 sed

392 5537 589 5621 potius
641 5555 829 5597 eorum
876 5547 1280 5603 conversionem
1340 5558 1655 5618 exspectate
1706 5560 1761 5605 et
1804 5562 2000 5614 orate,

392 5631 666 5699 quoniam
702 5638 792 5707 qui
836 5640 1006 5715 hodie
1048 5651 1131 5697 est
1180 5641 1394 5709 malus,
1439 5641 1689 5698 fortassis
1721 5658 1873 5710 cras,
1914 5642 2005 5713 vel

404 5718 529 5792 post
574 5732 741 5791 cras,
787 5732 893 5785 erit
936 5730 1130 5787 bonus.
1172 5724 1583 5811 'Stultissimus
1624 5736 1822 5804 quippe
1864 5742 2009 5789 esset

408 5813 504 5881 qui
529 5818 943 5895 condemnasset
971 5821 1197 5878 Mariam
1236 5818 1645 5899 Magdaleuam,
1664 5842 1787 5882 cum
1827 5826 2002 5880 adhuc

396 5902 577 5961 'stulta
596 5912 754 5965 esset
774 5951 788 5977 ,
818 5923 870 5968 et
900 5902 1315 5981 Paulutn,'cum
1365 5917 1539 5975 adhuc
1569 5928 1887 6007 persecutor
1915 5933 2001 5975 es-

2100 4626 2154 4680 in
2182 4627 2358 4680 sinum
2389 4636 2637 4681 uestrum.
2672 4624 2855 4680 Porro
2882 4634 3146 4680 aeternam
3172 4625 3573 4682 beatitudinem
3613 4638 3698 4678 vo-

2098 4726 2187 4775 cat
2214 4732 2522 4773 mensuram
2544 4760 2558 4784 ,
2610 4719 2865 4789 quoniam
2910 4718 3211 4773 secundum
3246 4718 3449 4774 merita
3484 4718 3695 4773 unicui-

2088 4810 2204 4881 que
2232 4809 2661 4865 meusurabitur.
2689 4808 2816 4865 Haec
2841 4809 2948 4864 erit
2977 4810 3116 4865 bona
3142 4849 3158 4875 ,
3188 4825 3314 4879 qua:
3343 4825 3621 4865 summum
3651 4816 3699 4863 et

2100 4911 2362 4957 aeternum
2392 4902 2591 4957 bonum
2622 4900 2774 4957 dabit
2802 4900 2961 4955 nobis
2986 4901 3053 4955 ad
3086 4900 3407 4955 fruendum.
3439 4900 3552 4955 Erit
3576 4914 3695 4953 con-

2102 4992 2269 5059 ferta,
2325 4991 2460 5045 nihil
2506 4991 2714 5047 habens
2762 4990 3051 5046 vacuitatis
3100 4990 3185 5046 vel
3219 4990 3519 5054 vanitatis,
3561 4989 3689 5043 sicut

2103 5095 2321 5141 terrena
2373 5084 2552 5149 bona,
2605 5100 2725 5155 qum
2782 5099 2989 5151 vacua,
3054 5098 3235 5151 vana,
3291 5092 3349 5139 et
3394 5079 3692 5151 imperfecta

2102 5187 2248 5233 sunt.
2274 5175 2390 5230 Erit
2440 5176 2741 5247 coagitata,
2792 5175 2844 5230 id
2878 5185 2961 5231 est
3006 5175 3189 5230 omnia
3225 5168 3393 5230 bona
3424 5175 3586 5229 nobis
3614 5186 3687 5226 ne-

2104 5269 2339 5327 cessaria
2367 5270 2418 5325 in
2452 5284 2511 5325 se
2534 5271 2843 5335 continens,
2872 5286 2997 5325 eum
3038 5278 3257 5325 terrena
3285 5267 3437 5323 nulla
3466 5265 3683 5335 indigen-

2106 5364 2237 5418 tiam
2267 5360 2475 5431 replere
2504 5363 2745 5418 valeant.
2774 5362 2889 5417 Erit
2917 5360 3317 5433 superetnuens
3339 5371 3395 5416 et
3424 5359 3691 5430 qualitate,

2106 5467 2161 5511 et
2190 5454 2527 5525 quantitate,
2579 5463 2635 5509 et
2690 5463 2953 5526 tempore.
3001 5453 3107 5509 Pro
3140 5453 3298 5509 vanis
3342 5450 3503 5507 enim
3554 5446 3690 5506 bonis

2113 5560 2245 5601 vere
2272 5545 2448 5613 bona,
2498 5559 2598 5615 pro
2642 5544 2833 5600 vacuis
2876 5544 3081 5614 plena,
3114 5559 3214 5614 pro
3260 5539 3690 5597 insuﬁcientibus

2094 5636 2433 5693 sufﬁcientia
2452 5679 2465 5699 ,
2502 5653 2599 5707 pro
2630 5637 2812 5708 parvis
2843 5624 3037 5706 magna
3064 5636 3213 5707 ,‘pro
3242 5629 3471 5689 caducis
3499 5640 3683 5685 :eterna

2100 5730 2335 5785 dabunt.
2364 5728 2507 5795 Qui?
2552 5728 2861 5798 Pauperes,
2914 5727 3040 5799 quia
3088 5733 3253 5781 erunt
3300 5737 3474 5779 causa
3525 5716 3684 5775 dandi.

2094 5823 2226 5877 ‘lloc
2254 5833 2338 5876 est
2365 5821 2504 5891 quod
2539 5819 2665 5875 alibi
2700 5821 2900 5877 dicitur
2930 5836 2945 5874 :
2977 5817 3165 5874 Facite
3213 5816 3363 5873 vobis
3409 5816 3600 5870 amicos
3634 5809 3685 5862 ds

2114 5934 2411 5974 mammona
2440 5918 2772 5990 iniquitatis,
2821 5928 2876 5973 ut
2928 5934 3047 5973 cum
3072 5914 3405 5988 dcfecsritis,
3456 5910 3682 5982 recipi"!
