3896 6320
174 314 292 378 i985
318 325 330 352 ἠ

765 301 1074 361 nouum
1102 303 1171 360 IN
1206 302 1426 361 EPlST.
1470 304 2205 372 ET.EVANG..DOMINIC.
2231 290 2304 356 ές
2342 308 2523 368 rans
2557 312 2622 370 ιι.

3259 305 3441 383 ’19861-

168 445 244 485 uos
278 426 327 479 in
361 429 561 488 aeterna.
587 418 927 473 tabernacula
971 416 1144 488 (Luc.
1176 418 1314 490 xvi).
1359 423 1541 488 Quare
1591 437 1723 496 ergo
1751 423 1802 484 Δ
1823 437 1892 480 ex
1930 423 2300 482 misericordia
2339 442 2654 499 arguamus.
2687 427 2832 487 Raro
2879 434 3024 489 enim
3065 443 3119 490 et
3150 447 3256 491 non
3291 438 3412 495 sine

169 521 360 577 fratres.
383 526 560 570 sumus
579 511 698 566 duri
724 511 823 565 ista
847 519 1060 568 terrena
1085 512 1334 570 conferre
1357 513 1409 570 in
1430 531 1744 588 pauperesf

166 610 244 681 qui
273 605 447 663 aeterni
479 600 606 658 boni
635 600 1024 682 promittuntur
1070 602 1749 670 nobisremuneratoresu

170 701 351 758 Eadem
367 697 483 769 quia
503 710 749 776 mensura
764 711 867 765 qua
883 697 1050 766 mensi
1065 696 1297 767 fueritis,
1319 698 1619 767 remetietur
1637 715 1723 754 vo-
1742 745 1747 761 λ

165 795 249 849 bis.
279 792 330 848 In
369 803 468 858 quo
501 801 616 856 non
658 790 1242 846 commensurationem
1273 791 1622 862 praemiorum
1651 793 1722 849 ad

168 886 340 942 merita
363 885 568 956 figurat,
597 885 899 956 praesertim
931 899 1052 938 cum
1083 883 1209 940 alibi
1236 883 1382 940 dicat
1407 871 1744 956 centuplqu

159 981 317 1052 justas
337 988 649 1049 accepturos
674 977 750 1049 ()1
758 979 888 1034 atth.
907 976 1050 1051 χιχ).
1073 977 1181 1034 Sed
1214 979 1286 1034 ita
1313 977 1743 1058 intelligendum.

166 1085 246 1130 est
279 1091 293 1129 :
322 1073 416 1142 Qui
450 1072 564 1144 plus
608 1073 789 1140 dedit,
823 1072 945 1145 plus
992 1073 1257 1142 accipiet;
1290 1083 1340 1130 et
1372 1074 1463 1145 qui
1509 1075 1744 1139 minus,.

163 1166 353 1229 minus,
379 1167 525 1232 juxta
562 1162 690 1219 illud
706 1162 898 1219 Pauli:
927 1162 1031 1230 Qui
1051 1180 1206 1235 parce
1229 1165 1450 1219 seminat
1479 1181 1639 1234 parce
1672 1173 1745 1230 et_

162 1269 321 1316 metet.
342 1258 406 1313 Et
427 1258 516 1330 qui
536 1259 760 1312 seminat
775 1259 829 1312 in
849 1257 1311 1327 benedictionibus,
1327 1259 1391 1315 de
1409 1259 1724 1315 benedictio-

159 1350 297 1406 nibus
325 1360 371 1406 ct
395 1359 547 1404 ntetet
575 1347 661 1419 (ΙΙ
689 1347 814 1404 Cor.
847 1350 947 1419 Ix).
974 1349 1159 1405 Tertio
1187 1364 1288 1427 per,
1311 1348 1722 1405 similitudinem

159 1441 376 1498 ostendit
419 1441 752 1513 ignorantem
775 1457 894 1497 non
924 1440 1124 1498 debere
1153 1441 1526 1511 magisterium
1570 1455 1724 1496 assu-

154 1546 310 1599 mere,
331 1531 561 1588 subdens
587 1549 604 1587 :
629 1531 689 1588 Si
713 1548 881 1588 cereus
903 1548 1096 1588 ets-cum
1123 1533 1355 1598 duxerit,
1376 1549 1547 1588 nonne
1564 1532 1718 1588 ambo
1739 1580 1741 1582 .

155 1629 204 1683 in
226 1626 418 1698 foveam
441 1624 632 1680 cadunt
649 1624 673 1678 2
690 1623 880 1680 Caecus
901 1638 1104 1681 caecum
1126 1623 1296 1689 ducit,
1312 1639 1435 1679 cum
1459 1623 1723 1695 ignorans

152 1721 470 1792 ignorantem
490 1732 678 1787 regere
699 1717 997 1790 praesumit.
1023 1715 1136 1773 Hoc
1162 1725 1350 1773 contra
1371 1716 1492 1772 illos
1514 1724 1602 1772 est
1627 1715 1719 1786 qui

1824 532 2022 584 magna
2070 519 2421 576 necessitate
2485 529 2612 576 sunt
2641 550 2644 554 ί
2676 521 3082 596 obiurgationes
3117 529 3412 588 adhiben-

1823 608 1941 676 dae,-
1971 619 2028 666 ct
2056 625 2164 667 non
2201 612 2327 669 nisi
2355 623 2602 685 respectu
2637 613 2762 681 Dei,
2811 626 2866 673 et
2916 627 3122 676 remota
3151 621 3220 676 ab
3251 624 3411 682 oculo

1825 701 2272 775 trabe..ltaque,
2319 703 2515 762 fratres
2542 706 2686 775 mei,
2722 707 3109 769 misericordiae
3151 715 3410 784 operibus

1823 792 2192 861 insistamus,‘
2215 796 2474 872 judicare,
2513 807 2569 854 et
2626 799 2889 856 damnare
2935 801 3070 859 alios
3117 797 3427 863 evitemus;

1822 887 2166 944 Dimittamus
2193 897 2250 944 ttt
2281 890 2437 946 nobis
2461 890 2793 960 dimittatur,
2820 893 3011 948 demus
3031 903 3090 950 ut
3125 897 3280 954 nobis
3315 899 3409 952 de-

1824 984 1932 1042 tur,
1969 987 2028 1033 ut
2057 993 2370 1036 mensuram
2395 981 2592 1038 bonam
2624 992 2679 1038 et
2707 983 3006 1040 confertam
3031 1026 3046 1052 ,
3086 995 3142 1041 et
3172 989 3428 1060 coagita-.

1825 1078 1932 1125 tam
1952 1110 1968 1137 ,
2000 1079 2056 1126 et
2084 1073 2552 1143 super-eminentem
2572 1116 2588 1144 ,
2619 1074 2672 1130 id
2713 1085 2799 1132 est
2821 1085 3084 1133 a-ternam
3117 1079 3428 1136 beatitudi-.

1823 1176 1950 1217 nem
1984 1164 2224 1236 recipere
2258 1181 2585 1222 mereamur.
2615 1166 2768 1234 Quod
2793 1169 2952 1226 nobis
2984 1171 3286 1243 concedat,
3313 1171 3408 1243 qui

1821 1259 1907 1306 est
1932 1266 2095 1324 super
2120 1256 2303 1311 omnia
2329 1257 2652 1314 benedictus
2682 1258 2849 1314 Deus.
2877 1261 3072 1317 Amen.
3140 1307 3144 1312 λ
3171 1303 3174 1308 .

2260 1379 2265 1398 ε
2299 1379 2320 1408 ,;
2390 1347 2674 1405 llOMlLlA
2711 1351 2841 1407 .Xll.

2014 1487 2042 1495 ._
2076 1453 2330 1496 DOIINICA
2380 1457 2578 1506 QUINTA
2617 1458 2748 1500 POS'I‘
2799 1460 3153 1504 τιιιΝιτΑτειι.
3218 1481 3270 1498 .’
3351 1502 3354 1505 .

1853 1582 1858 1588 .
1893 1529 2244 1601 Charissimi,
2294 1549 2469 1589 omnes
2513 1535 2785 1591 unanimes
2829 1537 2885 1592 in
2935 1539 3175 1595 oratione
3215 1549 3408 1609 estote,

1823 1622 2220 1690 eompatieales,
2269 1622 2616 1692 fraternitatis
2669 1638 2964 1696 amatores,
3013 1632 3410 1701 misericordes,

1823 1713 2069 1782 modesti,
2097 1713 2341 1782 humiles,
2369 1724 2485 1772 etc.‘
2507 1717 2560 1788 (1
2587 1716 2734 1772 Petr.
2765 1721 2876 1791 ιιι.)
2907 1720 3305 1793 Quadripertita
3327 1732 3415 1782 est

153 1809 372 1866 nondum
397 1807 680 1878 discipuli,
710 1808 847 1863 fiunt
873 1807 1150 1879 magistri,
1181 1806 1272 1877 qui
1303 1805 1609 1862 nescientes
1632 1821 1719 1860 re-
1752 1809 1796 1866 Β
1823 1807 1936 1863 haec
1969 1807 2160 1876 lectio,
2193 1807 2395 1866 fratres
2425 1809 2552 1866 mei.
2580 1809 2766 1890 Primo
2787 1815 2933 1869 enim
2955 1817 3283 1874 exhortatur
3309 1833 3412 1875 nos

149 1916 268 1975 gere
286 1901 490 1958 animas
515 1916 674 1972 suas,
697 1909 1031 1973 praesumunt
1049 1914 1239 1972 regere
1260 1899 1483 1970 alienas.
1509 1897 1614 1980 Sed
1642 1898 1742 1967 si-,

149 2005 232 2052 cut
255 2011 423 2066 caecus
465 2009 669 2051 caecum
693 1994 896 2050 ducens
924 1991 1461 2066 caditgra_vius,dum
1486 1991 1587 2045 sub
1615 1990 1741 2063 alio,

150 2088 476 2160 cadit,quam
504 2087 550 2142 si
573 2087 722 2144 solus
740 2087 986 2155 caderet,
1020 2086 1093 2141 ita
1117 2084 1721 2158 ignoransignorantem

147 2195 346 2252 regens,
365 2178 741 2251 caditgravius
763 2195 924 2252 quam
949 2179 992 2234 si
1017 2176 1223 2233 nullum
1249 2189 1436 2246 regere
1462 2189 1725 2244 praesum-

143 2274 347 2345 psisset,
361 2273 484 2344 quia
500 2281 726 2344 propter
739 2273 952 2328 animas
964 2279 1019 2328 et
1033 2272 1134 2328 sub
1147 2269 1524 2340 animas,quas
1539 2283 1723 2326 secum

142 2369 203 2425 ad
231 2369 584 2440 perditionem
610 2369 811 2437 trahit,
843 2368 1009 2425 cadit.
1030 2367 1097 2424 Et
1123 2366 1268 2438 quod
1295 2365 1517 2437 gravius
1554 2365 1726 2436 magi-

143 2470 249 2517 ster
292 2461 550 2533 ignorans
585 2477 748 2534 quam
782 2461 1078 2532 discipulus
1124 2460 1379 2529 ignorans
1423 2457 1724 2528 puniendus

138 2554 223 2620 sit,
247 2553 502 2620 ostendit,
517 2569 643 2610 cum
664 2553 844 2609 subdit
861 2552 1018 2632 :_Non
1035 2561 1110 2607 est
1134 2547 1425 2619 discipulus
1445 2565 1724 2620 supermu-

135 2649 368 2719 gis/rum.
388 2647 602 2704 Litotes
627 2655 730 2714 cst,
759 2647 936 2710 idest,
956 2646 1096 2702 sicut
1123 2655 1204 2703 est
1233 2648 1410 2705 minor
1429 2645 1618 2719 gradu,
1649 2645 1723 2700 ita

137 2749 214 2794 est
235 2740 408 2795 minor
430 2739 683 2811 praemio,
707 2739 751 2794 si
771 2739 843 2794 sit
868 2738 1061 2807 bonus,
1090 2747 1144 2794 et
1167 2742 1343 2795 minor
1362 2755 1521 2811 paena
1544 2780 1559 2804 ,
1587 2739 1632 2794 si
1653 2739 1724 2794 sit

137 2831 323 2888 malus.
352 2833 416 2887 Et
440 2847 617 2903 quare
641 2833 741 2888 Ito'c
756 2832 779 2886 ?
794 2833 1078 2907 subditur;
1101 2830 1377 2904 Perfectus
1399 2842 1574 2889 autem
1601 2832 1718 2898 erit,

133 2924 175 2979 si
200 2926 264 2980 si:
289 2926 428 2980 sicut
459 2926 716 2996 magister
737 2924 874 2996 ejus.
894 2923 1159 2992 Quoniam
1189 2926 1267 2982 sic
1289 2926 1573 2981 aemulatur
1591 2927 1724 2982 sitn-

130 3014 246 3087 p'ex
277 3016 583 3088 discipulus
614 3016 965 3088 magistrum,
997 3017 1086 3088 qui
1116 3027 1271 3087 putat
1298 3034 1356 3075 se
1386 3018 1500 3074 fore
1537 3018 1721 3090 perfe-

130 3115 288 3176 ctum,
309 3108 354 3164 si
389 3109 439 3164 ei
471 3107 656 3164 valeat
682 3107 974 3178 adaequari.
1001 3108 1137 3166 llinc
1159 3119 1243 3165 cst
1265 3112 1408 3182 quod
1439 3111 1572 3166 nihil
1604 3110 1722 3182 plus

1824 1900 2114 1977 Apostolus
2137 1902 2204 1958 ad
2233 1917 2366 1970 sex;
2397 1919 2534 1974 quas
2560 1916 2847 1962 enumerat
2877 1907 3131 1965 virtutes.
3161 1911 3412 1966 Secundo

1825 1993 1892 2048 ad
1936 1993 2239 2062 meliorem,
2273 1995 2711 2052 retributionem.
2763 1997 2950 2054 Tertio
2999 2001 3239 2056 ostendit
3285 2002 3414 2076 boni

1825 2084 2232 2142 amulatoribus
2281 2085 2554 2142 neminem
2595 2101 2761 2156 posse
2795 2101 3025 2147 nocere.‘
3065 2089 3269 2157 Quarto
3315 2106 3416 2148 nos

1825 2185 2014 2232 monet
2055 2177 2226 2233 Deum
2277 2178 2540 2256 in,.nobis
2589 2179 2958 2236 sanctiﬁcare.
3005 2180 3202 2258 Primo
3247 2183 3415 2254 igitur

1828 2269 2084 2327 hortatur
2108 2287 2207 2329 nos
2232 2271 2310 2350 ad
2339 2285 2435 2328 sex
2467 2273 2696 2328 virtutes
2728 2272 2914 2329 dicens
2943 2287 2958 2327 :
2993 2271 3186 2329 Omnes
3224 2275 3415 2330 unani-

1826 2382 1933 2421 mes
1958 2367 2014 2421 in
2036 2368 2271 2423 aratione
2315 2378 2496 2424 estote.
2539 2367 2710 2426 Porro
2756 2369 3044 2426 unanimes
3083 2371 3250 2444 aliqui
3292 2379 3424 2429 esse

1826 2474 1933 2514 non
1962 2469 2223 2530 possunt,
2249 2460 2354 2516 nisi
2381 2461 2489 2516 sint
2520 2460 2647 2516 boui
2671 2469 2727 2517 et
2747 2462 2932 2518 amici.
2960 2462 3083 2518 Mali
3110 2464 3256 2520 enim
3279 2481 3414 2520 una-

1827 2551 2002 2607 nimes
2031 2566 2156 2607 esse
2184 2567 2291 2608 non
2325 2561 2552 2625 possunt
2580 2569 2704 2610 cum
2735 2554 2884 2611 vitiis
2917 2556 3162 2612 serviant
3189 2566 3413 2614 contra-

1829 2643 1948 2699 riis.
1979 2643 2259 2712 Quomodo
2285 2661 2484 2700 avarus
2513 2653 2571 2701 et
2600 2647 2857 2718 prodigus
2895 2658 3078 2704 essent
3109 2650 3417 2707 unanimes?

1825 2737 2106 2806 Quomodo
2151 2739 2386 2796 crudelis
2436 2751 2489 2797 et
2521 2741 2816 2812 negligens
2859 2751 3044 2798 essent
3097 2743 3416 2800 unanimes?

1825 2833 2104 2900 Quomodo
2119 2833 2450 2905 impetuosus
2461 2846 2514 2892 et
2530 2835 2904 2893 formidolosus
2918 2844 3098 2892 essent
3111 2837 3418 2893 unanimes?

1823 2924 1891 2980 At
1921 2924 2048 2980 boni
2077 2925 2204 2995 quia
2233 2925 2418 2980 colunt
2449 2926 2699 2995 virtutes,
2732 2942 2853 2996 quae
2885 2941 3162 2995 nunquam
3194 2935 3416 2980 contra-

1825 3017 1922 3072 ria:
1969 3017 2062 3072 sed
2116 3033 2348 3088 semper
2395 3018 2725 3086 concordes,
2776 3026 2835 3073 et
2880 3031 3001 3072 sese
3044 3017 3418 3074 coadunantes

1825 3117 1951 3163 sunt
1971 3149 1986 3172 ,
2016 3111 2304 3166 unanimes
2331 3125 2450 3166 esse.
2487 3119 2752 3181 possunt,
2779 3111 2822 3166 si
2868 3108 3163 3166 affectuose
3190 3125 3310 3166 sese
3335 3111 3419 3166 di-

129 3172 286 3259 nocet
298 3200 556 3272 plebibus
578 3201 630 3256 in
653 3172 1088 3271 Ecclesia,qnam
1109 3172 1354 3274 magistri
1375 3172 1718 3273 perversitas.
1750 3172 1792 3230 Ο
1825 3200 2018 3272 ligant.
2067 3202 2268 3259 Omnes
2296 3172 2518 3274 quidem
2563 3203 2689 3259 buni
2731 3204 2784 3258 in
2829 3204 3058 3259 volendo
3105 3203 3416 3260 communia

127 3293 250 3361 Quae
277 3296 424 3350 enim
452 3295 646 3350 vident
675 3294 852 3350 facere
879 3294 1196 3366 magistrum
1227 3311 1408 3359 suum,
1432 3296 1618 3351 volunt
1641 3295 1724 3350 fa-

128 3402 247 3442 cere
278 3389 533 3444 dicentes
560 3404 575 3442 :
607 3405 626 3458 ι
656 3385 905 3457 Nunquid
936 3401 1036 3458 ego
1081 3403 1200 3443 sum
1229 3388 1724 3456 mclior_s:icerdote

123 3481 278 3536 meo?
306 3496 418 3536 non
458 3489 552 3536 est
583 3479 876 3550 discipulus
906 3476 1438 3551 supcr'magistrum.
1471 3500 1488 3533 ι
1515 3480 1723 3535 llursus

123 3583 216 3639 per
236 3571 664 3626 similitudinem
686 3570 921 3627 ostendit
939 3570 1195 3626 vitiosum
1227 3586 1332 3626 non
1360 3570 1556 3626 debere
1585 3569 1724 3624 acci-

119 3675 248 3731 pere
275 3661 670 3734 magistratum
691 3702 705 3727 ,
723 3677 846 3717 cum
879 3662 1093 3718 subdit:
1115 3661 1257 3730 Quid
1281 3673 1454 3718 autem
1479 3662 1618 3716 vides
1648 3661 1727 3730 fe-

119 3763 321 3809 stucam
343 3756 401 3811 in
427 3754 589 3810 oculo
609 3755 792 3824 fratris
812 3756 912 3820 tui,
932 3754 1129 3810 trabem
1155 3763 1330 3810 autem
1361 3771 1477 3825 qua:
1497 3755 1551 3808 in
1576 3753 1726 3808 oculo

116 3852 207 3900 tuo
223 3856 324 3909 est,
345 3862 456 3900 non
485 3844 834 3900 consideras?
851 3843 1015 3912 Quasi
1033 3845 1238 3902 diceret
1255 3863 1269 3899 :
1291 3845 1570 3910 Quomodo
1590 3859 1728 3916 prm-

27 3985 30 3994 ς
117 3937 288 3994 sumis
317 3937 734 4016 reprehendere
755 3937 889 3993 alios
903 3937 971 3994 de
985 3938 1186 4011 minori
1205 3939 1376 4015 _vitio,
1395 3954 1520 3993 cum
1539 3947 1592 3993 tu
1613 3955 1728 3994 ma-

107 4027 212 4097 jori
233 4029 372 4086 vitio
387 4029 654 4110 labores?
671 4030 952 4097 Quomodo
976 4030 1146 4087 audes
1167 4031 1568 4101 reprehendere
1591 4030 1726 4086 iram

24 4177 26 4180 ,
114 4122 324 4189 fratris,
351 4138 484 4194 quae
512 4131 602 4178 est
623 4121 778 4192 quasi
801 4121 1006 4178 festuca
1030 4123 1082 4178 in
1105 4122 1262 4178 oculo
1279 4122 1496 4188 mentis,
1525 4138 1647 4180 cum
1670 4131 1727 4177 tu

108 4213 535 4286 odium,"quod
562 4223 645 4269 est
680 4215 835 4285 quasi
889 4215 1072 4271 trabes
1121 4216 1174 4271 in
1223 4227 1404 4272 mente
1435 4225 1564 4282 tua,
1617 4231 1726 4272 non

23 4363 26 4366 ,
109 4306 526 4376 reprehendas.
561 4304 853 4376 Hypocrita
876 4347 892 4374 ,
917 4307 1044 4378 ejice
1071 4308 1241 4378 primo
1269 4307 1468 4363 trabem
1489 4308 1552 4364 de
1578 4307 1727 4364 oculo

105 4404 236 4464 tua,
267 4408 323 4453 et
367 4407 510 4452 tunc
545 4399 823 4468 perspicies
862 4408 918 4452 ut
957 4399 1148 4453 educas
1192 4398 1444 4468 festucam
1475 4399 1541 4454 de
1576 4399 1726 4453 oculo

1826 3291 1968 3348 bona
1988 3332 2003 3354 ,
2035 3293 2194 3348 unius
2217 3294 2516 3350 voluntatis
2542 3304 2689 3350 sunt.
2719 3293 2822 3350 Sed
2853 3295 2997 3349 circa
3026 3294 3250 3349 alterius
3274 3295 3416 3350 bona

1826 3381 2067 3454 propria,
2093 3383 2230 3439 alter
2253 3384 2414 3454 friget
2439 3385 2751 3455 aliquando.
2775 3383 3000 3450 Quando
3029 3393 3210 3440 autem
3243 3383 3414 3454 aliqui

1828 3474 1952 3530 boui
1995 3476 2066 3529 ita
2105 3491 2225 3530 sese
2249 3476 2508 3546 diligunt,
2540 3476 2683 3546 quod
2709 3475 2848 3532 alter
2881 3475 2996 3530 vult
3025 3475 3164 3532 bona
3190 3476 3418 3533 alterius

1828 3565 1971 3621 sicut
1994 3551 2091 3620 sua
2113 3606 2126 3628 ,
2159 3565 2232 3619 illi
2264 3566 2638 3637 proculdubio
2669 3566 2957 3633 unanimes
2982 3577 3132 3622 sunt.
3164 3566 3416 3622 Multitu-

1827 3657 1968 3711 dinis
1995 3658 2354 3734 credentium,
2387 3657 2736 3728 inquit,erat
2774 3675 2870 3712 cor
2911 3674 3099 3725 unum,
3151 3669 3199 3713 et
3237 3659 3416 3713 anima

1829 3766 1936 3806 una
1962 3750 2101 3816 (Act.
2154 3751 2253 3821 tv).
2306 3751 2374 3806 Et
2418 3767 2584 3807 unmn
2620 3752 2848 3832 quidem,
2889 3769 2984 3809 cor
3008 3754 3118 3818 eis,
3158 3754 3414 3824 quoniam

1828 3843 1970 3899 bona
1997 3859 2153 3914 asque
2181 3843 2468 3911 volebant,
2501 3860 2608 3899 una
2639 3860 2772 3901 vero
2800 3845 2982 3903 anima
3011 3854 3128 3902 erat
3156 3847 3256 3913 eis,
3281 3860 3418 3916 quo-

1830 3935 1974 3989 niam
2000 3951 2139 3991 unus
2185 3935 2446 4007 diligebat
2491 3935 2699 4003 alium,
2747 3937 2890 3993 sicut
2952 3938 3190 3994 animam
3237 3953 3416 3995 suam.

1830 4025 2094 4082 llurtatur
2118 4027 2284 4098 igitur
2311 4028 2620 4098 Apostolus
2645 4045 2776 4094 nos,
2809 4040 2868 4086 ut
2897 4031 3066 4086 simus
3104 4031 3415 4099 unanimes,

1829 4119 2099 4190 praecipue
2127 4119 2180 4174 in
2205 4111 2488 4188 oratione,
2515 4120 2568 4177 id
2616 4131 2702 4177 est
2731 4123 2786 4178 in
2837 4124 3076 4195 optando
3105 4133 3155 4180 et
3186 4124 3418 4195 petendo

1828 4209 1990 4266 bono.
2041 4209 2155 4265 Una
2206 4202 2363 4267 enim'
2401 4199 2596 4269 oratio.
2629 4213 2922 4290 plurimum
2957 4214 3196 4270 fidelium
3220 4255 3236 4281 ,
3272 4215 3320 4272 si
3347 4215 3421 4271 sit

1830 4305 2138 4374 unanimis,
2173 4304 2438 4374 inefﬁcax,
2472 4321 2594 4363 esse
2623 4323 2729 4362 non
2782 4317 2980 4380 potest.
3008 4309 3214 4373 ,Simus
3253 4323 3417 4379 ergo,

1831 4397 2026 4454 fratres
2061 4398 2165 4453 inci
2187 4438 2203 4464 ,
2229 4398 2284 4454 in
2314 4399 2564 4455 oratione
2610 4400 2925 4467 unanimes,
2964 4416 3070 4456 non
3116 4400 3289 4456 solum
3321 4417 3421 4456 cre-

20 4552 22 4582 ζ
106 4487 300 4554 fratris
323 4489 439 4544 tui.
482 4488 654 4556 Quasi
687 4489 1197 4545 diceretzprimum
1234 4490 1462 4560 teipsum
1491 4491 1724 4562 corrige,
1758 4492 1964 4591 l)teris
2012 4491 2438 4564 fidelibus,,scd
2489 4495 2654 4574 etiam
2706 4494 3077 4564 unusquisque
3125 4493 3230 4549 sibi
3286 4493 3412 4565 ipsi.

20 4573 22 4582 ’
103 4581 152 4637 si
182 4581 332 4638 alios
372 4583 468 4640 vis
497 4582 797 4653 corrigere,
822 4583 998 4654 primo
1023 4582 1258 4654 teipsum,
1279 4583 1500 4649 munda,
1524 4583 1568 4639 si
1591 4584 1726 4640 alios

16 4661 22 4673 ’
101 4678 190 4733 vis
219 4679 542 4735 mundare.
591 4677 815 4750 Oportet
845 4679 988 4735 enim
1023 4689 1082 4735 ut
1128 4696 1323 4736 manus
1374 4681 1446 4736 sit
1493 4681 1749 4746 munda,

97 4786 228 4843 quas
274 4773 437 4829 alias
496 4771 618 4828 vult
664 4773 959 4840 mundare,
991 4787 1094 4838 ne,
1130 4771 1176 4828 si
1210 4772 1374 4828 fuerit
1417 4772 1725 4842 immunda,

17 4859 19 4863 ’
97 4872 254 4920 tacta
284 4864 561 4921 deterius
597 4864 936 4934 coinquinet.
966 4863 1096 4919 lude
1124 4863 1386 4919 Dominus
1407 4864 1474 4919 de
1505 4865 1730 4921 muliere

93 4955 152 5012 in
188 4956 501 5012 adulterio
528 4954 862 5027 deprehensa
888 4995 904 5021 ,
934 4954 1012 5010 ait
1039 4971 1054 5010 :
1099 4954 1204 5022 Qui
1237 4956 1350 5010 sine
1377 4962 1590 5025 peccato
1619 4964 1747 5021 est,‘

91 5051 315 5125 primus
347 5050 414 5104 in
443 5064 585 5106 eam,
614 5047 842 5119 lapidem
871 5048 1041 5102 mittat
1074 5046 1257 5119 (Joan.
1289 5048 1623 5122 vul).-Quasi
1651 5049 1753 5106 di-.

16 5135 18 5144 λ
93 5153 259 5200 ceret
292 5161 310 5199 :
348 5143 602 5214 Oportet
629 5141 848 5214 quidem
887 5139 1221 5197 utadulteri
1255 5141 1590 5212 iudicentur,
1634 5141 1731 5198 sed

89 5251 123 5300 a,
146 5236 378 5303 castis;
429 5245 502 5290 ut
529 5233 780 5308 malitiosi
805 5233 1154 5298 damnentur,
1189 5233 1284 5288 sed
1312 5233 1384 5289 ab
1409 5232 1751 5306 innocenti-_

86 5328 242 5405 bus;
276 5337 347 5384 ut
379 5327 476 5383 rei
511 5326 877 5403 corrigantur,
902 5323 996 5382 sed
1021 5340 1050 5378 a
1069 5323 1483 5399 justis.,ltaque,
1510 5324 1748 5398 fratres,

87 5425 135 5479 si
166 5439 356 5498 quem
387 5419 660 5495 volumus
691 5419 1096 5494 reprehendere
1117 5459 1132 5485 ,
1166 5418 1344 5488 primo
1374 5419 1662 5477 videamus
1686 5420 1730 5476 si

83 5517 320 5583 similes
350 5515 408 5571 ei
445 5512 650 5577 simus.
677 5513 831 5590 Quod
862 5513 908 5569 si
937 5527 1124 5575 sumus
1140 5541 1168 5579 ,α
1188 5512 1393 5590 pariter
1416 5511 1750 5588 ingemisca-

81 5625 218 5666 mus
240 5643 260 5677 ,
289 5617 366 5673 et
399 5588 698 5671 nonueum‘,
728 5605 885 5662 nobis
908 5588 1318 5683 obtemperare,
1349 5604 1442 5660 sed
1469 5620 1592 5660 eum
1615 5605 1750 5675 fpa-.

81 5683 1297 5775 riternobiscum,emendarinmoneamus.
1328 5696 1481 5765 Quod
1530 5697 1575 5753 si
1625 5713 1732 5753 non

77 5809 300 5849 sumus
335 5770 610 5856 similes,
639 5791 766 5862 quia
804 5799 1007 5860 tamen
1035 5773 1163 5847 olim
1207 5790 1408 5845 fuimus
1430 5789 1574 5869 ,vel
1611 5806 1732 5846 esse

73 5876 444 5963 petuimus,
479 5881 534 5939 ei
566 5869 1062 5942 condescendainus
1089 5868 1192 5972 act
1216 5898 1321 5939 non
1351 5897 1418 5939 ex
1451 5868 1596 5952 odio,
1629 5885 1724 5940 sed

1832 4585 1986 4640 Sicut
2019 4585 2162 4641 enim
2194 4586 2286 4643 ille
2316 4588 2426 4657 qui
2464 4587 2616 4654 male
2668 4587 2902 4657 petendo
2949 4586 3018 4641 ab
3063 4585 3419 4642 unanimitate

1830 4675 2086 4732 Ecclesiae
2121 4678 2436 4744 discordat,
2472 4678 2743 4754 indignus
2790 4686 2874 4734 est
2918 4677 3163 4733 exaudiri
3201 4695 3215 4732 :
3256 4677 3331 4732 ita
3362 4685 3419 4732 et

1833 4763 1924 4820 ille
1951 4767 2102 4837 quia
2135 4767 2278 4823 bono
2318 4768 2462 4839 quod
2510 4768 2805 4838 postulavit
2832 4768 2887 4823 in
2935 4768 3182 4823 oratione
3217 4782 3313 4838 per
3340 4783 3420 4823 rc-

1832 4857 2064 4927 probam
2095 4860 2261 4914 vitam
2293 4860 2502 4915 discors
2550 4868 2654 4916 est.
2684 4860 2750 4915 Et
2782 4860 3040 4930 quoniam
3089 4859 3420 4915 unanimitas

1834 4964 1932 5020 per
1983 4951 2412 5019 compassionem
2460 4951 2700 5008 maxime
2747 4951 3106 5022 dignoscitur,
3167 4952 3419 5007 hortatur

1833 5043 2225 5114 subsequenter
2255 5057 2353 5098 nos
2384 5043 2662 5113 apostolus
2681 5084 2696 5108 ,
2742 5052 2801 5098 ttt
2845 5044 3016 5100 simus
3046 5044 3418 5114 compatientes

1833 5132 2163 5204 patientibus
2183 5173 2198 5199 ,
2229 5148 2335 5188 non
2367 5133 2608 5201 fictione,
2631 5143 2692 5190 ut
2718 5135 2928 5190 faciunt
2953 5135 3262 5192 adulatores
3279 5175 3296 5202 ,
3321 5136 3418 5192 sed

1833 5239 1961 5282 vera
1994 5217 2191 5282 mentis
2233 5225 2548 5293 affectione,
2587 5216 3164 5298 nostrorumfratrum
3201 5230 3420 5287 dolores

1834 5328 1891 5377 et
1915 5321 2112 5376 damna
2161 5319 2412 5376 faciendo
2458 5330 2678 5387 nostra,
2705 5331 2766 5378 ut
2792 5322 3028 5380 faciebat
3069 5323 3274 5380 Paulus
3325 5324 3417 5396 qui

1835 5413 2052 5470 dicebat
2101 5430 2117 5468 :
2167 5413 2299 5480 Quis
2346 5415 2678 5486 infirmatur,
2726 5426 2777 5472 et
2814 5421 2923 5490 'ego
2959 5435 3094 5474 'nnn
3143 5418 3421 5488 inﬁrmor.’

1838 5505 1971 5573 Quis
2011 5507 2430 5577 scandalizatur,
2459 5518 2549 5581 _et_
2580 5526 2688 5588 ego,
2723 5527 2826 5566 non
2859 5512 3048 5580 uror?
3089 5509 3141 5583 (I
3181 5509 3304 5565 Cor.
3337 5509 3416 5582 ιι.)

1836 5594 2206 5674 Οαδιιξιιάειιιιιιε⁸
2225 5617 2323 5672 per
2351 5605 2783 5674 compassionem
2812 5618 2912 5660 nos
2940 5618 3068 5660 vere
3096 5618 3218 5660 esse
3248 5619 3418 5658 mcm-

1836 5695 1932 5754 bra
1966 5693 2167 5750 Christi
2216 5705 2272 5750 et
2319 5694 2595 5753 Ecclesiae.
2634 5697 2700 5754 Ut
2749 5697 3205 5768 quemadmodum
3235 5697 3287 5773 in
3321 5697 3419 5752 hu-

1839 5801 2001 5845 mano
2051 5801 2278 5858 corpore
2345 5787 2560 5848 dolente
2623 5805 2730 5846 uno
2799 5789 3072 5854 membro,
3100 5788 3418 5847 ,condoleut

1835 5890 2031 5939 caetera
2061 5879 2304 5937 membra
2331 5921 2345 5948 ,
2377 5881 2455 5940 sic
2490 5891 2544 5938 et
2580 5896 2680 5940 nos
2708 5881 3076 5954 proximorum
3108 5889 3414 5938 nostrorum
