3896 6320
465 312 621 373 i987.

1453 297 1884 363 ADDENDA.-—
1924 297 2276 362 RADULPIII
2315 297 2663 358 AHDENTIS

3601 298 3722 358 l9“

461 425 810 500 passionlbus
857 420 1281 494 coinpatlamur.
1333 420 1440 476 Nec
1488 422 1540 476 in
1584 435 1650 475 eo
1697 421 1838 490 quod
1867 420 2048 490 proxi-
2076 425 2123 483 Α
2157 429 2300 473 tutes
2327 417 2651 490 acquisisse,
2683 419 2906 475 occasio
2931 416 3220 490 superbiae
3253 413 3382 480 fuit,
3415 423 3471 470 et
3503 418 3613 486 quia
3629 419 3730 488 gis»

462 533 585 590 pros
619 526 838 573 nostros
866 515 1098 572 afﬂictos
1125 517 1390 579 videmus,
1413 527 1510 570 eos
1533 512 2052 581 tanquam-inferio-

465 615 556 667 res
585 615 644 665 et
673 607 904 663 miseros
939 607 1391 669 contemnamus,
1440 614 1498 664 ut
1549 603 1758 656 faciunt
1799 602 2047 671 quidam,

463 703 588 776 qui,
615 701 743 757 licet
766 701 896 755 dent
926 700 1092 755 multa
1123 697 1447 770 pauperibus
1477 735 1491 759 ,
1519 704 1698 750 tamen
1723 695 1824 752 hoc
1849 695 2052 748 faciunt

467 796 648 870 potius
675 805 740 848 ex
786 792 1027 848 mandati
1057 791 1368 851 coactione,
1403 801 1565 858 quam
1593 801 1658 841 ex
1693 785 2054 842 fraternitatis

469 888 776 944 dilectione.
811 887 1041 957 Propter
1067 885 1167 940 hoe
1189 881 1434 951 adiungit
1457 881 1769 952 Apostolus,
1800 881 2054 952 fraterni-

470 982 592 1036 tatis
619 993 902 1043 aniatores,
933 989 988 1033 ut
1018 977 1230 1034 scilicet
1255 991 1416 1046 super
1443 989 1538 1030 eos
1570 989 1674 1030 non
1698 977 1932 1046 superbe
1955 989 2054 1032 nos

469 1071 810 1131 extollatnus,
841 1069 934 1124 sed
962 1068 1140 1138 potius
1167 1067 1219 1120 in
1247 1063 1460 1135 aequum
1503 1065 1918 1130 descisndentes,
1961 1079 2054 1122 eos

471 1161 726 1230 tanquam
761 1160 956 1213 fratres
977 1157 1130 1212 nobis
1153 1171 1517 1226 corequemus.
1553 1155 1657 1210 Sed
1688 1166 1743 1211 et
1776 1171 1902 1226 erga
1937 1156 2057 1212 illos

468 1254 560 1322 qui
591 1251 763 1306 nostri
799 1251 988 1304 auxilii
1013 1250 1256 1320 indigere
1293 1264 1401 1304 non
1439 1249 1710 1314 videntur,
1738 1249 2057 1306 fraternita-

472 1349 544 1402 tis
571 1355 843 1398 amatores
871 1345 1061 1407 simus,
1107 1342 1188 1398 eis
1226 1352 1413 1397 nostra
1445 1343 1939 1407 communicantes,
1976 1343 2056 1398 eis

467 1437 642 1494 olIicia
671 1437 956 1493 charitatis
1009 1435 1352 1499 exhibentes,
1409 1447 1506 1489 eos
1561 1442 1822 1504 tauquam
1857 1434 2056 1488 fratres

467 1531 676 1588 Christi
697 1531 997 1601 diligentes.
1018 1525 1139 1584 Non
1173 1530 1344 1584 simus
1367 1529 1436 1583 de
1461 1543 1686 1584 numero
1719 1526 1930 1580 illorum
1959 1526 2053 1596 qui

468 1625 568 1680 soli
595 1625 698 1681 sibi
730 1625 940 1686 vivunt,
969 1621 1100 1678 nulli
1130 1621 1583 1686 familiaritatem,
1615 1619 1742 1676 nulli
1771 1619 2060 1674 charitatis‘

467 1715 700 1770 oﬂicium
741 1715 1084 1778 exhibentes,
1125 1723 1180 1768 et
1215 1714 1370 1782 quasi
1411 1713 1658 1767 homines
1695 1727 1802 1766 non
1849 1705 2049 1773 essent,

471 1821 590 1863 etim
625 1809 769 1863 nullo
798 1809 1018 1863 homine
1044 1807 1231 1876 aliqua
1263 1806 1574 1862 vinciuntur
1601 1805 1900 1860 adectioue.
1945 1803 2056 1860 Hos

471 1901 684 1970 tepidos
741 1901 1007 1965 homines,
1063 1907 1228 1953 vocat
1277 1898 1567 1970 Apostolus
1613 1900 1725 1952 sine
1755 1898 2074 1966 affectione,-

469 1990 580 2044 siue
609 1991 820 2061 findere,
863 1992 974 2044 sine
1016 1991 1382 2044 misericordia
1418 1989 1590 2056 (Rom.
1633 1990 1697 2056 ι).
1732 1988 1841 2042 Hos
1888 1989 2072 2043 etiam-

470 2085 584 2154 ipsa
615 2084 770 2138 bruta
799 2083 1058 2138 animalia
1089 2086 1370 2148 damnant,
1395 2097 1514 2151 quas
1555 2082 1637 2136 sui
1669 2081 1883 2152 generis
1938 2083 2056 2136 ani-

470 2174 631 2232 malia
675 2173 910 2245 qudam
945 2173 1295 2228 fraternitate
1342 2169 1564 2244 diligere
1615 2174 1812 2228 solent.
1871 2171 2057 2242 Equus

470 2267 677 2322 socium
702 2281 858 2321 suum
885 2267 1302 2336 subsequentem
1331 2275 1634 2338 exspectat,
1657 2266 2054 2338 praecedentem

469 2357 728 2416 libentius
749 2358 1120 2428 subsequitur,
1143 2361 1421 2413 absentem
1447 2359 1741 2421 desiderat,
1771 2365 1826 2411 et
1854 2357 2054 2412 hinnit.

471 2447 614 2516 Quid
647 2464 782 2519 ergo
805 2449 968 2505 debet
1009 2449 1190 2505 facere
1221 2448 1503 2506 rationalis
1531 2450 1812 2507 creatura?
1834 2450 1899 2504 Et
1920 2463 2056 2520 quo-

472 2543 616 2596 niam
652 2543 874 2613 quidam
922 2541 1049 2597 licet
1075 2545 1506 2614 compassionem
1547 2555 1599 2601 et
1651 2545 2053 2600 fraternitatem

467 2635 789 2706 quibusdam
815 2635 1135 2701 exhibeant,
1163 2643 1342 2694 tamen
1373 2639 1426 2692 in
1449 2653 1544 2693 eos
1570 2639 1658 2708 qui
1685 2653 1744 2694 se
1777 2638 2052 2703 ltcscrunt,

474 2730 931 2787 itnntisericordes
961 2739 1107 2786 sunt.
1153 2732 1336 2798 Addit,
1368 2735 1756 2798 misericordes,
1801 2732 2058 2788 videlicet

469 2823 536 2876 a’d
567 2824 914 2879 dimittendas
952 2824 1178 2893 injurias
1204 2827 1361 2881 nobis
1385 2827 1578 2881 illatas.
1611 2825 1723 2882 llac
1752 2825 1897 2881 enim
1924 2841 2056 2882 con-.-

467 2915 671 2970 ditione
697 2917 948 2987 astringit
973 2933 1072 2972 nos
1107 2917 1392 2982 Dominus,
1432 2928 1513 2983 ut,
1541 2918 1584 2972 si
1620 2919 1868 2972 volumus
1895 2917 2056 2973 nobis

469 3007 686 3070 dimitti,
731 3009 1088 3065 dimittamus.
1138 3010 1313 3065 Aliter
1370 3011 1502 3066 nihil
1548 3027 1578 3065 a
1624 3011 1733 3066 Deo
1776 3010 1936 3065 uobis
1966 3011 2052 3066 di-

2085 1783 2132 1850 Β

470 3100 728 3154 mittetur.
807 3100 961 3156 Unde
1013 3104 1269 3158 Dominus
1313 3104 1374 3186 in
1433 3104 1696 3159 Oratione
1765 3104 2121 3203 Dominicac

468 3191 570 3245 sub
598 3191 702 3246 hac
734 3193 1049 3248 conditione
1077 3193 1322 3262 praecipit
1354 3209 1453 3248 nos
1483 3194 1760 3263 postulare
1797 3194 1899 3249 hoc
1929 3208 2048 3248 mo-

471 3285 538 3338 do
569 3301 584 3339 :
615 3283 832 3338 Dimitte
875 3287 1022 3339 trabis
1047 3287 1218 3340 debita
1251 3299 1452 3353 nostra,
1485 3290 1618 3342 sicut
1641 3297 1689 3342 et
1714 3305 1806 3343 nos
1833 3290 2055 3343 dimitti-

468 3393 583 3432 mus
605 3378 923 3434 debitoribus
945 3382 1135 3434 nostris
1159 3381 1371 3453 (Matth.
1407 3395 1490 3448 vt;
1521 3381 1687 3436 Marc.
1724 3387 1816 3454 it).
1850 3383 2054 3439 Deinde

467 3474 852 3528 aulicoulinuat
905 3474 1093 3529 dicens
1149 3493 1164 3529 :
1223 3477 1282 3530 Si
1331 3491 1433 3528 non
1487 3477 1789 3529 rentiseritis
1837 3487 2051 3545 peccata

466 3566 721 3636 fratribus
753 3569 933 3622 vestris
961 3585 1026 3622 ea:
1064 3570 1308 3623 cordibus
1345 3573 1548 3634 vestris,
1572 3587 1661 3623 nec
1692 3570 1854 3624 I'atcr
1886 3582 2054 3626 vester

467 3659 688 3713 scelestis
729 3661 950 3714 dimittet
981 3663 1120 3715 vobis
1146 3661 1370 3729 (lbid.).
1405 3662 1462 3716 Si
1494 3679 1642 3733 ergo,
1681 3663 1876 3716 fratres
1919 3664 2051 3729 mei,

464 3751 712 3806 volumus
748 3768 1020 3805 smnmmn
1045 3751 1283 3821 judicent
1339 3754 1743 3808 misericordem
1784 3755 2048 3825 invenire,

461 3845 634 3901 simus
667 3854 720 3900 et
750 3845 849 3914 ipsi
885 3845 937 3898 in
969 3859 1061 3900 eos
1085 3847 1178 3916 qui
1227 3862 1325 3901 nos
1355 3846 1608 3900 hoscrunt
1641 3847 2046 3905 misericordes.

463 3937 597 3994 Nam
625 3939 887 4009 judicium
917 3939 1033 3995 sine
1060 3940 1431 3996 misericordia
1458 3939 1547 3995 lict
1572 3944 1621 3995 ei
1662 3943 1750 4010 qui
1782 3959 1886 3998 non
1920 3943 2050 3998 fecit

466 4031 892 4088 misericordiam
925 4033 1067 4104 (Jac.
1099 4036 1181 4104 tt).
1217 4035 1315 4099 Et,
1347 4035 1601 4105 quoniam
1632 4035 1849 4105 quidam
1887 4037 2048 4092 nimis

463 4133 591 4178 sunt
646 4127 1028 4182 misericordes
1083 4128 1136 4182 in
1199 4113 1477 4195 subjectos
1529 4141 1838 4199 peccantes,
1875 4130 2044 4196 addit,

467 4216 709 4270 modesti.
755 4217 1058 4283 Modestis,
1109 4219 1306 4274 fratres
1357 4221 1482 4284 mei,
1537 4231 1618 4276 cst
1655 4222 1810 4285 libra,
1863 4223 2050 4277 condi-

465 4315 728 4373 mentum,
773 4318 826 4365 el
883 4307 1241 4380 temperantia
1290 4321 1607 4366 ett-terarum
1660 4315 1940 4379 virtutum,
1992 4321 2048 4368 et

463 4402 580 4456 sine
609 4418 692 4468 ea,
727 4415 832 4459 neu
863 4406 1115 4468 virtutes,
1151 4404 1244 4458 scd
1273 4404 1400 4458 vitia
1434 4416 1579 4459 sunt.
1607 4405 1869 4462 Modestia
1901 4408 2045 4462 enim

2153 514 2367 570 rian’tur
2407 525 2466 566 se
2490 512 2620 565 vitia
2648 513 2943 577 devicisse,
2994 512 3400 567 devincuntnr.
3434 507 3577 574 Quod
3617 513 3714 568 bene

2152 606 2493 677 significatur
2522 619 2621 674 per
2652 604 2978 660 Eleazarum
3013 604 3107 675 qui
3142 604 3250 658 sub
3282 601 3578 670 elephants
3597 617 3714 674 quem

2151 703 2352 758 occidit
2390 701 2682 766 occubuit;
2735 701 2892 771 quasi
2941 700 3096 756 enim
3151 699 3261 754 sub
3289 703 3570 768 prostrato
3603 697 3716 756 hoste

2155 794 2558 866 prosternitur,
2617 794 2708 864 qui
2765 793 2835 849 de
2879 793 3109 848 victoria
3166 791 3440 846 vitiorum
3497 790 3715 848 elevatur.

2154 887 2408 952 Proinde,
2446 887 2643 941 fratres
2668 887 2793 949 mei,
2835 886 3114 956 propriam
3147 898 3613 955 recognoscamus
3653 886 3714 938 in-

2156 981 2495 1046 firmitatem,
2535 980 2628 1049 qui
2652 980 2786 1034 nihil
2819 995 2886 1033 ex
2919 978 3078 1035 uobis
3101 978 3258 1043 boni,
3283 979 3390 1032 sed
3413 981 3610 1031 tantum
3628 992 3721 1047 pee-

2156 1081 2276 1127 oata
2310 1081 2618 1142 possumus.
2649 1069 2706 1126 Si
2723 1071 2867 1140 quid
2903 1063 3043 1126 botti'
3085 1069 3390 1134 habemus,
3429 1081 3540 1126 non
3580 1071 3718 1137 nobis,

2157 1163 2249 1220 sed
2271 1167 2382 1220 Deo
2407 1165 2785 1219 attribuamus.
2815 1163 3103 1232 Nunquam
3132 1153 3203 1216 de
3226 1162 3470 1227 viribus,
3492 1170 3726 1230 nuntium

2158 1257 2224 1311 de
2253 1258 2462 1311 meritis
2486 1256 2709 1320 nostris,
2743 1255 2838 1310 sed
2869 1254 2934 1309 de
2956 1254 3070 1308 sola
3099 1253 3198 1310 Dei
3225 1251 3604 1310 misericordia
3627 1261 3722 1307 eoas

2164 1352 2414 1405 fidamus.
2453 1351 2698 1422 Dumque
2748 1357 2936 1405 smnus
2990 1350 3043 1404 in
3097 1349 3316 1402 lubrica
3375 1346 3540 1415 hujus
3580 1345 3724 1401 muli

2161 1445 2270 1508 via,
2305 1459 2521 1514 semper
2576 1446 2887 1511 timeamus,
2945 1454 2998 1500 et
3044 1459 3217 1516 quam
3270 1443 3459 1514 magni
3503 1451 3619 1497 ante
3647 1449 3721 1500 nos

2157 1536 2477 1591 ceciderunt
2518 1537 2901 1608 recogitemus.

2231 1629 2492 1699 Sequitur
2513 1647 2640 1702 pars
2670 1631 2929 1700 secunda,
2960 1632 3012 1686 in
3041 1646 3149 1702 qua
3173 1641 3366 1687 monet
3398 1646 3501 1686 nos
3546 1637 3725 1700 aposto-

2160 1721 2244 1776 lus
2274 1722 2340 1776 ad
2369 1721 2648 1777 meliorem
2679 1724 3118 1790 retributionem,
3146 1725 3340 1779 dicens
3397 1727 3416 1777 :’
3472 1723 3592 1778 Non
3635 1726 3726 1778 red-

2158 1821 2336 1868 dentes
2367 1814 2565 1868 malum
2594 1831 2690 1884 pro
2738 1814 2902 1880 malo,
2955 1832 3046 1870 nec
3094 1817 3447 1870 maledictum
3476 1831 3571 1884 pro
3595 1815 3726 1868 mele-

2157 1907 2319 1972 dicto,
2366 1905 2456 1960 sed
2515 1907 2812 1960 econtrario
2861 1907 3244 1963 benedicentes.
3295 1907 3475 1963 Porro
3527 1917 3728 1978 quatuor

2158 2009 2284 2054 sunt
2310 1999 2719 2055 retributiones.
2753 1999 3002 2056 Reddere
3027 2001 3228 2056 malum
3259 2017 3362 2072 pro
3405 2002 3551 2058 bono
3581 2018 3599 2057 :
3627 2003 3726 2056 red-

2159 2089 2285 2148 dere
2315 2091 2517 2148 bouum
2549 2108 2646 2162 pro
2675 2092 2838 2160 malo,
2890 2092 3115 2149 reddere
3145 2094 3347 2148 malum
3374 2109 3477 2164 pro
3512 2095 3661 2158 malo,
3685 2102 3726 2149 tt

2160 2183 2384 2238 reddere
2411 2184 2609 2239 bonum
2638 2199 2736 2253 pro
2752 2185 2913 2238 bono.
2941 2183 3122 2239 Prima
3153 2193 3235 2240 est
3261 2185 3490 2250 diaboli,
3510 2195 3562 2241 et
3587 2203 3728 2240 mem-

2159 2277 2382 2331 brorum
2416 2291 2674 2343 suorum;
2707 2278 2940 2332 secunda
2970 2283 3053 2332 est
3110 2277 3317 2332 Christi
3367 2286 3425 2332 et
3482 2280 3728 2332 membro.

2160 2383 2278 2421 rum
2315 2381 2580 2433 suorum;
2623 2368 2781 2422 tertia
2817 2367 3167 2423 mediocriter
3213 2370 3489 2423 malorum
3516 2386 3531 2434 ;
3561 2381 3730 2439 quarta

2170 2461 2832 2515 medioeriterhonorum.
2868 2461 3129 2516 Dominus
3161 2463 3214 2516 in
3264 2463 3553 2533 Evangilio
3572 2473 3732 2517 estea-

2158 2554 2234 2610 dit
2271 2570 2375 2608 non
2433 2553 2676 2609 sufﬁcere
2702 2555 2746 2608 si
2778 2555 2978 2609 bonum
3011 2571 3109 2624 pro
3140 2557 3285 2610 bono
3337 2555 3727 2619 reddiderimus,

2159 2645 2264 2700 nisi
2312 2646 2477 2701 etiam
2510 2648 2709 2700 bonum
2741 2659 2841 2716 pro
2887 2645 3031 2700 malo
3081 2645 3401 2713 reddamus,
3444 2642 3732 2700 diceuszﬁ

2161 2737 2390 2809 diligitis
2421 2755 2509 2792 eos
2541 2739 2632 2805 qui
2668 2754 2753 2792 vos
2783 2739 3030 2808 diligunt,
3064 2756 3222 2810 quam
3271 2741 3558 2794 mercedem
3597 2741 3732 2792 liabe-

2159 2829 2278 2882 bitis
2307 2830 2332 2882 ἒ
2373 2829 2563 2882 Nonne
2606 2837 2654 2882 et
2707 2831 2920 2884 (ethnici
2968 2831 3064 2884 hoc
3097 2831 3350 2898 faciunt!
3395 2831 3506 2885 Sed
3556 2832 3734 2900 diligite

2159 2922 2398 2976 inimicos
2425 2931 2646 2984 vestros,
2669 2932 2715 2975 et
2748 2921 3040 2990 benefacito
3067 2923 3149 2977 his
3177 2925 3268 2993 qui
3321 2925 3548 2978 oderunt
3569 2940 3664 2985 eos,
3693 2934 3735 2977 ct

2159 3022 2407 3080 oratepro
2419 3012 2842 3081 persequentibus
2864 3022 2912 3067 et
2941 3012 3398 3066 calumniantibus
3418 3029 3508 3066 eos
3537 3011 3732 3083 ωηερε.

2158 3107 2298 3174 LIII).
2331 3104 2444 3161 Hoc
2477 3106 2614 3161 idem
2655 3107 2787 3159 dicit
2828 3105 2916 3160 hic
2945 3107 3241 3177 apostolus,
3285 3117 3342 3162 et
3373 3108 3521 3176 quod
3567 3108 3637 3161 ita
3667 3107 3734 3160 fa-

2157 3198 2408 3252 ciendum
2436 3198 2554 3264 isit,
2589 3197 2782 3267 probat
2829 3199 3088 3254 subdens.
3125 3197 3261 3263 Quia
3319 3199 3374 3251 in
3423 3199 3525 3250 hoc
3586 3200 3736 3252 rotati

2155 3289 2300 3354 estis,
2332 3300 2387 3344 ut
2438 3291 2848 3344 benedictionem
2873 3291 3179 3344 hereditate
3231 3292 3571 3360 possidentis.
3599 3294 3670 3344 Ac
3695 3289 3736 3346 si

2157 3394 2344 3454 aperte
2373 3385 2515 3439 dicat
2569 3401 2581 3436 :
2623 3382 2737 3438 Non
2771 3382 3130 3446 maledicatis,
3165 3385 3257 3436 sed
3282 3385 3473 3452 potius
3502 3385 3636 3438 bene
3659 3384 3734 3436 di—

2159 3478 2316 3539 catis,
2343 3479 2469 3546 quia
2503 3479 2569 3530 ad
2595 3486 2854 3531 artcrnam
2888 3476 3326 3530 benedictionem
3389 3476 3567 3530 vocati
3597 3477 3736 3529 estis.

2157 3569 2272 3623 Non
2297 3569 2442 3622 enim
2473 3570 2539 3622 de
2565 3569 2705 3622 malo
2741 3568 2950 3622 semine
2993 3567 3132 3620 bona
3161 3583 3338 3636 seges,
3379 3584 3482 3622 nec
3518 3571 3581 3622 de
3610 3569 3740 3623 malo

2155 3662 2351 3716 merito
2405 3661 2541 3714 bona
2591 3675 2802 3714 merces
2855 3659 3160 3728 colligetur.
3221 3659 3355 3725 Quir
3396 3661 3554 3725 enim,
3588 3662 3740 3713 utait

2153 3754 2374 3818 Paulus,
2409 3755 2738 3807 seminaverit
2771 3755 2924 3806 homo
2943 3794 2956 3816 ,
2992 3753 3104 3805 lucc
3127 3763 3174 3805 et
3198 3761 3357 3806 περίτι
3389 3753 3536 3810 (Gai.
3562 3755 3658 3822 vt).
3686 3753 3740 3807 Si

2153 3863 2303 3916 ergo,
2331 3846 2529 3900 fratres
2562 3846 2688 3910 mei,
2731 3855 2990 3900 mternam
3024 3844 3466 3899 benedictionem
3489 3848 3740 3912 corisequi

2152 3938 2422 3998 volumus,
2456 3952 2731 4005 nunquam
2761 3935 2920 4001 male,
2952 3937 3046 3988 sed
3085 3951 3303 4007 semper
3337 3939 3740 3993 benedicamus.

2154 4030 2209 4084 Si
2246 4040 2449 4084 aiterna
2500 4029 2638 4086 bona
2667 4033 2925 4100 consequi
2957 4031 3234 4095 volumus,
3264 4048 3542 4102 nunquam
3579 4032 3737 4092 mala,

2152 4124 2244 4176 sed
2283 4137 2499 4190 semper
2522 4124 2657 4176 bona
2688 4123 2970 4178 faciamus.
3000 4123 3276 4194 Scriptum
3301 4133 3383 4179 est
3407 4127 3553 4178 enim
3583 4125 3651 4177 de
3673 4141 3745 4176 re-

2152 4214 2319 4282 probo
2360 4231 2374 4268 :
2409 4213 2609 4267 Dilea‘it
2656 4215 3094 4277 muledictiouem,
3122 4227 3168 4268 et
3199 4219 3366 4269 veniet
3388 4218 3460 4278 ei,
3501 4230 3546 4270 et
3582 4219 3743 4268 uolut

2152 4306 2578 4368 benedictionem,
2605 4315 2652 4359 et
2673 4307 3007 4376 elongabitur
3037 4308 3102 4361 ab
3132 4324 3193 4361 eo
3225 4306 3402 4378 (Psal.
3423 4314 3604 4377 cvm).
3639 4309 3744 4362 llo:

2153 4399 2292 4453 idem
2351 4400 2543 4468 prohat
2587 4401 2913 4456 auctoritate
2961 4400 3264 4456 Psalmistzr.
3316 4403 3548 4457 dicentis
3585 4421 3600 4456 :
3645 4403 3740 4468 θεξ

467 4485 730 4566 temperat
771 4497 1226 4562 misericordiam,
1281 4513 1347 4552 ne
1404 4499 1587 4563 cadat,
1627 4499 1709 4553 Vel
1747 4501 1799 4554 in
1855 4501 2043 4555 larita-
2073 4510 2122 4570 ι)
2149 4494 2285 4546 enim
2317 4496 2419 4546 vult
2456 4494 2614 4546 vitam
2646 4492 2885 4562 diligere,
2910 4504 2955 4547 et
3005 4494 3119 4546 dies
3155 4494 3329 4547 ridere
3351 4494 3534 4557 bonos,
3584 4496 3639 4547 id
3667 4506 3745 4548 est

464 4595 594 4652 tein,
622 4589 702 4642 vel
736 4591 788 4644 in
812 4591 1092 4657 duritiam,
1125 4595 1388 4662 temperat
1421 4591 1585 4646 etiam
1623 4593 1944 4662 sapientiam
1977 4610 2044 4650 ne

462 4679 621 4733 cadat
660 4679 744 4734 vel
783 4681 833 4734 iu
864 4681 1216 4748 caliditatem,
1263 4681 1345 4735 vel
1377 4681 1428 4736 in
1460 4682 1877 4751 hehetudinem;
1907 4693 2046 4740 tem-

461 4778 615 4841 perat
665 4769 1062 4841 fortitudinem,
1118 4789 1186 4827 ne
1236 4775 1394 4828 cadat
1427 4773 1507 4828 vel
1540 4775 1592 4829 in
1627 4775 1930 4841 audaciam,
1959 4775 2042 4832 vel

462 4863 513 4917 i'n
541 4862 921 4932 timiditatem;
959 4875 1224 4937 temperat
1248 4867 1516 4934 justitiam
1547 4884 1613 4922 ne
1643 4869 1802 4923 cadat
1851 4870 1935 4924 vel
1987 4871 2040 4926 in

460 4953 831 5010 credulitatem
863 4957 945 5011 vel
991 4959 1042 5011 in
1090 4957 1492 5028 negligentiam,
1522 4968 1783 5030 temperat
1823 4961 2041 5034 largita.

459 5053 597 5113 tem,
617 5057 683 5102 ne
701 5049 857 5102 cadat
881 5048 963 5102 vel
984 5048 1034 5102 in
1058 5049 1514 5120 prodigalilatem,
1545 5051 1627 5107 vel
1650 5053 1705 5108 in
1729 5055 2038 5110 avaritiam.

459 5138 713 5194 Amemus
730 5155 880 5212 ergo,
903 5140 1098 5196 fratres
1116 5141 1242 5209 mei,
1260 5145 1607 5210 modestiam,
1625 5157 1684 5200 ut
1701 5163 1797 5218 per
1816 5163 1936 5202 eam
1956 5147 2042 5203 in-

462 5238 544 5287 ter
560 5235 833 5287 contraria
858 5233 986 5288 vitia
1011 5235 1240 5291 mediam
1271 5238 1536 5310 eligamus
1562 5247 1617 5295 ct
1640 5248 1920 5297 teneamus
1938 5241 2044 5298 vir-

462 5333 647 5381 tutem.
675 5327 742 5382 Et
765 5327 1020 5397 quoniam
1041 5332 1255 5386 caeteris
1279 5333 1423 5388 vitiis
1451 5333 1672 5405 fugatis,
1696 5334 1909 5390 demum
1939 5348 2038 5392 nos

458 5418 738 5490 impugnat
763 5422 1038 5492 superbia,
1062 5425 1130 5478 ad
1157 5435 1462 5481 extremum
1507 5443 1607 5482 nos
1639 5437 1825 5483 mouet
1857 5429 1944 5484 hic
1972 5430 2039 5485 ad

457 5511 836 5579 humilitatem,
863 5531 984 5571 cum
1017 5518 1217 5584 subdit,
1252 5519 1497 5575 humiles.
1526 5517 1814 5575 Humilitas
1843 5521 2040 5592 quippe

453 5613 538 5659 est
576 5607 946 5661 conservatrix
983 5609 1262 5664 virtutum.
1316 5610 1383 5664 Et
1433 5611 1524 5680 qui
1581 5611 1699 5666 sine
1735 5611 2042 5666 humilitate

453 5706 678 5752 ca-teras
702 5700 933 5753 virtutes
964 5711 1258 5771 congregat
1307 5703 1463 5772 quasi
1520 5703 1794 5774 pulverem
1827 5703 1879 5758 in
1911 5701 2049 5760 ven-

457 5794 566 5840 tum
598 5798 798 5857 portat.
852 5787 1032 5842 Multis
1064 5791 1261 5860 quippe
1304 5791 1435 5844 vitia
1468 5791 1816 5847 conculcasse
1841 5801 1898 5866 ct
1931 5778 2041 5849 vir;

485 5892 490 5914 τ
524 5901 638 5997 ς55)
670 5901 826 5976 Vulg.
853 5918 963 5960 non
986 5903 1150 5962 habet
1183 5905 1497 5964 audiendas.

2147 4585 2236 4652 qui
2265 4583 2457 4655 diligit,
2483 4592 2537 4638 et
2566 4584 2676 4636 vult
2717 4583 2897 4638 videre
2929 4584 3094 4638 vitam
3145 4593 3408 4638 aeternam
3438 4625 3454 4648 ,
3507 4591 3744 4639 coerceat

2146 4675 2381 4745 linguam
2417 4692 2568 4729 suout
2596 4691 2629 4728 a
2678 4677 2839 4740 rita/0,
2897 4675 3110 4730 scilicet
3159 4676 3456 4744 cogitando
3499 4688 3549 4730 et
3607 4677 3744 4730 (aliis

2144 4769 2258 4838 ejus
2291 4783 2353 4821 ne
2373 4768 2662 4835 loquantur
2681 4767 2865 4818 dolum
2889 4763 3063 4834 (Psal.
3105 4768 3325 4835 sunt).
3374 4766 3618 4821 Decline!
3653 4782 3741 4820 tu-

2145 4869 2247 4912 tem
2271 4876 2304 4912 a
2329 4859 2492 4921 malo,
2532 4857 2794 4912 subaudis
2844 4872 3029 4926 opere,
3064 4858 3116 4912 id
3146 4867 3232 4913 est
3260 4873 3363 4913 nec
3387 4859 3619 4929 cogitet,
3647 4875 3740 4912 nec

2145 4951 2419 5021 loquatur,
2445 4965 2544 5006 nec
2577 4950 2742 5004 faciat
2771 4950 2993 5006 malum.
3048 4951 3114 5004 Et
3141 4953 3269 5020 quia
3321 4953 3425 5008 hoc
3452 4966 3557 5006 non
3589 4950 3740 5006 suﬁ-

2144 5045 2239 5109 cit,
2273 5046 2441 5110 addit,
2471 5055 2517 5099 et
2550 5045 2710 5115 faciat
2745 5046 2958 5098 bonum.
2992 5044 3060 5099 Et
3114 5046 3191 5099 ita
3221 5045 3455 5100 vivendo
3495 5047 3742 5115 inquiras

2143 5152 2331 5207 pacem
2359 5147 2639 5194 aeternam.
2671 5133 2737 5191 Et
2766 5135 2895 5206 quia
2927 5152 3032 5192 non
3061 5145 3242 5205 potest
3284 5138 3372 5192 hic
3403 5137 3492 5192 illa
3517 5151 3736 5192 summa

2143 5245 2249 5300 pax
2284 5230 2493 5295 haberi,
2529 5239 2788 5300 sequatur
2817 5245 2962 5295 eam,
2992 5228 3244 5285 habendo
3275 5245 3466 5302 pacem
3517 5245 3733 5292 secum,

2143 5327 2332 5395 pacein
2355 5340 2480 5380 cum
2507 5325 2775 5395 proximo,
2809 5339 2993 5396 pacem
3019 5326 3206 5389 etiam,
3233 5333 3498 5394 quantum
3522 5326 3584 5378 in
3615 5325 3734 5394 ipso

2142 5426 2245 5483 est,
2278 5431 2402 5472 cum
2459 5412 2701 5483 inimico,
2759 5426 2814 5474 et
2873 5420 2945 5475 ita
2989 5418 3192 5486 peterit
3237 5418 3492 5486 consequi
3542 5427 3730 5486 pacem

2144 5511 2555 5581 sempiternam,
2572 5514 2696 5582 quia
2719 5512 2877 5578 oculi,
2905 5513 2958 5568 id
2987 5524 3094 5579 est,
3118 5527 3398 5587 respectus
3419 5518 3730 5571 misericor-

2144 5604 2265 5669 dite,
2299 5604 2516 5658 Domini
2543 5621 2701 5675 super
2713 5607 2908 5676 justas,
2935 5620 2982 5660 et
3016 5626 3175 5663 aures
3200 5609 3318 5679 ejus
3342 5610 3414 5664 ad
3436 5625 3620 5678 preces
3647 5620 3730 5658 eo-

2144 5715 2258 5753 rum
2306 5697 2602 5752 audiendas
2637 5698 2772 5768 (55).
2810 5698 3002 5754 Vultus
3029 5712 3209 5758 autem
3238 5704 3337 5758 ira:
3375 5703 3489 5774 (56)
3513 5697 3726 5755 Buri

2142 5809 2298 5864 super
2319 5794 2570 5862 facientes
2598 5794 2759 5861 mala_
2776 5793 2985 5864 (Ibid.).
3333 5803 3335 5805 ’

2172 5919 2178 5923 '
2215 5906 2328 5982 (56)
2365 5906 2517 5986 Vulg.
2546 5908 2700 5967 omit.
2721 5908 2834 5970 itte.
