4076 6268
3153 312 3234 318 -ομ
3252 311 3310 317 __.-
3485 311 3642 318 ...ταμφ

1774 776 2410 893 ΝΟΤΙΤΙΑ.

1485 1066 1580 1130 (Ex
1605 1067 1770 1119 Leone
1801 1062 1980 1118 Alla‘tio
2010 1065 2059 1116 in
2086 1064 2301 1119 Diatriba
2340 1067 2413 1119 De
2456 1059 2842 1136 Symeonibus.)

545 1524 619 1579 Dc
647 1524 918 1597 Symcoue
940 1520 1361 1591 archiepiscopo
1389 1517 1873 1575 Thessalonicensi
1906 1517 2022 1573 haec
2051 1518 2380 1587 scripseram
2411 1521 2465 1574 in
2501 1536 2666 1592 Opere
2697 1539 2817 1580 meo
2849 1525 2914 1580 de
2946 1529 3238 1597 utriusque
3266 1530 3528 1587 Ecclesiae
3555 1532 3705 1588 Con-

465 1615 727 1668 sensione
759 1614 900 1667 libro
933 1627 998 1677 u,
1037 1624 1161 1680 cap.
1196 1609 1284 1675 18,
1312 1625 1368 1664 n.
1412 1608 1480 1664 15
1514 1627 1528 1663 :
1570 1627 1588 1660 ι
1626 1605 1742 1662 Hoc
1785 1607 1975 1662 eodem
2028 1615 2271 1671 tempore
2315 1606 2546 1662 ﬂorebat
2596 1610 2832 1679 Symeon
2885 1613 3328 1686 archiepiscopus
3359 1619 3707 1676 Thessaloni-

464 1701 668 1756 censis.
697 1698 850 1755 Vixit
877 1698 1023 1755 enim
1057 1705 1183 1768 post
1213 1696 1586 1763 Barlaamum,
1613 1696 1980 1765 Acindynum,
2009 1693 2310 1759 Palamam,
2341 1693 2659 1766 Gregoram,
2714 1698 3063 1756 Pbilotbeum
3094 1704 3485 1773 patriarcham,
3521 1707 3703 1763 Nilum

465 1789 1039 1852 Thessalonicensem,
1084 1785 1366 1842 Nicolaum
1399 1785 1733 1847 Cabasilam,
1788 1782 1970 1838 Nilum
2004 1782 2374 1852 patriarcham
2409 1784 3102 1856 Constantinopolitanum,
3162 1791 3428 1848 lsidorum
3469 1795 3706 1852 Thessa-

462 1876 824 1941 lonicensem,
860 1889 1094 1946 quorum
1133 1874 1374 1929 omnium
1410 1871 1531 1942 ipse
1588 1871 1644 1925 in
1696 1869 1922 1941 Dialogo
1959 1867 2346 1926 Ecclesiastico
2399 1881 2588 1926 contra
2629 1889 2823 1930 omnes
2865 1874 3130 1945 Haereses,
3163 1889 3218 1934 et
3262 1881 3331 1936 de
3384 1883 3509 1938 aliis
3542 1887 3704 1941 rebus

463 1963 856 2020 ecclesiasticis
899 1962 1172 2018 meminit.
1203 1961 1318 2016 imo
1354 1961 1472 2031 ipse
1499 1959 1555 2014 in
1589 1959 1780 2014 eodem
1812 1957 2036 2025 Dialogo
2067 1967 2073 2015 l

2093 1957 2144 2027 1)
2193 1968 2407 2014 aetatem
2439 1976 2597 2016 suam
2631 1962 2836 2032 prodit.
2879 1964 3203 2034 Ἐξαιρέτως
3233 1968 3290 2022 δὲ
3322 1971 3381 2023 ὲν
3409 1973 3529 2035 ταῖς
3562 1975 3700 2042 ἠμέ-

467 2067 587 2118 ραις
607 2050 768 2120 ἡμῶν
794 2053 1024 2112 ταύταις
1057 2048 1190 2120 περὶ
1229 2047 1402 2116 αὐτῆς
1430 2045 1864 2116 συνεγράψαντο,
1903 2044 2178 2115 πνεύματι
2206 2049 2279 2110 ὡς
2318 2049 2414 2100 καὶ
2447 2049 2602 2102 αὐτοὶ
2636 2050 2792 2114 ὄντες
2827 2054 2892 2104 ὲκ
2919 2053 3056 2118 Θεοῦ
3088 2055 3135 2107 οί
3163 2055 3437 2127 θεηγόροι,
3465 2062 3555 2112 καὶ
3585 2059 3708 2113 θεοφ

463 2137 638 2208 φόροι.
662 2137 757 2190 καὶ
777 2136 1153 2207 χριστοφόροι,
1177 2137 1271 2189 καὶ
1294 2135 1474 2188 ἔνθεοι
1505 2135 1658 2196 ὀντες
1679 2131 1918 2202 άληθῶς.
1943 2131 2032 2185 ὅτε
2048 2136 2105 2186 ἐν
2124 2134 2302 2201 ἁγίοις
2331 2135 2520 2206 Πατὴρ
2543 2137 2704 2205 ἡμῶν
2741 2137 3068 2206 Κάλλιστος,
3107 2144 3136 2194 ὁ
3172 2143 3275 2210 τῆς
3327 2144 3697 2215 βασιλεούσης

460 2222 700 2290 γεγονὼς
730 2223 876 2285 Νέας
915 2221 1136 2293 Ῥώμης
1165 2224 1229 2276 ὲκ
1271 2222 1409 2276 Θεοῦ
1443 2221 1812 2292 πατριάρχης,
1853 2217 1946 2269 καὶ
1975 2220 2002 2272 ὁ
2039 2221 2318 2290 σύμπνους
2361 2222 2510 2293 αὐτῷ
2564 2226 2662 2278 καὶ
2694 2227 3042 2297 συνασκητὴς
3091 2229 3237 2293 ὅσιος
3289 2231 3575 2298 Ἰγνάτιος,
3611 2236 3707 2289 καὶ

462 2310 630 2379 βίϐλῳ
663 2309 846 2379 οίκείᾳ
882 2307 1206 2382 συντεθείσῃ
1238 2308 1370 2378 παρ’
1397 2309 1580 2363 αὐτῶν
1610 2313 2002 2378 πνευματικῶς
2028 2330 2087 2365 τε
2118 2313 2213 2366 καὶ
2243 2313 2572 2381 θεοφρόνως,
2601 2313 2699 2368 καὶ
2727 2314 2850 2370 λίαν
2881 2316 3101 2387 ὑψηλῶς
3135 2320 3542 2389 ἐφιλοσόφησαν
3567 2325 3626 2375 ὲν
3660 2340 3706 2393 ρ’

461 2397 803 2465 κεφαλαίοις,
839 2396 917 2467 τῷ
966 2395 1177 2448 ὲντελεϊ
1219 2396 1441 2466 ἀριθμῷ
1475 2397 1688 2452 τελείαν
1715 2400 1815 2469 τὴν
1849 2401 1981 2468 περὶ
2014 2417 2071 2452 τα

2097 2399 2218 2469 ὀτης
2251 2401 2456 2467 γνῶσιν
2486 2401 2800 2472 ἑκθέμενοι.
2849 2401 3198 2458 Potissimum
3239 2423 3360 2462 vero
3387 2410 3486 2463 hac
3520 2420 3707 2463 nostra

467 2496 623 2542 astate
649 2488 712 2541 de
743 2486 850 2540 vita
894 2488 1191 2540 monastica
1221 2486 1666 2554 conscripserunt,
1701 2485 1910 2554 Spiritu
1950 2497 2204 2556 tanquam
2232 2489 2323 2555 qui
2352 2499 2402 2540 et
2436 2490 2535 2554 ipsi
2565 2504 2630 2540 es;
2664 2488 2770 2542 Deo
2797 2505 2916 2542 cum
2948 2493 3076 2554 sint,
3107 2492 3352 2564 Deiloqui
3384 2506 3433 2549 et
3480 2497 3705 2566 Deifcri.

461 2585 510 2630 et
537 2574 868 2642 Christifrri,
899 2583 946 2627 et
974 2591 1006 2625 a
1036 2573 1142 2628 Deo
1177 2573 1345 2642 a/ﬂati
1380 2589 1496 2627 vere
1527 2575 1805 2638 exsistant,
1841 2583 2056 2626 sanctus
2089 2573 2253 2626 Pater
2300 2585 2482 2626 noster
2511 2574 2788 2641 Callistus,
2820 2592 2909 2646 qut
2955 2576 3130 2648 Regia:
3170 2581 3316 2635 urbis
3350 2600 3494 2637 noua:
3531 2583 3709 2640 Ramw

459 2679 526 2716 ea;
556 2664 658 2716 Deo
685 2663 788 2729 fuit
821 2661 1158 2729 patriarcha,
1186 2671 1234 2713 et
1259 2662 1347 2728 qui
1374 2675 1483 2712 una
1515 2675 1635 2713 cum
1675 2661 1790 2728 ipso
1822 2661 2060 2727 spirabat
2090 2672 2138 2713 et
2177 2660 2570 2713 exercitabatur
2595 2660 2872 2728 confessor
2898 2663 3170 2733 Ignatius,
3201 2677 3249 2721 et
3284 2668 3420 2722 libro
3447 2673 3710 2738 peculiari

461 2756 526 2805 ab
557 2751 666 2805 illis
697 2751 1013 2819 composito,
1049 2750 1430 2820 spiritualiter,
1465 2748 1659 2809 divine,
1685 2758 1735 2802 et
1769 2749 1967 2810 excelse
1993 2748 2148 2802 nimis
2182 2748 2540 2817 philosOpIzati
2569 2758 2714 2814 sunt,
2763 2761 2974 2804 centum
3006 2755 3290 2822 capitibus,
3329 2774 3549 2813 numero
3591 2777 3711 2829 pcr-

471 2839 631 2908 fecto,
665 2839 958 2908 perfectam
999 2838 1062 2891 de
1101 2853 1162 2890 ea
1189 2837 1538 2906 cognitionem
1579 2835 1869 2892 tradentes.
1897 2834 2050 2908 Opus
2083 2835 2292 2889 Callisti
2325 2846 2378 2900 et
2417 2836 2610 2904 lgnatii
2656 2835 2890 2891 habetur
2933 2840 2986 2892 in
3045 2840 3380 2899 Bibliotheca
3411 2845 3706 2903 Barhcrina

461 2921 568 2981 sub
601 2929 703 2982 hoc
731 2929 889 2982 titulo
913 2926 992 2996 (2)
1036 2942 1050 2978 :
1083 2926 1205 2978 Τῶν
1237 2928 1294 2979 ὲν
1319 2925 1672 2994 μονοτρόποις
1697 2925 1994 2996 ἐλαχίστων
2025 2923 2326 2976 Καλλίστου
2355 2925 2452 2976 καὶ
2492 2923 2530 2976 ἰ
2545 2923 2763 2990 γνατίὸυ
2797 2924 2906 2978 τῶν
2938 2927 3329 2985 Ξανθοπούλων
3353 2935 3572 3003 μέθοδος
3614 2939 3710 2989 καὶ

460 3015 642 3068 κανὼν
671 3015 934 3086 ἀκριϐὴς,
974 3018 1070 3069 καὶ
1104 3015 1256 3085 παρὰ
1283 3014 1391 3068 τῶν
1416 3014 1589 3080 ἁγίων
1621 3013 1764 3084 ἔχων
1794 3014 1895 3078 τὰς
1931 3013 2244 3081 μαρτυρίας
2277 3012 2407 3081 περὶ
2432 3009 2542 3065 τῶν
2575 3013 2922 3084 αἱρουμένων
2949 3017 3168 3087 ἡσύχως
3196 3019 3388 3089 βιῶναι
3416 3025 3510 3076 καὶ
3541 3042 3710 3092 μονα..

465 3101 689 3164 στικῶς,
735 3104 864 3173 περί
909 3119 970 3155 τε
1000 3105 1250 3170 ἀγωγῆς,
1280 3103 1376 3154 καὶ
1403 3101 1684 3165 πολιτείας
1725 3103 1821 3155 καὶ
1851 3101 2062 3170 διαίτης
2107 3099 2309 3163 αὐτῶν,
2341 3101 2435 3153 καὶ
2471 3105 2604 3171 περὶ
2651 3101 2744 3154 τοῦ
2775 3103 2918 3156 ὅσων
2952 3107 3160 3174 ἡλίκων
3192 3110 3416 3174 ἀγαθῶν
3442 3110 3708 3180 πρόξενος

461 3191 495 3259 ὴ
538 3189 737 3259 ἡσυχία
784 3190 1118 3243 καθίσταται
1165 3189 1279 3252 τοῖς
1316 3189 1460 3258 λόγῳ
1502 3188 1786 3256 μετιοῦσιν
1815 3190 2004 3257 αὑτήν.
2033 3186 2392 3256 Διακέκριται
2436 3187 2491 3239 δὲ
2535 3190 2569 3258 ὴ
2604 3190 2862 3258 παροῦσα
2891 3193 2986 3244 τοῦ
3039 3193 3202 3262 λόγου
3249 3201 3605 3268 πραγματεία
3649 3201 3708 3253 ἐν

461 3278 781 3345 κεφαλαίοις
809 3283 875 3348 ρ’.
911 3276 1114 3348 Ignatii
1143 3288 1193 3330 et
1225 3275 1444 3330 Callisti
1477 3275 1947 3346 XanthOpulorum
1991 3274 2267 3328 methodus
2297 3283 2348 3327 et
2393 3276 2574 3344 regula
2623 3279 2904 3342 exquisita,
2940 3281 3252 3336 testimoniis
3289 3281 3512 3338 Patrum
3561 3303 3708 3340 rom-

461 3364 682 3434 probata
721 3365 785 3418 de
817 3365 904 3429 iis,
930 3367 1020 3434 qui
1059 3365 1442 3434 eliguntvitam
1478 3365 1710 3433 quietura
1743 3373 1793 3417 et
1823 3362 2192 3429 monasticam,
2227 3374 2276 3418 et
2311 3366 2373 3416 de
2396 3365 2514 3418 vita:
2547 3364 2809 3433 instituto,
2855 3385 2919 3422 ac
2965 3372 3173 3424 ratione
3220 3377 3616 3440 praedictorum,
3659 3389 3708 3432 et

461 3467 682 3520 quorum
718 3452 972 3505 bonorum
1008 3468 1173 3506 causa
1223 3453 1370 3522 quies
1418 3452 1510 3514 sit,
1550 3452 1619 3505 iis
1658 3452 1748 3518 qui
1779 3450 2070 3504 secundum
2099 3452 2359 3504 rationem
2389 3468 2506 3505 eam
2540 3454 2958 3522 amplectuntur.
3008 3457 3152 3525 Opus
3176 3460 3399 3515 divisum
3452 3465 3505 3516 in
3530 3467 3710 3534 capita

462 3551 691 3594 rentum.
735 3538 797 3594 P.
829 3539 976 3591 Ἔδει
1013 3540 1111 3608 μὲν
1143 3541 1293 3609 ἡμᾶς
1321 3539 1464 3596 κατὰ
1508 3540 1635 3600 τοὺς
1661 3537 1836 3600 θείους
1861 3539 2027 3605 φάναι
2062 3555 2072 3607 ς

2102 3539 2346 3607 ρησμοὺς
2375 3538 2749 3604 θεοδιδάκτους
2777 3546 3170 3612 τυγχάνοντας.
3199 3546 3264 3600 Ει
3294 3564 3417 3603 cum
3454 3552 3564 3605 duo
3601 3554 3710 3606 sint

459 3629 694 3694 Callisti,
721 3629 860 3683 alter
883 3630 982 3683 sub
1011 3629 1223 3683 Joanne
1253 3629 1661 3690 Cantacuzcno,
1691 3629 1827 3682 alter
1857 3629 1962 3683 sub
1990 3626 2238 3682 Mannele
2262 3627 2589 3696 Palxologo,
2615 3643 2788 3685 annos
2819 3645 2940 3700 post
2971 3634 3084 3689 fere
3108 3637 3466 3707 quadraginta
3497 3656 3614 3703 sex,
3653 3644 3706 3695 in

462 3717 689 3771 dubium
721 3717 860 3771 verti
882 3725 1090 3784 posset,
1129 3716 1197 3771 tle
1229 3731 1470 3786 quonam
1507 3717 1613 3770 iste
1655 3716 1880 3779 Callisto
1907 3715 2074 3770 verba
2110 3714 2270 3772 faciat
2302 3734 2315 3769 :
2377 3716 2471 3769 sed
2506 3732 2628 3770 cum
2666 3713 2873 3772 Nicolai
2909 3719 3182 3775 Cabasilze
3218 3730 3560 3789 meminerit,
3613 3732 3706 3796 qui

463 3809 566 3863 sub
597 3807 844 3862 Manuele
872 3807 1123 3872 ﬂorebat,
1158 3821 1382 3861 necesse
1407 3816 1494 3861 est
1524 3821 1650 3860 eum
1683 3808 1748 3860 de
1779 3807 2022 3862 secundo
2054 3803 2299 3866 Callisto,
2325 3802 2419 3871 qui
2449 3803 2595 3856 circa
2629 3819 2834 3858 annum
2866 3805 3082 3860 Domini
3107 3809 3244 3862 “06
3267 3814 3704 3882 patriarchatum

459 3895 704 3966 regebat,
737 3909 1046 3950 sermonem
1065 3893 1287 3947 habere.
1306 3897 1487 3958 Quare
1511 3892 1626 3961 ipse
1650 3894 1795 3946 circa
1820 3891 2048 3946 Joannis
2075 3890 2361 3959 Palaeologi
2381 3899 2646 3959 tempora,
2679 3892 2763 3946 vel
2799 3895 2958 3961 paulo
2988 3906 3112 3948 ante
3142 3896 3345 3961 ﬂoruit,
3371 3916 3398 3951 a
3431 3901 3708 3968 Symeone

457 3982 675 4036 seniore
709 3980 1204 4036 Thessalonicense
1236 3992 1362 4050 post
1384 3977 1679 4043 lsidorum,
1708 3979 1870 4049 cujus
1893 3981 2011 4046 ipse
2043 3977 2314 4043 meminit,
2351 3978 2591 4032 tertius:
2618 3977 2764 4031 inter
2796 3980 2941 4032 cnim
2981 3981 3250 4036 lsidorum
3287 3994 3343 4036 et
3377 3986 3554 4052 ipsum
3591 3997 3709 4040 tan-

459 4081 573 4125 tum
603 4079 916 4124 recensetur
937 4068 1180 4123 Gabriel.
1212 4068 1354 4122 Hinc
1369 4067 1672 4135 colligitur,
1700 4076 1968 4134 quantum
2005 4065 2372 4118 hallucinetur
2394 4063 2730 4117 Possevinus
2765 4064 2822 4116 in
2848 4068 3150 4133 Apparatu,
3183 4071 3276 4136 qui
3308 4071 3530 4124 immani
3575 4089 3709 4129 ana-

456 4157 782 4213 chronismo
817 4155 1038 4222 scribit,
1079 4170 1203 4208 eum
1236 4155 1437 4209 vixisse
1459 4165 1585 4207 ante
1609 4167 1784 4206 annos
1810 4161 2126 4210 sexcentos,
2151 4149 2248 4217 qui
2274 4150 2494 4200 nonnisi
2533 4157 2658 4202 ante
2689 4165 2866 4204 annos
2908 4161 3136 4205 centum
3178 4155 3476 4222 octoginta,
3515 4156 3709 4212 Possc-
3754 4167 3760 4172 '

460 4245 574 4300 vini
606 4257 872 4313 tempore,
906 4245 1140 4299 vixerat.
1174 4243 1231 4296 ln
1263 4242 1520 4296 omnibus
1545 4241 1664 4294 suis
1687 4240 1904 4309 scriptis
1934 4236 2244 4292 inLatinos
2277 4234 2511 4305 iniurius
2541 4243 2645 4300 est,
2675 4250 2814 4304 quos
2846 4251 2988 4306 saepe
3023 4239 3222 4308 carpit,
3248 4254 3549 4311 eorumque
3573 4246 3711 4301 ritus

462 4348 588 4390 eum
629 4332 834 4387 Graecis
861 4346 1214 4402 comparans,
1239 4330 1565 4384 insectatur.
1604 4347 1622 4378 ι

527 4453 594 4508 Ει
627 4454 739 4507 haec
765 4450 982 4520 quidem
1007 4448 1074 4502 de
1094 4462 1160 4502 eo
1189 4456 1319 4501 tunc
1347 4445 1606 4514 temporis
1633 4443 1870 4498 breviter
1900 4439 2121 4508 scripsi,
2140 4456 2285 4495 nunc
2339 4454 2462 4494 cum
2506 4448 2719 4510 tempus
2748 4440 3013 4512 locusque
3045 4445 3302 4511 postulat,
3335 4445 3440 4498 alia
3466 4445 3662 4500 addam
3688 4467 3700 4500 :

419 4527 422 4530 ’
456 4551 766 4614 ιιιαξοιιιῳιε
785 4540 928 4593 illius
948 4537 1203 4607 elogium,
1224 4528 1371 4604 quod
1399 4530 1671 4602 Eugenius
1694 4529 2064 4612 Nomophylax
2084 4531 2213 4598 (qua
2234 4529 2284 4581 id
2309 4528 2566 4583 facultate
2588 4529 2779 4596 egerit,
2809 4529 2992 4584 dicent
3020 4531 3218 4585 similis
3237 4533 3407 4585 sortis
3440 4533 3707 4605 homines)

455 4635 512 4688 in
545 4630 818 4701 Synodico
859 4625 1138 4680 Dominica
1171 4621 1523 4677 Orthodoxiac
1551 4621 1604 4674 in
1636 4619 1880 4674 Ecclesia
1914 4616 2390 4673 'l’hessaloniccnsi
2427 4615 2648 4670 recitari
2673 4616 2858 4680 solito,
2887 4617 3164 4684 appinxit.

526 4786 750 4858 Συμεὼν
777 4802 869 4838 του
902 4799 958 4836 εν
993 4781 1241 4852 μακαρίᾳ
1287 4783 1350 4850 τῇ
1388 4779 1539 4850 λήξει
1585 4779 1880 4848 γενομένου
1927 4793 2027 4847 αρ-

2205 4771 2497 4842 Symeonis
2541 4771 2712 4823 beata:
2774 4769 3047 4825 memoriae
3087 4761 3428 4828 sanctissimi
3463 4774 3705 4829 Thessa-

456 4879 816 4954 χιεπισκόπου
869 4875 1291 4943 Θεσσαλονίκης,
1326 4870 1424 4926 τοῦ
1472 4871 1572 4940 τῆς
1620 4869 1775 4931 ἐκτός
1823 4885 1884 4920 τε
1933 4868 2028 4920 καὶ

2135 4862 2429 4918 lonicensis
2452 4860 2878 4929 archiepiscopi,
2919 4861 3016 4930 qni
3055 4871 3296 4918 externae
3347 4873 3401 4919 et
3443 4867 3709 4934 apii-italis

456 4951 554 5043 τῆς
589 4967 968 5039 πνευματικῆς
994 4966 1186 5034 σοφίας
1215 4964 1454 5034 πλήρους
1485 4961 1778 5032 ὑπερφυῶς
1801 4961 2026 5028 γενομέ-

2133 4951 2413 5020 sapientia:
2439 4965 2603 5019 super
2629 4951 2930 5004 humanum
2959 4961 3177 5022 captum
3209 4954 3445 5022 repletus
3472 4955 3526 5008 in
3557 4971 3711 5010 asce-

458 5083 574 5127 vou,
603 5064 705 5116 κάν
738 5063 806 5130 τῇ
839 5059 1113 5128 ἀσκητικῇ
1147 5055 1242 5108 εἰτ’
1269 5053 1360 5107 οὖν
1408 5052 1677 5132 ἀγγελικῇ
1732 5052 1922 5119 ἀγωγῇ
1964 5066 2026 5101 τε

2136 5045 2265 5108 tico,
2297 5043 2412 5096 sive
2444 5043 2623 5108 potius
2663 5043 2910 5111 angelico
2959 5043 3232 5106 instituto,
3258 5054 3314 5098 et
3340 5045 3462 5099 vitae
3496 5046 3708 5100 ratione

457 5156 552 5210 καὶ
602 5152 851 5218 πολιτεία
895 5147 1316 5216 διαπρέψαντος,
1348 5144 1442 5198 καὶ
1468 5142 1672 5212 ταύτην
1716 5143 1798 5204 είς
1851 5141 2022 5210 ἄκρον

2131 5133 2411 5196 excelluit,
2463 5148 2696 5202 eamque
2739 5149 2865 5187 cum
2907 5149 3122 5189 summa
3174 5138 3376 5190 virtute
3434 5147 3489 5190 et
3545 5137 3707 5191 laude

459 5244 912 5312 κατωρθωκότος,
938 5244 1006 5310 τῇ
1037 5240 1093 5292 δὲ
1128 5237 1270 5292 κατὰ
1327 5236 1564 5305 Χριστὸν
1598 5232 1925 5286 ταπεινώσει
1955 5235 2021 5301 τῇ

2137 5223 2536 5295 perfectissime
2572 5225 2700 5291 egit,
2736 5233 2793 5278 et
2825 5226 3124 5279 secundum
3171 5226 3449 5280 Christum
3497 5228 3580 5279 sui
3608 5228 3704 5282 de-

457 5337 564 5389 τῶν
593 5335 810 5406 άρετῶν
841 5332 1067 5402 κρηπῖδι
1107 5329 1246 5382 κατὰ
1273 5329 1368 5389 τὰς
1400 5325 1653 5395 ἀψευδεῖς
1689 5325 2025 5382 Δεσποτικὰς

2138 5316 2434 5386 pressione,
2484 5316 2745 5369 virtutum
2786 5317 3107 5370 excellentia
3153 5318 3308 5385 juxta
3362 5318 3545 5371 divina
3581 5336 3705 5386 pro-

460 5404 793 5496 ὲπαγγελίας
817 5421 1211 5492 άνυψωθέντος,
1254 5420 1349 5474 καὶ
1387 5417 1475 5472 διὰ
1505 5417 1758 5487 πράξεως
1794 5414 2030 5470 ἀναϐάν-

2141 5409 2303 5463 missa
2339 5406 2552 5459 mentiri
2615 5404 2804 5458 nescia
2865 5406 3163 5472 cxaltatus,
3218 5423 3312 5478 per
3347 5410 3620 5464 actionem
3652 5410 3703 5470 in

554 5638 596 5699 ι)
623 5639 674 5699 In
697 5634 827 5699 libro
850 5632 910 5682 de
930 5641 1071 5699 ξαίνει
1087 5626 1387 5699 precatione.
1410 5639 1520 5699 sap;
1540 5624 1650 5699 293."
1679 5637 1727 5683 ρ·
1749 5622 1838 5696 ²ι⁰
1870 5618 2268 5699 θέεέξιξξὲτιιίει
2291 5617 2444 5699 ΕΒΕΞ;
2939 5679 2970 5699 ..

843 5677 922 5744 ἐὲι
1018 5677 1287 5753 Φιλοκαλίᾳ
1305 5677 1399 5737 τῶν
1421 5677 1559 5750 ίερών
1591 5677 1867 5740 Νηπτικῶν.
1904 5680 2126 5730 Venetiis
2151 5682 2157 5729 l

1713 5688 1867 5731 τικῶν.
1904 5680 2126 5730 Venetiis
2151 5681 2286 5729 1-782.
2325 5678 2448 5727 Vide
2485 5684 2670 5726 tomum
2691 5680 2912 5723 nostrum
2939 5677 3162 5730 CXLV“.
3187 5681 3323 5730 Εοιτ.

777 5811 1045 5870 Ριιτιιοι..
1076 5805 1191 5863 Gn.
1229 5799 1403 5860 CLV.
3298 5787 3324 5855 ι

1751 6020 1766 6040 ι
1855 6012 1878 6028 ί
1948 6002 2191 6054 ἔτ’ῗ”,’ῗ”’

1987 6045 2051 6098 3".
2074 5999 2288 6098 Ῐκ)4

1751 6037 1830 6106 ..ε
1843 6048 1923 6106 si;
1941 6045 2015 6107 δ
2029 6041 2051 6100 5.
2065 6040 2106 6102 λ
2120 6037 2195 6100 L3
