4076 6268
372 297 436 362 ll
1238 296 1539 358 SYMEON
1574 295 2019 356 THESSALON
2030 296 2336 358 ICENSIS
2372 298 2736 359 ARCHIEP.
3547 289 3613 354 12

371 416 799 484 speculationem
829 413 1100 478 ascendit,
1139 413 1372 482 indeque
1402 415 1472 467 ita
1506 422 1777 468 annuente
1801 413 1930 478 Deo,

2045 428 2127 474 co;
2158 414 2236 475 εἰς
2268 413 2522 482 θεωρίαν,
2553 412 2856 467 κάντεῦθεν
2884 413 3067 468 νεύσει
3097 413 3259 477 Θεοῦ,
3285 428 3361 475 ως
3391 414 3612 478 φωσφό-

369 516 430 563 ut
461 507 549 562 fax
575 507 800 563 lucifera
833 522 996 574 super
1033 505 1418 560 candelabrum
1460 505 1656 572 posita,
1684 514 1735 557 et
1775 520 1940 572 super

371 601 649 674 excelsum
680 609 918 654 montem
973 607 1031 653 ut
1085 599 1428 657 clarissimus
1480 597 1726 650 veritatis
1764 611 1941 665 praeco

372 693 697 756 ascendens,
729 693 981 746 dulcibus
1010 690 1394 760 splendoribus
1441 688 1576 751 suis,
1610 703 1803 756 nempe
1844 688 1942 740 iu—

373 788 768 841 strurtionibus
820 799 926 838 non
975 784 1252 853 propriam
1287 790 1494 836 tantum
1524 781 1666 833 hanc
1701 780 1943 842 celeber-

375 882 566 932 rimam
625 876 989 945 metropolim,
1033 875 1123 929 sed
1179 874 1496 927 universum
1547 871 1712 926 etiam
1770 880 1945 923 terra-

376 986 498 1023 rum
533 969 720 1024 orbem
763 968 897 1023 solis
940 967 1110 1020 instar
1142 964 1491 1028 illuminavit,
1539 971 1592 1016 et
1621 977 1745 1032 erga
1774 961 1942 1016 Deum

374 1073 429 1117 et
467 1061 776 1130 proximum
827 1072 1093 1123 amorem,
1145 1057 1193 1111 si
1243 1056 1367 1124 quis
1399 1055 1562 1120 alius,
1598 1053 1857 1118 ostendit,
1893 1061 1947 1106 et

378 1153 551 1205 sacris
579 1150 833 1223 cantibus
877 1156 1194 1201 sanctorum
1247 1145 1465 1206 choros,
1519 1157 1572 1198 et
1612 1161 1678 1198 ex
1712 1144 1948 1212 propriis

377 1244 682 1306 exornavit,
722 1257 951 1310 quorum
999 1241 1162 1294 vitam
1207 1238 1495 1292 :emulatus
1533 1236 1811 1292 confecit:
1849 1251 1949 1288 an-

375 1336 564 1406 gelicis
606 1351 759 1398 vero,
783 1333 1129 1391 venerandis,
1173 1345 1234 1384 ac
1266 1331 1426 1399 plane
1472 1329 1669 1382 divinis
1703 1327 1947 1382 moribus

373 1438 429 1482 et
465 1429 628 1480 totius
687 1435 830 1480 statu
894 1423 1053 1476 hilari
1120 1437 1245 1474 vere
1275 1421 1455 1474 Deifer
1496 1436 1553 1474 re
1607 1430 1660 1473 et
1692 1420 1838 1481 visu,
1895 1428 1949 1472 et

379 1516 558 1570 zelum
591 1511 1033 1575 fervirluanliae
1086 1510 1352 1579 quispiam
1413 1509 1634 1570 dixerit,
1689 1511 1946 1579 propriis,

378 1607 648 1675 avitisque
698 1604 959 1660 Ecclesia:
1000 1603 1369 1672 dogmatibus,
1422 1602 1706 1665 enutrivit,
1753 1612 1806 1655 et
1831 1604 1948 1657 die-
1991 1649 1997 1655 .

373 1696 481 1750 bus
517 1693 748 1762 singulis
778 1693 930 1747 suavi
985 1691 1247 1746 doctrina:
1276 1691 1442 1746 latice
1485 1691 1704 1747 abunde
1756 1693 1948 1762 irriga-

373 1785 464 1838 bat
519 1793 572 1837 et
611 1783 961 1837 sermonibus
1022 1781 1332 1836 ﬂexanimis
1389 1796 1454 1836 ac
1495 1781 1754 1850 iucundis
1782 1794 1836 1836 et
1871 1783 1946 1838 lo-

371 1873 528 1941 quela
553 1871 812 1926 melliﬂua
863 1873 1166 1934 universos,
1231 1871 1398 1925 veluti
1451 1871 1702 1925 Sirenum
1738 1873 1787 1926 vi
1818 1887 1951 1942 qua-

377 1967 524 2027 dam,
560 1979 682 2033 qua:
717 1965 896 2021 verbis
929 1965 1162 2033 exprimi
1220 1964 1424 2032 nequit.
1477 1966 1723 2019 trahebat
1769 1964 1834 2019 ad
1865 1980 1941 2028 sc,

371 2055 788 2124 detinebatque;
823 2064 876 2116 et
921 2056 1271 2124 antiquorum
1316 2055 1476 2109 veluti
1511 2056 1726 2124 signum
1758 2065 1811 2111 et
1840 2071 1932 2110 ex-

375 2159 626 2213 pressum
659 2144 1036 2210 simulacrum,
1068 2153 1120 2197 et
1146 2143 1359 2212 pietatis
1385 2142 1718 2203 columnam.
1749 2150 1801 2198 et
1833 2144 1946 2197 vir-

374 2235 507 2289 tutis
539 2235 802 2302 regulam,
829 2243 884 2288 et
910 2233 1240 2288 Christianae
1268 2235 1391 2287 vita:
1423 2241 1634 2302 typum,
1660 2234 1936 2302 propriam

369 2326 538 2379 vitam
574 2327 858 2380 ostendere
880 2340 1097 2380 summo
1123 2326 1302 2379 studio
1332 2334 1560 2378 conatus
1594 2333 1696 2388 est,
1748 2323 1939 2393 hisque

373 2416 626 2471 homines
657 2415 962 2482 universos,
999 2417 1094 2485 qui
1137 2415 1291 2468 aliter
1325 2429 1390 2468 ac
1420 2428 1520 2468 nos
1554 2414 1842 2476 sentimus,
1872 2412 1940 2467 de

371 2505 475 2558 [ide
510 2504 840 2569 sentiebant,
888 2505 940 2558 in
979 2515 1257 2573 stuporem
1307 2512 1363 2558 et
1414 2502 1854 2566 admirationem,
1886 2511 1940 2556 et

367 2596 585 2649 laudem
621 2597 690 2649 et”
722 2594 1177 2664 gloriﬁcationem
1231 2595 1414 2662 magni
1471 2607 1652 2648 rerum
1689 2593 1935 2646 omnium

366 2688 461 2746 Dei
496 2692 790 2745 excitavit:
831 2689 1095 2744 memoria
1126 2685 1478 2753 sempiterna.

2051 521 2144 570 pou
2196 503 2520 574 λαμπτῆρος
2570 503 2666 557 ἐπὶ
2699 504 2796 574 τὴν
2824 506 3048 575 λυχνίαν
3094 503 3366 565 τεθέντος,
3389 503 3482 554 καὶ
3513 501 3602 554 ἐπ’

2043 595 2201 662 ὅρους
2255 594 2462 663 ὑψηλοῦ
2495 593 2570 658 ὡς
2600 595 2854 666 λαμπροῦ
2911 597 3010 665 τῆς
3065 593 3325 664 ἀληθείας
3374 593 3614 662 κήρυκος

2047 685 2474 755 ἀναϐεϐηκότος,
2501 688 2597 740 καὶ
2628 691 2749 750 ταῖς
2769 687 3048 754 γλυκείαις
3073 688 3482 755 μαρμαρυγαῖς,
3519 685 3611 750 δη-

2049 775 2182 847 λαδὴ
2215 778 2335 840 ταῖς
2389 777 2554 832 αὐτοῦ
2589 776 2981 841 διδασκαλίαις,
3014 777 3075 828 οὐ
3125 776 3224 846 τὴν
3272 777 3408 829 ἰδίαν
3455 775 3615 844 μόνον

2045 869 2250 937 ταύτην
2297 870 2398 938 τὴν
2451 869 2799 938 περιώνυμον
2851 867 3208 938 μητρὸπολιν,
3232 867 3348 920 ἀλλ’
3374 867 3477 936 ἢδη
3522 869 3616 920 καὶ

2051 961 2148 1030 τὴν
2185 963 2509 1030 οἰκουμένην
2545 963 2764 1015 ἅπασαν
2787 960 2942 1030 δίκην
2965 960 3116 1029 ἡλίου
3141 961 3610 1028 καταυγὰσαντος,

2052 1056 2147 1107 καὶ
2175 1055 2274 1123 τὴν
2305 1054 2437 1124 πρὸς
2474 1054 2626 1118 Θεὸν,
2677 1054 2772 1108 καὶ⁵
2822 1053 2919 1124 τὴν
2976 1055 3204 1125 πλησίον
3259 1055 3480 1122 ἀγάπην
3534 1053 3615 1114 είς

2051 1142 2336 1210 ἄκρον,ὼς
2382 1143 2554 1205 οὐδεὶς
2604 1144 2788 1212 σχεδὸν
2820 1141 2928 1195 τῶν
2975 1145 3231 1198 ἁπάντων
3270 1142 3614 1208 ἐπιδειξαμέ-

2049 1253 2166 1295 νου,
2189 1236 2283 1287 καὶ
2325 1235 2487 1304 ᾠδαῖς
2521 1238 2693 1303 ἱεραῖς
2728 1235 2853 1297 τοὺς
2881 1237 2988 1288 τῶν
3032 1236 3204 1303 ἁγίων
3256 1235 3471 1305 χοροὺς,
3521 1233 3614 1284 καὶ

2051 1325 2262 1378 οἴκοθεν
2293 1325 2748 1394 καταστέψαντος,
2791 1320 2866 1379 ὧν
2910 1326 3003 1379 τὸν
3055 1325 3168 1396 βίον
3224 1324 3490 1393 ἐζήλωκε,
3522 1322 3616 1374 καὶ

2051 1412 2269 1481 διήνυσε
2296 1428 2310 1441 °
2341 1413 2417 1482 τῷ
2453 1414 2509 1466 δὲ
2557 1415 2838 1485 ἀγγελικῷ
2869 1415 2962 1468 καὶ
3017 1415 3218 1484 σεμνῷ,
3251 1415 3348 1467 καὶ
3390 1411 3615 1464 θεοειδεῖ

2052 1506 2160 1560 τῶν
2191 1507 2358 1575 ἠθῶν,
2384 1509 2478 1563 καὶ
2513 1513 2577 1580 τῇ
2633 1509 2794 1580 mp;
2844 1508 3174 1578 καταστάσει
3205 1507 3325 1563 ὅλον
3375 1502 3451 1574 τῷ
3495 1503 3610 1554 δντι

2053 1597 2337 1668 θεοφόρου,
2369 1600 2463 1652 καὶ
2495 1598 2668 1662 ὄντος,
2690 1600 2784 1653 καὶ
2832 1599 3184 1668 φαινομένου,
3210 1598 3301 1652 καὶ
3337 1596 3496 1666 ζῆλον
3522 1595 3610 1648 ἕνα

2053 1689 2254 1759 θερμον
2298 1691 2481 1744 Ἡλιού
2535 1709 2618 1751 τις
2663 1692 2750 1761 ἄρ’
2796 1693 2938 1744 εἴποι
2983 1693 3274 1760 τρέφοντος
3323 1690 3464 1759 ὑπὲρ
3503 1687 3612 1742 τῶν

2052 1779 2315 1845 εὐσεϐῶν,
2340 1780 2434 1834 καὶ
2465 1781 2748 1850 πατρικῶν
2795 1782 2894 1851 τῆς
2940 1781 3267 1850 Ἐκκλησίας
3300 1779 3610 1848 δογμάτων,

2051 1872 2148 1923 καὶ
2200 1871 2545 1940 καθεκάστην
2605 1871 2853 1938 ἀφθόνως
2905 1871 2984 1941 τῷ
3035 1872 3228 1938 γλυκεῖ
3267 1871 3614 1932 διδασκαλίας

2050 1960 2368 2030 ἀρδεύοντος
2397 1963 2620 2032 νάματι,
2655 1963 2750 2016 καὶ
2775 1962 2852 2033 τῷ
2876 1965 2984 2016 τῶν
3015 1961 3188 2031 λόγων
3215 1961 3488 2030 ἐπαγωγῷ
3501 1959 3611 2012 ’καὶ

2047 2052 2284 2122 τερπνῷ,
2320 2055 2414 2107 καὶ
2444 2056 2508 2123 τῇ
2563 2055 2872 2125 μελιρῤύτῳ
2924 2058 3130 2125 φθογγῇ
3167 2057 3373 2116 πάντας
3423 2052 3612 2120 ὥσπερ

2049 2144 2287 2214 ἀρῤήπῳ
2317 2144 2426 2197 τινὶ
2456 2146 2729 2214 Σειρήνων
2758 2145 2985 2214 δυνάμει
3039 2147 3172 2216 πρὸς
3202 2144 3392 2198 ἑαυτὸν
3427 2143 3613 2196 ἕλκον·
3659 2182 3666 2186 -

2043 2249 2160 2297 τος,
2188 2234 2286 2286 καὶ
2313 2235 2810 2304 παρακατέχοντος,
2847 2239 2941 2289 καὶ
2987 2238 3092 2288 τῶν
3133 2235 3378 2290 παλαιῶν
3421 2234 3611 2304 ὥσπερ

2053 2322 2346 2393 ἐκμαγεῖόν
2366 2327 2494 2396 τι,ἢ
2528 2327 2965 2398 ὲπισφράγισμα,
2991 2330 3083 2381 καὶ
3111 2329 3309 2398 στήλην
3328 2327 3610 2388 εὐσεϐείας

2043 2416 2138 2468 καὶ
2162 2415 2361 2486 ἀρετῆς
2389 2417 2611 2481 κανόνα,
2645 2419 2739 2470 καὶ
2769 2419 3163 2488 Χριστιανικῆς
3215 2418 3489 2478 πολιτείας
3514 2416 3609 2468 τύ-

2044 2524 2147 2560 πον
2178 2507 2267 2560 τδν
2306 2508 2501 2560 ἑαυτοῦ
2537 2507 2650 2578 βίον
2691 2511 2962 2576 ἀναδεῖξαι
3005 2512 3504 2580 φιλονεικήσαντος,
3538 2509 3603 2561 ἐκ

2045 2598 2247 2652 τούτων
2275 2616 2333 2652 τε
2363 2602 2490 2664 τοὺς
2542 2603 2867 2674 ἀνθρώπους
2903 2605 3169 2666 ἅπαντας,
3204 2605 3296 2655 καὶ
3343 2604 3466 2662 τοὺς
3499 2601 3596 2652 ἄλ-

2050 2689 2178 2750 λως,
2201 2688 2234 2755 ἢ
2265 2689 2338 2750 ὼς
2362 2691 2526 2757 ἡμεῖς,
2545 2692 2854 2762 φρονοῦμεν
2881 2694 3005 2759 περὶ
3030 2693 3126 2758 τὴν
3159 2695 3341 2744 πίστιν
3363 2691 3610 2755 δοξάζον·-

369 2802 467 2847 τας
499 2785 576 2846 εἰς
608 2782 888 2852 ἔκπληξιν,
918 2783 1012 2833 καὶ
1045 2780 1254 2849 θαῦμα,
1283 2780 1376 2830 καὶ
1417 2776 1608 2845 ὕμνον,
1638 2777 1732 2829 καὶ
1753 2774 2067 2844 δοξολογίαν
2087 2779 2184 2832 τοῦ
2215 2781 2452 2850 μεγάλου
2485 2782 2619 2835 Θεοῦ
2681 2785 2788 2837 τῶν
2847 2785 2982 2839 ὅλων
3017 2786 3358 2858 κινήσαντος,
3421 2782 3612 2836 αίωνια

365 2885 401 2953 ἡ
432 2885 644 2954 μνήμη·

442 3033 634 3084 Annon
685 3029 822 3083 bene
855 3027 985 3080 lavit
1018 3040 1176 3080 suum
1209 3023 1524 3094 Ethiopem
1595 3022 1946 3090 Eugenicus?
1995 3021 2072 3074 Ex
2123 3024 2342 3092 scriptis
2389 3025 2697 3092 Symeonis,
2766 3026 2986 3079 mentita
3039 3035 3092 3081 et
3143 3027 3276 3082 farsa
3307 3041 3447 3088 esse,
3484 3043 3608 3098 qua:

372 3123 462 3178 ille
495 3124 561 3178 de
593 3121 841 3175 doctrina
875 3129 930 3174 et
960 3118 1268 3188 eloquentia
1307 3118 1490 3184 tradit,
1527 3115 1820 3170 manifesto
1846 3114 2136 3170 evincitur.
2179 3115 2312 3180 Quis
2357 3117 2515 3171 nobis
2542 3118 2592 3170 in
2631 3118 2750 3171 aliis
2776 3131 2901 3171 eum
2941 3133 3068 3172 vera
3099 3119 3282 3174 dicere
3317 3133 3604 3174 assevera-

375 3217 491 3274 bit?
527 3214 686 3270 Fides
728 3223 982 3283 suspecta
1017 3223 1126 3267 est.

445 3348 509 3401 Et
545 3357 602 3400 ut
647 3343 1223 3401 Thessalonicensium
1273 3345 1650 3412 episcoporum
1700 3342 1875 3398 series
1903 3341 2190 3408 habeatur,
2235 3343 2555 3412 exponenda
2599 3350 2750 3406 sunt,
2783 3359 2905 3413 quae
2935 3359 2998 3398 ex
3031 3343 3221 3397 eodem
3255 3341 3608 3399 Thessaloni-

366 3441 518 3497 censi
554 3439 826 3508 Synodieo
857 3438 1410 3506 exscripsimus,quze
1448 3443 1616 3488 sunt:

351 3579 366 3585 ’
436 3574 654 3638 lsidori,
713 3573 882 3626 beata:
919 3570 1319 3633 recordationis
1372 3573 1704 3628 sanctissimi
1758 3573 1941 3627 arehi-
1973 3579 2019 3644 ο

368 3666 608 3737 episcopi
659 3663 1189 3728 Thessalonicensis,
1235 3666 1327 3733 qui
1372 3664 1544 3719 instar
1571 3665 1836 3734 splendidi
1865 3664 1941 3720 si-

374 3758 522 3811 deris
554 3769 770 3826 gregem
811 3771 968 3809 suum
1009 3755 1154 3809 hunc
1199 3755 1495 3809 illustravit
1526 3757 1641 3810 suis
1669 3756 1940 3824 quotidia-

369 3847 455 3901 nis
493 3845 758 3899 doctrinis
801 3855 853 3898 et
908 3845 1398 3912 admonitionibus,
1457 3854 1512 3899 et
1569 3861 1722 3915 teque
1779 3855 1942 3915 atque

370 3939 543 3991 bonus
594 3945 648 3991 et
677 3936 887 4004 primus
934 3946 1117 4005 pastor
1154 3937 1432 4002 Christus,
1479 3937 1656 3992 modis
1689 3937 1943 3992 omnibus

367 4030 526 4084 ovilis
555 4045 740 4083 curam
769 4029 939 4098 gessit
985 4039 1039 4083 et
1087 4028 1276 4100 longas
1312 4030 1778 4099 peregrinationes
1819 4046 1943 4085 sus-

323 4161 326 4164 .
369 4121 550 4183 tinuit,
595 4130 650 4174 et
678 4120 944 4190 quidquid
1001 4123 1244 4174 divinum
1308 4129 1362 4173 et
1406 4122 1566 4176 saluti
1600 4122 1942 4176 conducibile

369 4213 676 4274 videbatur,
712 4221 768 4265 et
806 4213 1154 4266 sermonibus
1199 4213 1439 4277 edocuit,
1473 4222 1527 4266 et
1565 4213 1819 4282 operibus
1849 4214 1943 4268 de-

378 4303 727 4363 monstravit,
763 4313 816 4353 et
850 4318 974 4354 vere
1014 4303 1078 4354 iis
1113 4303 1203 4369 qui
1246 4311 1370 4355 ante
1393 4319 1515 4356 eum
1552 4313 1604 4356 et
1633 4305 1849 4364 virtute,
1888 4314 1941 4357 et

367 4394 612 4444 doctrina
644 4389 925 4457 conspicui
982 4387 1149 4450 fuere,
1205 4390 1360 4442 rebus
1395 4391 1649 4443 omnibus
1687 4407 1940 4460 exazqua-

370 4491 455 4534 tus
486 4490 602 4541 est;
666 4489 924 4547 perpetua
963 4479 1246 4531 memoria.
1291 4479 1559 4534 Gabrielis
1617 4483 1786 4546 beatze
1828 4499 1938 4535 me-

371 4573 559 4627 moriae
589 4571 922 4627 sanctissimi
976 4573 1367 4649 archiepiscopi
1415 4572 1934 4638 'l'hessalonioensis,

367 4667 459 4734 qui
501 4666 568 4718 ab
605 4665 833 4718 infantia
891 4666 1005 4733 ipsa
1049 4666 1156 4718 Deo
1192 4666 1445 4719 addictus
1497 4666 1621 4732 fuit,
1653 4675 1706 4718 et
1734 4667 1784 4720 in
1825 4683 1937 4719 mo-

367 4755 579 4807 nasrico
612 4754 734 4806 vitae
798 4754 1046 4808 instituto
1103 4756 1336 4824 primum
1399 4740 1577 4809 locum
1629 4759 1932 4826 occupavit.

369 4846 604 4914 indeque
633 4846 798 4898 veluti
837 4846 1055 4899 virtutis
1088 4839 1366 4914 prasiniqu
1395 4849 1736 4906 iurationem
1773 4851 1934 4919 hujus

366 4936 519 4989 urbis
565 4943 919 4996 consecutus,
980 4935 1163 4994 multis
1217 4937 1492 5005 operibus.
1547 4946 1600 4991 et
1645 4938 1711 4991 ad
1767 4937 1932 4992 Deum

366 5025 629 5091 precibus
700 5038 818 5076 eam
889 5025 1250 5087 conservavit,
1292 5034 1343 5077 et
1385 5039 1492 5092 pra:
1541 5025 1681 5089 aliis,
1735 5025 1932 5093 quibus

374 5115 752 5182 spiritualibus
785 5116 942 5169 donis
991 5114 1206 5178 enituit,
1267 5115 1688 5171 mansuetudine
1717 5125 1770 5170 et
1804 5117 1932 5170 cha-

377 5207 536 5259 titalc
604 5206 1002 5260 coudecoratus
1059 5214 1162 5268 est,
1225 5216 1279 5259 et
1336 5218 1620 5274 paternum
1677 5206 1928 5261 allectum

367 5310 582 5366 semper
619 5313 747 5367 erga
785 5297 1057 5366 Spiritales
1102 5297 1243 5352 lilios
1284 5300 1764 5354 commonstravit:
1807 5315 1929 5369 per-

366 5397 527 5456 petua
621 5391 900 5444 memoria.
980 5389 1266 5460 Symeonis
1349 5392 1516 5445 beatae
1590 5393 1926 5446 recordatio-

364 5480 468 5536 nis.
531 5489 663 5540 etc.,
719 5479 963 5547 Gregorii
995 5482 1164 5534 beatae
1205 5481 1603 5546 recordationis
1665 5485 1927 5551 archiepi-

358 5572 507 5638 scopi
566 5569 1094 5639 Thessalonicensis,
1139 5574 1232 5640 qui
1287 5583 1341 5627 et
1389 5583 1516 5629 ante
1549 5577 1921 5641 pontiﬁcatum

356 5662 496 5714 inter
553 5662 753 5729 primos
805 5662 1046 5730 ejusdem
1100 5674 1262 5732 atque
1301 5663 1389 5719 ille
1430 5665 1638 5720 ordinis
1669 5682 1923 5744 numera-

2130 3571 2403 3642 Ἰσιδὼρου
2455 3572 2548 3624 τοῦ
2604 3576 2662 3626 ἐν
2723 3574 2971 3645 μακαρίᾳ
3005 3576 3068 3644 τῇ
3120 3573 3271 3644 λήξει
3320 3580 3609 3646 γενομὶνου

2044 3663 2346 3730 ἁγιωτάτου
2398 3663 2832 3733 ἀρχιεπισκόπου
2881 3665 3304 3736 Θεσσαλονίκης,
3329 3667 3425 3722 τοῦ
3453 3669 3611 3740 δίκην

2044 3756 2271 3822 ἀστέρος
2310 3755 2567 3826 λαμπροῦ
2600 3757 2698 3826 τὴν
2740 3759 2972 3828 ποίμνην
3001 3757 3164 3811 αὑτοῦ
3204 3759 3409 3830 ταύτην
3437 3778 3609 3816 κατα-

2045 3847 2383 3912 φωτίσαντος
2415 3851 2530 3910 ταῖς
2568 3849 2916 3919 καθ’ἡμέραν
2950 3851 3119 3919 ἱεραῖς
3153 3851 3318 3904 αὐτοῦ
3355 3852 3611 3905 διδασκα-

2046 3935 2212 4002 λίαις,
2245 3939 2344 3990 καὶ
2380 3939 2720 4007 εἰσηγήσεσι·
2755 3941 2848 3991 καὶ
2876 3941 3015 3992 κατά
3044 3942 3134 3991 τὸν
3157 3940 3318 3993 καλὸν
3347 3944 3440 3996 καὶ
3464 3942 3611 4012 πρῶ-

2045 4044 2136 4080 τον
2202 4030 2434 4098 ποιμένα
2467 4031 2703 4100 Χριστὸν
2751 4031 2844 4082 τοῦ
2901 4033 3151 4098 ποιμνίου
3205 4033 3382 4085 πάντα
3412 4034 3610 4102 τρόπον

2043 4122 2486 4190 πεφροντικότος,
2519 4125 2614 4176 καὶ
2667 4124 2884 4192 μακρὰς
2916 4124 3224 4194 ὁδοιπορίας
3282 4127 3608 4194 ὑπενεγκόν-

2016 4279 2018 4282 ν
2045 4230 2156 4274 τος,
2184 4214 2273 4265 καὶ
2305 4216 2413 4266 πᾶν
2442 4215 2493 4266 ετ
2525 4232 2574 4266 τι
2620 4212 2783 4276 θεῖον,
2814 4216 2910 4266 καὶ
2942 4216 3076 4282 πρὸς
3112 4215 3384 4286 σωτηρίαν
3411 4219 3608 4286 ὲνάγον

2048 4303 2141 4352 καὶ
2181 4305 2361 4367 λόγοις
2394 4303 2725 4368 διδάξαντος,
2754 4303 2848 4356 καὶ
2873 4304 3053 4375 ἔργοις
3079 4307 3476 4375 ὲνδειξαμένου,
3509 4311 3604 4361 καὶ

2042 4393 2117 4460 τῷ
2149 4393 2263 4444 δντι
2297 4398 2403 4456 τοῖς
2436 4397 2520 4446 ἐπ’
2549 4397 2714 4464 ἀρετῇ
2751 4401 2841 4450 καὶ
2867 4400 3031 4470 σοφία
3055 4401 3158 4468 πρδ
3188 4400 3351 4452 αὑτοῦ
3375 4401 3607 4470 διαλάμ-

2041 4485 2205 4552 ψασιν
2237 4486 2584 4551 ἐξισωθέντος
2617 4493 2729 4554 τοῖς
2761 4491 2922 4557 ὅλοις,
2961 4495 3150 4546 αἰωνία
3191 4497 3221 4564 ἡ
3257 4497 3467 4566 μνήμη.
3509 4497 3610 4548 Γα-

2043 4577 2208 4646 ϐριὴλ
2240 4579 2334 4632 τοῦ
2371 4582 2428 4632 ὲν
2466 4585 2713 4652 μακαρίᾳ
2744 4588 2808 4654 τῇ
2842 4586 2990 4656 λήξει
3026 4590 3319 4657 γενομένου
3372 4591 3606 4656 ἁγιωτά-

2045 4684 2138 4719 τευ
2193 4671 2624 4738 ἀρχιεπισκὸπου
2691 4675 3117 4744 Θεσσαλονίκης,
3154 4679 3247 4730 τοῦ
3309 4681 3492 4750 σχεδὸν
3546 4683 3609 4732 ἐκ

2048 4760 2276 4828 βρέφους
2311 4761 2388 4830 τῷ
2425 4761 2545 4832 Θεῷ
2600 4766 3036 4837 ἀνατεθειμένου,
3076 4773 3175 4822 κάν
3221 4775 3286 4841 τῇ
3344 4772 3603 4842 μοναδικῇ

2045 4850 2290 4919 πολιτείᾳ
2329 4853 2396 4905 τὰ
2445 4853 2636 4922 πρῶτα
2674 4859 2909 4926 σχόντος,
2959 4861 3248 4912 κάντεῦθεν
3293 4863 3366 4923 ὡς
3406 4862 3603 4932 ἀρετῆς

2043 4945 2276 4998 ἔπαθλον
2300 4946 2396 5015 τὴν
2425 4951 2761 5016 προστασίαν
2798 4952 2897 5019 τῆς
2931 4955 3141 5017 πόλεως
3164 4956 3365 5025 ταύτης
3419 4957 3606 5008 ἀναδε-

2042 5037 2296 5103 ξαμένου,
2332 5039 2544 5103 πολλοῖς
2591 5059 2649 5094 τε
2701 5041 2902 5111 ἔργοις,
2937 5047 3031 5097 καὶ
3065 5047 3184 5108 ταῖς
3221 5049 3354 5115 πρὸς
3383 5048 3441 5098 τὸ
3467 5048 3609 5100 θεῖον

2050 5126 2268 5195 δεήσεσι
2318 5128 2524 5199 ταύτην
2573 5133 2934 5201 τηρήσαντος,
2964 5133 3056 5187 καὶ
3093 5136 3227 5204 πρὸς
3257 5139 3367 5198 τοῖς
3403 5137 3604 5202 ἄλλοις,

2032 5214 2109 5280 οἷς
2163 5218 2290 5289 ἔσχε
2344 5227 2736 5291 πνευματικοῖς
2805 5226 3124 5297 χαρίσμασι,
3177 5231 3446 5299 πραότητι
3505 5234 3597 5282 καὶ

2038 5313 2223 5381 ἀγάπῃ
2279 5316 2717 5385 κεκοσμημένον,
2773 5318 2865 5370 καὶ
2914 5318 3011 5388 τὴν
3058 5321 3332 5390 πατρικὴν
3391 5318 3607 5374 εὔνοιαν

2038 5403 2124 5453 ἀεὶ
2156 5403 2292 5490 πρὸς
2318 5404 2386 5456 τὰ
2412 5410 2757 5475 πνευματικά
2804 5412 2968 5462 τέκνα
3016 5411 3445 5482 ἐνδεικνυμένου,
3471 5415 3603 5466 αίω-

2037 5492 2123 5543 νία
2155 5493 2186 5560 ἡ
2226 5494 2436 5563 μνήμη.
2472 5496 2691 5564 Συμεὼν
2727 5499 2820 5552 τοῦ
2867 5503 2923 5552 ὲν
2956 5504 3202 5573 μακαρία
3226 5505 3291 5573 τῇ
3320 5503 3491 5573 λήξει,
3511 5505 3602 5557 καὶ

2034 5584 2102 5635 τὰ
2135 5583 2282 5651 ἑξῆς.
2325 5587 2502 5642 Habes
2536 5603 2722 5657 supra.
2765 5591 2900 5646 Tum
2947 5595 3192 5663 sequitur
3222 5611 3238 5649 :
3274 5596 3597 5666 Γρηγυρίου,

2033 5676 2128 5729 τοῦ
2170 5679 2227 5730 ἐν
2268 5681 2517 5752 μακαρίᾳ
2547 5686 2608 5750 τῇ
2649 5683 2799 5753 λήξει
2835 5689 3126 5754 γενομένου
3157 5686 3594 5756 ἀρχιεπισκόπου
