4050 6266
459 332 527 400 13
1901 334 2236 400 ΝΟΤΙΤΙΑ.
3625 334 3692 399 ιι

453 445 877 518 Θεσσαλονίκης,
905 445 1001 500 τοῦ
1049 448 1143 502 καὶ
1195 447 1302 518 πρὸ
1349 448 1447 519 τῆς
1496 448 1912 522 ἀρχιερωσύνης
1964 450 2052 511 ὲν,

2092 458 2236 516 ,ιιιε,
2276 449 2425 519 prius
2485 448 2588 505 sibi
2655 448 3029 503 concreditum
3084 449 3224 504 ovile
3251 458 3396 506 recte
3444 452 3590 520 pavit
3636 461 3691 507 ct

453 541 564 601 τοῖς
596 538 838 609 πρώτοις
867 539 967 608 μὲν
994 540 1102 593 τῶν
1131 540 1419 610 ὁμοταγῶν
1449 540 1683 595 ἐνταῦθα
1712 540 2019 605 τελοῦντος,

2126 540 2485 606 conservavit,
2536 547 2662 609 post
2696 554 2826 596 vero
2889 540 3052 611 hujus
3100 541 3252 596 urbis
3300 541 3598 608 excidium,
3633 544 3688 609 in

454 631 513 684 τδ
536 631 595 686 δὲ
632 630 1000 700 ἑμπιστευθὲν
1030 632 1179 703 αύτῷ
1213 633 1479 704 πρότερον
1508 633 1603 686 τοῦ
1633 632 1869 703 Χριστοῦ
1899 632 2021 686 ποί-

2127 645 2343 699 sacrum
2394 630 2539 687 illius
2595 630 2849 687 thronum
2905 639 3182 697 evocatus,
3247 632 3379 686 nihil
3436 634 3580 703 quod
3625 634 3689 688 ad

456 737 610 791 μνιον
669 720 846 784 καλῶς
885 721 1253 790 ποιμάναντος
1304 728 1397 777 καὶ
1453 723 1817 794 φυλάξαντος,
1878 724 2017 791 μετὰ

2129 721 2278 775 illum
2334 722 2717 795 stabiliendum
2780 722 3001 789 faceret,
3069 723 3230 777 modo
3287 738 3396 793 quo
3454 732 3688 793 poterat,

451 812 551 883 τὴν
579 812 781 867 ἅλωσιν
821 814 920 882 τῆς
952 813 1162 879 πόλεως
1193 814 1395 885 ταύτης
1432 816 1512 877 είς
1542 815 1633 866 τὸν
1665 813 1809 882 ἱερὸν
1839 811 2013 879 αὐτῆς

2129 814 2496 881 praetermisit,
2537 814 2904 883 gradibusque
2948 813 3120 875 sacris
3150 816 3353 870 clerum
3389 815 3534 871 hunc
3577 816 3692 873 fere

453 902 641 973 θρόνον
669 901 1080 971 μετατεθέντος,
1104 905 1196 957 καὶ
1231 904 1457 973 μηδενὸς
1484 905 1595 957 τῶν
1636 905 1716 967 είς
1750 903 2014 955 σύστασιν

2124 907 2435 960 universum
2464 906 2759 972 decoravit,
2801 923 3130 977 rursumque
3164 907 3382 977 publice
3423 919 3479 963 et
3505 909 3690 978 priva—

450 997 654 1064 ταύτης
683 993 1023 1063 ὴμεληκότα,
1047 990 1126 1058 οἷς
1177 994 1398 1049 ἐδύνατο
1431 995 1673 1065 τρόποις,
1706 993 1929 1063 βαθμοῖς
1952 1011 2011 1046 τε

2121 998 2213 1050 tim
2249 997 2300 1049 in
2337 998 2755 1052 necessitatibus
2795 1000 3201 1068 erumpentibus
3252 1000 3450 1054 auxilia
3504 1015 3690 1070 opem-

454 1086 619 1155 ἱεροῖς
641 1086 732 1137 τὸν
762 1086 961 1155 κλῆρον
990 1085 1179 1138 τοῦτον
1213 1087 1402 1156 σχεδὸν
1443 1088 1623 1141 πάντα
1652 1087 2015 1155 τετιμηκότος

2120 1103 2225 1157 que
2249 1088 2455 1145 ferebat
2481 1090 2783 1157 diligenter,
2827 1091 3082 1147 omnibus
3112 1093 3534 1146 condonandum
3572 1094 3689 1149 suis

451 1177 544 1228 καὶ
570 1172 750 1241 αὖθις,
778 1180 872 1230 καὶ
899 1180 1081 1248 κοινῇ,
1104 1179 1200 1231 καὶ
1244 1178 1353 1248 ίδίᾳ
1384 1179 1516 1232 πᾶσι
1548 1177 1685 1255 πρὸς
1719 1177 1818 1241 τὰς
1852 1180 2014 1246 ἐπερ-

2120 1181 2447 1247 actionibus,
2475 1191 2532 1236 ut
2557 1182 2737 1235 divina
2793 1183 2874 1236 lex
2926 1185 3169 1252 praecipit
3219 1185 3511 1239 edocebat:
3546 1201 3687 1239 sem-

450 1267 687 1335 χυμένας
720 1267 968 1336 ἀνάγκας
997 1269 1090 1335 καὶ
1127 1266 1446 1339 βοηθοῦντος
1483 1270 1579 1321 καὶ
1621 1266 2017 1335 συνεργοῦντος

2121 1273 2333 1340 piterna
2375 1273 2658 1328 memoria.
2700 1271 2969 1342 Niphonis
3016 1275 3346 1341 sanctissimi
3380 1277 3552 1330 nostri
3588 1277 3689 1330 Do-

448 1359 678 1424 ἀόκνως,
722 1362 818 1414 καὶ
851 1363 913 1416 τὸ
960 1365 1177 1431 ἀφιέναι
1211 1365 1375 1416 πᾶσιν
1422 1362 1606 1433 ἔργοις
1649 1362 1817 1416 αὑτοῦ
1870 1361 2014 1415 κατὰ

2122 1363 2252 1416 mini
2278 1362 2654 1433 Metapbrastte
2699 1366 3231 1431 Thessalonicensis,
3279 1365 3575 1437 llypertimi
3607 1375 3690 1420 at-

447 1450 538 1503 τὸν
564 1450 705 1505 θεῖον
735 1455 900 1523 νόμον
928 1454 1255 1521 δεικνύντος,
1291 1455 1484 1510 αίωνία
1515 1457 1547 1524 ἡ
1587 1456 1800 1525 μνήμη.
1826 1454 2012 1525 Νίφω-

1924 1471 2012 1506 ιω·
2120 1469 2226 1525 que
2261 1455 2493 1510 Exarchi
2524 1460 2793 1511 universae
2822 1456 3117 1512 Thessalia:
3138 1496 3153 1523 ,
3187 1458 3343 1511 multi
3373 1459 3523 1513 anni.

449 1527 658 1605 νοίτοῦ
690 1548 1109 1615 παναγιωτάτου
1140 1549 1300 1619 ήμῶν
1349 1548 1633 1613 δεσπότου,
1657 1547 1751 1601 τοῦ
1793 1547 2092 1612 θειοτάτου,
2118 1546 2213 1600 τοῦ
2276 1549 2673 1618 μητροπολίτου
2733 1550 3158 1621 Θεσσαλονίκης,
3221 1550 3529 1620 ὑπερτίμου
3588 1553 3683 1607 καὶ

450 1635 680 1709 ἐξάρχου
713 1621 896 1714 πᾶσης
926 1643 1243 1709 Θετταλίας,
1270 1643 1439 1698 πολλὰ
1462 1643 1581 1713 ἐτη.

516 1755 648 1820 Quae
674 1757 743 1812 de
770 1757 1023 1828 Niphone
1056 1763 1146 1817 hic
1191 1763 1450 1818 dicuntur
1480 1771 1637 1818 erant
1666 1771 1945 1832 postrema
1988 1763 2042 1817 in
2075 1763 2167 1818 illo
2200 1760 2391 1816 codice
2430 1768 2486 1813 et
2516 1757 2619 1811 alia
2659 1771 2820 1812 manu
2856 1766 3105 1824 exarata,
3144 1768 3204 1812 ut
3233 1759 3360 1812 hinc
3396 1758 3687 1826 colligatur

444 1861 510 1903 eo
540 1850 657 1917 ipso
688 1859 927 1921 tempore
950 1853 1213 1923 Niphonis
1246 1857 1452 1925 scripta
1484 1855 1656 1911 fuisse
1682 1899 1697 1923 ,
1730 1865 1785 1911 et
1824 1854 2094 1924 praecipue
2124 1869 2246 1909 cum
2299 1853 2496 1905 multos
2525 1864 2697 1904 annos
2731 1860 3004 1918 precatur,
3042 1863 3151 1904 non
3183 1860 3441 1903 aeternam
3480 1866 3687 1904 memo-

442 1942 605 2005 riam,
635 1944 781 2012 quod
813 1960 915 2014 pro
942 1950 1174 2003 mortuis
1211 1950 1575 2013 acclamatur,
1629 1957 2041 2037 commemorat.
2096 1946 2153 2000 In
2181 1946 2356 2014 elogio
2407 1943 2676 1997 Gabrielis
2715 1942 2771 1996 in
2804 1942 3049 2013 margine
3078 1942 3397 1997 adnotatum
3424 1954 3548 1996 erat
3581 1943 3684 1997 Συ-
3764 1950 3779 1967 ’

443 2036 611 2103 μεὼν,
646 2036 895 2107 Symeon,
956 2041 1037 2095 vel
1067 2038 1360 2110 'Symeom's
1392 2058 1411 2095 :
1443 2050 1499 2096 et
1547 2042 1592 2096 si
1633 2057 1743 2095 non
1779 2041 1915 2094 fallit
1955 2033 2297 2108 conjectura,
2338 2035 2577 2106 Symeon
2638 2036 2765 2100 iste,
2802 2035 2871 2089 de
2902 2048 3011 2103 quo
3048 2035 3215 2088 verba
3248 2033 3502 2101 facimus,
3530 2033 3682 2088 illius

442 2134 634 2179 auctor
670 2126 793 2191 fuit.
829 2131 1288 2201 quemadmodum
1326 2130 1611 2201 Symeonis
1659 2131 1897 2199 elogium
1948 2130 2256 2200 Eugenicus
2313 2126 2604 2182 dictitavit.
2646 2125 2788 2180 Vixit
2817 2126 3004 2192 itaque
3040 2111 3281 2195 Symeon
3308 2134 3434 2179 ante
3463 2134 3679 2194 captam

441 2220 511 2274 ab
532 2221 793 2277 Amurate
847 2223 1320 2289 Thessalonicam,
1356 2236 1410 2280 et
1465 2234 1591 2280 ante
1637 2225 1921 2280 excidium
1979 2225 2127 2279 illius
2159 2223 2313 2279 urbis
2343 2237 2435 2278 sex
2478 2235 2695 2275 menses
2720 2219 2832 2274 fato
2881 2217 3101 2272 functus
3138 2225 3223 2271 est
3257 2232 3273 2270 :
3309 2216 3388 2270 illi
3432 2229 3556 2283 post
3585 2233 3685 2275 ca-

439 2322 591 2383 ptam
646 2318 914 2372 successit
951 2318 1269 2390 Gregorius.
1315 2319 1485 2389 Capta
1529 2328 1711 2373 autem
1774 2328 1861 2375 est
1892 2317 2285 2374 Thessalonica
2340 2317 2408 2370 ab
2466 2317 2729 2368 Amurate
2790 2328 2935 2367 anno
2977 2312 3044 2367 ab
3090 2311 3224 2366 orbe
3260 2311 3480 2365 condito
3518 2311 3681 2376 6938,

442 2406 651 2462 Christi
682 2407 843 2462 1450.
893 2407 1131 2464 Joannes
1167 2410 1479 2479 Anagnosta
1508 2410 1758 2465 oculatus
1814 2423 1996 2464 rerum
2057 2411 2214 2463 testis
2248 2406 2579 2461 Narratione
2633 2406 2701 2459 de
2763 2415 3043 2474 postremo
3074 2404 3290 2459 excidio
3326 2401 3681 2460 Thessaloni-

438 2499 590 2553 (κιθηεί
636 2516 651 2553 :
697 2498 953 2569 Ἐννάτην
990 2495 1094 2570 ἦγε
1122 2501 1217 2554 καὶ
1277 2500 1527 2571 εἰκοστὴν
1555 2502 1585 2554 ὁ
1607 2500 1850 2569 Μάρτιος
1898 2501 2021 2553 τότε
2045 2515 2061 2530 ⁸
2104 2501 2226 2563 ἔτος
2251 2499 2308 2551 δὲ
2351 2498 2681 2569 τριακοστὸν
2721 2496 2908 2564 ὃγδοον
2942 2495 3081 2565 πρὸς
3108 2496 3185 2564 τῷ
3225 2497 3676 2569 ἑξακισχιλιοστῷ

441 2589 753 2661 ὲλννακοστῷ
781 2590 1086 2661 ἐνειστήκει
1120 2606 1136 2644 :
1170 2590 1324 2644 Diem
1354 2591 1624 2659 aperiebat
1668 2591 1862 2644 mensis
1903 2589 2040 2642 Mart

2084 2607 2132 2643 ιε
2166 2604 2362 2642 nonum
2388 2596 2438 2641 et
2468 2588 2770 2640 vicesimum
2795 2584 2926 2637 armi
2961 2598 3053 2638 sea:
3092 2584 3362 2639 millesimi
3400 2602 3683 2655 nongento-

435 2655 565 2735 εἶΜὶ
595 2655 848 2735 vicesimi
877 2655 1070 2734 octavi.
1109 2680 1248 2735 Hinc
1278 2655 1489 2746 videas,
1517 2688 1787 2751 quantum
1847 2680 2069 2734 fallatur
2123 2681 2377 2734 Historia:
2426 2678 2659 2746 politicw
2694 2684 2889 2730 auctor
2921 2676 3064 2745 apud
3095 2674 3385 2731 Martinum
3419 2679 3677 2739 Crusium

441 2786 497 2828 et
531 2789 654 2829 cum
683 2788 750 2830 eo
776 2773 1165 2838 Leunclavius,
1194 2773 1433 2828 Jacobus
1462 2771 1742 2828 Pontanus
1766 2771 1922 2826 Notis
1946 2773 1999 2826 in
2027 2771 2505 2842 protovestiarium
2540 2777 2596 2823 et
2627 2769 2742 2832 alii,
2773 2768 2869 2837 qui
2888 2766 3293 2824 Thessalonicae
3321 2777 3681 2843 oppugnatio-

443 2884 564 2924 nem
596 2872 661 2925 ad
693 2885 899 2924 annum
925 2868 1132 2925 Christi
1164 2870 1295 2924 HM
1334 2868 1598 2925 referunt.
1657 2869 1763 2923 Alii
1820 2870 2013 2938 majori
2075 2868 2504 2923 anachronismo
2554 2867 2622 2921 ad
2680 2866 2772 2929 52,
2805 2866 3038 2935 primum
3071 2864 3355 2923 Amuratis
3378 2871 3674 2931 adventum

442 2979 566 3018 cum
600 2963 787 3018 urbem
814 2962 1111 3033 oppressit,
1137 2976 1261 3017 cum
1301 2961 1545 3018 secundo
1580 2960 2009 3027 confundentes;
2044 2972 2167 3030 post
2191 2961 2336 3016 enim
2364 2974 2541 3013 annos
2563 2960 2703 3013 duos
2732 2960 2784 3011 in
2817 2959 3061 3014 eamdem
3093 2961 3279 3027 rediit,
3320 2973 3375 3018 et
3401 2966 3673 3035 quidquid

442 3064 565 3122 post
597 3063 964 3124 expugnatam
1004 3055 1194 3109 urbem
1244 3055 1525 3110 beneficus
1568 3053 1898 3109 Christianis
1948 3055 2242 3117 concessit,
2289 3055 2391 3109 hoc
2443 3053 2686 3108 secundo
2732 3054 2970 3123 maligne
2999 3054 3293 3109 admodum
3328 3062 3590 3126 pervertit
3621 3073 3678 3119 et

442 3152 495 3205 in
526 3152 818 3219 pessimum
856 3159 1058 3205 statum
1098 3164 1183 3205 res
1211 3149 1588 3206 commutavit.
1621 3147 1749 3204 Fuit
1779 3150 2012 3221 Symeon
2054 3150 2240 3205 animo
2270 3148 2436 3215 virili,
2472 3149 2858 3219 praesentique,
2910 3153 3003 3219 qui
3061 3168 3160 3209 nec.
3187 3158 3425 3223 praemiis
3473 3160 3676 3217 oblatis

438 3240 511 3294 ab
539 3242 837 3297 Amurathe
876 3231 1482 3306 Thessalonicensi‘bus,
1519 3254 1624 3295 nec
1657 3241 1822 3295 minis
1851 3244 1906 3296 in
1934 3257 2054 3297 eam
2087 3242 2411 3297 sententiam
2450 3242 2574 3296 duci
2626 3242 2820 3308 potuit,
2857 3254 2914 3296 ιιι
2944 3243 3117 3299 Graeci
3150 3249 3340 3316 ejectis
3374 3249 3582 3308 Latinis
3615 3257 3671 3310 in

437 3334 767 3391 deditionem
803 3332 1079 3388 Amuratis
1113 3332 1498 3392 concederent.
1552 3332 1784 3400 ideoque
1818 3347 1849 3387 a
1901 3332 2182 3387 malevolis
2240 3334 2421 3387 acrius
2470 3341 2782 3387 accusatus.
2836 3334 2964 3390 Rem
3021 3339 3272 3406 pluribus
3320 3348 3673 3415 prosequitur

440 3431 581 3486 idem
609 3429 944 3499 Anagnosta,
979 3426 1164 3497 cujus,
1191 3439 1314 3479 cum
1346 3438 1504 3480 rarus
1536 3425 1607 3480 sit
1633 3439 1731 3479 nec
1766 3422 2021 3483 omnibus
2044 3423 2259 3488 obvius,
2278 3423 2441 3478 verba
2475 3422 2604 3478 licet
2632 3424 2929 3494 prolixiora
2966 3426 3054 3483 hic
3092 3441 3384 3499 apponam.

508 3568 693 3631 Οὕτως
733 3562 825 3619 οὖν
855 3567 988 3636 ἡμῖν
1031 3562 1267 3635 ἔχουσιν,
1298 3564 1421 3618 ὅσαι
1458 3581 1517 3617 τε
1547 3558 1686 3633 ὧραι
1724 3563 1896 3636 μυρία
1929 3565 1997 3619 τὰ
2029 3573 2069 3628 Β

2170 3559 2306 3623 Cum
2337 3562 2522 3631 itaque
2558 3578 2647 3618 res
2680 3573 2885 3620 nostra:
2930 3566 3003 3621 ita
3051 3583 3111 3623 se
3143 3569 3427 3636 haberent,
3467 3585 3521 3631 et
3552 3580 3673 3634 sin-

439 3659 647 3729 χαλεπὰ
674 3656 920 3726 φέρουσι,
951 3656 1046 3708 καλ⁸
1094 3654 1192 3724 τὴν
1239 3655 1515 3723 σωτηρίαν
1568 3655 1994 3725 ἀπαγορεύουσι,

2100 3653 2226 3721 gula
2261 3660 2561 3717 momenta,
2589 3655 2909 3711 innumeras
2957 3672 3124 3727 prope
3175 3676 3345 3717 noxas
3382 3664 3671 3733 inferrent,

439 3748 606 3802 κακὸν
631 3747 886 3818 ἐξαίφνης
913 3744 1147 3814 ἐπῆλθεν
1177 3744 1388 3821 ἕτερον.
1420 3742 1494 3801 Τὸ
1522 3749 1566 3801 δ’
1592 3743 1660 3817 ἦν
1689 3749 1722 3815 ὴ
1753 3745 1848 3798 τοῦ
1898 3762 1997 3798 κα-

2098 3744 2274 3812 deque
2321 3743 2498 3797 salute
2525 3742 2965 3812 desperaremus,
3008 3746 3208 3801 malum
3257 3749 3402 3804 alutl
3450 3765 3671 3822 repente

437 3839 528 3896 λοῦ
565 3840 844 3913 πστμένος,
873 3839 970 3897 καὶ
1013 3841 1156 3895 κατὰ
1201 3840 1294 3893 τὸν
1340 3838 1555 3909 πρῶτον
1605 3838 1839 3906 ποιμένα
1894 3836 1993 3906 τὴν

2098 3831 2330 3901 irrupit,
2387 3841 2442 3887 et
2500 3833 2816 3887 validiorem
2868 3835 3158 3891 adamante
3215 3839 3457 3894 animum
3516 3844 3673 3915 disji-

435 3933 612 4004 ψυχὴν
643 3932 730 4002 ἐφ’
754 3934 991 4000 ἑκάστης
1023 3930 1262 3999 ἀφειδῶς
1296 3928 1441 3999 ὑπὲρ
1472 3927 1566 3980 τοῦ
1608 3926 1861 3995 ποιμνίου
1909 3943 1992 3977 τι-

2096 3926 2270 3991 ciens,
2320 3924 2445 3979 boni
2504 3925 2714 3979 scilicet
2770 3928 3032 3994 pastoris,
3062 3939 3116 3984 et
3169 3946 3326 3999 atque
3349 3946 3414 3988 ac
3460 3937 3669 4001 primus

436 4022 642 4087 θέντος,
677 4024 817 4078 κατὰ
848 4021 992 4076 θεῖον
1034 4019 1287 4090 βούλημα
1330 4018 1602 4088 τελευτή·
1624 4018 1680 4071 ὲν
1714 4015 1864 4084 κα.λῷ
1894 4015 1993 4085 μὲν

2096 4026 2284 4084 pastor
2317 4015 2563 4086 quotidie
2616 4016 2843 4080 profuse
2892 4020 3129 4073 animant
3173 4023 3449 4089 ponentis,
3484 4024 3671 4082 divino

432 4113 625 4182 ὲκείνῳ
680 4110 1048 4181 γεγενημένη,
1101 4108 1299 4178 βλάϐος
1346 4107 1392 4160 δ’
1438 4109 1572 4176 ἡμῖν
1620 4104 1994 4173 ὲπενεγκοῦσα

2098 4106 2329 4159 consilio
2360 4106 2565 4171 obitus,
2623 4106 2699 4159 illi
2758 4107 2978 4176 quidem
3035 4108 3310 4165 fortunate
3345 4118 3668 4177 succedens,

432 4206 589 4267 πολὺ,
643 4204 750 4257 τῶν
800 4202 1013 4255 ἐκείνου
1064 4200 1230 4265 λιτῶν
1267 4200 1403 4270 πρὸς
1437 4199 1573 4252 Θεὸν
1621 4198 1990 4265 στερηθεϊσιν,

2096 4197 2252 4250 nobis
2283 4211 2415 4250 vero
2445 4196 2643 4250 damna
2696 4214 2869 4267 eaque
2924 4201 3160 4270 ingentia
3211 4202 3535 4273 importans,
3574 4211 3670 4278 qui

430 4291 517 4359 αἶς
547 4293 883 4363 ὲσωζόμεθα.
917 4292 1045 4345 Ὅτι
1075 4292 1131 4345 δὲ
1167 4292 1309 4344 κατὰ
1341 4289 1490 4342 θείαν
1541 4287 1683 4356 αὕτη
1735 4285 1989 4355 βούλησιν

2116 4286 2239 4341 llius
2266 4287 2349 4342 ad‘
2377 4288 2541 4342 Deum
2576 4289 2852 4355 precibus,
2885 4291 3087 4360 quibus
3113 4294 3276 4349 saluti
3301 4305 3503 4351 nostra:
3536 4316 3665 4368 prn-
3704 4344 3712 4361 .,

428 4381 516 4455 ἦν,
548 4386 713 4439 ἄκουε
740 4383 835 4437 τοῦ
865 4383 1127 4452 φανέντος
1153 4380 1231 4452 τῷ
1283 4378 1537 4449 μακαρίῳ
1579 4379 1824 4450 περιόντι
1867 4379 1987 4430 κατ’

2094 4379 2397 4444 videbatur,
2464 4379 2763 4448 privamur.
2832 4380 2898 4434 Et
2959 4382 3145 4437 divino
3208 4386 3441 4441 consilio
3511 4391 3662 4445 illum

428 4475 560 4544 δναρ
588 4475 803 4545 ὲκείνῳ.
834 4474 1022 4540 Ἔδοξε
1051 4474 1158 4544 πρδ
1199 4471 1294 4525 τοῧ
1331 4475 1432 4539 τὴν
1472 4470 1630 4523 πόλιν
1653 4470 1732 4539 τῷ
1767 4468 1988 4538 πολέμῳ

2091 4471 2382 4536 contigisse
2409 4470 2669 4538 conjicies
2712 4486 2778 4526 ex
2807 4472 2915 4528 illis
2966 4490 3086 4544 quae
3136 4477 3215 4530 illi
3261 4480 3440 4535 adhuc
3470 4497 3666 4551 super-

428 4567 695 4638 ληφθῆναι
744 4563 893 4621 οἶκόν
926 4582 1050 4620 τινα
1091 4565 1342 4636 λαμπρὸν
1378 4565 1607 4617 είσιέναι
1640 4562 1735 4615 καὶ
1762 4577 1988 4630 παμμε-

2091 4560 2201 4613 stiti
2235 4562 2378 4615 inter
2422 4561 2807 4616 somniandum
2844 4573 3160 4621 evenerant.
3216 4565 3379 4622 Visus
3412 4581 3493 4623 est
3531 4574 3660 4640 sibi,

428 4658 585 4727 γὲθη,
637 4657 994 4727 περισκοπεῖν
1031 4672 1091 4709 τε
1126 4654 1289 4708 αὑτὸν
1330 4653 1474 4707 κατὰ
1506 4653 1691 4722 μέρος,
1732 4651 1827 4705 καὶ
1859 4651 1988 4703 θοιυ⁴

2092 4660 2384 4721 antequam
2419 4654 2548 4707 urbs
2606 4653 2748 4707 bello
2799 4640 3135 4724 concideret,
3168 4660 3388 4715 domum
3444 4668 3667 4733 praecla-

422 4749 622 4819 μάζειν
651 4748 817 4802 αὑτοῦ
850 4750 911 4801 τό
948 4763 1009 4799 τε
1039 4746 1234 4808 κάλλος
1269 4745 1365 4797 καὶ
1399 4744 1650 4814 μέγεθος.
1688 4741 1781 4795 Ἐν
1809 4741 1986 4811 τούτῳ

2092 4757 2208 4796 ram
2236 4752 2290 4797 et
2324 4744 2617 4797 maximam
2678 4748 2946 4814 ingresso,
3004 4749 3250 4821 singulas
3305 4753 3452 4811 illius
3482 4771 3663 4826 partes

423 4839 469 4893 δ’
492 4839 606 4894 ὄντι
641 4840 824 4909 φωνὴν
852 4836 1054 4904 ἔξωθεν
1088 4836 1395 4906 ἐνεχθῆναι,
1421 4836 1707 4901 λέγουσαν,
1741 4850 1759 4883 ι
1801 4831 1859 4885 '0
1885 4833 1983 4900 μὲν
2016 4907 2022 4919 Α

2090 4834 2382 4904 inspicere,
2416 4845 2471 4890 et
2498 4837 2717 4904 decora,
2769 4850 2823 4894 et
2874 4844 3301 4911 magnitudinem
3340 4864 3664 4919 wagvopere

420 4927 567 4994 οἶκος
591 4924 768 4994 οὗτος,
790 4928 849 4982 οὗ
877 4930 944 4983 τὰ
979 4929 1104 4981 καθ’
1121 4929 1377 4999 ἕκαστον,
1404 4922 1449 4980 ῶ
1473 4926 1731 4990 δέσποτα,
1759 4924 1835 4987 ὡς
1861 4924 1983 4976 λίαν
2013 4911 2019 4949 ⁴

2180 4900 2194 4904 _
2701 4900 2711 4904 _
2966 4900 2995 4911 υ
3230 4900 3233 4901 ,
3398 4900 3458 4919 κο
3508 4900 3661 4919 μγ---

2093 4931 2368 4985 (ῑειιιὶῑιινὶ.
2404 4930 2500 4986 His
2534 4933 2798 4989 intentum
2831 4952 3015 4992 vocem
3046 4939 3249 4999 deforis
3281 4945 3661 5001 advenientem

420 5021 651 5092 λαμπρὰ
689 5022 784 5074 καὶ
829 5020 1009 5088 ὡραῖα
1054 5012 1357 5088 θαυμάζεις
1405 5016 1739 5089 περιαορῶν,
1794 5017 1982 5069 πίπτει

2092 5020 2392 5076 inaudisse.
2435 5042 2454 5075 ‹
2479 5023 2677 5079 Domus
2703 5027 2835 5092 haec,
2862 5030 3020 5100 cujus
3050 5046 3232 5101 partes
3267 5036 3512 5102 singulas
3538 5037 3662 5091 illu-

424 5112 483 5164 τὸ
508 5113 671 5182 τάχος
694 5126 708 5141 ⁸
735 5113 829 5164 καὶ
858 5111 942 5164 ἵνα
980 5109 1053 5180 μή
1102 5126 1163 5161 σε
1209 5107 1423 5178 καλύψῃ
1455 5106 1664 5173 πεσὼν,
1686 5106 1827 5173 ἔξιθι
1855 5106 1982 5158 τού-

2083 5113 2232 5168 'stres
2298 5122 2460 5183 atque
2516 5103 2773 5174 venustas
2827 5122 3186 5180 considerans
3228 5127 3660 5191 admiraris,ac-

418 5221 509 5259 του
536 5204 768 5275 ταχέως.
807 5222 827 5255 ι
880 5200 1066 5266 Οὕτως
1111 5196 1261 5271 εῖχεν
1305 5202 1339 5267 ἡ
1390 5201 1512 5270 ὄψις
1541 5217 1554 5231 ο
1583 5201 1674 5253 καὶ
1707 5201 1788 5263 είς
1820 5198 1980 5269 ἔργον

2090 5214 2264 5261 tutum
2295 5198 2567 5274 ceucidet,
2595 5219 2648 5265 et
2671 5226 2739 5266 ne
2769 5222 2821 5267 te
2848 5228 2946 5269 sua
2981 5216 3135 5270 ruina
3170 5220 3465 5286 Opprimat,
3492 5237 3655 5292 quam

416 5290 549 5367 ἧκεν
578 5297 679 5351 οὐκ
698 5298 779 5356 είς
811 5294 1030 5365 μακράν
1048 5307 1063 5322 °
1098 5294 1303 5356 ἐκεῖνος
1330 5295 1429 5363 μὲν
1454 5294 1584 5362 γὰρ,
1613 5292 1700 5344 ἶνα
1728 5293 1977 5361 ἀναφανῇ

2087 5296 2197 5350 cito
2230 5297 2376 5352 foras
2403 5299 2555 5368 eripe
2587 5308 2659 5356 te.
2694 5321 2712 5354 ι
2747 5303 2933 5358 Visum
2976 5307 3077 5358 hoc
3123 5306 3317 5365 effectu
3350 5325 3456 5364 non
3487 5290 3660 5369 multo

415 5387 644 5461 δίκαιος,
680 5388 780 5442 καὶ
816 5380 923 5439 τῶν
954 5384 1165 5438 πολλῶν
1196 5385 1295 5453 τῆς
1321 5385 1524 5455 ἀρετῆς
1558 5384 1768 5437 ἐκείνου
1796 5384 1977 5452 καμά-

2089 5398 2211 5454 post
2232 5393 2648 5456 comprobatum
2680 5402 2782 5448 est.
2843 5394 2935 5448 Ille
2988 5398 3210 5460 etenim,
3263 5410 3319 5452 ut
3343 5400 3527 5470 justus
3565 5419 3659 5472 ap-

413 5492 518 5529 των
555 5475 697 5549 λάϐῃ
743 5476 843 5539 τὰς
887 5473 1210 5536 ἀντιδόσεις,
1239 5475 1462 5536 εἰκότως
1513 5472 1677 5536 οὕτω,
1712 5474 1810 5527 καὶ
1870 5473 1977 5543 πρὸ

2086 5486 2318 5545 pareret,
2344 5488 2398 5534 et
2423 5481 2639 5536 virtutis
2666 5497 2780 5539 sure
2809 5484 3106 5542 multorum
3151 5488 3402 5545 laborum
3436 5496 3654 5561 praemia

414 5567 509 5637 τῆς
538 5567 726 5637 κοινῆς
768 5565 1082 5637 συμφορᾶς,
1120 5565 1254 5635 πρὸς
1299 5562 1359 5616 ὃν
1400 5563 1588 5617 ἐπόθει
1622 5563 1825 5634 Κύριον
1860 5563 1976 5629 ἐξε-

2083 5568 2334 5633 referret,
2367 5573 2469 5638 sic,
2510 5573 2583 5626 uti
2623 5588 2718 5642 par
2746 5584 2864 5628 erat
2903 5585 2958 5632 et
2989 5587 3115 5634 ante
3157 5594 3449 5638 commune
3480 5584 3656 5640 infor-

414 5656 670 5729 δήμησεν.
698 5657 774 5711 Οὐ
807 5657 913 5731 γὰρ
943 5656 1153 5710 δίκαιον
1186 5654 1346 5709 τοῦτο
1376 5652 1529 5724 παρὰ
1556 5655 1694 5708 Θεοῦ
1728 5655 1972 5728 κέκριτο,

2086 5662 2299 5715 iunium
2357 5663 2424 5716 ad
2479 5662 2672 5726 Deum,
2708 5681 2872 5735 quem
2922 5677 3208 5741 tantopere
3269 5675 3651 5744 concupiverat

412 5750 669 5808 τοιούτων
703 5750 791 5805 ἵνα
821 5748 1009 5803 κακῶν
1034 5750 1226 5819 πεῖραν
1254 5749 1377 5818 σχῇ,
1410 5749 1505 5801 καὶ
1527 5751 1831 5821 κοινωνήσῃ
1861 5749 1970 5804 τῶν

2084 5752 2361 5824 migravit.
2393 5752 2584 5825 Neque
2607 5756 2753 5811 enim
2785 5759 2992 5828 justum
3041 5761 3184 5831 apud
3220 5762 3389 5819 Deum
3431 5775 3648 5839 rcpuIav
