4050 6266
346 335 412 399 15
1191 340 1495 401 SYMEON
1536 341 2296 404 THESSALONICENSIS
2337 342 2697 402 ARCHIEP.
3514 334 3580 396 15

346 450 527 516 batur,
588 448 849 503 similium
907 448 1174 502 malorum
1234 465 1356 504 eum
1395 451 1714 520 participem
1767 452 1908 507 ﬁeri.

2018 454 2150 509 ῐσων
2175 454 2313 522 ἡμῖν
2337 468 2350 485 ο
2377 451 2635 520 ἀνόμοιος
2661 450 2770 519 γὰρ
2801 443 2868 518 ἦν
2897 448 3007 510 τοῖς
3033 444 3212 505 ἄλλοις
3242 443 3269 496 ὁ
3296 442 3408 509 βίος
3434 443 3578 495 ἐκεί-

345 540 467 598 Vita
497 541 763 611 siquidem
806 540 952 596 illius
993 555 1100 594 non
1155 550 1272 596 erat
1317 543 1440 598 aliis
1487 543 1706 609 similis,
1735 553 1789 598 et
1822 559 1911 598 sc-

347 635 492 688 mita:
520 634 766 700 diverszr,
802 644 860 687 nt
885 649 1008 686 cum
1059 632 1350 688 Salomone
1401 635 1616 704 loquar.
1646 634 1756 690 Nos
1782 650 1910 690 vero

345 727 693 796 improbitate
726 727 886 795 plane
922 726 1130 795 repleti,
1169 727 1222 781 in
1272 726 1700 796 cagitationibus
1727 727 1910 782 cordis

345 817 515 871 nostri
548 816 767 885 pessimi
814 815 1180 879 ambulantes,
1225 824 1284 869 ut
1337 816 1600 872 Jeremias
1633 817 1826 887 inquit,
1856 825 1910 871 et

345 910 566 976 perinde
614 917 776 977 atque
825 909 1083 978 antiquus
1135 908 1321 975 lsrael,
1386 919 1808 976 murmurantes,
1845 925 1878 963 u

344 997 504 1052 nobis
560 997 864 1062 allubescit,
929 999 1092 1054 rebus
1147 1013 1254 1052 non
1316 999 1736 1055 succedentibus
1787 1003 1910 1070 jure

346 1089 544 1143 merito
577 1089 737 1152 mala,
796 1099 850 1143 et
906 1088 1077 1143 solida
1112 1089 1424 1145 calamitate
1483 1101 1810 1154 mactamur,
1853 1101 1907 1145 et

344 1181 439 1234 tali
489 1179 605 1234 viro
659 1180 936 1246 orbamur,
991 1179 1082 1248 qui
1134 1179 1285 1236 solus
1337 1179 1705 1236 amictissimis
1757 1181 1910 1236 hisce

347 1272 689 1340 temporibus
731 1281 787 1325 et
836 1271 891 1323 in
946 1272 1110 1325 tantis
1147 1285 1332 1325 rerum
1381 1271 1795 1326 discriminibus
1819 1287 1901 1325 so-

346 1357 924 1417 latium‘remanserat.
966 1361 1166 1415 Omnes
1209 1360 1475 1429 siquidem
1514 1377 1672 1426 eum,
1720 1362 1795 1416 uti
1826 1363 1907 1414 vi-

345 1455 507 1508 talem
581 1453 635 1506 in
689 1453 844 1506 nobis
912 1451 1226 1505 facultatem
1291 1452 1699 1520 reputabamus,
1764 1453 1909 1507 illius

347 1557 577 1603 mortem
632 1545 1013 1601 tantummodo
1085 1544 1420 1600 dueebamus
1477 1545 1740 1600 adversus
1807 1561 1909 1600 nos

341 1638 662 1708 justissimzn
697 1636 951 1691 Numinis
985 1636 1285 1706 puuitionis
1334 1637 1640 1691 exordium.
1674 1636 1788 1692 Hoc
1815 1652 1909 1693 eos

2014 562 2130 609 νου,
2158 545 2254 597 καὶ
2295 543 2692 614 ἐξηλλαγμέναι
2733 541 2787 591 αί
2823 537 3018 608 τρίϐοι,
3040 536 3100 588 τὸ
3137 534 3479 602 Σολομῶντος
3503 534 3578 585 εί-

2014 639 2134 688 πεῖν
2154 652 2167 666 ·
2204 637 2359 704 ἡμεῖς
2385 634 2442 686 δὲ
2473 633 2673 694 κακίας
2698 632 2961 698 γέμοντες
2993 628 3128 690 ὅλως
3155 627 3248 679 καὶ
3273 627 3448 678 ὀπίσω
3468 625 3580 676 τῶν

2013 725 2414 795 ἐνθυμημάτων
2477 727 2576 793 τῆς
2640 721 2865 791 καρδίας
2920 718 3081 789 ἡμῶν
3144 717 3244 787 τῆς
3312 717 3575 786 πονηρᾶς.
3653 755 3659 760 .

2012 818 2184 871 Τοῦτο
2217 819 2280 886 δὴ
2311 817 2371 869 τὸ
2409 816 2505 869 τοῦ
2552 815 2846 884 Ἰερεμίου,
2880 812 3271 882 πορευόμενοι·
3306 809 3399 862 καὶ
3436 807 3581 860 κατά

2011 912 2102 965 τὸν
2127 909 2296 963 πάλαι
2320 907 2628 977 γογγυσταὶ
2649 907 3008 975 τυγχάνοντες
3051 901 3291 970 Ἰσραὴλ,
3315 899 3459 952 κατὰ
3480 900 3579 967 τὴν

2010 1003 2286 1071 ἡμετέραν
2341 999 2641 1070 ἐπιθυμίαν
2695 997 2996 1068 ἀπολαύειν
3029 997 3180 1058 ὅπως
3213 995 3313 1046 οὐκ
3384 993 3580 1061 ἔχομεν

2009 1096 2121 1148 τῶν
2155 1095 2523 1163 πραγμάτων,
2549 1090 2774 1152 δικαίως
2811 1089 2955 1143 οὕτω
2991 1087 3355 1158 πεπράγαμεν
3391 1086 3582 1137 δυστυ-

2012 1189 2268 1257 χέστατα,
2297 1185 2392 1237 καὶ
2424 1183 2616 1237 τούτου
2647 1181 2873 1251 τάνδρδς
2913 1178 3274 1251 ἐστερήμεθα,
3305 1178 3466 1242 μόνου
3486 1192 3581 1229 πε-

2015 1275 2383 1346 ριλειφθέντος
2409 1275 2466 1328 ἐν
2490 1273 2748 1336 τοιούτοις
2773 1273 2982 1341 καιροῖς
3022 1271 3116 1323 καὶ
3143 1269 3414 1331 τοσούτοις
3432 1270 3582 1321 ἀνια-

2014 1369 2124 1434 ροῖς
2153 1365 2519 1435 παραμύθιον.
2555 1365 2760 1426 Πάντες
2808 1363 2917 1433 γὰρ
2951 1360 3141 1430 ὥσπερ
3187 1359 3309 1412 τινὰ
3353 1359 3580 1426 δύναμιν

2014 1458 2254 1528 ζωτικὴν
2283 1461 2340 1510 ἐν
2367 1459 2497 1527 ἡμῖν
2532 1444 2852 1525 ἐνομίζομεν
2901 1453 3112 1514 τοῦτον,
3144 1455 3236 1506 καὶ
3264 1449 3364 1521 τὴν
3392 1451 3582 1502 τελευ.

2011 1549 2110 1619 τὴν
2145 1549 2354 1602 ἐκείνου
2391 1547 2559 1616 μηδὲν
2589 1545 2719 1600 ἄλλο
2752 1545 2994 1615 νομίζειν
3031 1546 3270 1612 εἴχομεν,
3301 1542 3333 1612 ἢ
3367 1545 3462 1609 τῆς
3495 1540 3578 1607 ἐφ’

2011 1639 2161 1707 ἡμᾶς
2216 1637 2334 1689 τοῦ
2370 1634 2504 1688 Θεοῦ
2539 1635 2882 1704 δικαιοτάτης
2931 1632 3179 1694 παιδείας
3231 1626 3341 1684 οἷον
3399 1630 3582 1700 προοίο

346 1729 623 1798 redarguit
663 1728 1026 1797 apertissime,
1095 1727 1187 1796 qui
1244 1727 1466 1798 indigna
1525 1729 1668 1782 dicta
1701 1728 1914 1783 ineum‘

347 1823 359 1838 .
663 1827 696 1838 _.
750 1817 968 1838 μου-..
1038 1829 1253 1838 ,-,-,,μ.
1358 1818 1494 1838 μ---»

2019 1747 2158 1800 μιον.
2190 1727 2362 1781 Τοῦτο
2410 1728 2520 1780 τῶν
2572 1729 2855 1780 κατειπεῖν
2891 1725 3183 1796 ᾑρημένων
3228 1725 3438 1776 ἐκείνου
3487 1740 3582 1774 σα-

2073 1820 2286 1838 1,-η--Α
2340 1817 2558 1838 ιπηηγ--
2632 1819 2717 1838 --με
2780 1817 2902 1838 __!._
2957 1815 3165 1838 LQ.--I..-.
3216 1813 3336 1838 --μ-⁸
3373 1813 3579 1838 ι.--ι..-..

347 1823 602 1891 ingerunt
649 1827 703 1874 et
749 1817 976 1872 infamia
1031 1829 1281 1884 onerant,
1352 1818 1495 1887 quod
1547 1819 1909 1888 proditionem

347 1929 458 1968 non
491 1912 740 1976 suaserit,
775 1921 828 1964 et
855 1909 1000 1978 quod
1046 1923 1139 1962 eos
1176 1909 1413 1979 propriis
1462 1911 1704 1964 consiliis
1746 1911 1911 1966 altius

348 2004 626 2076 quidpiam
679 2000 1003 2056 meditantes
1065 2002 1118 2055 in
1179 2016 1256 2065 se,
1321 2003 1660 2071 represserit.
1707 2003 1914 2073 Opinor

347 2097 600 2166 equidem
639 2109 760 2165 ego,
791 2109 915 2148 cum
951 2092 1109 2147 vellet
1143 2090 1305 2159 Deus,
1357 2103 1416 2146 ut
1459 2096 1712 2148 omnibus
1751 2095 1910 2148 inno-

349 2197 603 2247 tesceret,
638 2186 760 2256 quis
795 2184 878 2239 vir
923 2184 1012 2238 ille
1056 2198 1211 2238 sacer
1264 2192 1407 2238 esset
1440 2194 1494 2238 et
1542 2200 1775 2254 quorum
1824 2186 1912 2241 di-

349 2295 508 2351 gnus,
543 2279 636 2348 qui
671 2292 799 2332 vero
843 2290 946 2330 nos
992 2285 1044 2331 et
1076 2275 1274 2344 quibus
1315 2276 1491 2345 pmuis
1520 2277 1762 2344 obnoxii,
1792 2278 1914 2347 qui-

349 2371 456 2424 bus
506 2368 744 2423 miseriis
803 2367 950 2437 juste
1020 2366 1393 2432 excruciandi,
1470 2367 1520 2420 id
1555 2378 1774 2436 prapter
1825 2383 1913 2424 res

350 2461 654 2529 utriusque,
701 2459 750 2512 in
801 2472 914 2511 rem
944 2458 1163 2526 utrique
1199 2457 1554 2526 disposuisse.
1587 2458 1774 2527 Itaque
1804 2468 1910 2514 tam

343 2552 469 2606 diro
503 2549 665 2614 malo,
700 2548 848 2601 obitu
877 2561 1070 2614 nempe
1100 2547 1245 2601 illius
1286 2548 1498 2604 adnexo
1552 2558 1609 2603 et
1653 2549 1913 2604 omnibus

350 2642 404 2694 in
449 2638 668 2692 civitate
727 2636 879 2700 viris,
935 2636 1278 2703 mulieribus,
1327 2638 1535 2706 pueris,
1562 2636 1788 2701 Latinis,
1817 2637 1913 2693 .Iu-

349 2731 483 2786 dmis
518 2743 734 2801 quoque
781 2729 916 2798 ipsis
946 2729 1315 2783 miserandum
1347 2729 1402 2782 in
1435 2729 1656 2783 modum
1707 2744 1914 2784 sermo-

349 2837 447 2878 nes
486 2821 912 2885 conferentibus,
943 2828 1000 2873 et
1047 2819 1254 2889 reliqua
1289 2820 1494 2882 omnia,
1530 2836 1651 2890 qua:
1673 2836 1767 2875 eos
1797 2831 1910 2876 tum

355 2912 690 2982 amigebant,
723 2926 752 2964 e
781 2910 1040 2965 memoria
1073 2911 1489 2980 deponentibus,
1521 2914 1758 2981 pastoris
1795 2923 1914 2968 tan-

351 3014 464 3058 tum
502 3003 860 3073 privationem
897 3002 952 3056 in
986 3010 1220 3061 mentem
1255 3004 1636 3060 revocantibus
1673 3015 1728 3060 et
1769 3020 1914 3075 saepe

350 3096 549 3166 Saepius
587 3093 1008 3166 profer-cutibus,
1057 3096 1563 3167 asserentibusque,
1592 3105 1648 3151 ut
1676 3098 1788 3166 jam
1833 3105 1912 3153 in-

357 3191 480 3255 nui,
522 3199 575 3242 et
609 3204 716 3242 non
772 3196 975 3241 temere
1022 3187 1395 3255 credentibus,
1461 3189 1725 3244 indicium
1779 3190 1911 3245 illud

351 3298 470 3337 esse
493 3293 548 3335 et
580 3279 776 3334 divina:
801 3279 1101 3348 puuitionis
1129 3288 1183 3334 ct
1209 3280 1480 3335 subsecuti
1509 3279 1726 3346 excidii,
1759 3293 1911 3336 etc...

354 3375 460 3429 Sed
487 3388 612 3427 cum
666 3370 773 3426 huc
829 3371 1196 3440 pervenerim,
1223 3372 1412 3440 paucis
1439 3371 1775 3441 compellabo
1815 3373 1914 3426 hu-

348 3465 461 3535 jus,
503 3463 800 3518 alteriusve
832 3461 1268 3518 iusimulatores.
1312 3462 1546 3518 Ubinam
1591 3453 1764 3519 eratis
1796 3480 1912 3532 vos,

349 3572 476 3612 cum
511 3556 625 3609 lucc
658 3553 895 3608 Muratcs
927 3551 1189 3610 oﬂ‘erret?
1226 3553 1416 3608 Nonne
1460 3554 1515 3607 in
1556 3553 1710 3619 urbe,
1739 3564 1794 3609 et
1824 3569 1916 3609 ve-

352 3649 483 3704 stris
512 3663 573 3702 ca
601 3647 825 3701 auribus
857 3646 1200 3715 usurpastis?
1229 3644 1345 3711 Qua
1371 3645 1532 3716 igitur
1558 3647 1772 3701 ratione
1819 3661 1914 3701 co-

352 3741 545 3811 gitatis'
564 3739 648 3794 usi
697 3754 803 3792 non
847 3737 1018 3792 estis?
1047 3737 1224 3803 Quare
1257 3737 1324 3792 de
1359 3738 1557 3806 quibus
1590 3738 1726 3792 alios
1757 3736 1914 3792 incu-

355 3835 512 3897 satis,
563 3830 705 3902 quod
763 3846 870 3885 non
925 3829 1170 3894 fecerint,
1203 3843 1300 3884 vos
1335 3829 1437 3898 ipsi
1466 3829 1755 3884 occasione
1794 3845 1917 3898 pre-

353 3931 536 3977 mente
582 3929 638 3974 ct
675 3918 829 3973 nullo
877 3917 1209 3986 impediente
1263 3932 1372 3971 non
1408 3917 1749 3986 periecistis?
1778 3915 1915 3972 Tum

352 4016 496 4068 cnim
550 4010 734 4064 nullus
763 4019 948 4076 pastor
977 4019 1114 4062 erat.
1153 4008 1398 4079 Namque
1421 4019 1546 4064 ante
1573 4024 1670 4064 sex
1701 4026 1916 4066 menses

353 4106 495 4159 inter
526 4103 674 4156 vivos
717 4117 839 4156 esse
888 4100 1126 4155 desierat
1158 4117 1174 4154 :
1207 4116 1388 4171 neque
1433 4101 1564 4157 dira:
1608 4111 1786 4169 erant,
1819 4117 1918 4158 nec

353 4199 482 4261 alia,
513 4211 634 4265 quae
662 4208 760 4249 vos
813 4195 1110 4248 recensetis
1159 4199 1212 4248 et
1244 4209 1339 4262 per
1371 4193 1566 4264 digitos
1599 4205 1792 4250 exacte
1817 4211 1917 4249 nu-

355 4289 600 4345 meratis.
630 4285 769 4351 Quid
805 4285 970 4355 igitur
1023 4285 1178 4339 vobis
1234 4285 1618 4354 impedimento
1650 4288 1793 4342 fuit?
1824 4299 1918 4342 aut

355 4381 514 4450 cujus
549 4393 688 4446 opus
725 4376 990 4430 eventus?
1017 4374 1253 4438 Nullius,
1281 4376 1508 4444 quilibet
1537 4380 1916 4447 respondebit,

2020 1820 2288 1888 φέστατος
2339 1817 2582 1887 ἐλεγχος,
2631 1819 2725 1869 καὶ
2776 1817 2902 1877 τοὺς
2951 1815 3165 1868 ἀδικίαν
3216 1813 3336 1866 κατ’
3371 1813 3581 1866 ἐκείνου

2013 1910 2331 1974 λαλοῦντας,
2363 1911 2447 1962 ὅτι
2487 1909 2563 1979 μὴ
2611 1908 2900 1978 προδοσίαν
2948 1906 3269 1976 ἐσκέψαντο,
3305 1905 3441 1976 μηδὲ
3471 1903 3580 1956 τῶν

2015 2003 2168 2070 σφίσι
2201 2001 2502 2055 δοκούντων
2550 2001 2826 2061 συνιέντας
2863 1998 3160 2068 βαθύτερον
3192 1998 3415 2058 ἐνδίκως
3458 1997 3582 2048 ἐπι-

2015 2092 2262 2161 στομίζει
2283 2107 2297 2122 ο
2337 2087 2492 2160 οἶμαι
2523 2094 2632 2162 γάρ
2659 2091 2788 2159 ἐγὼ,
2841 2091 3012 2156 δεῖξαι
3055 2089 3334 2159 βουληθεὶς
3363 2089 3391 2140 ό
3425 2086 3582 2150 Θεὸς,

2012 2179 2129 2247 οἷος
2169 2163 2319 2254 μένδ
2349 2185 2492 2253 ίερὸς
2527 2185 2732 2247 ἐκεῖνος
2766 2183 2925 2252 ἀνὴρ,
2963 2184 3056 2236 καὶ
3090 2181 3253 2235 τίνων
3303 2181 3452 2246 ἄξιος
3491 2176 3582 2250 ἦν,

2013 2271 2116 2330 οἷοι
2144 2277 2189 2331 δ’
2212 2279 2394 2348 ἡμεῖς,
2418 2277 2515 2329 καὶ
2567 2275 2722 2337 τίνας
2755 2274 3163 2346 εἰσπραχθῆναι
3197 2275 3349 2335 δίκας
3380 2273 3582 2325 δίκαιοι

2012 2365 2176 2439 ἦμεν,
2202 2368 2288 2421 διὰ
2321 2369 2477 2420 τοῦτο
2505 2348 2578 2420 τὰ.
2599 2365 2726 2420 καθ’
2750 2367 3009 2437 ἑκάτερον
3048 2370 3212 2436 μέρος
3244 2365 3414 2427 οὕτως
3447 2363 3584 2435 ᾠκο-

2013 2454 2218 2528 νόμησε
2245 2476 2306 2511 συ
2316 2459 2652 2528 μφερόντως.
2670 2459 2874 2511 Τούτου
2903 2453 2996 2510 οὖν
3020 2457 3114 2509 τοῦ
3149 2456 3350 2523 δεινοῦ,
3369 2457 3467 2524 τῆς
3494 2472 3584 2508 τε·

2014 2551 2207 2620 λευτῆς
2259 2551 2469 2605 ἐκείνου
2521 2553 2689 2620 φημὶ,
2719 2549 3177 2619 προστεθειμένου
3221 2553 3330 2612 τοῖς
3377 2549 3576 2609 ἄλλοις,

2015 2643 2108 2695 καὶ
2131 2641 2348 2696 πάντων
2367 2641 2477 2696 τῶν
2507 2643 2564 2694 ἐν
2591 2644 2657 2712 τῇ
2693 2640 2847 2698 πόλει
2877 2641 3108 2710 ἀνδρῶν,
3132 2639 3424 2708 γυναικῶν,
3457 2640 3584 2692 παί-

2013 2731 2140 2794 δων,
2168 2730 2413 2784 Λατίνων
2441 2747 2500 2783 τε
2530 2731 2624 2782 καὶ
2653 2730 2833 2783 αὐτῶν
2870 2730 3138 2782 Ἰουδαίων
3165 2730 3409 2791 ἐλεεινῶς
3444 2731 3581 2799 πρδς

2014 2821 2274 2889 ἀλλήλους
2303 2821 2707 2890 διομιλούντων,
2736 2822 2829 2874 καὶ
2865 2821 2933 2873 τά
2963 2822 3062 2890 μὲν
3092 2820 3205 2876 ἄλλ’
3226 2823 3324 2875 ὅσα
3357 2822 3580 2887 τούτους

2013 2911 2200 2975 ἐπίεζε
2236 2911 2478 2980 δηλονότι
2525 2914 2590 2980 τῇ
2629 2911 2768 2984 λήθῃ
2817 2913 3328 2982 παραπεμπόντων,
3356 2913 3454 2983 τὴν
3486 2913 3579 2965 τοῦ

2014 3004 2276 3073 ποιμένος
2306 3001 2364 3054 δὲ
2413 3004 2672 3073 στέρησιν
2723 3003 2815 3055 ἐπὶ
2857 3003 2982 3057 νοῦν
3030 3004 3437 3071 λαμϐανόντων,
3487 3007 3582 3058 καὶ

2018 3093 2257 3164 συνεχῶς
2307 3094 2717 3164 προφερόντων,
2742 3095 2840 3164 τῆς
2887 3095 2982 3148 τοῦ
3018 3096 3152 3149 Θεοῦ
3197 3113 3255 3149 τε
3308 3097 3580 3160 παιδείας,

2014 3187 2089 3251 ὡς
2147 3185 2419 3256 προῦφην,
2468 3187 2563 3240 καὶ
2608 3187 2706 3256 τῆς
2751 3186 3127 3257 γεγενημένης
3167 3186 3441 3252 ἁλώσεως,
3487 3190 3582 3241 καὶ

2015 3282 2280 3350 λεγόντων
2309 3279 2531 3349 σημεῖον
2547 3277 2722 3343 τοῦτο,
2749 3279 2841 3331 καὶ
2860 3278 3299 3335 πιστευόντων...
3323 3278 3388 3331 Ει
3417 3279 3579 3334 infra:

2029 3373 2169 3429 Ἀλλ’
2195 3373 2429 3427 ἐνταῦθα
2463 3373 2658 3443 μικρὸν
2686 3373 2957 3444 ἐρήσομαι
2984 3377 3111 3436 τοὺς
3140 3375 3581 3445 κατηγοροῦντας

2017 3469 2109 3523 τοῦ
2141 3469 2331 3536 δεῖνος,
2359 3471 2454 3523 καὶ
2495 3469 2592 3538 τῆς
2637 3470 2831 3532 δεῖνος.
2879 3468 2988 3522 Ποῦ
3019 3469 3141 3523 ποθ’
3169 3471 3325 3541 ὑμεῖς
3357 3468 3475 3544 ἦτε,
3503 3473 3584 3526 ὅθ’

2017 3561 2045 3614 ό
2082 3563 2376 3632 Μουράτης
2404 3562 2472 3614 τά
2506 3559 2730 3615 τοιαῦτα
2771 3563 3080 3632 ὐπέσχετο;
3108 3563 3223 3617 Οὐκ
3250 3566 3306 3616 ἐν
3335 3567 3399 3635 τῇ
3430 3566 3584 3619 πόλει

2018 3654 2113 3707 κει.)⁵
2144 3653 2404 3722 αὐτήκοοι
2431 3653 2539 3705 τῶν
2563 3655 3026 3722 κηρυττομένων;
3053 3657 3172 3718 Πῶς
3193 3653 3286 3710 οὖν
3304 3658 3400 3711 οὐκ
3423 3660 3586 3727 ἐχρή-

2021 3745 2188 3797 σασθε
2221 3743 2298 3813 τῷ
2324 3744 2571 3815 λογισμῷ
2593 3761 2607 3810 ;
2633 3744 2753 3806 Πῶς
2784 3744 2819 3798 ἃ
2849 3745 3147 3800 διανοείαθε
3179 3748 3277 3801 οὑκ
3311 3749 3389 3810 είς
3412 3751 3584 3819 πέρας

2018 3837 2288 3906 ἠγάγετε;
2316 3837 2441 3899 Πῶς
2465 3836 2500 3890 ά
2531 3837 2636 3890 τῶν
2669 3836 2846 3890 ἄλλων
2873 3841 3233 3907 κατηγορεῖτε
3258 3839 3342 3909 μὴ
3370 3857 3584 3911 πεπρα-

2017 3927 2209 3996 χότων,
2237 3927 2392 3996 ὑμεῖς
2424 3927 2523 3979 οὐκ
2575 3927 2872 3996 ἐπράξατε,
2911 3929 3106 3999 καιροῦ
3146 3931 3454 3997 καλοῦντος,
3490 3935 3584 3986 καὶ

2017 4019 2125 4072 τῶν
2151 4019 2532 4087 ἀπειργόντων
2576 4018 2676 4071 οὐκ
2710 4018 2921 4086 δντωνς
2954 4020 3077 4072 τότε
3106 4021 3212 4090 γὰρ
3245 4023 3450 4092 ποιμὴν
3485 4025 3582 4078 οὐκ

2017 4106 2084 4182 ἦν
2107 4126 2119 4140 -
2162 4110 2339 4180 μῆνας
2371 4109 2481 4179 γὰρ
2533 4107 2680 4179 εἶχεν
2729 4109 2788 4176 ἒξ
2825 4111 3119 4179 γενόμενος
3149 4111 3206 4175 ἐξ
3241 4113 3544 4184 ἀνθρώπων
3567 4133 3582 4147 ο

2019 4202 2142 4255 οὐδὲ
2206 4202 2358 4272 ἀραὶ,
2383 4200 2492 4253 οὐδ’
2525 4200 2605 4253 ὅσ’
2628 4200 2772 4266 ἕτερ’
2803 4199 3194 4270 ἀπαριθμεῖτε.
3218 4201 3282 4252 Τί
3315 4203 3499 4258 λοιπὸν
3524 4207 3586 4258 τὺ

2020 4294 2273 4348 κωλῦσαν
2313 4296 2458 4364 ἡμᾶς
2485 4289 2625 4363 ﬁmi}
2657 4293 2803 4356 τίνος
2841 4293 3019 4362 ἔργον,
3047 4293 3149 4347 ὅσα
3195 4294 3584 4366 συμϐέϐηκενς

2022 4387 2246 4447 Οὐδενὸς
2289 4387 2397 4447 πᾶς
2441 4403 2526 4447 τις
2573 4386 2639 4437 ἂν
2677 4382 2822 4436 εἴποι
2866 4383 3222 4455 λογιζόμενος
3256 4388 3516 4450 εὐσεϐῶς,
3553 4389 3585 4457 ἢ

356 4475 444 4541 pic
473 4485 588 4524 rem
647 4475 993 4536 computans,
1056 4480 1219 4535 quam
1285 4474 1488 4519 nostra
1527 4467 1914 4535 improbitatis,

2022 4477 2123 4546 τῆς
2152 4477 2309 4546 ἡμῶν
2343 4477 2618 4545 ἁμαρτίας
2646 4477 2876 4530 ἑκάστου
2901 4476 2994 4529 τὸν
3021 4478 3288 4548 ἀόργητον
3316 4480 3396 4540 είς
3418 4480 3587 4548 ὀργὴν

356 4578 480 4632 quae
519 4559 587 4614 ab
624 4558 903 4614 iracundia
955 4557 1184 4611 liberum
1238 4557 1405 4612 Deum
1473 4557 1527 4610 in
1577 4559 1915 4614 iracundiam

357 4654 527 4709 movit
549 4661 602 4706 et
653 4653 718 4706 ad
769 4650 940 4704 nostri
973 4649 1329 4718 punitionem,
1382 4649 1476 4718 qui
1510 4650 1812 4705 ineorrecte
1845 4651 1920 4705 la-

361 4749 565 4811 bimur,
595 4744 873 4806 excitavit,
926 4750 986 4796 ut
1029 4743 1094 4797 ad
1142 4741 1507 4811 nosmetipsos
1537 4742 1830 4797 redeuntes
1864 4744 1919 4796 in

357 4848 635 4910 posterum
668 4836 966 4903 sapiamus.
1010 4834 1168 4898 Quod
1203 4834 1250 4887 si
1296 4834 1420 4902 quis
1450 4843 1576 4888 ante
1615 4843 1737 4888 aeta
1787 4847 1920 4888 tem-

357 4943 490 5001 pora
534 4939 969 4982 commemorans
1001 4925 1194 4977 iterum
1239 4922 1396 4977 nobis
1432 4933 1692 4992 Opponat,
1731 4933 1785 4978 et
1820 4923 1923 4979 Pa-

303 5035 306 5040 '
360 5020 494 5076 stori
535 5031 754 5073 causam
787 5015 1064 5084 appiugat,
1105 5013 1199 5082 qui
1249 5013 1448 5068 dedere
1493 5030 1552 5070 se
1586 5017 1916 5082 volentibus,

359 5113 524 5167 etiam
564 5107 831 5165 sententia
860 5107 1005 5161 dicta
1033 5103 1387 5168 contradixit,
1418 5106 1742 5162 insanientis
1776 5109 1922 5179 cogi—-

362 5207 598 5259 tationes
628 5200 879 5269 suscipit.
912 5196 1156 5252 Primum
1187 5197 1335 5252 enim
1385 5212 1493 5253 non
1539 5199 1765 5255 addecet
1794 5217 1926 5271 pon-

361 5296 557 5350 titicem
613 5307 796 5348 rerum
856 5291 1171 5345 militarium
1227 5289 1372 5359 jura,
1404 5299 1458 5344 et
1507 5290 1654 5344 bu’nc
1702 5292 1923 5361 quidem

363 5398 715 5456 tyrannorum
758 5399 909 5439 more
944 5383 1246 5453 principatu
1278 5382 1500 5450 pellere,
1546 5382 1696 5436 illum
1733 5393 1925 5438 contra

365 5483 419 5534 in
458 5478 858 5550 possessionem
885 5476 1203 5542 immittere,
1234 5483 1288 5530 et
1314 5476 1677 5530 mutationum
1729 5487 1782 5531 et
1815 5492 1925 5531 ca:-

361 5574 535 5635 dium,
566 5583 776 5622 necnon
801 5567 1147 5631 damnorum,
1198 5583 1320 5636 qua:
1353 5567 1482 5620 dum
1511 5582 1698 5621 rerum
1752 5577 1928 5624 status

365 5663 704 5723 immutatur,
732 5655 1008 5720 eveniunt,
1041 5662 1323 5710 auctorem
1377 5671 1519 5711 esse.
1559 5655 1746 5726 Neque
1776 5660 1922 5712 enim

362 5764 475 5819 ipse
523 5748 576 5801 in
625 5743 992 5818 tyrannicum,
1049 5745 1141 5798 sed
1203 5745 1253 5796 in
1311 5742 1649 5798 sacerdotale
1691 5751 1743 5796 et
1781 5744 1927 5799 ruitis

2023 4569 2146 4621 καθ’
2188 4570 2345 4637 ἡμῶν
2391 4568 2714 4635 κινησάσης,
2758 4568 3008 4622 παιδείαν
3058 4571 3192 4639 ἡμῖν
3245 4573 3586 4639 ἐπενεγκεῖν,

2024 4661 2307 4713 πταίουσιν
2356 4659 2678 4728 ἀδιόρθωτα,
2735 4661 2822 4714 ῖνα
2851 4660 3008 4729 ,γοῦν
3047 4663 3257 4714 ἑαυτῶν
3305 4665 3589 4732 γενόμενοι

2027 4752 2117 4804 καὶ
2159 4750 2254 4804 τοῦ
2293 4749 2484 4804 λοιποῦ
2535 4751 2982 4821 σωφρονίσωμεν.
3035 4753 3098 4805 Εἰ
3125 4753 3180 4807 δέ
3209 4771 3292 4816 τις
3318 4755 3427 4808 τῶν
3459 4755 3589 4823 πρὶν

2024 4841 2493 4911 ἀπομνημονεύων
2524 4841 2755 4912 χρόνων,
2786 4843 2881 4896 καὶ⁵
2931 4843 3094 4898 πάλιν
3147 4845 3278 4913 ἡμῖν
3311 4846 3588 4919 ἀντιλέγῃ,

2025 4931 2120 4983 καὶ
2147 4931 2222 5000 τῷ
2254 4931 2478 4999 ποιμένι
2502 4931 2599 5001 τὴν
2630 4932 2809 4984 αἰτίαν
2843 4933 3045 5003 ἐπάγῃ,
3079 4937 3194 4995 τοῖς
3232 4936 3590 5004 προδεδόσθαι

2027 5020 2271 5074 ἐθέλουσι
2306 5019 2381 5089 μὴ
2416 5020 2483 5073 τά
2517 5021 2608 5074 ισα
2637 5021 2991 5092 φρονήσαντι,
3023 5023 3116 5075 καὶ
3146 5022 3591 5094 βουλευσαμένῳ,

2029 5112 2335 5184 μεμηνότος
2358 5108 2532 5182 οἶμαι,
2576 5113 2839 5180 κέκτηται
2885 5113 3203 5183 λογισμούς.
3232 5116 3456 5180 Πρῶτον
3498 5119 3598 5188 μὲν

2027 5205 2137 5273 γὰρ
2166 5205 2227 5256 ού
2259 5204 2357 5256 τοῦ
2408 5205 2689 5274 σχήματος
2722 5203 2818 5258 τοῦ
2868 5206 3172 5276 ἀρχιερέως
3212 5211 3598 5278 στρατηγικῶν

2028 5297 2372 5366 πραγμάτων
2410 5297 2932 5367 ἀντιλαμϐάνεσθαι,
2960 5299 3180 5369 καὶτὸν
3221 5301 3320 5368 μὲν
3345 5317 3597 5369 τυραννι-

2028 5389 2139 5450 κῶς
2197 5387 2421 5452 ἐξωθεῖν
2479 5389 2579 5458 τῆς
2629 5391 2828 5462 ἀρχῆς,
2875 5393 2970 5443 τὸν
2999 5367 3454 5460 δὲ⁶ἀντεισάγειν,
3503 5397 3598 5448 καὶ

2029 5477 2395 5546 πραγμάτων,
2432 5477 2527 5530 καὶ
2557 5479 2740 5546 φόνου,
2765 5495 2858 5531 και
2898 5479 3136 5550 ζημιῶν,
3163 5481 3367 5534 τούτων
3395 5482 3460 5552 δὴ
3488 5483 3598 5537 τῶν

2030 5569 2089 5620 ἐν
2119 5571 2237 5628 ταῖς
2263 5567 2583 5635 ἐναλλαγαῖς
2618 5570 2726 5621 τῶν
2752 5571 2936 5640 ἀρχῶν
2966 5573 3397 5640 συμὸαινόντων,
3429 5575 3600 5629 αἴτιον

2029 5658 2366 5715 δείκνυσθαι.
2394 5661 2468 5712 Οὐ
2503 5662 2612 5729 γὰρ
2645 5660 2739 5712 ἐπὶ
2775 5661 2965 5732 θρόνον
2990 5663 3154 5716 αὑτὸν
3180 5665 3476 5730 καθίζουσι
3510 5684 3596 5722 τυ-

2037 5751 2308 5820 ραννικὸν,
2334 5748 2447 5802 ἀλλ’
2481 5751 2572 5803 ἐπὶ
2618 5750 2820 5821 θρόνον-
2855 5754 3150 5822 ίερατικδν,
3201 5759 3292 5810 καὶ
3327 5757 3597 5810 Δεσπότου
