4050 6266
507 436 572 498 17
1788 442 2058 503 NOTlTl.

2162 442 2450 504 tLTERA.
3665 437 3729 500 18

499 551 720 622 πραέος,
765 553 856 605 καὶ
887 552 1111 626 εἰρήνην
1145 556 1475 622 διδάξαντος,
1513 557 1607 611 καὶ
1650 557 1731 610 δεῖ
1765 558 1956 611 τοῦτον
1990 560 2054 611 ὲκ

2162 559 2397 628 Domini,
2457 568 2512 615 et
2567 561 2660 630 qui
2716 574 2901 630 pacem
2938 559 3346 627 depraeilicarit,
3381 557 3540 627 cujus
3566 556 3730 611 vesti-

497 643 698 705 παντὸς
749 646 953 714 τρόπου
1004 649 1307 716 μιμεῖσθαι,
1355 651 1448 702 καὶ
1497 651 1675 719 λόγοις
1735 650 1829 704 καὶ
1875 651 2058 719 πράγ-

500 749 686 799 μασιν.
744 735 976 789 Ἔπειτα
1026 737 1080 791 τι
1123 739 1274 793 ἐστιν
1307 740 1444 808 ὅπερ
1481 739 1776 808 εἷργαστο;
1816 738 1898 792 ὅτι
1949 739 2060 800 τοῖς

500 820 597 874 τοῦ
643 822 778 876 Θεοῦ
814 823 1003 894 νόμοις
1035 825 1294 897 ἐμμένειν
1340 827 1596 900 παρῄνει,
1623 827 1720 882 καὶ
1762 827 1861 898 τὴν
1906 827 2060 881 εὐσέ-

496 911 650 964 ϐειαν
682 913 1031 968 συνεϐούλευε
1078 918 1154 987 μὴ
1195 918 1461 988 προέσθαι
1486 935 1501 984 ;
1529 919 1612 972 ὅτι
1649 919 1724 991 μὴ
1773 919 2060 985 κατεξανί-

499 1005 730 1059 στασθαι
758 1006 869 1060 τῶν
905 1008 1208 1078 ἀρχόντων,
1251 1010 1388 1064 ἀλλὰ
1443 1010 1686 1076 τούτους,
1725 1010 1799 1074 ὡς
1828 1012 1892 1065 ἑκ
1919 1010 2057 1064 θεοῦ

499 1095 930 1166 προϐληθέντας,
960 1099 1210 1153 ἐδίδασκε
1250 1102 1541 1172 στέργειν;
1575 1102 1687 1157 Καὶ
1717 1103 1768 1155 τί
1819 1119 1882 1170 γε
1933 1101 2061 1156 ἄλλο

499 1187 782 1253 προσῆκεν
812 1188 1008 1259 ἐκείνῳ
1056 1189 1234 1259 ψυχὰς
1290 1191 1592 1261 ἀνθρώπων
1636 1194 1772 1261 πρὸς
1800 1192 1936 1245 Θεοῦ
1972 1210 2062 1245 πι-

498 1275 810 1342 στευθέντι;
843 1277 1034 1346 Ὅμως
1067 1281 1272 1342 ἐκεῖνος
1323 1281 1417 1334 καὶ
1446 1280 1618 1344 οὕτως
1647 1281 1786 1350 ἔχων
1818 1281 1903 1349 ἐφ’
1930 1282 2059 1336 ἑκά-

499 1382 627 1418 στου
679 1369 871 1439 σχεδὸν
914 1370 1067 1435 ἔτους
1103 1371 1258 1440 ἠξίου
1293 1372 1392 1445 τὴν
1444 1373 1600 1426 πόλιν
1637 1374 1926 1427 ἀπολιπεῖν
1962 1375 2060 1428 καὶ

495 1459 632 1528 πρὸς
681 1461 780 1530 τὴν
831 1462 1207 1534 ὲνεγκαμένην
1255 1455 1571 1532 γενέσθαι·’
1604 1464 1734 1528 ἴσως
1785 1466 1850 1519 ἵν’
1898 1467 2060 1536 ἡμεῖς

496 1549 637 1620 ὑπὲρ
661 1551 869 1604 ἑαυτῶν
893 1551 1252 1622 φρονήσωιιεν
1271 1569 1285 1582 ο
1312 1551 1428 1604 ἀλλ’
1455 1551 1564 1604 οὐδ’
1585 1551 1758 1616 οὕτως
1781 1554 2057 1622 ὴνὲχεσθε.

2164 652 2267 720 giis
2306 652 2562 707 insistere
2619 652 2796 706 modis
2851 651 3109 706 omnibus
3164 658 3218 706 et
3269 651 3412 705 dicta
3474 648 3728 718 factaque

2164 744 2321 808 sequi
2377 743 2572 806 debet.
2628 742 2826 797 solium
2877 751 3251 811 promovetur.
3310 739 3570 806 Deinceps
3598 738 3728 808 quid

2163 831 2253 886 ille
2273 833 2496 888 molitus
2521 831 2650 888 est?
2691 833 2772 886 An
2812 833 2966 902 quod
3019 832 3073 886 in
3121 831 3333 902 legibus
3380 829 3578 884 divinis
3607 843 3729 898 per-

2161 923 2362 979 durare
2421 923 2850 979 adhortabatur?
2884 925 3000 978 Non
3055 939 3086 979 a
3144 923 3479 992 principibus
3527 923 3731 975 descis»

2162 1012 2421 1081 cendum,
2457 1028 2594 1082 quos
2642 1015 2804 1069 veluti
2837 1029 2864 1066 a
2909 1015 3021 1070 Deo
3079 1023 3360 1084 promotos
3402 1012 3730 1066 exosculan-

2161 1103 2290 1158 dum
2323 1119 2444 1159 esse
2472 1105 2832 1160 docebat?Et
2881 1113 3062 1160 tamen
3118 1107 3170 1160 in
3223 1105 3369 1159 aliud
3411 1105 3732 1158 incumben-

2162 1196 2290 1250 dum
2321 1205 2461 1260 erat,
2491 1197 2578 1250 cui
2629 1197 2936 1250 mortalium
2997 1197 3193 1250 anima:
3239 1212 3332 1266 per
3365 1195 3530 1249 Deum
3573 1200 3732 1246 erant

2161 1283 2509 1339 concreditae.
2541 1284 2914 1339 Nihilominus
2949 1285 3040 1339 ille
3090 1285 3196 1340 hoc
3241 1284 3402 1338 modo
3433 1282 3730 1351 dispositus

2163 1373 2274 1429 fere
2303 1376 2536 1444 singulis
2564 1376 2722 1430 annis
2763 1376 2832 1430 ab
2875 1378 3010 1431 urbe
3054 1376 3306 1431 recedere
3346 1375 3557 1428 volebat
3582 1381 3636 1427 et
3673 1371 3727 1425 in

2160 1469 2388 1535 patriam
2417 1470 2637 1535 reverti,
2699 1469 2838 1524 forte
2881 1480 2938 1525 ut
2970 1487 3070 1525 nos
3109 1481 3290 1525 nostra
3320 1481 3724 1524 accurarcmus.

2162 1556 2268 1611 Sed
2301 1572 2476 1626 neque
2507 1559 2608 1612 hac
2641 1559 2850 1614 ratione
2894 1560 3046 1630 passi
3082 1561 3234 1614 estis.
3270 1558 3345 1615 Ita
3383 1567 3563 1613 mente
3591 1572 3727 1611 non-

494 1641 650 1695 Οὖτω
679 1642 908 1711 γνώμης
953 1641 1101 1704 τινὲς
1151 1643 1524 1713 τετυχὴκεσαν
1572 1642 1711 1712 πρὸς
1744 1643 1853 1695 πᾶν
1880 1641 2061 1695 ὁτιοῦν

493 1732 555 1784 τὸ
611 1732 842 1802 τρεπτδν
887 1735 1252 1802 κεκτημένης,
1305 1734 1402 1787 καὶ
1459 1733 2060 1804 συμμεταὸαλλομένης

494 1824 608 1885 τοῖς
637 1826 852 1893 καιροῖς
881 1823 978 1876 καὶ
1008 1826 1119 1887 τοῖς
1152 1826 1494 1895 πράγμασιν.

2163 1647 2293 1702 nulli
2325 1650 2534 1717 praediti
2573 1659 2720 1713 sunt,
2762 1666 2884 1719 quae
2911 1667 3035 1706 cum
3069 1651 3312 1720 quolibet
3370 1649 3728 1704 mutationem

2161 1740 2414 1796 subiente
2436 1756 2558 1797 sese
2586 1743 2838 1796 immutat
2868 1751 2924 1797 et
2957 1742 3154 1797 variat.

565 1955 658 2013 llis
691 1957 975 2030 Symeonis
1001 1963 1306 2020 certissima
1338 1971 1583 2032 tempora
1613 1973 1788 2019 teneo.
1816 1963 1985 2034 Capta
2013 1971 2096 2018 est
2132 1961 2518 2018 Thessalonica
2550 1978 2694 2018 anno
2727 1963 2939 2018 Domini
2977 1962 3135 2027 1450,
3169 1961 3344 2016 Martii
3377 1961 3464 2014 die
3495 1973 3637 2013 noua
3675 1964 3730 2013 et

497 2043 770 2109 vicesima,
798 2045 1034 2116 Symeon
1072 2062 1102 2103 e
1133 2050 1273 2104 vivis
1307 2061 1622 2104 excesserat
1649 2061 1776 2104 ante
1803 2066 1897 2105 sex
1934 2064 2171 2114 menses,
2206 2065 2336 2119 ergo
2385 2052 2658 2119 prmterito
2691 2049 3020 2120 Septembri,
3053 2050 3146 2118 qui
3180 2051 3388 2119 primus
3415 2049 3540 2101 anui
3570 2047 3723 2100 Grat-

497 2145 684 2184 corum
709 2135 1098 2201 supputatione
1131 2144 1470 2192 numeratur.
1497 2135 1638 2207 Ergo
1693 2136 1798 2191 sub
1829 2134 2037 2192 Joanne
2059 2135 2320 2194 Manuelis
2345 2138 2457 2193 lilio
2499 2137 2748 2194 Manuele
2801 2139 2939 2208 ipso,
2969 2153 3178 2192 necnon
3214 2137 3422 2192 Joanne
3450 2134 3727 2190 Cantacu-

501 2233 635 2271 zc-no
661 2217 828 2273 vitam
857 2219 987 2291 egit.

1551 2741 2058 2836 NOTITIA
2182 2738 2688 2830 ALTERA.

1377 2987 1591 3052 (Fabric.
1633 2987 1866 3040 Bibliotlt.
1903 2989 1989 3040 Gr.
2017 2990 2096 3040 ed.
2122 2988 2339 3052 Heriem,
2375 2993 2492 3041 tom.
2517 2987 2600 3050 ΙΙ,
2624 3002 2674 3053 p.
2698 2989 2832 3043 528.)

565 3411 809 3477 Simeon,
841 3405 1347 3465 Thessalonicensis
1375 3404 1822 3477 archiepiscopus
1850 3406 1951 3476 (a),
1983 3413 2140 3461 sexto
2163 3418 2352 3462 mense
2373 3412 2501 3461 ante
2523 3412 2738 3476 captam
2774 3419 2804 3459 a
2834 3403 3043 3460 Murate
3072 3419 3122 3458 a.
3148 3405 3212 3459 C.
3245 3405 3399 3472 1450,
3420 3405 3491 3460 29
3519 3404 3723 3473 Martii,

495 3500 942 3556 Thessalonicam
977 3496 1052 3569 (b)
1092 3494 1402 3556 defunctus,
1436 3494 1587 3548 varia
1641 3494 1884 3564 scripsit,
1936 3494 2137 3564 quibus
2185 3502 2241 3548 et
2292 3494 2434 3550 ritus
2482 3501 2536 3548 et
2570 3495 2823 3564 dogmata
2869 3491 3129 3548 Ecclesiae
3187 3493 3390 3549 Graecae
3433 3494 3728 3548 illustravit

502 3588 814 3658 insigniter,
849 3593 903 3640 et
923 3583 1255 3654 oppugnavit
1282 3580 1532 3636 Latinos.
1555 3581 1745 3652 Itaque
1775 3580 1897 3636 Nic.
1933 3580 2272 3646 Comnenus,
2305 3580 2529 3635 Graecus
2557 3580 2703 3644 licet,
2750 3579 3071 3634 Latinorum
3115 3588 3480 3651 propugnator
3520 3584 3728 3636 acerri-

495 3690 641 3739 mus,
676 3689 730 3741 p.
753 3672 860 3728 215
894 3671 1129 3726 Praenot.
1161 3677 1418 3739 mystag.,
1447 3666 1758 3722 Simeonem
1781 3668 1920 3722 inter
1945 3667 2237 3722 Photianos
2263 3685 2369 3722 non
2396 3668 2671 3723 Photianw
2693 3669 2852 3737 plane
2877 3669 3195 3738 ignorantia:
3223 3670 3533 3738 participem
3556 3671 3725 3724 virum

496 3761 751 3829 appellat,
785 3767 835 3814 et
866 3759 920 3812 ni
949 3757 1258 3822 desipuisset
1284 3756 1339 3809 in
1365 3755 1723 3825 dogmatibus,
1757 3756 1954 3809 nemini
1990 3757 2337 3811 recentiorum
2369 3755 2726 3824 theologorum
2758 3757 3038 3824 imparem.
3073 3754 3290 3827 (Fabr.)
3343 3756 3506 3812 Conf.
3551 3756 3723 3810 Henr.

497 3845 766 3901 Wharton
800 3853 855 3900 et
884 3843 1026 3898 Rob.
1055 3842 1252 3899 Gerius
1276 3842 1341 3896 ad
1378 3840 1539 3896 Cavei
1577 3839 1720 3895 Hist.
1750 3839 1916 3899 litter.
1953 3843 2012 3900 S.
2049 3843 2112 3899 S.
2146 3841 2295 3896 Eccl.
2343 3853 2476 3898 tom.
2517 3843 2586 3909 ll,
2621 3859 2674 3912 p.
2707 3842 2808 3898 115
2837 3859 2979 3912 seq.;
3013 3856 3246 3913 uterque
3295 3846 3429 3899 citat
3462 3845 3724 3914 quosdam

497 3934 680 3998 codd;
741 3934 892 4004 prior
926 3939 1108 3988 autem
1153 3928 1392 3998 scripsit,
1423 3927 1563 3983 Sim.
1594 3925 1840 3981 Thessal.
1871 3927 2133 3983 claruisse
2158 3944 2210 3983 a.
2245 3928 2384 3982 1410
2413 3938 2467 3983 et
2500 3929 2700 3984 obiisse
2733 3946 2786 3984 a.
2819 3930 2981 3998 1429,
3024 3946 3214 3986 mense
3245 3932 3418 4000 Sept.,
3447 3946 3540 3986 sex
3571 3947 3728 3987 meu~

499 4022 650 4076 sibus
697 4030 824 4074 ante
863 4016 1308 4074 Thessalonicam
1354 4014 1422 4068 ab
1463 4014 1724 4068 Amurate
1778 4013 1976 4067 iterum
2037 4024 2445 4086 expugnatam:
2496 4016 2768 4085 posterior
2816 4027 3000 4071 autem
3037 4019 3240 4087 prodit,
3294 4033 3419 4073 eum
3461 4019 3728 4075 claruisse

415 4116 422 4122 ‘
503 4108 746 4172 ο.’1418,
773 4114 829 4162 et
855 4106 964 4160 vita
987 4103 1294 4160 decessisse
1317 4101 1482 4172 paulo
1505 4109 1636 4154 ante
1653 4110 1864 4178 captam
1889 4115 2046 4155 suam
2075 4102 2427 4171 metropolin,
2452 4118 2504 4156 a.
2535 4102 2696 4157 1450.
2719 4131 2786 4144 -
2807 4103 3011 4157 Oudin.
3038 4103 3334 4158 Comment.
3360 4104 3423 4158 de
3444 4103 3547 4160 SS.
3576 4104 3724 4158 Eccl.

507 4195 746 4259 tom.lll,
769 4209 824 4264 p.
849 4191 993 4247 2242
1025 4204 1144 4260 seq.
1165 4188 1234 4244 ad
1272 4202 1324 4243 a.
1363 4186 1526 4251 1410,
1557 4187 1649 4255 qui
1686 4186 1893 4242 multus
1923 4195 2002 4241 est
2035 4186 2102 4241 de
2129 4193 2308 4251 aetate,
2349 4188 2696 4256 potissimum
2738 4188 2806 4241 de
2869 4189 3096 4260 scriptis
3137 4192 3443 4260 horumque
3473 4191 3634 4244 codd.
3675 4200 3729 4243 ct

501 4299 567 4338 ex
599 4283 722 4338 aliis
756 4281 1024 4352 praecipue
1054 4276 1345 4334 Lamheeio
1372 4282 1427 4330 et
1451 4273 1633 4330 Goaro
1652 4273 1820 4328 multa
1854 4273 2162 4344 exscripsit.
2184 4303 2256 4316 -
2285 4276 2614 4346 llamberger
2636 4275 2953 4332 Zuaertms.
2991 4276 3195 4334 Nachr.
3251 4290 3385 4334 tom.
3414 4278 3504 4345 IV,
3527 4295 3581 4348 p.
3619 4278 3728 4334 082

506 4385 647 4439 scq.,
682 4369 748 4425 att
775 4382 824 4422 a.
859 4365 1055 4421 mortis
1085 4361 1246 4430 1429,
1273 4371 1327 4418 et
1357 4361 1558 4418 Saxius
1585 4359 1640 4414 in
1681 4359 1870 4415 Onam.
1901 4359 2006 4416 litt.
2038 4368 2179 4431 part.
2210 4376 2273 4429 ll,
2308 4377 2363 4433 p.
2397 4361 2502 4420 590
2535 4379 2654 4433 seq.
2676 4365 2798 4433 qui,
2831 4380 2956 4421 eum
2997 4376 3277 4422 mortuum
3307 4382 3432 4423 esse
3469 4381 3520 4420 a.
3560 4367 3726 4431 1450,

504 4457 721 4527 adjecit.
749 4455 952 4527 (Harl.)

574 4569 629 4622 1.
670 4568 1009 4637 Praecipuum
1038 4566 1158 4636 ejus
1195 4577 1336 4636 opus
1363 4569 1450 4620 est
1492 4559 1572 4618 De
1594 4562 1719 4631 ﬁde,
1755 4561 1947 4615 ritibus
1990 4569 2041 4614 et
2095 4563 2362 4631 mysteriis
2395 4562 2790 4628 ecclesiasticis,
2822 4565 2966 4634 quod
3012 4573 3286 4636 integrum
3326 4564 3514 4620 Greece
3550 4565 3729 4620 lucem

504 4651 818 4712 viditJassii
851 4655 906 4708 in
939 4653 1205 4709 Moldavia
1223 4666 1278 4706 a.
1318 4650 1458 4705 1685
1495 4648 1618 4715 fol.,
1645 4658 1870 4703 curante
1893 4646 2180 4710 Dositheo,
2215 4646 2528 4714 patriarcha
2565 4645 3086 4718 Hierosolymitano,
3129 4655 3182 4701 et
3214 4647 3414 4704 merito
3475 4647 3733 4704 laudatur

506 4743 573 4796 ab
602 4741 669 4796 11.
707 4741 1012 4797 Whartono
1042 4741 1098 4795 in
1139 4736 1399 4793 Auctario
1439 4735 1683 4790 historia:
1716 4735 2036 4805 dogmaticae
2073 4732 2286 4789 Usscrii
2318 4734 2385 4785 de
2418 4733 2718 4800 Scripturis
2765 4743 2822 4786 et
2871 4733 3044 4788 sacris
3075 4733 3387 4787 vernaculis
3421 4749 3474 4802 p.
3511 4735 3651 4797 44ος
3681 4745 3735 4789 et

511 4829 669 4885 Rich.
701 4829 923 4885 Simone
947 4830 1001 4884 in
1026 4825 1168 4882 Bibl.
1199 4825 1427 4890 Selecta,
1459 4831 1589 4878 tom.
1613 4823 1656 4887 1,
1684 4838 1802 4893 cap.
1837 4823 1928 4889 29,
1957 4837 2080 4895 pag.
2105 4821 2206 4875 257
2266 4834 2384 4887 seq.
2421 4817 2639 4888 (Fabr.)
2673 4818 3161 4874 Fabriciusuoster
3191 4819 3334 4874 inira
3367 4821 3422 4875 in
3451 4822 3559 4874 vol.
3588 4820 3731 4884 XIV,

511 4933 562 4983 p.
592 4916 660 4970 49
691 4931 806 4986 seq.
842 4923 950 4969 vet.
982 4915 1073 4968 ed.
1106 4911 1384 4968 Simeonis
1422 4910 1801 4965 Thessalonic.
1835 4908 1984 4980 Opus
2015 4909 2476 4976 ecclesiasticum,
2503 4909 2648 4979 quod
2683 4909 2948 4964 beneﬁcio
2998 4909 3426 4975 Maurocordati,
3475 4909 3734 4980 ilungaro

507 5000 802 5056 Walachiae
836 5000 1118 5070 principis,
1153 5004 1464 5067 acceperat,
1514 4995 1757 5052 curatius
1787 5004 1842 5051 et
1890 4997 2113 5052 uberius
2159 4995 2470 5065 descripsit,
2516 5006 2570 5050 et
2615 4996 2850 5066 capitum
2886 4997 3004 5065 ejus
3053 4998 3344 5051 elenchum
3397 5006 3450 5052 et
3481 4998 3729 5066 qruedam

508 5090 807 5158 specimina
841 5087 1010 5143 dedit.
1049 5083 1346 5155 Auspiciis,
1371 5083 1525 5149 ait,et
1554 5093 1772 5153 sumptu
1799 5083 2024 5138 Joannis
2054 5084 2231 5150 ducis,
2262 5083 2447 5138 labore
2470 5082 2695 5146 Joannis
2726 5083 2968 5148 Molibdi,
3007 5085 3409 5150 Heracleensis,
3434 5100 3724 5146 excusum,

507 5179 690 5234 Graece
715 5177 893 5233 lucem
925 5175 1064 5230 vidit
1093 5172 1257 5229 Jassii
1279 5171 1337 5228 in
1360 5170 1626 5227 Moldavia
1660 5188 1712 5227 a.
1738 5172 1876 5228 1685
1902 5171 1998 5226 fol.
2031 5187 2058 5228 ο

2162 5190 2168 5223 ι
2195 5172 2466 5227 Simeonis
2489 5173 2592 5228 hoc
2613 5173 2772 5247 titulo
2798 5191 2812 5227 :
2850 5173 3076 5243 Συμεὼν
3104 5175 3198 5227 τοῦ
3227 5173 3505 5243 μακαρίου
3537 5177 3729 5244 ἀρχιε-

508 5267 774 5320 πισκόπου
801 5264 1204 5333 Θεσσαλονίκης
1223 5261 1365 5316 κατὰ
1393 5261 1678 5330 αἱρέσεων,
1712 5271 1762 5316 et
1791 5271 1980 5316 cwtera
2012 5277 2058 5328 qt

2163 5261 2220 5313 in
2258 5261 2430 5331 {rente
2466 5260 2636 5326 operis
2664 5260 2810 5327 infra
2846 5261 3110 5330 leguntur.
3557 5276 3561 5280 ’

577 5493 946 5566 (a)Eugenius
970 5493 1348 5566 Nomophylalt
1371 5493 1427 5549 in
1456 5491 2056 5566 Synodico,,Dominica
2164 5493 2416 5566 _Allatius,
2471 5495 2844 5566 Deconsensu
2895 5495 3165 5566 utriusque
3205 5493 3477 5566 Επιεείτῇ
3507 5512 3561 5565 p.
3598 5495 3729 5552 865.

508 5562 841 5636 orthodoiiae
875 5566 949 5636 fin
1004 5562 1240 5621 ecclesia
1294 5562 1772 5636 Thessalonicensi
1835 5562 2057 5636 recitari
2163 5562 2218 5636 ls
2249 5574 2350 5630 est,
2380 5567 2471 5634 qui
2507 5565 2775 5620 lsidorum
2811 5566 2864 5618 in
2905 5565 3376 5636 archiepiscOpatu
3433 5562 3728 5622 Thessalo-

509 5633 694 5703 solito,
749 5635 891 5702 apud
951 5636 1249 5699 Allatium,
1306 5635 1383 5687 De
1435 5633 1770 5688 Simeonibus
1823 5632 2054 5703 (supra),
2169 5635 2378 5703 niceusi
2399 5632 2725 5689 antecessit.

511 5702 601 5756 ubi
655 5701 998 5758 celebrantur
1051 5704 1450 5758 Thessalonicae
1506 5701 1916 5770 archiepiscopi
1954 5701 2056 5756 lsi-

509 5776 694 5842 uorus,
750 5773 990 5838 Gabriel,
1055 5773 1312 5836 Simeon,
1367 5773 1660 5842 Gregorius
1712 5781 1766 5828 et
1815 5771 2052 5842 Niphon.

515 5840 684 5895 Etiam
708 5845 942 5899 senioris
973 5844 1243 5899 Simeonis
1272 5840 1778 5900 Thessalonicensis
1804 5840 2056 5895 meminit

2235 5703 2307 5773 (b)
2341 5701 2577 5758 Joannes
2609 5705 2944 5772 Anagnosta.
2995 5705 3048 5758 in
3092 5704 3416 5758 Narratione
3450 5706 3518 5773 fle
3565 5712 3724 5771 capta

2163 5769 2574 5841 Thbasalonica,
2606 5777 2661 5830 in
2693 5769 2875 5830 Allatii
2910 5774 3236 5845 Symmictis.
3272 5789 3324 5842 p.
3382 5772 3488 5826 546
3511 5783 3562 5826 et
3597 5769 3728 5826 554.
