4050 6266
300 5759 335 5873 i

484 431 551 495 ει
883 506 890 513 ,
1776 423 2089 488 NOTITIA
2118 418 2445 486 ALTERA.
3655 424 3726 488 22

485 540 609 606 illi,
649 544 757 592 etc.
792 536 982 591 Exstat
1023 549 1156 592 mss.
1198 535 1252 592 in
1303 534 1445 591 Bibl.
1497 535 1764 603 Caesarea,
1795 534 2056 592 Vaticana
2107 535 2359 607 aliisque.
2392 533 2611 607 (Fabr.)
2655 536 2795 591 ΛΜ.
2832 535 2997 591 modo
3035 534 3358 592 memeratis
3391 534 3551 591 codd.
3585 536 3727 591 inter

430 619 443 629 ’
485 643 625 683 mss.
654 624 817 679 codd.
845 622 1023 678 Paris.
1063 623 1199 679 bibl.
1255 623 1406 694 publ.
1430 638 1460 678 a
1493 622 1695 680 Seviuo
1724 639 1790 678 ex
1813 622 2034 679 Oriente
2063 623 2278 687 allatOs,
2307 624 2434 694 cod,
2465 623 2557 690 17,
2578 633 2719 681 teste
2734 623 3031 680 Montfauc.
3075 625 3128 679 in
3155 622 3294 678 Bibi.
3316 618 3567 679 biblioth.
3594 640 3722 678 mss.

483 729 540 786 ρ.
572 712 702 768 ωσι
733 709 799 767 c.
838 722 892 766 et
923 708 1082 765 Mart.
1114 689 1365 766 Crusium
1404 711 1460 767 in
1494 711 1924 779 Turdo—Graecia,
1947 725 2134 781 supra,
2167 713 2220 766 in
2252 712 2361 766 vol.
2389 689 2526 779 iiut,
2554 727 2676 783 pag.
2715 711 2806 776 96,
2830 712 2935 768 sub
2966 712 3061 766 lin.
3092 710 3305 782 Uiuri.)

553 822 633 877 De
657 830 855 891 septem
888 820 1141 876 Ecclesia:
1169 820 1550 889 Sacramentis,
1577 838 1737 893 quem
1771 822 1970 879 librum
2000 819 2315 877 Fridericus
2348 820 2547 877 Metius
2597 820 2895 876 Latinitate
2935 821 3183 888 donavit,
3231 830 3368 878 teste
3399 820 3721 886 Possevino,

486 910 579 966 sed
605 925 713 963 non
749 906 895 961 edita
924 916 1005 962 est
1039 908 1159 978 ejus
1184 907 1564 980 interpretatio
1597 926 1613 966 :
1645 908 1921 979 dialogum
1966 898 2043 962 De
2070 908 2378 978 paenitentia
2415 906 2602 963 Graece
2630 919 2685 964 et
2712 908 2904 964 Latine
2932 909 3172 980 vulgavit
3197 907 3441 969 Joannes
3477 909 3729 965 Morinus

488 998 544 1052 in
571 1011 739 1068 opere
760 994 836 1049 De
864 1004 1198 1049 sacramento
1227 998 1568 1070 paenitentiar,
1596 995 1777 1073 Paris.
1804 996 1937 1051 1651
1968 994 2063 1050 τοι.
2086 1004 2142 1050 et
2159 1009 2357 1051 recuso
2382 993 2623 1052 Bruxeli.
2651 993 2789 1051 i685
2809 1005 2861 1051 et
2876 994 3071 1051 Venet.
3099 996 3242 1051 1762
3267 996 3360 1051 fol.
3386 1011 3439 1066 p.
3458 994 3726 1056 471-176,

489 1100 587 1140 nec
615 1098 724 1138 non
756 1082 887 1153 περὶ
915 1081 1022 1136 τῶν
1050 1085 1399 1153 χειροτονιῶν
1426 1084 1668 1139 libellum
1701 1082 1782 1139 De
1820 1084 2084 1139 ordinatio

2196 1099 2228 1137 n
2256 1096 2425 1152 opere
2442 1081 2509 1137 de
2542 1083 2721 1139 sacris
2746 1082 3112 1138 ordinationis
3140 1084 3338 1139 ritibus
3365 1082 3542 1138 Paris.
3581 1081 3728 1136 1655

488 1172 583 1226 [οι.
611 1170 855 1227 BruselL
885 1169 1024 1224 l686
1068 1168 1164 1225 fol.
1197 1170 1441 1240 Utraque
1479 1187 1547 1225 ex
1581 1171 1776 1227 Morini
1810 1173 2060 1227 versione
2100 1171 2359 1240 leguntur
2406 1170 2572 1226 etiam
2627 1171 2684 1227 in
2715 1171 3048 1227 Bibliotheca
3106 1171 3333 1225 Patrum
3368 1171 3504 1226 edit.
3553 1170 3726 1238 Lugd.

488 1259 623 1315 tom;
656 1254 828 1325 XXII,
863 1273 988 1327 pag.
1019 1252 1127 1315 792
1150 1267 1205 1312 et
1235 1256 1361 1313 795.
1391 1256 1692 1329 [Quosdam
1740 1260 1901 1315 codd.
1929 1260 2041 1329 iam
2075 1259 2238 1328 paulo
2272 1266 2401 1314 ante
2426 1259 2667 1315 laudavi.
2713 1256 2855 1318 Add.
2888 1262 2943 1316 in
2994 1260 3120 1316 cod.
3159 1260 3293 1337 bibi.
3331 1259 3598 1314 Escorial.
3654 1258 3729 1312 De

490 1346 748 1402 Ecclesiae
785 1344 1137 1400 sacramentis
1169 1345 1349 1416 capita
1387 1346 1453 1399 H
1489 1356 1630 1404 teste
1661 1348 1857 1403 Pluero
1888 1349 1946 1403 in
1994 1346 2249 1408 ltincrar.
2301 1364 2392 1420 per
2452 1351 2680 1421 Hispan.
2721 1368 2843 1422 pag.
2896 1352 3019 1408 190.
3056 1382 3127 1393 -
3157 1349 3480 1417 ξγὶιιάοὺοη.
3512 1351 3566 1403 in
3605 1350 3727 1403 eod.

491 1435 698 1488 Caesar.
729 1432 819 1495 15,
867 1448 926 1487 n.
956 1429 1012 1496 4,
1066 1440 1198 1486 sunt
1230 1446 1452 1502 quoque
1494 1434 1671 1504 capita
1702 1434 1771 1489 11
1799 1434 1959 1489 Conf.
1990 1433 2197 1492 Kollar.
2238 1437 2294 1492 in
2350 1436 2629 1508 Supplem.
2664 1424 2729 1495 ad
2780 1438 3039 1495 Lambec.
3087 1439 3180 1508 qui
3219 1437 3491 1507 pluribus,
3526 1437 3609 1490 vel
3664 1452 3728 1489 ex

490 1521 716 1576 disertis
744 1520 919 1576 nostri
955 1519 1080 1575 cod.
1130 1519 1318 1576 verbis
1348 1521 1404 1575 in
1436 1520 1548 1575 line
1577 1529 1771 1577 contra
1823 1514 2041 1577 Fabric.
2074 1531 2322 1579 uestrum
2373 1522 2552 1590 docet,
2586 1524 2716 1581 illud
2753 1533 3035 1597 syntagm‘a
3070 1523 3206 1579 nihil
3267 1520 3412 1577 aliud
3447 1537 3592 1589 esse,
3627 1522 3732 1576 nisi

490 1614 701 1676 partem
729 1612 983 1676 magnam
1019 1604 1205 1674 operis
1240 1604 1376 1688 ξίιη.
1411 1603 1664 1662 Thessal.
1727 1615 1852 1662 ante
1908 1610 2216 1673 memorati,
2272 1626 2319 1665 s.
2362 1608 2576 1682 Diaiogi
2607 1615 2786 1666 eccies.
2827 1620 3015 1666 contra
3045 1606 3267 1665 haireses
3291 1626 3310 1665 ;
3362 1610 3508 1678 quod
3565 1606 3731 1663 etiam

490 1695 674 1767 colligi
703 1704 886 1765 potest
914 1694 1213 1750 enordine
1271 1695 1509 1763 capitum
1571 1695 1630 1749 in
1690 1696 1777 1750 ed.
1830 1694 2095 1751 Dositttei.
2125 1695 2204 1750 Ex
2235 1710 2302 1752 eo
2339 1698 2502 1752 etiam
2537 1699 2945 1768 cognoscimus,
2980 1713 3126 1767 quae,
3162 1699 3229 1752 ab
3268 1696 3471 1751 Allatio
3520 1710 3726 1749 inemo-

492 1792 632 1850 rata,
658 1788 715 1838 et
749 1798 780 1836 a
818 1781 1077 1837 Fabricio
1105 1796 1205 1851 pro
1231 1782 1456 1836 ineditis
1488 1779 1694 1846 habita,
1728 1783 1784 1836 in
1814 1769 1905 1837 illa
1939 1776 2176 1839 editione
2211 1785 2385 1838 lucem
2416 1785 2671 1840 viderint.
2708 1784 2962 1857 (Harl.)]
2990 1816 3059 1830 —-
3090 1784 3341 1839 Laudant
3368 1782 3642 1838 Simennis
3668 1782 3736 1837 de

493 1870 863 1925 sacramentis
893 1868 1159 1925 Jeremias
1214 1869 1526 1938 patriarcha
1575 1868 1740 1924 CPol.
1774 1870 1826 1923 in
1858 1860 2329 1940 Responsionibus
2359 1872 2428 1928 ad
2470 1870 2756 1943 theologos
2822 1870 3332 1942 ertenbergenses
3357 1910 3371 1933 ,
3400 1866 3735 1924 Franciscus

492 1954 804 2011 'l'urrianus
850 1955 921 2011 ad
949 1953 1267 2010 Constitutt.
1311 1955 1543 2024 apostot.
1592 1953 1787 2012 Petrus
1835 1954 2107 2012 Arcudius
2140 1960 2194 2013 in
2223 1956 2544 2027 Concordia,
2602 1972 2726 2030 pag.
2756 1960 2814 2024 6,
2847 1959 2899 2023 7,
2937 1952 3023 2024 19,
3057 1968 3112 2014 et
3137 1960 3376 2031 passim;
3419 1948 3732 2013 Gabi-ielem

491 2058 712 2113 quoque
740 2045 1000 2098 Severum
1028 2036 1568 2111 Pbilsdeipbiensem
1591 2043 1748 2111 plura
1774 2043 1843 2098 ab
1873 2054 1940 2098 eo
1969 2050 2273 2100 mutuatum
2306 2055 2525 2112 notans,
2548 2061 2672 2117 pag.
2705 2047 2795 2104 10.
2827 2046 3093 2101 Similiter
3121 2044 3356 2101 Aliatius
3392 2046 3446 2098 in
3475 2043 3730 2113 pluribus

422 2178 430 2185 .
492 2131 823 2198 scriptorum
862 2144 1087 2184 suorum
1124 2129 1279 2195 locis,
1338 2140 1399 2184 ut
1451 2128 1530 2185 De
1568 2145 1848 2197 consensu,
1884 2145 2008 2202 pag.
2046 2132 2185 2189 1159
2226 2148 2369 2203 seq.,
2405 2133 2569 2203 1256,
2605 2134 2768 2198 1259,
2804 2132 2964 2201 1276,
2994 2141 3130 2198 etc.,
3156 2133 3224 2189 de
3254 2141 3415 2188 aetate
3453 2131 3733 2198 ordinum,

493 2234 624 2288 pag.
655 2218 727 2272 s2
746 2233 889 2288 seq.,
924 2217 1029 2272 156
1056 2232 1175 2287 seq.

498 2325 774 2468 DC;tera
798 2319 965 2464 hzju's
991 2323 1269 2379 Simeonis
1308 2322 1488 2379 adhuc
1521 2324 1668 2395 quod
1702 2324 1875 2381 sciam
1910 2325 2112 2382 inedita
2137 2327 2236 2398 (l),
2270 2327 2338 2384 ab
2362 2329 2553 2385 eodem
2575 2330 2779 2386 Aliatio
2808 2337 3192 2387 memorantur
3225 2343 3280 2381 η.
3310 2328 3415 2384 195
3440 2341 3557 2384 sea.
3592 2327 3736 2393 libro

547 2430 574 2468 e
639 2412 832 2468 imeoni
869 2423 968 2465 us.‘

547 2430 574 2468 e
598 2412 968 2471 Simeonibus.‘

563 2522 619 2577 2.
661 2521 982 2592 ’Δπόκρισις
1011 2520 1149 2591 πρὸς
1177 2520 1275 2583 τὰς
1302 2522 1603 2605 ὲρωτῄσεις
1620 2523 1717 2575 τοῦ
1746 2526 2046 2601 ἱερωτάτου
2076 2527 2477 2595 μητροπολιτου
2510 2527 2904 2588 Πενταπόλεως
2927 2483 3033 2597 κῦρ
3058 2524 3322 2594 Γαϐριήλ.
3352 2523 3736 2593 Responsiones

494 2612 565 2664 ad
597 2611 928 2679 interrogata
955 2609 1284 2662 sanctissimi
1317 2611 1671 2676 metropolin
1700 2609 2085 2679 Pentapolitam

2192 2615 2407 2669 tbrielt's.
2446 2615 2504 2669 P.
2541 2616 2692 2668 Ἔδει
2721 2615 2823 2685 μὲν
2848 2617 2947 2676 τὰς
2974 2614 3231 2676 τοιαύτας
3262 2611 3374 2665 τῶν
3405 2613 3735 2680 ἐρωτήσεων

496 2696 860 2767 ὑψηλοτέρας,
892 2694 988 2747 καὶ
1024 2694 1167 2763 ὑπὲρ
1192 2696 1360 2764 ἡμᾶς.
1395 2696 1805 2764 Responsiones
1840 2709 1966 2752 sunt
1994 2715 2085 2753 nur

2192 2715 2222 2755 ο
2253 2701 2322 2755 85
2347 2703 2454 2772 (a).
2487 2702 2833 2773 Legebantur
2859 2702 2914 2756 in
2944 2701 3212 2765 Palatina,
3237 2712 3292 2754 et
3315 2715 3461 2754 nunc
3495 2701 3550 2755 in
3580 2698 3737 2753 Vati'~

495 2799 657 2848 cana,
684 2782 767 2855 [et
804 2781 1129 2853 Hosquensi,
1151 2781 1283 2867 ‘cod.
1310 2781 1438 2837 589.
1472 2780 1535 2836 ν.
1560 2781 1800 2837 Μδιιιιαξὶ
1822 2785 1984 2838 notit.
2019 2794 2085 2840 eti

2192 2803 2237 2857 [ι.
2268 2789 2394 2845 248.
2425 2788 2626 2862 (Harl.)
2657 2791 2950 2847 Coutinent
2982 2790 3157 2845 multa
3196 2789 3522 2860 theologica,
3557 2802 3737 2840 mora-

503 2871 576 2925 lia
608 2879 663 2926 et
696 2869 1069 2926 ecclesiastica
1089 2906 1107 2936 ,
1141 2877 1196 2924 et
1228 2876 1419 2924 essent
1455 2870 1695 2926 maxime
1723 2870 1907 2936 utiles,
1941 2870 1991 2925 si
2022 2872 2330 2931 ederentur.

566 2981 622 3036 5.
656 2979 915 3049 Ejusdem
945 2996 958 3032 :
993 2977 1132 3049 Περὶ
1168 2978 1469 3048 ἱερωσύνης
1508 2978 1647 3049 πρός
1675 2995 1797 3031 τινα
1826 2978 1933 3033 τῶν
1967 2980 2217 3038 εὐλαϐῶν
2253 2987 2507 3059 μοναχῶν
2543 2989 2696 3059 ἱερᾶς
2725 2988 3004 3052 διακονίας
3042 2986 3388 3059 ἠξιωμένων,
3419 2986 3501 3040 ἔτι
3530 2984 3739 3041 καὶτοῦ

495 3073 804 3143 ἀρχιερέως
834 3072 917 3135 εἰς
944 3070 1037 3124 τὸν
1059 3069 1154 3123 τοῦ
1182 3069 1558 3140 πρεσϐυτέρου
1588 3069 1874 3133 τελοῦντος
1898 3072 2022 3124 τότε
2055 3072 2084 3142 β

2192 3074 2285 3128 ιὸν.
2317 3073 2396 3128 De
2443 3077 2740 3130 sacerdotio
2790 3075 2861 3129 ad
2916 3077 3198 3145 quemdam
3228 3077 3376 3142 pium
3417 3073 3742 3129 monachum

496 3177 652 3216 sacro
686 3160 982 3215 ministerio
1021 3159 1354 3228 insignitum,
1388 3157 1563 3212 adhuc
1593 3159 1825 3229 prtesule
1855 3161 1911 3213 in
1940 3160 2085 3228 presb

2192 3161 2233 3214 ri
2265 3162 2451 3217 ordine
2497 3164 2803 3218 exsistente.
2839 3162 2899 3217 P.
2943 3162 3032 3217 Ἐν
3087 3162 3311 3233 Χριστῷ
3347 3179 3439 3232 μοι
3484 3162 3739 3229 ἀγαπητὲ

496 3251 594 3302 καὶ
621 3247 965 3318 γνησιώτατε
999 3244 1198 3314 ἁδελφὲ
1220 3245 1320 3315 τὴν
1347 3245 1570 3315 ὀφειλὴν
1601 3245 1698 3314 τῆς
1726 3245 1965 3317 ἀγάπης.
1994 3245 2085 3317 (Fc

2194 3249 2212 3318 )
2244 3264 2346 3304 ms.
2389 3250 2443 3302 in
2475 3251 2600 3305 cod.
2643 3252 2834 3305 Barac.
2869 3252 2998 3315 291,
3035 3265 3089 3302 n.
3135 3252 3217 3305 15.
3252 3249 3309 3303 1η
3342 3250 3474 3304 bibl.
3524 3249 3739 3304 Bndiei.

499 3339 650 3391 inter
671 3337 984 3391 adversaria
1002 3333 1133 3390 Ger.
1160 3332 1498 3404 Langhaeni,
1532 3347 1601 3387 ex
1632 3336 1785 3404 Sym.
1815 3334 2060 3389 'l‘hessal.
2115 3338 2394 3406 responsis
2423 3341 2489 3392 de
2550 3340 2655 3392 (ine
2704 3341 2912 3403 saeculi,
2941 3352 2992 3395 et
3022 3355 3085 3395 ex
3120 3338 3300 3408 ejusd.
3338 3337 3742 3408 quastioniins

496 3426 567 3479 de
597 3424 795 3494 typicis
834 3422 991 3477 Sabae
1014 3430 1069 3477 et
1109 3419 1458 3475 Damasceni.
1489 3417 1557 3474 V.
1589 3421 1713 3476 Cat.
1748 3436 1880 3478 mss.
1908 3423 2069 3495 Augl.
2106 3431 2212 3478 etc.
2261 3423 2302 3489 l,
2344 3441 2399 3495 p.
2421 3425 2553 3481 268.
2582 3425 2791 3496 (Ηανι.)

571 3543 628 3599 4.
669 3541 777 3596 Τοῦ
818 3540 982 3596 αὐτοῦ
1021 3540 1323 3611 Ἐρμηνεια
1351 3542 1644 3613 συνοπτικὴ
1679 3544 1821 3596 κατὰ
1859 3540 2090 3611 δύναμιν
2122 3543 2205 3607 εἰς
2248 3543 2310 3595 τὸ
2345 3541 2446 3610 τῆς
2476 3542 2765 3609 ὀρθοδόξου
2814 3544 2909 3597 καὶ
2959 3545 3265 3614 ἀμωμήτου
3310 3543 3471 3613 ἡμῶν
3505 3540 3757 3601 arietem:

501 3633 611 3687 τῶν
641 3628 984 3701 Χριστιανῶν
1023 3628 1170 3681 Θεῖον
1222 3630 1319 3681 καὶ
1357 3628 1499 3699 ἱερὸν
1529 3629 1827 3698 Σύμϐολον.
1858 3628 2079 3697 Exposit

2192 3629 2552 3696 ompendiosa,
2586 3632 2664 3683 uti
2695 3633 2890 3698 potuit,
2924 3633 2980 3685 in
3011 3633 3319 3685 orthodoxa:
3365 3643 3416 3684 et
3448 3628 3739 3696 inculpata:

510 3730 707 3775 nostris
752 3717 878 3788 ﬁdei
915 3714 1344 3771 Christianorum
1375 3729 1771 3771 sacrosanctum
1823 3715 2085 3786 Symbolu:

2192 3715 2251 3773 P.
2276 3717 2413 3785 Περὶ
2445 3717 2539 3771 τοῦ
2572 3719 2865 3790 ἱερωτάτου
2899 3719 3179 3790 Συμϐόλου
3209 3721 3307 3788 τῆς
3358 3718 3593 3788 ἀληθοῦς
3639 3716 3733 3767 καὶ

508 3812 677 3881 μόνης
703 3808 812 3862 τῶν
845 3806 1184 3875 Χριστιανῶν
1206 3806 1362 3876 ἡμῶν
1392 3806 1649 3870 πίστεως.
1707 3805 1946 3875 Mosquse
1973 3806 2028 3861 in
2065 3821 2085 3860 ε

2224 3804 2531 3876 synod.81,
2557 3805 2610 3860 8.
2645 3804 2711 3860 V.
2753 3804 2990 3860 Matthxi
3018 3806 3185 3860 Notit.
3215 3806 3377 3860 codd.
3419 3804 3517 3862 Gr.
3572 3803 3743 3871 Mosq.

505 3917 563 3969 ν.
601 3897 664 3952 61
688 3937 702 3960 ,
731 3908 789 3952 et
830 3911 883 3966 ρ.
912 3894 1040 3959 521,
1081 3894 1140 3948 in
1186 3893 1311 3949 cod.
1356 3892 1447 3959 '59,
1489 3894 1546 3948 in
1575 3909 1685 3965 quo
1719 3895 1881 3949 etiam
1916 3903 2045 3949 sunt
2075 3907 2312 3961 sequens
2346 3908 2509 3962 opus,
2550 3905 2603 3948 et
2641 3890 2715 3975 De
2742 3894 2986 3946 articulis
3016 3893 3162 3962 ﬁdei.
3202 3890 3438 3963 (Hari.)]

578 4014 633 4069 5.
672 4012 779 4067 Τοῦ
803 4010 970 4066 αὐτοῦ
1007 4011 1269 4076 "Enecat;
1302 4011 1706 4080 ἀναγκαιοτάτη
1734 4010 1864 4080 περὶ
1892 4009 2000 4062 τῶν
2029 4008 2124 4062 τοῦ
2157 4007 2305 4077 ἱεροῦ
2337 4006 2617 4077 Συμϐόλου
2650 4009 2881 4079 ῥήσεων,
2901 4008 3024 4061 ὅθεν
3060 4002 3446 4077 συνελέγησαν,
3478 4005 3574 4059 καὶ
3607 4005 3746 4059 κατὰ

504 4101 666 4154 τινων
695 4099 857 4154 αὗται
889 4099 1241 4168 συγκείμεναξ
1266 4100 1394 4152 εἰσι.
1423 4098 1702 4167 Expositio
1735 4112 1988 4165 perquam
2049 4111 2085 4148 η

2192 4096 2348 4149 :saria
2393 4096 2776 4149 sententiarum
2826 4097 2970 4150 sacri
3023 4094 3280 4164 Symboli,
3318 4096 3457 4148 unde
3512 4094 3748 4147 collecta:

504 4199 650 4249 sunt.
672 4197 722 4241 et
759 4186 1007 4241 adversus
1035 4201 1162 4256 quos
1188 4186 1427 4240 dictatte.
1451 4185 1514 4239 P.
1540 4185 1722 4239 Καλὸν
1752 4183 2027 4247 ἐκθέσθαι,
2059 4199 2085 4235 κ

2192 4183 2301 4235 ὅθεν
2327 4181 2387 4234 τὸ
2415 4182 2708 4253 ἱερώτατον
2736 4184 2890 4253 παρὰ
2918 4183 3028 4235 τῶν
3053 4183 3214 4237 θείων
3248 4182 3508 4252 Πατέρων
3533 4184 3750 4251 συνετέτ

505 4275 574 4345 οη
600 4273 898 4345 Σύμϐολον.
931 4272 1154 4344 (ιεάὺιν.)
1178 4272 1419 4343 Mosquae
1447 4273 1501 4327 in
1527 4271 1647 4327 cod.
1680 4271 1875 4340 synod.
1908 4268 2035 4333 279,
2069 4274 2085 4324 t

2192 4268 2219 4323 ’.
2248 4267 2486 4326 Matthxi
2515 4270 2553 4325 l.
2582 4286 2630 4326 c.
2660 4286 2716 4341 p.
2747 4270 2874 4325 180.
2906 4268 3116 4342 (Ηανι.)

577 4386 632 4440 6.
666 4383 1021 4454 Περιεκτικὰ,
1055 4382 1131 4446 ῶς
1159 4382 1403 4449 δυνατὸν,
1456 4381 1558 4451 τῆς
1602 4380 1772 4452 μόνης
1811 4380 1924 4435 τῶν
1971 4380 2318 4450 Χριστιανῶν
2356 4381 2515 4452 ἡμῶν
2549 4383 2786 4445 πίστεως
2822 4381 3097 4451 κεφάλαια.
3142 4379 3371 4444 δώδεκα,
3426 4380 3569 4449 ἅπερ
3605 4382 3750 4444 τινὲς

506 4473 689 4545 ἄρθρα
716 4471 941 4526 καλοῦσι
972 4472 1071 4537 τῆς
1097 4472 1357 4534 πίστεως,
1390 4469 1728 4539 σαφέστερον
1758 4468 2084 4522 συντεθέντα
2112 4469 2262 4538 παρὰ
2291 4468 2388 4521 τοῦ
2439 4471 2876 4540 ἀρχιεπισκόπου
2925 4468 3329 4539 Θεσσαλονίκης
3375 4467 3624 4537 Συμεὼν,
3662 4470 3752 4521 καὶ

506 4563 590 4616 ὅτι
618 4559 791 4614 ταῦτα
819 4560 1064 4631 περιέχει
1088 4558 1150 4611 τὸ
1178 4557 1322 4610 θεῖον
1349 4556 1646 4627 Σύμϐολον,
1679 4557 1773 4609 καὶ
1806 4558 1936 4629 περὶ
1960 4557 2066 4608 τῶν

2192 4556 2719 4628 ηεκτικῶνάρετῶν.
2749 4555 3108 4618 Continentia,
3133 4564 3191 4607 ut
3211 4554 3330 4622 ﬁeri
3359 4556 3553 4623 potuit,
3582 4556 3749 4608 solam

509 4649 925 4703 Christianorum
941 4647 1098 4717 ﬁdem
1118 4647 1295 4713 capita
1308 4643 1601 4707 duodecim,
1621 4659 1738 4714 qua:
1758 4643 1997 4698 nonnulli
2018 4646 2266 4700 articulos
2283 4646 2407 4716 ﬁdei
2424 4655 2751 4715 nuncupant,
2771 4646 2967 4699 clarius
2983 4644 3250 4698 elucidata
3273 4643 3338 4697 ab
3361 4644 3752 4712 archiepiscopo

509 4735 955 4791 Thessalonicensi
978 4734 1263 4805 Symeone;
1292 4748 1453 4803 eaque
1478 4731 1910 4802 comprehendere
1926 4749 2135 4792 sacrum
2167 4733 2493 4804 Symbolum,
2518 4743 2566 4787 et
2587 4736 2653 4788 de
2678 4731 3114 4800 comprehensivis
3140 4730 3441 4789 uirtutibus.
3462 4732 3521 4786 P.
3537 4730 3604 4784 Ἦ
3624 4731 3756 4801 ἁλη-

510 4824 612 4895 θὴς
642 4824 903 4894 καὶομόνη
935 4823 1042 4875 τῶν
1074 4820 1427 4893 Χριστιανῶν
1458 4820 1619 4890 ἡμῶν
1646 4822 1830 4884 πίστις
1862 4820 2003 4891 ὑπὲρ
2033 4839 2085 4875 νο

2192 4822 2322 4875 οὖσα
2348 4822 2444 4875 καὶ
2466 4821 2643 4890 λόγον.
2694 4819 2912 4891 (Fabr.)
2965 4818 3208 4887 Mosquae
3265 4819 3321 4873 in
3367 4817 3489 4878 cod.
3543 4818 3752 4888 Synod.

508 4912 616 4967 279
660 4913 715 4967 8.
755 4909 818 4967 V.
845 4910 1078 4965 Mattbzei
1107 4910 1143 4963 l.
1174 4924 1224 4965 c.
1255 4925 1308 4978 p.
1339 4906 1692 4979 180.(Ηανι.)

2420 4924 2431 4933 ι

584 5163 662 5234 (a)
701 5164 969 5219 Nonnulla
1002 5179 1067 5219 ex
1099 5166 1187 5220 his
1217 5163 1422 5234 profert
1460 5164 1710 5234 Allatius,
1737 5163 1835 5234 lib.
1868 5164 1944 5217 De
1958 5179 2087 5230 pur-

511 5233 743 5306 gatoriﬁo,
782 5250 919 5306 pag.
954 5235 1045 5297 51,
1095 5233 1380 5299 140,“Ε³.1η1,
1433 5244 1486 5306 et
1523 5233 1723 5306 contra
1772 5233 2084 5306 llottinger.

513 5304 641 5377 pag.
672 5305 727 5360 8.
755 5304 1230 5377 _Exstant_etiam
1285 5320 1418 5377 mss.
1477 5305 1528 5377 in
1573 5304 1704 5358 bibl.
1737 5304 2083 5377 _Bodleiana_,

515 5373 708 5431 codice
755 5374 981 5429 Barocc.
1028 5375 1122 5436 91,
1166 5390 1196 5429 e
1246 5375 1446 5442 quibus
1470 5375 1632 5427 locus
1684 5373 1974 5427 adducitur
2018 5373 2086 5426 ab

514 5444 820 5498 Hunniredo
854 5442 1007 5517 Hody
1041 5441 1275 5517 iniibco
1299 5443 1508 5517 angliee
1536 5443 1680 5497 edito
1706 5460 1720 5498 :
1749 5441 2005 5517 The_case
2032 5442 2093 5511 of

516 5524 632 5569 sees
659 5523 869 5578 vacant,
906 5511 1030 5585 pag.
1065 5513 1155 5569 86.
1193 5511 1412 5584 (Faer
1442 5513 1576 5567 item
1616 5517 1668 5566 in
1692 5513 1821 5568 ‘cod.
1857 5512 2080 5566 Bnroce.

2190 5162 2285 5225 85-.
2319 5192 2385 5203 --
2414 5159 2722 5215 Vindobon.
2766 5160 2820 5214 in
2873 5161 2995 5214 cod.
3048 5160 3135 5218 15.
3185 5177 3241 5213 n.
3272 5158 3326 5222 5,
3378 5163 3509 5211 sunt
3545 5161 3752 5225 tantum

2193 5222 2455 5300 responsa
2497 5230 2709 5286 decem.
2764 5247 2815 5284 v.
2853 5230 3091 5300 Koliar;
3118 5228 3429 5300 Supplem._
3453 5239 3574 5300 pag.
3648 5222 3752 5300 l2_8

2193 5294 2309 5367 seu:
2352 5301 2565 5369 integra
2586 5309 2714 5356 sunt
2753 5299 2807 5353 in
2847 5299 2973 5355 cod.
2999 5297 3121 5363 170,
3146 5294 3284 5353 ηΣΞ.
3324 5294 3384 5369 ν.
3412 5294 3670 5369 Lambec.
3697 5294 3754 5358 5,

2194 5364 2379 5439 supra,
2434 5364 2522 5424 ιιῧὶ
2554 5372 2694 5440 jam__
2720 5369 2950 5423 aliorum
2995 5369 3154 5423 codd.
3208 5367 3417 5422 mentio
3454 5364 3595 5420 facta
3648 5373 3757 5428 est,

2194 5436 2578 5494 metttnratttm'.
2620 5436 2829 5509 (Httrl.)

566 5758 658 5827 ’(1)
692 5762 973 5827 Sequentia
989 5758 1251 5827 opuscula,
1272 5757 1363 5806 sub
1386 5759 1596 5827 num._2,
1621 5756 1742 5827 5,},
1773 5757 1821 5813 5,
1843 5757 1889 5815 6,
1913 5758 1939 5804 7
1966 5762 2255 5827 memorata,
2281 5756 2377 5827 jam
2404 5755 2462 5827 ab
2486 5751 2624 5802 annis
2646 5753 2757 5815 plus
2779 5755 2977 5800 centum
3021 5750 3153 5799 ellita
3198 5751 3479 5813 prostaiinnt
3505 5765 3613 5800 cum
3641 5752 3771 5801 iisr-

521 5816 682 5878 lesius
705 5816 917 5878 Fabricii
942 5816 1285 5873 Bibliothecam
1310 5819 1624 5879 retractabal,
1662 5820 1724 5867 de
1755 5830 1853 5881 quo
1878 5830 2082 5866 monere
2110 5816 2382 5866 debuisset.
2418 5816 2551 5865 Εοιτ.
