4050 6266
310 379 380 448 93
937 395 1242 457 SYMEON
1279 389 2049 457 lTHESSALONICENSlS
2089 392 2454 455 ARCHIEP.
2488 417 2559 430 -
2589 390 2936 453 NOTITIA.
3499 391 3571 452 24

381 506 434 558 7.
469 505 579 559 Τοῦ
606 508 774 562 αὐτοῦ
800 513 929 578 περὶ
970 507 1047 566 ὧν
1083 513 1467 584 καινοτομοῦσι
1521 515 1742 567 Λατῖνοι
1779 515 1880 584 (1).
1924 514 1980 567 Β.

1960 517 2001 567 le
2044 515 2133 578 iis,
2175 514 2319 568 circa
2353 529 2469 581 qua:
2503 511 2686 566 Latini
2716 511 2989 564 innovant.
3025 507 3086 561 P.
3114 506 3337 578 Πρῶτον
3369 507 3469 577 μὲν
3499 510 3559 562 τὸ

311 592 439 662 περὶ
470 593 568 663 τὴν
597 596 782 649 πίστιν
809 599 1214 669 ἀποσφαλῆναι,
1249 602 1343 654 καὶ
1376 600 1699 671 προσθήκην
1733 601 1906 654 θεῖναι
1935 601 2015 671 τῷ
2050 601 2329 670 Ιερωτάτῳ
2362 599 2642 670 Συμϐόλῳ.

375 700 429 755 8.
461 701 716 772 Ejusdem
741 707 898 775 plura
932 707 1249 764 referuntur
1274 709 1345 764 ad
1372 709 1519 780 leges
1543 718 1599 764 et
1621 723 1856 765 canones
1887 709 2218 778 pertinentia
2242 721 2272 762 a
2302 706 2550 762 Manuale
2579 707 2788 762 Malaxa
2824 706 2878 760 in
2907 704 3321 761 Nomocanone.

381 817 434 870 9.
470 815 722 874 Canones
759 820 922 876 etiam
945 833 1002 877 et
1034 823 1264 893 hymnos
1289 823 1343 877 in
1369 831 1589 880 sanctos
1619 821 1980 893 composuisse

1960 837 2018 890 Le,
2069 837 2134 878 ex
2172 821 2416 891 Eugenio
2455 821 2653 892 colligo
2691 837 2706 874 :
2742 821 2856 875 Kal.
2885 821 3050 891 ᾠδαῖς
3099 821 3270 890 ἱεραῖς
3297 820 3424 884 τοὺς
3453 821 3559 874 τῶν

311 895 481 969 ἁγίων
519 909 738 974 χοροὺς,
771 910 868 962 καὶ
893 910 1106 962 οῐκοθεν
1131 909 1594 980 καταστέψαντος,
1623 904 1698 965 ὧν
1723 913 1812 964 τὸν
1846 910 1910 979 βί‹

1989 909 2256 979 ἐζήλωσε,
2290 911 2387 962 καὶ
2413 910 2654 979 διήνυσε.
2690 907 2756 961 Ει
2775 909 2944 962 sacris
2975 908 3223 961 cantibus
3256 917 3562 961 sanctorum

311 991 514 1056 choros,
545 1004 592 1045 et
621 1008 686 1045 ex
714 995 941 1063 propriis
969 998 1263 1063 exornavit,
1288 1014 1514 1068 quorum
1548 1000 1710 1052 vitam
1733 997 2017 1052 temulatus
2048 997 2294 1074 confecit.
2328 995 2530 1050 Horum
2578 1003 2759 1049 tamen
2797 995 2914 1063 ipse
2942 992 3078 1048 nihil
3102 993 3232 1048 vidi.
3283 991 3560 1049 Hactenus

305 1076 566 1131 Allatius.
602 1078 808 1151 (Fabr.)
846 1081 914 1136 V.
943 1083 1068 1137 cod.
1090 1083 1322 1138 Vindob.
1361 1085 1513 1139 citat.
1543 1101 1597 1139 n.
1628 1085 1659 1137 7
1686 1092 1741 1140 et
1770 1085 1825 1140 8.
1853 1084 2082 1154 (θυι.)-

376 1189 395 1260 [
431 1189 488 1243 1η
521 1200 631 1246 cat.
660 1192 823 1248 codd.
857 1193 953 1250 Gr.
978 1194 1209 1250 Nanian.
1242 1211 1304 1266 p.
1336 1196 1459 1266 151,
1492 1214 1550 1253 n.
1587 1200 1642 1254 7.
1665 1199 1788 1260 cod,
1848 1196 1937 1263 74,
1969 1197 2212 1253 citantur
2256 1195 2530 1252 Simeonis
2582 1195 2910 1251 Thessalon.
2948 1192 3156 1259 Oratio,
3202 1208 3324 1263 qua:
3379 1200 3561 1254 tamen

198 1295 208 1309 ο
306 1285 584 1332 auctorem
618 1281 778 1334 habet
807 1281 1117 1337 Simeonem
1149 1283 1410 1340 Mamant.
1444 1285 1523 1355 (2)
1553 1294 1606 1339 et
1645 1299 1807 1354 supra
1841 1289 2163 1340 numeratur
2189 1300 2244 1338 n.
2269 1285 2376 1348 25;
2408 1294 2463 1338 et
2492 1299 2545 1352 p.
2573 1283 2694 1337 152.
2725 1282 2876 1350 Opus
2915 1282 3095 1351 ejusd.
3129 1279 3268 1335 Sim.
3299 1281 3464 1336 Mam.
3491 1312 3563 1324 -—

308 1366 442 1419 Sim.
478 1364 728 1422 Thcssal.
758 1367 945 1425 Oratio
974 1372 1030 1424 in
1060 1373 1479 1441 Assumptionem
1506 1373 1712 1438 Μανία,
1741 1374 1912 1428 Paris.
1944 1373 1999 1428 in
2027 1372 2160 1427 bibl.
2187 1372 2337 1442 publ.
2369 1371 2501 1426 Cod.
2530 1362 2654 1434 987,
2688 1386 2743 1423 n.
2766 1372 2819 1423 7.
2857 1366 3102 1438 (Harl.)]

379 1476 466 1530 10.
503 1475 772 1534 Simeonis
816 1478 1319 1537 Thessalonicensis
1348 1482 1642 1538 Chronicon
1673 1497 1778 1537 ms.
1811 1484 1865 1537 in
1902 1483 2206 1552 Philippica
2252 1483 2382 1551 imp.
2423 1482 2606 1538 laudat
2635 1482 2878 1552 Cangius
2925 1481 3288 1539 in-Glossario
3347 1478 3559 1542 erco,

306 1579 362 1631 p.
390 1563 546 1629 1606,
575 1566 676 1620 nisi
724 1567 922 1621 calami
974 1583 1158 1624 errore
1190 1569 1734 1626 Thessalonicensem
1770 1575 1971 1640 posuit,
2023 1579 2187 1639 atque
2229 1568 2495 1623 intellexit
2557 1568 2868 1624 Chronicon
2922 1568 3200 1624 Simeonis
3257 1567 3567 1636 Logothetae

307 1649 450 1716 quod
476 1649 923 1720 frequentissime
957 1655 1088 1708 citat
1123 1655 1276 1720 alibi,
1317 1665 1379 1709 ut
1401 1657 1454 1710 in
1483 1658 1617 1711 diss.
1652 1658 1726 1712 De
1760 1658 2051 1722 hebdomo,
2082 1673 2206 1728 pag.
2242 1656 2518 1721 128,129,
2547 1656 2672 1720 155,
2716 1658 2816 1713 151
2849 1676 2865 1725 ;
2896 1666 2950 1712 et
2978 1659 3125 1712 notis
3175 1655 3242 1710 ad
3295 1656 3563 1710 Zonaram

307 1751 362 1806 p.
390 1736 480 1802 28,
519 1739 610 1803 55,
640 1737 728 1803 70,
758 1749 812 1794 et
839 1740 906 1792 79
932 1757 946 1804 ;
979 1750 1032 1795 et
1061 1742 1114 1794 in
1145 1739 1461 1810 Appendice
1490 1745 1556 1798 ad
1583 1744 1831 1800 Glossar.
1865 1760 1900 1814 p

1964 1746 2008 1811 ι,
2034 1746 2089 1809 5,
2120 1745 2174 1810 6,
2202 1743 2252 1808 7,
2280 1743 2370 1810 22,
2399 1743 2491 1806 25,
2519 1743 2610 1809 56,
2643 1745 2735 1808 65,
2777 1745 2868 1806 56,
2897 1744 2988 1809 57,
3017 1745 3110 1810 58,
3170 1743 3260 1806 59,
3324 1741 3412 1807 72,
3474 1741 3563 1804 7-1,

309 1822 398 1887 75,
429 1823 521 1889 83,
556 1826 647 1887 84,
672 1825 762 1891 86,
785 1827 876 1892 90,
900 1826 990 1890 92,
1024 1827 1148 1894 100,
1185 1827 1461 1893 101,105,
1497 1830 1624 1895 106,
1664 1831 1788 1898 110,
1823 1832 1908 1886 112

1986 1833 2110 1898 114,
2151 1831 2276 1896 115,
2306 1837 2415 1886 etc.
2451 1829 2526 1884 De
2555 1829 2657 1885 hoc
2682 1831 2793 1886 dixi
2827 1831 2931 1886 vol.
2960 1830 3049 1896 Vl,
3093 1846 3147 1901 p.
3194 1827 3300 1885 352
3346 1837 3402 1882 et
3437 1827 3561 1882 158.

307 1910 382 1981 [5.
417 1915 526 1968 vol.
548 1912 666 1982 Ἧι,
697 1931 752 1986 p.
778 1907 878 1970 471
901 1932 984 1985 sq.
1012 1926 1068 1974 et
1107 1933 1164 1989 p.
1191 1919 1297 1974 683
1317 1934 1401 1990 sq.
1429 1918 1515 1974 ed.
1541 1917 1716 1991 nov.],
1748 1921 1839 1976 ubi
1861 1922 2026 1976 etiam
2059 1919 2127 1975 de
2152 1915 2389 1972 Historia
2420 1916 2676 1972 chronica
2706 1917 2886 1972 adhuc
2907 1918 3090 1973 itidem
3117 1917 3319 1972 inedita
3347 1914 3562 1968 Simeo-

304 2000 396 2056 nis
457 2001 605 2056 Sethi
666 2003 848 2073 lingua
885 2003 1200 2060 Graecorum
1260 2006 1490 2087 vulgari,
1540 2007 1609 2063 ab
1637 2008 1851 2079 origine
1896 2007 2088 2064 mundi
2116 2005 2182 2062 ad
2210 2005 2498 2075 imperium
2539 2019 2715 2076 usque
2745 2005 3091 2063 Constantini
3125 2006 3306 2072 Ducas,
3353 2002 3421 2058 de
3446 2017 3553 2072 qua

305 2089 468 2156 paulo
518 2099 643 2144 ante
693 2092 762 2145 de
803 2090 1058 2147 Simeone
1100 2094 1361 2160 Setho,n.
1387 2094 1437 2150 7.

371 2315 441 2384 ll)
474 2317 563 2384 [ist
588 2327 736 2384 caput
769 2323 1060 2372 vicesimum
1086 2323 1198 2375 libri
1224 2329 1402 2378 Contra
1434 2329 1658 2384 hereses.
1686 2333 1822 2383 Eutr.

375 2377 443 2436 (2)
469 2381 565 2428 Seu
591 2377 863 2441 Ju'uiorem,
881 2384 979 2443 jam
1003 2400 1028 2432 a
1062 2386 1205 2436 nobis
1232 2377 1937 2447 recusumﬁtomTCi—X:'Em-r
