4050 6266
364 391 441 459 29
1034 475 1039 479 ρ
1597 397 1960 458 Domum
2002 399 2427 481 ramulo.
3554 403 3628 466 ει)

370 510 526 578 λεῦς,
568 510 835 582 Ἀερόπου
862 513 1011 579 τινὸς
1050 510 1212 582 φίλου
1237 508 1625 577 ἀποθανόντος,
1654 515 1754 566 οὐκ
1779 509 1980 579 ἤνεγκε
2016 516 2275 583 μετρίως,
2300 518 2507 570 ἐκεῖνον
2536 517 2637 587 μὲν
2669 502 2988 586 ἀνθρώπινα
3017 517 3347 572 πεπονθέναι
3379 519 3629 587 φάσκων,

374 599 558 665 ἑαυτῷ
591 600 651 654 δὲ
694 600 1071 671 μεμφόμενος,
1119 601 1204 654 ὅτι
1251 599 1462 669 μέλλων
1508 600 1599 653 ἀεὶ
1632 599 1730 654 καὶ
1789 599 2098 670 βραδύνων,
2152 603 2316 673 χάριν
2345 606 2445 660 οὐκ
2473 604 2758 685 ἀπέδωκεν
2784 606 2958 675 αὐτῷ’
2995 612 3148 675 πόσῳ
3182 607 3386 677 μᾶλλον
3442 606 3629 668 αὐτὸς,

390 686 744 758 Ἠπειρώτης
778 688 878 758 μὲν
908 686 1008 756 ὢν,
1038 687 1155 741 ἀλλ’
1187 687 1606 755 εὐσεϐέστατος,
1644 691 1739 741 καὶ
1764 688 2054 757 αὐθέντης,
2084 690 2217 742 ἀλλά
2257 691 2627 761 φιλόχριστος.
2671 695 2766 747 καὶ
2807 691 3058 762 ἡγεμὼν,
3088 693 3226 748 ἀλλά
3280 692 3630 761 μεγαλοπρεο

378 774 652 839 πέστατος
683 817 699 842 ,
731 777 796 829 ού
824 777 981 845 φίλον
1014 775 1162 843 τινὰ,
1195 776 1330 831 ἀλλά
1352 777 1463 830 τῶν
1493 778 1716 831 πάντων
1751 776 2035 846 Δεσπότην
2063 780 2158 830 καὶ
2191 778 2417 848 βασιλέα
2448 764 2686 851 Χριστὸν
2706 782 2907 851 τιμῶν,
2944 781 3108 835 ἕνεκα
3159 775 3234 835 ὧν
3286 782 3509 847 εἴληφεν
3540 780 3631 842 ὲγ-

380 862 626 932 κοσμίων
660 880 721 917 τε
744 865 839 918 καὶ
862 866 1256 936 πνευματικῶν
1295 864 1539 931 ἀγαθῶν,
1573 865 1854 932 τοιαύτην,
1884 865 2184 919 ἀποδοῦναι
2218 866 2319 936 τὴν
2343 867 2729 937 εὐχαριστίαν,
2777 871 2871 922 καὶ
2901 868 3302 940 επισφραγίσαι
3343 867 3410 921 δι’
3460 868 3630 935 αὐτῆς

383 950 486 1021 τὴν
521 951 659 1022 πρὸς
681 952 775 1006 τὸν
802 951 939 1006 Θεὸν
973 954 1071 1007 καὶ
1129 952 1226 1006 τὸν
1254 952 1483 1020 πλησίον
1499 952 1723 1016 ἀγάπην
1756 946 1826 1021 ἧς
1857 952 2011 1005 οὐδὲν
2038 951 2151 1004 τῶν
2204 954 2263 1005 ὲν
2294 952 2373 1023 τῷ
2404 955 2597 1025 κόσμῳ
2625 955 2879 1024 τερπνῶν
2909 956 3000 1009 καὶ
3056 954 3336 1023 μεγάλων,
3376 952 3627 1019 ίσότιμόν

379 1053 440 1089 τε
474 1039 568 1090 καὶ
595 1039 942 1104 ίσοστάσιον;
987 1038 1130 1093 Ἀλλ’
1154 1039 1348 1108 ιπειδὴ
1375 1040 1593 1107 καρπός
1622 1039 1742 1093 ὲστί
1770 1056 1853 1092 σοι
1885 1038 2046 1092 τοῦτο
2072 1039 2538 1112 τοῦ-ἐνοικοῦντος
2570 1043 2627 1095 ὲν
2656 1042 2741 1095 σοὶ
2763 1041 2925 1109 ἀγίου
2978 1040 3322 1111 Πνεύματος,
3358 1040 3434 1102 ὼς
3479 1040 3632 1106 εἴρη-

288 1118 293 1123 ’
381 1141 495 1187 ται,
530 1125 826 1197 ἀξιωθείης
854 1128 944 1180 ἀεὶ
971 1129 1345 1197 καρποφορεῖν
1376 1129 1440 1188 ἐς
1473 1127 1552 1195 τῷ
1590 1127 1690 1195 τῆς
1732 1126 2066 1195 Ἐκκλησίας
2116 1128 2476 1199 πληρώματι,
2531 1130 2626 1183 καὶ
2659 1130 3081 1183 ὲπεκτείνεσθαι
3143 1130 3200 1181 ἐν
3253 1129 3369 1191 τοῖς
3422 1129 3633 1194 ἓμπρο-
3720 1141 3725 1145 ·

385 1211 535 1276 σθεν,
575 1215 671 1267 καὶ
729 1215 870 1283 μετά
897 1214 1205 1284 βαθύτατον
1238 1216 1418 1284 γῆρας
1448 1204 1811 1283 ἀποδημήσας
1833 1213 1930 1268 τοῦ
1967 1214 2241 1285 σώματος,
2273 1216 2609 1282 ἀπολαύσοις
2630 1218 2732 1288 τῆς
2755 1216 2907 1281 θείας
2946 1218 3373 1286 μακαριότητος.
3434 1215 3631 1286 Ἀμήν.

288 1321 294 1327 ι
385 1299 477 1354 Ἐν
504 1299 615 1354 ἔτει
636 1339 653 1368 ,
686 1298 867 1372 ,αχπγ’
889 1301 1030 1390 κατά
1065 1302 1210 1372 μῆνα
1231 1301 1501 1372 Μάρτιον.
1544 1302 1679 1354 Ἀπὸ
1707 1303 2232 1372 Ἀδριανουπόλεως.

1549 1400 1881 1465 ΔυΣῙΘΕῡΣ
1930 1413 2063 1482 ὲλέῳ
2092 1415 2227 1468 Θεοῦ
2270 1416 2616 1488 πατριάρχης
2647 1417 2749 1486 τῆς
2788 1411 2954 1486 ἁγίας
2988 1418 3192 1480 πόλεως
3233 1408 3630 1487 Ἰερουσαλὴμ,

1798 1500 1894 1553 καὶ
1922 1501 2152 1573 εὐχέτης
2181 1503 2280 1573 τῆς
2310 1505 2409 1573 σῆς
2440 1504 2920 1574 ἐκλαμπρότητος.

1003 1895 1916 2104 DOSITHEI
1997 1899 3009 2057 PR/EFATIO

1546 2186 1696 2275 AD
1768 2186 2406 2283 LECTOBEM

1957 2413 2031 2434 α

394 2539 646 2616 Δοσίθεος
672 2549 813 2622 ἐλέῳ
854 2546 991 2604 Θεοῦ
1023 2549 1375 2623 πατριάρχης
1412 2550 1510 2620 τῆς
1538 2548 1700 2617 ἀγία.⁵
1732 2549 1830 2602 καὶ
1858 2551 2248 2620 προσκυνητῆς
2284 2553 2380 2604 τοῦ
2414 2554 2667 2624 Σωτῆρος
2697 2558 2854 2627 ἡμῶν
2885 2554 3129 2632 Χριστοῦ
3164 2556 3258 2615 καὶ
3289 2557 3428 2612 θεοῦ
3478 2555 3638 2613 Ἀναι

465 2643 732 2708 στάσεως,
755 2641 870 2705 τοῖς
906 2639 1317 2710 ἐντευξομένοις
1344 2639 1419 2707 τῷ
1448 2639 1680 2707 παρόντι
1712 2636 2017 2707 ὀρθοδόξοις
2038 2635 2413 2707 Χριστιανοῖς,
2446 2641 2767 2709 ίερωμένοις
2804 2664 2861 2699 τε
2889 2648 2984 2701 καί⁵
3012 2648 3246 2714 λαῖκοῖς,
3275 2646 3524 2715 ἀδελφοῖς
3542 2645 3638 2701 καὶ

457 2730 674 2793 τέκνοις
694 2729 796 2800 τῆς
822 2722 984 2799 ἡμῶν
1008 2726 1363 2797 μετριότητος
1383 2728 1441 2778 ὲν
1472 2725 1612 2796 ἁγίῳ
1641 2725 1941 2794 Πνεύματι,
1971 2724 2134 2795 χάριν
2167 2726 2382 2781 ἀνωθεν
2409 2728 2549 2799 πρδς
2580 2730 2720 2801 ἔργα
2755 2732 3102 2804 σωτηριὼδη.

457 2841 575 2904 Πᾶς
598 2842 833 2911 κυνηγὸς
860 2841 1171 2912 ἐπιτήδειος
1199 2838 1296 2906 ὢν,
1330 2840 1426 2895 καὶ
1483 2839 1710 2909 ἀριστος
1743 2838 1874 2909 περὶ
1918 2838 1990 2892 τά
2034 2840 2338 2909 κυνηγέσια
2367 2841 2618 2913 τεχνίτης
2642 2886 2656 2910 ,
2690 2845 3007 2912 ἀναγκαίως
3043 2846 3246 2917 χρᾶται
3286 2845 3356 2899 τὰ
3401 2840 3638 2916 ἁρμόδια

388 2930 541 3001 αὐτῷ
574 2930 805 3002 ὄργανα,
844 2930 1019 2999 εῐπερ
1053 2929 1306 2999 βούλεται
1336 2928 1488 2991 τέλος
1520 2926 1759 2996 Χριστὸν
1806 2927 2089 2996 ἐπιθήσειν
2119 2930 2185 2993 τῇ
2210 2928 2394 3002 τέχνῃ.
2427 2930 2606 3001 Χάριν
2653 2930 2840 2998 λόγου,
2875 2936 2958 2995 ἐίς
3002 2934 3064 2985 τὸ
3095 2933 3362 3003 θηρεῦσαι
3413 2930 3636 2984 πετεινά

390 3018 492 3088 μιν
520 3020 724 3089 χρᾶται
773 3016 1001 3072 δίκτυαο
1020 3019 1254 3087 χερσαῖα
1305 3016 1384 3081 δὲ,
1411 3015 1621 3083 ἄρκυας
1671 3019 1765 3069 καὶ
1793 3013 2026 3082 παγίδας
2046 3031 2062 3047 ο
2098 3016 2285 3086 ίχθύας
2308 3016 2386 3081 δὲ,
2419 3018 2581 3071 κάκεῖ
2604 3018 2817 3082 δίκτυα,
2868 3020 3277 3089 ἀμφίϐληστρα,
3334 3019 3632 3087 ἄγκιστρα,

387 3105 742 3172 πεζοϐόλους,
771 3107 866 3158 καλ⁵
884 3104 966 3160 δσ’
999 3102 1134 3158 ἀλλα
1156 3104 1189 3172 ἡ
1235 3103 1396 3172 τέχνη
1426 3101 1688 3165 διδάσκει,
1733 3100 1821 3154 ῐνα
1867 3101 2009 3173 λάϐῃ
2038 3105 2133 3157 καὶ
2152 3104 2393 3175 κερδήσῃ
2421 3104 2458 3160 ἃ
2490 3104 2765 3175 βούλεται.
2824 3108 2889 3160 Et
2926 3108 2985 3161 δὲ
3026 3108 3357 3177 ἀνθρώπους
3412 3123 3498 3169 τις
3535 3105 3634 3176 θη-

391 3196 593 3266 ρεῦσαι
622 3194 908 3266 ⁴ίιϐούλετο,
937 3193 1040 3249 τίν’
1071 3194 1138 3249 ἂν
1160 3193 1373 3264 ὄργανα
1403 3193 1712 3263 χρήσαιτος
1777 3194 2040 3263 Ἐπείπερ
2084 3192 2179 3246 καὶ
2205 3194 2252 3246 οί
2278 3192 2559 3263 ἄνθρωποι
2597 3197 2959 3262 κυνηγῶνται,
3010 3196 3106 3248 καὶ
3137 3193 3632 3263 συλλαμϐάνονται,

386 3283 465 3347 ὡς
497 3281 680 3353 ίχθύες
711 3282 807 3352 (ὡς
849 3281 1037 3350 ἔλεγεν
1083 3282 1113 3334 ὁ
1144 3281 1371 3353 Κύριος,
1407 3299 1426 3332 ι
1457 3278 1623 3333 Δεῦτε
1662 3281 1839 3334 ὀπίσω
1895 3298 2021 3350 μου,
2059 3280 2155 3335 καὶ
2209 3282 2428 3350 ποιήσω
2460 3282 2606 3350 ὑμᾶς
2664 3284 2836 3348 ἁλιεῖς
2868 3281 3174 3352 ἀνθρώπων
3210 3283 3285 3350 ι),
3350 3283 3451 3336 οὐκ
3503 3281 3638 3334 ἄλλα

386 3370 657 3442 δηλονότι,
707 3371 758 3422 εί
787 3370 862 3451 μῂ
887 3369 987 3438 τὴν
1021 3368 1378 3423 διδασκαλίαν
1408 3369 1506 3422 καὶ
1533 3369 1625 3421 τὸν
1656 3368 1838 3437 λόγον.
1875 3370 1990 3423 Οὐκ
2023 3368 2138 3422 ἔστι
2165 3369 2275 3438 γὰρ
2306 3371 2752 3442 ἀμφίϐληστρον,
2781 3374 2877 3427 καὶ
2914 3374 3134 3428 δίκτυον
3174 3372 3265 3426 διὰ
3307 3371 3398 3425 τὸν
3424 3369 3639 3439 ἀνθρω-

396 3475 524 3525 πον,
556 3460 631 3522 ὡς
654 3459 688 3528 ὴ
712 3457 1032 3512 διδασκαλία
1063 3457 1424 3527 πεπλεγμένη
1455 3456 1565 3511 ἀπὸ
1596 3455 1771 3527 λόγων
1804 3457 1899 3511 καὶ
1927 3456 2035 3510 ἀπὸ
2086 3459 2429 3528 μαρτυριῶν,
2462 3461 2521 3512 ἒν
2569 3455 2650 3525 οἷς
2703 3462 3067 3532 σαγηνεύεται
3097 3465 3125 3517 δ
3171 3461 3480 3531 ἄνθρωπος,
3540 3459 3638 3511 καὶ

388 3549 689 3604 οἰκειοῦται
721 3549 798 3619 τῷ
822 3549 963 3620 Θεῷ,
992 3551 1057 3604 ἵν’
1079 3552 1317 3614 αίωνίως
1349 3550 1745 3622 μακαρίζηται.
1772 3551 1923 3620 Αὕτη
1966 3552 2385 3624 ἀμφίϐληστρον
2442 3554 2499 3624 (η
2546 3555 2891 3625 διδασκαλία)
2921 3555 3227 3627 βαλλομένη
3287 3550 3368 3616 είς
3397 3551 3639 3620 ἑκάτερα

390 3638 462 3692 τὰ
489 3641 655 3707 μέρη,
686 3637 860 3704 δεξιὰ,
886 3640 983 3692 καὶ
1020 3640 1315 3710 ἀριστερὰ,
1351 3640 1446 3693 καὶ
1484 3641 1616 3709 περὶ
1653 3641 1762 3694 τῶν
1788 3640 2074 3710 παρόντων
2104 3642 2200 3694 καὶ
2232 3641 2364 3712 περὶ
2391 3642 2500 3695 τῶν
2558 3642 2886 3711 μελλόντων.
2944 3636 3094 3713 Δῦτη
3151 3643 3454 3709 ἄγκιστρον
3476 3655 3492 3670 ·
3525 3639 3640 3700 τοῖς

390 3726 505 3797 γὰρ
535 3726 719 3795 λόγοις
750 3727 847 3783 καὶ
880 3730 1004 3790 ταῖς
1044 3728 1378 3799 μαρτυρίαις
1402 3727 1500 3782 τοῦ
1525 3728 1871 3798 Πνεύματος,
1901 3728 2172 3797 λαμϐάνει
2198 3728 2289 3782 τὸν
2320 3729 2612 3798 ἄνθρωπον
2635 3731 2741 3784 ἀπὸ
2771 3732 2881 3785 τῶν
2922 3731 3272 3798 σπλάγχνων,
3303 3726 3397 3782 καὶ⁸
3428 3724 3638 3781 ἀλιεύει

392 3816 472 3879 είς
494 3815 557 3869 τὸ
591 3815 708 3884 φῶς
733 3816 830 3887 τῆς
853 3816 1207 3883 θεογνωσίας.
1245 3817 1380 3883 Περὶ
1410 3816 1615 3889 ταύτης
1659 3817 1811 3885 λέγει
1853 3818 1912 3869 ὲν
1934 3816 2012 3885 τῷ
2046 3815 2240 3887 βιϐλίῳ
2275 3816 2383 3869 τῶν
2440 3817 2717 3886 Ἀριθμῶν
2751 3821 2776 3871 ὁ
2823 3818 2934 3872 τῶν
2969 3819 3107 3871 ὅλων
3139 3816 3296 3877 Θεός·
3329 3831 3348 3866 ι
3406 3813 3639 3882 Ποίησον

395 3900 610 3970 σεαυτῷ
636 3901 732 3955 δύο
761 3900 1070 3971 σάλπιγγας
1121 3903 1395 3974 ἀργυρᾶς,
1459 3903 1656 3965 ὲλατάς
1711 3906 1956 3974 ποιήσεις
1993 3905 2188 3968 αὑτάς,
2252 3905 2544 3958 ἀνακαλεῖν
2580 3906 2679 3975 τὴν
2712 3906 3058 3977 συναγωγὴν,
3114 3906 3207 3958 καὶ
3259 3901 3497 3970 ἐξαίρειν
3537 3899 3639 3960 τὰς

393 3988 774 4058 παρεμϐολάς,
822 3992 916 4044 καὶ
945 3990 1103 4043 ἔσται
1136 3990 1264 4059 ὑμῖν
1293 3992 1528 4060 νόμιμον
1561 3990 1785 4044 αίὼνιον
1819 3993 2127 4059 είςηγενεάς
2157 3992 2334 4062 ὑμῶν.
2376 4011 2394 4043 ι
2454 3994 2774 4059 Σάλπιγγας
2817 3994 2952 4060 φησὶ
2980 3994 3106 4054 τοὺς
3148 3989 3504 4051 διδασκάλους
3533 3987 3638 4055 τῆς

404 4079 756 4148 Ἐκκλησίας.
796 4078 884 4142 Ὠς
918 4080 1026 4148 γάρ
1060 4082 1115 4133 αί
1151 4082 1453 4147 σάλπιγγες
1491 4082 1732 4151 χρῶνται
1764 4080 1987 4148 πνεῦμα
2041 4078 2151 4130 ἀπὸ
2178 4079 2289 4131 τῶν
2319 4078 2613 4131 ἐντοσθίων
2643 4078 3003 4147 ἑξερχόμενον
3056 4078 3180 4145 (καί⁵
3230 4076 3327 4144 οὐχ
3374 4074 3449 4136 ὡς
3495 4073 3644 4142 κύμ--

394 4167 592 4238 ϐαλαῆ
625 4166 856 4238 κιθάραι
890 4170 1271 4237 κρουόμεναι),
1319 4168 1491 4230 οὕτως
1536 4171 1586 4221 οί
1619 4168 1955 4229 διδάσκαλοι,
2004 4166 2105 4218 ούκ
2137 4166 2199 4216 ἐκ
2225 4164 2326 4231 τῆς
2378 4163 2578 4227 ἔξωθεν
2614 4164 2821 4230 σοφίας,
2863 4166 2955 4218 καὶ
2983 4165 3080 4233 τῆς
3118 4163 3282 4215 τινῶν
3313 4157 3640 4232 μῦθολογίας

398 4254 810 4324 συλλογίζονται
840 4257 986 4308 κατά
1035 4256 1136 4323 τῆς
1162 4255 1439 4326 σωτηρίας
1470 4256 1579 4309 τῶν
1615 4253 1950 4323 ἀνθρώπων,
1999 4253 2118 4306 ἀλλ’
2145 4252 2349 4306 ἔσωθεν
2395 4254 2494 4323 τὴν
2528 4252 2882 4305 διδασκαλίαν
2909 4254 3225 4318 Πνεύματος
3257 4251 3419 4319 ἁγίου
3453 4251 3640 4320 πλήρη

392 4340 628 4411 ἔχοντες,
654 4342 753 4412 τὴν
787 4342 1065 4410 σωτηρίαν
1094 4342 1579 4410 πραγματεύονται
1613 4342 1726 4395 τῶν
1755 4340 2086 4408 ἀνθρώπων,
2138 4339 2328 4410 ὥσπερ
2379 4339 2563 4402 αὐτοῖς
2593 4340 2817 4408 λέγεται
2858 4339 2946 4392 διὰ
2975 4338 3070 4391 τοῦ
3111 4339 3335 4392 Ἡσαΐου
3363 4354 3378 4368 ο
3410 4356 3429 4389 ι
3482 4335 3641 4389 Ἀνα-

393 4430 590 4495 ϐόησον
617 4431 677 4481 ὲν
702 4430 870 4499 ἰσχύϊ,
899 4429 996 4482 καὶ
1029 4428 1104 4499 μὴ
1139 4415 1322 4499 φείσῃ,
1352 4430 1428 4492 ὡς
1454 4430 1719 4498 σάλπιγγι
1748 4428 1965 4498 ῦψωσον
1991 4430 2089 4496 τὴν
2120 4430 2303 4499 φωνήν
2335 4447 2483 4483 σου.»
2518 4429 2593 4482 Οὐ
2623 4429 2791 4497 λέγει,
2832 4430 2920 4492 Ὦς
2954 4427 3234 4496 κύμϐαλον
3259 4427 3358 4480 καὶ
3384 4426 3636 4495 κιθάραν,

392 4515 508 4569 ἀλλ’
528 4515 610 4582 ὡς
642 4514 933 4585 σάλπιγγι
967 4516 1225 4584 ῦψωσον
1253 4515 1370 4584 τὴν
1402 4516 1615 4585 φωνήν
1638 4532 1779 4571 σου.
1828 4518 2035 4584 Ἠγουν
2065 4518 2200 4586 μετά
2250 4516 2445 4584 φωνῶν
2508 4516 2885 4585 ἐξερχομένων
2919 4515 3028 4567 ἀπὸ
3053 4514 3162 4567 τῶν
3198 4512 3370 4578 ὲντὺς,
3436 4511 3641 4572 αἵτινές

389 4606 531 4657 εἰσιν
557 4605 589 4673 ἡ
612 4604 743 4669 ἁγία
774 4603 991 4673 Γραφὴ,
1023 4603 1232 4657 παλαιά
1263 4622 1319 4657 τε
1360 4605 1454 4657 καὶ
1488 4605 1586 4657 νέα
1616 4621 1631 4636 ·
1669 4604 1944 4675 μυστήρια
1978 4603 2140 4669 ἑπτά,
2173 4606 2268 4656 καὶ
2309 4604 2641 4671 παραδόσεις
2666 4606 2765 4671 τῆς
2800 4600 3101 4666 καθολικῆς
3150 4598 3500 4665 Ἐκκλησίας,
3532 4597 3640 4650 ἀπὸ

389 4690 488 4745 τοῦ
530 4692 742 4762 Κυρίου
770 4694 866 4745 καὶ
894 4692 1004 4745 τῶν
1034 4691 1357 4744 ἀποστόλων
1389 4691 1839 4760 παρειλημμένα,
1895 4695 2119 4754 κανόνες
2143 4691 2253 4744 τῶν
2286 4691 2460 4758 ἀγίων
2497 4689 2839 4743 ἀποστόλων.
2895 4688 3058 4759 Ὅροι
3094 4688 3206 4740 τῶν
3239 4684 3640 4757 οίκουμενικῶν

392 4780 630 4833 συνόδων
664 4780 760 4834 καὶ
787 4779 1105 4851 Πρακτικά,
1146 4781 1262 4849 ὅροι
1291 4778 1535 4833 τοπικῶν
1571 4780 1809 4833 συνόδων
1844 4778 1940 4830 καὶ
1967 4778 2130 4831 τινῶν
2172 4780 2458 4848 Πατέρων,
2487 4775 2582 4839 οὓς
2627 4777 2684 4829 αἱ
2713 4776 3098 4843 οίκουμενικαὶ
3126 4775 3378 4839 ἐδέξαντο
3408 4773 3636 4827 σύνοδοι.

390 4868 812 4939 Συγγράμματα
838 4868 935 4921 καὶ
959 4868 1250 4937 ἑρμηνεῖαι
1281 4868 1379 4937 τῆς
1415 4866 1642 4937 Γραφῆς
1677 4865 1784 4919 τῶν
1839 4866 2012 4934 ἁγίων
2052 4867 2333 4934 Πατέρων,
2384 4866 2442 4917 ἑν
2471 4859 2555 4927 οἷς
2606 4860 3002 4932 συμφωνοῦσιν
3058 4862 3337 4931 ἀλλήλοις,
3379 4860 3477 4915 καὶ
3516 4860 3640 4922 ταῖς

388 4960 808 5027 οἱκουμενικαῖς
849 4957 1118 5020 συνόδοις.
1160 4957 1422 5025 Ἰστορίαι
1447 4956 1935 5027 ὲκκλησιαστικαί.
1967 4955 2141 5024 Νόμοι
2171 4952 2471 5022 βασιλικοὶ,
2499 4951 2606 5004 τῶν
2643 4950 2819 5018 ἀγίων
2852 4950 3116 5018 Πατέρων
3141 4952 3253 5013 τοῖς
3293 4950 3442 5020 ὅροις
3495 4963 3643 5016 συμ-

388 5043 691 5108 ϐαίνοντες,
716 5044 877 5099 ἅτινα
904 5042 1409 5114 συμπεπληγμένα,
1439 5045 1723 5114 ἐνέργειαν
1773 5043 1970 5113 έχουσι
2008 5043 2110 5112 τῆς
2163 5041 2330 5111 ὀρθῆς
2355 5042 2452 5093 καὶ
2482 5037 2720 5108 ἀληθοῦς
2749 5041 2844 5092 καὶ
2896 5037 3204 5108 ὁρθοδόξου,
3236 5035 3534 5104 καθώικῆς
3581 5050 3640 5085 τε

390 5130 488 5184 καὶ
517 5131 888 5199 ἀποστολικῆς
920 5133 1186 5194 πίστεως.
1222 5131 1315 5184 καὶ
1341 5130 1618 5184 ἀλιεύουσι
1643 5132 1735 5185 τὸν
1765 5131 2054 5202 ἄνθρωπον
2085 5129 2166 5192 είς
2221 5128 2382 5202 ζωὴν
2434 5127 2674 5183 αἰώνιον.
2709 5125 2813 5181 Δύο
2842 5126 2900 5179 δὲ
2933 5126 3256 5194 σάλπιγγες.
3289 5125 3372 5178 ὅτι
3406 5125 3473 5193 τῇ
3538 5120 3641 5190 μιᾷ

388 5218 491 5290 τὴν
522 5220 603 5281 είς
637 5198 955 5288 ὀρθοδοξίαν
989 5218 1100 5272 τῶν
1142 5217 1578 5287 προστεθέντων,
1608 5218 1641 5287 ἢ
1675 5198 2124 5290 ἀφαιρησάντων,
2156 5216 2258 5285 τῆς
2288 5198 2550 5283 τοιαύτης
2580 5213 2815 5277 πίστεως
2848 5213 3184 5284 ἐπιστροφὴν
3234 5211 3639 5264 ύπαινίττεταιο

389 5304 596 5377 θατέρα
637 5307 696 5359 δὲ
727 5306 837 5359 τῶν
862 5305 1106 5359 εὐσεϐῶν
1139 5306 1609 5374 ἁμαρτησάντων,
1647 5305 1747 5375 τὴν
1777 5308 1859 5368 είς
1889 5306 2067 5376 ἀληθῆ
2101 5306 2391 5374 μετάνοιαν
2430 5304 2769 5373 ἐπιστροφὴν
2814 5303 3203 5372 ὑποσημαίνει.
3235 5300 3397 5352 Ὅθεν
3449 5297 3638 5368 φησιν,

393 5408 416 5446 ε
464 5392 819 5463 ’Δνάγγειλον
845 5392 924 5463 τῷ
955 5393 1071 5463 λαῷ
1107 5409 1211 5461 μου
1254 5393 1322 5446 τά
1365 5395 1750 5463 ἁμαρτήματα
1776 5396 1976 5450 αὐτῶν.
2013 5412 2032 5445 ι
2077 5394 2348 5462 Ἀργυραί
2375 5392 2454 5455 δὲ,
2484 5393 2567 5444 ὅτι
2598 5392 2646 5443 οί
2697 5390 2796 5455 τῆς
2822 5389 3079 5456 τοιαύτης
3112 5386 3459 5449 διδασκαλίας
3488 5387 3639 5456 λόγοι

385 5477 843 5557 δεδοκιμασμένοι
871 5478 1033 5541 εἰσὶν,
1061 5477 1139 5541 ὡς
1165 5478 1433 5548 ἀργύριον
1467 5480 1869 5547 πεπυρωμένον
1899 5482 1991 5533 καὶ
2029 5479 2519 5548 δεδοκιμασμένον.
2563 5476 2781 5530 Ἑλαταὶ
2812 5475 2887 5539 δὲ,
2920 5476 3002 5528 δτι
3035 5474 3325 5527 ἐλαύνουσι
3359 5476 3481 5538 τοὺς
3517 5491 3641 5529 πει-

388 5566 652 5636 θομένους
679 5566 790 5620 ἀπὸ
814 5566 927 5619 τῶν
957 5565 1315 5634 προσκαίρων
1349 5566 1429 5626 είς
1460 5568 1529 5619 τὰ
1553 5564 1770 5620 αἰώνια.
1811 5568 1920 5620 Καὶ
1946 5569 1976 5622 ὃ
2016 5584 2069 5619 τι
2099 5583 2182 5619 σοι
2215 5567 2363 5620 δοκεῖ
2392 5566 2492 5633 τῆς
2549 5563 2733 5633 φωνῆς
2773 5561 3133 5632 πρόσκαιρον,
3164 5563 3282 5616 ἐκεῖ
3304 5563 3386 5616 δεῖ
3414 5563 3639 5631 ἀνάγειν

384 5657 446 5708 ὲν
482 5656 598 5717 τοῖς
625 5652 976 5725 ἐπουρανίοις
1010 5652 1281 5720 δηλονόνι.
1307 5649 1457 5723 Δῦτη
1498 5654 1530 5720 ή
1566 5654 1721 5723 φωνὴ
1757 5653 1864 5706 τῶν
1895 5656 2232 5723 σαλπίγγων,
2266 5656 2361 5708 καὶ
2389 5654 2560 5707 ταῦτα
2592 5652 2660 5705 τὰ
2685 5650 2916 5722 ὄργανα,
2941 5647 3024 5716 οἷς
3057 5653 3260 5723 χρῆται
3285 5654 3313 5705 ὁ
3342 5650 3551 5721 Κύριος
3577 5652 3638 5705 ὲν

388 5744 454 5813 τῇ
484 5741 811 5813 Ἐκκλησία,
834 5744 931 5795 καί
956 5740 1201 5794 διδάσκει
1236 5740 1324 5793 ἀεὶ
1356 5739 1447 5794 διὰ
1477 5740 1589 5795 τῶν
1616 5741 1973 5810 διδασκάλων,
2007 5745 2103 5797 καὶ
2134 5745 2260 5812 ύψοῖ
2290 5744 2389 5810 τὴν
2424 5739 2608 5811 φωνὴν
2654 5738 2832 5793 αὐτῶν
2861 5741 2919 5792 ὲν
2981 5738 3148 5810 ίσχύῖ,
3193 5741 3287 5794 καὶ
3344 5737 3640 5804 σάλπιγξιν

390 5832 726 5901 ἀνακαλέσαι
757 5831 860 5901 τὴν
904 5829 1232 5900 συναγωγήν
1259 5845 1271 5859 ·
1306 5828 1374 5902 ην
1427 5831 1853 5903 περιεποιήσατο
1885 5832 1960 5905 τῷ
1990 5834 2157 5907 τιμίῳ
2188 5830 2352 5886 αὑτοῦ
2390 5830 2607 5901 αἵματι,
2633 5828 2728 5882 καὶ
2762 5828 2955 5901 ὲξὶραι
2979 5829 3075 5893 τὰς
3105 5824 3479 5900 παρεμϐολὰς,
3538 5825 3638 5887 τὰς
