4050 6266
374 312 448 374 35

1224 299 1603 360 SYMEONIS
1640 297 2395 358 THESSALONICENSIS
2433 299 2775 361 ARCHIEP.

3555 311 3623 373 136

384 422 600 477 facilior
632 419 734 474 erit
763 426 814 472 ct
844 415 1051 481 utilior,
1086 425 1139 468 ct
1169 415 1234 468 ab
1263 427 1330 467 eo
1362 411 1489 480 quid
1519 410 1816 472 commodi,
1843 409 1953 466 Deo

2068 428 2118 465 τε
2146 411 2274 482 ὑμῖν
2306 410 2398 463 καὶ
2424 413 2537 468 τοῖς
2576 411 2761 473 ἄλλοις
2793 408 3037 478 ἀδελφοῖς
3067 412 3098 462 ὁ
3125 411 3281 482 λόγος
3309 414 3494 488 ἂνίεῐη
3529 420 3626 472 καὶ

377 515 616 578 volente,
657 511 884 566 forsitan
924 507 1252 578 percipiatis.

975 685 1334 745 CLERICUS.

425 788 608 844 .Sicut
632 786 741 854 jam
777 783 948 853 prius,
977 782 1200 836 Domine
1235 792 1449 852 sancte,
1483 786 1550 839 de
1579 780 1955 854 spiritualibus

379 879 683 945 divinisque
715 877 880 929 rebus
917 884 988 938 te,
1025 884 1083 928 ut
1112 884 1360 928 nostrum
1386 876 1438 928 in
1470 873 1674 944 Spiritu
1737 873 1952 927 Patrem

380 970 854 1036 inlerrogavimus,
891 967 960 1020 ila
990 977 1042 1020 et
1070 981 1211 1020 nunc
1245 968 1313 1020 ail
1367 968 1513 1021 hunc
1569 969 1729 1020 ﬁnem
1786 965 1956 1020 conﬁo

377 1063 566 1118 denter
593 1059 925 1114 accedimus.
951 1057 1088 1123 Quia
1121 1073 1250 1125 ergo
1301 1058 1352 1110 in
1420 1058 1685 1111 charitate
1748 1054 1953 1115 Christi

379 1169 660 1208 sermones
693 1161 908 1205 nostros
941 1151 1121 1204 animo
1150 1161 1375 1218 paterno
1405 1151 1627 1220 accipis,
1658 1164 1784 1204 ecce
1811 1163 1956 1201 nunc

379 1262 596 1315 quoque
644 1244 969 1297 lltlllt‘lalllel'
1001 1244 1075 1294 "in
1119 1241 1335 1295 Christo
1382 1243 1804 1312 interrogamus.
1845 1239 1955 1294 Nos

378 1337 594 1404 quidem
647 1334 940 1388 Christiani
995 1343 1140 1386 recte
1188 1335 1466 1401 credimus
1523 1335 1576 1387 iu
1633 1332 1800 1387 Deum
1853 1329 1956 1383 Pa—

380 1438 513 1481 trem
545 1437 597 1479 et
625 1425 816 1478 Filium
854 1437 905 1479 et
928 1426 1183 1492 Spiritum
1203 1436 1450 1478 sanctum
1475 1441 1491 1492 3
1516 1437 1758 1477 sanctam
1779 1421 1957 1476 Trini-

381 1524 543 1568 tatem
581 1517 942 1583 praedicamus
993 1517 1292 1566 secundum
1366 1513 1677 1581 Scripturas
1736 1515 1788 1566 in
1851 1529 1955 1566 una

378 1610 614 1662 essentia
644 1615 695 1659 et
727 1607 945 1668 deitate,
991 1622 1200 1659 necnon
1242 1607 1465 1671 Christi,
1496 1609 1655 1660 unius
1673 1605 1956 1660 Trinitatis

381 1712 644 1766 persona).
678 1695 768 1748 Dei
796 1696 974 1754 Verbi.
1014 1711 1077 1748 ex
1145 1694 1358 1762 thgine
1416 1696 1468 1746 in
1515 1693 1714 1762 Spiritu
1769 1703 1958 1746 saneto

2057 503 2523 572 λυσιτελέστερος,
2541 504 2606 555 ἐκ
2637 501 2828 554 τούτου
2857 489 3073 565 τείσως
3104 502 3434 573 βουλομένου
3463 505 3624 575 Θεοῦ,

2057 599 2149 650 καί
2182 615 2234 650 τι
2269 597 2553 666 ἑπωφελὲς
2588 597 3051 668 προσγενήσεται.

2655 691 3036 747 ΚΛΗΡΙΚΟΣ.

2142 785 2335 854 Ἡμεῖς
2360 782 2732 854 θαρρούντως,
2768 783 2890 852 ἆγιε
2922 784 3188 850 Δέσποτα,
3227 785 3356 856 περὶ
3385 784 3463 840 ῶν
3499 787 3628 858 ἐζη-

2057 878 2306 945 τήσαμεν
2339 873 2729 942 πνευματικῶν
2755 892 2812 927 τε
2845 875 2943 927 καὶ
2968 874 3151 938 θείων,
3194 875 3292 938 τὰς
3322 877 3624 946 ἐρωτήσεις

2058 965 2436 1035 ἐποιησάμεθα
2499 966 2576 1028 ὠς
2629 965 2766 1035 πρὸς
2809 964 3022 1036 πατέρα
3045 965 3206 1035 ἡμῶν
3237 967 3293 1018 ὲν
3324 967 3623 1035 Πνεύματι,

2058 1059 2153 1110 καὶ
2188 1058 2323 1126 πρὸς
2371 1057 2530 1108 τοῦτο
2582 1057 2677 1109 νῦν
2709 1058 2784 1118 ὼς
2817 1058 2908 1109 καὶ
2953 1058 3144 1112 ἄλλοτε
3201 1059 3433 1130 ἥκομεν.
3475 1061 3628 1112 Ἐπεὶ

2057 1148 2148 1200 οῦν
2184 1151 2240 1200 ὲν
2273 1149 2465 1219 ἀγάπῃ
2515 1147 2756 1217 Χριστοῦ
2787 1150 2912 1212 τοὺς
2941 1150 3132 1217 λόγους
3161 1150 3320 1221 ἡμῶν
3350 1152 3478 1222 δέχῃ
3525 1169 3626 1204 πα-

2057 1242 2281 1311 τρικῶς,
2318 1245 2375 1294 ἐν
2415 1243 2636 1312 Χριστῷ
2699 1243 2996 1312 προθύμως
3041 1247 3135 1296 καὶ
3169 1246 3323 1298 αὐτοὶ
3349 1248 3450 1308 τὰς
3490 1248 3626 1316 ἐρω-

2057 1336 2244 1400 τήσεις
2267 1335 2376 1387 ίδοὺ
2400 1336 2725 1404 ποιούμεθα.
2762 1337 2947 1406 Ἡμῶν
2977 1337 3076 1405 μὲν
3095 1339 3176 1398 είς
3193 1337 3324 1388 Θεὸν
3344 1341 3629 1390 πιστευόν-

2057 1445 2165 1479 των
2200 1427 2377 1498 ὀρθῶς
2413 1428 2522 1479 τῶν
2573 1428 2930 1495 χριστιανῶν,
2963 1429 3055 1481 καὶ
3093 1428 3334 1498 Πατέρα,
3373 1430 3501 1482 Υίδν
3533 1431 3628 1484 καὶ

2061 1519 2221 1585 ἆγιον
2254 1520 2498 1590 Πνεῦμα,
2529 1520 2627 1589 τὴν
2662 1521 2826 1586 ἁγίαν
2853 1518 3059 1590 Τριάδα
3086 1523 3230 1574 κατὰ
3271 1523 3370 1584 τὰς
3406 1522 3630 1592 Γραφὰς

2060 1613 2449 1679 κηρυσσόντων
2475 1613 2532 1663 ὲν
2565 1613 2664 1682 μιᾷ
2709 1611 2867 1682 οὐσίᾳ
2887 1628 2945 1664 τε
2984 1613 3078 1664 καὶ
3109 1612 3350 1682 θεότητι,
3386 1613 3480 1665 τοῦ
3511 1615 3629 1675 ἑνός

2061 1719 2122 1754 τε
2174 1705 2275 1772 τῆς
2331 1703 2561 1771 Τριάδος
2594 1703 2832 1773 Χριστοῦ
2885 1704 2978 1758 τοῦ
3010 1703 3144 1758 Θεοῦ
3183 1706 3382 1774 Λόγου,
3415 1706 3516 1777 τὴν
3564 1707 3628 1759 ὲκ

380 1791 836 1852 iuearnationetn,
869 1795 922 1840 et
954 1789 1234 1839 veritatem
1271 1801 1334 1836 ex
1369 1787 1547 1836 anima
1596 1784 1952 1848 conﬁtentur;

2068 1769 2340 1858 Παρθένου
2380 1769 2447 1841 -ὲν
2500 1769 2661 1860 ἁγίῳ-
2695 1792 2973 1861 Πνεῦματι
3030 1769 3332 1862 σάρκωσιν,
3369 1769 3484 1849 καί
3527 1796 3628 1866 τὴν

380 1883 471 1934 sed
506 1896 629 1934 cum
657 1882 837 1932 multa:
865 1878 973 1931 sint
1019 1878 1307 1944 Opiniones
1361 1886 1467 1928 tam
1528 1885 1738 1929 veteres
1787 1890 1952 1944 quam

383 1982 653 2036 recentes,
681 1988 800 2040 qua:
829 1986 965 2023 verae
1003 1973 1126 2023 huic
1166 1968 1286 2021 ﬁdei
1337 1978 1538 2021 nostra:
1576 1969 1953 2030 adversentur.

377 2069 650 2140 quomodo
676 2068 758 2121 vel
787 2065 1028 2119 iulideles
1057 2062 1499 2132 persuadebimus
1525 2062 1602 2113 vel
1629 2060 1956 2113 inﬁrmiores

381 2160 829 2214 conﬁrmabimus
891 2156 973 2209 vel
1034 2159 1245 2224 singula
1283 2154 1731 2222 intermgantium
1791 2151 1954 2204 dubia

379 2255 654 2306 solvemus
681 2289 696 2312 ,
726 2265 849 2303 cum
890 2248 1001 2315 jam
1031 2255 1085 2298 ut
1125 2246 1414 2298 reddamus
1464 2245 1726 2296 rationem
1777 2241 1846 2295 de
1892 2256 1953 2293 ea

380 2359 500 2413 qua:
529 2349 614 2396 est
639 2341 694 2394 in
725 2337 884 2392 nobis
915 2353 1010 2408 spe
1039 2339 1214 2392 edocti
1250 2336 1556 2389 fuerimus?

457 2519 723 2586 Pontifex.
761 2517 1019 2573 Veritatis
1049 2514 1590 2586 pradicatinJraler,
1641 2523 1692 2565 et
1742 2511 1955 2582 pietatis

382 2611 678 2671 confessio,
716 2617 843 2664 ante
875 2609 1060 2662 omnia
1092 2607 1248 2662 nobis
1279 2617 1357 2661 εει
1375 2606 1700 2664 necessaria,
1725 2618 1958 2672 eamque

383 2718 566 2756 coram
599 2702 855 2755 omnibus
887 2700 1132 2753 conﬁteri
1164 2713 1388 2758 necesse
1417 2705 1522 2758 est,
1555 2696 1657 2750 hoc
1677 2705 1762 2754 est
1808 2695 1956 2750 enim

384 2798 564 2847 omnis
627 2792 902 2848 eredentis
960 2790 1396 2843 fundamentum.
1461 2788 1686 2854 Propter
1741 2786 1957 2840 confes~

389 2888 599 2940 sionem
639 2887 830 2939 beatus
852 2884 1051 2937 dicitur
1102 2880 1317 2943 Petrus,
1370 2881 1572 2948 Deique
1622 2880 1769 2948 regni
1815 2878 1958 2949 jani-

388 2991 470 3031 tor
500 2978 849 3032 constituitur
879 2991 894 3038 ;
932 2974 1130 3028 Paulus
1156 2989 1285 3028 vero
1317 2983 1501 3042 sperat
1528 2986 1786 3025 coronam
1833 2974 1958 3024 vita:

385 3072 653 3138 accipere,
686 3070 942 3138 quoniam
979 3067 1217 3121 servavit
1251 3077 1305 3120 et
1330 3065 1643 3134 praedicavit
1681 3065 1841 3118 ﬁdem
1868 3081 1882 3131 ;
1906 3071 1959 3118 ct

314 3206 328 3217 .
388 3174 535 3217 lotus
566 3172 879 3216 sanctorum
901 3164 1126 3223 chorus,
1151 3161 1276 3229 quia
1300 3161 1372 3212 ita
1394 3160 1518 3215 fecit
1541 3168 1594 3212 et
1614 3173 1835 3211 cursum
1869 3157 1962 3210 be-

393 3273 462 3310 ne
483 3255 882 3309 consummavit
906 3253 1256 3320 gloriticatur.
1278 3250 1510 3306 Necesse
1536 3260 1620 3304 est
1643 3251 1806 3303 etiam
1844 3264 1968 3319 pro-

386 3351 594 3403 ximum
631 3364 728 3417 pro
773 3361 931 3415 posse
961 3345 1249 3406 aediﬁcare,
1283 3344 1374 3398 sed
1405 3358 1744 3421 nequaquam
1781 3358 1967 3396 neces-

390 3443 595 3496 sarium
633 3451 715 3494 est
737 3455 950 3492 onmem
1008 3439 1276 3490 hominem
1307 3441 1652 3504 persuadere,
1690 3450 1809 3490 cum
1851 3448 1968 3487 om-

392 3552 490 3587 nes
541 3533 868 3601 persuadere
901 3530 1127 3584 minime
1170 3531 1240 3582 sit
1275 3529 1564 3598 possibile;
1597 3537 1859 3590 attamen,
1919 3527 1966 3581 si

393 3627 657 3696 quiteris,
687 3624 913 3679 dicenda
939 3625 1032 3676 tibi
1073 3615 1231 3676 erunt
1257 3625 1438 3674 omnia
1484 3637 1604 3688 qua:
1654 3621 1876 3688 poteris,
1922 3621 1966 3674 si

393 3721 610 3790 quidem
653 3733 832 3772 sermo
881 3717 947 3769 ad
995 3715 1410 3770 tediticationem
1453 3721 1682 3782 spectat.
1722 3713 1874 3777 Quod
1921 3713 1968 3765 si

391 3809 766 3872 :rdiﬁcaveris,
791 3809 992 3859 multus
1025 3806 1127 3858 erit
1158 3814 1395 3874 quaestus
1433 3803 1526 3855 tibi
1555 3802 1670 3854 etei
1701 3817 1860 3869 quem
1892 3800 1971 3852 lu-

395 3911 580 3956 cratus
600 3899 769 3952 fueris
793 3914 810 3964 ;
838 3899 881 3951 si
912 3912 1042 3949 vero
1073 3913 1178 3948 non
1203 3897 1580 3956 :ediﬁcaveris,
1630 3895 1762 3947 nihil
1810 3892 1971 3961 hujus

394 3995 567 4065 gratia
599 3994 705 4044 lleo
730 3991 954 4043 debebis
989 3991 1170 4056 :quod
1207 3999 1358 4040 tuum
1398 3997 1479 4039 est
1505 3987 1697 4040 fecisti.
1734 3986 1970 4039 Rursum

397 4087 494 4139 tibi
522 4084 822 4141 cavendum
859 4093 942 4137 est
975 4097 1040 4136 ne
1078 4082 1207 4151 quid
1265 4095 1428 4150 supra
1491 4081 1635 4134 vires
1677 4079 1849 4152 dicas,
1903 4094 1972 4132 ne

399 4183 560 4243 forte,
595 4179 722 4230 dum
757 4176 1253 4244 conarisjacentetn
1287 4178 1516 4242 erigere,
1550 4187 1672 4225 cum
1710 4187 1773 4225 eo
1793 4174 1974 4225 conci-

400 4269 498 4322 das
523 4284 540 4335 ;
567 4284 686 4322 nam
706 4271 1008 4322 secondum
1035 4267 1438 4320 divinissimum
1468 4265 1971 4330 Paulmn,omnium

398 4365 745 4416 confessione
791 4375 1046 4429 magnum
1103 4369 1186 4412 est
1240 4359 1456 4427 pietatis
1514 4359 1858 4426 mysterium,
1919 4366 1973 4408 et

2061 1881 2318 1949 ἀληθειαν
2366 1883 2427 1934 ἐκ
2471 1883 2521 1951 2
2558 1882 2740 1952 ψυχῆς
2792 1884 3307 1954 ἁνομολογούντων·
3347 1889 3516 1954 δοξῶν
3569 1891 3626 1942 δὲ

2059 1973 2238 2024 οὐσῶν
2277 1971 2492 2025 πολλῶν
2524 1973 2774 2026 παλαιῶν
2804 1991 2862 2026 τε
2917 1975 3012 2027 καὶ
3046 1975 3204 2038 νέων,
3239 1978 3501 2030 ἐναντίων
3533 1997 3628 2031 κα-

2061 2063 2240 2128 θάπαξ
2269 2067 2334 2133 τῇ
2371 2065 2600 2135 ἀληθινῇ
2629 2066 2802 2137 ταύτῃ
2834 2067 2996 2134 ήμῶν
3029 2067 3234 2132 πίστει,
3280 2068 3400 2131 πῶς
3438 2068 3471 2139 ἢ
3507 2071 3626 2122 πεί-

2061 2150 2244 2221 σωμεν
2277 2155 2406 2214 τοὺς
2439 2155 2725 2218 ἀπίστους,
2752 2156 2785 2224 ἢ
2819 2155 3260 2225 ἀσφαλισώμεθα
3307 2159 3434 2220 τοὺς
3465 2159 3627 2213 ἀσθε-

2058 2243 2370 2308 νεστέρους,
2397 2243 2430 2313 ἢ
2461 2243 2893 2314 θεραπεύσωμεν
2927 2247 3055 2307 τοὺς
3084 2247 3482 2316 διερωτῶντας,
3507 2251 3629 2301 ἐπεὶ

2060 2335 2152 2387 καὶ
2189 2334 2392 2388 διδόναι
2449 2335 2608 2400 λόγον
2669 2336 3028 2404 ἐδιδάχθημεν
3079 2336 3342 2408 περὶτῆς
3377 2338 3436 2389 ὲν
3489 2339 3623 2408 ἡμῖν

2059 2425 2271 2488 ἐλπίδος
2293 2443 2309 2491 ;

2143 2519 2501 2587 Ἀρχιερεύς.
2537 2518 2603 2572 Ἦ
2621 2523 2720 2589 τῆς
2741 2519 3002 2591 ἀληθείας
3019 2523 3197 2590 ἀνακή
3210 2524 3384 2592 ρυξις,
3407 2523 3624 2592 ἀδελφὲ,

2060 2610 2154 2662 καὶ
2185 2613 2283 2680 τῆς
2331 2611 2617 2674 εὐσεϐείας
2645 2612 2933 2680 ὁμολογία,
2986 2615 3264 2681 ἀναγκαία
3291 2618 3399 2684 πρὸ
3429 2617 3629 2680 παντὸς

2061 2705 2216 2773 ἡμῖν,
2243 2704 2338 2756 καὶ
2360 2704 2566 2774 ταύτην
2588 2704 2873 2773 ὁμολογεῖν
2896 2707 3126 2758 ἐνώπιον
3155 2707 3410 2760 ἁπάντων
3429 2709 3626 2778 χρεών.

2061 2795 2230 2847 Ὶόῦτο
2278 2796 2374 2848 καὶ
2416 2796 2526 2866 γὰρ
2562 2797 2754 2850 πιστοῦ
2800 2799 2999 2859 παντὸς
3053 2802 3080 2852 ό
3115 2800 3366 2868 θεμέλιος
3394 2815 3412 2834 ο
3443 2802 3513 2856 δι’
3559 2802 3628 2872 ἢν

2060 2886 2359 2952 ὁμολογίαν
2395 2885 2775 2955 μακαρίζεται
2821 2888 2917 2955 μὲν
2948 2889 3172 2957 Πέτρος,
3203 2890 3340 2942 Θεοῦ
3381 2909 3438 2942 τε
3473 2891 3628 2962 βασι-

2060 2979 2209 3041 λείας
2258 2979 2570 3047 κλειδοῦχος
2602 2979 2953 3041 καθίσταται,
2991 2981 3205 3044 Παῦλος
3258 2982 3316 3035 δὲ
3363 2983 3456 3036 τὸν
3503 2987 3630 3037 στέ-

2071 3087 2244 3138 φανον
2269 3069 2475 3134 ἐλπίζει
2503 3070 2690 3124 λαϐεῖν
2714 3073 2812 3141 τῆς
2844 3071 3010 3136 ζωῆς,
3034 3076 3279 3144 τηρήσας
3305 3077 3399 3127 καὶ
3449 3079 3626 3146 κῆρύ-

2069 3163 2162 3227 ξας
2186 3163 2284 3232 τὴν
2314 3165 2516 3216 πίστιν.
2548 3165 2655 3216 Καὶ
2672 3165 2778 3226 πᾶς
2800 3165 2854 3217 δὲ
2883 3167 2909 3217 ό
2933 3165 3042 3216 τῶν
3077 3165 3249 3233 ἁγίων
3272 3167 3452 3236 χορὸς,
3489 3167 3634 3221 οὕτω

2067 3257 2324 3324 ποιήσας,
2353 3255 2448 3307 καί⁵
2476 3255 2662 3317 καλῶς
2683 3255 2909 3318 τελέσας
2929 3255 3023 3308 τὸν
3047 3256 3270 3326 δρόμον,
3292 3257 3632 3323 δεδόξασται.

2065 3347 2258 3419 Χρεὼν
2312 3346 2370 3399 δὲ
2405 3347 2497 3398 καὶ
2521 3347 2612 3398 τὸν
2644 3345 2873 3416 πλησίον
2913 3348 3218 3416 οἰκοδομεῖν
3262 3349 3337 3412 ὼς
3358 3349 3588 3419 δύναμις
3617 3391 3632 3410 .

2065 3439 2165 3491 οὐκ
2228 3438 2446 3506 ἀνάγκη
2487 3437 2542 3490 δὲ
2572 3439 2752 3489 πάντα
2774 3437 3060 3506 ἄνθρωπον
3086 3440 3311 3504 πείθειν,
3348 3441 3467 3492 ἐπεὶ
3499 3442 3636 3510 μηδὲ

2067 3530 2279 3592 πάντας
2311 3531 2499 3582 πεῖσαι
2539 3529 2792 3584 δυνατόν.
2827 3529 3020 3598 Ὀμως
3053 3529 3273 3583 λεκτέον
3327 3533 3376 3584 εί
3409 3531 3638 3601 δύναμίς

2071 3639 2152 3675 σοι
2204 3624 2272 3674 τὰ
2323 3621 2466 3674 κατὰ
2505 3619 2762 3689 δύναμιν,
2825 3622 2873 3672 εί
2905 3621 3039 3690 πρὸς
3085 3621 3372 3692 οἰκοδομὴν
3411 3625 3440 3676 ὁ
3483 3623 3638 3692 λόγος

2072 3715 2197 3784 όρᾷο
2234 3716 2331 3768 καὶ
2383 3715 2432 3766 εί
2465 3713 2566 3775 μὲν
2595 3712 2989 3781 οἰκοδομήσεις,
3024 3713 3157 3765 πολὺ
3193 3716 3274 3766 σοί
3304 3731 3363 3766 τε
3413 3717 3507 3768 καὶ
3560 3715 3637 3786 τῷ

2071 3805 2410 3874 ὠφελημένῳ
2468 3805 2620 3873 παρὰ
2673 3803 2767 3856 σοῦ
2822 3803 2882 3854 τὸ
2912 3803 3136 3869 διρελος’
3174 3807 3222 3856 εί
3262 3797 3306 3857 δ⁸
3361 3802 3486 3869 οῦν,
3536 3807 3638 3860 οὐκ

2070 3897 2303 3964 ὀφείλεις
2333 3915 2387 3948 τι
2419 3897 2496 3966 τῷ
2542 3897 2662 3964 Θεῴ
2709 3897 2902 3949 τούτου
2953 3897 3112 3966 χάριν
3134 3911 3152 3930 θ
3185 3898 3246 3949 τὸ
3281 3899 3479 3952 σαυτοῦ
3533 3901 3642 3970 γὰρ

2071 3987 2384 4049 τετέλεκας.
2438 3986 2610 4038 Πάλιν
2641 3985 2696 4036 δὲ
2734 3988 2830 4037 καὶ
2857 3987 3018 4038 τοῦτό
3065 4003 3148 4038 σοι
3201 3986 3525 4056 φυλακτέον·
3565 3992 3641 4059 μὴ

2075 4080 2225 4148 παρὰ
2255 4080 2355 4149 τὴν
2387 4079 2618 4146 δύναμιν
2650 4079 2795 4145 λέγε,
2834 4078 3039 4146 μήποτ’
3073 4079 3371 4149 ἐπιχειρῶν
3403 4082 3496 4134 τὸν
3525 4083 3642 4134 κεί-

2078 4188 2239 4242 μενον
2275 4171 2523 4240 ἀνιστᾷν,
2568 4171 2996 4243 συγκαταπὲσῃς
3025 4171 3194 4241 αὐτῷ.
3231 4172 3386 4224 Κατὰ
3412 4173 3522 4242 γὰρ
3550 4174 3643 4227 τὸν

2077 4267 2353 4318 θειότατον
2379 4264 2612 4329 Παῦλον,
2651 4265 2796 4333 μέγα
2822 4265 3269 4335 ὁμολογουμένως
3304 4268 3422 4320 ἐστὶ
3455 4268 3516 4321 τὺ
3541 4268 3646 4338 τῆς

2077 4358 2362 4419 εὐσεϐείας
2415 4357 2722 4425 μυστήρισν
2749 4371 2763 4386 ⁸
2797 4358 2893 4410 καὶ
2937 4358 3044 4426 χρὴ
3082 4357 3200 4426 μετ’
3230 4359 3515 4420 εὐλαϐείας
3549 4363 3646 4413 κ.ὶ

399 4465 613 4524 oportet
641 4469 762 4508 cum
799 4455 1081 4523 prudentia
1113 4461 1167 4506 et
1227 4467 1390 4521 quam
1452 4454 1686 4503 maxima
1732 4453 1970 4504 circum-

2079 4449 2356 4516 προσοχῆς
2383 4448 2464 4498 ὅτι
2496 4445 2758 4516 πλείστης
2787 4445 2879 4498 τὸν
2901 4446 3286 4515 διαλεγόμενον
3319 4450 3448 4518 περὶ⁸
3475 4449 3648 4518 αὐτῆς

338 4600 344 4609 ,
400 4563 494 4614 spe
532 4549 677 4598 tione
709 4547 1162 4599 sermot-iuantem
1191 4542 1257 4596 de
1279 4558 1342 4596 ea
1378 4541 1640 4609 colloqui,
1670 4541 1847 4608 ipsum
1879 4557 1974 4593 au-

401 4651 506 4693 tem
542 4641 824 4708 probatum
859 4653 980 4692 esse
1007 4646 1061 4690 et
1087 4635 1329 4690 doctoris
1371 4635 1598 4704 gratiam
1654 4635 1973 4699 accepisse;

404 4733 617 4798 nequis
649 4730 715 4782 de
751 4729 833 4782 his
884 4743 1004 4796 qua:
1046 4729 1222 4781 nescit
1271 4726 1628 4787 contendens,
1660 4723 1712 4776 in
1755 4718 1978 4792 laqueus

404 4823 773 4890 blasphemia,
805 4828 898 4871 aut
926 4820 977 4871 in
1023 4821 1158 4871 retia
1191 4818 1573 4880 dubitationis,
1606 4827 1698 4870 aut
1736 4817 1790 4870 in
1847 4818 1975 4884 dog-

407 4921 549 4964 mata
623 4910 918 4977 impietatis
967 4924 1034 4962 εχ
1081 4908 1427 4962 sermonibus
1479 4908 1796 4974 irreligiosis
1836 4907 1983 4960 deci-

404 5010 515 5061 dat.
551 5003 688 5058 Nam
721 5001 928 5056 scimus
977 4999 1180 5054 multos
1229 4999 1477 5053 inﬁrmos
1520 5010 1806 5068 propterea
1863 5016 1983 5054 cor-

406 5100 600 5152 ruisse.

476 5191 730 5247 Clericus.
779 5187 972 5242 Utrum
997 5186 1168 5241 tutius
1200 5193 1284 5239 est
1310 5185 1575 5242 disserere
1626 5201 1689 5241 ex
1726 5185 1980 5241 naturali-

408 5288 508 5342 bus
543 5284 961 5354 cOgitationihus
989 5297 1057 5336 an
1091 5295 1122 5336 e
1156 5279 1373 5348 scriptis
1402 5279 1726 5334 tesﬁuioniis
1755 5281 1778 5333 ?

477 5377 750 5448 Pontifex.
808 5377 850 5430 Ε
904 5375 1121 5446 scriptis
1171 5372 1503 5429 testimoniis
1542 5374 1652 5438 ;ita
1711 5374 1855 5428 cnim
1915 5371 1990 5425 ait

410 5472 714 5527 Dominus:
753 5489 771 5522 (
802 5469 1136 5523 Sci-utamini
1167 5469 1502 5536 Scripturas,
1562 5465 1690 5534 quia
1744 5479 1841 5518 vos
1894 5479 1990 5532 pu-

408 5565 535 5617 tatis
560 5564 616 5617 in
649 5562 780 5631 ipsis
807 5562 970 5616 vitam
1027 5573 1284 5616 aeternam
1333 5559 1519 5614 haberi
1556 5575 1572 5620 ;
1603 5565 1658 5612 et
1712 5559 1814 5611 illa:
1864 5566 1994 5611 sunt

407 5670 530 5725 qua:
572 5653 940 5710 testimonium
970 5654 1260 5722 perhibent
1289 5652 1356 5706 de
1382 5666 1488 5706 me.
1528 5669 1547 5701 ι
1584 5648 1796 5703 Poteris
1827 5650 1990 5702 etiam

407 5756 669 5820 praeterea
694 5762 761 5801 ex
802 5745 1188 5802 communibus
1227 5742 1650 5815 cogitationibus
1703 5749 1757 5796 et
1808 5754 1994 5796 exem-

2077 4538 2424 4604 διαλέγεσθαι
2453 4554 2466 4568 ’
2512 4535 2705 4590 τοῦτον
2748 4537 2804 4588 δὲ
2835 4537 3299 4608 δεδοκιμασμένον
3357 4537 3522 4603 εἶναι,
3557 4544 3651 4594 καὶ

2078 4629 2459 4702 διδασκαλικοῦ
2513 4630 2853 4699 τετυχηκότα
2885 4629 3227 4700 χαρίσματος
3254 4648 3268 4661 ·
3313 4633 3400 4686 ἵνα
3449 4636 3524 4704 μή
3565 4652 3650 4696 τις

2081 4723 2211 4790 περὶ
2246 4713 2320 4775 ὦν
2354 4720 2453 4772 οὐκ
2483 4718 2622 4773 οἶδεν
2651 4723 2870 4791 ἐρίζων,
2923 4723 2956 4792 ἦ
3007 4725 3122 4786 τοῖς
3175 4723 3272 4793 τῆς
3301 4724 3650 4795 βλασφημίας

2080 4813 2341 4874 δικτύοις,
2375 4813 2406 4881 ἢ
2443 4813 2653 4880 πάγαις
2678 4814 2968 4883 διχονοίας,
2998 4815 3030 4884 ἢ
3060 4816 3296 4885 δόγμασι
3335 4816 3653 4882 δυσσεϐείας

2084 4909 2148 4959 ἐκ
2202 4907 2315 4957 τῶν
2358 4907 2454 4975 τῆς
2488 4905 2743 4969 ἀσεϐείας
2778 4907 3054 4977 περιπέσῃ
3101 4908 3386 4977 ῥημάτων.
3420 4909 3655 4979 Οίδαμεν

2083 4997 2192 5065 γὰρ
2216 4999 2279 5049 ἐκ
2305 4997 2494 5049 τοῦτον
2521 4995 2983 5066 παραϐλαϐέντας
3011 4998 3120 5049 τῶν
3146 5000 3498 5068 ἁστηρίκεων
3529 5002 3650 5053 πολς

2089 5105 2232 5150 λους.

2158 5191 2475 5256 Κληρικός.
2517 5190 2625 5242 Καὶ
2654 5190 2818 5242 πόθεν
2850 5185 3261 5261 ἀσφαλέστερον
3291 5191 3656 5260 διαλέγεσθαι,

2090 5282 2154 5333 ἐκ
2181 5283 2425 5350 φυσικῶν
2457 5282 2698 5347 ἐννοιῶν,
2729 5282 2762 5352 ἢ
2799 5282 3082 5352 γραφικῶν
3125 5282 3485 5353 μαρτυριῶν;

2174 5375 2532 5442 Ἀρχιερεύς.
2575 5375 2708 5427 Ἀπὸ
2733 5375 2844 5426 τῶν
2871 5375 3040 5441 ἁγίων
3094 5376 3350 5446 Γραφῶν.
3371 5375 3528 5427 υῦτω
3555 5374 3664 5444 γάρ

2095 5480 2228 5534 φησι
2266 5467 2362 5516 καὶ
2401 5465 2430 5515 ὁ
2464 5465 2690 5534 Κύριος·
2738 5484 2756 5517 ι
2808 5466 3100 5536 Ἐρευνᾶτε
3149 5469 3244 5531 τὰς
3301 5468 3548 5537 Γραφὰς,
3583 5468 3665 5519 ὅτι

2095 5557 2154 5609 ὲν
2211 5556 2397 5616 αὐταῖς
2429 5555 2639 5606 δοκεῖτε
2671 5555 2817 5625 ζωὴν
2875 5557 3094 5610 αἰώνιον
3128 5557 3273 5627 ἔχειν
3297 5574 3312 5589 ·
3367 5561 3462 5610 καὶ
3504 5553 3666 5609 αὗταί

2097 5649 2236 5698 εἰσιν
2275 5649 2330 5699 at
2367 5648 2746 5716 μαρτυροῦσαι
2779 5651 2910 5719 περὶ
2940 5650 3096 5718 ἐμοῦ.
3128 5667 3146 5700 ι
3191 5651 3346 5702 Ἔστι
3371 5649 3415 5701 δ’
3447 5652 3535 5700 ὅτε
3573 5649 3666 5700 καὶ

2098 5737 2205 5792 ἀπὸ
2233 5739 2428 5791 κοινῶν
2451 5738 2670 5790 ἐννοιῶν
2693 5743 2789 5793 καὶ
2813 5743 3297 5812 παραδειγμάτων.
3319 5739 3462 5809 Πλὴν
3479 5741 3666 5793 ἐκεῖνα

3494 5897 3520 5915 λ
