4076 6268
373 275 443 340 37
1421 273 1807 335 DIALOGUS
1843 271 2145 332 CONTRA
2186 270 2578 332 ILERESES.
3566 263 3639 329 38

373 389 615 456 λεκτέον,
643 389 851 458 ὅσαπερ
883 389 939 441 ἑν
981 389 1391 459 παραδείγμασι
1444 389 1553 439 τῶν
1584 389 1758 454 ἁγίων
1787 386 1944 438 πλεῖ-

2053 385 2151 453 piis
2185 385 2475 445 disserere.
2503 383 2684 452 qualia
2713 382 2896 451 plures
2921 381 3248 435 invenerunt
3278 379 3332 431 in
3369 381 3637 448 exemplis
3694 370 3709 384 ’

376 498 491 535 στοι
523 484 802 552 εἰρήκασι,
839 483 934 534 καὶ
993 482 1092 534 ὅσα
1152 483 1212 533 οὐ
1273 481 1410 552 πρὸς
1462 480 1781 532 ἐναντίωσιν
1837 478 1950 532 τῶν

375 575 547 642 ἁγίων
583 575 817 642 Γραφῶν
874 574 1009 643 ὁρᾷο
1069 575 1166 627 καὶ
1197 573 1372 626 ταῦτα
1425 571 1500 635 ὡς
1547 573 1604 623 ἐν
1656 571 1948 640 παρέργῳ.

374 667 449 719 Οὐ
475 668 583 734 γὰρ
620 665 724 732 ἔξω
753 666 861 718 τῶν
897 665 1057 718 θείων
1091 665 1324 734 Γραφῶν
1353 663 1492 726 ὅλως
1533 662 1618 716 δεῖ
1649 663 1874 731 χωρεῖν,
1914 659 1946 730 ἢ

378 776 616 829 φρονειν.

971 915 1016 968 Κ
1027 913 1220 966 ΕΦΛΛ.
1271 913 1352 965 A'.

631 1050 791 1104 Κατὰ
815 1050 1026 1113 ἀθέων,
1055 1048 1154 1104 καί
1191 1049 1282 1103 ὅτι
1310 1048 1445 1101 ἔστι
1474 1047 1641 1113 Θεός.

455 1181 776 1247 Κληρικός.
821 1181 1066 1250 Ἐπειδὴ,
1105 1182 1305 1251 πάτερ,
1357 1182 1629 1252 διάφοροι,
1662 1181 1736 1243 ὡς
1763 1181 1948 1251 προεί-

381 1291 546 1342 ρηκα,
579 1271 724 1337 δόξαι
767 1273 984 1336 πολλοῖς
1019 1273 1126 1325 τῶν
1168 1272 1399 1326 ἐθνικῶν
1458 1275 1588 1342 περὶ
1645 1273 1738 1324 τοῦ
1796 1273 1942 1326 θείου

378 1366 508 1424 εἰσὶ,
540 1365 637 1417 καὶ
671 1365 720 1416 oi
759 1364 861 1435 μὲν
890 1365 1104 1417 πολλῶν
1162 1365 1300 1419 θεῶν
1335 1364 1495 1436 ἔσχον
1532 1364 1764 1433 πλάνην,
1809 1367 1859 1418 οἱ
1893 1368 1950 1419 δὲ

377 1458 511 1510 Θεὸν
566 1460 663 1527 μὲν
690 1459 789 1528 »ἕνα
840 1459 1002 1528 δῆθεν
1043 1459 1386 1524 δοξάζουσιν,
1421 1459 1482 1511 οὐ
1514 1460 1948 1530 τρισυττόστατον

376 1549 452 1613 δὲ,
489 1549 608 1602 οὐδὲ
636 1549 745 1618 γὰρ
771 1549 1097 1618 ὁμολογοῦσι
1131 1551 1224 1604 τὸν
1255 1550 1350 1602 τοῦ
1386 1549 1523 1601 Θεοῦ
1556 1549 1730 1616 Λόγον
1765 1549 1857 1602 καὶ
1888 1547 1949 1599 τὸ

377 1639 603 1708 Πνεῦμα
654 1643 712 1691 τὸ
745 1639 922 1708 ἅγιον,
959 1642 1006 1692 οἱ
1040 1640 1097 1693 δὲ
1132 1643 1226 1693 καὶ
1258 1641 1331 1710 μὴ
1380 1635 1520 1691 εἶναι
1579 1639 1710 1691 Θεὸν
1751 1637 1947 1691 ἀσεϐέ-

2057 485 2539 544 sanctorum,qu:c
2565 473 2867 544 Scripturis
2903 473 3077 527 sacris
3140 486 3484 541 nequaquam
3543 474 3639 523 ad-

2056 576 2365 631 versantur;
2389 569 2500 622 hzee
2518 576 2698 622 autem
2721 566 2880 636 quasi
2904 581 2998 632 per
3013 566 3456 634 consequentiam
3481 578 3641 616 acre-

2055 661 2213 719 dunt.
2242 676 2350 713 non
2385 660 2528 714 enim
2565 668 2717 714 extra
2755 659 2970 713 divinas
3039 657 3356 727 Scripturas
3409 672 3637 725 prorsus

2053 759 2270 820 oportet
2302 751 2598 822 procedere
2629 752 2713 806 vel
2762 752 3027 819 cogitare.

2666 910 2893 965 CAPUT
2935 911 2976 964 1.

2381 1047 2581 1104 Contra
2611 1052 2816 1113 athcos.
2847 1052 2987 1120 quod
3019 1062 3092 1104 est
3128 1051 3291 1106 Deus.

2124 1183 2384 1239 Clericus.
2422 1185 2715 1252 Quoniam,
2769 1185 2951 1250 Pater,
2999 1187 3142 1240 sicut
3191 1185 3438 1254 praedixi,
3479 1183 3642 1237 varie

2054 1285 2177 1330 sunt
2205 1276 2452 1345 plurimis
2492 1291 2556 1329 ex
2589 1277 2882 1346 gentilibus
2909 1280 2970 1330 de
3003 1278 3224 1330 numine
3250 1276 3556 1344 opiniones,
3587 1285 3642 1328 et

2052 1367 2141 1421 alii
2161 1369 2376 1434 quidem
2404 1369 2637 1437 plurium
2660 1370 2886 1422 deorum
2905 1385 3144 1423 errorem
3172 1379 3521 1438 sequuntur;
3550 1369 3638 1420 alii

2053 1474 2183 1513 vero
2212 1459 2376 1513 Deum
2398 1462 2614 1530 quidem
2639 1478 2802 1514 unum
2829 1463 3080 1525 credunt,
3115 1463 3205 1514 sed
3236 1478 3344 1514 non
3380 1463 3430 1512 in
3465 1460 3639 1513 tribus

2053 1552 2325 1622 personis,
2385 1569 2485 1607 nec
2516 1553 2846 1608 conﬁtentur
2869 1555 2960 1608 Dei
2995 1553 3228 1608 Verbum
3269 1563 3322 1607 et
3377 1553 3639 1622 Spiritum

2053 1653 2298 1697 sanetum
2333 1660 2348 1711 ;
2381 1643 2474 1696 alii
2498 1653 2677 1697 autem
2711 1645 2876 1698 Deum
2915 1660 3020 1698 non
3052 1643 3356 1711 esseimpio
3380 1660 3515 1698 ausu
3563 1645 3644 1698 di-

379 1735 589 1794 στὰτως
615 1734 894 1803 εἰρήκασι,
917 1731 1022 1784 τίνι
1051 1731 1237 1801 τρόπῳ
1265 1731 1398 1800 πρὸς
1426 1730 1526 1798 τὴν
1557 1730 1732 1798 ἁληθῆ
1760 1729 1944 1781 πίστιν

2053 1742 2266 1796 xerunt,
2330 1746 2566 1801 quonam
2619 1734 2782 1789 modo
2819 1750 2913 1788 eos
2949 1737 3014 1789 ad
3054 1749 3232 1788 veram
3282 1733 3437 1786 ﬁdem
3471 1743 3643 1787 attra-

376 1823 765 1892 ὲιρελκύσωμεν
816 1823 1035 1886 τούτους
1061 1839 1076 1888 ;

460 1918 811 1986 Ἀρχιερεύς.
848 1917 1073 1987 Πρῶτον
1106 1916 1203 1987 μὲν
1248 1915 1489 1980 ἐντεύξει
1523 1919 1589 1985 τῇ
1623 1914 1756 1985 πρὸς
1792 1914 1947 1980 Θεὸν,

382 2007 576 2062 ἔπειτα
619 2010 676 2061 δὲ
706 2009 1037 2062 ταπεινώσει
1079 2010 1174 2061 καὶ
1226 2007 1410 2078 ἔργοις
1442 2007 1666 2077 ἀγάπης
1700 2024 1951 2077 πνευμα-

377 2103 568 2171 τικῆς,
609 2101 883 2172 ἀμέμπτῳ
932 2119 992 2154 τε
1046 2101 1146 2172 βίῳ
1200 2099 1567 2171 μαρτυροῦντι
1615 2103 1714 2169 τὴν
1769 2101 1952 2153 πίστιν

381 2195 453 2258 ὠς
480 2197 572 2248 καὶ
607 2196 656 2248 οἱ
687 2197 979 2249 ἀπόστολοι
1012 2191 1264 2256 ἐδίδαξαν
1310 2210 1369 2246 τε
1405 2193 1500 2246 καὶ
1535 2193 1744 2256 ἔδειξαν
1773 2209 1788 2223 ·
1817 2195 1951 2246 ἀπο-

382 2286 631 2338 στολικδν
661 2289 766 2356 γὰρ
797 2285 954 2338 τοῦτο
986 2286 1048 2337 τὸ
1073 2285 1232 2352 ἔργον
1257 2302 1271 2317 ·
1302 2287 1396 2337 καὶ
1428 2285 1740 2337 τελευταῖον
1763 2283 1948 2352 λόγοις

378 2376 747 2444 ἀφιλονείκοις
778 2378 890 2438 τοῖς
921 2375 1032 2430 ἀπὸ
1065 2376 1172 2426 τῶν
1205 2374 1366 2426 θείων
1393 2375 1654 2445 Γραφῶν.
1691 2375 1766 2427 Τὸ
1803 2376 1953 2443 φιλο-

378 2470 581 2529 νεικεῖν
607 2467 717 2536 γὰρ
744 2468 840 2520 καὶ
881 2466 1252 2537 διαμάχεσθαι
1279 2465 1379 2535 τῆς
1421 2465 1754 2535 Ἐκκλησίας
1797 2467 1950 2518 ἁλλό-

378 2576 552 2629 τριον.

947 2717 999 2788 3
1047 2717 1295 2769 ΚΕΦΑΛ.
1331 2714 1406 2766 B'.

386 2854 514 2907 "Ott
541 2854 672 2906 ἔστι
700 2852 862 2917 Θεὸς,
908 2850 1229 2928 ἀπόδειξις
1252 2847 1452 2916 πρώτη
1475 2847 1594 2904 ἀπὸ
1623 2849 1740 2904 τῶν
1767 2852 1954 2921 ἁγίων

1034 2937 1301 2989 Ἱραφων.

453 3040 769 3105 Κληρικός.
823 3040 930 3091 Kai.
965 3037 1131 3091 πόθεν
1190 3037 1280 3091 τὸν
1315 3037 1478 3092 ἄθεον
1527 3038 1806 3110 πείσωμεν
1864 3041 1948 3092 ὅτι

382 3129 498 3183 ἔστι
530 3129 692 3194 Θεός;

449 3223 806 3292 Ἀρχιερεύς.
845 3223 1067 3294 Πρῶτον
1097 3224 1220 3294 μὲν,
1247 3223 1321 3294 ὡς
1352 3224 1682 3293 εἰρήκαμεν,
1711 3224 1820 3276 ἀπὸ
1839 3221 1947 3276 τῶν

375 3314 545 3382 ἁγίων
575 3315 612 3366 Γ
620 3315 829 3384 ραφῶν,
874 3315 966 3368 τὸν
999 3315 1134 3366 Θεὸν
1168 3313 1547 3384 ὁμολογουσῶν
1575 3313 1663 3366 διὰ
1693 3314 1938 3380 πάντων,

383 3410 583 3479 μᾶλλον
614 3409 669 3461 δὲ
698 3409 879 3460 αἰτίαν
932 3405 1176 3477 ἐχουσῶν
1228 3409 1318 3458 τὸν
1348 3405 1502 3471 Θεὸν,
1560 3407 1656 3459 καὶ
1712 3408 1945 3477 ποιητὴν

371 3503 482 3556 ’τῶν
505 3503 641 3557 ὅλων
671 3501 834 3553 αὐτὸν
866 3498 1347 3567 καταγγελουσῶν,
1402 3500 1497 3551 καὶ
1526 3498 1611 3550 ἀεὶ
1645 3498 1772 3552 ὄντα
1806 3499 1947 3570 μετὰ

377 3593 470 3647 τοῦ
510 3593 682 3661 Λόγου
715 3590 881 3646 αὑτοῦ
913 3591 1120 3645 καὶτοῦ
1150 3588 1484 3661 Πνεῦματος.
1516 3591 1624 3643 Ka‘t
1655 3588 1764 3660 γὰρ
1791 3592 1820 3642 6
1847 3589 1946 3660 μὲν

379 3685 614 3754 Μωῦσῆς
666 3700 865 3754 φησιν’
910 3701 926 3734 t
971 3684 1061 3737 Ἐν
1101 3685 1242 3753 ἀρχῇ
1297 3682 1551 3752 ἐποίησεν
1594 3686 1620 3734 ὁ
1655 3683 1790 3744 Θεὸς
1851 3683 1944 3735 τὸν

380 3776 607 3847 οὐρανὸν
642 3777 736 3828 καὶ
770 3775 870 3844 τὴν
904 3777 1026 3844 γῆν.
1062 3775 1172 3826 Kal.
1207 3767 1362 3826 εἶπεν
1408 3775 1436 3826 6
1467 3775 1622 3836 Θεὸς,
1653 3773 1940 3844 Γενηθήτω

379 3869 512 3938 φῶς,
549 3869 644 3921 καὶ
676 3865 891 3934 ἐγένετο
921 3865 1056 3932 φῶς,
1089 3883 1108 3915 ι
1141 3864 1234 3917 καὶ
1267 3865 1332 3917 τὰ
1354 3863 1516 3916 λοιπὰ
1550 3865 1770 3932 ὁμοίως.
1809 3865 1941 3926 Καὶ,

383 3977 402 4010 t
455 3958 595 4022 Ἐγώ
621 3961 736 4027 εἰμι
759 3961 783 4009 6
807 3955 902 4010 ὥν.
946 3975 962 4006 ι
996 3958 1101 4009 Καὶ
1134 3958 1191 4008 ἐν
1217 3959 1281 4025 τῇ
1313 3955 1484 4025 βάτῳ,
1528 3975 1544 4008 ι
1593 3957 1736 4023 Ἐγώ
1769 3958 1884 4022 εἰμι
1917 3958 1944 4007 6

380 4053 511 4113 Θεὸς
575 4050 850 4119 Ἀϐραὰμ,
883 4049 976 4101 καὶ
1005 4050 1030 4100 6
1079 4048 1208 4110 Θεὸς
1237 4047 1451 4110 Ἰσαὰκ,
1489 4048 1581 4098 καὶ
1610 4049 1638 4098 6
1667 4047 1799 4108 Θεὸς
1842 4047 1945 4097 Ἰα-

379 4144 512 4209 κὼϐ,
555 4162 574 4195 ι
604 4144 700 4212 τὴν
725 4142 933 4213 Τριόιδα
966 4142 1272 4212 σημαίνων.
1298 4143 1406 4193 Καὶ
1450 4139 1696 4209 περὶτοῦ
1731 4139 1946 4210 ἀνθρώ-

380 4255 480 4290 που
505 4253 520 4268 ·
563 4256 582 4288 ι
609 4237 720 4289 Καὶ
747 4234 898 4287 εἶπεν
929 4237 957 4288 6
979 4235 1132 4300 Θεὸς,
1162 4233 1488 4302 Ποιήσωμεν
1519 4232 1805 4301 ἄνθρωπον
1829 4230 1947 4282 κατ’

383 4328 568 4379 εἰκόνα
599 4328 872 4396 ἡμετέραν
909 4328 1002 4379 καὶ
1031 4325 1156 4378 καθ’
1190 4323 1454 4393 ὁμοίωσιν
1480 4341 1493 4354 ·
1534 4343 1553 4376 ι
1593 4326 1686 4376 καὶ
1713 4327 1770 4377 ἐν
1813 4327 1946 4377 πᾶσι

381 4419 620 4489 Μωῦσῆς
656 4419 784 4471 Θεὸν
817 4413 958 4471 εἶναι
1001 4419 1266 4479 διδάσκει,
1303 4417 1396 4468 καὶ
1450 4417 1623 4484 Λόγον
1663 4416 1809 4486 ἔχειν
1856 4419 1948 4470 τὸν
1985 4438 2024 4491 ι)

379 4511 536 4574 Θεὸν,
567 4510 659 4562 καὶ
689 4508 846 4578 ἆγιον
881 4508 1138 4579 Πνεῦμα·
1169 4507 1264 4559 καὶ
1288 4506 1372 4558 ὅτι
1404 4507 1494 4559 διὰ
1524 4507 1620 4559 τοῦ
1670 4509 1842 4576 Λόγου
1877 4510 1943 4563 τά

379 4602 554 4654 πάντα
585 4601 830 4669 ἐποίησε,
880 4601 978 4653 καὶ
1006 4599 1084 4669 τῷ
1119 4597 1398 4667 Πνεύματι
1433 4598 1600 4652 αὐτοῦ
1653 4599 1938 4653 ἐτελείωσε

381 4694 476 4745 καὶ
509 4693 728 4762 ήγίασε.
765 4693 872 4744 Kal.
906 4692 1107 4751 πάντες
1133 4691 1188 4741 δὲ
1231 4690 1282 4741 οἰ
1329 4690 1611 4760 προφῆται
1663 4695 1799 4761 μετά
1846 4693 1942 4746 τοῦ

379 4784 543 4837 Δαϐὶδ
567 4783 725 4836 τοῦτο
749 4781 1021 4846 ἐδίδαξαν.
1054 4781 1225 4844 Αὐτὸς
1267 4781 1322 4833 δὲ
1358 4783 1385 4834 6
1413 4781 1578 4834 Δαϐὶδ
1607 4783 1702 4834 καὶ
1740 4782 1948 4853 ἄφρονα

381 4875 531 4929 καλεῖ
562 4875 654 4926 τὸν
703 4875 778 4944 μὴ
814 4871 1186 4942 ὁμολογοῦντα
1216 4872 1366 4925 Θεὸν.
1417 4871 1525 4924 Καί
1556 4889 1723 4942 φησιν
1751 4888 1764 4901 ·
1803 4892 1821 4926 ι
1856 4869 1946 4926 Εἶ-

380 4984 480 5020 πεν
510 4969 699 5036 ἄφρων
718 4969 774 5018 ὲν
795 4965 994 5035 καρδίᾳ
1018 4964 1184 5016 αὺ;οῦ
1212 4979 1226 4994 ·
1261 4962 1376 5017 Οὐκ
1407 4962 1520 5016 ἔστι
1539 4964 1692 5027 Θεός.
1727 4983 1746 5016 ι
1776 4964 1948 5018 Τοῦτο

379 5059 435 5112 δὲ
474 5061 663 5130 πόρρω
691 5057 872 5127 πάσης
917 5058 1063 5109 ἐστὶν
1105 5055 1388 5118 ἀσεϐείας,
1435 5055 1528 5108 καὶ
1565 5057 1727 5118 αὐτὸς
1761 5058 1870 5125 γὰρ
1922 5061 1949 5109 6

381 5149 624 5210 διάϐολος
656 5148 915 5216 ὁμολογεῖ
943 5141 1082 5198 εἶναι
1113 5144 1268 5210 Θεὸν,
1315 5145 1364 5196 εί
1395 5145 1490 5196 καὶ
1519 5144 1712 5196 ἑαυτὸν
1739 5148 1764 5198 6
1798 5147 1948 5198 ἀντί-

382 5241 538 5302 θετος
585 5228 680 5292 καὶ
721 5237 924 5306 ἀσεϐὴς
957 5236 1296 5303 ἀντεισάγει,
1349 5235 1602 5288 κλέπτων
1662 5237 1761 5304 τὴν
1797 5238 1948 5292 θείαν

381 5333 572 5403 τιμήν.
602 5333 694 5384 Διὸ
723 5330 963 5391 καὶτοὺς
995 5327 1187 5390 ἀθέους
1220 5327 1604 5396 ἀπεπλάνησεν
1651 5327 1941 5396 Ἕλληνας,

380 5427 496 5484 τοῖς
561 5421 850 5490 στοιχείοις
901 5421 992 5471 καὶ
1040 5417 1338 5486 δαιμονίοις
1390 5416 1821 5481 ἀπατηθέντας,
1853 5420 1948 5470 καὶ

379 5511 534 5573 θεοὺς
566 5511 633 5562 τὰ
668 5511 943 5580 κτίσματα
973 5506 1367 5573 ὀνομάσαντας.
1403 5508 1589 5574 ιιάντη
1622 5505 1714 5558 οῦν
1746 5508 1948 5574 ἄλογος

2055 1823 2246 1877 hemus
2271 1823 2292 1876 ?

2126 1914 2390 1984 Pontifex.
2451 1915 2694 1970 Primum
2754 1918 2970 1986 quidem
3037 1935 3132 1988 per
3188 1922 3503 1975 orationem
3571 1921 3640 1973 ad

2057 2005 2248 2069 Deum,
2283 2008 2483 2063 deinde
2507 2025 2638 2064 vero
2670 2027 2763 2080 per
2789 2012 3152 2065 humilitatem
3187 2021 3240 2067 et
3267 2029 3430 2082 opera
3465 2016 3643 2066 chari-

2054 2101 2179 2153 tatis
2205 2099 2532 2170 spiritualis,
2570 2119 2664 2172 per
2716 2105 2882 2158 vitam
2941 2105 3470 2175 irreprehensibilem
3525 2121 3649 2174 qua:

2054 2191 2176 2246 ﬁdei
2227 2179 2599 2249 testimonium
2639 2196 2904 2264 perhibet,
2942 2207 3104 2266 prout
3139 2197 3444 2252 docuerunt
3476 2209 3528 2252 et
3553 2215 3644 2252 os-

2053 2281 2342 2336 tenderunt
2370 2285 2598 2352 apostoli
2628 2301 2788 2352 ;nam
2818 2289 3176 2356 apostolicum
3203 2289 3448 2360 esqislud
3469 2305 3640 2357 opus;

2052 2373 2289 2442 denique
2319 2382 2500 2429 autem
2533 2391 2627 2447 per
2667 2379 2830 2432 verba
2865 2380 3091 2435 minime
3126 2382 3386 2451 litigiosa,
3441 2384 3646 2453 quippe

2024 2462 2270 2531 diligare
2305 2475 2358 2516 et
2381 2469 2708 2529 contendere
2737 2468 2994 2526 Ecclesiae
3031 2472 3270 2526 alienum
3300 2485 3402 2528 est.

2686 2708 2767 2762 CA
2782 2707 2915 2762 FUT
2970 2710 3031 2764 Π.

2131 2838 2291 2892 Deum
2313 2856 2443 2908 esse,
2462 2841 2846 2898 demonstratio
2868 2847 3040 2913 prium
3063 2862 3125 2900 ex
3145 2850 3312 2902 sacris
3347 2850 3481 2903 (ille:
3497 2853 3566 2907 is.

2132 3018 2388 3073 Clericus.
2440 3020 2655 3084 Quibus
2706 3025 3046 3090 argumentis
3082 3024 3302 3078 atheum
3354 3037 3408 3082 ut
3456 3033 3643 3086 credat

1979 3085 2020 3140 ο
2059 3122 2182 3162 esse
2225 3108 2396 3163 Deum
2439 3111 2938 3179 persuadebimus?

2125 3200 2393 3271 Ponti/ex.
2430 3202 2670 3258 Primum
2711 3205 2956 3275 quidem,
2988 3215 3048 3261 ut
3095 3207 3356 3272 diximus.
3399 3226 3430 3267 e
3465 3215 3639 3268 sacris

2055 3290 2354 3362 Scripturis
2380 3309 2504 3363 quae
2551 3297 2713 3349 Deum
2752 3297 2803 3351 in
2834 3300 3090 3355 omnibus
3148 3302 3498 3367 cantitentur.
3552 3307 3638 3359 vii

2053 3386 2232 3452 potius
2267 3395 2544 3440 auctorem
2599 3389 2800 3444 habent
2849 3390 3034 3457 Deum,
3092 3408 3330 3464 eumque
3388 3397 3632 3450 omnium

2052 3475 2306 3530 factorem
2342 3479 2641 3546 prmdicant
2682 3481 2776 3550 qui
2807 3491 2886 3536 est
2923 3499 3138 3552 semper
3159 3499 3284 3539 cum
3310 3484 3489 3540 Verbo
3515 3488 3637 3555 ejus

2050 3577 2105 3622 et
2142 3568 2371 3639 Spiritu.
2418 3570 2626 3642 Moyses
2657 3574 2802 3628 enim
2835 3574 3092 3630 dixitzcln
3125 3578 3393 3646 principio
3422 3583 3638 3634 creavit

2052 3659 2194 3715 Deus
2221 3661 2420 3715 caalum
2454 3673 2506 3717 et
2529 3673 2782 3719 terram.»
2805 3663 2882 3719 .Et
2910 3666 3046 3720 dixit
3070 3666 3247 3721 Deus:
3285 3667 3396 3722 Fiat
3430 3671 3545 3733 lux,
3583 3683 3637 3722 et

2051 3750 2191 3807 facta
2225 3765 2308 3808 est
2338 3754 2448 3820 lux,
2477 3773 2495 3805 ι
2538 3766 2591 3809 et
2631 3768 2826 3810 cretera
2865 3757 3136 3814 similiter.
3169 3761 3236 3814 Et
3266 3777 3282 3815 :
3320 3779 3336 3810 ι
3376 3762 3482 3830 Ego
3509 3776 3634 3816 sum

2051 3849 2140 3917 qui
2169 3865 2286 3902 sum
2320 3871 2334 3912 ς
2370 3868 2388 3901 ι
2429 3860 2484 3903 et
2525 3852 2577 3904 in
2612 3855 2800 3903 rubozc
2845 3850 2954 3920 Ego
2997 3870 3116 3906 sum
3157 3853 3298 3907 Deus
3333 3855 3630 3917 Abraham,

2049 3954 2100 3995 et
2143 3941 2286 3996 Deus
2317 3941 2487 4005 Isaac,
2523 3954 2579 3998 et
2611 3943 2752 3997 Deus
2787 3942 3008 4004 Iacob,»
3051 3943 3378 3997 Trinitatem
3411 3947 3632 4014 signiﬁ-

2049 4049 2200 4086 cans.
2225 4032 2448 4100 Insuper
2465 4033 2534 4086 de
2557 4035 2777 4086 homine
2809 4051 2821 4084 :
2853 4053 2868 4082 ι
2898 4033 2961 4084 Ει
2986 4034 3321 4088 dixitDeus:
3351 4035 3635 4092 Faeiamus

2055 4123 2331 4175 hominem
2366 4125 2431 4176 ad
2462 4123 2754 4190 imaginem
2789 4134 2840 4176 et
2871 4126 3285 4180 similitmliuem
3321 4140 3631 4182 nostrama

2055 4215 2117 4267 Et
2157 4214 2358 4281 ubique
2423 4215 2641 4284 Moyses
2668 4216 2826 4269 docet
2881 4216 3047 4269 Deum
3115 4234 3260 4284 esse,
3357 4219 3632 4290 Deumque

2052 4307 2287 4363 Verbum
2312 4309 2514 4364 habere
2538 4319 2591 4364 et
2624 4310 2885 4375 Spiritum
2913 4321 3187 4373 sanctum,
3235 4327 3444 4368 necnon
3476 4332 3633 4369 eum-

2051 4400 2170 4452 dem
2210 4413 2303 4469 per
2355 4399 2589 4454 Verbum
2654 4401 2838 4454 omnia
2886 4400 3102 4466 fecisse,
3157 4418 3362 4473 suoque
3428 4406 3630 4471 Spiritu

2053 4505 2416 4545 consecrasse
2447 4500 2500 4546 et
2533 4492 2930 4546 sauctiticassc.
2961 4490 3162 4545 Omnes
3188 4507 3315 4546 vero
3352 4497 3632 4562 prophetae

2053 4591 2174 4651 post
2203 4580 2374 4635 David
2405 4581 2548 4636 istud
2584 4583 2909 4645 docuerunt,
2944 4592 2999 4635 et
3030 4580 3199 4636 David
3225 4583 3340 4651 ipse
3373 4583 3628 4639 insanum

2052 4685 2211 4729 vocat
2243 4690 2369 4728 eum
2409 4675 2501 4744 qui
2529 4675 2692 4729 Deum
2729 4690 2836 4728 non
2861 4675 3151 4730 conﬁtetur
3182 4694 3196 4742 ;
3222 4687 3274 4732 et
3303 4681 3398 4734 ait:
3437 4699 3454 4732 ‹
3487 4681 3631 4737 Dixit

2053 4767 2280 4824 insanus
2314 4768 2365 4818 in
2409 4767 2574 4819 corde
2606 4781 2739 4822 suo:
2775 4767 2892 4822 Non
2923 4779 3006 4824 est
3043 4770 3203 4827 Deus.
3235 4789 3252 4824 ι
3299 4772 3413 4828 Hoc
3446 4785 3628 4828 autem

2053 4877 2271 4915 omnem
2329 4859 2660 4929 impietatem
2721 4871 2966 4930 superat.
3029 4861 3142 4917 lmo
3199 4864 3316 4940 ipse
3378 4865 3631 4919 diabolus

2051 4954 2342 5006 conﬁtetur
2373 4951 2542 5006 Deum
2572 4967 2714 5014 esse.
2745 4953 2867 5009 licet
2890 4957 3246 5025 seuietipsum
3283 4958 3632 5010 adversarius

2053 5052 2107 5098 et
2131 5044 2329 5112 impius
2352 5054 2591 5112 Opponat
2607 5044 2849 5098 divinam
2871 5048 3221 5116 surripieudo
3237 5051 3484 5114 gloriam.
3505 5043 3633 5098 Ideo

2052 5137 2240 5189 atheos
2264 5149 2445 5188 errare
2465 5135 2589 5191 fecit
2615 5137 2830 5193 Graecos
2852 5139 3133 5193 elementis
3158 5153 3336 5191 rerum
3361 5148 3414 5189 et
3437 5140 3634 5190 tltBlltO-

2054 5230 2159 5285 niis
2199 5229 2422 5284 delusus
2454 5232 2696 5300 deosque
2735 5243 2994 5285 vocantes
3047 5240 3349 5283 creaturas.
3393 5226 3633 5282 Omnino

2055 5323 2220 5390 igitur
2276 5334 2466 5375 amens
2491 5331 2544 5375 et
2581 5324 2822 5374 maxime
2893 5322 3107 5380 atticus.
3159 5325 3214 5369 et
3272 5317 3634 5372 stultissimus

2055 5411 2448 5480 tlien‘ioniisque
2475 5413 2625 5480 pejor
2659 5410 2755 5478 qui
2792 5417 2951 5473 negat
2991 5408 3160 5460 Deum
3215 5420 3360 5459 esse.
3430 5407 3532 5471 Qui
3567 5424 3637 5460 ex

2058 5505 2221 5560 (lictis
2243 5503 2353 5569 jam
2387 5506 2626 5571 prmum
2674 5498 3048 5550 convincitur.

375 5611 470 5658 καὶ
520 5606 822 5668 ἀθεώτατος
876 5605 968 5658 καὶ
1003 5603 1400 5671 ἀφρονέστατος
1451 5604 1548 5656 καὶ
1598 5602 1795 5671 χείρων
1837 5602 1940 5653 τῶν
1986 5602 2280 5672 δαιμονίων
2320 5602 2346 5650 6
2405 5601 2480 5666 μὴ
2531 5595 2708 5659 λέγων
2744 5585 2889 5642 εἶναι
2954 5591 3110 5653 Θεδνν
3164 5589 3262 5642 καὶ
3334 5589 3398 5638 ἐκ
3451 5585 3650 5640 τούτου

383 5702 481 5767 μὲν
513 5698 730 5767 πρῶτον
760 5696 1170 5766 ἐλεγχθήσεται.
