4076 6268
349 328 420 389 39
1191 323 1574 385 SYMEONID
1602 319 2046 382 THESSALON
2060 315 2364 378 [CENSIS
2403 315 2762 375 ARCI-IIEP.
3549 309 3618 371 40

979 435 1208 491 CAPUT
1227 435 1319 492 Ill.

351 546 522 602 Deum
553 564 686 611 esse,
719 550 1102 601 demonstratio
1136 547 1367 602 secunda
1396 547 1560 612 petita
1594 553 1659 597 ab
1691 546 1803 612 ipso
1835 545 1936 594 lio-

424 619 590 700 mine,
617 620 708 689 qui
740 619 804 672 de
822 617 928 672 Deo
956 618 1410 681 notionem/tabat,
1436 616 1668 684 loquitur
1692 623 1742 668 et
1765 613 1940 681 inqui-

429 699 523 742 τιι.

425 799 628 854 Deinde
646 800 860 855 eruitur
877 811 1258 871 argumentum
1275 817 1339 854 ex
1365 802 1486 870 ipsa
1522 797 1763 853 hominis
1787 811 1938 849 men-

351 900 402 946 te
433 909 551 961 qua:
579 894 646 948 de
669 893 779 948 Deo
803 893 1041 963 indagat,
1100 894 1302 963 quippe
1350 893 1417 948 de
1466 891 1574 946 Deo
1607 890 1863 956 indagare
1887 899 1940 942 et

354 982 606 1036 meditari
635 983 827 1036 edocet
868 983 1035 1037 Deum
1066 999 1189 1039 esse
1219 983 1364 1037 illius
1400 982 1600 1036 mentis
1633 987 1938 1046 auctorem,

349 1082 404 1126 et
434 1074 609 1142 ipsum
637 1088 758 1129 esse
778 1084 1012 1128 mentem
1051 1083 1332 1129 tet—eruam.
1358 1072 1511 1127 Mens
1535 1081 1718 1125 autem
1751 1078 1936 1123 nostra

349 1167 417 1220 de
466 1165 578 1221 Deo
624 1165 802 1221 Verbo
855 1166 1133 1222 disserens
1195 1166 1374 1234 ipsum
1453 1164 1646 1226 Deum,
1703 1171 1934 1216 mentem

350 1269 608 1312 azternam
633 1257 972 1313 demonstrat
1001 1257 1240 1312 Verbum
1289 1257 1512 1311 habere.
1538 1255 1745 1308 Etcum
1791 1254 1935 1306 vivat

359 1351 407 1406 is
437 1351 530 1418 qui
559 1350 627 1406 de
653 1350 762 1406 Deo
794 1351 1088 1406 meditatur
1119 1361 1172 1405 et
1213 1350 1478 1418 loquitur,
1512 1347 1678 1401 vitam
1709 1360 1934 1414 quoque

355 1444 410 1497 in
448 1443 560 1498 Deo
618 1458 744 1499 esse
812 1453 1043 1498 testatur
1101 1441 1368 1509 Spiritum
1432 1452 1707 1497 sanetum.
1783 1436 1938 1494 Unde

350 1544 564 1589 constat
605 1545 840 1589 mentem
878 1535 1040 1589 istam
1103 1533 1378 1588 hominem
1427 1533 1748 1597 creavisse;
1809 1546 1935 1584 nam

348 1639 512 1676 omne
534 1623 679 1692 quod
709 1622 911 1678 factum
974 1631 1058 1678 est
1107 1633 1393 1677 auctorem
1472 1635 1632 1675 suum
1683 1619 1936 1689 inquirit.

2652 427 2905 480 ΚΕΦΑΛ.
2945 427 3017 478 Γ’.

2042 542 2174 595 ’Ὅτι
2201 542 2334 594 ἐστι
2368 541 2534 606 Θεὸς,
2555 538 2864 604 ἀπόδειξις
2881 538 3132 606 δευτέρα
3155 539 3258 592 ἀπ’
3285 538 3473 592 αὐτοῦ
3507 536 3617 591 τοῦ

2109 613 2428 678 ἀνθρώπου
2461 610 2755 675 νοοῦντος
2801 609 2901 662 καὶ
2925 607 3216 678 λέγοντος
3245 609 3346 662 καὶ
3372 607 3617 676 ζητοῦν-

2112 699 2215 745 τος
2249 682 2386 748 περὶ
2424 681 2600 734 Θεοῦ.

2114 795 2347 848 Ἔπειτα
2399 794 2457 847 δὲ
2488 796 2582 849 καὶ
2614 794 2710 847 ἀπ’
2742 794 2910 847 αὑτοῦ
2937 792 3033 846 τοῦ
3079 792 3422 862 ἀνθρωπίνου
3469 790 3612 853 νοὸς,

2043 885 2336 956 ζητοῦντος
2361 887 2493 955 ’περὶ⁵
2542 885 2678 938 Θεοῦ
2700 900 2716 916 ο
2743 885 2804 939 τὸ
2827 885 3009 954 ζητεῖν
3055 884 3161 952 γὰρ
3192 882 3320 950 περὶ
3352 880 3488 934 Θεοῦ
3519 879 3612 931 καὶ

2040 981 2288 1048 θεωρεῖν,
2312 979 2395 1032 ὅτι
2416 977 2548 1041 Θεός
2574 979 2726 1031 ἐστιν
2755 977 3063 1032 ἐκδιδάσκει
3101 977 3274 1038 αῐτιος
3303 974 3492 1028 τούτου
3519 971 3610 1025 τοῦ

2039 1073 2180 1137 νοὸς,
2214 1073 2312 1125 καὶ
2343 1067 2500 1136 οὗτος
2530 1072 2769 1142 ἄναρχος
2799 1071 2947 1134 νοῦς.
2972 1069 3083 1124 Καὶ
3113 1069 3142 1121 ὁ
3176 1069 3301 1132 νοῦς
3329 1069 3385 1122 δὲ
3416 1069 3446 1121 6
3474 1066 3634 1138 ήμέ-.

2036 1180 2197 1233 τερος
2226 1164 2370 1234 λόγῳ
2418 1162 2661 1233 ἐρευνῶν
2695 1162 2827 1234 περὶ
2865 1161 3029 1226 Θεοῦ,
3076 1161 3169 1215 τὸν
3209 1160 3449 1230 ἄναρχον
3485 1157 3612 1211 νοῦν

2039 1256 2132 1308 τὸν
2163 1255 2317 1319 Θεὸν,
2344 1255 2440 1310 καὶ
2470 1255 2644 1324 Λόγον
2678 1255 2826 1325 ἔχειν
2853 1254 3122 1310 διδάσκει.
3156 1253 3266 1308 Καὶ
3306 1252 3418 1315 ζῶν
3449 1251 3504 1304 δὲ
3537 1249 3616 1303 ὢν

2037 1350 2067 1400 6
2101 1349 2236 1419 περὶ
2267 1347 2403 1400 Θεοῦ
2428 1346 2817 1416 διανοούμενος
2849 1347 2944 1399 καὶ
2973 1345 3176 1410 λαλῶν,
3231 1345 3325 1398 καὶ
3355 1341 3502 1412 ζωὴν
3551 1342 3612 1393 ἐν

2037 1439 2118 1509 τῷ
2151 1439 2271 1510 Θεῷ
2308 1435 2450 1492 εἶναι
2479 1441 2772 1510 μαρτυρεῖ,
2811 1439 2872 1491 τὸ
2920 1438 3149 1507 Πνεῦμα
3186 1437 3245 1489 τὸ
3288 1437 3480 1502 ἀγιονο
3517 1435 3614 1486 καὶ

2037 1531 2121 1584 ὅτι
2178 1531 2516 1601 δημιουργὸς
2568 1523 2724 1594 οὗτος
2760 1533 2789 1584 6
2836 1528 2962 1593 νοῦς
3007 1527 3103 1581 τοῦ
3147 1527 3462 1598 ἀνθρώπου.
3496 1525 3611 1579 Πᾶν

2039 1624 2147 1693 γὰρ
2177 1622 2402 1689 γεγονὸς
2430 1623 2586 1690 ζητεῖ
2617 1621 2813 1675 τούτου
2850 1623 2944 1674 τὸν
2992 1622 3190 1676 αἴτιον.
3230 1618 3385 1674 Ἐπεὶ
3411 1617 3467 1670 δὲ
3520 1615 3614 1668 καὶ

349 1712 618 1778 Quoniam
671 1729 798 1766 vero
858 1728 1013 1767 meus
1089 1713 1330 1765 hominis
1390 1709 1707 1780 intelligens
1774 1718 1861 1763 est
1885 1718 1940 1764 et

2047 1713 2229 1782 νοερὸς
2279 1712 2376 1766 καὶ
2406 1711 2722 1774 διασατικὸς
2773 1715 2802 1765 6
2860 1712 2985 1774 νοῦς
3025 1711 3120 1765 τοῦ
3155 1709 3468 1780 ἀνθρώπου,
3517 1705 3612 1762 καὶ

355 1821 480 1859 acer
525 1815 580 1858 et
617 1805 890 1872 expedita,
927 1818 1134 1856 necnon
1171 1800 1477 1871 praevidens
1509 1812 1563 1855 et
1584 1800 1924 1869 contempla-

2047 1806 2224 1873 ταχὺς,
2260 1806 2628 1874 προνοητικός
2659 1821 2720 1857 τε
2768 1805 2866 1856 καὶ
2913 1803 3252 1872 θεωρητικὸς
3304 1801 3411 1854 τῶν
3441 1800 3611 1852 όντων

353 1898 682 1961 tiva,rursus
727 1895 915 1949 eadem
971 1896 1209 1948 divinam
1285 1903 1518 1949 testatur
1571 1903 1830 1961 mentem,
1878 1903 1934 1949 et

353 1993 620 2053 quantum
657 1986 771 2038 fieri
801 1983 1111 2051 pot'esteam
1135 1984 1357 2056 effingit;
1390 1999 1515 2038 nam
1539 1985 1588 2040 si
1620 1985 1781 2039 homo
1815 1993 1934 2039 tan-

357 2088 408 2130 ta
434 2077 535 2131 fert
567 2078 618 2130 in
675 2092 773 2131 sua
813 2085 1016 2140 mente,
1062 2092 1256 2147 magna
1318 2091 1448 2146 ergo
1505 2085 1591 2131 est
1640 2091 1813 2141 mens,
1882 2085 1937 2131 et

355 2170 472 2222 sine
522 2168 814 2238 principio,
866 2167 1003 2222 etin
1048 2176 1316 2221 aeternum
1385 2165 1576 2220 vivens
1637 2166 1701 2218 ad
1760 2173 1925 2234 Quam

355 2276 546 2316 omnes
599 2261 884 2331 eriguntur
924 2269 1152 2322 mentes,
1219 2275 1381 2328 quam
1442 2258 1755 2326 inquirunt,
1810 2275 1936 2328 qua:

354 2361 440 2408 est
473 2352 652 2408 omnis
706 2351 1072 2420 iutelligentize
1113 2368 1216 2421 pax
1249 2362 1304 2405 et
1338 2351 1575 2421 requies.
1612 2349 1678 2404 Et
1709 2351 1824 2406 haec
1850 2362 1934 2406 est

361 2461 512 2501 mens
540 2455 746 2500 alterna
780 2442 1015 2498 Verbum
1077 2459 1187 2512 seu,
1210 2444 1474 2499 rationem
1509 2442 1713 2498 habens
1743 2443 1942 2498 viven-

358 2549 500 2604 tem,
539 2537 604 2592 ad
641 2553 804 2608 quam
837 2539 1080 2592 elevatur
1139 2537 1321 2592 omnis
1368 2537 1546 2604 ratio;
1604 2552 1728 2590 natn
1787 2553 1941 2592 mens

358 2645 466 2685 non
513 2643 598 2686 est
654 2631 773 2685 sine
833 2630 1020 2693 verbo,
1075 2630 1149 2684 ita
1208 2638 1267 2684 ut
1329 2645 1483 2684 mens
1542 2638 1744 2682 acterna
1796 2627 1940 2682 Deus

359 2727 516 2781 Pater
565 2738 618 2779 et
673 2724 912 2778 Verbum
951 2724 1176 2785 habeat,
1203 2737 1293 2788 per
1324 2721 1464 2788 quod
1496 2720 1673 2773 solum
1705 2718 1942 2771 Verbum

361 2817 664 2885 Spiritualia
695 2816 878 2869 omnia
914 2824 1040 2866 sunt
1094 2811 1304 2864 ratione
1337 2809 1584 2876 praedita,
1618 2817 1726 2860 tam
1755 2809 1935 2876 angeli

359 2925 522 2980 quant
550 2907 766 2968 animm,
804 2904 1178 2972 sapientiaque
1207 2912 1258 2953 et
1287 2900 1534 2953 doctrina
1567 2900 1869 2969 replentur,
1892 2909 1945 2954 et

359 3013 515 3054 mens
542 2998 642 3051 ista
665 2996 776 3050 sola
805 3004 856 3047 et
873 2996 1042 3064 prima
1071 3002 1123 3046 et
1148 2992 1334 3044 vivens
1362 3003 1412 3044 et
1436 3005 1649 3060 semper
1671 2990 1944 3043 exsistens

362 3089 526 3142 vitam
554 3087 604 3140 in
641 3085 935 3155 semetipsa
963 3094 1125 3153 atque
1161 3098 1223 3135 ex
1249 3083 1538 3151 semetipsa
1563 3081 1942 3150 procedentem
1970 3126 1998 3155 ε

365 3179 557 3233 habeat
617 3187 671 3231 et
721 3178 885 3239 ferat,
968 3174 1228 3242 Spiritum
1297 3180 1545 3225 sanctum
1626 3186 1719 3239 per
1783 3185 1941 3238 quem

361 3268 663 3338 spiritualia
695 3267 877 3321 omnia
927 3264 1198 3333 spirituali
1236 3268 1345 3316 vita
1373 3263 1601 3326 vivant,-
1627 3273 1680 3314 et
1712 3259 1941 3328 Spiritus

363 3363 474 3416 sint
531 3377 597 3414 ex
653 3356 881 3428 Spiritu,
953 3367 1008 3410 et
1070 3355 1558 3409 santtilicationem
1621 3370 1688 3408 ex
1754 3364 1944 3408 sancto

367 3452 718 3522 participant,
745 3465 953 3504 necnon
981 3447 1353 3500 lenitudinem
1377 3455 1430 3499 et
1453 3455 1653 3498 motum
1677 3443 1947 3511 accipiant

363 3559 432 3599 ex
460 3542 554 3598 illo
577 3543 951 3610 omnipotente
970 3539 1059 3608 qui
1095 3539 1351 3591 omnibus
1377 3536 1671 3604 potentiam
1696 3535 1942 3604 largitur,

366 3638 489 3690 ideo
519 3644 572 3689 et
606 3635 721 3702 ipse
753 3633 844 3704 qui
891 3633 1055 3686 Deum
1088 3631 1274 3700 abjicit
1300 3639 1352 3684 et
1384 3629 1585 3699 cogitat
1617 3638 1670 3682 et
1724 3627 1857 3680 vivit
1893 3637 1949 3680 et

371 3725 608 3782 Verbum
641 3726 800 3779 habet
826 3725 880 3778 in
938 3724 1254 3792 semetipso.
1302 3722 1469 3776 Deum
1527 3736 1658 3788 ergo
1708 3728 1939 3773 testatur

369 3819 532 3872 homo
595 3814 649 3870 in
713 3816 1031 3884 semetipso,
1111 3824 1449 3885 quaprOpter
1515 3813 1780 3881 scriptum
1857 3823 1942 3865 est

370 3909 646 3966 hominem
687 3907 754 3962 ad
791 3907 1086 3978 imaginem
1138 3906 1235 3960 Dei
1289 3905 1459 3960 fuisse
1502 3914 1770 3958 creatum.

1001 3993 1339 4077 carurtv.
1424 4061 1438 4080 .

371 4140 534 4196 Deum
559 4155 688 4204 esse,
715 4137 1094 4193 demonstratio
1119 4137 1277 4191 tertia
1301 4137 1364 4189 ab
1397 4137 1513 4201 ipsa
1573 4147 1860 4194 creatura:
1897 4150 1947 4195 et

442 4211 782 4280 producu'one
815 4208 950 4277 ejus,
992 4206 1126 4261 bona
1150 4207 1504 4271 ordinatione,
1537 4211 1868 4278 providentia
1893 4224 1941 4265 et

441 4282 846 4349 dispensatione.

443 4370 563 4439 Ipsa
591 4372 754 4423 etiam
785 4371 992 4424 creatio
1039 4368 1308 4424 artificem
1359 4378 1612 4433 testatur,
1639 4378 1695 4423 et
1751 4368 1832 4422 fas
1867 4382 1951 4424 est

2037 1894 2180 1958 ἐστὶ,
2211 1897 2484 1964 μαρτυρεῖ
2512 1895 2604 1948 τὸν
2637 1895 2781 1947 θεῖον
2809 1893 2935 1946 νοῦν
2972 1893 3136 1946 πάλιν
3173 1891 3361 1955 αὐτὸς,
3402 1889 3500 1942 καὶ
3531 1888 3608 1948 ὡς

2037 1986 2282 2049 δυνατὸν,
2307 1986 2473 2040 αὑτὸν
2491 1984 2826 2050 ἐξεικονίζει.
2857 1985 2918 2038 Ei
2946 1983 3053 2054 γὰρ
3071 1983 3360 2052 ἄνθρωπος
3383 1979 3614 2033 τοιαῦτα

1984 2127 1991 2134 .
2039 2079 2196 2150 φέρει
2229 2080 2290 2130 ὲν
2325 2079 2405 2148 τῷ
2434 2079 2631 2130 ἑαυτοῦ
2669 2079 2774 2143 vo‘t,
2811 2078 2919 2148 ἄρα
2953 2077 3046 2129 καὶ¹
3079 2077 3250 2146 μέγας
3293 2074 3413 2128 ἐστὶ
3466 2070 3615 2136 νοῦς,

2039 2171 2136 2225 καὶ
2165 2171 2423 2242 ἄναρχος,
2457 2171 2554 2226 καὶ
2584 2173 2672 2225 ἀεὶ
2695 2169 2793 2236 ὢν,
2827 2170 2966 2240 πρὸς
2993 2169 3053 2223 ὃν
3081 2169 3382 2238 ἀνάγονται
3410 2167 3610 2225 πάντες

2040 2265 2180 2329 νόες,
2213 2269 2308 2316 καὶ
2359 2262 2419 2316 ὃν
2454 2262 2704 2333 ζητοῦσι,
2738 2265 2830 2318 καὶ
2866 2263 2924 2326 ὃς
2977 2263 3139 2332 μόνος
3180 2260 3382 2323 παντὸς
3416 2258 3609 2326 νοεροῦ

2043 2356 2160 2408 ἐστι
2191 2353 2288 2408 καὶ
2317 2354 2672 2416 κατάπαυσις
2707 2355 2802 2408 καὶ
2851 2353 3182 2416 ἀνάπαυσις.
3231 2351 3344 2404 Καὶ
3393 2343 3550 2412 οὗτος
3583 2350 3611 2399 6

2043 2447 2278 2518 ἄναρχος
2313 2445 2460 2510 νοῦς,
2498 2447 2659 2515 λόγον
2705 2445 2820 2516 ἔχει
2857 2446 3060 2511 ζῶντα,
3095 2444 3232 2514 πρὸς
3262 2443 3321 2496 ὃν
3350 2439 3616 2509 ἀναφέρε-

2041 2555 2131 2591 ται
2161 2537 2317 2606 λόγος
2347 2537 2513 2601 ἅπας.
2560 2537 2694 2590 Οὐδὲ
2742 2537 2854 2608 γάρ
2904 2540 3021 2592 ἐστι
3061 2537 3188 2601 νοῦς
3233 2539 3358 2608 δίχα
3428 2536 3607 2604 λόγου,

2044 2627 2188 2682 ὥστε
2232 2630 2260 2682 6
2291 2628 2527 2700 ἄναρχος
2557 2629 2683 2694 νοῦς
2719 2631 2747 2684 6
2784 2629 2916 2693 Θεὸς
2947 2631 3042 2682 καὶ
3085 2630 3275 2700 Πατὴρ
3304 2629 3401 2683 καὶ
3440 2631 3612 2697 Λόγον

2044 2720 2158 2789 ἔχει
2183 2737 2196 2751 ·
2236 2722 2303 2774 δι’
2343 2722 2403 2773 ὂν
2429 2723 2604 2788 Λόγον
2643 2723 2735 2774 τὸν
2785 2723 2965 2792 μόνον,
2992 2726 3087 2776 καὶ
3138 2724 3207 2777 τά
3239 2723 3402 2794 νοερὰ
3436 2723 3616 2776 πάντα

2047 2812 2150 2861 εἰσὶ
2182 2809 2395 2874 λογικὰ,
2433 2812 2482 2860 οἱ
2506 2810 2724 2875 ἄγγελοί
2760 2827 2819 2861 τε
2852 2813 2948 2862 καὶ
2972 2813 3025 2863 αἱ
3060 2811 3253 2879 ψυχαὶ,
3293 2813 3386 2867 καὶ
3421 2815 3618 2881 σοςρίας

2049 2899 2460 2969 πεπληρωμένα
2498 2900 2595 2952 καὶ
2647 2899 2902 2966 γνώσεως
2925 2917 2940 2931 ο
2975 2903 3070 2953 καὶ
3095 2902 3249 2962 οὗτος
3283 2906 3309 2954 6
3357 2903 3480 2964 νοῦς
3527 2908 3622 2956 καὶ

2051 2993 2213 3059 μόνος
2246 2991 2340 3043 καὶ
2374 2991 2590 3060 πρῶτος
2636 2993 2731 3044 καὶ
2762 2992 2894 3056 ζῶν,
2923 2994 3019 3045 καὶ
3048 2994 3138 3045 ἀεὶ
3185 2991 3284 3061 ὣν,
3328 2995 3422 3047 καὶ
3476 2993 3622 3067 ζωὴν

2051 3085 2106 3136 ὲν
2137 3082 2317 3152 ἑαυτῷ
2345 3085 2438 3136 καὶ
2472 3082 2532 3146 ἐξ
2581 3082 2778 3136 ἑαυτοῦ
2806 3083 3108 3153 προϊοῦσαν
3139 3083 3255 3152 ἔχει
3309 3085 3400 3137 καὶ
3436 3086 3620 3155 φέρει,

2047 3179 2108 3228 τὸ
2149 3175 2373 3244 Πνεῦμα
2408 3177 2472 3228 τὸ
2503 3175 2683 3243 ἅγιον,
2714 3175 2783 3227 δι’
2804 3168 2864 3228 οῦ
2896 3176 3082 3229 καὶτὰ
3105 3175 3268 3246 νοερὰ
3290 3178 3469 3231 πάντα
3495 3197 3616 3232 νοε-

2051 3269 2156 3338 ρῶς
2195 3266 2364 3332 ζῶσιν
2421 3269 2486 3320 ὲκ
2555 3268 2722 3336 ζωῆς,
2775 3269 2870 3320 καὶ
2917 3269 3208 3338 πνεύματά
3240 3271 3378 3323 εἰσιν
3416 3273 3480 3324 ἐκ
3530 3272 3626 3324 τοῦ

2048 3357 2387 3427 Πνεύματος,
2416 3358 2512 3411 καὶ
2547 3358 2824 3426 ἀγιασμοῦ
2861 3359 3082 3428 μετέχει
3111 3361 3174 3412 ὲκ
3206 3361 3298 3412 τοῦ
3320 3361 3502 3428 ἀγίου,
3525 3363 3622 3414 καὶ

2047 3449 2337 3517 δυνάμεως
2366 3449 2422 3500 δὲ
2453 3448 2548 3501 καὶ
2579 3450 2852 3518 κινήσεως
2879 3452 2943 3502 ὲκ
2969 3451 3062 3503 τοῦ
3088 3451 3504 3520 παντοδυνάμου
3531 3453 3625 3505 καὶ

2049 3543 2184 3596 πᾶσι
2212 3542 2446 3604 διδόντος
2488 3541 2742 3611 δύναμιν.
2783 3543 2876 3595 Διὸ
2927 3544 3019 3596 καὶ
3069 3545 3232 3608 αὐτὸς
3279 3546 3306 3597 6
3354 3546 3446 3600 τὸν
3484 3545 3619 3600 Θεὸν

2053 3635 2265 3688 ἀθετῶν
2303 3638 2399 3688 καὶ
2432 3637 2542 3687 νοεῖ
2579 3639 2670 3686 καὶ
2702 3635 2792 3704 ζῇ,
2851 3641 2944 3688 καὶ
2993 3635 3150 3704 λόγον
3181 3637 3296 3706 ἔχει
3325 3639 3384 3691 ὲν
3418 3637 3619 3706 ἐαυτῷ.

2053 3728 2159 3781 Τὸν
2189 3727 2324 3782 Θεὸν
2355 3728 2464 3796 ἄρα
2507 3729 2778 3796 μαρτυρεῖ
2811 3727 3099 3797 ἄνθρωπος
3133 3729 3191 3782 ἐν
3224 3730 3426 3799 ἑαυτῷ.
3471 3731 3626 3786 Ἐπεὶ

2049 3821 2145 3874 καὶ
2175 3815 2296 3872 κατ’
2327 3819 2512 3872 εἰκόνα
2542 3817 2598 3891 ﬁ,
2621 3817 2757 3872 Θεοῦ
2791 3820 2819 3871 6
2853 3820 3140 3891 ἄνθρωπος
3179 3820 3511 3892 γέγραπται.

2647 4024 2898 4080 ΚΕΦΑΛ.
2944 4023 3019 4081 Δ’.

2033 4116 2180 4189 δ”Οτι
2207 4135 2338 4215 ξστι
2391 4137 2556 4215 Θερς,
2589 4136 2904 4204 ἀπόδειξις
2953 4141 3120 4215 ζρίτη
3152 4131 3480 4215 ᾀπῖἶιύ-τ-ῆς
3512 4142 3624 4208 τῆς

2123 4209 2401 4272 κτίσεως,
2422 4208 2534 4272 τῆς
2568 4224 2631 4278 re
2663 4208 3047 4276 παραγωγῆς,
3079 4212 3176 4263 καὶ
3205 4211 3500 4278 εὐταξίας,
3527 4216 3628 4267 καὶ

2122 4277 2430 4343 προνοίας,
2465 4278 2562 4329 καὶ
2586 4276 2944 4346 διοικήσεως
2981 4279 3195 4346 αὐτῆς.

2128 4370 2237 4421 Καὶ
2267 4367 2406 4438 αῦτη
2437 4368 2495 4421 δὲ
2547 4369 2641 4421 καὶ
2681 4371 2860 4433 κτίσις
2890 4371 2981 4422 τὸν
3021 4371 3356 4443 δημιουργὸν
3419 4391 3625 4443 μαρτυ-

372 4479 437 4518 ex
465 4460 770 4517 visibilibus
795 4461 1032 4515 visibilia
1077 4459 1415 4530 conspicere.
1437 4458 1595 4525 Quod
1636 4461 1711 4513 ait
1744 4460 1945 4514 Paulus

2061 4464 2146 4532 ρεῖ
2168 4477 2181 4492 ο
2239 4463 2334 4515 καὶ
2365 4464 2428 4514 ὲκ
2461 4462 2572 4514 τῶν
2599 4465 2894 4533 ὁρωμένων
2933 4465 3025 4518 τὸν
3057 4466 3290 4534 ἀόρατον
3325 4467 3440 4519 ἔστι
3475 4485 3628 4521 κατι-

375 4557 656 4610 scribens:
686 4571 703 4604 ι
726 4550 1023 4608 luvisibilia
1045 4551 1216 4620 ipsius
1237 4565 1267 4606 a
1293 4562 1542 4604 creatura
1564 4551 1751 4606 mundi
1773 4567 1865 4620 per
1886 4567 1949 4606 ea

374 4664 496 4718 quae
525 4647 663 4700 facta
687 4655 812 4700 sunt
835 4647 1107 4700 intellecta
1125 4644 1578 4715 conspiciuntur:
1619 4645 1950 4714 sempiterna

376 4753 598 4808 quoque
625 4737 744 4808 ejus
771 4737 942 4790 virtus
965 4747 1020 4790 et
1043 4736 1324 4790 divtuitas.
1352 4753 1370 4786 ι
1410 4736 1540 4802 Quis
1563 4737 1709 4789 enim
1735 4752 1950 4790 sursum

383 4827 566 4899 posuit
595 4825 994 4895 cmlutniquis
1031 4826 1082 4878 in
1135 4829 1313 4881 medio
1375 4816 1576 4879 terram
1599 4826 1760 4895 ‘lquis
1822 4827 1952 4879 illud

384 4917 605 4988 quidem
634 4915 752 4968 sine
787 4915 967 4982 quiete
993 4925 1198 4980 movet,
1225 4925 1444 4984 tamque
1477 4917 1704 4984 pulchro
1724 4917 1916 4970 ordine
1938 4955 1954 4982 ,

391 5016 518 5065 huic
577 5026 704 5064 vero
769 5015 1088 5079 potestatem
1163 5006 1312 5061 dedit
1381 5007 1595 5076 plautas
1657 5010 1954 5062 secundum

389 5114 632 5171 tempora
672 5099 1002 5170 producendi
1027 5097 1050 5149 ?
1073 5093 1222 5151 Unde
1245 5096 1345 5150 soli
1378 5097 1637 5166 splendor
1667 5108 1722 5152 et
1742 5098 1958 5153 virtus?

388 5193 636 5257 Quanam
683 5203 846 5242 manu
879 5187 1216 5256 gubernatus
1269 5194 1426 5240 mutu
1459 5189 1634 5240 fertur
1667 5189 1879 5252 orbico,
1905 5201 1960 5244 et

388 5298 554 5337 cursu
589 5281 842 5350 Opposita
875 5294 1092 5333 rursum
1123 5278 1394 5332 volvitur?
1429 5275 1584 5334 Unde
1613 5280 1754 5334 luna:
1772 5296 1961 5350 pereu-

387 5391 486 5429 nes
515 5385 568 5428 ct
591 5375 819 5426 diversre
834 5372 930 5426 via:
953 5369 1132 5425 iNum
1166 5385 1229 5426 ex
1268 5386 1396 5425 casu
1424 5372 1563 5440 ignis
1591 5373 1809 5441 quidem
1838 5389 1961 5426 sur-

388 5484 508 5522 sum
541 5466 711 5519 fertur
739 5474 793 5519 et
820 5465 961 5520 lucet
979 5475 1033 5520 et
1052 5464 1324 5535 splendet;
1353 5480 1496 5534 aqua
1515 5466 1961 5520 autemdeorsum

393 5559 563 5619 tendit
580 5569 634 5612 et
652 5568 798 5611 motu
815 5557 958 5612 facili
972 5558 1300 5615 distenditur
1315 5574 1331 5625 ;
1348 5574 1439 5612 aer
1458 5574 1587 5614 vero
1601 5560 1965 5628 undequaque

391 5659 658 5712 tueretur,
690 5661 744 5704 et
780 5649 941 5704 [latus
990 5649 1230 5704 emittit?
1281 5649 1438 5705 Unde
1477 5651 1743 5706 elementa
1776 5651 1961 5704 omnia

390 5745 664 5798 contrarie
696 5753 749 5798 et
784 5751 1144 5799 consentanea
1179 5743 1470 5810 habentur,
1536 5743 1591 5800 cf
1615 5745 1688 5800 ita
1729 5747 1966 5800 mundus

2053 4555 2182 4607 δεῖν.
2219 4554 2327 4607 Καὶ
2353 4553 2512 4607 τοῦτό
2545 4572 2712 4623 φησιν
2739 4559 2766 4606 6
2799 4556 3029 4620 Παῦλος,
3061 4558 3310 4626 γράφων·
3349 4577 3367 4609 ι
3405 4552 3628 4630 Τὸῖγὰρ

2055 4643 2266 4712 ἀόρατα
2303 4643 2472 4696 αὐτοῦ
2503 4644 2611 4697 ἀπὸ
2663 4645 2896 4708 κτίσεως
2945 4647 3153 4716 κόσμου
3212 4649 3326 4711 τοῖς
3357 4651 3628 4719 ποιήμασι

2057 4735 2326 4805 νοούμενα
2378 4737 2703 4807 καθορᾶται,
2754 4739 2789 4808 ἦ
2839 4755 2899 4790 τε
2957 4740 3129 4804 ἀΐδιος
3172 4743 3339 4796 αὐτοῦ
3400 4743 3631 4810 δᾲναμις

2057 4828 2150 4880 καὶ
2179 4828 2413 4895 θειότης.
2458 4847 2476 4880 ι
2508 4828 2600 4890 Τίς
2632 4828 2796 4896 ἔθηκε
2825 4832 2934 4896 γὰρ
2964 4830 3076 4884 ἀνω
3104 4833 3195 4884 τὸν
3241 4834 3503 4902 οὐρανόνς
3532 4835 3629 4899 Τίς

2058 4923 2114 4973 ὲν
2149 4920 2225 4988 τῷ
2253 4921 2403 4990 μέσῳ
2446 4924 2545 4990 τὴν
2574 4922 2720 4990 γῆν;
2781 4923 2878 4986 Τίς
2935 4925 3142 4977 ἐκεῖνον
3181 4927 3282 4996 μὲν
3332 4929 3629 4991 ἀπαύστως

2061 5017 2201 5067 κινεί
2227 5053 2240 5077 ,
2277 5017 2371 5067 καὶ
2408 5014 2581 5077 οὓτως
2617 5015 2891 5077 εὐτάκτως
2911 5058 2926 5082 ,
2954 5018 3128 5090 ταύτῃ
3149 5017 3204 5070 δὲ
3235 5019 3377 5071 κατά
3408 5022 3634 5091 καιροὺς

2063 5103 2338 5172 ἁρμοδίως
2375 5103 2699 5172 βλαστάνειν
2730 5105 2961 5176 δύναμιν
2991 5107 3232 5172 δέδωκες
3265 5109 3436 5163 Πόθεν
3463 5111 3519 5164 δὲ
3551 5111 3628 5180 τῷ

2061 5195 2197 5266 ἡλίῳ
2229 5196 2483 5264 malest;
2521 5200 2612 5249 καὶ
2629 5196 2892 5266 δύναμις;
2922 5199 3080 5268 Παρὰ
3106 5200 3251 5264 τινος
3284 5201 3341 5254 δὲ
3381 5205 3476 5256 καὶ
3509 5219 3634 5255 συν-

2063 5291 2342 5355 εχόμενος,
2409 5289 2640 5359 φέρεται
2689 5290 3147 5360 κυκλοφορικῶς,
3189 5297 3282 5346 καὶ
3340 5296 3434 5360 τὴν
3480 5297 3633 5346 ἐναν-

2061 5379 2184 5430 τὶιν
2213 5379 2370 5442 αὖθις
2399 5379 2644 5449 βαδίζει;
2683 5382 2856 5434 Πόθεν
2879 5383 2934 5435 δὲ
2967 5386 3032 5452 τῇ
3069 5385 3270 5456 σελήνῃ
3302 5387 3356 5437 αἱ
3390 5389 3638 5455 συνεχεῖς

2064 5469 2157 5522 τοῦ
2182 5469 2421 5538 φέγγους
2449 5471 2546 5523 καὶ
2594 5471 2693 5535 τῆς
2731 5474 2999 5543 κινήσεως
3033 5475 3338 5544 μεταϐολαὶ
3361 5516 3377 5542 ,
3439 5479 3547 5530 τῶν
3581 5495 3640 5529 τε

2067 5562 2244 5615 ἄλλων
2283 5563 2528 5633 ἀστέρων
2575 5564 2630 5615 αἱ
2666 5567 2910 5620 ποικίλαι
2947 5568 3057 5620 όδοὶ
3087 5555 3189 5621 ’καὶ
3220 5569 3510 5639 διάφοροι;
3573 5571 3644 5622 ’Ἢ

2069 5657 2210 5710 κατὰ
2242 5657 2416 5727 τύχην
2452 5657 2529 5726 τῷ
2561 5658 2694 5727 πυρὶ
2732 5659 2833 5726 μὲν
2874 5660 2934 5712 τὸ
2967 5660 3079 5712 ἄνω
3109 5661 3324 5732 τρέχειν
3347 5664 3439 5714 καὶ
3473 5663 3640 5729 φωτί-

2071 5750 2184 5813 ζειν
2216 5752 2308 5804 καὶ
2339 5752 2585 5820 φλέγειν.
2621 5753 2698 5806 τῶ
2749 5753 2906 5807 ὕδατι
2955 5754 3011 5807 δὲ
3063 5755 3122 5806 τὸ
3156 5758 3306 5810 κάτω
3354 5754 3641 5826 φέρεσθαι,
