4050 6266
509 375 580 440 4³1
1361 381 1741 441 SYMEONIS
1779 380 2528 443 'i'llESSALONlCENSIS
2584 379 2941 442 ABCHIEP.
3690 380 3764 442 ιιι

509 509 667 566 reges
701 493 780 549 vel
809 493 1081 564 principes
1104 495 1464 560 constituunt,
1490 495 1749 563 inopesve
1776 501 1831 548 et
1860 492 2078 557 divites,

2195 493 2360 558 ἔτους,
2394 495 2458 562 τῇ
2514 493 2727 562 κινήσει
2776 492 2983 545 τούτων
3019 485 3172 553 αὖθις
3227 491 3401 561 ἀρχὴν
3446 491 3755 561 λαμϐάνει,

508 597 682 655 κει-οε
720 592 774 638 et
802 597 986 648 sanos,
1024 585 1322 638 morientes
1351 591 1405 638 et
1435 584 1699 647 viventes,
1743 581 1872 636 viles
1896 591 1948 635 et
1983 581 2083 636 lto-

509 675 805 737 norabiles.
829 674 1022 730 stultos
1048 684 1097 730 et
1125 675 1417 745 sapientes,
1437 674 1609 729 bonos
1641 684 1694 728 et
1727 673 1932 737 malos;
1959 688 2086 726 nam

514 766 808 837 impietatis
841 776 922 822 est
955 768 1176 822 credere
1211 766 1335 821 talia
1413 781 1572 835 posse
1605 773 1750 821 astra
1807 770 1862 818 et
1892 765 2087 818 nativi-

513 867 698 915 tatem.
765 859 966 913 Sancta
1029 859 1172 912 enim
1213 857 1347 912 dixit
1405 857 1727 926 Scriptura:
1771 874 1790 906 ι
1824 855 2086 910 Dominus

512 948 727 1016 inuitem
795 947 924 1003 facit
982 957 1036 1004 et
1075 949 1229 1014 ditat,
1282 947 1529 1001 ltumiliat
1559 955 1614 1000 et
1663 946 1935 1010 sublevat,
1979 963 1997 996 ι
2034 953 2088 999 et

512 1037 594 1092 sic
613 1038 830 1092 deinde.
857 1039 917 1093 Et
949 1054 962 1092 :
993 1057 1012 1089 ι
1041 1037 1302 1092 Dominus
1328 1035 1960 1098 mortificatetvivificat,
1980 1034 2084 1088 duo

509 1128 583 1182 cit
611 1129 674 1182 ad
707 1127 914 1182 inferos
945 1137 996 1182 ct
1022 1127 1254 1191 reducit,
1289 1145 1308 1178 ι
1337 1126 1588 1196 equidem
1615 1127 1760 1196 juste
1787 1124 2085 1178 secundum

517 1219 946 1288 uniuscujusque
1011 1218 1337 1274 electionem
1391 1226 1555 1288 atque
1617 1217 1970 1278 voluntatem,
2033 1221 2084 1270 vi

511 1321 688 1364 autem
728 1308 972 1374 minime,
1029 1309 1280 1379 quoniam
1330 1309 1515 1378 justus
1569 1319 1652 1364 est
1714 1309 1978 1362 Dominus
2031 1316 2086 1361 et

503 1402 773 1472 justitiam
823 1399 1054 1466 dilexit;
1092 1409 1166 1466 et,
1202 1417 1219 1450 ι
1265 1399 1344 1454 Τυ
1373 1400 1585 1464 reddes,
1618 1400 1812 1469 inquit,
1874 1396 2086 1453 unicui-

509 1506 616 1561 quc
644 1491 942 1546 secundum
973 1507 1132 1561 Opera
1173 1490 1318 1561 ejus.
1360 1508 1378 1543 ι
1434 1489 1721 1557 Quomodo
1750 1498 1929 1545 autem
1963 1491 2086 1545 red—

508 1582 618 1646 det,
655 1583 701 1636 si
732 1583 853 1651 quis
875 1582 926 1636 vi
970 1594 1247 1652 peccatum
1282 1582 1607 1637 virtutemve
1638 1581 1928 1650 operatur?
1957 1595 2082 1634 nam

509 1672 554 1726 si
585 1671 634 1725 vi
664 1681 809 1742 agat,
860 1685 1037 1741 neque
1075 1681 1262 1742 peccat
1303 1671 1547 1740 iniquus,
1585 1685 1760 1740 neque
1791 1671 1928 1724 bene
1957 1669 2088 1723 facit

509 1762 712 1832 justus,
738 1777 916 1831 neque
937 1763 1171 1816 trucidat
1194 1761 1526 1828 interfector,
1547 1777 1647 1817 nec
1666 1763 1934 1816 adulterat
1955 1776 2085 1816 mo:-

514 1850 651 1904 cltus
679 1866 695 1912 ;
725 1849 973 1919 impurus
996 1865 1104 1906 non
1133 1861 1216 1905 eSt
1243 1853 1510 1922 impurus,
1543 1865 1717 1921 neque
1743 1850 1828 1905 fur
1856 1850 2086 1916 furatur,
2121 1849 2159 1902 Β

514 1953 692 2007 neque
719 1940 890 1994 salvat
917 1940 1173 2004 salvator,
1217 1956 1316 1996 nec
1365 1941 1518 2010 virgo
1551 1940 1860 2006 virginitate
1895 1942 2081 2007 claret,

519 2047 694 2100 neque
727 2034 867 2102 sapit
885 2032 1124 2102 sapiens.
1141 2031 1426 2097 Quomodo
1441 2031 1670 2102 denique
1702 2032 1887 2100 puniet
1909 2029 2090 2086 Domi-

518 2123 644 2176 nus?
665 2125 935 2193 quontodo
948 2123 1080 2192 justi
1107 2134 1158 2178 et
1180 2123 1346 2178 multa
1367 2124 1479 2179 sive
1501 2125 1697 2179 veteris
1710 2126 1824 2179 sive
1841 2140 1994 2179 nova:
2016 2125 2087 2180 le-

514 2215 596 2283 gis
615 2215 887 2279 exempla?
907 2213 1070 2270 Nobis
1095 2229 1218 2269 vero
1239 2214 1586 2270 credentibus
1607 2231 1712 2270 non
1742 2217 2087 2272 solummodo

517 2307 818 2360 secundum
905 2317 1149 2360 naturam
1213 2307 1415 2360 moveri
1483 2307 1778 2362 creduntur
1833 2309 2084 2374 visibilia,

513 2404 610 2454 sed
665 2399 828 2453 etiam
865 2399 987 2466 jure
1022 2415 1185 2469 super
1238 2413 1510 2456 naturam.
1553 2399 1687 2454 Nam
1728 2402 1820 2471 qui
1874 2413 2088 2457 creatu-

516 2505 605 2544 ras
649 2489 775 2544 fecit
813 2499 984 2559 potest
1029 2505 1143 2556 eas,
1199 2500 1258 2544 ttt
1317 2492 1568 2555 voluerit,
1627 2492 1933 2546 immutare.
1964 2492 2089 2548 [dco

517 2583 762 2654 prodigia
803 2581 929 2637 fecit
959 2596 1123 2652 supra
1157 2592 1406 2638 naturam
1455 2585 1629 2653 posita
1685 2593 1792 2638 tam
1855 2595 1980 2638 ante
2015 2586 2084 2639 le-

515 2691 657 2744 gem,
685 2690 847 2745 quam
890 2677 941 2728 itt
977 2677 1114 2745 lege,
1157 2689 1210 2732 et
1245 2687 1367 2746 post
1428 2676 1596 2745 legem
1633 2677 1976 2732 orationibus
2001 2678 2088 2747 ju-

510 2779 745 2830 storum,
780 2778 833 2820 et
861 2767 1184 2822 miraculum
1229 2767 1361 2822 fecit
1394 2783 1647 2837 magnum
1678 2783 1840 2836 super
1868 2783 2084 2822 omnem

515 2869 752 2912 mentem
806 2869 970 2926 atque
1034 2873 1368 2914 scrmOnem.
1421 2857 1658 2914 Verbum
1715 2869 1938 2929 prepter
1984 2871 2088 2915 nos

518 2951 858 3003 incarnatnm
892 2959 948 3003 et
992 2964 1086 3018 per
1134 2949 1296 3003 vitam
1338 2948 1480 3004 inter
1537 2963 1636 3003 nos
1681 2958 2085 3012 conversatum,

515 3050 570 3092 et
603 3053 766 3092 catne
796 3053 1039 3107 passum,
1069 3049 1124 3093 et
1159 3037 1459 3093 redivivum
1490 3045 1544 3094 et
1575 3048 1699 3107 post
1729 3038 2090 3093 resurrectio-

516 3149 636 3187 ιιιιιιι
719 3145 1100 3202 conspectum,
1180 3141 1381 3187 tactum
1476 3143 1640 3202 atque
1715 3147 2086 3203 progressum,

517 3244 724 3283 necnon
783 3232 839 3281 in
895 3227 1092 3282 coelum
1142 3241 1266 3280 cum
1332 3241 1497 3279 carne
1548 3226 1870 3292 ascendens,
1904 3236 1958 3281 et
1995 3242 2092 3296 per

521 3319 800 3388 apostolos
825 3329 1081 3371 naturam
1103 3317 1394 3371 humanam
1415 3319 1627 3386 replens
1647 3316 1852 3386 Spiritu
1875 3328 2091 3383 sancto;

519 3411 751 3480 etsigna
803 3408 930 3462 fecit
960 3409 1099 3464 Deus
1164 3419 1328 3479 atque
1379 3410 1643 3480 prodigia,
1686 3419 1997 3479 terramque
2029 3411 2094 3463 ad

521 3505 678 3557 tidem
723 3501 888 3554 traxit
936 3501 1050 3556 sola
1083 3500 1469 3571 praedicatione
1503 3510 1558 3555 et
1608 3502 1912 3562 miraculis,
1968 3515 2096 3554 ncc-

519 3609 627 3646 non
665 3607 838 3660 quue
871 3592 937 3646 ad
987 3594 1128 3646 hanc
1186 3593 1376 3648 ltoratn
1435 3594 1683 3663 prodtgia
1737 3594 1992 3661 patravit,
2040 3600 2094 3646 et

525 3685 758 3738 mortuis
787 3693 1101 3740 sanctorum
1123 3683 1368 3754 reliquiis
1391 3685 1754 3754 precibusque
1774 3695 2090 3740 sanctorum

527 3776 794 3830 mirabilia
826 3784 1103 3844 operatur,
1135 3787 1190 3831 et
1240 3775 1443 3846 ligandi
1481 3785 1645 3845 atque
1701 3775 1943 3830 solvendi
1999 3793 2094 3844 po-

526 3877 694 3922 testas
726 3868 1110 3922 manifestatur
1145 3885 1158 3932 ;
1197 3882 1319 3936 qua:
1349 3867 1530 3922 omnia
1586 3877 1710 3922 sunt
1742 3883 1905 3937 supra
1938 3878 2094 3921 natu-

522 3977 660 4023 ram,
694 3961 894 4030 Deique
921 3973 1086 4028 opera
1117 3960 1534 4030 omnipotentis.
1569 3958 1862 4030 Propterea
1889 3961 2092 4014 inlirtni

522 4067 807 4120 precamur
841 4060 899 4106 ut
935 4050 1245 4112 )anitatem
1303 4052 1656 4120 accipiamus,
1703 4063 1757 4106 et
1813 4055 2001 4108 tentati
2036 4065 2094 4107 ut

521 4145 815 4198 liberentur
849 4159 914 4196 ex
955 4144 1218 4209 adversis,
1251 4153 1304 4196 et
1336 4145 1463 4198 dum
1495 4145 1762 4199 elementa
1789 4145 2094 4200 inordinate

523 4246 829 4303 moventur,
865 4235 1208 4306 postulamus
1251 4245 1309 4290 ut
1332 4236 1632 4291 secundum
1679 4237 1922 4292 ordinem
1976 4255 2093 4289 mn-

525 4343 790 4400 veantur,
861 4344 915 4388 et
974 4333 1233 4403 pleraque
1283 4333 1417 4386 fiunt
1467 4333 1708 4384 virorum
1775 4337 2091 4383 sanctorum

523 4427 796 4496 precibus,
847 4429 992 4482 velut
1049 4425 1232 4495 pluvia
1296 4434 1416 4494 post
1471 4432 1684 4486 mstum,
1746 4431 1804 4475 ut
1851 4422 2093 4476 hostium

519 4521 718 4588 clades,
754 4528 812 4574 ut
845 4519 1005 4574 famis
1034 4526 1089 4572 et
1136 4516 1306 4585 pestis
1342 4516 1566 4580 solutio,
1603 4523 1656 4567 et
1699 4513 1957 4582 pleraque
1986 4513 2088 4565 alia

519 4623 571 4666 et
605 4613 944 4666 infirmorum
1011 4608 1346 4668 sanationes,
1400 4616 1452 4660 et
1487 4605 1856 4659 calamitatum
1888 4603 2091 4656 exstin-

518 4704 751 4768 ctiones,
792 4711 1010 4772 propter
1039 4716 1162 4771 quae
1219 4700 1548 4768 deprecatur
1607 4695 1870 4750 Ecclesia.
1924 4695 2093 4764 lgitnr

518 4811 670 4865 spem
713 4795 767 4849 in
801 4795 970 4848 Deum
997 4795 1194 4848 evertit
1221 4792 1358 4845 falsa
1384 4792 1452 4846 Je
1493 4791 1710 4844 fortuna
1741 4799 1797 4843 et
1829 4785 1941 4843 fato
1974 4787 2092 4856 opi-

519 4890 630 4952 nio,
664 4888 953 4958 ipsumque
1017 4885 1188 4940 Deum
1252 4883 1506 4948 destruit,
1563 4881 1919 4950 divinumque
1973 4881 2092 4949 ejus

519 4979 843 5050 potentiam,
869 4989 924 5034 et
954 4992 1172 5033 omnem
1213 4973 1549 5044 Scripturam
1585 4984 1849 5036 sanctam.
1896 4982 1950 5027 et
1989 4971 2094 5026 ini-

517 5088 752 5143 quorum
813 5086 1022 5142 pmnas,
1057 5078 1111 5125 et
1145 5069 1418 5138 justorum
1465 5068 1792 5132 mercedem,
1823 5077 1877 5122 et
1911 5065 2092 5120 omnia

516 5164 606 5220 Dei
645 5162 920 5236 mysteria.
953 5161 1074 5216 Ideo
1099 5160 1266 5215 nolite
1315 5159 1688 5214 Christianum
1719 5157 1919 5213 ducere
1968 5171 2092 5212 eum

515 5257 610 5328 qui
659 5259 723 5313 de
787 5255 898 5311 fato
927 5264 982 5311 et
1015 5252 1311 5322 astrologia
1355 5261 1520 5320 atque
1566 5250 1836 5306 similibus
1887 5252 2090 5304 studet.

519 5347 584 5404 Et
616 5350 663 5406 si
695 5347 1069 5419 quis'dixerit
1111 5361 1172 5402 se
1228 5345 1430 5400 talibus
1505 5345 1710 5411 doceri,
1763 5361 1792 5400 a
1846 5347 2095 5399 daemone

517 5443 792 5498 deluditur
838 5451 893 5498 et
929 5441 1200 5514 rejicitur,
1239 5450 1295 5495 et
1329 5438 1397 5496 ab
1437 5438 1678 5494 Ecclesia
1711 5439 1769 5494 fit
1805 5439 2016 5492 alienus
2041 5446 2096 5492 et

517 5534 772 5589 mendax.
831 5532 1024 5592 Omnis
1093 5542 1273 5588 autem
1337 5532 1418 5586 vir
1478 5531 1787 5600 religiosus,
1846 5545 1970 5584 cum
2023 5530 2096 5584 sit

517 5629 740 5693 Christi,
767 5626 862 5698 qui
901 5636 985 5684 est
1011 5627 1181 5686 virtus
1216 5625 1416 5693 Patris,
1436 5627 1661 5692 veritas,
1699 5625 1930 5678 Verbum
1977 5637 2094 5678 oru-

519 5721 796 5790 nipotens,
822 5716 1004 5788 Speret
1033 5719 1087 5774 in
1146 5718 1456 5786 Dominum,
1494 5719 1586 5788 qui
1618 5727 1702 5773 est
1739 5731 1885 5771 nunc
1912 5727 1966 5773 et
2000 5730 2094 5784 per

517 5827 678 5871 omne
730 5811 1015 5880 sarculum,
1063 5796 1326 5881 quoniam
1390 5811 1648 5884 prrctcrit
1698 5808 1868 5879 ﬁgura
1927 5809 2090 5880 hujus

2189 584 2286 639 καὶ
2323 585 2608 638 διοικεῖται
2642 585 2708 637 τὰ
2741 585 2998 654 ὁρώμενα
3044 583 3210 648 οὕτω,
3244 584 3461 654 θελήσει
3495 585 3632 638 Θεοῦ
3667 590 3763 639 καὶ

2191 671 2581 741 προστάγματι
2635 671 3047 742 συμφερόντως.
3082 673 3156 724 06
3191 673 3300 743 μὴν
3331 674 3388 726 δὲ
3440 675 3615 743 ἀρχὴν
3645 674 3763 742 ἔχει

2187 763 2257 816 τά
2285 763 2586 831 κτίσματα,
2613 763 2646 834 ἦ
2673 763 2996 817 δυναστείαν
3025 765 3220 826 ἐπάγει
3245 803 3260 828 ,
3296 766 3328 836 ἢ
3367 764 3562 838 γνώμῃ
3595 771 3766 834 ποιεῖ,

2189 856 2222 926 ἢ
2254 857 2352 925 τῆς
2379 855 2558 926 ψυχῆς
2597 855 2886 924 κατάρχει,
2915 856 2948 924 ἦ
2998 857 3340 925 ἁμαρτάνειν
3372 859 3694 926 ἀναγκάζει,
3727 863 3761 930 ἦ

2190 945 2392 1017 ἀρετὴν
2425 947 2691 1016 ἐνεργεῖν,
2717 947 2746 1014 ἢ
2782 946 3024 1016 βασ.λεῖς
3051 947 3314 1016 καθιστᾷν
3343 965 3400 1000 τε
3425 951 3519 1001 καὶ
3555 951 3758 1018 ἄρχειν-

2189 1056 2309 1102 τας,
2344 1038 2675 1106 πενομένους
2704 1054 2763 1090 τε
2811 1041 2907 1090 καὶ
2943 1037 3198 1090 πλουσίου
3218 1057 3252 1102 τ,
3295 1038 3637 1104 ὑγιαίνοντας
3667 1039 3763 1089 καὶ

2189 1130 2528 1200 ἀρρώστους,
2560 1131 2900 1200 θνήσκοντας
2933 1131 3024 1181 καὶ
3053 1129 3282 1192 ζῶντας,
3321 1130 3548 1198 ἀτίμους
3574 1147 3629 1179 τε
3665 1130 3761 1178 καὶ

2189 1224 2426 1290 τιμίους,
2475 1221 2754 1291 ἔμφρονάς
2788 1238 2847 1273 τε
2876 1224 2968 1274 καὶ
3001 1222 3210 1290 ἄφρονα
3225 1242 3263 1284 ς,
3301 1219 3537 1288 ἀγαθούς
3565 1236 3624 1270 τε
3661 1221 3761 1272 καὶ

2190 1313 2482 1380 πονηρούς.
2533 1313 2748 1374 Ἀθεῒας
2798 1315 2905 1384 γὰρ
2959 1313 3021 1365 τὸ
3079 1312 3304 1364 τοιαῦτα
3349 1311 3611 1364 δύνασθαι
3659 1312 3763 1378 τὴν

2189 1405 2404 1473 γένεσιν
2450 1404 2544 1456 καὶ
2591 1406 2718 1465 τοὺς
2767 1404 3002 1473 ἀστέρας
3037 1403 3302 1467 δοξάζειν.
3350 1403 3415 1454 Ἠ
3473 1409 3581 1470 γὰρ
3634 1402 3765 1468 ἁγία

2190 1497 2405 1566 Γραφὴ,
2459 1496 2694 1564 Κύριος,
2730 1497 2886 1565 φησι,
2920 1497 3184 1564 πτωχίζει
3215 1495 3310 1548 καὶ
3335 1494 3608 1558 πλουτίζει
3631 1537 3645 1556 ,
3679 1511 3768 1545 ια-

2191 1593 2369 1644 πεινοῖ
2415 1590 2508 1643 καὶ
2539 1590 2751 1658 ἁνυψοῖ,
2791 1590 2887 1642 καὶ
2946 1589 3013 1641 τὰ
3046 1589 3298 1657 καθεξῆς.
3332 1589 3382 1656 ⁷
3418 1589 3524 1639 Καὶ
3561 1587 3767 1654 Κύριος

2189 1679 2411 1734 θανατοτ
2442 1682 2536 1732 καὶ
2575 1681 2849 1746 ζωογονεῖ,
2891 1681 3118 1746 κατάγει
3177 1681 3253 1738 είς
3306 1679 3433 1749 ᾅδου
3483 1680 3578 1730 καὶ
3626 1679 3760 1730 ἀνά·-

2191 1789 2295 1839 γει.
2327 1773 2426 1824 καὶ
2474 1773 2634 1825 τοῦτο
2684 1772 2910 1834 δικαίως
2945 1771 3040 1824 καὶ
3076 1770 3216 1823 κατά
3267 1769 3589 1840 προαίρεσιν
3623 1769 3761 1821 ἑκά-

2196 1884 2322 1918 στου
2374 1867 2462 1919 καὶ
2507 1866 2746 1934 κίνησιν,
2796 1865 2978 1918 καὶού
3022 1866 3162 1918 κατά
3217 1863 3358 1932 βίαν.
3392 1862 3516 1914 ’Ὀτι
3553 1861 3768 1922 δθκαιος

2197 1958 2392 2028 Κύριος
2428 1957 2521 2010 καὶ
2559 1956 2897 2015 δικαιοσύνας
2929 1956 3210 2024 ἠγάπησε.
3247 1955 3351 2005 Καὶ
3383 1954 3462 2004 ὅτι
3500 1952 3601 2003 (Σὺ
3631 1952 3766 2002 ἀπο-

2194 2048 2381 2106 δώσεις
2414 2050 2648 2119 ἑκάστῳ,
2676 2051 2830 2117 φησι,
2848 2049 2989 2102 κατὰ
3015 2050 3080 2100 τὰ
3108 2047 3246 2116 ἔργα
3273 2045 3490 2110 αἰδοῦ.»
3517 2045 3623 2096 Καὶ
3647 2043 3770 2104 πῶς

2203 2140 2498 2204 ἀποδώσει,
2533 2141 2583 2192 εἰ
2621 2142 2764 2193 κατὰ
2814 2139 2934 2209 βίαν
2969 2137 3296 2209 ἁμαρτάνει,
3343 2137 3376 2206 ἢ
3414 2135 3706 2203 κατορθοῖς
3739 2135 3769 2186 6

2196 2231 2307 2302 γὰρ
2339 2234 2483 2285 κατὰ
2516 2233 2641 2302 βίαν
2675 2232 2846 2285 ποιῶν
2873 2229 2996 2284 οὔτε
3032 2231 3218 2292 ἄδικος
3247 2227 3606 2299 ἁμαρτάνων,
3637 2225 3764 2278 οὔτε

2194 2325 2400 2389 δίκαιος
2429 2326 2711 2397 κατορθῶν
2741 2342 2755 2358 ο
2789 2326 2885 2377 καὶ
2929 2322 3055 2376 οὔτε
3091 2323 3119 2375 6
3154 2322 3424 2390 φονεύσας
3455 2317 3668 2387 φονεὺς,
3727 2316 3763 2386 ἢ

2194 2417 2224 2470 6
2282 2417 2576 2487 μοιχεύσας
2637 2417 2858 2487 μοιχδς,
2905 2416 2938 2486 ἢ
2987 2420 3013 2469 ὁ
3046 2414 3358 2485 ἀκάθαρτος
3413 2413 3508 2466 καὶ
3556 2409 3761 2480 ἅρπαξ.

2194 2509 2501 2580 ἀκάθαρτος
2553 2526 2613 2562 τε
2656 2510 2746 2563 καὶ
2794 2508 3000 2580 ἅρπαξ,
3056 2506 3179 2561 οὕτε
3232 2510 3259 2560 6
3313 2505 3503 2569 σώζων
3557 2502 3761 2574 σωτὴρ,

2196 2605 2289 2656 καὶ
2343 2606 2371 2656 6
2431 2603 2698 2674 παρθένος
2755 2604 3042 2672 παρθένος,
3113 2603 3208 2654 καὶ
3283 2599 3514 2668 σώφρων
3571 2599 3599 2649 6
3653 2597 3762 2648 σώ-

2196 2714 2370 2765 φρων,
2405 2696 2498 2751 καὶ
2545 2699 2573 2748 ὁ
2609 2698 2818 2759 δίκαιος
2860 2696 3085 2758 δίκαιος.
3141 2693 3249 2747 Καὶ
3299 2693 3416 2755 πῶς
3444 2691 3632 2744 λοιπὸν
3669 2707 3766 2742 κοο

2195 2787 2346 2850 λάζει
2391 2788 2555 2851 Θεός;
2598 2787 2692 2838 καὶ
2727 2787 2844 2848 πῶς
2871 2787 3070 2839 δικαιοῖ
3110 2787 3204 2838 καὶ
3255 2785 3481 2836 πλεῖστα
3523 2783 3578 2835 ἐν
3607 2799 3665 2834 τε
3698 2784 3766 2850 τῇ

2198 2879 2412 2948 Παλαιᾷ
2439 2883 2536 2933 καὶ
2565 2883 2740 2948 Καινῇ
2771 2879 2838 2931 τὰ
2886 2879 3264 2947 ὑποδείγματα
3295 2896 3310 2943 ;
3348 2877 3509 2930 Ἀλὶὰ
3539 2877 3650 2938 τοῖς
3680 2890 3770 2924 πι-

2198 2973 2342 3033 στοῖς
2365 2972 2497 3041 ἡμῖν
2522 2971 2642 3024 οὐδὲ
2669 2972 2727 3024 τὸ
2750 2971 2893 3024 κατὰ
2925 2971 3085 3040 φύσιν
3117 2971 3384 3022 κινεῖσθαι
3409 2969 3475 3020 τὰ
3509 2968 3766 3036 ὁρώμενα

2200 3063 2360 3133 μόνον
2392 3063 2538 3130 δόξα,
2594 3065 2728 3116 ἀλλὰ
2777 3065 2872 3117 καὶ
2918 3063 3058 3134 ὑπὲρ
3092 3063 3254 3132 φύσιν
3282 3063 3528 3124 δικαίως.
3571 3061 3630 3113 Ὀ
3659 3061 3768 3128 γὰρ

2197 3154 2431 3224 ποιήσας
2476 3155 2574 3218 τὴν
2606 3155 2785 3208 κτίσιν
2836 3154 3010 3222 ἰσχύει
3063 3153 3422 3223 μεταϐάλλειν
3453 3151 3527 3214 ὼς
3577 3150 3766 3220 βούλε-

2195 3261 2306 3298 ται.
2344 3244 2432 3297 Διὸ
2461 3246 2554 3298 καὶ
2603 3245 2806 3315 τέρατα
2855 3246 3152 3314 πεποίηκεν
3180 3246 3321 3313 ὑπὲρ
3354 3244 3536 3313 φύσιν,
3564 3244 3768 3309 τά·πρδ

2195 3336 2290 3389 τοῦ
2323 3337 2512 3406 νόμου,
2545 3338 2613 3389 τὰ
2636 3339 2693 3389 ἐν
2736 3337 2815 3405 τῷ
2843 3337 3017 3406 νόμῳ,
3061 3340 3153 3390 καὶ
3192 3339 3330 3405 μετά
3382 3337 3546 3404 νόμον
3589 3352 3766 3406 προσ-

2194 3432 2379 3499 ευχαῖς
2415 3429 2525 3481 τῶν
2561 3429 2783 3483 δικαίων
2813 3472 2827 3491 ,
2860 3436 2953 3482 καὶ
2984 3431 3044 3483 τὸ
3098 3429 3240 3498 μέγα
3291 3429 3383 3481 καὶ
3416 3429 3558 3496 ύτιὲρ
3591 3429 3768 3480 πάντα

2208 3523 2333 3574 νοῦν
2361 3540 2417 3574 τε
2451 3525 2543 3574 καὶ
2569 3522 2726 3590 λόγον
2772 3526 2830 3576 τὸ
2894 3523 3245 3594 σαρκωθῆναι
3287 3523 3379 3573 τὶν
3430 3521 3601 3588 Λόγον
3632 3521 3770 3587 ὑπὲρ

2196 3613 2373 3682 ἡμῶν,
2409 3614 2503 3666 καὶ
2537 3611 2995 3682 ὲμπολιτευθῆναι
3045 3611 3123 3681 τῷ
3167 3611 3286 3681 βίῳ,
3320 3611 3416 3663 καί⁵
3449 3610 3617 3680 σαρκὶ
3666 3628 3767 3661 πα-

2196 3706 2333 3769 θεῖν,
2365 3707 2456 3758 καὶ
2487 3707 2818 3773 ἀναστῆναι,
2865 3706 2959 3758 καὶ
2991 3705 3258 3775 ὁραθῆναι
3296 3705 3436 3773 μετά
3479 3706 3578 3776 τὴν
3612 3706 3767 3773 ἔγερ-

2198 3812 2302 3858 σιν,
2339 3794 2431 3846 καὶ
2451 3795 2869 3864 ψηλαφηθῆναι,
2905 3796 2998 3846 καὶ
3031 3792 3330 3862 τραφῆναι,
3360 3803 3452 3844 καὶ
3484 3794 3564 3854 εἰς
3599 3793 3765 3858 ούρα-

2195 3887 2320 3948 νοῦς
2356 3888 2494 3955 μετὰ
2531 3888 2628 3954 τῆς
2668 3887 2873 3954 σαρκὸς
2905 3886 3150 3938 ἀνελθεῖν
3205 3887 3298 3938 καὶ
3358 3885 3557 3952 πλῆσαι
3600 3883 3768 3935 Πνιύ-

2200 3994 2363 4045 ματος
2405 3978 2563 4046 ἁγίου
2594 3978 2695 4047 τὴν
2729 3979 3081 4050 ἀνθρωπίνην
3123 3977 3287 4046 φύσιν
3342 3977 3428 4030 διὰ
3478 3975 3589 4027 τῶν
3639 3976 3772 4027 ἁπο-

2198 4070 2420 4131 στόλων,
2449 4070 2544 4122 καὶ
2575 4070 2782 4139 σημεῖα
2811 4071 2905 4124 καὶ
2929 4071 3136 4140 τέρατα
3167 4070 3491 4140 ἐνεργῆσαι,
3519 4069 3615 4121 καὶ
3665 4067 3768 4135 τὴν

2195 4161 2521 4231 οἰκουμένην
2560 4164 2640 4224 εἰς
2666 4190 2670 4194 -
2694 4162 2792 4232 τὴν
2843 4162 3029 4217 πίστιν
3073 4160 3312 4214 ’ὲλκῦσαι
3365 4161 3514 4229 μόνῳ
3553 4159 3632 4238 τῷ
3669 4177 3771 4228 κη-

2199 4255 2440 4324 ρύγματι
2495 4256 2742 4318 καὶτοῖς
2817 4255 3082 4323 θαύμασι,
3167 4254 3262 4307 καὶ
3322 4255 3450 4322 ἄχρι
3515 4251 3607 4304 τοῦ
3674 4250 3769 4304 νῦν

2197 4348 2254 4398 ἐν
2310 4345 2587 4414 θαύμασιν
2656 4347 2953 4416 ἐνεργεῖν,
3026 4348 3124 4399 καὶ
3209 4348 3423 4415 νεκροῖς
3488 4345 3770 4411 λειψάνοις

2197 4439 2394 4506 ἁγίων,
2439 4439 2531 4490 καὶ
2565 4439 2750 4506 εὐχαῖς
2788 4439 2982 4508 ἱερέων
3026 4439 3420 4508 τερατουργεῖν
3463 4437 3552 4488 τὸν
3609 4435 3768 4496 Θεὸν,

2197 4531 2291 4582 καὶ
2335 4531 2433 4598 τὴν
2480 4529 2571 4582 τοῦ
2604 4531 2754 4582 λύειν
2804 4530 2897 4582 καὶ
2944 4530 3163 4598 δεσμεῖν
3207 4528 3576 4599 φανεροῦσθαι
3607 4528 3770 4581 δύνα-

2199 4638 2312 4690 μιν,
2347 4621 2490 4691 ἅπερ
2523 4621 2700 4674 πάντα
2739 4621 3021 4690 ὑπερφυῆ,
3057 4621 3154 4673 καὶ
3209 4620 3303 4674 τοῦ
3351 4620 3768 4688 παντοὸννάμου

2197 4711 2332 4782 ἔργα
2367 4711 2523 4767 Θεοῦ.
2563 4712 2655 4764 Διδ
2690 4713 2783 4764 καὶ
2827 4712 3248 4782 ἀρρωστοῦντες
3275 4713 3547 4783 εὐχόμεθα
3578 4712 3770 4768 ὑγείαν

2197 4807 2400 4873 εὑρεῖν,
2427 4807 2522 4857 καὶ
2563 4806 3073 4873 περιστατούμενοι,
3109 4806 3452 4875 λυτρωθῆναι
3501 4804 3609 4858 τῶν
3635 4806 3772 4858 δυση

2199 4897 2397 4968 χερῶν,
2457 4899 2551 4950 καὶ
2599 4898 2708 4952 τῶν
2738 4900 3027 4968 στοιχείων
3057 4899 3386 4970 παραλόγως
3415 4899 3776 4966 κινουμένων,

2197 4993 2276 5053 εἰς
2311 4990 2371 5042 τὸ
2410 4990 2658 5059 εὐφόρως
2684 4992 2981 5044 κινεῖσθαι.
3015 4992 3124 5044 Καὶ
3167 4991 3396 5043 πλεῖστα
3444 4991 3654 5058 γίνεται
3687 4993 3777 5042 εἰ·

2197 5085 2319 5152 χαῖς
2346 5083 2572 5136 δικαίων
2603 5083 2834 5153 ἀνδρῶν·
2868 5083 2945 5144 ὼς
2992 5083 3144 5145 ύετὸς
3185 5083 3245 5146 ἐξ
3292 5081 3528 5151 αὐχμοῦ,
3565 5082 3642 5145 ὼς
3676 5101 3778 5134 κα-

2197 5174 2474 5245 ταστροφὴ
2515 5174 2832 5242 πολεμίων,
2881 5173 2955 5234 ὡς
3001 5172 3162 5242 λιμοῦ
3207 5173 3362 5234 λύσις
3413 5173 3507 5224 καὶ
3550 5173 3768 5242 λοιμοῦ,

2199 5267 2293 5319 καὶ
2323 5266 2553 5320 πλεῖστα
2611 5266 2765 5318 ἄλλω
2801 5267 2897 5318 καὶ
2962 5263 3207 5318 ἀσθενῶν
3265 5265 3603 5335 ἀναρῤὡσεις
3629 5305 3644 5330 ,
3683 5271 3777 5321 καί

2197 5355 2491 5434 ἀπαλλαγὴ
2550 5355 2838 5426 λυπηρῶν,
2870 5356 2935 5409 δι’
2968 5355 3004 5410 ἃ.
3055 5357 3155 5408 καί
3193 5359 3226 5427 ἡ
3267 5357 3569 5425 Ἐκκλησία
3607 5375 3778 5426 προσ-

2199 5448 2441 5516 εύχεται.
2487 5447 2813 5517 Ἀνατρέπει
2846 5449 3031 5501 τοίνυν
3065 5450 3164 5518 τὴν
3195 5451 3274 5511 είς
3309 5449 3444 5501 Θεὸν
3473 5449 3666 5501 ἐλπίδα
3707 5450 3778 5503 τὰ

2195 5539 2295 5606 τῆς
2327 5537 2499 5608 τύχης
2551 5556 2609 5592 τε
2655 5539 2748 5591 καὶ
2798 5541 3069 5608 γενέσεως
3113 5543 3207 5593 καὶ
3263 5541 3426 5596 αὑτὸν
3473 5543 3656 5595 ἀθετεῖ
3683 5544 3777 5596 τὸν

2198 5628 2364 5693 Θεὸν,
2396 5633 2489 5683 καὶ
2539 5631 2638 5702 τὴν
2691 5631 2858 5684 αὐτοῦ
2900 5633 3051 5685 θείαν
3103 5633 3336 5704 δύναμιν
3365 5675 3380 5700 ,
3444 5637 3542 5689 καὶ
3592 5637 3780 5691 πᾶσαν

2199 5720 2359 5786 ἁγίαν
2393 5720 2642 5792 Γραφὴν,
2679 5721 2776 5774 καὶ
2812 5722 3036 5776 κόλασιν
3067 5723 3291 5791 ἀδίκων,
3329 5727 3424 5779 καὶ
3471 5725 3778 5786 ἀπόλαυσιν

2202 5811 2447 5882 δικαίων,
2488 5815 2581 5868 καὶ
2617 5812 2793 5873 πάντα
2827 5813 2962 5869 θεοῦ
2994 5817 3298 5887 μυστήρια.
3336 5819 3428 5874 Διὸ
3455 5819 3552 5875 καὶ
3583 5819 3777 5889 μηδεὶς
