4050 6266
486 385 546 450 5i

1322 384 1626 448 SYMEON
1638 386 1706 447 lS
1757 383 2514 449 TIIESSALONICENCIS
2550 385 2904 448 ARCIllEP.

3693 324 3763 435 se

484 502 672 558 dicens
707 522 721 558 :
758 521 777 555 ι
819 503 1164 572 Baptizantes
1195 515 1320 568 eos;
1359 520 1377 553 ι
1410 517 1538 557 nam
1580 515 1690 556 non
1716 509 1926 554 tantum
1957 498 2108 581 αεὶ-Α

2202 501 2326 566 ξεῖν,
2370 519 2388 551 ι
2427 499 2520 553 τοῦ
2560 474 2797 566 Πατρὸς,
2838 500 2934 552 καὶ
2989 495 3087 550 τοῦ
3137 497 3290 563 Υίοῦ,
3323 494 3420 551 καὶ
3472 491 3566 547 τοῦ
3602 490 3761 561 ἁγίου

485 605 572 651 tur
609 595 678 652 de
705 594 1049 666 baptizando,
1091 594 1185 651 sed
1225 593 1391 649 etiam
1437 592 1507 647 de
1558 590 1880 648 renovando
1913 597 1967 643 et
1999 589 2067 644 de

487 685 786 745 reﬁciendo
815 685 1058 752 homine,
1098 684 1245 755 quod
1286 684 1348 739 [lt
1380 683 1582 739 virtute
1623 691 1679 736 et
1705 689 1976 752 potestate
2015 688 2071 735 et

485 780 661 850 gratia
694 780 858 837 unius
905 778 1148 836 nominis
1177 775 1577 847 omnipotentis
1608 773 1932 841 Trinitatis;
1970 772 2066 828 sed

487 887 845 939 personarum
880 871 1203 928 Trinitatem
1229 868 1531 927 declaravit
1560 865 1798 923 dicendo
1824 883 1839 920 :
1866 863 2068 930 Patris,

488 976 542 1019 et
567 965 717 1034 Filii,
762 975 819 1021 et
843 965 1083 1037 Spiritus
1132 964 1333 1022 sancti.
1374 961 1530 1030 Quod
1578 960 1745 1016 etiam
1778 958 2072 1014 conﬁtetur

486 1057 728 1115 Joannes
758 1052 1094 1128 Theologus,
1117 1057 1171 1111 in
1214 1054 1370 1110 initio
1406 1052 1491 1110 sui
1513 1048 1792 1120 Evangelii
1819 1048 1902 1104 sic
1934 1046 2074 1101 scri-

492 1150 625 1206 bens
665 1167 679 1204 :
721 1168 743 1204 ι
793 1149 853 1205 In
890 1149 1162 1220 principio
1205 1154 1326 1205 erat
1371 1144 1642 1211 Verbum,
1686 1160 1705 1195 ι
1745 1140 1949 1196 Filium
1976 1154 2075 1193 an.

495 1240 785 1307 nuntians;
826 1260 846 1296 ι
880 1250 937 1298 et
961 1240 1204 1297 Verbum
1231 1246 1350 1296 erat
1384 1242 1530 1307 apud
1564 1235 1756 1298 Deum,
1790 1252 1809 1284 ι
1857 1232 2071 1288 Patrem

492 1338 731 1402 docens;
773 1352 793 1387 ι
844 1342 898 1391 et
960 1333 1101 1391 Deus
1158 1343 1282 1389 erat
1331 1331 1596 1394 Verbum,
1632 1347 1651 1382 ι
1686 1326 1890 1381 Filium
1950 1339 2073 1380 esse

496 1424 645 1481 Patri
689 1426 1218 1482 consubstantialem
1276 1425 1692 1480 demonstrans.
1734 1438 1753 1471 ι
1791 1418 1904 1472 Hoc
1954 1424 2076 1470 erat

493 1521 545 1572 iu
584 1519 853 1589 principio
906 1519 1051 1589 apud
1103 1520 1298 1585 Deum,
1333 1536 1352 1570 ι
1382 1515 1642 1587 quoniam
1700 1511 2074 1568 consubstan-

492 1611 619 1665 tiale
640 1618 725 1667 est
768 1610 914 1666 Patri
945 1617 1000 1666 et
1033 1618 1391 1667 coaeternum.
1437 1625 1457 1660 ι
1493 1606 1690 1663 Omnia
1741 1619 1837 1674 per
1899 1606 2072 1674 ipsum

494 1703 633 1758 facta
668 1711 833 1767 sunt;
872 1720 892 1755 ι
924 1701 1187 1772 quoniam
1229 1700 1439 1757 creanti
1472 1706 1802 1770 cooperatus
1852 1704 1937 1751 est
1970 1693 2075 1748 Pa»

496 1795 587 1860 tri,
615 1810 741 1850 nam
777 1812 792 1850 :
830 1813 850 1848 ι
884 1792 1067 1850 Verbo
1108 1792 1326 1849 Domini
1375 1792 1502 1851 cadi
1536 1790 1732 1846 ﬁrmati
1765 1797 1917 1856 sunt,
1942 1807 1960 1840 ι
2002 1787 2078 1841 ait

2176 588 2515 659 Πνεύματος.
2553 607 2570 639 ι
2612 588 2721 641 Καὶ
2754 587 2918 643 πάλιν
2946 588 3043 658 τῆς
3080 589 3219 657 μιᾶς
3259 585 3493 657 Τριάδος
3524 581 3621 653 τὴν
3663 581 3764 636 a6-

2177 682 2277 753 τὴν
2314 685 2405 736 καὶ
2440 684 2570 752 μίαν
2602 683 2834 753 δύναμιν
2869 682 2964 738 καὶ
2995 683 3305 752 ἐνέργειαν,
3354 681 3413 733 ὲν
3455 678 3535 747 τῷ
3570 674 3758 744 λέγειν

2187 792 2206 826 ι
2253 774 2610 845 βαπτίζοντες
2639 773 2860 837 αὐτούς.
2903 793 2920 824 ι
2959 772 3094 826 Οὐδὲ
3127 772 3234 840 γὰρ
3264 767 3448 831 ἁπλῶς
3478 765 3764 837 βαπτίζειν

2180 867 2353 928 ἐστὶν.
2394 864 2515 918 ἀλλ’
2549 863 2925 928 ἀνακαινίζειν
2977 862 3074 916 καὶ
3132 859 3497 916 ἀναπλάττειν
3537 857 3630 909 τὸν
3665 855 3762 925 βα-

2182 958 2514 1026 πτιζόμενον
2543 974 2555 987 ·
2589 957 2617 1008 6
2643 956 2706 1025 δὴ
2741 954 2954 1023 γίνεται
2998 955 3063 1023 τῇ
3122 949 3374 1022 ἐνεργείᾳ
3407 948 3504 1002 καὶ
3534 946 3764 1015 δυνάμει

2178 1051 2273 1103 καὶ
2345 1052 2531 1120 χάριτι
2612 1049 2705 1102 τοῦ
2764 1048 2886 1110 ἑνὸς
2961 1044 3225 1116 ὀνόματος
3280 1044 3380 1115 τῆς
3432 1039 3765 1101 παντοδυνάο

2181 1157 2284 1209 μου
2318 1140 2587 1211 Τριάδος·
2619 1140 2681 1192 τὸ
2730 1137 3165 1209 τρισυπόστατον
3208 1134 3290 1200 δὲ,
3343 1133 3403 1187 ὲν
3450 1130 3530 1201 τῷ
3581 1129 3764 1196 λέγειν

2187 1252 2204 1286 ι
2240 1232 2345 1287 Τοῦ
2378 1234 2593 1303 Πατρὸς
2618 1232 2713 1288 καὶ
2744 1230 2839 1286 τοῦ
2870 1229 3003 1284 Υίοῦ
3044 1230 3140 1283 καὶ
3174 1227 3267 1281 τοῦ
3304 1225 3466 1293 ἁγίου
3506 1224 3765 1292 Πνεύμα-

2180 1344 2289 1391 τος.
2334 1346 2353 1379 ι
2392 1326 2612 1394 Ταύτην
2660 1326 2761 1394 τὴν
2792 1322 3087 1391 ὁμολογίαν
3118 1321 3209 1373 καὶ
3247 1317 3500 1385 Ἰωάννης
3529 1317 3586 1368 ὲν
3618 1315 3764 1385 ἀρχῇ

2177 1420 2273 1474 τοῦ
2304 1419 2638 1487 Εὐαγγελίου
2670 1417 2934 1485 θεολογεῐ,
2961 1413 3104 1469 οὕτω
3140 1413 3390 1483 γράφων·
3430 1428 3449 1461 ι
3501 1408 3589 1460 Ἐν
3619 1408 3763 1475 ἀρχῇ

2178 1506 2250 1581 ἦν
2283 1510 2310 1561 6
2347 1509 2543 1578 Λόγος.
2589 1527 2607 1559 ι
2637 1508 2729 1562 τὸν
2776 1507 2909 1560 Υἱὸν
2944 1502 3334 1573 καταγγέλλων
3356 1541 3372 1565 ,
3425 1518 3444 1552 ι
3480 1500 3574 1554 καὶ
3599 1498 3628 1550 6
3662 1499 3769 1549 Λό-

2180 1619 2278 1671 γος
2306 1598 2374 1672 ἦν
2406 1600 2544 1670 πρὸς
2574 1600 2665 1653 τὸν
2695 1599 2850 1663 Θεὸν,
2882 1616 2901 1649 r
2925 1598 3016 1651 τὸν
3051 1595 3268 1664 Πατέρα
3315 1592 3601 1654 διδάσκων,
3630 1607 3647 1640 ι
3675 1588 3773 1642 καὶ

2188 1694 2325 1757 Θεὸς
2360 1688 2431 1765 ἦν
2459 1694 2487 1746 6
2518 1692 2714 1759 Λόγος,
2755 1708 2771 1741 ι
2805 1690 2866 1742 τὸ
2899 1687 3189 1758 όμοούσιον
3217 1684 3310 1738 τοῦ
3348 1683 3481 1737 Υίοῦ
3516 1681 3651 1751 πρὸς
3678 1678 3772 1731 τὸν

2188 1784 2410 1858 Πατέρα
2464 1782 2771 1861 παριστῷν.
2830 1773 2999 1842 Οὗτος
3045 1773 3114 1849 ἦν
3166 1778 3224 1830 ὲν
3284 1777 3427 1845 ἀρχῇ
3476 1772 3614 1842 πρὸς
3676 1771 3773 1822 τὸν

500 1883 704 1952 David;
736 1894 897 1942 et:t
950 1882 1083 1941 Sine
1134 1885 1258 1954 ipso
1319 1883 1526 1939 factum
1591 1895 1676 1938 est
1732 1880 1868 1937 nihil
1921 1878 2070 1952 quod
2100 1892 2108 1950 ι

2202 1876 2328 1932 ιεόν.
2373 1874 2594 1946 Ἐπειδὴ
2617 1875 2714 1939 κιρ)⁸
2744 1871 3031 1943 ὀμοούσιός
3054 1872 3173 1923 ἐστι
3198 1867 3276 1938 τῷ
3308 1867 3482 1935 Πατρὶ
3510 1865 3602 1923 καὶ
3639 1879 3773 1914 συν-

495 1973 698 2031 iaetum
732 1984 835 2039 est,
881 1994 901 2028 ι
943 1974 1095 2032 addit
1143 1974 1519 2047 Evangelium.
1557 1992 1577 2025 ι
1620 1972 1813 2028 Omnia
1842 1970 2014 2033 enim,
2049 1988 2068 2020 ι

494 2065 635 2121 dixit
663 2064 830 2121 David
864 2065 934 2127 ad
978 2064 1172 2130 Deum,
1210 2084 1229 2117 ι
1263 2065 1315 2119 in
1349 2063 1616 2133 sapientia
1651 2060 1853 2117 fecisti.
1905 2079 1923 2110 ι
1961 2059 2024 2113 Et
2057 2072 2073 2113 :

500 2177 517 2208 ι
550 2156 607 2214 lu
640 2156 761 2227 ipso
808 2157 921 2212 vita
964 2166 1101 2222 erat,
1133 2170 1175 2208 ι’
1198 2155 1419 2210 divinus
1444 2152 1682 2224 Spiritus
1706 2167 1734 2204 a
1760 2150 1919 2205 Patre
1948 2162 2077 2218 pro-

495 2248 718 2314 cedens,
758 2267 777 2300 ι
806 2248 860 2302 in
892 2264 1002 2318 quo
1046 2258 1102 2303 et
1162 2264 1262 2305 nos
1296 2248 1551 2312 vivimus,
1580 2258 1869 2299 movemur
1899 2251 1953 2296 et
1982 2255 2077 2296 su-

499 2356 655 2407 mus;
690 2359 708 2392 ι
742 2339 837 2409 qui
889 2339 946 2394 in
1003 2340 1126 2409 ipso
1188 2348 1246 2395 ut
1303 2338 1484 2393 Verbo
1520 2347 1706 2392 manet
1734 2344 1788 2388 et
1821 2332 2079 2401 quiescit,

497 2431 566 2487 de
599 2446 706 2502 quo
768 2431 880 2502 ipse
936 2431 1135 2487 iterum
1192 2430 1332 2485 dixit
1367 2449 1379 2483 :
1420 2448 1437 2479 ι
1475 2427 1611 2483 Cum
1665 2422 1877 2481 venerit
1912 2421 2081 2475 Para-

503 2528 679 2581 tletus
709 2540 871 2595 quem
913 2540 1014 2597 ego
1054 2525 1264 2580 mittam
1296 2523 1453 2578 vobis
1512 2535 1541 2574 a
1574 2519 1757 2583 Patre,
1812 2515 2080 2585 Spiritum

503 2619 750 2674 veritatis
803 2618 897 2689 qui
955 2634 983 2672 a
1044 2615 1207 2672 Patre
1265 2613 1530 2684 procedit,
1584 2611 1675 2666 ille
1708 2607 2082 2664 testimonium

500 2712 809 2782 perhibebit
837 2713 907 2768 de
944 2726 1052 2767 me.
1104 2730 1123 2762 ι
1162 2708 1376 2774 Quibus
1421 2703 1684 2759 Dominus
1731 2715 1831 2754 uos
1867 2698 2085 2766 sapien-

500 2821 583 2865 ter
626 2807 788 2861 docet
843 2804 1110 2874 Spiritum
1173 2801 1336 2856 etiam
1395 2813 1462 2852 ex
1537 2796 1701 2849 Patre
1785 2791 2086 2861 procedere

501 2903 795 2970 ipsumque
817 2898 884 2953 ad
915 2910 1014 2953 nos
1040 2894 1251 2958 venire,
1289 2908 1395 2946 non
1446 2889 1664 2959 quidem
1697 2901 1792 2955 per
1830 2885 2087 2955 byposta-

500 2996 603 3049 sim
627 2989 950 3056 habitando,
975 2992 1070 3045 sed
1091 2985 1247 3058 quasi
1271 2984 1325 3039 iu
1347 2979 1699 3037 tabernaculo
1729 2993 1825 3047 per
1848 2976 2083 3048 gratiam

503 3086 795 3150 manendo.
826 3082 1014 3138 Viden’
1050 3065 1368 3150 mysterium
1397 3074 1561 3129 unius
1586 3071 1678 3127 Dei
1706 3068 2042 3124 iuTt-initate
2067 3068 2090 3123 ἲ

2184 1975 2441 2041 ἀναρχος.
2477 1988 2497 2021 ι
2545 1969 2729 2024 Πάντα
2758 1968 2824 2022 δι’
2860 1964 3026 2021 αὑτοῦ
3060 1965 3297 2035 ἐγένετο,
3332 1980 3351 2012 ι
3386 1957 3622 2012 Ὀτικαὶ
3649 1971 3776 2009 συνε-

2186 2061 2511 2131 δημιουργεῐ
2542 2057 2620 2128 τῷ
2648 2058 2843 2126 Πατρί.
2879 2075 2895 2107 ι
2934 2055 3024 2126 Τῷ
3054 2074 3072 2107 ι
3098 2054 3206 2124 γὰρ
3241 2069 3260 2104 ι
3293 2050 3451 2117 Λόγῳ
3496 2045 3702 2113 Κυρίου
3724 2044 3774 2099 οἱ

2188 2152 2420 2221 οὐρανοὶ
2446 2148 2885 2220 ἐστερεώθησαν,
2928 2166 2947 2199 ι
2991 2147 3019 2199 6
3052 2145 3219 2199 Δαὸὶδ
3262 2141 3434 2210 λέγει.
3467 2139 3575 2193 Καὶ
3602 2136 3776 2208 χωρὶς

2188 2243 2355 2299 αὐτοῦ
2405 2243 2625 2311 ἐγένετο
2666 2240 2788 2294 οὐδὲ
2845 2240 2903 2293 ἓν
2964 2238 2992 2294 6
3055 2240 3284 2306 γέγονεσ
3339 2234 3400 2287 τὸ
3445 2227 3778 2300 Εὐαγγέλιον

2191 2336 2358 2390 πάλιν
2378 2351 2392 2366 ⁸
2436 2351 2455 2385 ι
2492 2334 2674 2388 Πάντα
2712 2351 2729 2384 ι
2770 2332 2900 2404 γὰρ,
2931 2333 2959 2384 6
2979 2330 3149 2385 Δαϐίδ
3177 2345 3313 2399 φησι
3353 2326 3488 2396 πρὸς
3504 2324 3594 2389 τὸν
3619 2322 3773 2385 Θεὸν⁹

2194 2444 2213 2477 ι
2247 2428 2304 2479 ἐν
2341 2425 2506 2496 σοφίᾳ
2533 2425 2796 2495 ἐποίησας
2816 2440 2864 2476 ἰ
2895 2424 2989 2482 καὶ
3018 2441 3035 2475 ι
3061 2423 3151 2477 Ἐν
3175 2421 3323 2490 αὐτῷ
3345 2419 3460 2491 ζωὴ
3480 2414 3598 2490 ἦν,›
3626 2414 3686 2467 τὸ
3713 2414 3778 2467 ὲκ

2190 2517 2286 2571 τοῦ
2319 2518 2531 2588 Πατρὸς
2556 2517 3000 2586 ἐκπορευόμενον
3045 2515 3188 2569 θετον
3229 2509 3478 2582 Πνεῦμα,
3515 2511 3573 2563 εν
3612 2500 3654 2576 ᾧ
3684 2507 3779 2561 καὶ

2194 2613 2355 2681 ἡμεῖς
2391 2610 2574 2678 ζῶμεν
2619 2611 2715 2662 καὶ
2772 2607 3082 2682 κινούμεθα
3128 2607 3224 2662 καὶ
3273 2604 3460 2677 ἐσμὲν,
3496 2603 3569 2656 ἐν.
3603 2599 3781 2666 τούτῳ

2202 2702 2367 2775 μένον
2404 2701 2591 2761 ἅῖδίως
2618 2700 2694 2762 ὡς
2726 2700 2889 2770 Λόγῳ
2917 2700 3012 2752 καὶ
3037 2699 3526 2766 ἐπαναπαυόμενον
3557 2691 3684 2762 περὶ
3715 2684 3780 2743 οῦ

2193 2794 2289 2846 καὶ
2321 2793 2482 2847 πάλιν
2529 2792 2689 2854 αύτός
2740 2809 2928 2860 φησιν,
2974 2810 2993 2844 ι
3025 2792 3195 2846 Ὅταν
3245 2789 3300 2841 δὲ
3336 2787 3463 2858 ἔλθῃ
3522 2788 3551 2838 6
3595 2782 3781 2854 Παρά-

2190 2885 2384 2955 κλητος
2406 2926 2420 2950 ,
2450 2885 2509 2937 ὃν
2540 2883 2651 2951 ιγὼ
2687 2882 2890 2953 πέμψω
2930 2885 3059 2952 ὑμῖν
3093 2882 3248 2952 παρὰ
3294 2879 3390 2931 τοῦ
3426 2876 3677 2946 Πατρὸς,
3718 2873 3782 2926 τὸ

2198 2975 2425 3046 Πνεῦμα
2454 2977 2553 3045 τῆς
2581 2976 2864 3046 ἀληθείας,
2911 2974 2941 3027 6
2985 2972 3138 3044 παρᾶ
3185 2971 3283 3026 τοῦ
3338 2969 3558 3041 Πατρὸς
3613 2967 3784 3018 ἐκπο-

2195 3069 2430 3138 ρεύεται,
2467 3069 2672 3131 ἐκεῖνος
2702 3067 3045 3136 μαρτυρήσει
3076 3065 3208 3135 περὶ⁴
3239 3061 3396 3130 ἐμοῦ.
3440 3078 3459 3111 ι
3506 3055 3781 3113 Ἐνταῦθα

505 3183 693 3255 σαφῶς
718 3181 962 3236 διδάσκει
995 3179 1024 3232 6
1050 3174 1276 3245 Κύριος,
1308 3172 1391 3225 ὅτι
1439 3166 1538 3222 καὶ
1592 3169 1656 3219 ὲκ
1681 3164 1777 3219 τοῦ
1806 3165 2022 3235 Πατρὸς
2048 3166 2411 3236 ἐκπορεύεται
2442 3163 2505 3217 τὸ
2551 3162 2795 3232 Πνεῦμα,
2828 3163 2923 3215 καὶ
2955 3160 3088 3215 αὐτὸ
3130 3160 3264 3231 πρὸς
3331 3158 3478 3228 ἡμᾶς
3539 3155 3779 3226 ἔρχεται,

504 3248 604 3349 οὖί
627 3270 1005 3337 ὑποστατικῶς
1027 3265 1292 3334 ὲνοικοῦνυ
1321 3262 1458 3319 ἀλλὰ
1485 3263 1550 3331 τῇ
1586 3259 1767 3333 χάριτι
1800 3260 2118 3331 ὲνσκηνοῦν.
2154 3260 2319 3332 Ὁρᾷς
2346 3260 2405 3313 τὸ
2440 3259 2742 3332 μυστήριον
2778 3256 2871 3309 τοῦ
2910 3255 3075 3327 μόνον
3111 3256 3169 3308 ἐν
3197 3252 3390 3324 Τριάδι
3422 3248 3599 3314 Θεοῦς

1136 3381 1365 3441 CAPUT
1402 3381 1493 3436 IX.

509 3482 827 3553 Evangelicu
865 3480 1012 3553 dicta
1037 3477 1272 3553 Sabellt'o
1324 3477 1588 3553 oppositu.
1642 3477 1766 3553 Alia
1795 3475 1879 3546 (ex
1913 3473 1974 3527 V.
2004 3472 2091 3542 Τ.)

719 3564 903 3606 contra
943 3549 1163 3604 Jutlwos
1193 3555 1243 3601 et
1273 3549 1504 3617 reliquas
1538 3548 1724 3615 impias
1754 3554 1953 3616 gentes.

588 3643 910 3713 Evangelica
942 3641 1163 3711 quidem
1209 3640 1356 3696 dicta
1406 3648 1536 3696 sunt
1580 3646 1803 3709 propter
1834 3636 2091 3706 blasphe-

514 3741 655 3795 mias
684 3736 801 3793 Afri
832 3733 1081 3793 Sabellii.
1113 3732 1209 3803 qui
1254 3731 1498 3802 profecto
1536 3730 1891 3802 Evangelium
1956 3729 2097 3784 acci-

480 3882 483 3893 ,
516 3833 726 3903 pit-bat;
753 3829 847 3889 tibi
879 3838 1060 3893 autem
1086 3825 1376 3883 ostendam
1404 3840 1468 3881 ea
1489 3838 1609 3895 qua:
1630 3834 1783 3879 vetus
1814 3821 2097 3892 Scriptura

514 3926 582 3978 de
612 3922 720 3978 Deo
747 3923 802 3976 in
839 3919 1014 3975 tribus
1058 3918 1309 3996 personis
1333 3915 1567 3987 profert.
1602 3913 1717 3970 lloc
1749 3927 1857 3968 non
1893 3912 2098 3968 solum-

520 4017 682 4071 n.0d0
724 4010 1100 4086 Evangelium,
1138 4009 1234 4065 sed
1263 4016 1318 4067 et
1374 4006 1592 4076 Moyses
1644 4005 1701 4067 iu
1751 4004 1892 4075 lege,
1936 4012 2100 4071 atque

520 4106 802 4178 propheta:
840 4102 1228 4183 pnedicarunt.
1296 4104 1510 4170 Moyses
1557 4094 1781 4167 quidem
1839 4109 1962 4153 eum
2007 4092 2101 4162 qui

521 4215 739 4271 semper
777 4204 861 4254 est
886 4198 1052 4252 Deum
1095 4201 1151 4249 et
1203 4190 1418 4247 Patrem
1453 4190 1656 4259 ubique
1683 4189 1969 4259 praedicat,
2008 4186 2099 4257 qui

528 4292 689 4364 Verbi
715 4291 810 4348 Dei
848 4288 973 4345 Filii
1007 4284 1328 4365 mysterium
1378 4283 1636 4350 intelligit
1664 4281 1717 4336 in
1749 4277 1937 4334 audita
1972 4292 2105 4355 voce

522 4388 703 4455 divina
763 4392 820 4438 et
870 4388 1126 4447 suscepta
1176 4378 1382 4433 virtute
1434 4371 1600 4428 Verbi
1659 4370 1924 4426 viventis.
1966 4368 2101 4429 Nam

524 4478 758 4538 audiens
783 4472 992 4543 audivit
1027 4468 1269 4529 Verbum
1301 4464 1464 4538 cujus
1499 4462 1932 4527 incarnationem
1964 4477 2105 4533 prae-

528 4567 803 4638 t-ngnovit.
831 4563 1076 4623 Primum
1124 4557 1349 4637 quidem
1396 4556 1595 4611 rubum
1641 4553 1775 4617 vidit
1818 4553 2107 4615 ardentem

534 4677 583 4729 et
618 4671 801 4726 tamen
831 4655 1054 4715 minime
1082 4658 1492 4720 consumptam,
1528 4649 1818 4717 ipsumque
1842 4645 1935 4701 Dei
1970 4644 2107 4707 Ver-

2765 3375 2822 3447 9
2848 3374 3097 3429 κεφΑΑ.
3148 3370 3227 3425 o'.

2210 3472 2285 3529 Τὰ
2319 3469 2684 3541 eiram-auxit
2709 3468 2862 3541 κατὰ
2880 3467 3250 3541 βαϐξλλζρυ.
3276 3532 3289 3541 _
3308 3461 3506 3541 Ταῦτα
3524 3457 3626 3541 ‘66.
3637 3454 3787 3510 κατὰ

2307 3526 2638 3605 ’Ῑούδᾶἰωη
2681 3526 2782 3593 καὶ
2830 3536 2952 3591 τῶν
2992 3533 3227 3596 λοιπῶν
3258 3531 3452 3587 ἀθέων
3480 3526 3695 3583 ἐθνῶν.

2286 3634 2448 3689 Ἀλλὰ
2495 3632 2564 3686 τὰ
2619 3629 2958 3700 εύαγγελικα
3013 3628 3112 3699 μὲν
3163 3624 3253 3679 διὰ
3290 3624 3386 3687 τὰς
3434 3619 3532 3676 τοῦ
3587 3616 3789 3677 Λίὸυος

2221 3725 2518 3782 Σαϐελλίου
2569 3722 2821 3775 λέλεκται
2884 3716 3231 3790 βλασφημίας
3256 3753 3273 3780 ,
3309 3714 3469 3785 δῆθεν
3514 3710 3575 3765 τὸ
3616 3709 3790 3776 Εὐαγ-

2207 3819 2387 3887 γὲλιον
2416 3816 2731 3886 δεχομένου.
2777 3812 3115 3880 Ἐκθήσομειι
3162 3809 3220 3862 δέ
3274 3822 3359 3858 σοι
3411 3803 3508 3858 καὶ
3568 3803 3630 3855 ἐκ
3687 3802 3790 3866 τῆς

2209 3909 2448 3969 παλαιᾶς
2480 3906 2707 3976 Γραφῆς
2737 3906 2805 3958 τὰ
2836 3903 2964 3973 περὶ
2994 3900 3089 3954 τοῦ
3137 3902 3197 3953 ἐν
3227 3896 3419 3967 Τριάδι
3453 3893 3610 3948 Θεοῦ.
3652 3891 3792 3945 Τοῦ-

2213 4020 2309 4065 τον
2355 4001 2417 4054 οὑ
2468 3999 2528 4052 τὸ
2562 3996 2899 4064 Εὑαγγέλιον
2935 3994 3116 4063 μόνον,
3157 3989 3293 4043 ἀλλὰ
3340 3989 3433 4041 καὶ
3463 3984 3703 4047 Mediis-71;
3732 3983 3793 4034 ἑν

2209 4094 2284 4163 τῷ
2316 4093 2467 4165 νόμῳ
2508 4091 2606 4143 καὶ
2663 4086 2946 4159 προφῆται
3000 4083 3201 4144 πάντες
3246 4077 3545 4149 ἐκήρυξαν.
3582 4075 3644 4128 Ὀ
3691 4072 3791 4143 μὲν

2209 4188 2318 4255 γὰρ
2346 4163 2588 4252 Μωθσῆς
2644 4179 2736 4239 τὸν
2793 4177 2882 4232 ἀεὶ
2936 4175 3063 4229 ὄντα
3121 4171 3253 4225 Θεὸν
3302 4170 3397 4222 καὶ
3434 4167 3652 4236 Πατέρα
3705 4163 3794 4218 διὰ

2216 4275 2437 4330 πάντων
2468 4270 2758 4342 κηρύσσει,
2809 4267 2867 4330 ὃς
2898 4267 2991 4324 καὶ
3042 4263 3137 4316 τοῦ
3179 4262 3354 4329 Λόγου
3412 4257 3663 4311 κατανοεῖ
3699 4252 3792 4306 τοῦ

2214 4364 2346 4418 Υίοῦ
2379 4361 2513 4415 Θεοῦ
2549 4360 2610 4413 τὸ
2645 4358 2982 4430 μυστήριον.
3029 4357 3086 4407 ὲν
3120 4352 3196 4423 τῷ
3227 4350 3380 4412 θείας
3426 4346 3649 4402 ἀκούειν
3680 4361 3793 4412 φω-

2215 4455 2335 4524 νῆς,
2366 4456 2462 4507 καὶ
2490 4451 2585 4504 τοῦ
2638 4450 2816 4516 Λόγου
2862 4446 2958 4500 τοῦ
2992 4444 3193 4508 ζῶντος
3219 4436 3470 4517 δέχεσθαι
3501 4435 3603 4503 τὴν
3632 4433 3791 4498 ἐνέρ-

2213 4518 2393 4617 γειαν,
2423 4544 2499 4597 Τὸ
2537 4542 2652 4612 γὰρ
2687 4540 2934 4603 ἀκούειν,
2966 4535 3141 4607 Λόγου
3171 4531 3317 4587 ἐστὶν
3341 4526 3580 4591 ἀκούειν,
3619 4518 3680 4577 οὗ
3703 4522 3797 4576 καὶ

2214 4642 2315 4709 τὴν
2359 4639 2639 4709 σάρκωσιν
2680 4632 2971 4703 προέγνω,
3021 4628 3240 4698 πρῶτον
3275 4623 3375 4695 μὲν
3431 4621 3595 4691 βάτον
3652 4631 3795 4669 κατ-

540 4759 664 4818 tnnn
688 4753 792 4810 sub
818 4748 1055 4815 hominis
1091 4744 1265 4800 forma
1300 4743 1350 4798 ei
1378 4742 1720 4812 colloquens,
1751 4739 1879 4808 quia
1907 4753 2108 4798 secun-

2222 4703 2345 4786 ιδιῦν
2386 4703 2731 4794 φλεγομένην
2757 4761 2772 4786 ,
2807 4714 3073 4790 μηδαμῶς
3107 4713 3163 4766 δὲ
3208 4706 3529 4782 καιομένην,
3567 4707 3678 4759 καὶ·
3709 4703 3798 4756 αὐ·

539 4851 670 4919 dum
700 4841 997 4900 Jcretuiam
1058 4845 1280 4907 propter
1347 4834 1598 4888 homines
1649 4832 1701 4885 in
1755 4840 1896 4887 terra
1932 4832 2108 4891 visum

542 4949 648 5001 est,
701 4945 758 4994 et
813 4934 955 4989 inter
1008 4930 1265 4992 homines
1311 4932 1699 4988 conversatum
1760 4933 1883 4990 est,
1944 4931 1997 4978 et
2045 4922 2115 4977 ad

541 5036 716 5099 ipsum
752 5025 983 5097 Moysen
1018 5018 1154 5075 dixit
1191 5034 1206 5070 :
1255 5034 1274 5068 ι
1323 5017 1433 5085 Ego
1467 5031 1591 5079 sum
1643 5014 1784 5069 Deus
1816 5012 2113 5076 Abraham,

540 5134 593 5192 et
625 5120 768 5176 Deus
821 5117 999 5180 Isaac,
1062 5119 1118 5166 et
1176 5107 1319 5164 Deus
1364 5105 1557 5170 Jacob,
1595 5124 1614 5157 ι
1651 5104 1794 5175 quod
1844 5111 1901 5157 ut
1950 5103 2117 5159 homo

544 5224 813 5293 apparens
838 5215 893 5263 et
930 5202 1158 5275 angelus
1186 5215 1213 5254 a
1239 5197 1527 5269 Scriptura
1570 5195 1922 5267 appellatum,
1955 5191 2117 5246 simul

544 5284 904 5372 semetipsum
936 5304 1097 5352 vocat
1146 5293 1340 5355 Deum,
1396 5291 1676 5358 triumque
1725 5284 1972 5341 meminit
2021 5297 2119 5351 pa-

551 5395 945 5463 triarcharum,
981 5389 1170 5449 dicens
1204 5405 1219 5442 :
1266 5403 1285 5437 ι
1325 5383 1437 5454 ιεκο
1475 5395 1596 5437 sunt
1650 5379 1791 5435 Deus
1818 5374 2121 5443 Abraham,

545 5500 592 5543 ιιι
630 5488 771 5558 Deus
803 5484 974 5548 Isaac,
1016 5491 1073 5536 et
1115 5479 1259 5540 Deus
1285 5474 1476 5538 Jacob,
1525 5492 1543 5525 ι
1580 5480 1638 5525 ιιι
1683 5469 1809 5525 inde
1853 5475 2125 5528 monstra-

553 5594 653 5645 ret,
687 5581 830 5646 sicut
859 5587 913 5633 et
943 5577 1122 5647 ipsum
1148 5589 1179 5630 e
1214 5572 1435 5642 Virgine
1466 5570 1812 5630 incarnatum
1849 5570 2124 5618 monstra-

551 5679 649 5738 hit,
696 5669 982 5728 Trinitatis
1028 5664 1375 5736 mysterium.
1433 5662 1635 5717 Deinde
1687 5657 1778 5711 Dei
1853 5655 2016 5710 verba
2070 5654 2141 5723 ill.

555 5765 754 5835 inaniis
783 5761 1014 5834 lapideis
1052 5757 1264 5828 Moyses
1308 5752 1539 5823 accepit,
1566 5750 1821 5819 virtutem
1855 5744 2018 5800 Verbi
2048 5743 2127 5797 νίν

556 5859 732 5927 ventis
770 5854 1065 5919 ostendens
1124 5859 1178 5907 et
1235 5853 1437 5906 docens
1489 5860 1582 5900 oer
1631 5855 1795 5914 opera
1850 5837 2122 5896 mirabilia

2217 4822 2309 4888 τὸν
2362 4819 2455 4874 τὸν
2517 4815 2609 4871 τοῦ
2666 4812 2804 4868 Θεοῦ
2864 4809 3038 4878 Λόγον
3096 4803 3511 4877 διομιλούμενον
3556 4796 3704 4866 αύτῷ
3737 4797 3799 4849 ὲν

2223 4885 2467 4983 σχήματι
2490 4905 2845 4978 ἀνθρωπίνῳ.
2889 4900 3044 4965 Ἐπεὶ
3075 4898 3171 4954 καὶ
3208 4894 3349 4965 ὑπὲρ
3378 4888 3680 4961 ἀνθρώπων
3708 4885 3801 4983 ἐπὶ

2221 4976 2453 5073 τῆςνγῆς
2481 4976 2623 5053 κατᾶ
2668 4997 2760 5050 τὸν
2806 4991 3084 5064 Ἰερεμίαν
3115 4987 3293 5059 ὤφθη,
3330 4983 3556 5044 καὶτοῖς
3585 4976 3801 5048 ᾁνθρώυ

2224 5069 2368 5159 ποις.
2406 5069 2865 5157 συνανεστράφη,
2920 5084 3017 5141 καὶ
3057 5081 3196 5152 πρὸς
3232 5077 3394 5139 αὑτὸν
3451 5074 3663 5142 εἰρήκει
3712 5069 3804 5122 τὸν

2225 5187 2470 5252 Μωῦσῆν
2496 5199 2511 5215 '
2553 5202 2573 5235 ι
2621 5179 2764 5248 Ἐγώ
2807 5178 2926 5245 εἰμι
2956 5177 2983 5229 6
3013 5174 3145 5235 Θεὸς
3189 5168 3464 5240 Ἀϐραὰμ,
3490 5166 3586 5219 καὶ
3618 5167 3646 5216 6
3672 5162 3803 5224 Θεὸς

2238 5278 2559 5348 quamam.
2589 5277 2618 5330 6
2646 5274 2777 5337 Θεὸς
2819 5268 3038 5329 Ἰακώϐ,
3064 5285 3082 5317 ι
3124 5264 3184 5317 ’0
3233 5261 3309 5324 ὡς
3356 5260 3496 5344 ἀνὴρ
3541 5254 3809 5348 φαινόμετ

2227 5392 2339 5440 νος,
2373 5340 2466 5426 καὶ
2494 5340 2727 5438 ἄγγελος
2775 5364 2927 5434 παρὰ
2959 5362 3026 5431 τῇ
3075 5357 3264 5428 Γραφῇ
3300 5340 3613 5421 λεγόμενος.
3647 5340 3807 5412 οὗτος

2231 5468 2382 5532 ὅμως
2431 5446 2625 5523 ἑαυτὸν
2684 5458 2818 5515 Θεὸν
2863 5451 3144 5524 ὀνομάζει,
3176 5449 3271 5502 καὶ
3320 5446 3487 5514 τριῶν
3530 5454 3809 5508 πατριαρρ

2234 5530 2346 5631 χιῖιν
2379 5556 2699 5627 μέμνηται,
2744 5570 2762 5603 ι
2813 5546 2956 5615 Ἐγώ
3016 5546 3132 5614 είμι
3167 5543 3195 5594 6
3236 5539 3367 5631 Θεὸς
3410 5534 3685 5605 Ἀϐραὰμ,
3713 5530 3808 5631 καὶ

2233 5620 2269 5709 ῐ
2291 5620 2423 5711 Θεὸς
2454 5620 2681 5709 νἰσαὰκ,
2734 5642 2829 5706 καὶ
2876 5640 2905 5692 6
2932 5637 3063 5698 Θεὸς
3107 5630 3336 5693 Ἰακὼϐ,
3392 5648 3410 5680 ι
3459 5626 3664 5692 λέγων,
3719 5620 3808 5676 ἵνα

2232 5742 2382 5815 δείξῃ
2414 5740 2518 5794 κάν
2551 5736 2750 5805 τούτῳ,
2777 5735 2850 5795 ὡς
2878 5729 3034 5790 οὗτος
3065 5722 3373 5794 σαρκωθεὶς
3405 5719 3469 5771 ἐκ
3506 5713 3806 5783 Παρθένου,

2231 5840 2289 5891 τὸ
2336 5834 2435 5905 τῆς
2473 5829 2703 5900 Τριόιδος
2750 5821 3055 5894 φανερώσει
3102 5815 3418 5886 μυστήριον.
3462 5807 3695 5860 Ἐ-τειτα
3744 5801 3809 5871 δὲ,
