4076 6268
291 318 361 382 53

1340 317 1724 380 DiALOGUS
1769 316 2074 380 CONTRA
2115 318 2516 382 HERERES.

3480 308 3568 370 53‘

282 435 381 487 καὶ
417 434 545 496 τοὺς
580 435 675 488 τοῦ
722 432 858 497 Θεοῦ
897 431 1087 502 λόγους
1127 430 1188 484 ὲν
1238 431 1406 497 πλαξὶ
1434 432 1663 495 λιθίναις
1705 431 1871 485 Maii)-

1992 433 2215 490 Verbum
2245 435 2444 490 essein
2480 433 2611 499 Deo,
2659 440 2714 488 et
2770 429 2933 486 istum
2967 433 3157 500 postea
3192 439 3315 486 esse
3363 425 3552 481 incar-

287 525 387 597 σῆς
419 525 738 593 ὑπεδέξατο,
770 525 870 596 τὴν
917 525 1149 594 δύναμιν
1177 525 1270 579 τοῦ
1301 526 1503 591 ζῶντος
1534 526 1709 596 Λόγου
1750 528 1859 582 δει-

283 617 436 680 κνὺς,
470 615 804 671 ἐκδιδάσκων
830 633 887 669 τε
913 615 982 669 δι’
1009 616 1192 686 ἔργων
1218 616 1628 687 θαυμαστικῶν,
1658 618 1735 679 ὡς
1763 618 1862 673 καὶ

287 707 456 775 Λόγος
487 708 636 762 ἐστὶν
687 709 745 761 ἰν
777 708 856 776 τῷ
908 706 1048 778 Θεῷ,
1091 711 1186 761 καὶ
1222 708 1642 778 σαρκωθήσεται
1680 704 1859 775 οὗτος,

283 802 378 855 καὶ
405 800 820 871 παχυνθήσεται
848 799 1098 870 ὕστερον,
1130 799 1206 863 ὡς
1233 802 1290 854 ὲν
1324 801 1495 854 *μίλακί¹
1524 803 1759 873 γραφεὶς
1788 804 1857 873 τῇ

283 892 537 963 Θεοτόκῳ
596 890 884 961 Παρθένῳ.
941 889 1052 944 Καὶ
1086 891 1271 961 φωνῆς
1329 888 1387 944 δὲ
1443 890 1597 955 θείας
1657 893 1863 962 ήκουσε

284 984 551 1046 πολλάκις
605 983 848 1051 Μωῦσῆς
885 984 941 1037 ὲν
967 984 1031 1052 τῇ
1080 985 1255 1054 σκηνῇ
1288 984 1394 1038 ἀνά
1444 984 1610 1052 μέσον
1643 984 1746 1053 τῆς
1778 1002 1864 1038 κιο

285 1074 486 1129 σοιτοῦ.
519 1075 680 1144 Φωνὴ
733 1075 790 1127 δὲ
838 1072 997 1142 λόγου
1042 1074 1195 1128 ἐστὶν
1238 1075 1530 1145 άπήχημα.
1560 1077 1625 1130 '0
1664 1075 1729 1147 δὴ
1770 1076 1865 1129 τὸν

290 1164 472 1229 ζῶντα
516 1166 694 1233 Λόγον
721 1165 816 1220 τοῦ
845 1165 1050 1230 ζῶντος
1091 1166 1307 1237 [ἰατρὸς
1336 1167 1661 1238 ἐμαρτύρει.
1707 1167 1867 1221 ’Υπε-

290 1258 483 1322 δέξατο
510 1258 569 1311 δὲ
601 1259 698 1312 καὶ
729 1257 954 1329 Πνεῦμα
981 1260 1140 1328 άγιον
1172 1260 1437 1328 Μωῡσῆς.
1475 1260 1585 1314 Καὶ
1631 1259 1740 1314 άπὸ
1769 1245 1865 1321 τοῦ

290 1347 612 1419 Πνειῖματος
650 1350 707 1403 δὲ
750 1348 846 1404 τοῦ
888 1349 976 1403 ἐπ’
1008 1349 1158 1420 αὐτῷ
1208 1350 1426 1421 ἀφελὼν
1456 1354 1485 1406 6
1515 1352 1672 1418 Θεὸς,
1704 1353 1866 1421 μετέ-

283 1440 458 1495 δωκεν
478 1442 707 1512 ἀνδράσι
736 1446 981 1509 πιστοῖς,
995 1443 1070 1507 ὡς
1092 1444 1403 1513 γέγραπται
1434 1442 1867 1514 Ἐσδομήκοντα.

287 1533 400 1586 Καὶ
448 1532 599 1587 οῦτοι
643 1534 709 1603 δὴ
751 1534 1154 1604 προεφήτευον,
1188 1534 1330 1589 ὥστε
1372 1536 1590 1589 καὶτὸν
1626 1533 1871 1605 Πατέρα,

286 1629 385 1679 καὶ
429 1628 524 1680 τὸν
577 1628 728 1694 Υίὸν,
764 1628 825 1691 6;
877 1630 1025 1683 ἐστιν
1059 1630 1087 1682 6
1115 1628 1313 1696 Λόγος,
1344 1628 1439 1684 καὶ
1468 1628 1528 1682 τὸ
1554 1628 1780 1698 Πνεῦμα
1809 1628 1871 1681 τὸ

1964 525 2206 582 nandum
2267 540 2478 582 necnon
2540 526 2592 580 in
2637 538 2869 594 corpore
2942 520 3419 592 conspiciendum,
3498 534 3553 572 tn

1966 626 2122 671 utero
2160 615 2400 685 Deiparte
2453 613 2688 687 Virginis
2716 617 2866 671 velut
2915 613 2970 669 in
3021 612 3207 668 tabula
3258 615 3552 681 scriptum.

1965 707 2165 765 Vocem
2195 708 2435 763 divinam
2465 707 2671 778 pluries
2702 706 2915 762 audivit
2957 705 3173 776 Moyses
3202 704 3258 758 in
3290 703 3548 759 taberna-

1964 800 2111 865 culo,
2143 800 2195 854 in
2231 801 2411 855 medio
2442 813 2601 855 are-.e.
2657 797 2770 853 Vox
2801 810 2981 853 autem
3010 797 3147 852 nihil
3189 804 3273 851 est
3310 794 3457 849 aliud
3486 809 3552 849 ac

1967 908 2138 952 sonus
2183 894 2372 961 verbi;
2407 894 2557 963 quod
2595 891 2828 950 Verbum
2868 893 3060 949 vivens
3107 891 3346 948 viventis
3377 891 3559 945 Patris

1969 988 2288 1045 testabatur.
2355 984 2587 1055 Insuper
2629 984 2845 1056 Moyses
2879 995 3131 1042 sanctum
3177 997 3401 1054 quoque
3434 981 3561 1051 Spi-
3610 1056 3619 1066 .

1969 1080 2135 1135 ritum
2163 1077 2391 1147 accepit,
2438 1076 2507 1131 de
2553 1091 2662 1147 quo
2691 1074 2924 1146 Spit-itu,
2954 1076 3099 1132 sicut
3133 1075 3404 1143 scriptum
3442 1080 3553 1139 est,
3606 1097 3615 1145 ι

1974 1173 2115 1227 Deus
2129 1185 2415 1226 assumens
2447 1176 2679 1239 partem,
2699 1167 2853 1224 dedit
2882 1167 3017 1223 viris
3047 1167 3307 1223 ﬁdelibus
3330 1167 3563 1236 Septua-

1969 1263 2161 1335 ginta,.
2204 1269 2259 1316 et
2314 1260 2406 1317 isti
2466 1264 2955 1331 prapltetaverunt,
3000 1260 3076 1315 ita
3131 1269 3191 1314 ut
3215 1259 3432 1331 Moyses
3457 1257 3561 1314 Pa-

1975 1364 2111 1412 trem
2139 1364 2194 1412 et
2217 1355 2416 1411 Fiiium
2468 1355 2559 1424 qui
2587 1362 2673 1408 est
2710 1353 2967 1418 Verbum,
3017 1361 3073 1408 et
3128 1352 3399 1424 Spiritum
3431 1367 3563 1408 san-

1971 1450 2580 1523 ctum'pra-cognoverit
2615 1456 2779 1516 atque
2810 1446 3148 1517 praedixerit.
3182 1443 3424 1502 Dieendo
3459 1459 3566 1500 au-

1974 1548 2084 1597 tem
2111 1556 2126 1595 :
2158 1559 2176 1593 ι
2208 1540 2355 1596 Dixit
2383 1540 2525 1595 Deus
2554 1539 2710 1595 :Fiat
2730 1538 2847 1602 lux,
2868 1556 2885 1589 ι
2914 1545 2992 1602 et,
3022 1557 3040 1590 ι
3072 1535 3217 1591 Dixit
3242 1535 3385 1592 Deus
3405 1554 3421 1591 :
3441 1534 3568 1591 Fiat

1976 1629 2385 1685 ﬁrmamentum
2412 1647 2425 1697 ;
2449 1649 2468 1683 ι
2495 1637 2566 1693 et,
2605 1648 2625 1681 ι
2652 1628 2799 1684 Dixit
2822 1628 2967 1684 Deus
2999 1643 3015 1683 :
3047 1626 3330 1687 Germinet
3347 1635 3515 1693 terra,
3538 1645 3558 1680 ι
3586 1672 3591 1679 .

289 1722 471 1791 ἅγιον,
523 1723 779 1794 προέγνω
827 1725 924 1777 καὶ
975 1724 1325 1795 προεκήρυξε
1368 1723 1625 1794 Μωῦσῆς.
1658 1724 1770 1778 Καὶ
1811 1725 1871 1777 ὲν

1992 1722 2073 1777 Dei
2107 1720 2347 1777 Verbum
2415 1721 2753 1788 manifestat,
2804 1722 2954 1792 quod
3011 1728 3097 1777 est
3140 1720 3357 1784 vivens.
3393 1736 3565 1777 unum

288 1813 366 1885 τῷ
397 1815 602 1883 λέγειν,
649 1834 669 1868 ι
706 1810 876 1870 Εἶπεν
922 1818 952 1870 6
997 1817 1153 1882 Θεὸς,
1185 1816 1474 1888 Γενηθήτω
1519 1817 1659 1887 φῶς,
1699 1836 1719 1870 ι
1754 1818 1874 1882 καὶ,

1992 1823 2032 1869 ιι
2075 1813 2449 1886 unigenitum,
2503 1813 2969 1885 quemadmodum
3014 1811 3159 1870 Deus
3203 1813 3370 1869 Pater
3421 1827 3592 1869 unus.

295 1925 314 1958 ι
356 1902 522 1961 Εἶπεν
545 1909 574 1961 6
594 1909 755 1973 Θεὸς,
783 1908 1078 1979 Γενηθήτω
1095 1908 1403 1979 στερέωμα,
1442 1927 1461 1962 ι
1488 1909 1609 1973 καὶ,
1651 1927 1669 1961 ι
1709 1904 1879 1962 Εἶπεν

289 1999 319 2050 6
347 1999 501 2066 Θεὸς,
538 1997 907 2068 Βλαστησάτω
937 1999 971 2068 ἡ
1002 1999 1099 2068 γῆ,
1135 2016 1155 2050 ι
1196 2000 1287 2052 τὸν
1308 1995 1405 2052 τοῦ
1426 1997 1565 2053 Θεοῦ
1591 1998 1767 2066 Λόγον
1795 1997 1877 2050 δι-

297 2092 509 2147 δάσκει.
551 2094 663 2148 Καὶ
705 2086 862 2156 οὗτος
906 2092 1014 2157 ζῶν
1062 2093 1157 2145 καὶ
1185 2088 1269 2155 εἷς
1299 2093 1395 2147 καὶ
1428 2090 1756 2163 μονογενὴς,
1795 2078 1876 2155 ὡς

293 2185 392 2239 καὶ
424 2185 453 2237 6
485 2183 621 2246 Θεὸς
660 2186 754 2239 καὶ
793 2183 986 2256 Πατὴρ
1035 2177 1115 2249 εἷς
1140 2184 1236 2237 καὶ
1267 2182 1376 2248 ζῶν
1407 2186 1505 2239 καὶ
1541 2184 1703 2255 μόνος
1735 2185 1876 2239 ἐστί.

297 2280 411 2333 Καὶ
443 2279 575 2348 περὶ
623 2278 718 2332 τοῦ
754 2278 1071 2348 Πνεύματος
1110 2277 1206 2331 τοῦ
1234 2278 1418 2344 άγίου,
1458 2296 1477 2330 ι
1513 2280 1624 2333 Καὶ
1652 2278 1880 2349 Πνεῦμα

298 2370 437 2423 Θεοῦ
497 2373 803 2442 ἐπεφέρετο
862 2374 1050 2425 ἐπάνω
1096 2370 1193 2425 τοῦ
1249 2370 1444 2428 ὓδατος
1472 2412 1486 2437 ,
1532 2388 1552 2423 ι
1594 2371 1751 2441 φησί·
1787 2371 1883 2424 καὶ

301 2464 554 2532 περὶτοῦ
585 2463 899 2534 ἀνθρώπου·
935 2484 953 2515 ι
985 2464 1100 2517 Καὶ
1135 2464 1478 2532 ἐνεφύσησεν
1506 2462 1586 2523 είς
1621 2461 1684 2512 τὸ
1708 2460 1888 2528 πρόσ-

304 2570 454 2606 ωπον
487 2556 654 2606 αὑτοῦ
685 2554 855 2621 πνοὴν
898 2555 1043 2621 ζωῆς
1069 2571 1084 2585 ι
1142 2573 1161 2606 ι
1195 2555 1291 2607 καὶ
1323 2554 1416 2606 ἐπὶ
1450 2552 1545 2605 τοῦ
1576 2552 1726 2615 Νῶε,
1762 2571 1781 2603 ι
1813 2552 1888 2606 Οὐ

313 2647 390 2715 μὴ
439 2645 746 2716 καταμείνῃ
773 2645 836 2697 τὸ
879 2644 1107 2714 Πνεῦμα
1160 2661 1264 2714 μου
1317 2644 1375 2696 ἐν
1426 2644 1538 2706 τοῖς
1585 2641 1893 2712 ἀνθρώποις

311 2736 529 2800 τούτοις
560 2753 572 2767 ·
618 2755 639 2788 ι
705 2737 839 2800 καὶ,
885 2755 902 2787 ι
967 2735 1281 2805 Πνεῦματος
1337 2734 1494 2802 ἁγίου
1561 2733 1807 2805 ἐπλήσθη
1855 2734 1889 2800 ή

310 2830 510 2898 σκηνή.
544 2847 563 2880 ι
613 2828 773 2883 Οὕτω
825 2827 1015 2895 σαφῶς
1061 2826 1267 2894 Μωσῆς
1313 2825 1402 2879 διὰ
1467 2824 1684 2879 πολλῶν
1754 2825 1886 2898 περὶ

308 2921 406 2972 τοῦ
460 2920 637 2985 Λόγου
678 2918 773 2971 τοῦ
820 2917 1023 2982 ζῶντος
1072 2915 1305 2986 ἐκήρυξε
1344 2914 1440 2970 τοῦ
1488 2917 1624 2971 Θεοῦ
1662 2916 1755 2971 καὶ
1790 2917 1885 2972 τοῦ

306 3010 467 3078 άγίιυ
516 3008 855 3074 Πῑεύματος.
892 3008 1054 3063 Ἀλλὰ
1105 3009 1202 3062 καὶ
1243 3009 1350 3078 πρὸ
1403 3007 1568 3063 αὐτοῦ
1612 3008 1884 3081 Ἀϐραὰμ,

304 3106 433 3165 τοὺς
504 3104 645 3170 τρεῖς
723 3100 1126 3168 ὑποδεξάμενος

308 3197 378 3265 τῇ
427 3193 699 3264 Μαμσρὴ,
736 3191 821 3256 οὓς
854 3193 945 3245 καὶ
1002 3190 1136 3244 Θεὸν
1197 3188 1295 3242 ἕνα
1338 3188 1525 3256 σαφῶς
1557 3188 1888 3260 ἀνεκήρυξε,

308 3286 409 3338 τὸν
471 3285 527 3337 ὲν
599 3283 792 3351 Τριάδι
842 3281 977 3334 Θεὸν
1035 3279 1344 3349 ἐκήρυξεν,
1383 3278 1584 3349 ἄνδρας
1619 3278 1718 3347 μὲν
1746 3280 1897 3349 τρεῖς

308 3377 640 3446 φαινόμενον
693 3373 782 3426 διὰ
839 3371 901 3424 τὸ
965 3367 1167 3436 ἰδιάζον
1218 3367 1326 3422 τῶν
1372 3367 1767 3433 ὑποστάσεων,
1802 3367 1900 3420 ἕνα

310 3470 372 3525 δὲ
439 3466 849 3538 κηρυττόμενον
916 3462 1023 3516 ὑπὸ
1093 3460 1344 3533 Ἀϐραὰμ
1401 3460 1488 3515 διὰ
1567 3460 1628 3513 τὸ
1698 3460 1898 3514 ἑνιαϊον

308 3562 411 3630 τῆς
464 3557 682 3627 φύσεως
713 3594 732 3620 ,
794 3553 862 3609 δι’
920 3548 994 3608 ὧν
1065 3552 1130 3606 τὸ
1191 3551 1413 3623 τρισσὸν
1477 3548 1612 3620 ὁμοῦ
1677 3549 1773 3603 καὶ
1837 3548 1899 3601 τὸ

314 3652 604 3723 μοναδικὸν
687 3646 1015 3717 ἐσημαίνετο
1093 3644 1194 3715 τῆς
1267 3642 1520 3714 Τριάδος.
1576 3643 1734 3695 ’Λλλὰ
1804 3642 1898 3694 καὶ

325 3741 522 3798 Ἰσαὰκ
549 3781 565 3807 ,
616 3741 679 3793 τὸ
732 3739 831 3806 τῆς
883 3736 1111 3806 Τριάδος
1156 3733 1253 3790 καὶ
1298 3733 1397 3803 τῆς
1451 3734 1780 3804 σαρκώσεως
1803 3732 1896 3789 τοῦ

314 3837 495 3905 Λόγου
575 3833 786 3902 ἐπέγνω
877 3848 937 3884 τε
1008 3830 1107 3884 καὶ
1191 3827 1451 3897 διέγραψε
1531 3830 1834 3898 μυστήριον
1876 3867 1893 3892 ,

314 3925 605 3997 γεννηθεὶς
644 3925 743 3994 μὲν
768 3965 785 3989 ,
833 3922 999 3992 ἡνίκα
1034 3920 1164 3984 τοὺς
1215 3922 1364 3990 τρεῖς
1407 3918 1605 3988 ἄνδρας
1646 3918 1897 3986 ’Λϐραὰμ

314 4017 452 4084 εἶδε,
485 4019 588 4086 τὴν
624 4016 904 4084 σάρκωσιν
945 4012 1004 4066 5s
1056 4011 1273 4081 δηλῶν,
1327 4008 1639 4079 σταύρωσίν
1687 4025 1750 4059 τε
1802 4008 1898 4059 καὶ

314 4110 625 4165 ἀνάστασιν
654 4104 751 4159 τοῦ
804 4104 1067 4175 Χριστοῦ,
1118 4106 1177 4157 ὲν
1236 4102 1314 4173 τῷ
1387 4100 1691 4171 ἀναχθῆναι
1750 4097 1900 4164 παρὰ

318 4201 548 4270 πατρὸς,
573 4201 643 4253 τὰ
678 4197 813 4264 ξύλα
840 4198 954 4260 τοῖς
984 4195 1157 4265 ὤμοις
1186 4192 1496 4264 βαστάζων,
1525 4190 1619 4243 τὸν
1650 4188 1901 4255 Σταυρὸν

319 4292 678 4350 ἐκτυποῦντα.
729 4291 824 4344 καὶ
871 4290 927 4342 ἐν
969 4291 1153 4351 αὐτοῖς
1208 4283 1645 4356 συμποδίζεσθαι
1675 4321 1690 4345 ,
1759 4280 1900 4333 ὥστε

321 4385 513 4438 θυσέαν
535 4380 794 4449 γενέσθαι
829 4378 951 4448 Θεῷ
1001 4382 1097 4432 καὶ
1145 4373 1582 4445 σφαγιασθῆναι,
1614 4371 1801 4441 φωνῆς
1837 4387 1897 4424 τε

1981 1916 2067 1964 est
2093 1915 2146 1962 et
2179 1907 2365 1962 vivens
2395 1915 2448 1961 et
2477 1905 2649 1963 solus.
2680 1905 2744 1960 Et
2787 1905 2855 1961 de
2899 1904 3109 1975 Spiritu
3162 1914 3357 1961 sancto
3386 1923 3402 1960 :
3444 1924 3463 1958 ι
3492 1902 3563 1960 Et

1985 1999 2222 2070 Spiritus
2244 1998 2337 2053 Dei
2371 1996 2645 2055 ferebatur
2676 2012 2842 2069 super
2877 2011 3078 2069 aquas,
3114 2015 3133 2049 ι
3169 1996 3385 2065 inquit;
3423 1996 3568 2051 etde

1981 2091 2204 2148 homine
2239 2109 2253 2145 :
2297 2109 2316 2142 ι
2350 2089 2647 2147 lnsuﬁlavit
2686 2091 2744 2146 in
2770 2089 2965 2146 faciem
3015 2089 3138 2160 ejus
3181 2087 3447 2159 Spiritum
3488 2087 3565 2141 vi-

1981 2194 2081 2250 tae;
2120 2203 2139 2236 ι
2179 2191 2232 2238 et
2264 2183 2331 2238 de
2360 2180 2511 2239 Noe:
2545 2204 2566 2236 ι
2600 2182 2722 2238 Non
2758 2181 3099 2251 permanebit
3132 2179 3374 2251 Spiritus
3411 2194 3569 2235 meus

1984 2277 2037 2333 in
2063 2275 2382 2332 hominibus
2412 2275 2570 2342 istis;
2607 2294 2626 2328 ι
2661 2266 2735 2343 et,
2762 2293 2781 2327 ι
2831 2273 3043 2346 Spiritu
3079 2283 3273 2330 sancto
3297 2275 3566 2344 repletum

1985 2378 2070 2426 est
2099 2368 2533 2425 tabernaculum.
2577 2387 2596 2421 ι
2634 2365 2710 2422 ita
2738 2366 3014 2428 sapienter
3042 2366 3258 2439 Moyses
3289 2367 3346 2421 in
3382 2366 3572 2423 multis

1990 2458 2128 2512 locis
2160 2457 2401 2518 Verbum
2426 2458 2618 2511 vivens
2644 2465 2701 2510 et
2721 2456 2989 2525 Spiritum
3025 2466 3277 2511 sanctum
3309 2456 3574 2526 praedica-

1994 2548 2095 2601 vit.
2126 2546 2194 2601 At
2236 2554 2363 2601 ante
2392 2559 2514 2601 eum
2566 2545 2845 2599 Abraham
2892 2553 3006 2601 tres
3056 2548 3205 2601 viros
3238 2548 3341 2601 sub
3364 2560 3577 2615 quercu

1999 2637 2243 2699 Mambre
2272 2636 2583 2707 suscipiens
2616 2651 2757 2707 quos
2800 2618 2966 2692 unum
2999 2636 3174 2693 Deum
3199 2646 3349 2692 recte
3381 2637 3578 2707 praedi-

1997 2729 2161 2792 cavit,
2208 2727 2377 2783 Deum
2423 2728 2477 2782 in
2513 2729 2784 2784 Tt-initate
2833 2730 3195 2800 proclamavit
3242 2729 3346 2785 sub
3394 2730 3579 2799 specie

1997 2823 2161 2878 trium
2203 2823 2444 2878 virorum
2487 2830 2867 2893 apparentem,
2916 2833 3138 2901 propter
3186 2824 3574 2895 prOprietatem

1991 2930 2374 2987 personarum.
2411 2930 2578 2970 unum
2631 2925 2812 2971 tamen
2874 2914 2944 2970 ab
2986 2915 3261 2972 Abraham
3312 2917 3577 2987 praedica~

1994 3018 2106 3062 tum
2142 3016 2367 3076 pmpter
2397 3007 2662 3060 unitatem
2716 3016 2948 3074 naturae,
2997 3007 3201 3075 quibus
3248 3006 3576 3063 Trinitatem

1217 3097 1420 3168 ἄνδρας
1502 3099 1563 3151 ἐν
1615 3100 1683 3168 τῇ
1763 3097 1887 3166 δρυῒ

1997 3101 2162 3156 simul
2203 3110 2257 3155 et
2283 3101 2547 3154 unitatem
2581 3097 2797 3154 Triadis
2830 3099 3088 3170 signavit.
3122 3100 3229 3155 Sed
3259 3098 3412 3155 Isaac
3441 3114 3580 3169 quo-

2000 3208 2108 3264 que
2147 3193 2429 3249 Trinitatis
2486 3202 2541 3248 et
2598 3191 2997 3251 lncarnationis
3042 3191 3202 3249 Verbi
3260 3196 3597 3264 mysterium.

2000 3284 2391 3354 praecognitum
2441 3283 2752 3353 descripsit,
2811 3283 3033 3352 genitus
3082 3284 3307 3355 quidem
3360 3287 3580 3355 quando

2002 3383 2116 3429 tres
2181 3375 2330 3429 virus
2390 3374 2664 3431 Abraham
2719 3374 2876 3442 vidit,
2926 3375 3369 3433 incarnationem
3424 3392 3577 3443 vero,

2000 3465 2421 3525 cruciﬁxiouem.
2442 3475 2496 3518 et
2523 3467 2984 3522 resurrectionem
3035 3466 3242 3524 Christi
3272 3467 3577 3532 declarans,

1999 3559 2222 3631 quando
2246 3557 2513 3613 adductus
2550 3566 2636 3613 est
2682 3574 2713 3613 a
2758 3568 2940 3630 patre.
2986 3559 3197 3630 lignum
3225 3559 3409 3614 crucis
3439 3559 3578 3628 ligu-

2000 3667 2118 3706 ram
2155 3649 2213 3707 in
2259 3649 2513 3706 humeris
2560 3661 2807 3721 portans,
2839 3651 2975 3705 etin
3010 3652 3132 3722 ipso
3165 3652 3461 3721 ligatus.ut
3497 3651 3578 3705 vi-

1999 3746 2161 3802 ctima
2195 3746 2304 3801 Deo
2351 3744 2505 3799 ﬁeret
2546 3754 2601 3799 et
2645 3747 3010 3809 occideretur,
3066 3753 3232 3814 atque
3270 3746 3458 3802 audita
3492 3755 3579 3801 est

2001 3852 2104 3892 vox
2138 3836 2227 3891 Dei
2284 3851 2407 3905 quae
2458 3835 2552 3889 Dei
2610 3835 2849 3891 Verbum
2904 3835 3200 3906 signiﬁcat,
3258 3850 3379 3905 qua:
3435 3835 3576 3904 patri

1998 3928 2119 3997 ejus
2158 3927 2338 3981 dixit:
2377 3944 2397 3979 ι
2434 3924 2553 3979 Non
2607 3927 2874 3981 extendas
2937 3941 3162 3981 manum
3226 3936 3374 3980 tuam
3411 3940 3580 3995 super

2002 4032 2253 4085 puerum.
2294 4035 2312 4067 ›
2348 4015 2502 4084 Quod
2539 4024 2688 4069 esset
2732 4017 2969 4072 Verbum
3010 4015 3153 4071 Deus
3187 4015 3280 4085 qui
3309 4016 3578 4085 laqueba-

2004 4116 2094 4160 tur
2128 4115 2275 4173 patet
2308 4120 2374 4159 ex
2405 4104 2487 4160 eis
2533 4120 2654 4174 qum
2694 4107 2761 4161 ad
2809 4105 3082 4161 Abraham
3129 4105 3268 4161 dixit
3307 4123 3321 4161 :
3373 4125 3391 4159 ι
3425 4104 3583 4165 Nunc

2004 4195 2237 4265 cognovi
2276 4195 2430 4265 quod
2475 4195 2636 4250 times
2688 4194 2884 4259 Deum,
2929 4205 2983 4250 et
3015 4212 3123 4250 non
3153 4200 3447 4268 pepercisti
3494 4198 3579 4253 di-

2005 4286 2286 4344 lectoﬁlio
2315 4295 2409 4342 tuo
2434 4294 2656 4357 propter
2679 4302 2786 4342 me.
2819 4305 2841 4340 ι
2872 4287 2974 4343 Hic
3007 4288 3173 4358 igitur
3199 4300 3318 4344 erat
3343 4290 3582 4361 Angelus

2009 4379 2189 4448 magni
2242 4377 2477 4441 consilii,
2517 4376 2689 4434 Filius
2748 4377 3043 4445 Altissimi,
3114 4368 3207 4448 qui
3257 4380 3400 4450 patri
3465 4383 3587 4451 ejus

320 4445 618 4548 ἀκηκοέναι
648 4474 806 4541 Θεοῦ,
852 4473 889 4544 ἢ
922 4445 1029 4526 -τὸν
1084 4469 1180 4525 τοῦ
1232 4467 1370 4523 Θεοῦ
1424 4467 1599 4535 Λόγον
1630 4465 1887 4531 διδάσκει,

2008 4445 2287 4537 Abraham
2354 4472 2580 4527 locutus
2658 4481 2764 4537 est,
2827 4472 3083 4541 idemque
3128 4445 3301 4527 ἀπο-ι)
3380 4445 3582 4528 luetam

325 4571 435 4641 ιθ
461 4570 713 4638 λέγοντος
738 4565 818 4636 τῷ
854 4563 1034 4635 Πατρὶ
1066 4562 1260 4627 αὐτοῦ,
1299 4578 1319 4612 ι
1356 4560 1449 4629 Μὴ
1494 4556 1762 4628 ἑπιϐόιλῃς
1802 4554 1902 4625 τὴν

321 4662 483 4734 χεῖρά
513 4678 608 4715 σου
639 4660 733 4714 ἐπὶ
761 4658 823 4713 τὸ
861 4655 1174 4726 παιδάριον.
1204 4672 1224 4706 ι
1264 4653 1387 4706 Ὅτι
1413 4651 1469 4705 δὲ
1513 4652 1542 4705 6
1572 4649 1704 4713 Θεὸς
1733 4646 1904 4714 Λόγος

320 4752 393 4826 ἦν
425 4758 453 4807 ό
476 4753 678 4813 λαλῶν,
708 4752 866 4821 δῆλον
918 4748 978 4812 ἐξ
1003 4740 1079 4800 ὦν
1114 4762 1249 4817 φησι
1298 4742 1436 4814 πρὸς
1475 4741 1569 4795 τὸν
1608 4738 1865 4809 Ἀϐραάμ
1886 4753 1900 4768 ⁸

330 4863 355 4899 ι
390 4845 507 4900 Νῦν
551 4843 745 4912 ἔγνων,
795 4842 879 4894 ὅτι
934 4839 1035 4891 οὐκ
1089 4838 1291 4905 ἐφείσω
1338 4835 1433 4889 τοῦ
1488 4834 1608 4886 υἱοῦ
1653 4848 1751 4886 σου
1802 4829 1900 4883 τοῦ

324 4940 615 5009 ἀγαπητοῦ
661 4937 729 4991 δι’
754 4937 878 5006 ἐμὲ.
911 4954 931 4987 ι
971 4927 1143 4996 Οὗτος
1193 4931 1302 5000 ἄρα
1350 4925 1420 5001 ἦν
1448 4930 1477 4983 6
1502 4929 1613 4998 πῆς
1663 4926 1904 4996 μεγάλης

330 5031 528 5102 βουλῆς
575 5026 869 5097 Ἄγγελος,
897 5029 925 5080 6
956 5025 1086 5090 Υίὸς
1132 5022 1230 5076 τοῦ
1287 5020 1548 5090 Ὑψίστου
1579 5059 1594 5085 ,
1629 5020 1658 5073 6
1704 5018 1795 5071 καὶ
1827 5015 1905 5086 τῷ

328 5122 504 5192 [lupi
528 5118 696 5174 αὐτοῦ
739 5116 995 5187 ’Δσραὰμ
1030 5112 1441 5183 διαλεγόμενος,
1470 5112 1500 5163 6
1550 5111 1648 5163 καὶ
1675 5108 1753 5178 τῷ
1785 5106 1906 5197 “la.-

329 5213 446 5267 κὼδ
475 5213 573 5283 τὴν
612 5209 792 5281 πάλην
821 5206 1187 5278 στησάμενος,
1217 5204 1312 5257 καὶ
1347 5201 1481 5255 Θεὸν
1511 5201 1620 5254 τῶν
1656 5197 1907 5268 πατέρων

330 5302 496 5359 αὐτοῦ
557 5301 751 5358 ἑαυτὸν
816 5297 1137 5368 ὀνομάσας,
1187 5297 1216 5347 6
1266 5294 1362 5347 καὶ
1417 5289 1699 5360 Πιθεύματι
1762 5287 1906 5357 ἁγίῳ

331 5395 469 5465 πρὸς
502 5392 741 5463 θεωρίας
782 5388 919 5460 ῦψος
953 5387 1117 5442 αὐτὸν
1149 5383 1469 5453 ἀναγαγὼν,
1497 5382 1563 5436 δι’
1598 5375 1660 5433 οῦ
1691 5380 1786 5432 καὶ
1816 5377 1906 5430 λό-

335 5502 431 5555 γον
455 5487 483 5537 6
531 5481 732 5536 Ἰακὼϐ
785 5477 1095 5546 ξενιτεῦσαι
1141 5474 1385 5559 ἐδέξατο,
1411 5473 1507 5525 καὶ
1538 5470 1766 5541 φεύγειν
1783 5466 1908 5559 άπὸ

345 5572 541 5637 Ἠσαῦ,
576 5574 674 5625 καὶ
702 5570 948 5642 κλίμακα
982 5564 1132 5622 εἶδεν
1161 5557 1219 5621 ιν
1257 5565 1446 5626 ὕπνοις
1476 5565 1554 5626 είς
1585 5560 1711 5623 τοὺς
1743 5557 1908 5628 οὐρα-

337 5665 458 5728 νοὺς
488 5662 822 5734 φθάνουσαι),
859 5659 957 5714 καὶ
998 5658 1083 5711 ἐπ’
1113 5658 1306 5728 αὐτῆς,
1348 5655 1469 5725 ἦτις
1501 5650 1570 5723 ἦν
1604 5650 1768 5705 εἰκὼν
1809 5649 1908 5715 τῆς

340 5752 434 5811 τοῦ
468 5752 843 5828 σαρκωθέντος
881 5751 1057 5820 Λόγου
1092 5747 1339 5818 Μητρὸς,
1386 5745 1475 5801 τὸν
1505 5742 1636 5800 Θεὸν
1672 5739 1902 5803 καθεζό-

1048 5928 1085 5941 “ﬁ

2006 4562 2206 4629 intulit,
2243 4574 2297 4618 et
2332 4562 2684 4634 semetipsum
2733 4571 2951 4632 patrum
3019 4563 3140 4630 ejus
3198 4561 3365 4617 Deum
3396 4563 3586 4631 appel-

2005 4652 2153 4719 lavit,
2190 4669 2429 4722 eumque
2458 4654 2525 4708 ad
2565 4654 2774 4723 apicem
2828 4654 3310 4723 contemplationis
3341 4670 3435 4725 per
3463 4655 3586 4725 Spi-

2007 4744 2172 4798 ritum
2229 4755 2478 4801 sanctttm
2515 4742 2765 4809 adduxit,
2802 4757 2831 4797 τι
2890 4760 3000 4815 quo
3061 4744 3226 4802 Jac-ob
3277 4748 3467 4815 jussus
3498 4758 3585 4803 est.

2007 4839 2075 4893 ab
2129 4836 2274 4893 Esau
2326 4836 2591 4909 aufugere
2632 4845 2688 4893 et
2734 4836 2801 4893 ad
2854 4840 3191 4910 alienigenas
3231 4841 3582 4911 perigrinari,

2008 4929 2325 4999 scalamque
2352 4927 2487 4982 vidit
2512 4927 2581 4982 ad
2613 4929 2810 4984 coelum
2854 4930 3275 5001 pertingentem,
3325 4939 3380 4985 et
3420 4931 3473 4984 in
3518 4946 3584 4993 ea

2007 5035 2128 5088 quae
2158 5019 2330 5088 ﬁgura
2364 5027 2481 5073 erat
2536 5016 2694 5074 Verbi
2734 5020 3032 5085 incarnati,
3071 5021 3242 5077 Deum
3276 5022 3582 5085 sedentem,

2007 5124 2064 5169 et
2094 5126 2313 5169 rursum
2347 5111 2542 5179 jussus
2594 5120 2678 5166 est
2726 5113 3095 5183 prepiuquum
3147 5114 3356 5179 fugere.
3389 5112 3583 5165 miras-

2008 5218 2117 5274 que
2145 5202 2283 5256 vidit
2312 5200 2695 5257 revelationes.
2742 5204 2876 5269 Quaa
2931 5202 3309 5259 omniaVet'bi
3344 5203 3438 5258 Dei
3472 5204 3586 5258 vir-

2011 5300 2182 5346 tutem
2229 5301 2283 5345 et
2346 5289 2583 5358 Spiritus
2618 5290 2714 5346 Dei
2768 5293 3083 5361 potentiam.
3132 5293 3184 5344 in
3234 5290 3401 5359 justis
3464 5294 3587 5351 istis

2008 5389 2327 5451 operantem
2404 5380 2857 5447 pt'azdicaverunt.
2922 5381 3064 5445 Quid
3136 5396 3265 5437 vero
3336 5384 3609 5455 Joseph?‘

2012 5470 2202 5525 Nonne
2254 5483 2349 5539 per
2385 5466 2597 5521 somnia
2652 5468 2891 5523 Verbum
2947 5469 3042 5529 Dei
3082 5472 3366 5540 suscepit?
3394 5475 3590 5530 Nonne

2014 5559 2223 5629 Spiritu
2266 5557 2363 5610 Dei
2396 5554 2765 5610 movebatur?
2808 5557 2964 5614 Unde
2992 5558 3095 5627 ipsi
3130 5560 3402 5624 sapit-utin
3426 5566 3588 5635 cujus

2012 5666 2117 5719 ope
2186 5648 2254 5701 ab
2319 5644 2590 5716 Egyptiis
2634 5646 2701 5705 ad
2753 5661 2932 5716 regem
2996 5646 3222 5717 ejusque
3302 5655 3593 5714 ministros

2016 5735 2427 5795 transeuntibus
2475 5733 2739 5792 liberatus
2789 5735 2913 5794 esti
2965 5736 3160 5793 Nonne
3188 5736 3396 5799 virtute
3422 5743 3584 5799 divini
