4050 6266
431 348 494 410 57
1482 347 1872 410 DlALOGUS
1909 340 2216 405 CONTRA
2256 336 2650 400 HIERESES.
3619 325 3691 389 58

435 465 668 539 ρεῶςθαι
727 465 1016 535 μαρτυρεῖ,
1061 465 1158 534 ιι
1233 464 1326 517 καὶ
1397 462 1494 534 τὴν
1549 462 1777 531 δύναμιν
1847 457 2026 512 αὐτῶν

2131 448 2270 506 εἶναι
2332 452 2410 519 τῷ
2503 448 2774 518 πνεύματι
2849 441 2945 498 τοῦ
3029 442 3294 511 στόματος
3378 438 3563 494 αὐτοῦ.
3625 440 3692 492 Ὃ

438 529 659 629 ὶῖνεῦμα
703 529 1279 626 ὲέκσινιυσοῆνΞι-τοῖς
1333 529 1586 622 ἐγκᾶτοις
1631 529 1798 606 αδτοῦ
1836 547 2105 613 δυσωπεῖν
2139 548 2236 600 καὶ
2284 544 2360 614 μὴ
2392 538 2792 608 ἀπολειφθῆναι
2855 535 3071 629 ﬁgam."
3139 532 3284 629 Καὶ.
3326 529 3530 629 σαφῶς.
3564 529 3690 629 ,τὸν

430 619 686 704 Θ;ὸν’καὶ
711 619 933 720 ῐίατέρα
962 619 1228 720 κτξρύσσει
1261 619 1467 717 σὺν-τῷ
1501 647 1660 714 Λόγῳ
1726 643 1820 697 καὶ
1886 637 2191 707 Πνεῦματι.
2265 635 2374 690 Καὶ
2425 634 2533 687 πᾶς
2569 632 2625 685 δὲ
2690 629 2859 698 ὁτῶν
2893 621 3116 678 δικαίων
3167 619 3327 692 χορὸς
3368 620 3460 673 τὸν
3503 620 3683 687 Λόγον

428 745 520 798 τοῦ
553 745 688 800 Θεοῦ
721 743 816 799 καὶ
849 747 908 798 τὸ
947 745 1174 813 Πνεῦμα
1199 743 1471 813 ἀριδήλως
1511 741 1784 795 διδάσκει.

1062 861 1316 916 ΚΕΦΛΛ.
1371 861 1430 915 I’.

433 957 570 1026 Περὶ
623 956 730 1012 τοῦ
781 955 1158 1026 μονογενοῦς
1221 957 1360 1010 Υιοῦ
1399 955 1508 1009 τοῦ
1549 954 1698 1009 Θεοῦ
1739 951 1835 1006 καὶ
1891 949 2000 1004 τοῦ

941 1027 1114 1095 ἁγίου
1138 1027 1504 1094 Πνεύματος.

497 1119 561 1172 Εἰ
601 1117 702 1188 μὲν
733 1135 827 1171 ουν
870 1118 992 1181 ταῖς
1047 1116 1220 1175 Θειαις
1255 1115 1500 1184 Γραφαῖς
1549 1115 1577 1166 6
1622 1110 1997 1181 ἀντικείμενος

426 1213 642 1277 ἕπεται,
677 1212 743 1264 ἐκ
775 1211 984 1263 τούτων
1016 1211 1112 1261 καὶ
1145 1207 1256 1260 τῶν
1303 1208 1508 1276 ὁμοίων
1537 1205 1634 1258 τοῦ
1669 1203 2009 1272 φιλονεικεῖν.

429 1303 701 1355 παύσεται
721 1317 737 1332 ο
769 1301 982 1372 πλήρης
1006 1301 1114 1367 γὰρ
1143 1299 1351 1352 τούτων
1382 1301 1414 1367 ἡ
1445 1299 1564 1352 Θεία
1601 1295 1793 1366 Γραφή
1818 1311 1831 1324 ο
1862 1293 1910 1346 εἰ
1956 1291 2000 1344 δ’

425 1388 548 1458 οὖν,
573 1398 670 1446 καὶ
713 1393 822 1446 ἀπὸ
853 1393 954 1461 τῆς
991 1393 1224 1455 κτίσεως
1253 1392 1424 1460 αὐτῆς
1452 1393 1548 1445 καὶ
1573 1391 1674 1458 τῆς
1725 1385 2002 1457 ἄνθρωπε·

422 1503 520 1551 vn:
543 1483 760 1553 φύσεως
791 1482 1152 1549 ἐπιγνώσεται
1183 1483 1284 1551 τὴν
1330 1483 1611 1552 ἀλήθειαν.
1650 1483 1712 1534 Ei
1754 1481 1863 1550 γὰρ
1909 1479 2004 1549 δη-

429 1575 695 1644 μιουργὸς
723 1576 832 1628 τῶν
875 1575 1011 1628 ὅλων
1059 1575 1174 1628 ἐστὶ
1232 1576 1385 1639 Θεὸς,
1419 1575 1566 1628 διατι
1623 1575 1730 1641 ἄρα
1760 1573 1830 1626 τὰ
1882 1571 2003 1625 κτί-

423 1681 610 1728 σ;ι.ατα
635 1664 860 1731 γέγονες
895 1665 1036 1716 διατι
1067 1660 1164 1718 οὖν
1192 1682 1206 1727 ;
1251 1666 1372 1718 Ἵνα
1396 1665 1532 1718 Θεοῦ
1561 1662 1834 1735 ἀπολαύῃ.
1865 1662 2000 1715 Τίνα

417 1758 480 1808 Et
513 1756 651 1808 Θεοῦ
700 1755 988 1820 ἀπολαύει,
1023 1757 1117 1810 καὶ
1163 1757 1396 1826 δύναμιν
1438 1758 1554 1825 ἔχει
1589 1757 1722 1809 Θεὸν
1754 1755 1999 1822 εἰδέναις

422 1846 511 1896 τὰ
545 1845 706 1912 λόγον
729 1845 942 1914 ἔχοντα.
971 1847 1070 1899 Διὰ
1107 1845 1203 1900 τοῦ
1232 1847 1393 1914 λόγου
1429 1850 1535 1917 γὰρ
1582 1849 1614 1917 ὴ
1670 1847 1896 1916 γνῶσις.
1937 1844 2001 1900 El

419 1933 518 1988 οὖν
545 1938 633 1990 διὰ
660 1937 768 1990 τῶν
797 1939 1032 2005 λογικῶν
1067 1941 1100 2009 ἡ
1161 1939 1386 2007 γνῶσις,
1428 1941 1586 2007 λόγος
1637 1941 1745 2008 ἄρα
1801 1938 2002 2007 μᾶλλον

418 2033 480 2082 ὲν
508 2031 586 2099 τῷ
636 2030 775 2099 Θεῷ.
813 2032 923 2084 Καὶ
951 2033 997 2082 εξ
1024 2031 1111 2084 διὰ
1161 2033 1230 2085 τὰ
1283 2031 1476 2099 λογικὰ.
1505 2034 1533 2085 6
1563 2031 1848 2100 ὁρώμενος
1903 2029 2000 2081 κό-

359 2135 378 2154 ¹
418 2140 585 2190 σμος,
612 2123 700 2175 διὰ
729 2124 821 2177 τὸν
845 2124 1018 2191 Λόγον
1041 2126 1149 2192 ἄρα
1176 2126 1271 2179 καὶ
1304 2126 1391 2178 διὰ
1420 2124 1515 2178 τοῦ
1538 2126 1713 2193 Λόγου
1738 2126 1771 2194 ἠ
1799 2124 2000 2187 κτίσιςο

418 2217 522 2268 καὶ
552 2217 753 2286 μᾶλλον
779 2218 807 2270 6
836 2219 1010 2284 Λόγος
1044 2219 1197 2271 ἔσται
1226 2221 1282 2272 ὲν
1321 2218 1400 2285 τῷ
1431 2219 1551 2287 Θεῷ
1571 2235 1583 2249 ο
1624 2220 1717 2270 καὶ
1749 2217 1914 2271 αὑτὸν
1936 2211 2004 2286 ἦν

417 2311 650 2380 θεωρῶν
692 2310 720 2362 6
755 2311 946 2378 Πατὴρ
992 2311 1099 2379 πρὸ
1133 2310 1228 2362 τοῦ
1265 2311 1525 2377 γενέσθαι
1565 2311 1632 2364 τὰ
1682 2310 1862 2364 πάντα
1922 2310 2000 2372 ὡς

412 2404 607 2455 εξκόνα
633 2403 812 2466 ζῶσαν
844 2402 1034 2466 αὑτοῦ,
1083 2405 1177 2456 καλ.
1228 2405 1554 2473 χαρακτῆρα
1587 2404 1866 2473 ἀκίνητον,
1909 2419 2000 2456 σο·

417 2497 556 2560 φὶαν
610 2512 666 2547 τε
701 2496 792 2548 καὶ
837 2494 1200 2565 ἀπαύγασμα,
1245 2498 1338 2550 καὶ
1395 2497 1569 2562 Λόγον
1600 2497 1698 2549 καὶ
1743 2496 1998 2565 δύναμιν,

416 2589 520 2640 καὶ
551 2586 842 2655 ἀγαπητὸν
895 2587 1046 2652 Υἰὸν,
1079 2590 1175 2641 καὶ
1209 2589 1270 2639 τὸ
1324 2589 1608 2653 πανάγιον.
1642 2586 1887 2656 Πνεῦμα,
1926 2587 2001 2650 ὡς

417 2679 722 2748 ἁγιασμὸν,
753 2677 830 2740 ὡς
862 2681 1047 2749 πηγὴν
1078 2680 1322 2750 ἀγάπης,
1355 2681 1431 2741 ὡς
1460 2680 1609 2749 ζωὴν
1637 2682 1699 2732 ἐκ
1723 2679 1892 2750 ζωῆς,
1923 2679 2000 2742 ὡς

415 2770 716 2833 ζωοποιδν,
741 2771 816 2832 ὡς
841 2771 1126 2841 θησαυρὸν
1155 2773 1513 2842 ἁγαοὸτητος.
1539 2777 1650 2828 Καὶ
1675 2773 1835 2829 τοῦτό
1851 2778 1999 2829 ἐστιν

412 2864 562 2931 ὅπερ
591 2863 619 2914 6
658 2862 918 2931 Θεολόγος
959 2865 1127 2934 φησὶν
1164 2865 1491 2934 Γρηγόριος,
1519 2866 1580 2920 τὸ
1627 2867 1718 2920 τὸν
1748 2867 1883 2922 Θεὸν
1913 2885 1999 2921 κι-

413 2955 635 3008 νεῖσθαι
666 2958 731 3024 τῇ
765 2957 962 3008 ἑαυτοῦ
996 2956 1223 3025 θεωρίᾳ.
1277 2959 1381 3010 Καὶ
1414 2941 1463 3010 ἐι
1488 2961 1555 3012 τὰ
1601 2959 1877 3028 κτίσματα
1914 2961 2000 3014 λό-

415 3063 524 3110 γου
557 3047 802 3116 μετέχει,
839 3047 927 3100 ἵνα
964 3049 1210 3118 γινώσκῃ
1243 3047 1398 3112 Θεδν,
1433 3049 1614 3118 πολὶῲ
1661 3052 1865 3120 μᾶλλον
1896 3053 2001 3105 Λό-

412 3156 517 3201 γος
544 3138 700 3192 ἔσται
749 3142 806 3192 ὲν
838 3140 918 3208 τῷ
950 3140 1088 3210 Θεῷ,
1129 3144 1187 3194 ἐν
1214 3135 1257 3208 ᾧ
1293 3145 1388 3194 καὶ
1435 3144 1503 3195 δι’
1535 3137 1594 3196 οὗ
1623 3147 1717 3197 καὶ
1772 3146 1880 3216 πρὸ
1904 3147 1998 3199 τοῦ

411 3231 676 3298 γενέσθαι
708 3232 775 3284 τὰ
807 3232 988 3286 πάντα
1044 3230 1175 3286 οἶδε.
1215 3236 1324 3288 Καὶ
1348 3239 1394 3287 εἰ
1435 3237 1576 3288 κατὰ
1605 3235 1761 3304 λόγον
1792 3240 1824 3308 ή
1877 3237 1998 3290 acti-

415 3343 510 3387 σις
538 3325 785 3392 γέγονεν,
814 3325 848 3394 ἠ
880 3326 980 3394 μὲν
1002 3324 1218 3396 λογικὴ,
1257 3327 1288 3395 ὴ
1319 3327 1377 3379 δὲ
1428 3330 1509 3391 εἰς
1542 3329 1854 3397 ὑπηρεσίαν
1889 3330 1998 3384 τῶν

410 3421 680 3488 λογικῶν,
707 3420 816 3491 ἄρα
839 3421 936 3473 καὶ
969 3421 1142 3490 Λόγος
1186 3422 1246 3472 ὲν
1272 3421 1349 3490 τῷ
1381 3421 1518 3492 Θεῷ.
1560 3424 1666 3476 Καὶ
1729 3425 1778 3476 el
1813 3424 1880 3476 τὰ
1910 3423 1999 3475 λο-

411 3513 557 3580 γικὰ
591 3514 704 3565 νοεῖ
732 3513 827 3565 καὶ
857 3513 915 3564 τδ
931 3512 1285 3576 αὐτεξούσιον
1311 3513 1424 3582 ἔχει
1457 3517 1551 3567 καὶ
1583 3515 1668 3566 ἀεὶ
1701 3514 1791 3584 ζῇ,
1816 3513 1998 3584 πολλῷ

413 3623 477 3672 γε
525 3604 728 3672 μᾶλλον
767 3607 794 3657 6
825 3605 1002 3658 ταῦτα
1054 3607 1291 3676 ποιήσας
1343 3607 1539 3674 λογικά
1574 3606 1732 3674 λόγον
1764 3605 1876 3676 ἔχει
1911 3607 1997 3660 ἀεὶ

409 3700 469 3748 ὲν
507 3696 717 3765 ἑαυτῷο
785 3697 986 3764 μᾶλλον
1033 3697 1088 3749 δὲ
1140 3697 1228 3749 διὰ
1262 3697 1418 3751 τοῦτο
1456 3701 1554 3750 καὶ
1593 3700 1870 3768 κτίσματα
1910 3701 1998 3750 λο-

409 3791 581 3856 γικὰ,
607 3789 690 3842 ὅτι
713 3789 875 3858 λόγον
905 3787 1019 3858 ἔχει
1048 3788 1203 3852 Θεός.
1227 3790 1338 3841 Καὶ
1364 3791 1506 3842 αὐτὰ
1535 3791 1593 3843 δὲ
1624 3793 1693 3843 τὰ
1729 3791 1802 3861 μὴ
1833 3791 1994 3858 λόγου

413 3882 721 3952 μετέχοντα
752 3880 894 3934 κατὰ
932 3881 1094 3948 λόγον
1125 3883 1234 3934 εἰσὶ
1267 3883 1582 3935 συνεστῶτα
1629 3883 1726 3936 καὶ
1764 3883 1996 3952 μένοντα

410 3977 512 4026 καὶ
547 3973 848 4041 κινούμενα
873 3991 886 4002 ·
922 3972 1004 4026 ὅτι
1037 3972 1196 4038 λόγον
1228 3975 1342 4044 ἔχει
1368 3975 1523 4040 Θεός.
1565 3975 1728 4028 Ἀλλὰ
1760 3977 1995 4046 διάφορα

414 4068 520 4133 μὲν
557 4067 624 4117 τὰ
649 4065 951 4135 κτίσματα,
986 4065 1104 4134 ἐρεῖ
1134 4083 1243 4130 τις,
1271 4071 1362 4120 καὶ
1395 4067 1656 4138 διάφορος
1698 4070 1751 4121 δὲ
1781 4071 1808 4122 6
1839 4069 1997 4136 λόγος

408 4159 637 4223 οὐτῶνς
680 4159 994 4212 ’Λκουσάτω
1033 4152 1209 4222 οὗτος,
1237 4161 1318 4212 ὅτι
1358 4160 1528 4214 πολλὰ
1562 4160 1734 4214 ταῦτα
1771 4159 1847 4223 ὡς
1878 4160 1996 4213 κτί-

413 4269 610 4320 σματα
643 4253 736 4306 καὶ
795 4251 1081 4322 ἀρξάμενα
1113 4253 1207 4305 καὶ
1258 4253 1494 4323 διάφορα
1527 4257 1592 4324 τῇ
1653 4253 1848 4324 γνώμῃ
1903 4255 1996 4306 καὶ

408 4343 606 4408 φύσει,
637 4343 732 4396 καὶ
756 4344 822 4395 ἐκ
858 4343 931 4411 μὴ
954 4341 1160 4394 ὄντων·
1217 4343 1296 4394 διὸ
1335 4344 1431 4394 καὶ
1486 4345 1858 4396 ἀνυπόστατον
1905 4345 1997 4396 καὶ

410 4433 669 4488 ποικίλον
703 4435 794 4486 τὴν
825 4435 985 4502 λόγον
1019 4435 1112 4485 καὶ
1131 4434 1231 4486 οὐκ
1256 4434 1626 4487 ὲνυπόστατον
1658 4434 1791 4504 ἔχει.
1841 4433 1996 4487 Ἐπεὶ

405 4529 465 4580 δὲ
495 4527 607 4590 ζῶν
644 4528 742 4580 καὶ
772 4523 851 4588 εἷς
889 4529 1023 4591 Θεὶς
1059 4529 1085 4579 6
1114 4527 1324 4595 Πατὴρ,
1360 4525 1456 4580 καὶ
1487 4526 1575 4579 ἀεὶ
1608 4525 1705 4592 ὢν,
1771 4527 1868 4579 καὶ
1915 4523 1996 4589 εἷς

404 4623 436 4674 ὁ
470 4619 649 4685 Λόγος
674 4619 823 4672 ἐστὶν
850 4618 1044 4682 αὑτοῦ,
1076 4623 1171 4674 καὶ
1204 4618 1311 4680 ζῶν
1344 4619 1416 4674 ὡς
1451 4619 1544 4670 καὶ
1574 4619 1601 4670 6
1650 4618 1864 4688 Πατὴρ,
1902 4621 1997 4671 καὶ

406 4715 505 4765 ἀεὶ
545 4710 642 4775 ὢν,
679 4712 754 4773 ὡς
789 4713 816 4763 6
842 4712 1030 4778 Πατὴρ
1066 4709 1163 4774 ὣν,
1193 4711 1292 4762 καὶ
1341 4710 1571 4776 τέλειος,
1622 4711 1746 4763 ἐπεὶ
1781 4714 1876 4764 καὶ
1910 4713 1996 4766 τέ-

404 4805 566 4866 )ειος
594 4805 623 4856 6
655 4804 848 4872 Πατήρ
870 4821 883 4834 ·
915 4803 996 4855 διδ
1030 4805 1124 4857 καὶ
1165 4805 1226 4854 οὐ
1281 4803 1431 4871 λόγοι
1482 4804 1692 4872 πολλοὶ,
1728 4807 1838 4858 οὐδ’
1868 4808 1996 4859 ἀνυ-

411 4897 690 4948 πόστατοι
719 4897 776 4946 ἐν
799 4893 941 4964 Θεῷ,
965 4893 1051 4946 ἵνα
1079 4893 1154 4963 μὴ
1184 4897 1379 4966 ἀτελὴς
1415 4899 1609 4967 φανείη
1640 4898 1728 4951 καὶ
1755 4899 1996 4952 ἀλλοιού-
2026 4895 2072 4957 Ι)

409 5006 608 5058 μενος,
636 4990 730 5040 καὶ
757 4988 890 5057 προς
923 4987 1082 5052 λόγον
1127 4987 1463 5059 ὑψηλότερον
1508 4990 1867 5056 ἀναγόμενος,
1903 4993 1997 5044 καὶ

400 5079 862 5154 προσλαμϐάνων
893 5079 1108 5146 σοφίανο
1140 5081 1276 5133 ἀλλὰ
1308 5082 1401 5150 μία
1432 5082 1527 5132 καὶ
1553 5083 1735 5134 τελεία
1769 5083 1863 5135 καὶ
1915 5085 1999 5135 ἐν-

402 5173 727 5235 υπόστατος
791 5174 886 5225 καὶ
943 5172 1093 5236 ζῶσα
1149 5175 1247 5225 καὶ
1299 5175 1570 5236 συναῖδιος
1619 5175 1777 5241 σοφία
1829 5179 1888 5228 ὲν
1918 5175 1996 5246 τῷ

403 5264 609 5333 Θεῷ,ὁ
639 5265 938 5334 μονογενὴς
974 5265 1140 5318 αὑτοῦ
1171 5267 1363 5332 Λόγος,
1394 5270 1452 5319 ἐν
1473 5263 1518 5334 ᾧ
1549 5267 1746 5331 πάντες
1779 5270 1827 5320 οἱ
1846 5269 1994 5337 λόγοι

404 5358 530 5425 πρὸ
576 5356 690 5409 τῶν
750 5357 964 5409 αἰώνων
1021 5357 1150 5413 εἰσί.
1218 5359 1325 5409 Καὶ
1365 5358 1424 5411 τὸ
1473 5360 1768 5422 ζωοποιοίν
1815 5361 1868 5413 δὲ
1923 5361 1992 5413 τὰ

401 5451 602 5502 πάντα
628 5448 856 5518 Πνεῦμα
887 5449 1042 5518 ἅγιον
1083 5449 1142 5502 ἒν
1172 5452 1319 5502 ἐστιν
1368 5449 1427 5514 ἐξ
1465 5451 1582 5515 ἐνὸς
1630 5451 1726 5504 τοῦ
1775 5453 1992 5522 [ἰατρὸς

397 5543 526 5604 ἀεὶ,
567 5542 663 5594 καὶ
716 5540 847 5607 ζῶν,
906 5542 1000 5595 καὶ
1048 5543 1372 5605 ζωοποιοῦν.
1440 5545 1550 5595 Καὶ
1610 5545 1668 5596 ὲν
1715 5543 1792 5612 τῷ
1855 5545 1996 5613 ἁγίῳ

398 5634 706 5702 Πνεῦματι
755 5636 850 5686 καὶ
881 5635 950 5686 τὰ
997 5635 1192 5702 λογικὰ
1262 5634 1423 5701 ζῶσι,
1463 5638 1558 5689 ναὶ
1613 5637 1812 5705 μᾶλλόν
1857 5641 1996 5693 εἰσιν

397 5726 681 5778 ἁῡὰνατα·
715 5727 907 5794 ὅτιπερ
957 5727 1083 5779 οὐδὲ
1132 5727 1328 5794 λογικὰ
1360 5733 1530 5798 χωρὶς
1572 5730 1888 5800 Ῐῐνεύματος
1916 5727 1992 5784 εἶ-

406 5834 514 5872 ναι
549 5817 790 5870 δύναται.
821 5820 902 5871 Τὰ
944 5817 1043 5886 μιν
1081 5819 1174 5871 οὖν
1210 5819 1400 5888 λογικὰ
1428 5822 1604 5883 ζῶντά
1635 5828 1769 5878 εἰσιν
1803 5828 1866 5878 ὲκ
1892 5823 1988 5878 τοῦ

2741 840 2968 900 CAPUT
3004 839 3077 896 Χ.

2257 937 2336 992 De
2378 935 2525 991 Filio
2571 935 2673 990 Dei
2707 937 2976 1005 unigenilo
3033 945 3083 989 et
3115 942 3297 989 sancto
3327 932 3549 1002 Spiritu.

2175 1089 2344 1158 Igitur
2379 1089 2424 1142 si
2455 1088 2805 1143 adversarius
2858 1087 3072 1143 divinas
3117 1095 3382 1157 sequatur
3440 1084 3685 1154 Scriptu-

2103 1197 2214 1245 ras,
2249 1195 2315 1237 ex
2342 1181 2503 1237 dictis
2550 1191 2602 1236 et
2636 1181 2908 1237 similibus
2941 1197 3136 1236 suasus
3159 1196 3190 1235 a
3250 1183 3393 1235 lucta
3433 1181 3688 1240 desistet.

2102 1289 2228 1328 nam
2265 1273 2547 1343 Scriptura
2572 1274 2752 1328 divina
2773 1272 2967 1326 talibus
2991 1271 3188 1326 referta
3215 1280 3299 1326 est
3332 1269 3690 1338 argumentis.

2105 1363 2232 1420 lusu
2248 1380 2344 1436 per
2376 1381 2439 1421 ex
2497 1367 2610 1435 ipsa
2645 1367 2922 1421 creatione
2964 1365 3315 1432 humanaque
3346 1371 3540 1416 natura
3589 1376 3689 1414 co-

2103 1464 2330 1526 gnoscet
2388 1455 2695 1512 veritatem.
2743 1455 2957 1526 Quippe
3005 1455 3049 1510 si
3091 1455 3234 1509 Deus
3269 1463 3354 1509 est
3409 1453 3690 1506 universo-

2105 1560 2226 1599 rum
2261 1545 2534 1608 conditor,
2590 1561 2761 1614 quare
2809 1559 2938 1614 ergo
2996 1543 3151 1597 facta:
3203 1551 3333 1596 sunt
3391 1540 3694 1597 creaturae?

2105 1634 2328 1701 Quare?
2359 1634 2429 1689 Ut
2461 1636 2569 1689 Deo
2605 1634 2894 1700 fruantur;
2927 1633 3020 1689 sed
3087 1647 3332 1704 quamam
3370 1632 3478 1685 Deo
3501 1631 3687 1683 fruen-

2107 1733 2215 1790 tur,
2251 1735 2306 1780 et
2345 1733 2668 1795 potestatem
2719 1726 2995 1780 habebunt
3037 1724 3253 1778 videndi
3312 1723 3522 1776 Deum?
3583 1720 3687 1774 Illa:

2104 1831 2226 1886 quae
2261 1819 2473 1873 ratione
2525 1829 2650 1872 sunt
2680 1817 2937 1885 praeditas.
2975 1815 3110 1869 Nam
3141 1830 3238 1883 per
3273 1815 3539 1869 rationem
3590 1830 3690 1867 cn-

2105 1905 2314 1976 gnitio;
2350 1906 2517 1976 igitur
2552 1906 2598 1961 si
2650 1920 2748 1976 per
2778 1905 3064 1960 facultates
3095 1904 3388 1959 rationales
3421 1903 3476 1957 ﬁt
3509 1902 3694 1972 cogni-

2107 1997 2207 2062 tio,
2237 2006 2444 2068 quanto
2472 1998 2647 2067 magis
2675 1996 2816 2051 ratio
2841 2012 2934 2051 seu
2973 1995 3213 2051 Verbum
3253 1997 3306 2049 in
3343 1995 3453 2048 Deo
3477 1996 3596 2048 est!
3639 2007 3693 2048 et

2108 2083 2152 2138 si
2203 2083 2441 2138 mundus
2482 2083 2720 2138 visibilis
2771 2092 2992 2155 propter
3027 2084 3347 2150 rationales
3408 2092 3692 2138 creaturas

2035 2199 2079 2253 Β
2111 2172 2288 2228 factus
2328 2183 2429 2237 est,
2467 2174 2634 2245 igitur
2661 2185 2886 2245 propter
2921 2177 3185 2230 rationem
3215 2185 3269 2230 et
3300 2191 3393 2244 per
3425 2176 3688 2229 rationem

2108 2265 2338 2320 conditae
2366 2273 2493 2320 sunt
2523 2275 2825 2333 creaturae;
2868 2275 2922 2320 et
2977 2278 3182 2336 quanto
3212 2267 3384 2337 magis
3438 2265 3578 2320 ratio
3634 2266 3686 2318 in

2107 2355 2218 2410 Deo
2249 2365 2354 2422 est,
2377 2367 2433 2410 et
2455 2355 2601 2410 illam
2633 2357 3011 2427 contemplans
3035 2367 3153 2413 erat
3173 2355 3334 2412 Pater
3366 2359 3686 2428 priusquam

2106 2446 2300 2500 tierent
2351 2447 2558 2511 omnia,
2598 2455 2657 2500 ut
2685 2460 2842 2500 suam
2891 2448 3185 2516 imaginem
3240 2448 3444 2506 vivam.
3477 2460 3530 2504 et
3561 2449 3691 2505 cha-

2105 2543 2372 2590 racterem
2431 2534 2796 2598 indelebilem,
2833 2535 3158 2603 sapientiam
3213 2546 3373 2605 atque
3435 2536 3689 2605 ﬁgurant.

2104 2626 2421 2686 verbumet
2445 2625 2704 2679 virtutem
2731 2635 2892 2694 atque
2927 2626 3184 2679 dilectum
3213 2626 3434 2694 Filium,
3471 2644 3687 2682 necnon

2107 2718 2368 2789 Spiritum
2407 2718 2816 2773 sanctissimum
2848 2727 2906 2771 ιιι
2940 2719 3316 2785 sanctitatem,
3360 2729 3420 2773 ut
3451 2722 3692 2775 charita-

2105 2811 2175 2868 tis
2201 2811 2423 2876 fontem,
2461 2810 2707 2863 utvitam
2766 2825 2830 2863 ex
2888 2811 3018 2875 vita,
3057 2819 3118 2864 ut
3178 2812 3566 2878 vivificantem,
3631 2824 3691 2866 ιιι

2105 2903 2422 2957 thesaurum
2457 2901 2737 2956 bonitatis.
2774 2899 2888 2955 lloc
2919 2911 3000 2955 est
3040 2903 3183 2971 quod
3218 2901 3528 2972 leeologus
3556 2905 3693 2959 dixit

2106 2993 2406 3063 Gregorius
2447 3011 2462 3048 ι
2524 2993 2666 3047 Deus
2696 3003 2946 3046 movetur
2980 3009 3077 3047 sua
3141 2995 3315 3063 ipsius
3350 2997 3687 3064 contempla-

2107 3084 2292 3152 tione;
2332 3084 2466 3140 etsi
2509 3095 2775 3140 creaturae
2815 3085 3049 3139 rationis
3106 3097 3234 3139 sunt
3291 3088 3586 3157 participes
3633 3099 3692 3142 ut

2105 3173 2274 3230 Deum
2305 3186 2660 3246 cognoscant,
2685 3186 2892 3246 quanto
2924 3179 3105 3245 potius
3132 3178 3270 3230 ratio
3301 3178 3405 3231 erit
3439 3179 3490 3232 in
3553 3179 3688 3246 Deo,

2101 3267 2156 3322 in
2196 3283 2303 3336 qua
2333 3275 2385 3322 et
2413 3283 2507 3337 per
2525 3283 2687 3338 quam
2711 3267 2880 3332 novit,
2911 3269 3230 3338 priusquam
3261 3271 3456 3324 tierent
3476 3271 3686 3325 omnia.

2102 3355 2167 3410 Et
2195 3357 2238 3412 si
2273 3367 2540 3411 creatura:
2589 3357 2886 3410 secundum
2949 3359 3216 3412 rationem
3269 3359 3501 3415 conditae
3538 3373 3684 3422 sunt,

2106 3447 2223 3502 alia>
2243 3445 2463 3516 quidem
2492 3447 2810 3512 rationales,
2835 3447 2954 3502 alia:
2978 3459 3157 3503 autem
3181 3467 3303 3518 qua:
3325 3451 3688 3506 rationalibus

2027 3555 2073 3614 ο
2110 3540 2439 3606 inserviant,
2474 3555 2605 3609 ergo
2639 3540 2778 3594 ratio
2812 3541 2864 3593 in
2903 3541 3013 3596 Deo
3045 3528 3149 3597 est.
3188 3541 3340 3608 Quod
3373 3546 3417 3596 si
3453 3560 3537 3598 res
3600 3559 3688 3598 ra-

2105 3633 2250 3686 tione
2273 3633 2486 3687 donat..e
2518 3633 2852 3702 cogitant,et
2883 3633 3138 3689 libertate
3157 3635 3422 3706 gaudent,
3455 3645 3509 3690 et
3535 3652 3682 3690 scm-

2101 3740 2199 3796 per
2230 3727 2439 3789 vivunt,
2474 3735 2682 3794 quanto
2732 3727 2903 3794 magis
2934 3729 3026 3797 qui
3061 3743 3154 3783 eas
3207 3728 3504 3783 rationales
3557 3728 3686 3783 fecit

2101 3815 2368 3869 rationem
2403 3829 2618 3884 semper
2655 3815 2817 3870 habet
2859 3817 2911 3868 in
2946 3819 3276 3886 semetipso!
3308 3833 3429 3880 seu,
3481 3827 3540 3872 ut
3574 3835 3704 3872 me-.

2101 3905 2209 3960 lius
2241 3906 2440 3970 dicam,
2477 3915 2604 3960 sunt
2639 3916 2908 3962 creaturae
2937 3909 3224 3963 rationales
3249 3909 3375 3977 quia
3427 3907 3570 3963 Dens
3602 3925 3686 3962 ra-

2101 3996 2304 4052 tionem
2339 3995 2523 4062 habet,
2555 3996 2674 4050 alia:
2708 4012 2836 4050 vero
2869 4013 2990 4066 qua:
3021 4013 3125 4050 non
3162 4008 3288 4051 sunt
3311 3998 3538 4052 rationis
3565 4015 3704 4068 par-.

2101 4088 2313 4155 ticipes,
2375 4087 2674 4141 secundum
2732 4089 2996 4141 rationem
3028 4099 3301 4151 constant,
3367 4099 3686 4156 permanent

2102 4184 2266 4244 atque
2319 4186 2626 4240 moventur,
2660 4177 2917 4246 quoniam
2977 4180 3239 4232 rationem
3306 4179 3467 4233 habet
3520 4181 3683 4235 Dens.

2100 4269 2204 4324 Sed
2236 4269 2471 4323 fortasse
2499 4269 2642 4322 (licet
2678 4270 2875 4337 aliquis
2907 4271 3154 4326 diversas
3191 4287 3312 4324 esse
3380 4282 3682 4332 creaturas,

2100 4360 2483 4429 diversamque
2545 4375 2734 4412 carum
2819 4361 3110 4414 rationem.
3171 4359 3353 4414 Discat
3396 4361 3496 4414 iste
3550 4377 3684 4430 quo-

2099 4451 2246 4506 niam
2280 4451 2362 4506 ha:
2396 4467 2482 4505 res
2519 4450 2724 4515 multae,
2758 4463 2822 4504 eo
2847 4450 2966 4519 ipso
3000 4453 3144 4520 quod
3186 4454 3294 4506 sint
3321 4462 3583 4506 creatura:
3631 4463 3699 4518 et,

2103 4545 2410 4615 inceperint
2470 4559 2613 4610 esse,
2648 4555 2701 4598 et
2763 4545 2992 4598 diversa:
3056 4545 3166 4599 sint
3231 4553 3338 4598 tam
3413 4545 3692 4599 sententia.

2099 4654 2264 4709 quam
2290 4647 2504 4700 natura,
2548 4653 2761 4692 necnon
2794 4653 2824 4692 e
2853 4638 3021 4691 nihilo
3055 4637 3254 4692 fuerint
3303 4639 3532 4704 eductae,
3563 4639 3686 4694 ideo

2113 4729 2423 4784 instabilem
2483 4739 2538 4782 et
2595 4728 2866 4782 diversam
2903 4728 3194 4795 rationem,
3261 4731 3485 4786 minime
3552 4747 3694 4787 vero.

2102 4819 2522 4876 substantialem
2556 4819 2776 4874 habent.
2811 4821 2881 4874 At
2909 4836 3034 4875 cum
3069 4837 3212 4878 unus
3246 4823 3314 4878 sit
3353 4825 3493 4879 Deus
3525 4825 3685 4880 vivus

2101 4916 2193 4984 qui
2230 4923 2284 4968 et
2315 4913 2474 4967 Pater
2508 4928 2724 4982 semper
2775 4914 2923 4979 vivit,
2954 4931 3122 4970 unum
3176 4931 3393 4986 quoque
3432 4924 3528 4984 est,
3561 4917 3684 4987 ejus

2102 5006 2363 5072 Verbum,
2400 5020 2494 5061 seu
2524 5022 2631 5062 una
2653 5009 2812 5073 ratio,
2843 5009 3034 5063 vivens
3066 5009 3210 5063 sicut
3241 5018 3296 5063 et
3325 5007 3507 5073 Pater,
3534 5023 3682 5065 sem-2

2102 5113 2308 5169 perque
2357 5097 2568 5166 vivens,
2607 5102 2751 5155 sicut
2797 5102 2961 5156 Pater
3016 5100 3112 5172 qui
3171 5109 3279 5166 est,
3330 5107 3388 5155 et
3441 5099 3690 5167 perfecta

2101 5193 2229 5259 quia
2261 5189 2423 5245 Pater
2453 5191 2730 5260 perfectus
2754 5201 2872 5261 est;
2909 5194 3030 5249 ideo
3070 5208 3178 5247 non
3210 5192 3393 5246 multae
3458 5201 3588 5246 sunt
3624 5193 3680 5247 in

2104 5281 2212 5335 Deo
2232 5280 2471 5338 rationes
2495 5298 2617 5354 qua!
2647 5299 2754 5339 non
2785 5285 2896 5339 sint
2928 5281 3338 5343 substantiales.
3397 5297 3466 5337 ne
3495 5276 3682 5352 videa-

2101 5383 2195 5427 tur
2226 5373 2583 5442 imperfectus
2615 5385 2668 5431 et
2698 5375 2997 5441 mutabilis,
3061 5383 3115 5427 et
3173 5374 3239 5429 ad
3303 5375 3680 5430 sublimiorem

2103 5466 2369 5519 rationem
2425 5478 2669 5530 evectus,
2722 5466 3153 5536 sapientiamque
3217 5467 3528 5537 accipiens;
3580 5471 3690 5541 sed,

2101 5570 2208 5609 una
2244 5565 2324 5610 est
2359 5557 2496 5610 ratio
2522 5555 2787 5625 perfecta,
2819 5563 2876 5609 et
2914 5557 3320 5624 substantialis,
3376 5568 3430 5613 et
3489 5560 3687 5614 vivens

2099 5657 2154 5702 et
2206 5655 2479 5704 coaeterna
2533 5646 2799 5718 sapientia
2861 5648 2915 5700 in
2971 5647 3102 5716 Deo,
3151 5649 3488 5718 unigenitum
3559 5649 3681 5717 ejus

2099 5739 2361 5806 Verbum,
2408 5741 2462 5796 in
2494 5755 2605 5810 quo
2627 5753 2819 5796 omnes
2853 5740 3094 5798 rationes
3137 5750 3264 5797 sunt
3297 5754 3420 5795 ante
3451 5741 3678 5794 szecula.

2097 5831 2321 5904 insuper
2351 5831 2588 5904 Spiritus
2615 5841 2838 5889 sanctus
2887 5835 3071 5890 outnia
3103 5835 3384 5889 viviﬁcaris
3417 5845 3558 5887 unus
3588 5839 3679 5905 est

3815 5545 3834 5578 ἱ
