4076 6268
389 387 460 450 59
1241 388 1620 453 SYMEUNIS
1655 394 2416 460 THESSALONICENSIS
2443 403 2810 465 ARCHIEP.
3558 403 3629 468 60

388 516 456 555 ex
482 515 590 556 uno
631 501 722 568 qui
751 512 968 572 semper
994 513 1078 558 εει
1112 501 1299 568 Patre,
1333 514 1389 559 et
1441 506 1630 561 vivens
1680 517 1737 563 et
1791 509 1947 563 viviti-

2072 509 2230 577 ἁγίου
2286 512 2639 583 Πνεύματος’
2695 516 2889 586 λογικὰ
2947 518 3003 572 δὲ
3048 520 3110 572 ὲκ
3157 517 3253 572 τοῦ
3310 518 3486 584 Λόγου
3533 516 3627 569 τοῦ

391 604 528 644 caus
554 630 570 656 ,
601 599 655 644 et
684 590 737 644 in
776 592 976 658 Spiritu
1011 601 1201 647 sancto
1225 596 1392 647 vitam
1430 595 1631 649 habent
1686 606 1953 652 creaturae

390 681 766 746 rationabiles,
792 682 873 736 νει
929 686 1108 751 potius
1166 684 1645 753 immortalitatem,
1695 688 1953 756 quoniam

392 772 729 826 rationabilia
762 771 880 827 sine
922 773 1126 841 Spiritu
1172 790 1294 829 esse
1323 791 1429 829 non
1466 786 1736 844 possunt;
1811 778 1954 834 unde

390 877 475 915 res
509 862 719 916 ratione
748 862 984 932 prteditae
1010 868 1171 917 vitam
1201 866 1418 933 quidem
1437 866 1639 921 habent
1669 882 1732 921 ex
1765 878 1956 924 saneto

391 954 619 1023 Spiritu,
654 956 918 1010 rationem
952 971 1082 1010 vero
1128 974 1196 1012 ex
1225 956 1404 1013 Verbo
1439 961 1657 1014 vivente
1704 968 1758 1013 et
1803 961 1954 1013 exsi-

393 1044 648 1097 stentiam
680 1056 831 1099 exeo
862 1045 952 1113 qui
988 1054 1069 1098 est
1096 1044 1289 1112 Patre;
1330 1062 1516 1101 verum
1559 1047 1953 1105 irrationabilia

389 1147 542 1188 exeo
570 1134 666 1203 qui
692 1149 905 1204 semper
949 1146 1033 1190 est
1080 1135 1239 1189 Patre
1276 1137 1478 1191 habent
1511 1138 1656 1207 quod
1708 1139 1839 1204 sint,
1886 1154 1953 1195 ex

389 1223 511 1277 vivo
545 1224 662 1278 Pati
683 1227 726 1278 is
757 1226 930 1280 Verbo
955 1226 1101 1295 quod
1132 1228 1242 1280 sint
1271 1229 1433 1283 modo
1474 1229 1670 1283 rationi
1720 1246 1953 1285 consen—

390 1323 570 1381 tauro,
630 1324 685 1370 et
758 1318 1028 1385 propriam
1089 1318 1318 1386 singulae
1377 1328 1627 1373 naturam
1691 1321 1950 1384 habeant,

388 1419 599 1459 necnon
648 1420 712 1459 ex
761 1408 974 1462 vivente
1026 1409 1317 1474 omniaque
1366 1411 1705 1465 coadunante
1762 1423 1952 1465 sancto

390 1495 594 1565 Spiritu
623 1501 766 1567 quod
800 1492 1123 1556 moveantur
1151 1514 1204 1555 et
1239 1515 1616 1571 permaneant,
1648 1505 1954 1574 propriam-

387 1603 494 1657 que
527 1591 751 1659 singula:
779 1595 1032 1647 virtutem
1089 1603 1524 1665 consequantur.
1581 1596 1790 1649 Etenim
1819 1596 1951 1663 quid

386 1687 472 1733 est
498 1696 561 1734 ex
596 1683 851 1738 onmibus
884 1700 1005 1754 quze
1035 1687 1314 1742 exsistunt
1340 1688 1479 1755 quod
1517 1704 1621 1740 non
1653 1688 1717 1742 sit
1754 1700 1948 1740 secun—

383 1772 513 1826 dum
567 1775 983 1831 rationem?vel
1018 1779 1148 1846 quid
1203 1788 1284 1834 est
1322 1779 1465 1849 quod
1530 1788 1732 1833 motum
1789 1793 1947 1832 suum

2064 601 2291 667 ζῶντος,
2318 607 2411 658 καὶ
2436 606 2563 660 ὄντα
2591 609 2654 662 ὲκ
2678 609 2771 662 τοῦ
2794 609 2948 674 ὄντος
2983 611 3218 682 Πατρόξ.
3242 610 3351 663 Kal
3371 609 3440 663 τὰ
3459 609 3628 678 ἄλογα

2057 690 2113 743 δὲ
2150 692 2212 745 τὸ
2241 689 2383 748 εἶναι
2414 698 2477 749 ἐκ
2514 698 2610 751 τοῦ
2644 700 2731 753 ἀεὶ
2771 701 2926 764 ὄντος
2955 701 3070 772 ἔχει
3130 703 3361 773 Πατρός,
3397 703 3493 756 καὶ
3548 702 3625 771 τῷ

2056 783 2211 850 Λόγῳ
2241 785 2297 837 δὲ
2357 783 2517 850 εἶναι,
2549 792 2642 844 καὶ
2671 790 2816 845 οὕτω
2866 811 2982 856 πως
3011 794 3155 864 ἔχειν
3210 794 3442 848 ἕκαστον
3486 795 3629 848 κατὰ

2059 871 2221 938 φύσιν
2253 875 2316 927 ἐκ
2344 874 2436 927 τοῦ
2474 877 2677 941 ζῶντος
2696 881 2870 948 Λόγου
2901 880 2995 935 τοῦ
3037 882 3270 952 Πατρός,
3326 882 3422 935 καὶ
3448 882 3507 933 τὸ
3540 897 3626 933 κι-

2056 961 2264 1016 νεῖσθαι
2292 965 2348 1018 δὲ
2376 967 2471 1020 καὶ
2519 969 2703 1037 μένειν
2735 974 2832 1024 καὶ
2894 971 3126 1041 δύναμιν
3157 971 3366 1025 οἰκείαν
3433 969 3628 1037 κεκτῆ-

2059 1050 2183 1105 σθαι
2219 1055 2451 1108 ἕκαστον
2482 1058 2546 1111 ἐκ
2565 1058 2658 1118 τοῦ
2691 1059 2963 1126 ζωοῦντος
2987 1064 3083 1117 καὶ
3115 1064 3429 1133 συνέχοντος·
3451 1067 3627 1128 πᾴντα

2062 1143 2220 1211 ἁγίου
2268 1146 2610 1216 Πνεύματος.
2666 1151 2732 1203 Τί
2781 1151 2890 1223 γὰρ
2913 1152 3023 1206 τῶν
3054 1153 3247 1220 ὄντων,
3280 1154 3308 1207 ὃ
3366 1156 3441 1225 μὴ
3485 1157 3627 1211 κατὰ

2055 1234 2211 1303 λόγον
2242 1237 2426 1301 ὲστίν;
2466 1240 2542 1292 'I-I
2573 1242 2622 1293 τί
2646 1241 2674 1294 ὃ
2716 1245 2791 1311 μὴ
2830 1245 3046 1315 κίνησιν
3082 1246 3221 1299 ἰδίαν
3272 1247 3387 1317 ἔχει
3420 1249 3515 1302 καὶ
3539 1249 3628 1301 δύο

2057 1345 2226 1395 ναμιν
2257 1345 2271 1395 ;
2301 1328 2523 1383 Πάντων
2543 1331 2601 1384 δὲ
2622 1333 2830 1388 τούτων
2860 1335 3033 1400 αἴτιος
3063 1339 3096 1408 ἡ
3137 1337 3330 1407 Τριὰς,
3363 1340 3464 1408 12
3492 1341 3518 1391 ό
3538 1340 3626 1393 ἀεὶ

2057 1416 2133 1467 ὣν
2166 1417 2259 1470 καὶ
2308 1418 2416 1482 ζῶν
2449 1421 2543 1473 καὶ
2577 1423 2755 1491 μένων
2796 1425 3008 1497 Πατήρ.
3048 1428 3159 1481 Kal
3196 1431 3226 1481 ὁ
3278 1430 3366 1482 ἀεὶ
3393 1428 3471 1482 ὢν
3525 1430 3624 1484 σὺν

2054 1506 2132 1575 τῷ
2164 1507 2341 1575 [lupi
2369 1510 2548 1579 Λόγοξ
2578 1514 2675 1567 καὶ
2711 1516 2836 1578 Υἱὸς
2875 1518 3132 1586 συμφύὴς
3164 1520 3258 1572 καὶ
3291 1520 3623 1589 ,ἀσώματοςν

2056 1600 2117 1651 τὸ
2156 1598 2528 1670 ἀπαύγασμα,
2557 1604 2585 1654 ό
2615 1606 2926 1677 χαρακτὴρ,
2955 1609 2988 1677 ὴ
3022 1609 3184 1676 σοφία
3229 1609 3323 1661 καὶ
3368 1610 3622 1679 δύναμις.

2056 1691 2166 1744 Καὶ
2191 1690 2252 1743 τὸ
2284 1693 2349 1745 ὲκ
2380 1692 2517 1748 Θεοῦ
2552 1697 2647 1748 καὶ
2689 1697 2746 1748 ὲν
2776 1698 2853 1766 τῷ
2905 1698 3026 1769 Θεῷ
3058 1699 3324 1762 ζωοποιὸν
3375 1686 3622 1772 Πνεῦμα,

2056 1780 2239 1842 ἁῖδέως
2264 1780 2515 1853 ὑπάρχον
2540 1784 2598 1837 ὲν
2624 1785 2802 1856 αύτῷ,
2840 1786 3140 1850 ζωοποιοῦν
3172 1805 3233 1841 τε
3270 1789 3363 1842 καὶ
3396 1790 3622 1859 συνέχον

388 1864 771 1934 propriamque
806 1867 1056 1921 virtutem
1111 1883 1218 1922 non
1269 1870 1514 1924 habeat?
1561 1869 1776 1923 [lorum
1829 1882 1947 1921 vero

2060 1871 2131 1923 τὰ
2173 1871 2491 1942 σύμπαντα.

387 1962 765 2018 universorum
796 1980 983 2021 anetor
1009 1973 1092 2021 est
1145 1966 1406 2030 Trinitas,
1446 1968 1538 2036 qui
1599 1982 1815 2036 semper
1865 1974 1965 2031 est,
2006 1966 2135 2020 vivit
2161 1979 2215 2022 et
2247 1978 2431 2023 manet
2454 1967 2633 2036 Pater,
2663 1979 2718 2027 et
2774 1971 3012 2029 Verbum
3056 1977 3196 2045 quod
3261 1991 3478 2046 semper
3533 1988 3616 2033 est
3670 2024 3687 2043 λ

385 2073 508 2113 cum
540 2056 716 2123 Patre,
772 2059 941 2115 Filius
978 2061 1456 2117 consubstantialis
1495 2072 1549 2117 et
1607 2062 1979 2131 incorporeus,
2017 2061 2293 2128 splender.
2322 2062 2515 2132 ﬁgura,
2544 2067 2812 2135 sapientia
2841 2078 2895 2123 et
2945 2069 3153 2143 virtus,
3185 2062 3348 2142 atque
3388 2074 3624 2143 Spiritus

383 2170 448 2209 ex
481 2151 587 2207 Deo
622 2157 919 2223 procedens
949 2166 1001 2211 et
1054 2159 1106 2212 in
1147 2159 1253 2215 Deo
1284 2160 1583 2223 vivitieans,
1624 2159 1688 2213 ab
1715 2167 1917 2213 aeterno
1950 2154 2004 2208 in
2055 2170 2122 2210 eo
2159 2157 2363 2224 vivens,
2397 2160 2755 2227 universaque
2782 2162 3060 2220 viviﬁcaus
3091 2175 3146 2220 et
3179 2169 3518 2225 eoadunans.
3563 2175 3567 2179 “

454 2252 525 2305 At
561 2265 682 2304 cum
715 2267 780 2306 ex
819 2256 1074 2310 mnnihus
1116 2257 1236 2312 istis
1291 2257 1597 2311 visihilibus
1652 2258 1815 2311 homo
1872 2255 1946 2309 sit

383 2340 835 2407 pulcherrimum,
870 2345 936 2396 ad
982 2330 1268 2413 imaginem
1323 2346 1412 2399 Dei
1451 2354 1686 2411 creatus,
1725 2345 1792 2399 ab
1827 2345 1947 2414 ejus

280 2486 295 2505 '
383 2429 544 2482 etiam
564 2432 839 2485 creatione
877 2444 931 2488 et
958 2446 1153 2489 natura
1185 2435 1468 2492 Trinitatis
1503 2436 1948 2508 iiiiagittettt‘per-

383 2522 684 2590 pendamus
704 2566 718 2586 ,
745 2516 868 2577 nam
895 2526 1006 2594 ipse
1034 2541 1374 2596 nequaquam
1414 2530 1589 2602 [actus
1614 2540 1697 2585 est
1723 2540 1951 2600 propter

384 2613 647 2667 mundum
686 2615 978 2681 visibilem,
1009 2634 1132 2672 eum
1186 2619 1290 2673 iste
1352 2622 1423 2675 sit
1477 2623 1703 2678 rationis
1756 2639 1946 2693 expers

384 2718 439 2758 et
470 2705 589 2773 ejus
638 2717 819 2761 motus
857 2709 1127 2777 perfectus
1189 2712 1457 2781 nobisque
1499 2716 1766 2779 cognitus,
1829 2718 1946 2784 ipse

384 2799 564 2867 potius
597 2808 815 2867 propter
841 2799 1113 2856 hominem
1154 2804 1327 2859 factus
1361 2812 1466 2870 est,
1495 2815 1555 2857 ut
1608 2817 1753 2860 motu
1804 2809 1947 2864 illius

371 2902 592 2946 'cunstet
615 2892 849 2947 hominis
886 2909 1124 2962 corpus;
1156 2897 1336 2949 anima
1368 2905 1544 2950 autem
1580 2897 1743 2951 homo
1778 2898 1940 2966 spiri-

380 2982 564 3037 taliter
637 2995 920 3046 movetur,
995 2996 1049 3038 οι
1114 2987 1428 3040 Creatorem
1508 2990 1938 3059 contemplatur,

381 3075 674 3143 ipsumque
721 3090 830 3143 pra:
885 3076 1098 3129 caeteris
1129 3076 1194 3130 ad
1239 3076 1530 3146 imaginem
1569 3076 1660 3131 Dei
1693 3089 1935 3134 creatum

377 3179 498 3219 esse
533 3164 796 3234 scriptum
842 3173 945 3229 est,
980 3175 1142 3236 prout
1194 3168 1368 3221 sancti
1406 3168 1562 3223 multi
1592 3168 1659 3223 de
1723 3169 1823 3225 hac
1882 3185 1967 3226 rex

375 3264 705 3323 senserunt;
764 3256 962 3311 etenim
1035 3256 1280 3311 invenies
1325 3257 1648 3314 Trinitatem
1709 3260 1780 3315 ab
1821 3261 1940 3330 ipso

378 3351 745 3404 teStimouium
780 3350 1072 3418 accipiens,
1097 3352 1238 3407 sicut
1273 3353 1374 3410 hac
1404 3369 1569 3419 super
1616 3370 1674 3409 re
1708 3356 1775 3409 de
1819 3356 1943 3413 aliis

380 3442 543 3497 latius
573 3442 829 3497 diximus.
865 3440 999 3496 Nam
1033 3453 1214 3498 mente
1264 3445 1442 3499 anima
1483 3456 1740 3501 mternam
1792 3463 1943 3517 men-

377 3546 484 3590 tem
514 3545 743 3590 testatur
772 3534 1246 3601 Patrem,.ratione
1282 3535 1511 3591 Verbum
1560 3545 1615 3591 et
1664 3537 1812 3592 vitali
1845 3553 1942 3607 po-

379 3627 549 3681 tentia
579 3625 843 3694 Spirltnm
884 3628 1062 3680 omnia
1115 3627 1502 3684 vivificantem.
1561 3629 1748 3699 Angeli
1808 3645 1944 3699 quo-

383 3732 513 3784 quo,
547 3733 670 3772 cunt
699 3716 807 3771 sint
831 3716 1216 3786 intelligentiam,
1274 3727 1529 3773 aeternam
1562 3730 1793 3774 mentem
1845 3720 1945 3774 Pa-

377 3819 512 3863 trem
549 3808 1124 3878 supetsubstantialem
1155 3810 1483 3880 praedicant;
1519 3827 1643 3866 cunt
1691 3813 1800 3867 sint
1853 3827 1942 3866 ra-

382 3898 669 3953 tiOnabiles
724 3906 779 3952 et
851 3897 1150 3966 sapientes,
1217 3899 1453 3955 Verbum
1508 3910 1561 3955 et
1618 3900 1940 3970 sapientiam

383 3991 652 4046 viventem
716 3999 1137 4059 manentemque
1191 3991 1242 4045 in
1299 4008 1489 4061 magna
1537 4002 1720 4047 mente
1757 3991 1941 4045 decla-

379 4093 529 4150 rant;
560 4093 614 4137 et
652 4098 775 4137 cum
830 4083 935 4137 vita
971 4083 1265 4153 gaudeant,
1299 4084 1615 4152 donumque
1671 4082 1939 4136 luminum

383 4177 636 4241 habeant,
669 4174 721 4228 iu
746 4175 956 4229 vivente
996 4186 1294 4241 sanctoque
1356 4173 1520 4228 Patre
1580 4172 1842 4227 viventem
1889 4176 1944 4222 et

378 4264 812 4320 Sanctilieantem
868 4273 919 4318 et
968 4265 1235 4319 vivilieam
1303 4263 1712 4319 substantialem
1770 4260 1941 4312 virtu-

378 4364 486 4408 tem
522 4354 872 4410 manil‘estant
920 4354 1178 4423 Spiritum
1216 4365 1464 4408 sanetum
1523 4352 1613 4420 qui
1679 4360 1762 4403 est
1819 4347 1940 4402 fons

380 4445 835 4512 gratiarun‘iJmo
866 4457 1115 4500 creatura
1170 4447 1396 4499 rationis
1442 4456 1666 4507 exspers
1718 4438 1941 4494 Creato-

2126 2252 2282 2305 Ἐπεὶ
2334 2254 2392 2308 δὲ
2447 2258 2542 2309 καὶ
2598 2256 2708 2309 τῶν
2770 2259 3065 2329 ὁρωμένων
3114 2266 3343 2315 τουτωνῖ⁹
3395 2264 3458 2317 τὸ
3488 2266 3623 2319 κάλ-

2049 2341 2235 2396 λιστον
2291 2345 2579 2414 ἄνθρωπος
2602 2386 2618 2410 ,
2652 2348 2746 2400 καὶ
2809 2348 2930 2402 κατ’
2956 2351 3140 2405 εἰκόνα
3171 2352 3306 2406 Θεοῦ
3363 2356 3622 2423 κτισθεὶς,

2052 2436 2146 2488 καὶ⁵
2187 2430 2295 2489 ἀπὸ
2326 2437 2426 2501 τῆς
2475 2439 2840 2509 δημιουργίας
2885 2441 3075 2495 τούτου
3121 2443 3213 2495 καὶ
3272 2445 3487 2513 φύσεως
3544 2450 3621 2500 εἰ⁹

2052 2527 2182 2580 κόνει
2241 2526 2343 2594 τῆς
2378 2526 2609 2597 Τριάδος
2660 2532 3113 2602 κατανοήσωμεν.
3145 2534 3279 2588 Οὐδὲ
3304 2538 3413 2605 γὰρ
3461 2538 3623 2602 αὐτὸς

2053 2616 2141 2669 διὰ
2165 2617 2255 2668 τὸν
2290 2617 2569 2688 ὁρώμενον
2597 2620 2826 2690 κόσμον,
2857 2624 2979 2677 ἐπεὶ
3004 2623 3198 2692 ἄλογος
3258 2626 3285 2678 ό
3315 2627 3619 2695 ὁρώμενος,

2055 2710 2147 2761 καὶ
2200 2714 2593 2782 πεπερασμένη
2646 2715 2838 2768 τούτου
2883 2716 2978 2771 καὶ
3006 2724 3011 2725 “
3039 2719 3359 2789 ὲγνωσμένη
3419 2723 3553 2790 ημῖν
3586 2724 3620 2793 ἡ

2055 2799 2296 2868 κίνησις,
2359 2804 2457 2855 καὶ
2504 2803 2661 2866 οὗτος
2710 2805 2785 2857 δι’
2834 2806 2996 2858 αὐτὸν
3050 2808 3157 2860 τὸν
3178 2808 3467 2876 ἄνθρωπον
3504 2812 3623 2865 ἔστι

2055 2889 2282 2958 μᾶλλον,
2320 2891 2407 2944 ἴνα
2471 2893 2671 2963 συνέχῃ
2724 2894 2918 2948 τούτου
2970 2897 3036 2966 τῇ
3073 2898 3286 2967 κινήσει
3316 2898 3378 2952 τὸ
3437 2900 3618 2967 σῶμα.

2051 2977 2130 3050 Τῇ
2156 2981 2301 3051 ψυχῇ
2334 2981 2387 3033 δὲ
2436 2981 2727 3052 ἄνθρωπος
2765 2985 2968 3055 νοερῶς
3018 2989 3252 3040 κινεῖται
3300 2990 3392 3044 καὶ
3419 2990 3621 3061 θεωρεῖ

2048 3071 2143 3125 τὸν
2171 3071 2460 3139 κτίσαντα,
2492 3075 2589 3128 καὶ
2614 3074 2773 3139 αὑτὸς
2800 3077 2905 3147 πρὸ
2934 3078 3042 3133 τῶν
3073 3080 3250 3134 ἄλλων
3280 3083 3402 3137 κατ’
3431 3085 3618 3137 εἰκόνα

2048 3162 2361 3234 γέγραπται
2416 3166 2705 3239 κτισθῆναι
2751 3168 2911 3237 Θεοῦ,
2951 3171 3024 3234 ὡς
3080 3176 3176 3230 καὶ
3238 3175 3451 3238 πολλοῖς
3509 3177 3616 3230 τῶν

2048 3255 2219 3323 ἁγίων
2244 3257 2373 3327 περὶ
2401 3257 2596 3312 τούτου
2619 3259 2947 3330 διείληπται.
2982 3262 3259 3334 Εύρήσεις
3285 3265 3392 3333 γὰρ
3425 3268 3518 3318 καὶ
3557 3268 3614 3331 ἐξ

2045 3346 2209 3402 αὐτοῦ
2243 3351 2700 3423 μαρτυρουμένην
2730 3352 2828 3422 τὴν
2849 3353 3077 3422 Τριάδα,
3112 3354 3257 3408 καθὰ
3288 3356 3382 3407 καὶ
3429 3357 3488 3406 ὲν
3512 3357 3611 3409 ἄλ-

2044 3436 2153 3501 λοις
2187 3441 2316 3509 περὶ
2340 3439 2534 3496 τούτου
2567 3443 2702 3511 ἡμῖν
2731 3442 3067 3512 πλατύτερον
3090 3444 3330 3511 εἴρηται.
3364 3442 3429 3493 Ἦ
3460 3443 3607 3510 ψυχὴ

2022 3529 2157 3598 ’γὰρ
2186 3531 2262 3600 τῷ
2286 3533 2369 3585 νοῒ
2395 3531 2487 3586 τὸν
2515 3532 2754 3600 ἄναρχον
2779 3533 2905 3585 νοῦν
2933 3533 3223 3602 μαρτυρεῖ,
3258 3522 3605 3599 τδνΠατέρα,

2046 3621 2142 3673 καὶ
2170 3621 2249 3691 τῷ
2281 3621 2429 3690 λόγῳ
2478 3622 2571 3673 τὸν
2595 3621 2790 3687 Λόγον,
2832 3622 2925 3672 καὶ
2953 3624 3020 3689 τῇ
3062 3621 3266 3689 ζωτικῇ
3289 3620 3517 3689 δυνάμει
3542 3620 3604 3671 τὺ

2050 3710 2355 3772 ζωοποιοῦν
2384 3712 2564 3764 πάντα
2593 3707 2840 3777 Πνεῦμα.
2881 3710 2991 3763 Kal
3015 3709 3240 3777 ἄγγελοι
3268 3711 3324 3764 δὲ
3355 3711 3475 3774 νόες
3511 3713 3609 3781 μὲν

2044 3802 2201 3865 ὄντες
2230 3800 2374 3853 οὕτω
2437 3799 2772 3867 κηρύττουσι
2819 3801 2912 3853 τὸν
2964 3799 3291 3871 προαιὼνιον
3337 3801 3461 3856 νοῦν
3518 3803 3608 3856 τὸν

2048 3891 2273 3960 Πατέρα
2322 3893 2414 3942 τδν
2448 3888 2775 3959 ὐπερούσιον
2799 3903 2812 3919 ·
2838 3888 3049 3958 λογικοὶ
3072 3891 3131 3945 δὲ
3168 3893 3322 3956 ὄντες
3381 3895 3475 3947 καὶ
3515 3912 3609 3947 σο-

2046 3983 2158 4047 (pol,
2198 3981 2289 4032 τὸν
2318 3981 2488 4046 Λόγον
2520 3980 2615 4032 καὶ
2642 3978 2740 4051 τὴν
2772 3984 2973 4051 σοφίαν
3000 3984 3101 4053 τὴν
3126 3983 3312 4049 ζῶσαν
3371 3987 3467 4038 καὶ
3514 3988 3610 4056 μὲ-

2046 4088 2245 4127 νουσαν
2281 4073 2336 4125 ὲν
2375 4071 2454 4139 τῷ
2489 4072 2709 4142 μεγάλῳ
2744 4074 2845 4129 νοῒ.
2883 4074 2998 4130 ’Δεὶ
3023 4076 3080 4129 δὲ
3112 4075 3336 4142 ζῶντες,
3383 4076 3476 4130 καὶ
3500 4095 3612 4146 φω-

2044 4163 2330 4229 τισμὰτων
2383 4162 2594 4234 δωρεὰς
2649 4164 2885 4235 ἔχοντες,
2934 4166 3035 4238 τὴν
3093 4169 3151 4221 ὲν
3191 4166 3268 4237 τῷ
3320 4167 3485 4231 ζῶντι
3515 4166 3612 4222 καὶ

2047 4252 2189 4322 ἁγίῳ
2226 4256 2399 4324 Πατρὶ
2454 4254 2639 4320 ζῶσαν
2684 4259 2777 4312 καὶ
2824 4256 3089 4322 ζωοποιδν
3134 4260 3231 4312 καὶ
3276 4260 3610 4328 ἁγιαστικὴν

2049 4347 2413 4402 ὲνυπόστατον
2435 4348 2688 4414 δύναμιν,
2723 4349 2783 4402 τὸ
2808 4350 3077 4418 πανάγιον
3109 4349 3353 4418 Πνεῦμα,
3403 4353 3541 4417 ὅπερ
3574 4351 3606 4417 ἡ

2051 4439 2205 4509 πηγὴ
2237 4438 2345 4493 τῶν
2399 4439 2757 4510 χαρισμάτων
2803 4440 2976 4494 ἐστίν.
3019 4439 3184 4494 Ἀλλὰ
3219 4442 3314 4494 καὶ
3356 4440 3612 4510 ήᾶλογος

381 4551 491 4589 rem
521 4544 747 4589 testatur
776 4552 935 4602 ;uatu
968 4536 1096 4591 dum
1128 4534 1358 4587 viventia
1393 4549 1455 4585 ex
1491 4530 1797 4585 viventibus
1842 4544 1938 4599 ge-

2051 4531 2199 4584 πᾶσα
2229 4532 2406 4595 κτίσις
2445 4534 2714 4602 μαρτυρεῖ
2737 4531 2826 4583 τὸν
2857 4530 3234 4601 Δημιουργόνο
3266 4531 3324 4584 τὸ
3352 4531 3460 4600 γὰρ
3486 4546 3612 4598 γεν-

380 4636 641 4681 uin-antur
706 4637 759 4681 et
809 4636 1074 4696 generant
1120 4624 1221 4678 etsi
1286 4623 1432 4677 brevi
1493 4629 1756 4689 tempore,
1815 4621 1940 4675 dum

379 4734 605 4787 corpora
638 4734 701 4773 ex
739 4721 962 4774 materia
998 4727 1052 4773 et
1081 4717 1365 4773 elementis
1391 4712 1587 4769 similia
1612 4727 1642 4767 e
1672 4714 1944 4768 similibus

379 4818 630 4864 constant
655 4820 705 4865 el
744 4810 954 4879 singula
979 4808 1438 4863 immortalitatem
1461 4815 1740 4874 appetunt,
1777 4805 1944 4860 Deum

379 4902 472 4971 qui
535 4900 695 4956 Pater
749 4912 834 4957 est
884 4910 938 4956 et
997 4899 1234 4955 Verbum
1272 4898 1392 4951 sine
1442 4896 1627 4950 dolore
1678 4909 1946 4967 generatis

383 5009 593 5050 necnon
622 5009 685 5049 ex
721 4994 838 5063 ipso
865 4994 1225 5048 viviﬁcantem
1282 4996 1645 5057 sanctumque
1676 4986 1943 5056 Spiritum

382 5085 697 5153 pra‘dicant,
741 5084 1000 5153 illumque
1038 5092 1096 5136 ut
1126 5079 1465 5135 conditorem
1492 5094 1648 5135 suum
1681 5087 1947 5135 testantur

384 5185 645 5231 creatura:
667 5189 877 5228 omnes.
921 5172 1013 5228 Sol
1049 5185 1178 5225 vero
1209 5186 1332 5224 eum
1396 5168 1709 5223 manifestat
1765 5168 1949 5221 radios

383 5269 680 5337 lumenque
714 5266 993 5327 emittens,
1042 5268 1355 5314 monstrant
1395 5271 1449 5315 et
1490 5270 1636 5316 astra
1692 5258 1949 5313 universa

385 5361 563 5428 ignem
596 5355 881 5411 vibrantia.
913 5353 1042 5408 ltem
1067 5351 1134 5407 de
1162 5352 1452 5407 arboribus
1497 5360 1550 5406 et
1599 5351 1801 5422 plantis
1831 5363 1952 5418 qua!

386 5452 547 5504 liores
599 5448 916 5511 [ructusque
980 5441 1306 5512 producunt.
1369 5440 1534 5496 Terra
1580 5449 1761 5494 autem
1817 5439 1945 5491 dum

386 5538 658 5596 s‘xcentis
726 5535 1024 5589 viventium
1088 5534 1393 5604 plantarum
1448 5531 1737 5602 generibus
1794 5529 1952 5582 luvu-

393 5634 519 5693 riat,
561 5639 615 5683 et
647 5643 756 5681 uno
787 5628 949 5681 verbo
975 5640 1165 5680 omnes
1195 5637 1461 5695 creatura:
1506 5623 1679 5680 solum
1733 5622 1952 5674 univer-

394 5737 579 5776 snrun:
633 5718 798 5771 Deum
849 5717 901 5770 iu
955 5715 1226 5769 Trinitate
1267 5714 1595 5783 glorilicant,
1650 5712 1949 5782 praesertim

402 5826 528 5869 vero
553 5827 614 5865 ex
650 5809 903 5867 omnibm
927 5823 1045 5877 quae
1072 5806 1312 5876 perfecta
1346 5816 1547 5861 suntet
1598 5803 1953 5875 perﬁciuntur

2049 4626 2150 4696 νᾷν
2178 4626 2268 4677 καὶ
2295 4626 2593 4693 γεννᾶσθαι
2618 4624 2800 4690 ζῶντα
2839 4625 2902 4677 ὲκ
2930 4624 3172 4687 ζώντων,
3224 4625 3273 4677 εί
3317 4625 3412 4678 καὶ
3483 4625 3612 4692 ρευ-

2052 4717 2216 4780 στῶς,
2246 4716 2333 4769 διὰ
2359 4716 2417 4769 τό
2448 4717 2511 4768 ὲκ
2541 4716 2639 4781 τῆς
2670 4713 2804 4782 ὕλης
2840 4716 2935 4768 καὶ
2966 4715 3076 4767 τῶν
3133 4713 3407 4785 στοιχείων
3464 4713 3611 4783 ἔχειν

2048 4807 2118 4862 τὰ
2155 4807 2404 4877 σώματα,
2444 4809 2539 4859 καὶ
2574 4806 2737 4872 ὅμοια
2766 4804 2825 4868 ἐξ
2857 4805 3085 4872 ὁμοίων,
3114 4803 3209 4858 καὶ
3262 4803 3362 4874 τὴν
3415 4804 3617 4859 ἀθανα-

2049 4896 2172 4950 σίαν
2203 4894 2435 4948 ἕκαστον
2492 4895 2699 4947 τούτων
2745 4891 3045 4963 ἐπιζητεῖν,
3086 4895 3179 4944 τὴν
3232 4890 3363 4946 ὄντα
3398 4891 3621 4960 Πατέρα

2047 4986 2205 5051 Θεδν,
2232 4987 2328 5040 καὶ
2362 4981 2591 5047 ἀπαθῶς
2628 4984 2881 5038 τίκτοντα
2916 4984 3112 5051 Λόγον,
3145 4985 3240 5036 καὶ
3276 4984 3338 5037 τὸ
3363 4983 3419 5049 ἐξ
3446 4979 3613 5037 αὐτοῦ

2050 5076 2314 5144 ζωοποιδν
2346 5076 2443 5130 xal
2482 5076 2639 5142 διγιον
2703 5075 2926 5144 Πνεῦμα
2963 5075 3330 5145 κηρύττουσι·
3365 5075 3459 5127 καλ⁵
3488 5073 3613 5126 τοῦς

2048 5183 2140 5220 τον
2170 5166 2246 5227 ὡς
2286 5166 2515 5232 κτίστην
2574 5164 2768 5227 ἑαυτῆς
2804 5166 2836 5231 ἡ
2877 5163 3048 5225 κτίσις
3084 5161 3270 5216 ἅπασα
3329 5163 3614 5231 μαρτυρεῖ.

2052 5259 2163 5311 Καὶ
2190 5257 2341 5328 ἥλιος
2362 5255 2419 5308 δὲ
2439 5254 2599 5308 τοῦτο
2619 5253 2917 5318 δείκνυσιν,
2953 5253 3178 5316 ἀκτῖνας
3201 5253 3503 5322 ἐκπέμπων
3523 5254 3619 5305 καὶ

2053 5347 2188 5417 φῶς,
2215 5347 2307 5401 καὶ
2326 5347 2555 5415 ἀστέρες
2588 5343 2819 5406 πάντες·
2863 5343 3064 5412 ὁμοίως
3097 5359 3156 5396 τε
3209 5344 3305 5395 καὶ
3346 5344 3410 5395 τὸ
3465 5343 3604 5411 πῦρ.

2065 5437 2228 5492 Ἀλλὰ
2261 5437 2356 5490 καὶ
2400 5435 2468 5489 τὰ
2499 5435 2648 5504 φυτὰ
2689 5434 2784 5488 καὶ
2821 5434 3065 5503 βοτάναι,
3115 5433 3250 5503 ἄνθη
3308 5434 3618 5503 προάγοντα

2055 5529 2149 5582 καὶ
2180 5525 2448 5596 καρπούς.
2485 5527 2595 5579 Kal
2630 5524 2699 5593 γῆ
2735 5524 2812 5588 δὲ,
2873 5522 3045 5593 μυρία
3081 5522 3462 5590 βλαστάνουσα
3516 5537 3619 5588 φυ-

2056 5619 2163 5674 τῶν
2198 5619 2314 5689 εἴδη
2345 5618 2548 5680 ζῶντα.
2615 5616 2722 5668 Kal
2763 5615 2949 5672 ἁπλῶς
2998 5617 3148 5666 πᾶσα
3194 5613 3368 5674 κτίσις
3419 5612 3507 5664 τὸν
3561 5614 3620 5663 ὲν

2057 5710 2101 5762 Τ
2109 5710 2251 5779 ριάδι
2289 5708 2449 5776 μόνον
2472 5707 2604 5759 Θεὸν
2641 5705 2748 5758 τῶν
2778 5705 2916 5758 ὅλων
2957 5703 3248 5770 δοξολογεῖ.
3297 5702 3621 5771 Ἐξαιρέτως

2059 5802 2113 5855 δὲ
2144 5800 2338 5854 ἐκτῶν
2389 5799 2786 5865 τελεσθέντων,
2822 5798 2913 5850 καὶ
2964 5797 3044 5849 ἔτι
3104 5795 3462 5864 τελουμένων,
3526 5791 3619 5843 καὶ
