4050 6266
412 384 471 446 lii
1457 404 1731 465 DlALOG
1749 406 1841 466 US
1863 405 2166 465 CONTRA
2203 411 2596 477 HERESES.
3591 424 3662 485 62

412 502 655 604 ἐναργῶς
681 502 1054 575 δεικνυμένων
1076 509 1376 581 θαυμάτων
1401 517 1496 568 καὶ
1526 517 1699 584 λόγων
1726 518 1822 572 καὶ
1842 519 1980 588 πρά-

2098 534 2139 579 ?t
2193 528 2366 593 palam
2423 534 2791 590 ostenduntur
2848 538 3144 604 miraculis,
3202 538 3551 595 sermonibus
3607 551 3662 593 et

414 587 546 680 ξεων
578 591 636 680 εν
667 594 736 662 τῇ
769 593 865 648 τοῦ
899 598 1141 668 Χριστοῦ
1180 602 1505 677 Ἐκκλησία,
1535 610 1567 678 ἡ
1610 610 1714 675 τῆς
1749 608 1978 680 Τριάδος

412 679 787 736 ἀναδείκνυται
820 686 914 740 καὶ
937 690 1271 760 κηρύσσεται
1325 694 1579 766 δύναμις.
1637 700 1732 762 Τίς
1793 679 1903 771 γὰρ
1952 705 1980 755 ό

412 768 734 847 ἐξαπλώσας
764 778 824 831 ἐν
862 779 970 849 ὅλῳ
1020 782 1098 850 τῷ
1132 785 1323 855 κόσμῳ
1357 787 1417 840 τὸ
1450 790 1551 857 τῆς
1609 792 1653 844 Τ
1658 793 1838 861 ριάδος
1873 768 1978 863 κή-

415 880 621 932 ρυγμα,
659 867 752 919 καὶ
802 868 901 939 τὴν
929 873 1235 942 ισάρκωσιν
1278 877 1372 930 τοῦ
1428 880 1697 950 Χριστοῦ;
1737 884 1846 937 Καὶ
1896 883 1980 937 ἔτι

411 955 661 1017 ἐξαπλῶν
705 959 799 1011 καὶ
841 963 1116 1032 συνέχων,
1168 967 1497 1037 ἁμετρήτων
1541 971 1848 1038 ἀνθρώπων
1889 974 1982 1027 καὶ

413 1046 679 1115 βασιλέων
710 1052 806 1106 καὶ
839 1052 1013 1109 ἐθνῶν
1072 1058 1512 1115 ἐναντιωθέντων
1569 1064 1720 1132 αὐτῷ
1752 1066 1832 1135 τῷ
1882 1083 1983 1135 κη-

417 1136 659 1207 ρύγματι
689 1141 785 1194 καὶ
806 1142 1141 1212 διωξάντων,
1192 1149 1286 1221 καὶ
1319 1152 1484 1221 μέχρι
1513 1152 1607 1206 νῦν
1636 1153 1976 1220 διωκόντων;

415 1228 583 1283 Ιιόθεν
613 1233 641 1284 ὁ
674 1233 837 1298 πόθος
862 1236 964 1304 τῆς
991 1240 1296 1310 παρθενίας
1327 1244 1383 1296 ὲν
1426 1247 1538 1307 τοῖς
1567 1249 1787 1311 ,πιστοῖς
1815 1264 1831 1314 ;
1878 1248 1983 1300 Πό-

413 1321 505 1374 θεν
539 1324 568 1376 ό
602 1322 743 1394 ἔρως
782 1327 882 1396 τῆς
909 1330 1289 1401 σωφροσύνης.
1321 1333 1499 1386 καὶτὸ
1551 1335 1777 1404 φεύγειν
1820 1337 1888 1389 τὰ
1924 1337 1984 1389 ὲν

410 1411 491 1478 τῷ
515 1416 742 1486 κόσμῳ,ξ
776 1418 926 1488 καὶὴ
963 1421 1022 1474 ὲν
1051 1422 1282 1491 ἐρήμοις
1328 1424 1538 1477 πολλῶν
1584 1426 1931 1496 ἀναχώρησις
1965 1445 1981 1494 ;

414 1501 587 1556 Πόθεν
619 1504 651 1574 ἡ
687 1505 847 1575 χάρις
871 1507 982 1562 τῶν
1012 1510 1226 1578 ίερὲων,
1279 1513 1371 1566 καὶ
1424 1514 1491 1567 τά
1537 1514 1622 1567 διὰ
1655 1515 1762 1569 τῶν
1795 1518 1984 1585 ἱερέων

410 1593 694 1664 γινόμενα,
730 1596 912 1663 λύσεις
941 1599 1035 1659 καὶ
1064 1601 1253 1670 δεσμοὶ
1282 1603 1390 1656 τῶν
1422 1603 1875 1675 ἁμαρτημάτων;
1916 1608 1983 1659 Ἀ

411 1687 510 1741 καὶ
540 1686 610 1746 δι’
639 1689 917 1759 αίσθητῶν
952 1692 1049 1747 καὶ
1074 1694 1288 1765 νεκρῶν
1315 1699 1585 1766 σωμάτων
1613 1700 1985 1769 ἐπιμαρτυρεῖ

410 1779 443 1831 ό
472 1776 628 1842 Θεός.
665 1780 834 1835 Πόθεν
862 1784 898 1853 ἠ
924 1784 981 1836 ὲν
1011 1786 1126 1849 τοῖς
1164 1786 1344 1853 ἁγίοις
1370 1786 1650 1856 λειψάνοις
1679 1788 1792 1842 τῶν
1820 1790 1983 1858 ἰαμά-

412 1888 526 1924 των
550 1872 801 1943 ἐνέργεια
828 1893 843 1941 ;
881 1876 983 1928 Ἢν
1012 1879 1109 1931 καὶ
1142 1876 1468 1943 ἁσεσοῦντες
1500 1880 1689 1948 ὁρῶσι,
1710 1881 1805 1933 καὶ
1829 1881 1989 1935 ἅκον-
2022 1860 2065 1917 Β

410 1980 507 2027 τες
558 1966 953 2035 καθομολογεῖν
998 1969 1426 2039 ἀναγκάζονται.
1499 1972 1670 2025 Πόθεν
1726 1974 1909 2037 αὑτοῖς
1952 1976 1985 2045 ﬂ

412 2055 615 2111 εὐωδία
662 2059 759 2111 καὶ
813 2059 875 2111 τὺ
907 2058 1092 2130 μένειν
1126 2060 1422 2132 άλώϐητας
1466 2062 1544 2117 Τά
1585 2064 1703 2118 θεία
1754 2064 1810 2118 δὲ
1840 2066 1990 2135 ἐνερ-

412 2150 651 2217 γήματα
677 2151 744 2206 τὰ
773 2152 863 2205 διὰ
896 2152 1006 2207 τῶν
1036 2154 1210 2221 ἁγίων
1238 2157 1465 2210 εἰκόνων
1500 2158 1595 2210 καὶ
1638 2155 1803 2228 ἱερῶν
1825 2157 1987 2225 ναῶν,

411 2239 512 2327 καὶ
532 2241 886 2310 ἡγιασμὲνων
916 2244 1124 2298 ὑδάτων
1167 2245 1367 2311 πόθεν;
1397 2247 1471 2301 Οὐ
1504 2245 1674 2300 ταῦτα
1701 2247 1866 2318 μέχρι
1895 2248 1987 2300 τοῦ

411 2332 513 2387 νῦν
550 2334 609 2385 ὲν
640 2334 706 2403 τῇ
730 2332 1031 2406 Ἐκκλησία
1062 2335 1337 2405 ἁριδήλως
1384 2337 1646 2411 τελεῖται,
1678 2343 1743 2408 τῇ
1776 2338 1990 2408 ὀρθοδό-

412 2421 524 2486 ito;
553 2424 894 2496 ὁμολογούσῃ
943 2426 1035 2480 τὸν
1067 2429 1124 2480 ὲν
1149 2427 1343 2497 Τριάδι
1368 2429 1538 2493 Θεόνς
1590 2429 1755 2485 Ἀλλὰ.
1776 2431 1888 2491 καὶ,
1919 2431 1991 2482 τά

410 2518 482 2569 ὲκ
520 2518 878 2589 μαρτυρικῶν
917 2518 1063 2589 μύρα
1092 2520 1383 2589 λειψάνων,
1412 2520 1508 2573 καὶ
1550 2522 1608 2573 αἱ
1643 2520 1991 2590 θαυματουρ-

411 2609 558 2677 γίαι,
591 2610 688 2663 καὶ
716 2612 772 2664 αί
837 2611 1096 2682 πρόδηλοι
1152 2611 1259 2664 τῶν
1303 2611 1477 2678 ἁγίων
1531 2610 1712 2663 αὐτῶν
1761 2613 1986 2662 ἐπιστα-

412 2701 533 2755 σίαι
564 2702 662 2754 καὶ
695 2701 938 2770 φυλακαὶ
970 2701 1132 2772 ἡμῶν
1156 2702 1264 2756 τῶν
1289 2701 1498 2755 πιστῶν
1546 2701 1677 2772 παρ’
1731 2702 1990 2756 ἀσεϐοῦνο

411 2812 532 2849 των
563 2794 935 2864 διωκομένων,
969 2796 1063 2851 καὶ
1097 2798 1154 2849 αί
1196 2795 1307 2850 τῶν
1361 2797 1539 2850 ἀθέων
1595 2796 1777 2851 αὐτῶν
1824 2814 1995 2852 κατα-

414 2889 659 2959 στροφαὶ
681 2887 947 2952 πολλάκις
980 2888 1106 2942 καθ*
1141 2886 1303 2958 ἡμῶν
1330 2887 1668 2959 κινουμένων
1708 2889 1877 2962 μανίᾳ
1896 2889 1992 2941 καὶ

414 2980 715 3052 συνεργείᾳ
766 2983 1057 3052 σατανικῇ,
1101 2981 1374 3051 λαμπρῶς
1414 2980 1724 3052 παριστῶσι
1782 2981 1843 3034 τὸ
1893 2983 1993 3050 τῆς

411 3070 705 3134 εὐσεϐείας
735 3071 916 3126 αὐτῶν
944 3071 1054 3126 τῶν
1081 3072 1431 3142 Χριστιανῶν
1483 3071 1628 3125 θεῖον
1690 3077 1787 3126 καὶ
1847 3071 1994 3141 μέγα

2088 624 2256 687 gestis
2322 624 2375 677 in
2442 625 2683 682 Ecclesia
2741 627 2945 685 Christi
3020 631 3259 685 revelata
3334 627 3661 699 prmdieatur

2089 710 2375 769 Trinitatis
2405 728 2663 784 potestas.
2697 720 2829 776 Nam
2878 722 3002 792 quis
3053 725 3105 776 in
3153 723 3406 778 universo
3458 721 3663 777 mundo

2091 803 2531 871 prmdicationcm
2562 810 2848 868 Trinitatis
2893 822 2945 868 et
2974 814 3410 869 incarnationem
3452 813 3659 869 Christi

2088 900 2450 967 propagavit?
2479 901 2616 966 Quis
2645 920 2791 959 nunc
2814 919 3033 975 quoque
3062 921 3365 976 propagans
3397 915 3451 958 et
3502 904 3660 958 colli-

2090 1006 2243 1059 gens,
2277 991 2580 1047 innumeris
2613 996 2927 1052 hominibus
2973 998 3301 1068 regibusque
3326 1004 3374 1051 et
3407 996 3661 1065 gentibus

2091 1083 2535 1150 prredicationem
2571 1088 2983 1155 repellentibus,
3038 1086 3347 1158 persecutis
3398 1098 3453 1143 et
3517 1102 3662 1142 nunc

2090 1174 2257 1228 etiam
2293 1178 2793 1243 persequentibus?
2830 1177 2988 1234 Unde
3050 1179 3104 1233 in
3138 1180 3393 1234 ﬁdelibus
3444 1179 3667 1248 virgini-

2095 1263 2223 1319 tatis
2256 1264 2642 1322 desiderium?
2674 1266 2831 1323 Unde
2866 1284 3021 1325 amor
3046 1270 3405 1339 castimonim,
3432 1278 3486 1322 et
3534 1268 3660 1337 fuga

2092 1369 2280 1410 eorum
2307 1372 2427 1425 qua:
2459 1358 2513 1412 in
2543 1359 2745 1415 mundo
2768 1368 2918 1425 sunt,
2945 1371 2998 1415 et
3026 1361 3323 1417 multorum
3371 1360 3423 1414 in
3448 1360 3663 1414 deserta

2096 1447 2388 1501 secessns?
2415 1447 2572 1505 Unde
2597 1451 2767 1520 gratia
2796 1452 3165 1514 sacerdotum,
3211 1460 3264 1505 et
3297 1467 3360 1505 ea
3410 1466 3533 1521 quae
3571 1464 3666 1517 per

2092 1538 2404 1593 sacerdotes
2435 1540 2576 1595 facta
2608 1550 2758 1608 sunt,
2791 1543 3020 1598 dimissa
3074 1553 3392 1612 retentaque
3415 1550 3661 1612 peccata,

2091 1641 2214 1695 quat
2261 1628 2599 1684 sensibilium
2666 1640 3117 1702 mortuorumqne
3185 1647 3475 1703 corporum
3557 1645 3661 1700 0pc

2096 1725 2327 1774 testatur
2350 1718 2533 1775 Deus?
2567 1720 2723 1777 Unde
2754 1722 2807 1776 in
2846 1724 3055 1778 sanctis
3087 1723 3334 1792 reliquiis
3363 1722 3658 1777 sanitatum

2096 1808 2312 1864 virtus?
2343 1807 2495 1866 Hanc
2525 1821 2579 1866 et
2604 1812 2705 1881 ipsi
2733 1820 2966 1867 cernunt
2992 1813 3167 1882 impii,
3194 1823 3249 1868 et
3279 1813 3432 1867 inviti
3462 1828 3666 1882 cogun—

2099 1908 2186 1954 tur
2215 1899 2483 1955 c0nﬁteri.
2515 1900 2671 1957 Unde
2693 1903 2838 1958 bono
2878 1904 3047 1958 odore
3073 1904 3321 1959 redolent
3357 1905 3665 1973 intactaque

2092 2000 2316 2047 manent
2344 1993 2611 2055 corpora?
2667 1991 2824 2049 Unde
2894 1994 3094 2051 divinat
3146 1994 3492 2064 operationes
3571 2007 3667 2062 per

2091 2090 2313 2137 sanctas
2350 2081 2637 2153 imagines,
2693 2099 2789 2154 per
2842 2084 3059 2153 templa'
3106 2099 3286 2148 sacra,
3343 2100 3439 2155 per
3496 2098 3666 2154 aquas

2093 2172 2508 2228 sanetillcatas?
2531 2172 2723 2230 Nonne
2747 2174 2863 2230 haec
2892 2177 3075 2232 omnia
3108 2191 3283 2247 usque
3323 2175 3389 2231 ad
3427 2191 3573 2231 nunc
3611 2176 3666 2230 in

2095 2261 2336 2318 Ecclesia
2362 2262 2602 2332 perfecta
2633 2274 2782 2330 sunt,
2844 2265 2899 2319 in
2941 2280 3005 2320 ea
3039 2280 3182 2336 quae,
3237 2274 3296 2322 ut
3358 2274 3506 2320 recta
3565 2264 3664 2319 fert

2089 2357 2363 2424 doctrina,
2407 2357 2572 2414 Deum
2604 2358 2656 2412 in
2685 2358 2954 2415 'l‘rinitate
2984 2360 3313 2415 conﬁtetur?
3346 2357 3450 2415 Sed
3503 2359 3664 2414 etiam

2093 2455 2371 2516 unguenta
2402 2463 2433 2503 e
2478 2458 2779 2520 martyrum
2813 2450 3063 2521 reliquiis
3102 2452 3402 2515 manantia,
3451 2458 3507 2504 et
3542 2465 3669 2518 pro-

2093 2537 2262 2605 digia,
2295 2548 2351 2591 et
2382 2537 2672 2593 manifesta
2707 2550 3023 2595 sanctorum
3058 2541 3298 2610 ipsorum
3333 2541 3582 2609 praesidia
3607 2555 3669 2594 ac

2093 2627 2356 2684 custodia:
2386 2629 2587 2697 quibus
2621 2644 2723 2684 nos
2758 2630 2942 2686 ﬁdeles
2971 2632 3041 2685 ab
3075 2630 3391 2685 inﬁdelibus
3423 2630 3670 2698 exagita-

2095 2730 2178 2773 tos
2224 2728 2467 2783 tuentur,
2542 2722 2895 2793 ipsorumque
2957 2724 3249 2793 impiorum
3318 2722 3501 2779 clades
3569 2737 3669 2777 nos

2093 2812 2294 2881 saepius
2364 2813 2632 2867 diabolica
2692 2812 2910 2871 feritate
2976 2816 3058 2868 vel
3124 2829 3227 2884 ope
3286 2814 3533 2870 satanica
3588 2813 3671 2867 iu-

2095 2903 2447 2966 sectantium,
2484 2900 2768 2959 evidenter
2820 2906 3066 2960 divinum
3121 2920 3491 2978 magnumque
3551 2903 3669 2974 pie-

2097 2996 2225 3050 tatis
2268 2996 2706 3052 Christianorum
2764 2995 3103 3066 patefaciunt
3162 2995 3520 3067 mysterium;
3573 2992 3670 3049 sed

2098 3099 2164 3139 eo
2184 3086 2304 3155 ipso
2333 3086 2477 3155 quod
2510 3099 2611 3141 nos
2660 3091 2721 3138 ut
2762 3083 2948 3138 ﬁdeles
3006 3092 3060 3139 et
3111 3084 3406 3140 orthodoxi
3455 3082 3524 3136 ab
3564 3078 3673 3134 ini-

418 3164 752 3236 μυστήριον.
787 3164 953 3217 Ἀλλά
983 3163 1085 3234 13
1120 3164 1214 3218 καὶ
1244 3164 1378 3218 αὐτὸ
1398 3164 1460 3218 τὸ
1514 3164 1811 3218 διώκεσθαι
1844 3164 1993 3236 ἡμᾶς

2098 3179 2257 3233 micis
2313 3191 2571 3233 vexamur
2645 3184 2701 3232 et
2757 3175 3093 3230 cruciatibus
3164 3172 3348 3227 amicti
3411 3172 3672 3242 patimur,

412 3257 496 3319 ὡς
528 3256 757 3320 πιστούς
782 3273 843 3309 τε
870 3257 967 3311 καὶ
992 3255 1309 3326 ὀρθοδόξους
1364 3257 1515 3327 παρὰ
1562 3257 1676 3312 τῶν
1707 3260 1991 3321 ἐναντίων,

415 3349 517 3401 καὶ
542 3348 606 3401 τὸ
639 3349 1112 3418 ταλαιπωρεῖσθαι
1146 3353 1247 3425 καὶ
1280 3348 1514 3419 πάσχειν
1565 3348 1626 3402 τὸ
1684 3349 1803 3420 μεθ’
1837 3345 1991 3418 ἡμῶν

416 3435 566 3498 εἶναι
610 3440 702 3493 τὸν
732 3440 907 3511 άληθῆ
952 3441 1050 3494 καὶ
1082 3439 1334 3510 μόνον’ὶν
1363 3440 1406 3493 Τ
1412 3439 1555 3512 ριάδι
1577 3440 1708 3494 Θεὸν
1729 3443 1998 3512 παρίστη-

418 3548 531 3584 σιν.
570 3531 704 3584 Οὐδὲ
735 3532 844 3601 γάρ
868 3531 1183 3595 ἀνάπαυσις.
1209 3530 1328 3601 Θεῷ
1353 3533 1411 3584 ὲν
1448 3532 1527 3601 τῷ
1555 3531 1748 3601 κόσμῳ
1795 3531 1993 3602 τούτῳ,

417 3628 546 3683 οὐδὲ
573 3627 630 3677 ὲν
675 3626 786 3688 τοῖς
825 3624 1149 3693 ὁρωμένοις,
1188 3623 1283 3676 καὶ
1316 3623 1541 3693 ζητοῦσι
1563 3624 1631 3677 τὰ
1662 3623 1754 3677 τοῦ
1791 3623 1996 3694 κόσμου

419 3720 618 3772 τούτου
645 3717 742 3772 καὶ
772 3714 1033 3770 ποθοῦσιν
1056 3716 1389 3794 ἀνθρώποις,
1411 3714 1527 3770 ἀλλ’
1548 3717 1604 3768 ἐν
1634 3718 1745 3780 τοῖς
1773 3716 1998 3784 ἀγαπῶ-

423 3830 515 3865 σιν
552 3813 715 3871 αὐτδν
755 3811 850 3866 καὶ
894 3809 1123 3879 ζητοῦσι
1155 3811 1255 3879 τὴν
1287 3807 1444 3873 δόξαν
1488 3808 1675 3873 αὑτοῦ,
1731 3811 1824 3864 καὶ
1856 3808 2000 3881 ὑπὲρ

421 3903 590 3957 αὑτοῦ
621 3901 1073 3971 ἀγωνιζομένοις,
1106 3900 1299 3964 οἵτινές
1335 3900 1475 3953 είσιν
1500 3901 1549 3953 oi
1583 3902 1723 3953 κατὰ
1746 3900 1870 3964 τοὺς
1892 3903 2001 3957 πά-

420 3999 518 4050 λαι
571 3994 816 4058 δικαίους
873 3991 1210 4063 θλιϐόμενοι,
1275 3990 1621 4062 διωκόμενοι,
1686 3997 1997 4064 πενόμενοι,

424 4086 883 4159 κακουχούμενοι,
927 4085 1389 4155 ἀποθνήσκοντες,
1448 4084 1836 4152 ξενιτεύοντες,
1875 4088 1949 4148 ὡς
1975 4090 2002 4140 ὁ

427 4180 601 4236 Ἅϐελ
622 4180 717 4234 καὶ
743 4178 886 4240 Νῶε,
910 4183 1006 4233 καὶ
1035 4178 1291 4248 Ἀδραάμ
1311 4194 1370 4231 τε
1404 4180 1500 4232 καὶ
1524 4177 1734 4246 Ἰσαὰκ,
1768 4181 1862 4233 καὶ
1892 4180 2000 4235 Ἰα-

425 4274 545 4329 κιῖιὸ
576 4276 667 4330 καὶ
689 4278 741 4329 oi
761 4274 930 4329 αὐτοῦ
960 4276 1149 4336 παῖδες
1174 4290 1188 4307 ·
1225 4274 1304 4327 ἔτι
1336 4274 1393 4327 δὲ
1436 4273 1671 4344 Μωῦσῆς
1690 4278 1782 4327 καὶ
1813 4273 2002 4340 Ἠλίας

425 4370 524 4424 καὶ
554 4367 778 4437 Δανιὴλ,
810 4371 907 4420 καὶ
935 4368 984 4419 οί
1013 4369 1165 4435 τρεῖς
1199 4367 1412 4432 παῖδες,
1449 4367 1543 4419 καὶ
1587 4366 2002 4437 Ἰερεμίας,καὶ

436 4463 544 4525 πρὸ
578 4459 747 4514 αὑτοῦ
800 4460 1032 4522 Ἡσαΐας
1065 4459 1159 4513 καὶ
1198 4457 1484 4529 Ὶεζεκιὴλ,
1522 4459 1615 4512 καὶ
1647 4459 2002 4515 Μακκαὸαίοι

426 4554 485 4608 δὲ
518 4552 768 4623 ὕστερον,
793 4553 886 4606 καὶ
911 4550 967 4604 εί
994 4568 1077 4614 τις
1117 4550 1241 4603 κατ’
1285 4550 1484 4613 αὐτοὺς
1514 4547 1723 4620 ἕτερος.
1777 4548 1883 4603 Καὶ
1942 4549 2005 4604 τὺ

429 4646 728 4714 ὑπομένειν
758 4644 816 4697 δὲ
854 4645 1165 4713 πάσχοντας
1210 4643 1378 4712 ἡμᾶς,
1442 4646 1538 4694 καὶ
1587 4644 1764 4697 πάντα
1814 4644 2002 4713 φέρειν

430 4737 571 4805 ὑπὲρ
601 4733 863 4805 Χριστοῦ,
902 4734 1002 4804 τὴν
1036 4733 1203 4787 αὐτοῦ
1254 4734 1641 4805 ἀληθεστάτην
1673 4737 1775 4788 καὶ¹
1832 4737 2003 4804 μόνην

428 4827 799 4897 καταγγέλλει
834 4826 1045 4890 πίστιν,
1084 4825 1335 4887 καὶτοὺς
1388 4825 1580 4892 λόγους
1644 4826 1862 4895 ἀληθεῖς
1903 4827 2006 4896 τῆς

429 4917 786 4981 διδασκαλίας
815 4916 984 4971 αὐτοῦ
1009 4934 1022 4949 ο
1045 4917 1127 4970 ὅτι
1160 4916 1255 4968 καὶ
1289 4918 1423 4984 περὶ
1449 4916 1544 4968 τοῦ
1575 4919 1805 4986 πάσχειν
1857 4919 2006 4987 ἡμᾶς

430 5012 490 5063 ἐν
517 5011 693 5080 τούτῳ
716 5008 796 5078 τῷ
836 5008 1028 5076 κόσμῳ
1088 5007 1456 5078 προήγγειλεν
1483 5024 1494 5036 ·
1547 5009 1670 5061 ἐπεὶ
1707 5009 1800 5061 καὶ
1841 5009 2006 5073 αὖτδς

431 5099 635 5154 ἔπαθεν
678 5101 817 5171 ὑπὲρ
840 5101 1026 5170 ἡμῶν.
1062 5101 1172 5154 Καὶ
1197 5102 1230 5169 ἠ
1264 5101 1363 5168 τῆς
1390 5100 1591 5170 Ἐκκλη
1608 5103 1722 5163 πίας
1750 5101 1806 5155 δὲ
1842 5102 2004 5156 αὐτοῦ

433 5192 725 5260 νομοθεσία
754 5194 848 5246 καὶ
880 5190 1088 5261 γνῶσις
1128 5193 1224 5249 καὶ
1258 5191 1558 5262 παρθενίαν
1594 5192 1859 5259 διδάσκει,
1913 5195 2008 5247 καὶ

438 5283 664 5352 ἁγνείαν
732 5285 827 5337 καὶ
870 5283 1245 5351 καθαρότητα,
1302 5283 1382 5336 ἔτι
1420 5299 1480 5335 τε
1526 5284 1863 5337 ταπείνωσιν
1911 5284 2008 5338 καὶ

436 5375 715 5446 ὑπομονὴν
750 5375 869 5445 μετ’
901 5374 1256 5445 εὐχαριστίας
1285 5373 1425 5443 πρὸς
1452 5373 1543 5427 τὸν
1573 5374 1736 5437 Θεὸνέ
1765 5376 2008 5442 ἁκτημο-

436 5465 605 5535 σύνης
638 5482 699 5519 τε
729 5465 825 5518 καὶ
865 5462 961 5517 τοῦ
1002 5462 1230 5530 φεύγειν
1278 5461 1366 5516 τὸν
1405 5460 1609 5530 κόσμον
1659 5461 2006 5530 παραίνεσιν.

438 5557 549 5619 Καὶ
575 5557 638 5610 οὐ
673 5558 834 5626 μόνον
869 5554 943 5626 μὴ
973 5556 1049 5608 τὸ·
1072 5553 1310 5623 πονηρὸν
1344 5554 1616 5622 ἐνεργεῖν.
1651 5552 1778 5622 μηδ’
1811 5553 2006 5607 ἀποδι-

437 5649 584 5709 δόναι
628 5649 802 5703 autva
858 5648 978 5700 ἀντὶ
1036 5645 1237 5707 κακοῦ,
1274 5644 1411 5697 ἀλλὰ
1471 5645 1568 5696 καὶ
1621 5643 1840 5711 ἀφιέναι
1895 5646 2008 5710 τοῖς

440 5740 723 5794 πταίσασι.
753 5738 861 5792 Καὶ
883 5738 1108 5807 ἀγαπᾷν
1164 5739 1288 5798 τοὺς
1326 5735 1574 5807 ἐχθροὺς,
1604 5726 1709 5787 καὶ
1765 5737 1839 5804 μὴ
1876 5752 2008 5805 μνη-

446 5834 690 5894 σικακεῖν
733 5831 894 5897 ὅλως,
948 5830 1067 5899 μηδ’
1098 5826 1436 5898 ὀργίζεσθαι,
1472 5826 1606 5878 ἀλλὰ
1671 5829 1761 5881 καὶ
1820 5827 1999 5891 καλῶς

2098 3270 2273 3328 solum
2308 3278 2363 3325 et
2390 3284 2577 3325 verum
2626 3270 2683 3327 in
2731 3266 2998 3322 Trinitate
3034 3267 3202 3321 Deum
3234 3279 3357 3322 esse
3387 3264 3673 3319 nobiscum’

2099 3360 2399 3430 probatur;
2430 3374 2538 3413 non
2570 3358 2715 3413 enim
2747 3357 2982 3426 quiescit
3017 3353 3161 3410 Deus
3195 3355 3251 3409 in
3293 3355 3394 3408 hoc
3446 3352 3673 3417 mundo,

2100 3465 2201 3504 nec
2233 3451 2286 3503 in
2322 3449 2409 3504 his
2442 3464 2562 3519 quae
2587 3448 2863 3512 videntur,
2900 3462 3079 3517 neque
3112 3446 3166 3500 in
3201 3444 3516 3501 hominibus
3575 3445 3667 3514 qui

2101 3557 2187 3597 res
2218 3542 2402 3596 mundi
2438 3549 2696 3611 quierunt
2745 3551 2799 3595 et
2843 3540 3178 3602 desiderant,
3208 3537 3306 3594 sed
3365 3538 3418 3591 in
3466 3536 3546 3591 eis
3580 3537 3675 3606 qui

2098 3649 2226 3690 eum
2260 3632 2495 3703 diligunt
2522 3642 2577 3687 et
2605 3632 2834 3701 gloriam
2866 3630 2988 3701 ejus
3028 3639 3300 3701 quaerunt,
3345 3640 3398 3684 et
3457 3638 3679 3700 pr0ptcr-

2101 3741 2228 3781 eum
2253 3725 2515 3781 dimicant
2545 3739 2561 3791 ;
2598 3724 2654 3778 hi
2686 3732 2866 3780 autem
2905 3733 3034 3779 sunt
3070 3723 3165 3793 qui
3196 3720 3498 3778 secundum
3529 3731 3674 3775 rete-u

2101 3834 2191 3874 res
2223 3819 2404 3887 justas
2460 3816 2704 3883 contriti,
2759 3816 2966 3880 aﬂlicti,
3021 3815 3089 3870 ad
3153 3814 3390 3884 inopiam
3451 3812 3676 3873 redacti,

2102 3912 2246 3966 male
2282 3910 2475 3976 habiti,
2516 3908 2709 3973 occisi,
2770 3908 2824 3962 in
2857 3906 3110 3963 exsilium
3142 3905 3313 3960 missi'
3339 3911 3488 3967 sunt,
3535 3901 3680 3955 velut

2100 4003 2257 4068 Abel,
2285 4010 2339 4057 et
2372 4001 2503 4068 Noe,
2532 4008 2587 4056 et
2621 4000 2917 4062 Abraham,
2944 4006 2998 4052 et
3052 3996 3223 4059 Isaae,
3259 4001 3312 4049 et
3338 3991 3504 4048 Jacob
3535 3993 3680 4063 ejus—

2103 4111 2208 4165 que
2230 4095 2411 4163 pueri,
2449 4103 2505 4148 et
2535 4093 2760 4165 insuper
2794 4090 3031 4161 Moyses,
3060 4087 3275 4171 llelias,
3320 4084 3533 4146 Daniel,
3565 4095 3677 4139 tres

2104 4185 2281 4255 pueri.
2311 4182 2599 4244 Jeremias,
2631 4195 2844 4236 necnon
2875 4188 3002 4233 ante
3035 4178 3201 4232 istum
3243 4175 3414 4232 Isaias
3454 4184 3507 4229 ct
3538 4175 3676 4228 Eze~

2103 4276 2268 4344 chiel,
2299 4283 2486 4345 postea
2518 4272 2846 4328 Macchabaei
2874 4280 2929 4326 et
2972 4285 3166 4326 omnes
3200 4268 3292 4324 alii
3327 4267 3395 4323 iis
3446 4265 3675 4322 similes.

2106 4370 2243 4424 Dum
2268 4382 2368 4422 nos
2395 4365 2634 4436 patimur
2681 4371 2736 4419 et
2772 4363 3065 4434 alﬂigimur
3118 4370 3174 4417 et
3221 4359 3405 4417 omnia
3461 4366 3680 4429 propter

2106 4458 2382 4516 Christum
2416 4455 2736 4519 toleramus,
2781 4452 3067 4510 verissima
3117 4450 3344 4519 solaque
3372 4446 3491 4519 ejus
3546 4445 3678 4498 ﬁdes

2107 4552 2544 4615 demonstratur,
2576 4560 2790 4602 necnon
2857 4542 2969 4600 veri
3004 4543 3124 4610 ejus
3185 4553 3470 4597 sermones
3511 4549 3681 4606 atque

2106 4640 2406 4707 doctrinae;
2440 4637 2699 4708 quoniam
2732 4651 2834 4690 nos
2878 4636 2932 4689 in
2962 4632 3168 4687 mundo
3196 4643 3458 4700 passuros
3481 4628 3679 4697 praedis

2106 4735 2185 4788 xit
2219 4732 2359 4789 sicut
2383 4731 2570 4799 etipse
2601 4742 2699 4797 pro
2730 4726 2893 4781 nobis
2927 4739 3122 4796 passus
3153 4732 3256 4780 est.
3283 4721 3519 4793 Ipsaque
3561 4720 3681 4792 ejus

2106 4825 2371 4889 Ecclesia,
2400 4830 2458 4876 et
2487 4820 2653 4889 hujus
2678 4817 2950 4874 institutio
2982 4825 3149 4887 atque
3177 4815 3430 4872 doctrina
3466 4822 3522 4869 et
3573 4812 3682 4867 vir-

2062 4972 2067 4977 .
2108 4913 2391 4985 giuitatem
2446 4909 2623 4976 docet,
2652 4916 2706 4965 et
2739 4908 3046 4965 castitatem
3073 4916 3238 4978 atque
3268 4906 3563 4977 puritatem
3596 4904 3699 4958 in-

2109 5020 2272 5074 super
2304 5011 2361 5059 et
2422 5001 2787 5058 humilitatem
2837 5007 3003 5071 atque
3033 4998 3381 5071 patientiam,
3426 4998 3682 5052 hortatur-

2108 5099 2274 5151 etiam
2297 5107 2353 5150 ut
2375 5096 2578 5166 gratias
2598 5094 2707 5150 Deo
2726 5108 2981 5165 agamus,
3011 5101 3387 5164 paupertatem
3415 5103 3682 5154 amemus,

2108 5199 2164 5243 et
2215 5185 2479 5242 mundum
2544 5185 2838 5256 fugiamus,
2901 5185 3014 5242 imo
3069 5192 3129 5239 ut
3177 5198 3286 5238 non
3339 5180 3686 5238 solummodo

2111 5275 2313 5331 malum
2367 5291 2474 5331 non
2531 5270 2823 5339 faciamus.
2892 5287 3073 5343 neque
3126 5271 3330 5327 maium
3383 5284 3482 5340 pro
3539 5268 3686 5324 maio

2110 5368 2424 5432 reddamus,
2453 5367 2546 5422 sed
2598 5366 2762 5421 etiam
2792 5375 2849 5420 ut
2879 5379 2979 5420 nos
3002 5360 3402 5418 oﬂ‘endentibus
3442 5361 3687 5416 dimitta-

2114 5473 2260 5525 mus,
2322 5467 2383 5512 ut
2421 5456 2675 5512 inimicos
2724 5456 3044 5523 diligamus,
3079 5464 3135 5509 et
3182 5468 3290 5509 non
3355 5463 3566 5508 tantum
3629 5461 3689 5509 ut

2112 5548 2258 5603 nullo
2291 5548 2451 5603 nodo
2476 5547 2709 5615 injurias
2734 5548 3104 5610 recordemur,
3136 5560 3312 5616 neque
3358 5547 3685 5611 irascamur,

2111 5641 2207 5697 sed
2237 5640 2459 5708 insuper
2496 5649 2555 5693 ut
2599 5637 3012 5692 benefaciamus
3054 5637 3120 5692 iis
3147 5638 3241 5708 qui
3270 5639 3507 5694 oderunt
3558 5654 3683 5702 nos,

2111 5743 2164 5786 et
2195 5748 2288 5803 pro
2318 5733 2423 5786 illis
2452 5732 2828 5799 deprecemur.
2859 5727 2992 5796 Qum
3047 5739 3100 5785 et
3155 5730 3351 5785 similia
3407 5729 3682 5782 eteirstem

2111 5835 2164 5883 et
2203 5826 2443 5886 dixinam
2490 5835 2542 5885 ct
2597 5836 2775 5882 rerum
2809 5835 2859 5880 et
2889 5823 3060 5887 solam
3124 5823 3553 5880 Christ‘anorum
3589 5834 3685 5872 nos
