4076 6268
412 371 483 433 63
612 489 624 491 _
1270 394 1650 461 SYMEUNIS
1678 400 2434 491 THESSALONICENSIS
2468 417 2830 481 ARCHIEP.

412 488 514 543 stri
556 488 714 544 tidem
743 493 1022 552 exhibent.
1075 496 1201 557 Haec
1230 507 1374 560 enim
1402 519 1528 565 sunt
1570 511 1665 569 Dei
1716 519 1989 575 omnium-

413 584 523 648 que
551 581 760 637 Domini
805 584 1205 649 institutiones.
1234 594 1463 665 Quibus,
1497 613 1650 672 puto,
1683 617 1738 661 et
1791 610 1989 668 simili-

414 669 521 767 bus
550 671 774 742 impium
807 677 873 731 ad
905 682 1276 750 cognitionem
1307 669 1585 763 Evangelii
1615 669 1876 767 tleduces,
1905 704 1987 759 in-

415 941 725 1000 doctrinam
762 960 949 1019 utpote
969 956 1211 1013 divinam
1244 970 1581 1022 etsanctam.
1615 969 1693 1024 Ex
1731 972 1817 1027 his
1857 989 1982 1028 sua-

410 1032 565 1088 debis
595 1038 659 1090 ad
696 1038 956 1098 discenda
990 1045 1387 1109 incarnationis
1419 1058 1584 1113 unius
1632 1074 1664 1116 e
1707 1061 1981 1120 Trinitate

408 1139 679 1190 personm.
710 1129 804 1186 Dei
833 1132 997 1191 Verbi
1025 1138 1151 1195 Jesu
1178 1142 1379 1199 Christi
1424 1150 1705 1219 mysteria,
1735 1153 1837 1209 etsi
1869 1171 1977 1210 non

407 1216 591 1273 minus
621 1220 844 1279 diﬂieile
882 1229 951 1281 sit
983 1233 1215 1289 suadere
1239 1237 1411 1290 virum
1441 1216 1529 1307 qui
1589 1243 1645 1296 in
1700 1243 1981 1315 impietate

406 1310 543 1362 vnit
564 1326 726 1378 quam
755 1325 966 1373 tentare
994 1330 1641 1399 mnrtuumresuscitare,
1666 1345 1714 1390 et
1743 1337 1976 1394 stultum

403 1397 469 1450 ad
501 1398 912 1472 intelligentiam
943 1410 1236 1481 adducere,
1266 1419 1368 1476 nisi
1425 1422 1566 1479 Deus
1602 1397 1825 1484 manum
1856 1445 1980 1499 por-

402 1490 564 1558 rigat,
600 1493 931 1569 illorumque
982 1503 1310 1563 dementiam
1363 1513 1507 1567 velut
1557 1517 1751 1575 oculos
1782 1521 1912 1575 caeci
1946 1537 1973 1574 a

296 1590 299 1593 λ
400 1578 683 1639 nativitate
715 1586 1033 1658 adaperiat:
1071 1612 1193 1652 nam
1226 1598 1395 1656 Deum
1439 1621 1689 1674 noscere,
1723 1608 1814 1664 Dei
1836 1626 1977 1681 opus

399 1680 502 1734 εει,
530 1682 585 1728 et
620 1681 918 1744 prmsertim
954 1687 1093 1742 velle
1139 1693 1371 1748 suadere
1401 1696 1681 1753 hominem
1725 1702 1818 1770 qui
1854 1680 1975 1758 ear-

399 1760 574 1815 nalem
607 1765 803 1823 habeat
835 1783 1094 1842 mentem,
1128 1787 1182 1833 et
1209 1783 1335 1850 quia
1372 1800 1535 1853 super
1566 1760 1783 1844 omnem
1823 1807 1974 1848 men-

400 1860 504 1905 tem
533 1870 805 1928 omneque
857 1864 1083 1921 verbum
1152 1870 1569 1942 intelligentiam
1626 1889 1681 1936 et.
1731 1886 1974 1942 rationa-
2007 1859 2048 1917 Β

395 1944 582 1999 bilinm
616 1953 861 2009 omnium
889 1968 1106 2016 creator
1145 1973 1228 2020 est
1265 1965 1526 2038 Trinitas,
1559 1981 1613 2029 et
1661 1976 1788 2046 quia
1850 1981 1969 2038 sine

391 2037 573 2092 divina
598 2044 769 2111 gratia
799 2062 1042 2107 creatura
1087 2056 1271 2125 nequit
1298 2037 1613 2121 Creatorem
1645 2037 1966 2141 intelligere.

3576 388 3669 492 et

2016 532 2059 589 Α
2095 534 2271 584 ποιεῖν
2327 533 2442 596 τοῖς
2488 532 2733 605 μισοῦσι..
2797 528 2892 585 καὶ
2952 534 3091 607 ὑπὲρ
3140 534 3320 592 αὐτῶν
3385 536 3663 606 εὔχεσθαι.

2091 622 2280 676 Ταῦτα
2304 624 2360 677 δέ
2393 624 2490 677 καὶ
2516 625 2583 679 τά
2614 623 2845 680 τοιαῦτα
2871 626 2974 698 τήν
2996 628 3251 699 ούράνιον
3276 632 3372 687 καὶ
3403 632 3555 688 θείαν
3570 637 3665 689 καὶ

2090 712 2266 783 ἀληθῆ
2326 719 2421 768 καὶ
2476 715 2645 787 μόνην
2679 716 2790 771 τῶν
2845 718 3200 788 Χριστιανῶν
3251 723 3415 792 ἡμῶν
3477 725 3661 779 πίστιν

2090 805 2426 875 παρίστησι·
2457 807 2596 861 Θεοῦ
2622 809 2730 883 γάρ
2754 809 2928 863 ταῦτα
2952 811 3046 866 καὶ
3077 814 3338 868 δεσπότου
3392 817 3502 869 τῶν
3522 819 3661 874 ὅλων

1776 885 1985 942 cclesite
2087 897 2430 966 νομοθεσίαι.
2472 899 2568 952 Ἐκ
2594 900 2800 965 τούτων
2823 897 2979 972 οἶμαι
3013 903 3110 957 καὶ
3144 905 3257 959 τῶν
3292 908 3495 975 ὁμοίων
3526 910 3661 979 πρὸς

2084 986 2184 1057 τὴν
2217 988 2313 1041 τοῦ
2372 990 2709 1059 Εὐαγγελίου
2750 992 2999 1056 ἐλκύσεις
3057 995 3262 1062 γνῶσῖν
3317 997 3410 1050 τὸν
3461 1001 3655 1069 ἀσεϐῆ,

2085 1080 2179 1149 καὶ
2202 1079 2414 1144 πείσεις
2443 1084 2779 1152 κατανοῆσαι
2809 1086 2900 1139 τὸν
2928 1087 3022 1139 τοῦ
3053 1086 3189 1140 Θεοῦ
3246 1089 3425 1154 ζῶντα
3461 1092 3654 1161 Λόγον,

2085 1174 2178 1226 καὶ
2201 1173 2263 1227 τὸ
2294 1176 2521 1244 Πνεῦμα
2555 1177 2617 1231 τὸ
2654 1176 2831 1264 ἅγιον,
2876 1181 2972 1233 καὶ
3023 1179 3126 1245 τὰς
3180 1185 3508 1254 παραδόσεις
3556 1186 3655 1250 τῆς

2095 1264 2548 1332 Ἐκκλησίας.ὠ;
2579 1267 2730 1332 θείας
2776 1270 2868 1323 καὶ
2939 1270 3102 1340 ἀγίας
3137 1276 3503 1342 καταμαθεῖν.
3557 1278 3656 1334 Ἐκ

2078 1353 2289 1407 τούτων
2312 1354 2367 1408 δέ
2400 1357 2495 1410 καὶ
2529 1358 2596 1411 τά
2631 1362 2729 1429 τῆς
2773 1362 3249 1433 ἐνανορωπήσεως
3276 1366 3368 1420 τοῦ
3411 1369 3527 1432 ἐνὸς
3553 1370 3656 1437 τῆς

2081 1443 2315 1512 Τριάδος
2349 1444 2486 1500 Θεοῦ
2526 1448 2701 1516 Λόγου
2733 1448 2913 1517 ’ῐησοῦ
2940 1454 3179 1523 Χριστοῦ
3221 1456 3430 1520 πείσεις
3462 1460 3654 1529 νοῆσαι

2083 1535 2381 1603 μυστήρια,
2410 1539 2457 1589 εί
2488 1538 2585 1592 καὶ
2616 1540 2854 1607 χαλεπὸν
2891 1542 2982 1596 τον
3005 1544 3219 1609 ἀσεϐῶς
3252 1546 3495 1617 ζήσαντα
3530 1569 3595 1603 πε
3609 1554 3652 1601 ἔ-

2077 1624 2215 1692 θειν,
2251 1628 2328 1689 ὡς
2368 1630 2465 1682 καὶ
2503 1631 2701 1698 νεκρὸν
2772 1634 3014 1702 ἐγείρειν
3047 1638 3365 1708 πειρᾶσθαι,
3421 1641 3512 1693 καὶ
3560 1642 3652 1696 τὸν

2078 1716 2341 1770 ἀσύνετον
2374 1719 2456 1781 είς
2493 1718 2713 1774 σύνεσιν
2776 1724 3030 1793 ἀγαγεῖν,
3065 1728 3114 1780 εί
3178 1730 3252 1799 μὴ
3281 1730 3415 1793 Θεὸς
3443 1733 3647 1800 όρέξειε

2086 1809 2270 1876 χεῖρα,
2302 1809 2403 1862 καὶ
2433 1813 2530 1879 τὴν
2564 1814 2791 1867 ἐκείνων
2840 1817 3046 1881 ἄνοιαν,
3077 1819 3153 1883 ὡς
3185 1823 3310 1883 τοὺς
3336 1821 3651 1894 ὀφθαλμοὺς

2079 1898 2173 1951 τοῦ
2209 1900 2276 1953 ἐκ
2322 1902 2552 1971 γενετῆς
2612 1906 2812 1972 τυφλοῦ
2863 1893 3200 1975 διανοίξειεν.
3251 1912 3406 1969 Ἐπεὶ
3466 1918 3560 1969 καὶ
3589 1917 3648 1969 τὸ

2078 1987 2283 2053 γνῶναι
2309 1988 2445 2044 Θεὸν
2476 1991 2615 2045 Θεοῦ
2642 1993 2827 2063 ἔργον,
2870 1999 2965 2052 καὶ
3002 2000 3238 2069 μάλιστα
3268 2002 3328 2055 τὸ
3361 2004 3647 2073 ἄνθρωπον

2077 2077 2282 2131 πείθειν
2315 2080 2602 2149 βούλεσθαι
2633 2086 2759 2139 νοῦν
2813 2086 3014 2158 ἔχοντα
3077 2093 3344 2163 σαρκικόν
3369 2108 3384 2123 ⁶
3413 2094 3509 2147 καὶ
3562 2094 3646 2149 ὅτι

390 2134 531 2207 ὑπὲρ
560 2139 685 2196 νοῦν
746 2145 842 2197 καὶ
894 2146 1073 2216 λόγον,
1111 2153 1139 2204 ό
1187 2154 1303 2207 τῶν
1357 2161 1561 2229 νοερῶν
1600 2165 1696 2218 καὶ
1727 2134 2088 2234 λογίκῶνκαὶ
2123 2175 2234 2228 τῶν
2268 2134 2527 2232 ἁπάντων
2559 2134 2891 2252 δημιουργὸέ
2938 2185 2972 2254 ή
3000 2134 3179 2256 Τριάὲ
3223 2191 3339 2243 ἐστι
3366 2207 3379 2221 ·
3411 2189 3505 2244 καὶ
3562 2194 3644 2247 ὅτι

387 2236 559 2345 χωιρὶς
581 2238 680 2306 τῆς
701 2239 793 2291 τοῦ
812 2240 946 2294 Θεοῦ
978 2245 1225 2315 χάριτος,
1256 2251 1318 2302 οὐ
1351 2252 1582 2325 δύναμις
1601 2259 1679 2331 τῷ
1699 2262 1960 2332 κτίσματι
2004 2272 2348 2338 κατανοῆσαι
2383 2275 2474 2329 τὸν
2496 2236 2743 2345 κτίστην.

457 2324 717 2384 Clericus.
746 2332 995 2401 Abunde,
1050 2340 1288 2406 domine,
1329 2324 1515 2404 multis
1547 2324 1732 2408 verbis
1765 2324 1966 2412 doctri-

384 2431 511 2470 nam
544 2421 611 2472 de
636 2420 905 2479 Trinitate
950 2429 1110 2488 nobis
1135 2435 1425 2510 revelasti,_
1457 2447 1511 2493 et
1564 2442 1799 2501 docuisti
1861 2464 1964 2504 nos

384 2505 498 2560 fere
523 2509 756 2566 suadere
784 2515 982 2586 impios
1006 2520 1072 2574 de
1099 2519 1238 2577 Filio
1268 2524 1359 2580 Dei
1389 2505 1675 2599 unigenito
1700 2551 1794 2591 seu
1826 2538 1964 2593 Ver-

384 2596 475 2658 bo.
508 2614 574 2654 eo
617 2606 789 2673 magis
840 2623 949 2677 quo
991 2611 1332 2683 Scripturam
1379 2596 1594 2693 aliaque
1637 2642 1957 2698 argumenta

384 2702 478 2755 per
507 2696 754 2764 exempla
787 2703 1104 2774 recordatus
1139 2722 1221 2773 es,
1249 2713 1562 2782 pariterque
1584 2732 1645 2770 ea
1670 2696 1793 2786 quae
1818 2723 1959 2776 divi.

382 2781 531 2835 nitus
556 2783 609 2836 in
640 2786 879 2844 Ecclesia
907 2794 1150 2860 perfecta
1180 2809 1330 2865 sunt,
1360 2803 1557 2870 quibus
1582 2787 1953 2865 necessarium

378 2881 462 2926 est
521 2891 713 2930 omnes
785 2880 978 2935 atheos
1038 2887 1280 2953 aggredi.
1334 2889 1438 2944 Sed
1477 2907 1601 2947 cum
1667 2899 1835 2954 multa
1889 2903 1960 2958 sit

379 2963 661 3021 haareseon
694 2970 873 3036 turba,
909 2989 1139 3042 quarum
1171 2990 1483 3040 sectatores
1512 3002 1707 3043 omnes
1735 2992 1953 3061 quidem

378 3058 680 3115 Christiani
715 3065 1079 3134 appellantur,
1129 3073 1469 3131 multimodis
1519 3094 1702 3137 autem
1753 3058 1958 3142 distra-

380 3148 587 3206 buntur
615 3155 990 3225 opinionibus,
1024 3163 1155 3232 quid
1197 3163 1263 3220 de
1300 3168 1421 3224 istis
1453 3168 1759 3230 feriemus?
1813 3177 1954 3234 Sunt

376 3244 522 3298 enim
551 3262 617 3299 ex
642 3248 722 3304 eis
745 3250 839 3318 qui
863 3252 929 3306 ad
959 3253 1204 3323 singulas
1244 3256 1478 3316 haereses
1523 3266 1832 3333 pertinent,
1863 3272 1955 3338 qui

381 3351 480 3390 nos
520 3341 856 3395 orthodoxos
884 3343 1152 3399 lacessere
1190 3354 1400 3403 tentant
1444 3353 1825 3427 rationemque
1861 3375 1954 3429 pe-

379 3440 502 3485 tuut
532 3433 600 3487 de
623 3442 769 3488 recta
797 3436 900 3492 ﬁde
938 3447 1146 3493 nostra.

450 3612 720 3683 Pontifex.
758 3614 1044 3674 Rationem
1082 3623 1337 3681 omnibus
1368 3628 1498 3683 dare
1524 3645 1633 3684 nou
1663 3641 1745 3687 est
1768 3647 1955 3688 neces-

375 3707 606 3770 sarium,
643 3719 804 3777 prout
827 3713 1199 3780 prmdiximus.
1238 3720 1587 3778 sciscitantes
1610 3739 1737 3779 vero
1757 3727 1954 3782 docere

375 3809 592 3867 oportet
620 3817 756 3867 quos
789 3820 913 3858 eum
941 3822 1071 3874 pace
1101 3809 1485 3881 alloquendum
1517 3822 1598 3869 est
1615 3831 1631 3881 ;
1661 3816 1755 3870 sed
1791 3818 1860 3872 ab
1874 3819 1952 3873 eis

371 3892 463 3961 nui
499 3894 829 3951 contendere
859 3898 1067 3953 malunt
1096 3901 1526 3967 abscedemlmn,
1556 3919 1678 3958 nam
1715 3916 1943 3959 conten-

371 3983 502 4049 dere
540 3999 645 4040 non
677 3996 820 4041 amat
854 3987 1098 4044 Ecclesia
1134 3990 1361 4052 Christi,
1416 3993 1560 4048 sicut
1602 3995 1760 4071 dixit
1813 3995 1953 4052 Pau-

372 4073 458 4141 ius
488 4092 502 4128 :
545 4095 564 4126 ι
610 4077 663 4131 Si
694 4081 815 4148 quis
850 4082 1062 4136 videtur
1090 4085 1464 4139 enntcntiusus
1494 4103 1635 4148 esse.
1667 4105 1767 4145 nos
1790 4092 1949 4147 talem

367 4171 818 4236 consuetudinem
854 4188 960 4227 non
982 4164 1268 4242 habemus,
1298 4192 1470 4247 neque
1504 4180 1742 4238 Ecclesia
1766 4183 1892 4251 Dei;
1928 4205 1946 4238 ι

372 4258 495 4315 ideo
536 4259 678 4312 enim
712 4260 996 4318 haereticos
1024 4278 1213 4321 omnes
1246 4276 1303 4322 ut
1329 4274 1709 4329 contentiosos
1739 4286 1792 4329 et
1822 4276 1950 4330 inil-

368 4348 521 4415 tieles
551 4351 893 4407 anathemate
923 4353 1047 4408 ferit
1072 4354 1340 4414 Ecclesia.

439 4531 698 4588 Clericus.
731 4534 837 4589 Sed
866 4536 910 4590 si
945 4537 1071 4605 quis
1105 4537 1172 4592 ad
1206 4554 1360 4595 suam
1428 4546 1720 4599 utilitatem
1757 4547 1948 4627 scisci-

369 4632 535 4690 tatur,
569 4626 698 4695 quid
734 4627 1087 4682 faciendum?

440 4715 712 4785 Pontifex.
734 4717 891 4773 Hunc
908 4732 1126 4789 oportet
1147 4727 1449 4795 suscipere,
1469 4743 1521 4784 et
1544 4731 1591 4784 ei
1615 4731 1945 4787 ministrare.
1984 4718 2026 4773 θ

368 4810 594 4878 Insuper
621 4810 668 4865 si
697 4810 913 4866 dicendi
938 4815 1167 4883 gratiam
1193 4818 1417 4883 habeas,
1445 4821 1724 4877 Christum
1752 4824 1950 4892 deprc-

359 4912 545 4968 patus.
577 4918 641 4957 ex
670 4906 751 4959 eis
782 4920 904 4973 quae
925 4907 1100 4962 sancti
1137 4909 1401 4964 adversus
1453 4911 1702 4967 ha‘resim
1761 4915 1967 4969 elncu-‘

366 4993 665 5066 iit-siverunt
697 4995 903 5051 dissere
935 5014 951 5065 ;
984 5014 1107 5051 nam
1159 5000 1296 5053 nihil
1351 5003 1490 5070 quod
1547 5018 1655 5057 non
1715 5006 1952 5062 dixerint

364 5086 573 5160 Patres,
594 5104 717 5143 cum
750 5099 805 5144 et
834 5090 969 5160 ipsis
1001 5093 1193 5162 ingens
1219 5098 1362 5147 lucta
1391 5096 1655 5152 adversus
1713 5098 1948 5156 haereses

369 5181 699 5245 incubuerit,
714 5196 853 5249 quas
869 5183 1165 5253 adjuvante
1195 5185 1400 5255 Spiritu
1422 5187 1690 5253 vicerunt,
1709 5201 1761 5243 et
1782 5188 1947 5247 falsas

367 5285 555 5339 partim
616 5274 996 5331 rcvelaverunt
1057 5276 1366 5345 opiniones.
1397 5278 1551 5342 Quod
1597 5279 1645 5334 si
1698 5295 1943 5351 nequeas

348 5364 1044 5435 ‘scisritauti'respondere
1078 5369 1160 5422 vel
1212 5371 1337 5439 quia
1398 5371 1626 5439 gratiam
1679 5374 1762 5428 vel
1819 5375 1946 5443 quia

371 5454 646 5507 lit-entiam
682 5471 786 5509 non
815 5458 982 5513 habes
1014 5475 1029 5527 ;
1066 5475 1190 5513 nam
1238 5461 1318 5515 lex
1362 5462 1611 5518 Ecclesia:
1666 5467 1949 5521 constituit

367 5547 505 5621 hanc
533 5548 844 5603 facultatem
882 5551 999 5605 dari
1030 5552 1476 5625 ab‘imposltione
1504 5571 1761 5610 manuum
1794 5559 1943 5625 ;uoli

361 5639 688 5694 erubescere
715 5656 838 5695 eum
869 5643 1148 5698 adducens
1203 5646 1574 5701 sciscitantem
1631 5648 1697 5702 ad
1760 5652 1940 5703 .virmu

364 5725 678 5796 religiosum
727 5731 817 5798 qui
846 5733 984 5787 sciat
1015 5741 1161 5787 recte
1195 5734 1379 5789 dicere
1410 5753 1425 5802 ;
1460 5738 1629 5791 multa
1670 5739 1815 5793 enim
1836 5740 1940 5794 erit

369 5820 636 5898 ambobus
666 5825 895 5892 utilitas,
930 5836 1111 5896 atque,
1142 5826 1368 5896 juvantc
1398 5829 1530 5895 Deo,
1561 5831 1638 5885 γε’
1665 5842 1937 5889 errantem

2146 2369 2467 2436 Κληρικός.
2508 2370 2871 2441 Ἀρκούντως,
2904 2374 3161 2443 δέσποτα,
3195 2379 3289 2432 καὶ
3310 2380 3398 2434 διά
3431 2383 3642 2438 πολλῶν

2071 2457 2204 2527 ἡμῖν
2235 2459 2334 2530 τὴν
2363 2462 2497 2530 περὶ
2524 2463 2626 2532 τῆς
2662 2463 2824 2532 ἁγίας
2855 2465 3082 2535 Τριάδος
3106 2470 3470 2543 ἀπεκάλυψας
3501 2468 3640 2543 γνῶ-

2073 2567 2180 2614 σιν,
2223 2552 2318 2605 καὶ
2353 2554 2541 2608 πεῖσαι
2597 2554 2782 2626 σχεδὸν
2840 2558 2967 2621 τοὺς
3022 2559 3346 2627 ἀθετοῦντας
3400 2567 3492 2619 τὸν
3547 2568 3638 2621 τοῦ

2069 2643 2205 2697 Θεοῦ
2239 2643 2366 2697 Υίὸν
2384 2646 2475 2700 τὸν
2504 2650 2771 2718 μονογενῆ
2802 2649 2894 2703 καὶ
2923 2652 3013 2706 τὶν
3045 2653 3218 2722 Λόγον
3249 2657 3516 2726 ἐδίδαξας
3545 2661 3638 2714 καὶ

2067 2733 2270 2799 μᾶλλον
2302 2736 2385 2788 ὅτι
2419 2739 2712 2806 γραφικῶν
2748 2742 2844 2794 καὶ
2873 2744 3094 2798 ἐννοιῶν
3113 2746 3197 2799 ἐτέ
3204 2765 3318 2813 ρων
3342 2750 3429 2803 διὰ
3457 2768 3637 2816 παρα-

2062 2822 2377 2900 δειγμάτων
2402 2827 2704 2895 ἐμνήσθης,
2729 2834 2954 2885 καὶτῶν
2981 2839 3037 2887 ὲν
3054 2840 3117 2907 τῇ
3152 2838 3453 2913 Ἐκκλησία
3477 2842 3637 2908 θείως

2065 2915 2500 2986 ἐνεργουμένων,
2531 2919 2565 2972 ἃ
2599 2921 2694 2973 καὶ
2723 2922 2862 2989 πρὸς
2899 2927 3106 2990 πάντας
3132 2928 3328 2995 ἀθέους
3363 2934 3635 3003 ἀναγκαῖά

2063 3008 2170 3059 εἰσι
2206 3007 2485 3074 λέγεσθαι.
2515 3008 2671 3064 Ἐπεὶ
2721 3012 2776 3065 δέ
2814 3015 2910 3068 καὶ
2942 3016 3148 3088 πλῆθός
3187 3021 3304 3074 ἐστι
3336 3025 3473 3078 πολὺ
3521 3029 3631 3081 τῶν

2059 3100 2347 3169 αἱρέσεων,
2405 3102 2503 3154 καὶ
2540 3103 2864 3172 Χριστιανοὶ
2912 3109 3013 3177 μὲν
3043 3112 3247 3177 πάντες
3316 3116 3631 3187 καλοῦνται,

2062 3189 2244 3255 δόξαις
2273 3190 2330 3243 δὲ
2374 3192 2686 3263 μερίζονται
2739 3198 3123 3270 πολυτρόποις,
3160 3206 3211 3257 τί
3261 3207 3327 3261 ἂν
3378 3213 3634 3282 καὶπερὶ

2059 3282 2265 3337 τούτων
2300 3289 2664 3357 ποιήσαιμεν;
2723 3291 2912 3345 Ἔστιν
2959 3296 3047 3347 ὅτε
3084 3297 3338 3369 κέκάστης
3369 3302 3633 3369 αἱρέσεως

1982 3376 2024 3431 C
2057 3374 2220 3425 τινῶν
2265 3374 2400 3441 πρὸς
2431 3380 2554 3439 τοὺς
2619 3377 2932 3446 ὀρθιδόξους
2959 3384 3106 3451 ἡμᾶς
3138 3386 3462 3451 φιλονεικεῖν
3513 3407 3630 3439 πει-

2061 3468 2349 3533 ρωμένων,
2384 3468 2416 3536 ἢ
2453 3469 2548 3520 καὶ
2581 3468 2739 3537 λόγον
2767 3472 3144 3527 ἀπαιτούντων
3183 3475 3429 3545 περὶτῆς
3456 3477 3623 3547 ὀρθῆς

2057 3557 2214 3626 ἡμῶν
2249 3558 2507 3623 πίστεως.

2139 3650 2494 3717 Ἆρχιερεύς.
2536 3653 2610 3704 Οὐ
2648 3654 2778 3705 πᾶσι
2812 3652 3019 3706 διδόναι
3062 3654 3223 3723 λόγον
3256 3656 3495 3729 ἀνάγκη,
3529 3678 3632 3714 κα-

2059 3738 2167 3800 θὼς
2200 3742 2619 3812 προειρήκαμεν
2643 3761 2657 3776 ·
2692 3743 2828 3797 ἀλλά
2860 3746 2974 3808 τοῖς
3016 3746 3117 3814 μὲν
3159 3746 3388 3817 ζητοῦσι
3431 3751 3627 3819 μαθεῖν

2058 3827 2408 3894 διαλέγεσθαι
2449 3836 2564 3901 μετ’
2593 3835 2841 3904 εἰρήνης,
2874 3837 2984 3891 τῶν
3015 3837 3061 3892 δ’
3109 3839 3179 3894 αῦ
3244 3842 3331 3895 ἀεὶ
3394 3844 3629 3911 φιλονει-

2058 3922 2176 3975 κεῖν
2212 3923 2558 3991 αίρουμένων
2605 3929 2970 3995 ἀφίστασθαι.
3013 3931 3119 3984 Τὸν
3154 3933 3263 4006 γὰρ
3320 3936 3629 4004 φιλόνεικον

2054 4013 2115 4065 ού
2142 4017 2426 4084 προσίεται
2479 4020 2510 4087 ή
2550 4019 2645 4073 τοῦ
2691 4022 2927 4090 Χριστοῦ
2981 4023 3303 4094 Ἐκκλησία,
3357 4027 3549 4101 ὥσπερ
3598 4033 3628 4085 δ

2057 4106 2271 4169 Παῦλός
2330 4125 2519 4175 φησιν,
2563 4110 2667 4182 la
2707 4132 2725 4164 ι
2772 4113 2831 4167 Ei
2874 4114 2929 4166 δέ
2980 4133 3066 4178 τις
3116 4117 3263 4171 δοκεῖ
3322 4120 3627 4187 φιλόνεικος

2053 4193 2196 4252 εἶναι
2240 4200 2298 4250 ἐν
2344 4201 2502 4269 ήμῖν,
2538 4202 2699 4272 ἡμεῖς
2741 4206 3007 4277 τοιαύτην
3056 4209 3350 4278 συνήθειαν
3381 4212 3480 4267 οὐκ
3515 4214 3629 4281 ἐχο-

2057 4307 2175 4359 μεν,
2198 4290 2316 4343 οὐδὲ
2345 4294 2396 4344 αἱ
2412 4291 2732 4364 Ἐκκλησίαι
2749 4295 2843 4349 τοῦ
2867 4296 3027 4352 Θεοῦ.
3057 4317 3076 4349 ι
3112 4300 3210 4352 Διά
3232 4301 3387 4354 τοῦτο
3408 4304 3517 4371 γὰρ
3536 4305 3630 4358 καὶ

2062 4382 2180 4434 τοὺς
2210 4383 2528 4449 αἰρετικοῦς
2562 4386 2769 4450 πάντας
2789 4387 2863 4451 ὡς
2890 4389 3232 4458 φιλονείκους
3260 4395 3352 4446 καὶ
3383 4396 3629 4460 ἀπειθεῖς

2054 4473 2452 4543 ἀναθεματίζει
2484 4479 2516 4545 ή
2548 4479 2870 4551 Ἐκκλησία.

2128 4569 2453 4634 Κληρικός.
2482 4570 2593 4622 Καὶ
2619 4570 2715 4622 ἐάν
2744 4588 2827 4634 τις
2882 4571 2953 4635 ὡς
2989 4572 3344 4645 ὠφεληθῆναι
3384 4579 3543 4650 ζητῇ,
3572 4580 3627 4633 τί

2057 4654 2307 4724 ποιητέον
2331 4670 2347 4720 ;

2138 4746 2497 4815 Ἀρχιερεύς.
2539 4748 2642 4799 Τὸν
2675 4750 2915 4803 τοιοῦτον
2977 4754 3367 4824 προσδεκτέον,
3408 4759 3503 4812 καὶ
3568 4763 3626 4813 ἐν

2054 4836 2244 4907 ἀγάπῃ
2276 4836 2658 4903 θεραπευτέον.
2703 4839 2848 4910 Πλὴν
2879 4843 2926 4894 εί
2964 4843 3063 4913 μὲν
3084 4846 3244 4915 χάρις
3279 4848 3395 4901 ἔστι
3423 4867 3504 4902 σοι
3530 4851 3624 4904 τοῦ

2055 4928 2255 4995 λέγειν,
2281 4929 2514 4995 Χριστὸν
2546 4931 3037 5002 ἐπικαλεσάμενος,
3069 4938 3135 4990 ἐκ
3168 4939 3276 4990 τῶν
3309 4942 3420 5003 τοῖς
3449 4942 3627 5006 ἁγίοις

2053 5020 2453 5089 πεπονημένων
2481 5021 2620 5072 κατά
2654 5022 2754 5089 τῆς
2795 5025 3058 5092 αἱρέσεως
3090 5026 3235 5094 λέγε.
3265 5030 3434 5083 Οὐδὲν
3457 5031 3566 5102 γὰρ
3593 5032 3621 5086 ὃ

2054 5110 2129 5181 μὴ
2161 5111 2451 5181 εἰρήκασιν
2482 5112 2531 5163 οἱ
2582 5112 2847 5181 Πατέρες.
2893 5115 3044 5168 Ἐπεὶ
3096 5119 3189 5171 καὶ
3226 5121 3390 5184 πολὺς
3438 5123 3621 5186 αὐτοῖς

2052 5205 2080 5255 ὁ
2115 5204 2256 5256 κατά
2287 5202 2395 5255 τῶν
2427 5204 2694 5272 αἱρέσεων
2725 5188 2876 5274 ἁγὼν
2907 5208 3124 5278 γέγονε,
3184 5213 3274 5265 καὶ
3330 5217 3620 5286 συνεργείᾳ

2057 5292 2150 5345 τοῦ
2175 5291 2320 5345 θείου
2387 5293 2708 5362 Πνεῦματος
2742 5296 3063 5364 νενικήκασι
3117 5300 3341 5364 ταύτας,
3392 5304 3487 5355 καὶ
3524 5306 3622 5368 τάς

2050 5382 2209 5449 δόξας
2246 5383 2426 5436 αὐτῶν
2476 5383 2690 5453 ψευδεῖς
2725 5386 3095 5454 ἀπεφήναντο.
3145 5389 3206 5442 Ei
3259 5391 3302 5443 δ’
3350 5391 3623 5457 ἀδυνάτως

2049 5472 2196 5543 ἔχεις
2227 5473 2472 5544 περὶτοῦ
2514 5475 2852 5543 ζητουμένου
2901 5476 3102 5544 λέγειν,
3154 5479 3276 5531 ούδέ
3320 5481 3481 5549 χάριν
3528 5484 3620 5535 τοῦ

2053 5564 2284 5635 λέγεινῆ
2312 5565 2537 5632 ἔνδοσιν,
2566 5567 2661 5618 καὶ
2691 5564 2851 5620 τοῦτο
2901 5548 3017 5637 γὰρ’
3043 5570 3207 5640 νόμος
3252 5548 3350 5640 τῆς
3395 5574 3625 5644 Ἐκκλη-

2056 5653 2201 5719 σίας,
2224 5654 2284 5707 τὸ
2315 5655 2652 5725 χειροτονίαν
2681 5656 2827 5726 ἔχειν
2869 5660 2966 5711 καὶ
3009 5659 3235 5724 ἔνδοσιν,
3275 5664 3350 5733 μὴ
3399 5665 3622 5735 αἰσχυν-

2059 5742 2158 5812 θῇς
2185 5745 2583 5813 προσενεγκεῖν
2609 5744 2702 5796 τὸν
2724 5743 2989 5814 ζητοῦντα
3015 5748 3172 5817 ἀνδρὶ
3227 5749 3471 5804 θεοσεϐεῖ
3525 5757 3620 5806 καὶ

2056 5833 2222 5887 εἰδότι
2268 5834 2449 5902 λέγειν
2479 5831 2659 5903 ὀρθῶς
2696 5847 2710 5863 ⁸
2747 5834 2975 5908 πλείστη
3006 5838 3113 5910 γὰρ
3138 5840 3287 5894 ἔσται
3318 5842 3409 5895 καὶ
3435 5841 3616 5911 ἀμφο-
3666 5888 3673 5893 .
