4050 6266
359 320 426 385 65
1418 324 1806 389 DIALOGUS
1837 323 2140 387 CONTRA
2182 324 2231 385 Ii
2246 326 2576 389 .‘ERESES.
3536 324 3610 389 66

359 433 530 505 τέροις
563 432 801 502 ὠφέλεια
823 450 837 465 ·
864 436 957 489 καὶ
983 435 1372 507 συναιρομένου
1431 424 1589 504 Θεοῦ,
1631 438 1665 509 ἢ
1699 439 1795 493 καί
1834 440 1924 493 τὸν

2039 440 2179 495 illum
2208 441 2386 496 studio
2412 440 2575 496 simul
2605 411 2866 497 et’dirina
2890 443 3153 501 charitate
3207 445 3467 518 corriges,
3525 452 3606 504 vel

362 523 714 596 πλανώμενον
773 526 982 582 ικεῖνον
1039 526 1170 592 ἴσως
1198 530 1263 599 τῇ
1299 528 1500 600 σπουδῇ
1535 530 1628 585 καὶ
1678 532 1746 602 τῇ
1802 530 1924 601 θείᾳ

364 615 549 688 ἀγάπῃ
618 616 982 688 διορθώσεις,
1034 618 1068 689 ἢ
1133 620 1344 689 σεαυτῷ
1402 619 1594 689 μισθὸν
1657 621 1927 695 προξενή-

362 723 511 772 σ·ις,
551 709 646 763 καὶ
697 709 820 762 ἀντὶ
872 710 967 763 τοῦ
1009 710 1180 765 κόπου
1228 710 1390 781 χάριν
1448 711 1706 785 εὑρήσεις
1775 714 1929 787 παρά

355 800 489 856 Θεοῦ
501 842 518 858 .

423 894 743 962 Κληρικός.
788 894 899 948 Καὶ
946 895 1079 949 ποίά
1109 896 1219 950 τῶν
1253 898 1523 968 αἱρέσεων
1549 900 1783 972 χείρωνς

442 984 792 1054 Ἀρχιερεύς.
824 985 1029 1052 Ἅπαν,
1068 987 1286 1056 ἀδελφὲ,
1344 992 1480 1064 ὅπερ
1519 994 1601 1057 είς
1654 991 1929 1063 βάραθρον

357 1073 632 1137 ἀπωλείας
666 1074 919 1139 συνωθεῖ,
956 1075 1061 1145 τῆς
1097 1080 1346 1149 πονηρᾶς
1400 1082 1519 1135 ἐστι
1552 1083 1777 1153 μοίρας·
1836 1082 1929 1135 καὶ

359 1168 465 1221 πᾶν
493 1167 634 1238 ὅπερ
676 1167 780 1237 τὴν
820 1169 1103 1237 σωτηρίαν
1148 1168 1361 1238 ζημιοῖ,
1411 1175 1512 1244 τῆς
1544 1174 1929 1243 ἀπολλυμένης

356 1260 615 1328 τυγχάνει
646 1259 878 1324 τάξεως.
915 1259 1063 1313 Ἀλλ’
1120 1261 1273 1330 ὅμως
1323 1262 1515 1333 ὥσπερ
1562 1266 1819 1336 διαφοραὶ
1873 1267 1930 1319 ὲν

351 1353 463 1413 τοῖς
490 1352 738 1418 ἀγαθοῖς,
770 1352 864 1406 καὶ
895 1352 952 1403 ὲν
994 1351 1222 1422 ἀρεταῖς
1255 1354 1580 1410 ἀναϐάσεων
1617 1358 1926 1424 ἐπιδόσεις,

353 1438 445 1494 καὶ
472 1442 617 1494 κατὰ
646 1443 752 1505 ’τὰς
791 1441 1021 1511 πράξεις
1052 1446 1110 1497 al.
1131 1445 1456 1511 ἀντιδόσεις,
1490 1448 1569 1502 διὸ
1606 1448 1700 1503 καί
1759 1464 1929 1519 φησιν

351 1534 379 1586 6
407 1534 622 1602 Κύριος
643 1550 659 1567 ο
688 1553 709 1587 ε
757 1534 850 1587 Ἐν
873 1538 939 1606 τῇ
988 1537 1140 1608 οἰκίᾳ
1173 1540 1269 1592 τοῦ
1327 1541 1542 1611 Πατρός
1578 1558 1678 1610 μου
1735 1541 1929 1595 πολλαὶ

353 1626 517 1695 μοναί
547 1629 721 1680 εἰσιν·
748 1646 767 1678 ι
794 1624 994 1693 οὕτως,
1019 1623 1198 1697 οἶμαι,
1228 1631 1320 1683 καὶ
1341 1634 1397 1683 εν
1422 1632 1537 1694 τοῖς
1574 1632 1860 1698 ιναντίοις,
1878 1634 1927 1685 εί

349 1718 450 1771 καὶ
470 1717 668 1781 ἀταξία
691 1718 841 1771 πᾶσα
877 1717 1050 1781 ὅντως
1085 1721 1232 1773 ἐστὶν
1262 1723 1320 1773 ὲν
1355 1723 1560 1788 αὐτοῖς,
1619 1725 1773 1778 οὐδὲν
1818 1724 1928 1796 γὰρ

348 1806 462 1860 τῶν
490 1807 746 1877 πονηρῶν
771 1808 828 1860 ὲν
850 1807 1027 1873 τάξει,
1061 1810 1187 1863 ἐπεὶ
1241 1812 1337 1865 καὶ
1367 1812 1603 1876 ἄτακτος
1653 1816 1680 1867 ό
1744 1817 1927 1887 πατὴρ

348 1896 444 1950 τοῦ
473 1897 706 1967 ψεύδους
736 1898 907 1962 ἐστὶν,
944 1899 1065 1952 ἀλλ’
1090 1899 1241 1969 ὅμως
1280 1903 1484 1971 χείρων
1523 1904 1622 1972 μὲν
1657 1905 1927 1978 αῖρεσιςή

317 1987 483 2057 .rtspi.
501 1984 640 2040 Θεοῦ
674 1986 924 2051 πλείονας
975 1987 1177 2058 ἔχουσα
1219 1990 1593 2061 βλασφημίας,
1648 1993 1847 2063 ἑφεξῆς
1869 1995 1928 2047 δὲ

351 2079 518 2148 μέσαι
541 2095 602 2131 τε
636 2078 734 2132 καὶ
761 2079 998 2149 ἔσχάται
1029 2082 1087 2134 αἱ
1138 2082 1438 2137 ἐλάττωσιν
1468 2083 1725 2138 δοκοῦσαι
1783 2084 1929 2155 ἔχειν

346 2173 473 2224 τινα
506 2170 600 2224 τοῦ
630 2171 732 2240 τῆς
754 2171 1112 2244 βλασφημίας
1170 2173 1367 2230 κακοῦ.
1418 2175 1593 2233 Τοῦτο
1641 2176 1699 2231 δὲ
1734 2179 1829 2231 καὶ
1869 2179 1928 2232 ὲν

348 2264 466 2325 τοῖς
487 2261 754 2316 ἀσεϐέσιν
776 2261 916 2318 εἶναι
947 2263 1260 2333 λογίζομαι.
1287 2265 1511 2336 Πρῶτος
1542 2268 1642 2337 μὲν
1679 2269 1789 2339 γὰρ
1820 2270 1931 2323 τῶν

347 2353 532 2407 ἀθέων
557 2358 585 2408 6
613 2355 690 2427 μὴ
719 2356 855 2410 Θεὸν
908 2357 1047 2420 ὅλως
1097 2358 1274 2426 εἰδὼς,
1321 2363 1419 2414 καὶ
1452 2359 1535 2414 ἔτι
1569 2362 1599 2412 6
1646 2364 1713 2433 τῇ
1764 2363 1932 2418 πολυ-

350 2441 462 2510 θέῳ
496 2443 676 2516 πλάνῃ
730 2446 1126 2515 κρατούμενος.
1162 2449 1258 2503 ,οὑ
1292 2447 1404 2519 γὰρ
1451 2450 1688 2521 διαφορά
1720 2453 1931 2516 τούτοις

350 2532 615 2598 ἀσεϐείας
646 2536 818 2600 ἐστὶν,
850 2538 970 2591 ἐπεὶ
1016 2541 1111 2592 καὶ
1156 2540 1271 2593 ἴσον
1311 2543 1372 2594 τὸ
1419 2543 1495 2613 μὴ
1542 2543 1746 2598 ειδέναι
1791 2544 1931 2607 ὅλως

352 2625 493 2678 Θεὸν
522 2625 619 2679 τοῦ
647 2629 848 2682 ειδέναι
877 2628 1083 2698 λέγειν,
1110 2635 1208 2684 καὶ
1229 2631 1413 2686 σέδεῑν
1452 2634 1627 2698 ἀθέως
1652 2634 1727 2697 ώς
1773 2618 1933 2698 θεοὺς

354 2718 423 2770 τὰ
456 2717 556 2771 τοῦ
589 2717 726 2773 Θεοῦ
755 2721 1054 2791 κτίσματα,
1088 2722 1121 2787 ἢ
1153 2722 1224 2776 τά
1273 2721 1528 2793 ὁρώμενα
1561 2724 1749 2790 ταῦτα,
1785 2725 1818 2795 ἢ
1861 2725 1931 2778 τὰ

354 2808 533 2878 ἐναγῆ
581 2809 873 2879 δαιμόνιαο
927 2813 1065 2882 μετά
1092 2812 1152 2867 δὲ
1198 2814 1327 2878 τοὺς
1372 2814 1626 2886 πρώτους
1656 2817 1849 2881 ἀθέους
1881 2818 1931 2871 oi

351 2897 490 2949 Θεὸν
541 2899 643 2968 μὲν
672 2899 833 2969 δῆθεν
864 2901 1116 2970 λέγοντες
1140 2903 1346 2974 Κύριον
1378 2906 1617 2976 οὐρανοῦ
1668 2910 1764 2961 καὶ
1795 2907 1922 2979 γῆς,

355 2988 535 3059 χωρὶς
586 2989 642 3042 δὲ
700 2992 876 3059 Λόγου
931 2993 1140 3058 ζῶντος
1199 2995 1295 3049 καὶ
1349 2997 1683 3068 Πνεύματος.
1744 3000 1932 3054 Ἀθεοι

351 3075 451 3135 οὖν
486 3082 582 3134 καὶ
611 3081 784 3149 οὗτοι,
812 3085 890 3149 ὡς
916 3086 979 3139 οὐ
1012 3087 1103 3141 τὸν
1136 3087 1312 3158 ἀληθῆ
1338 3090 1433 3142 καὶ
1482 3091 1642 3162 μόνον
1675 3092 1808 3145 Θεὸν
1835 3109 1935 3162 κη-

354 3174 671 3242 ρύττοντες.
705 3177 839 3241 Θεὸς
867 3179 979 3251 γὰρ
1008 3180 1170 3250 μόνος
1216 3181 1423 3251 ἀληθὴς
1457 3186 1485 3237 6
1546 3184 1736 3254 Πατὴρ
1793 3187 1932 3255 μετά

352 3269 447 3322 τοῦ
486 3271 813 3339 μονογενοῦς
837 3273 1025 3339 ζαύτοῦ
1053 3273 1185 3328 Υίοῦ
1216 3276 1312 3329 καὶ
1341 3275 1435 3329 τοῦ
1469 3276 1737 3341 ζωοποιοῦ
1763 3276 1935 3330 Πνεύ-

356 3360 552 3431 ματος.
592 3363 655 3416 Ei
694 3362 789 3418 οῦν
831 3365 926 3418 καὶ
960 3359 1109 3420 οὗτοι
1161 3369 1389 3423 καθόλου
1423 3369 1594 3433 ἄθεοι,
1643 3371 1758 3423 ἀλλ’
1785 3372 1936 3439 ὅμως

351 3452 414 3504 οὐ
444 3453 815 3522 προσκυνοῦσι
848 3455 905 3508 τὸ
922 3454 1055 3525 πῦρ,
1091 3457 1124 3528 ἧ
1155 3460 1245 3510 τὸν
1273 3460 1444 3530 ἥλιον,
1465 3461 1582 3514 οὐδὲ
1606 3461 1730 3522 τοὺς
1752 3461 1939 3530 δαίμο.

352 3560 449 3607 νας
467 3543 688 3612 λέγουσι
703 3545 881 3610 θεούς·
900 3548 998 3602 καὶ
1012 3549 1101 3602 διὰ
1124 3536 1281 3603 τοῦτο
1301 3551 1581 3615 ἐλάττονος
1601 3555 1798 3617 κακίας
1812 3554 1939 3608 εἰσί.

420 3638 748 3705 Κληρικός.
778 3638 932 3693 Μετὰ
977 3641 1202 3705 τούτους
1244 3643 1302 3696 δὲ
1346 3643 1490 3707 τίνες
1548 3646 1657 3698 εἰσὶ
1682 3644 1934 3715 χείρονες

353 3731 464 3785 τῶν
493 3732 672 3787 ἄλλων
697 3732 777 3795 είς
807 3732 1066 3788 ἀσέϐειαν
1090 3752 1106 3801 ;

950 3850 1202 3905 ΚΕΦΔΛ.
1253 3850 1355 3906 IA'.

358 3960 523 4034 Κατᾲ
550 3962 819 4034 Σίμωνος
868 3945 983 4018 τοῦ
1023 3965 1242 4034 μάγου,
1291 3965 1392 4019 καὶ
1448 3966 1778 4033 Μάνεντος,
1824 3970 1926 4024 καί

436 4032 557 4108 τῶν
586 4033 826 4108 ὁμοίως,
854 4034 956 4108 καί
983 4032 1134 4108 και-ἆ
1152 4034 1273 4090 τῶν
1291 4035 1613 4091 δι’σσεὸῶν
1666 4032 1934 4108 8670;46-

426 4107 578 4166 λων,
607 4101 740 4171 ἤτοι
773 4102 1230 4174 Κουδουγέρων.

427 4195 793 4263 Ἀρχιερεύς.
823 4194 980 4248 Μετὰ
1002 4196 1229 4260 τούτους
1263 4198 1321 4251 αί
1362 4198 1422 4263 ἐξ
1455 4199 1630 4268 ἀρχῆς
1668 4198 1936 4270 αἱρέσεις,

356 4286 481 4338 ὅσαι
510 4287 603 4338 τὸν
645 4285 885 4358 Χριστῦν
946 4286 1110 4357 δῆθεν
1148 4286 1399 4352 ἐδέξαντο
1437 4289 1559 4360 μὲν,
1595 4292 1694 4344 οὐκ
1753 4290 1936 4360 ὀρθῶς

362 4377 467 4449 15
495 4379 575 4442 δὲ,
601 4378 723 4431 οὐδὲ
772 4378 850 4441 ὡς
881 4378 944 4432 τὸ
970 4379 1081 4432 τῶν
1138 4380 1457 4433 ἀποστόλων
1489 4381 1776 4450 παρέδωκε
1827 4381 1936 4451 κήο

2032 532 2358 601 tibimetipsi
2390 532 2697 587 mercedem
2733 537 3095 606 comparabis,
3163 548 3219 594 et
3274 553 3371 596 oro
3418 539 3602 595 labore

2030 624 2262 697 gratiam
2297 625 2441 696 apud
2478 624 2648 681 Deum
2679 626 2944 685 invenies.

2002 966 2005 971 ι
2105 884 2373 946 Clericus.
2406 889 2469 946 Et
2493 909 2741 962 quaenam
2774 906 2856 952 est
2883 913 2946 952 ex
2973 884 3276 955 haeresibus
3305 902 3504 974 pejor?

2104 978 2376 1051 Pontifex.
2410 981 2603 1045 Omne.
2634 983 2822 1054 frater,
2856 991 2997 1058 quod
3029 991 3082 1044 in
3140 993 3399 1062 abyssum
3456 995 3608 1050 exitii

2032 1071 2310 1142 immergit
2336 1074 2502 1129 sortis
2533 1083 2618 1130 est
2650 1078 2918 1144 pessimae,
2947 1090 3176 1137 etomne
3204 1084 3347 1153 quod
3378 1085 3608 1141 salutem

2032 1165 2252 1234 perimit
2279 1167 2519 1236 iniquam
2548 1168 2703 1224 habet
2732 1168 3041 1241 fortunam;
3102 1177 3197 1230 sed
3256 1179 3613 1247 qnetnadnto-

2032 1253 2160 1307 dum
2188 1262 2315 1308 sunt
2342 1255 2723 1325 discrepantia:
2755 1259 2806 1313 in
2837 1260 2994 1315 bonis
3028 1264 3292 1334 multique
3313 1276 3442 1321 sunt
3489 1284 3612 1337 gra-

2032 1343 2137 1399 dus
2170 1345 2239 1398 ad
2296 1347 2549 1401 virtutem
2588 1351 2949 1407 ascendentes
3003 1362 3056 1407 et
3107 1357 3272 1410 varia;
3312 1360 3611 1412 secundum

2033 1452 2197 1506 opera
2230 1439 2640 1506 retributiones,
2676 1452 2966 1511 propterea
3028 1446 3174 1500 enim
3228 1449 3370 1503 dixit
3431 1450 3616 1505 Domi-

2042 1545 2150 1585 nus
2182 1542 2199 1584 :
2234 1547 2254 1581 ι
2293 1529 2351 1584 In
2372 1531 2535 1585 domo
2556 1532 2735 1588 Patris
2756 1535 2859 1590 mei
2883 1536 3382 1595 muitaemansiones
3404 1554 3565 1608 sunt;
3595 1566 3611 1594 ι

2035 1619 2131 1685 ita,
2162 1635 2247 1674 me
2271 1620 2477 1690 judice,
2509 1622 2561 1675 in
2601 1624 2913 1693 contrariis,
2971 1627 3096 1682 licet
3126 1630 3179 1682 in
3207 1630 3342 1700 ipsis
3371 1633 3443 1687 sit
3504 1649 3620 1687 Olit-

2033 1707 2121 1761 uis
2154 1710 2510 1777 perturbatio,
2566 1711 2701 1764 nihil
2754 1713 2902 1767 enim
2963 1717 3087 1770 mali
3142 1728 3226 1773 est
3285 1720 3340 1773 in
3398 1721 3616 1787 ordine,

1964 1791 2005 1845 Β
2034 1813 2159 1854 cum
2195 1801 2449 1857 inimicus
2480 1802 2552 1856 sit
2580 1803 2788 1859 ordinis
2833 1816 2986 1871 pater
3041 1810 3323 1877 mendacii,
3379 1824 3615 1869 attamen

2044 1890 2290 1960 pessima
2321 1900 2405 1946 est
2443 1892 2585 1947 inter
2614 1892 2848 1950 haereses
2885 1911 3006 1966 quae
3036 1897 3217 1966 plures
3237 1900 3304 1955 de
3324 1900 3621 1957 Deoeonti-

2036 1991 2132 2038 net
2186 1984 2607 2053 blasphemias;
2648 1986 2843 2041 deinde
2895 2002 3017 2056 quae
3074 1992 3360 2058 pauciores
3420 1996 3620 2050 habent

2037 2075 2228 2132 mediae
2278 2085 2427 2141 sunt,
2476 2086 2530 2132 et
2600 2079 2989 2148 ultimae.quae
3040 2097 3202 2151 quam
3255 2086 3609 2152 paucissimis

2038 2165 2391 2237 blasphemiis
2419 2176 2649 2223 scatent.
2694 2169 2847 2235 Quod
2900 2170 3064 2239 etiam
3118 2172 3173 2226 in
3246 2174 3618 2244 impietatibns

2038 2259 2270 2314 inveniri
2298 2274 2516 2316 censeo.
2548 2259 2766 2315 Primus
2785 2262 3004 2330 quidem
3031 2263 3314 2318 atbeorum
3334 2266 3425 2335 qui
3450 2266 3619 2322 Deum

2039 2366 2269 2422 prorsus
2302 2353 2498 2417 nescit,
2537 2361 2593 2409 et
2634 2353 2727 2423 qui
2785 2355 3023 2424 plurium
3083 2342 3370 2411 numinum
3425 2358 3618 2415 falsam

2038 2444 2353 2514 opinionem
2392 2445 2674 2512 sequitur;
2705 2460 2829 2499 nam
2850 2446 2992 2500 inter
3011 2445 3129 2501 haec
3146 2448 3294 2502 milia
3319 2461 3402 2505 est
3423 2451 3619 2522 impie«

2040 2535 2167 2590 tatis
2185 2535 2574 2606 discrepantia,
2595 2550 2718 2588 cum
2750 2551 2846 2604 par
2865 2537 2935 2590 sit
2956 2536 3123 2592 Deum
3145 2553 3370 2609 prorsus
3389 2558 3498 2597 non
3523 2559 3621 2597 no-

2038 2640 2194 2682 scere
2221 2635 2275 2680 et
2296 2626 2475 2680 dicere
2505 2641 2563 2681 se
2595 2641 2794 2681 numen
2836 2643 3156 2697 agnoscere,
3189 2630 3282 2685 sed
3320 2631 3622 2703 irreligioso

2041 2725 2101 2771 ut
2131 2717 2263 2772 deos
2299 2716 2578 2771 adorando
2621 2729 2907 2773 creaturas
2940 2719 3054 2777 sive
3086 2735 3171 2776 res
3197 2737 3318 2791 qua:
3364 2726 3622 2780 videntur

2040 2809 2155 2864 sive
2186 2802 2471 2864 maledicta
2500 2809 2789 2864 daemonia.
2821 2810 2951 2867 Post
3011 2814 3145 2870 istos
3191 2816 3382 2872 atheos
3414 2818 3620 2884 primos

2042 2900 2413 2969 at‘cetluntqui
2439 2900 2604 2955 Deum
2632 2903 2852 2970 quidem
2887 2903 3381 2961 dicuntDominnm
3409 2909 3532 2962 coeli
3566 2918 3623 2964 et

2044 3004 2226 3059 terrar,
2248 2993 2343 3047 sed
2371 2992 2579 3061 absque
2616 2989 2799 3046 Verbo
2847 2993 3061 3049 vivente
3090 3005 3144 3049 et
3171 2995 3401 3065 Spiritu.
3455 2998 3625 3068 igitur

2042 3085 2335 3140 atheisunt
2363 3085 2450 3139 isti
2469 3086 2561 3154 qui
2588 3085 2747 3138 talem
2774 3098 2959 3140 verum
2985 3088 3269 3157 solumque
3294 3090 3460 3144 Deum
3487 3107 3651 3160 pra»,

2041 3179 2265 3245 dicant;
2311 3176 2452 3231 Deus
2477 3179 2619 3230 enim
2646 3176 2798 3232 solus
2842 3191 2999 3231 verus
3031 3187 3114 3232 est
3142 3179 3300 3233 Pater
3331 3196 3455 3235 cum
3490 3184 3618 3236 uni-

2042 3271 2225 3341 genito
2253 3270 2372 3338 ejus
2401 3267 2537 3323 Filio
2560 3277 2614 3322 et
2643 3267 2953 3322 vivificante
2977 3269 3207 3339 Spiritu.
3240 3270 3379 3341 Ergo
3407 3274 3457 3325 bi
3485 3289 3625 3344 quo-

2045 3378 2153 3432 que
2174 3372 2300 3415 sunt
2317 3362 2494 3427 athei;
2527 3360 2618 3414 sed
2639 3375 2760 3415 cum
2784 3375 2890 3414 non
2913 3360 3095 3415 colant
3119 3361 3296 3431 ignem
3323 3365 3404 3418 vel
3427 3365 3620 3435 solem,

2053 3469 2235 3523 neque
2291 3453 2472 3507 dicant
2521 3452 2652 3507 deos
2709 3467 2833 3509 esse
2885 3454 3182 3522 daemones,
3250 3454 3373 3512 ideo
3424 3458 3623 3514 minori

2051 3547 2254 3601 malitia
2288 3546 2634 3598 horrescunt.

2115 3640 2375 3695 Clericus.
2412 3639 2609 3693 Verum
2637 3638 2862 3705 abistis,
2901 3638 3123 3707 quinam
3160 3653 3191 3694 e
3231 3640 3447 3696 caeteris
3495 3652 3627 3698 sunt

2042 3733 2255 3804 pejores
2281 3731 2333 3815 in
2391 3729 2710 3799 impietate?

2644 3842 2874 3900 CAPUT
2896 3844 2993 3900 XI.

2047 3961 2245 4016 Conlra
2301 3958 2566 4013 Simonem
2617 3975 2847 4028 magum.
2886 3958 3150 4015 Manetem
3188 3969 3238 4014 et
3285 3961 3505 4027 similes,
3536 3980 3627 4018 nec

2155 4048 2256 4085 non
2295 4041 2477 4084 contra
2508 4027 3021 4098 impios’Bogomilos
3047 4029 3152 4083 sive
3169 4027 3496 4100 Cudugeros.

2115 4182 2386 4250 Pontifex.
2414 4180 2497 4235 Ab
2524 4180 2643 4234 istis
2664 4180 2876 4250 pejores
2918 4181 2986 4235 ab
3022 4180 3180 4237 initio
3211 4182 3445 4239 limreses
3498 4197 3627 4241 sunt

2042 4276 2147 4330 illae
2173 4288 2297 4343 qua:
2332 4271 2615 4327 Christum
2649 4271 2868 4340 quidem
2905 4283 3256 4342 acceperunt,
3290 4291 3397 4330 non
3442 4288 3625 4333 autem

2043 4375 2190 4422 recte
2218 4379 2398 4435 neque
2452 4364 2596 4419 sicut
2649 4362 2951 4432 apostolica
3016 4363 3239 4418 tradidit
3290 4366 3628 4435 praedicatio,

362 4488 549 4539 ρυγμα
580 4486 595 4501 σ
633 4472 769 4526 ἀλλὰ
806 4474 901 4527 καὶ
952 4474 1084 4542 περὶ
1125 4474 1227 4544 τῆς
1273 4475 1574 4545 ἐμφανείας
1637 4474 1805 4528 αὐτοῦ
1847 4475 1933 4528 καὶ

2048 4463 2140 4518 sed
2163 4461 2232 4518 de
2257 4459 2707 4516 manifestatione
2738 4458 2858 4528 ejus
2891 4469 2944 4515 et
2972 4460 3345 4517 incarnatione
3384 4462 3633 4519 diversas

361 4562 699 4633 σαρκώσεως
728 4565 1025 4635 διαφόρους
1056 4567 1309 4631 ἐδέξαντο
1346 4567 1526 4633 δόξας.
1575 4568 1695 4621 Ἔτι
1744 4568 1802 4621 δὲ
1842 4569 1939 4621 καὶ

358 4655 454 4706 τὸν
484 4656 615 4725 περὶ
646 4657 746 4725 τῆς
770 4657 934 4725 ἀγίας
960 4657 1193 4726 Τριάδος
1238 4657 1401 4728 ὀρθὸν
1440 4658 1717 4729 ἠθέτησαν
1755 4660 1937 4728 λόγον.

361 4749 428 4800 οἱ
450 4747 505 4800 δὲ
522 4747 619 4800 καὶ
646 4748 1044 4821 Παρακλήτους
1070 4751 1300 4807 ἑαυτοὺς
1327 4750 1675 4804 ἀπεκαλεσαν
1703 4751 1940 4814 ἀσεσῶς,

361 4839 460 4890 καὶ
481 4837 716 4906 δύναμιν
740 4838 902 4905 Θεοῦ,
953 4839 1030 4902 ὡς
1083 4840 1270 4910 Σίμων
1297 4840 1328 4892 6
1373 4841 1567 4910 μάγος,
1602 4840 1816 4894 διώκων
1849 4841 1944 4894 τὸν

364 4930 539 4998 μέγαν
572 4930 798 5000 Σίμωνα
853 4931 1082 5000 Πέτρον,
1116 4932 1213 4984 καὶ⁸
1264 4932 1458 5002 Μάνης
1498 4949 1581 4996 τις
1629 4933 1935 5006 ἀλιτήριος,

361 5023 412 5075 ai
447 5026 693 5092 χείρονες
730 5024 961 5077 καὶτῶν
1010 5023 1194 5078 ἀθέων
1246 5025 1409 5079 εἰσίν.
1442 5026 1566 5080 Ἔτι
1619 5026 1677 5079 δὲ
1731 5027 1942 5096 Κήριν-

361 5109 457 5173 θὸς
485 5129 569 5176 τις
603 5112 700 5165 καὶ
734 5113 1148 5184 Καρποκράτης
1175 5114 1226 5169 οι
1272 5115 1485 5186 μιαροὶ,
1544 5117 1782 5171 ἐναντίοι
1828 5119 1944 5182 τοῖς

362 5204 694 5267 ἀποστόλοις
744 5204 988 5274 Χριστοῦ
1019 5220 1035 5235 ο
1065 5209 1161 5259 καὶ
1186 5205 1432 5260 πλεῖστοι
1467 5207 1620 5262 ἄλλοι
1646 5208 1747 5278 τῆς
1801 5209 1944 5279 ἀλη-

365 5293 518 5358 θείας
570 5295 788 5366 ἒχθροὶ,
816 5295 1015 5360 οίτινες
1036 5297 1132 5350 καὶ
1153 5297 1330 5361 ἀθέως
1373 5297 1467 5351 δύο
1499 5298 1672 5368 ἀρχὰς
1703 5299 1945 5370 ἐδογμά-

362 5387 534 5451 τιζον.
570 5389 660 5453 Ἐξ
685 5386 765 5444 ὧν
795 5389 889 5443 καὶ
906 5390 1016 5447 ,νῦν
1049 5391 1192 5444 εἰσιν
1220 5391 1271 5444 oi
1306 5391 1629 5462 Βογόμυλοι,
1657 5392 1947 5462 ἀνθρώπια

363 5478 630 5550 δυσσεσῆ,
661 5481 710 5534 oi
739 5484 837 5535 καὶ
882 5482 1253 5554 Κουδούγεροι
1299 5483 1654 5554 καλούμενοι.
1711 5484 1805 5537 Διὸ
1851 5485 1949 5537 καὶ

2044 4565 2344 4612 tenuerunt
2369 4554 2679 4625 opiniones,
2717 4561 2772 4608 ct
2803 4553 3026 4622 insuper
3056 4560 3264 4607 rectum
3322 4554 3391 4610 de
3440 4567 3631 4612 sancta

2043 4649 2311 4704 Trinitate
2343 4660 2653 4702 sermonem
2686 4647 3012 4715 rejecerunt.
3037 4644 3139 4713 Qui
3172 4645 3338 4715 impie
3364 4650 3625 4718 semetip-

2042 4757 2134 4798 sos
2164 4746 2498 4795 vocaverunt
2526 4737 2834 4807 paracletos
2867 4747 2923 4791 et
2961 4736 3054 4791 Dei
3112 4737 3391 4805 virtutem,
3431 4747 3490 4795 ut
3538 4741 3626 4796 Si-

2044 4848 2172 4889 mon
2212 4846 2404 4902 magus
2442 4830 2538 4900 qui
2562 4844 2820 4899 magnum
2858 4828 3136 4885 Simonem
3178 4830 3398 4884 Petrum
3448 4847 3633 4901 perse-

2045 4927 2336 4997 quebatur,
2374 4934 2427 4979 et
2457 4922 2643 4978 Manes
2678 4939 2933 4991 nequam,
2969 4927 3062 4994 qui
3110 4926 3249 4995 ipsis
3314 4926 3492 4982 atheis
3541 4942 3633 4995 pe-

2040 5020 2191 5091 jores
2222 5025 2372 5083 sunt,
2399 5016 2623 5085 insuper
2658 5014 2955 5071 Cerintbus
2999 5026 3053 5072 et
3094 5016 3457 5088 Carpocrates
3532 5021 3636 5075 im-

2050 5111 2257 5179 mundi,
2289 5109 2382 5180 qui
2412 5109 2621 5165 Christi
2658 5109 2922 5178 apostolis
2947 5110 3406 5177 adversabantur,
3430 5112 3639 5182 aliique

2047 5202 2546 5274 plurimi.veritatis
2580 5201 2784 5257 inimici
2820 5204 2912 5272 qui
2957 5203 3164 5257 nefarie
3190 5203 3298 5257 duo
3349 5204 3625 5274 principia

2048 5303 2313 5365 ponentes
2360 5292 2498 5348 falso
2526 5293 2987 5363 dogmatizabant.
3027 5291 3101 5346 Ex
3133 5293 3333 5361 quibus
3365 5310 3510 5351 nunc
3532 5297 3634 5351 ad.»

2051 5387 2159 5439 huc
2195 5391 2326 5439 sunt
2360 5381 2645 5454 Bogomili,
2693 5383 2995 5454 irreligiosa
3041 5382 3361 5451 muizitudo,
3410 5387 3505 5457 qui
3578 5398 3636 5443 cl

2048 5476 2319 5548 Cudogeri
2377 5476 2738 5546 appellantur.
2767 5474 3068 5544 Propterea
3120 5491 3347 5534 necesse
3401 5488 3485 5534 est
3536 5494 3637 5534 vos

366 5569 517 5639 ὑμᾶς
539 5575 669 5642 περὶ
700 5573 879 5629 αὐτῶν
904 5574 1124 5646 ἀνάγκη
1183 5574 1401 5645 μαθεῖν,
1457 5576 1533 5639 ώς
1565 5578 1658 5629 καὶ
1713 5575 1933 5645 πλησίον

2052 5572 2118 5624 de
2154 5570 2288 5639 ipsis
2318 5569 2528 5633 doceri,
2552 5583 2677 5623 cum
2705 5582 2810 5622 non
2842 5567 3082 5637 procula
3110 5570 3264 5626 vobis
3310 5580 3634 5638 morentur;

362 5661 540 5718 ὅντων
570 5668 637 5735 τῇ
670 5670 946 5738 κατοικία.
975 5667 1071 5723 Ἐν
1118 5669 1291 5740 πολλῇ
1345 5669 1456 5739 γὰρ
1499 5668 1792 5738 ὑποκρίσει
1846 5668 1933 5720 καί

2052 5678 2181 5718 nam
2209 5662 2557 5718 simulatione
2594 5660 2764 5717 multa
2817 5664 3028 5732 tingunt
3084 5679 3148 5719 se
3207 5664 3514 5734 deprecari,
3577 5672 3636 5717 et

366 5757 454 5825 τῷ
482 5759 880 5831 προσεύχεσθαι
905 5760 1358 5833 σχηματίζονται,
1389 5761 1485 5816 καὶ
1515 5760 1577 5817 τὸ
1605 5758 1933 5831 Εὑαγγέλιον

2057 5755 2412 5828 Evangelium
2443 5753 2662 5828 quidem
2690 5769 2750 5815 se
2792 5756 2925 5815 tueri
2945 5755 3203 5816 simulant
3225 5766 3390 5828 atque
3409 5762 3634 5826 aposto-
