4050 6266
364 305 433 367 67
1227 294 1612 355 SYMEONIS
1638 292 2397 356 THESSALONICENSIS
2435 290 2797 354 ARCHIEP.
3573 281 3648 347 68

363 412 541 467 lorum
571 404 830 477 epistolas
857 410 911 458 et
958 403 1147 467 Actus,
1176 403 1268 457 sed
1322 404 1523 470 praeter
1580 401 1682 456 ista
1733 410 1959 455 emteras

2080 401 2167 469 μὲν
2191 398 2580 471 ὑποκρίνονταί
2631 399 2905 468 στέργειν,
2966 396 3060 450 καὶ
3113 394 3210 457 τὰς
3260 394 3368 448 τῶν
3400 394 3645 449 ἀποστό-

366 514 595 573 prorsus
618 496 874 567 rejiciunt
899 493 1233 562 Scripturas,
1263 508 1364 547 nec
1383 493 1683 562 quidquam
1717 507 1951 561 evange-

367 592 599 647 licorum
624 598 679 644 et
704 586 1130 658 apostolicorum
1153 583 1380 650 faciunt,
1403 583 1497 638 sed
1526 584 1706 652 potius
1739 591 1955 644 contra-

368 682 448 737 ria
484 680 853 744 committunt,
886 677 1086 747 quippe
1122 674 1531 729 abadversario
1551 674 1659 727 acti
1685 673 1950 727 omnibus

371 772 585 828 Domini
615 769 818 834 verbis,
873 767 1133 837 operibus
1186 774 1242 820 et
1304 763 1694 820 traditionibus
1732 763 1955 816 'adrer-

370 875 583 921 santur.
618 862 813 917 Verum
849 861 1030 931 potius
1063 858 1291 913 student
1328 865 1439 912 toto
1470 858 1635 911 corde
1669 853 1956 924 cegitatio-

369 940 544 1009 nibus
585 952 953 1022 operibusque
1004 949 1241 1019 partium
1323 945 1667 1006 Antichristi.
1731 943 1959 1014 quibus-

368 1048 493 1103 dam
526 1046 804 1100 furoribus
834 1050 1091 1113 aguntur,
1125 1054 1317 1110 preces
1347 1039 1398 1093 in
1433 1047 1649 1095 secreto
1701 1037 1959 1091 lascivos-

370 1153 475 1207 que
506 1148 701 1191 cautus
738 1136 955 1203 aliaque
984 1132 1151 1201 impia
1184 1138 1238 1184 ct
1272 1128 1450 1198 turpia
1481 1136 1647 1197 atque
1707 1128 1952 1180 immuu.

370 1230 600 1285 dissima
666 1234 1004 1297 operantur,
1056 1238 1179 1294 quae
1232 1237 1340 1276 non
1397 1222 1480 1275 fas
1540 1228 1633 1279 est.
1674 1219 1959 1288 scripturae

373 1322 741 1378 committere.
771 1318 1042 1387 Rejieiunt
1066 1316 1232 1370 etiam
1266 1328 1387 1368 cum
1427 1312 1531 1366 title
1545 1312 1729 1364 omnia
1752 1309 1955 1365 Christi

374 1412 657 1482 mysteria,
675 1409 794 1464 etin
821 1424 884 1462 ea
901 1413 1162 1461 evomunt
1185 1402 1575 1472 blasphemias,
1596 1400 1650 1454 in
1679 1400 1954 1455 divinissi-

372 1518 524 1558 tuum
551 1501 848 1570 baptisma,
880 1511 1092 1552 sacram
1121 1493 1588 1556 communionem,
1625 1491 1957 1546 crucisado-

374 1593 559 1651 raudae
591 1593 808 1661 signum
836 1628 852 1656 ,
880 1602 1068 1643 sacras
1104 1585 1392 1656 imagines,
1456 1583 1654 1653 templa
1709 1593 1963 1654 augusta,

375 1691 588 1745 divinas
618 1687 749 1757 legis
782 1693 837 1740 et
867 1682 1260 1754 prephetarum
1297 1678 1632 1749 Scripturas,
1654 1678 1965 1747 justosom-

2060 492 2171 547 λων
2193 493 2249 546 δὲ
2275 491 2565 555 ὲπῐστολάς
2601 508 2660 544 τε
2690 491 2786 544 καὶ
2812 489 3072 559 Πρᾶξεις.
3134 487 3281 557 Πλὴν
3330 489 3426 541 καὶ
3473 486 3646 550 αὐτὰς

2060 582 2158 638 καὶ
2197 583 2298 648 τὰς
2326 582 2493 648 ἄλλας
2526 581 2778 648 καθάπαξ
2801 578 3060 634 ἀθετοῦσι
3091 579 3351 649 Γραφάς..
3389 580 3500 633 Καὶ
3554 581 3647 632 οὐδ

2059 677 2147 729 δὲν
2198 676 2248 729 οἱ
2300 672 2455 731 ἄθεοι
2520 673 2809 745 ἐνεργοῦσι
2854 671 2965 726 τῶν
3015 671 3402 741 εὐαγγελικῶν
3439 688 3496 725 τε
3551 673 3647 725 καὶ

2060 768 2466 832 ἀποστολικῶν,
2529 766 2670 823 ἀλλὰ
2719 765 2979 820 τάναντία
3028 764 3254 835 μᾶλλον,
3308 765 3372 816 ὲκ
3406 763 3506 833 τῆς
3547 765 3646 817 τοῦ

2062 860 2311 913 ἐναντίου
2370 858 2644 930 κινήσεως
2733 854 3143 924 ἐναντιούμενοι
3201 855 3338 909 πᾶσι
3382 855 3499 916 τοῖς
3549 841 3646 906 τοῦ

2062 954 2273 1022 Κυρίου
2301 953 2488 1019 λόγοις
2521 951 2620 1005 καὶ
2650 949 2836 1020 ἔργοις
2872 948 2968 1002 καὶ
2998 947 3352 1018 παραδόσεσι.
3413 944 3645 999 Τελοῦσι

2062 1044 2120 1097 δὲ
2154 1043 2357 1113 μᾶλλον
2388 1041 2705 1111 ὁλοσχερῶς
2736 1040 2971 1103 ἐννοίαις
2995 1055 3056 1093 τε
3086 1038 3182 1091 καὶ
3214 1037 3401 1109 ἔργοις
3428 1036 3527 1107 τῆς
3550 1034 3645 1089 τοῦ

2077 1134 2456 1205 ’Διτιχρίστου
2523 1132 2768 1205 μερίδος,
2833 1128 3270 1196 ἐνθουσιασμούς
3333 1145 3488 1197 τινας
3550 1128 3649 1180 καὶ

2068 1225 2379 1297 προσευχὰς
2413 1227 2471 1278 ὲν
2501 1222 2731 1296 κρυπτῷ
2768 1223 2860 1276 καὶ
2893 1221 3107 1291 ἐπῳδὰς
3136 1218 3362 1289 μιαρᾶς,
3382 1220 3479 1273 καὶ
3510 1218 3643 1272 ἄλλα

2064 1318 2199 1372 ἄθεα
2232 1317 2579 1388 ἐνεργοῦντες
2606 1316 2700 1369 καὶ
2731 1315 2897 1384 ἐναγῆ
2934 1316 3031 1366 καὶ
3068 1310 3425 1380 παμϐέὸηλα,
3488 1311 3647 1364 ἅτινα

2064 1411 2186 1465 οὐδὲ
2214 1410 2441 1482 θεμιτὸν
2471 1412 2660 1480 γραφῇ
2694 1406 3056 1476 παραδοῦναι.
3103 1403 3385 1458 Ἀθετοῦσι
3441 1403 3499 1457 δὲ
3549 1403 3648 1457 σὺν

2065 1504 2132 1573 τῇ
2159 1502 2342 1555 πίστει
2369 1502 2464 1554 καὶ
2491 1503 2672 1554 πάντα
2712 1497 2806 1560 τοῦ
2840 1498 3081 1568 Χριστοῦ
3128 1495 3198 1549 τὰ
3220 1495 3519 1564 μυστήρια,
3553 1493 3649 1547 καὶ

2068 1595 2148 1657 είς
2178 1594 2335 1651 αὐτὰ,
2361 1590 2801 1663 βλασφημοῦσιν,
2831 1590 2911 1653 εἶς
2951 1606 3009 1640 τε
3038 1588 3099 1642 τὸ
3134 1586 3414 1641 θειότατον
3448 1583 3650 1655 βάπτι-

2066 1701 2181 1754 σμα
2236 1683 2335 1738 καὶ
2378 1684 2477 1753 τὴν
2517 1683 2668 1753 ίερὰν
2712 1680 3029 1747 κοινωνίαν,
3058 1678 3155 1731 καὶ⁷
3180 1678 3267 1731 τὸν
3326 1676 3500 1730 τύπον
3551 1675 3647 1729 τοῦ

376 1799 475 1839 nes
507 1789 562 1837 et
588 1789 878 1850 martyres,
903 1773 1264 1830 hierarehiam
1294 1782 1347 1826 et
1367 1779 1605 1833 sanctos,
1640 1783 1748 1823 uno
1773 1768 1960 1833 verbo,

2080 1776 2250 1846 τιμίου
2282 1775 2548 1844 σταυροῦ,
2572 1773 2671 1835 τὰς
2707 1772 2859 1842 ἱεράς
2886 1789 2945 1825 τε
2992 1772 3232 1835 εἰκόνας,
3270 1772 3402 1833 τοὺς
3485 1768 3650 1822 deﬁxa

377 1875 433 1928 in
467 1872 651 1928 omnia
678 1884 800 1939 qua:
824 1875 1010 1922 sancta
1033 1872 1184 1931 sunt,
1216 1862 1515 1918 secundum
1559 1860 1728 1916 Satan
1750 1870 1966 1929 aposta-

375 1975 487 2020 tam
512 1973 566 2018 et
597 1963 895 2026 daemones,
926 1958 1126 2027 quibus
1162 1955 1373 2010 incitati
1417 1954 1596 2009 solum
1652 1953 1709 2007 in
1777 1951 1966 2006 Triui-

379 2065 489 2111 tate
513 2055 705 2117 Deum,
739 2052 1013 2121 Verbique
1042 2048 1480 2103 [incarnationem
1517 2055 1573 2102 et
1603 2044 1790 2100 omnia
1842 2058 1966 2114 qua:

378 2149 475 2207 Dei
512 2157 639 2204 sunt
661 2146 893 2215 turpiter
929 2142 1331 2212 blasphemant.
1382 2138 1511 2194 Hzrc
1572 2147 1757 2193 autem
1810 2136 1968 2192 nobis

382 2240 608 2298 tradidit
636 2238 884 2294 Salvator
914 2243 1103 2290 noster
1163 2232 1255 2301 qui
1308 2229 1683 2301 apostolorum
1740 2242 1966 2283 suorum

310 2318 325 2325 Ἦ
383 2333 645 2405 operibus
684 2339 738 2385 et
764 2326 1112 2399 sermonibus
1146 2324 1396 2378 divinqu
1433 2322 1708 2390 baptisma
1736 2320 1969 2374 commi-

383 2429 477 2493 sit,
501 2424 949 2492 tremendamque
967 2418 1213 2488 corporis
1237 2426 1289 2473 et
1307 2415 1595 2486 sanguinis
1616 2413 1700 2468 sui
1726 2428 1971 2467 commu-

385 2520 604 2575 nionem
629 2525 962 2583 sacrumque
990 2509 1381 2573 ministerium,
1407 2516 1460 2561 et
1497 2514 1693 2559 caetera
1726 2504 1846 2571 ejus
1890 2504 1968 2556 di-

386 2610 514 2664 vina
542 2604 824 2679 mysteria.
885 2602 1007 2672 Ipse
1050 2600 1217 2656 etiam
1282 2612 1386 2655 nos
1435 2597 1741 2651 orationem
1770 2611 1785 2650 :
1813 2593 1974 2647 Pater

387 2710 584 2763 uoster,
618 2698 867 2767 aliasque
895 2694 1087 2750 docuit
1124 2706 1316 2762 preces
1343 2689 1545 2759 quibus
1582 2688 1697 2753 ipse
1756 2685 1971 2740 Patrem

388 2790 807 2862 deprecabatur.
839 2786 1111 2840 Debemus
1137 2781 1303 2838 etiam
1338 2781 1511 2850 legem
1575 2787 1632 2833 et
1682 2777 1974 2847 prophetas

388 2887 636 2953 accipere
664 2895 787 2950 qua:
839 2879 959 2948 ejus
1011 2875 1184 2945 gratia
1234 2874 1515 2944 praemissa
1572 2879 1719 2925 sunt.
1780 2868 1974 2921 Divina

387 2987 606 3043 quoque
641 2982 971 3024 veneremur
1000 2964 1199 3034 templa
1239 2979 1254 3029 ;
1289 2963 1389 3016 hoc
1415 2960 1559 3015 enim
1590 2958 1748 3012 nobis
1786 2966 1973 3011 osten—

391 3067 472 3120 dit
511 3081 573 3119 cx
607 3063 700 3118 illo
731 3059 931 3129 templo
970 3066 1174 3122 vetere,
1210 3053 1265 3108 in
1308 3067 1419 3124 quo
1447 3050 1655 3105 nefarie
1684 3049 1977 3102 rt-ntlentes

389 3152 844 3227 llagrllo‘expulit,
867 3148 1012 3219 quod
1037 3146 1306 3202 orationis
1327 3144 1577 3205 domum,
1596 3138 1980 3208 suiquel’atris

390 3250 612 3303 domum
650 3241 962 3312 appellavit.
1000 3258 1017 3289 ι
1050 3239 1116 3292 Et
1148 3252 1255 3292 non
1287 3237 1528 3296 sinebat,
1555 3235 1632 3286 ait
1654 3230 1891 3295 Marcus,
1922 3238 1980 3281 ut

392 3339 682 3407 quisquam
705 3332 1026 3386 transferret
1043 3344 1135 3382 vas
1162 3343 1257 3397 per
1283 3325 1567 3394 templum,
1611 3343 1630 3374 ι
1653 3323 1847 3391 quibus
1882 3335 1978 3374 nos

393 3430 583 3486 docuit
609 3426 1016 3480 venerationem
1041 3419 1238 3473 divinis
1258 3416 1474 3486 templis
1490 3416 1753 3469 debitam.
1786 3412 1979 3467 Crucis

395 3532 575 3578 autem
605 3520 834 3588 figuram
860 3518 1074 3585 signum
1105 3526 1264 3566 suum
1291 3511 1529 3573 vocarit,
1553 3517 1606 3562 ct
1631 3518 1754 3561 autc
1783 3508 1983 3559 adven-

398 3627 513 3669 tum
537 3628 698 3665 suum
725 3611 1083 3679 posteriorem
1106 3619 1225 3658 eam
1247 3602 1534 3657 videndam
1554 3616 1673 3656 esse
1695 3599 1936 3669 prtudixit
1965 3614 1978 3649 :

403 3725 421 3756 ι
462 3704 637 3767 Tune,
669 3700 866 3770 inquit,
913 3698 1195 3767 apparebit
1234 3695 1448 3764 signum
1488 3691 1611 3745 Filii
1655 3690 1889 3745 heminis
1928 3692 1978 3742 iu

398 3798 559 3860 caelo,
602 3814 621 3848 ι
659 3795 710 3848 id
747 3802 831 3847 est
876 3807 1033 3854 crux,
1063 3804 1227 3859 quam
1260 3785 1581 3856 imperatori
1616 3783 1980 3838 Constantino

399 3906 614 3946 sursum
641 3885 899 3951 ostendit,
928 3893 982 3938 et
1036 3883 1117 3938 sic
1160 3896 1286 3936 eum
1337 3878 1402 3933 ad
1446 3877 1606 3932 [idem
1631 3892 1785 3933 suam
1824 3876 1979 3945 quasi

401 3998 565 4037 manu
602 3978 878 4052 perduxit,
907 3990 1071 4046 quam
1106 3973 1271 4028 etiam
1297 3967 1463 4041 supra
1485 3968 1900 4025 Constantinum
1928 3969 1979 4020 in

401 4075 581 4129 media
648 4072 736 4126 die
791 4067 1134 4123 monstiavit.
1194 4065 1253 4120 lu
1316 4065 1418 4118 hac
1468 4076 1632 4117 crure
1679 4070 1732 4115 et
1780 4059 1982 4113 Paulus

399 4166 683 4237 glmiatur,
741 4176 1043 4230 omnesque
1104 4159 1279 4213 sancti
1345 4156 1439 4227 qui
1489 4171 1598 4209 non
1663 4154 1982 4224 spiritaliter

399 4269 634 4323 tantum,
659 4256 750 4313 sed
780 4264 835 4310 et
878 4252 1169 4309 visibiliter
1210 4265 1332 4305 eam
1376 4249 1670 4304 coluerunt
1692 4256 1744 4300 et
1774 4244 1984 4316 ample-

401 4352 511 4408 xati
541 4359 689 4406 sunt.
729 4348 956 4418 Ipseque
986 4345 1183 4400 Petrus
1220 4343 1368 4398 illam
1413 4340 1547 4411 pati,
1599 4339 1651 4394 id
1681 4348 1785 4404 est,
1831 4335 1978 4392 cruci

2072 1867 2266 1937 σμίους
2313 1867 2498 1930 ναοὺς,
2523 1866 2621 1926 τὰς
2653 1865 2803 1924 θείας
2825 1862 2921 1916 τοῦ
2956 1862 3122 1932 νόμου
3154 1864 3249 1916 καὶ
3287 1863 3403 1917 τῶν
3436 1878 3653 1933 προφηο

2068 1962 2177 2015 τῶν
2198 1961 2443 2032 Γραφὰς,
2471 1963 2600 2025 τοὺς
2631 1961 2881 2026 δικαίους
2913 1962 3128 2025 πάντας
3176 1961 3273 2016 καὶ
3333 1960 3643 2032 μάρτυρας,

2072 2055 2337 2124 ίερὰρχας
2371 2071 2430 2108 τε
2463 2055 2561 2108 καὶ
2590 2055 2772 2118 ὁσίους
2795 2070 2809 2085 θ
2841 2056 2937 2108 καὶ
2987 2053 3182 2117 ἁπλῶς
3227 2054 3308 2117 είς
3359 2053 3540 2107 πάντα
3580 2054 3650 2106 τὰ

2071 2147 2225 2214 am,
2262 2149 2403 2201 κατὰ
2434 2150 2525 2202 τὸν
2576 2151 2896 2218 ἀποστάτην
2933 2151 3114 2203 Σατὰν
3161 2149 3257 2203 καὶ
3301 2149 3431 2214 τοὺς
3459 2149 3650 2218 δαίμοι

2073 2258 2190 2305 νας,
2229 2242 2292 2311 τῇ
2344 2242 2535 2294 τθιύτου
2590 2243 2807 2312 κινήσει
2840 2242 2923 2304 είς
2996 2241 3090 2294 τὸν
3137 2240 3197 2295 ἒν
3235 2240 3429 2311 Τριάδι
3488 2240 3652 2310 μόνον

2072 2333 2224 2394 Θεὶν,
2264 2333 2359 2386 καὶ
2406 2332 2500 2386 τοῦ
2541 2333 2715 2402 Λόγου
2762 2333 2860 2404 τὴν
2926 2333 3227 2403 σάρκωσιν,
3293 2332 3390 2385 καὶ
3442 2330 3513 2386 τὰ
3557 2329 3651 2385 τοῦ

2073 2422 2210 2477 Θεοῦ
2278 2428 2455 2479 πάντα
2503 2424 2610 2478 είσὶ
2673 2424 3126 2495 βλασφημοῦντες
3173 2424 3224 2477 οἱ
3274 2424 3502 2494 μιαροί·
3557 2426 3656 2476 καὶ

2073 2513 2249 2568 ταῦτα
2275 2515 2369 2569 τοῦ
2394 2517 2650 2587 Σωτῆρος
2680 2516 2861 2587 ήμῶν,
2896 2517 2992 2570 καὶ
3049 2517 3160 2570 τῶν
3213 2516 3530 2570 ἀποστόλων
3558 2519 3652 2568 aia-

2074 2606 2168 2659 τοῦ
2201 2607 2646 2676 παραδεδωκότος
2677 2608 2861 2679 ἔργοις
2919 2609 3017 2661 καί⁵
3045 2608 3228 2676 λόγοις
3255 2608 3316 2662 τδ
3361 2608 3508 2661 θεῖον
3554 2608 3655 2677 βά-

2080 2717 2328 2768 πτισμα,
2357 2702 2453 2753 καὶ
2516 2702 2614 2767 τὴν
2648 2702 2882 2772 φρικτὴν
2928 2701 3019 2754 τοῦ
3052 2701 3299 2772 σώματος
3363 2700 3529 2755 αὐτοῦ
3562 2700 3655 2753 καὶ

2077 2792 2308 2859 αἵματος
2339 2792 2624 2845 κοινωνίαν
2652 2811 2709 2844 τε
2742 2797 2835 2845 καὶ
2865 2794 3207 2863 ἱερουργίαν,
3252 2796 3350 2847 καὶ
3379 2793 3447 2847 τὰ
3487 2793 3652 2847 λοιπὰ

2077 2883 2268 2938 τούτου
2322 2884 2440 2937 θεῖα
2495 2885 2807 2954 μυστήριασ
2873 2887 2968 2938 καὶ
3026 2885 3108 2938 ἔτι
3177 2887 3238 2939 οὺ
3297 2887 3395 2951 τὸ,
3462 2884 3657 2951 Πάτερ

2078 2974 2270 3041 ἡμῶν,
2328 2975 2510 3043 μόνον,
2544 2974 2679 3028 ἀλλὰ
2737 2976 2830 3029 καὶ
2868 2975 3060 3045 ἐτέρας
3095 2976 3426 3046 προσευχὰς,
3483 2975 3551 3027 δι’
3581 2969 3657 3027 ὧν

2082 3067 2179 3118 καὶ
2243 3067 2409 3129 αὐτὸς
2473 3066 2610 3136 πρὸς
2676 3066 2770 3119 τὸν
2843 3067 3066 3137 Πατέρα
3125 3067 3504 3142 προσηύχετο’
3560 3066 3660 3118 καὶ

2033 3151 2047 3171 ⁸
2081 3156 2142 3209 τι
2195 3156 2556 3226 ἀποδέχεσθαι
2584 3158 2652 3210 τὰ
2684 3156 2779 3211 τοῦ
2842 3158 3008 3229 νόμου
3044 3175 3101 3210 τε
3134 3159 3229 3212 καὶ
3282 3157 3393 3211 τῶν
3444 3173 3661 3227 προφη-

2084 3249 2214 3313 τῶν,
2264 3250 2425 3320 χάριν
2485 3250 2650 3303 αὑτοῦ
2709 3252 3190 3321 προαγορευθέντα
3254 3252 3344 3304 καὶ
3395 3250 3457 3303 τὸ
3510 3250 3663 3303 σέϐε-

2087 3340 2211 3394 σἿαι
2238 3341 2295 3393 δὲ
2323 3342 2446 3403 τοὺς
2478 3342 2658 3406 θείους
2713 3344 2896 3405 ναοὺς,
2954 3341 3065 3395 ἀπὸ
3109 3339 3204 3394 τοῦ
3267 3340 3418 3410 ἱεροῦ
3452 3340 3660 3394 ἐκείνου

2086 3432 2179 3485 τοῦ
2231 3432 2467 3485 παλαιοῦ
2498 3433 2657 3486 τοῦτο
2685 3433 3096 3498 ἀποδείξαντος,
3145 3432 3276 3486 ἔνθα
3310 3434 3437 3496 τοὺς
3470 3432 3665 3485 θεοκαο

2086 3525 2294 3590 πὴλους
2324 3525 2568 3587 ἐκείνους
2629 3524 2877 3589 ἐξεδίωξε
2906 3525 3244 3594 φραγγελίῳ,
3293 3525 3389 3577 καὶ
3420 3541 3662 3592 προσευι·

2088 3618 2190 3688 χῆς
2223 3612 2393 3680 οἷκον,
2429 3618 2526 3671 καὶ
2565 3617 2778 3688 Πατρὸς
2805 3616 2971 3671 αὐτοῦ
3005 3615 3156 3670 οἷκον
3179 3616 3371 3670 τοῦτον
3407 3617 3657 3671 ἐκάλεσε.

2091 3710 2203 3763 Καὶ
2226 3710 2325 3763 οὐκ
2369 3711 2524 3780 ἧφιε,
2551 3710 2737 3778 φησὶν,
2776 3710 2863 3762 ἴνα
2891 3727 2974 3773 τις
3009 3708 3202 3773 σκεῦος
3245 3709 3335 3761 διὰ
3385 3707 3478 3760 τοῦ
3511 3708 3663 3780 ἱεροῦ

2088 3802 2397 3873 εἰσενέγκῃ,
2425 3802 2522 3870 τὴν
2555 3802 2691 3871 προς
2729 3803 2854 3865 τοὺς
2884 3801 3058 3865 θείους
3110 3803 3271 3863 ναοὺς
3303 3801 3663 3872 ὀφειλομένην

2085 3891 2353 3945 διδάσκων
2390 3891 2701 3946 εὐλάϐειαν.
2729 3892 2840 3944 Καὶ
2870 3891 2961 3943 τὸν
2987 3892 3155 3944 τύπον
3181 3891 3236 3944 δὲ
3277 3890 3371 3943 τοῦ
3422 3891 3660 3958 σταυροῦ

2089 3985 2315 4053 σημεῖον
2383 3981 2580 4035 ἑαυτοῦ
2628 3981 2888 4036 ἐκάλεσεν
2919 3983 2947 4035 ὁ
3008 3982 3224 4052 Σωτὴρ,
3264 3980 3358 4034 καὶ
3415 3982 3524 4050 πρὸ
3562 3976 3662 4050 τῆς

2092 4075 2401 4146 παρουσίας
2421 4072 2589 4128 αὑτοῦ
2608 4075 2706 4144 τῆς
2728 4074 2989 4145 δευτέρας
3004 4076 3237 4145 φανῆναι
3258 4073 3662 4145 προηγόρευσε,

2086 4167 2209 4221 τότε
2240 4169 2571 4236 φανήσεται,
2608 4164 2801 4233 εἰπὼν,
2833 4166 2895 4222 τὺ
2941 4169 3171 4236 σημεῖον
3219 4164 3315 4220 τοῦ
3370 4163 3506 4219 Υίυῦ
3565 4165 3662 4219 τοῦ

2088 4258 2381 4330 ἀνθρώπου
2412 4260 2471 4311 ὲν
2521 4259 2600 4329 τῷ
2655 4257 2892 4330 οὐρανῷ,
2926 4262 2955 4313 ὁ
3008 4260 3238 4328 σταυρὸς
3297 4258 3564 4329 δηλονότι,
3606 4258 3667 4313 ὃν

2089 4353 2189 4407 καὶ
2242 4351 2320 4421 τῷ
2353 4353 2752 4425 Κωνσταντίνῳ
2798 4353 3011 4424 βασιλεῖ
3060 4353 3337 4420 ὑπέδειξεν
3391 4352 3526 4417 ἄνω,
3573 4353 3666 4407 καὶ

399 4441 543 4513 alIigi
568 4440 845 4510 cupiebat,
863 4435 1009 4506 quod
1028 4433 1330 4490 secundum
1353 4430 1655 4485 Salvatoris
1674 4426 1974 4496 pratilictio‘

2093 4441 2231 4512 πρὸς
2261 4443 2361 4511 τὴν
2381 4440 2549 4496 αὐτοῦ
2583 4443 2770 4497 πίστιν
2795 4441 3233 4515 ὲχειραγὼγησε,
3267 4445 3360 4498 xai
3389 4444 3481 4497 ἐπὶ
3513 4444 3670 4497 Κων-

399 4550 522 4590 ncm
551 4532 810 4597 obtinuit,
846 4544 1055 4585 necnon
1078 4527 1324 4580 Andreas
1345 4524 1462 4593 ejus
1478 4521 1664 4585 frater,
1697 4519 1989 4591 ceterique

400 4623 857 4695 omnesapostoli
891 4632 946 4675 et
978 4628 1246 4689 martyres
1269 4615 1363 4687 qui
1401 4615 1507 4670 hoc
1530 4615 1745 4686 signum
1785 4611 1989 4667 Christi

401 4719 640 4789 sigillum
685 4714 1052 4785 appellabant.
1099 4708 1409 4765 Tremenda
1443 4721 1572 4763 vero
1619 4714 1674 4760 et
1707 4704 1988 4763 salutifera

400 4810 774 4874 divinitusque
795 4806 917 4859 data
935 4802 1191 4873 mysteria
1216 4799 1421 4855 Paulus
1443 4797 1668 4853 tradidit
1685 4812 1807 4868 qua:
1825 4800 1943 4867 ipse
1961 4811 1989 4850 a

400 4903 633 4959 Domino
660 4898 889 4967 accepit.
908 4896 1171 4950 Dominus
1203 4894 1369 4947 etiam
1394 4908 1499 4948 non
1527 4891 1870 4947 solummodo
1894 4904 1993 4944 nos

400 5010 561 5052 orare
589 4991 773 5047 docuit
797 4988 1054 5052 dicendo,
1077 4984 1240 5040 l’ater
1268 4992 1464 5051 noster,
1489 4983 1582 5037 sed
1616 4993 1672 5036 et
1699 4980 1835 5035 alias
1856 4992 1994 5050 quas

403 5090 506 5161 ipsi
532 5086 784 5144 dedecori
807 5082 1028 5147 habent,
1066 5094 1256 5150 preces
1288 5076 1570 5140 iudicarit,
1596 5075 1746 5128 verbi
1773 5073 1943 5143 gratia
1976 5088 1989 5125 :

409 5201 428 5235 ι
455 5180 619 5246 Deus,
637 5174 909 5248 propitius
934 5182 1052 5228 esto
1081 5170 1213 5225 mibi
1244 5167 1542 5240 peccaturi,
1580 5172 1731 5235 i‘quo
1755 5163 1995 5219 salvatus

402 5283 487 5331 est
506 5272 833 5328 Publieanns
855 5286 870 5336 ;
895 5279 982 5323 et:
1014 5285 1031 5319 ι
1063 5264 1287 5321 Peccavi
1309 5264 1362 5316 in
1379 5262 1578 5317 caalum
1600 5268 1853 5314 eteoram
1877 5264 1988 5322 te,»

404 5377 459 5424 et
513 5367 756 5421 salvatus
794 5370 878 5418 est
910 5361 1055 5416 ﬁlius
1096 5357 1381 5430 prodigus,
1417 5355 1619 5424 quippe
1655 5352 1820 5422 hujus
1844 5339 1995 5404 verbi

405 5460 578 5532 gratia
615 5468 901 5527 susceptus
926 5460 1158 5525 estpost
1204 5447 1621 5505 conversionem
1636 5454 1688 5498 et
1737 5442 1995 5497 reditum.

405 5552 475 5607 Et.
506 5570 520 5606 :
547 5569 567 5604 ι
595 5549 864 5605 Memento
890 5548 1019 5612 mei,
1048 5544 1444 5609 Domine,cuin
1467 5538 1678 5595 veneris
1696 5538 1750 5591 iu
1770 5548 1996 5605 regnum

407 5654 580 5709 tuum,
607 5661 625 5696 ›
650 5653 868 5713 propter
883 5639 1029 5710 quod
1049 5639 1188 5693 latro
1210 5635 1529 5707 paradisum
1554 5629 1785 5701 accepit.
1841 5626 2000 5683 Insu-

409 5751 504 5809 per
526 5744 710 5807 petere
732 5735 995 5791 debemus
1018 5732 1072 5786 iu
1097 5727 1555 5813 nomineClu-isti,
1581 5724 1724 5794 quod
1752 5723 1868 5793 ipse
1895 5721 1994 5777 do-

2097 4532 2376 4586 σταντίνου
2417 4533 2476 4585 ὲν
2510 4533 2727 4605 οὐρανῷ
2761 4535 2820 4586 ὲν
2865 4534 3009 4606 μέσῃ
3071 4534 3271 4597 ἔδειξεν
3328 4534 3535 4606 ἡμέρᾳ,
3578 4534 3670 4587 Ἐν

2094 4625 2273 4695 τούτῳ
2332 4624 2391 4677 δὲ
2420 4625 2498 4695 τῷ
2542 4624 2762 4697 σταυρῷ
2812 4624 2909 4679 καὶ
2952 4624 3183 4697 ᾘΠαῦλος
3234 4626 3525 4698 καυχᾶται,
3575 4627 3672 4679 καί

2093 4718 2297 4780 πάντες
2328 4718 2496 4785 ἆγιοι,
2522 4716 2583 4771 οὐ
2618 4716 2826 4787 νοητῶς
2849 4717 3039 4786 μόνον,
3073 4716 3211 4772 ἀλλὰ
3242 4719 3336 4772 καὶ
3386 4718 3666 4791 αἰσθητῶς

2093 4809 2260 4861 αὐτὸν
2279 4808 2552 4877 τιμῶντες
2581 4809 2676 4862 καὶ
2702 4808 3118 4880 ἀσπαζόμενον
3172 4811 3269 4863 καί
3310 4810 3517 4882 Πέτρος
3574 4809 3671 4862 αὐ-

2094 4899 2209 4963 τὸς,
2238 4898 2399 4952 τοῦτο
2424 4899 2663 4970 ζητήσας
2694 4899 2907 4965 παθεῖν,
2972 4902 3032 4954 τὸ
3067 4902 3477 4972 σταυρωθῆναι,
3506 4902 3534 4954 ὃ
3573 4904 3670 4955 καὶ

2099 4990 2256 5060 παρὰ
2280 4991 2374 5046 τοῦ
2428 4994 2681 5063 Σωτῆρος
2712 4993 3120 5066 προαγόρευσιν
3161 4995 3352 5065 εῐληφε
3380 5011 3395 5025 ’
3422 4996 3518 5048 καὶ
3550 4995 3672 5047 ’Λν-

2096 5084 2258 5156 δρέας
2309 5087 2334 5137 ὁ
2365 5084 2557 5138 τούτου
2614 5084 2864 5162 ἁδελφὸς,
2907 5086 2998 5139 καὶ
3056 5085 3296 5139 πλεῖστοι
3353 5085 3503 5140 ἄλλοι
3564 5087 3675 5139 τῶν

2100 5176 2420 5229 ἀποστόλων
2446 5177 2543 5229 καὶ
2567 5176 2884 5246 μαρτύρων.
2939 5179 3049 5231 Καὶ
3109 5178 3382 5248 σφραγῖδα
3432 5178 3675 5247 Χριστοῦ

2099 5267 2196 5319 καὶ
2228 5269 2452 5336 σημεῖον
2485 5268 2677 5321 τοῦτον
2730 5268 3041 5338 ὠνόμαζον.
3078 5269 3162 5323 Τὰ
3223 5270 3428 5341 φρικτὰ
3462 5269 3520 5323 δὲ
3579 5269 3679 5322 καὶ

2101 5357 2346 5427 σωτήρια
2408 5359 2500 5410 καὶ
2543 5355 2917 5425 θεοπαράδοτα
2980 5360 3259 5430 μυστήρια
3306 5362 3404 5414 καὶ
3461 5357 3681 5422 Παῦλος

2103 5451 2422 5520 παρέδωκεν
2455 5450 2618 5514 αὐτὸς
2644 5450 2824 5504 λαϐὼν
2846 5451 2957 5505 ἀπὸ
2985 5451 3081 5504 τοῦ
3111 5453 3341 5523 Κυρίου.
3386 5451 3446 5505 '0
3468 5451 3679 5521 Κύριος

2100 5544 2158 5598 δὲ
2205 5542 2280 5613 μὴ
2313 5542 2476 5612 μόνον
2499 5542 2905 5613 προσεῦχεσθαι
2928 5544 3032 5614 τὴν
3065 5542 3185 5611 τοῦ,
3217 5562 3236 5595 ι
3268 5543 3454 5615 Πάτερ
3494 5544 3677 5615 ήμῶν,

2099 5638 2129 5689 ὁ
2158 5636 2216 5687 ὲν
2237 5638 2348 5697 τοῖς
2374 5636 2645 5706 οὐρανοῖς,
2677 5655 2695 5687 ι
2721 5635 3005 5707 παρέδωκε
3032 5636 3138 5706 16
3180 5637 3516 5708 προσευχὴν,
3542 5636 3684 5709 ἀλλὰ

2104 5727 2197 5777 κα)⁵
2239 5723 2451 5793 ἑτέρας,
2498 5723 2564 5788 ἃς
2624 5725 2778 5778 αὐτοὶ
2839 5725 3254 5796 ἀτιμάζουσινι-
3293 5725 3370 5788 ὡς
3423 5725 3512 5799 τὸ,
3545 5743 3565 5779 ι
3619 5723 3683 5780 '0
