4050 6266
388 323 457 386 69
1444 325 1721 389 DIALOG
1733 327 1828 387 US
1861 327 2161 389 CONTRA
2195 329 2586 394 lMiRESES.
3578 347 3649 407 70

387 437 541 498 Θεὸς,
577 420 837 504 ἱλάσθητί
858 454 947 506 μοι
984 437 1061 508 τῷ
1103 439 1435 511 ἁμαρτωλῷ,
1486 460 1505 492 ι
1535 442 1602 495 δι’
1659 441 1721 494 οὗ
1774 443 1958 511 ἐσώθη

2066 446 2180 500 cuit
2202 447 2253 502 in
2279 457 2392 503 toto
2414 448 2710 520 Evangelia
2735 467 2749 517 ;
2775 467 2958 507 verum
2980 464 3262 524 precantes
3287 469 3409 510 cum
3428 456 3525 510 ﬁde
3559 474 3652 527 pe-

385 526 623 592 τελὼνης
648 544 662 558 ·
697 528 790 581 καὶ
810 529 892 593 τὸ,
937 548 955 582 t
995 530 1282 601 Ἥμαρτον
1338 535 1418 598 εἰς
1453 535 1542 586 τὸν
1583 534 1812 604 οὐρανὸν
1862 537 1958 588 καὶ

384 615 613 672 ἐνώπιόν
642 637 758 683 σου,
809 640 826 672 ι
864 620 932 674 δι’
966 621 1026 674 οῦ
1071 622 1250 694 ἐσώθη
1281 627 1309 677 ὁ
1343 624 1554 688 ἄσωτος
1578 643 1594 657 ο
1629 626 1794 697 χάριν
1859 628 1958 697 τῆς

389 711 570 776 φωνῆς
611 710 814 780 ταύτης
844 713 952 782 γὰρ
975 715 1314 784 προσεδέχθη
1347 716 1488 786 μετὰ
1515 719 1848 788 ἐπιστροφῆς
1897 735 1955 769 τε

387 801 484 854 καὶ
509 802 926 865 ταπεινώσεως*
972 807 1068 858 καὶ
1101 806 1183 871 τὸ,
1225 825 1244 858 t
1290 809 1577 878 Μνήσθητί
1605 827 1727 878 μου,
1761 810 1957 880 Κύριε,

385 893 513 946 ὅταν
543 894 700 964 ἔλθῃς
729 899 786 949 ὲν
822 899 887 967 τῇ
919 897 1166 969 βασιλεία
1223 915 1341 962 σου,
1379 918 1398 951 ι
1438 900 1505 952 δι’
1534 893 1595 952 οῦ
1653 900 1682 951 ὁ
1737 901 1948 971 λῃστὴς

385 986 478 1037 τὸν
512 988 844 1056 παράδεισον
870 989 1032 1042 ἔλαϐε
1057 1009 1068 1021 ·
1101 993 1196 1044 καὶ
1225 991 1285 1044 τὸ
1339 991 1610 1044 αἰτεῖσθαι
1668 991 1724 1044 δὲ
1773 993 1831 1042 ἐν
1884 991 1961 1060 τῷ

386 1077 611 1145 ὺνόματι
633 1079 727 1132 τοῦ
745 1079 1019 1150 Χριστοῦ,
1047 1081 1184 1151 ὅπερ
1210 1083 1371 1145 αὐτὸς
1403 1083 1470 1136 δι’
1493 1083 1616 1136 ὅλου
1642 1082 1736 1135 τοῦ
1775 1081 1957 1151 Εὐαγ-

386 1169 569 1237 γελίου
603 1171 847 1237 ἐδίδαξεο
900 1174 996 1226 καὶ
1056 1173 1116 1226 τὸ
1165 1173 1636 1243 προσευχομένους
1684 1173 1957 1226 αἰτεῖσθαι

389 1261 526 1326 μετὰ
562 1264 798 1325 πίστεως
852 1265 944 1316 καὶ
997 1263 1299 1333 λαμϐάνειν
1328 1280 1340 1294 ·
1404 1264 1500 1317 καὶ
1540 1264 1703 1317 αὐτοῦ
1758 1264 1823 1334 δὴ
1864 1263 1957 1317 τοῦ

385 1352 625 1421 Χριστοῦ
659 1354 888 1408 πλεῖστα
914 1357 1012 1409 καὶ
1041 1355 1147 1424 πρὸ
1173 1357 1272 1426 τῆς
1316 1355 1616 1426 Διαθήκης,
1663 1357 1756 1409 καὶ
1787 1358 1842 1408 ἐν
1889 1360 1956 1428 τῇ

385 1446 629 1518 Διαθήκῃ
659 1447 1130 1517 προσευξαειένου,
1178 1449 1274 1502 καὶ
1305 1449 1577 1501 αἰτεῖσθαι
1613 1450 1706 1502 καὶ
1741 1448 1955 1514 λαμϐά-

383 1555 498 1590 νειν
529 1540 673 1608 ἡμᾶς
709 1539 1149 1609 ἐγγυησαμένου,
1182 1541 1276 1594 καὶ
1305 1543 1480 1594 πάντα
1508 1542 1605 1593 ὅσα
1665 1541 1731 1594 ἂν
1783 1543 1841 1594 ἐν
1891 1543 1954 1610 τῇ

383 1634 658 1701 προσευχῇ
714 1631 1015 1702 αἰτώμεθα,
1063 1636 1415 1696 πιστεύοντας
1465 1634 1762 1703 λαμΰὰνειν
1809 1633 1957 1686 διδά-

386 1719 574 1784 ξαντος
599 1739 611 1752 ·
637 1721 734 1774 καὶ
791 1724 898 1776 τῶν
939 1724 1256 1777 ἀποστόλων
1301 1725 1459 1777 τοῦτο
1506 1726 1953 1796 διενεργούντων,

385 1816 478 1864 καὶ
531 1815 591 1865 ού
660 1813 822 1883 μόνον
876 1814 959 1881 τὸ,
1000 1816 1189 1884 Πάτερ
1248 1816 1436 1885 ἡμῶν,
1488 1819 1958 1887 προσευχομένων,

383 1906 518 1959 ἀλλὰ
551 1908 640 1959 καὶ
679 1907 879 1974 μυρίας
905 1909 1073 1970 ἄλλας
1100 1909 1283 1977 εὐχὰς,
1353 1909 1427 1970 ὡς
1469 1910 1565 1961 καὶ
1624 1909 1683 1960 ὲν
1735 1910 1808 1977 τῇ
1864 1908 1956 1961 τοῦ

383 1999 628 2052 Ματθίου
662 2001 860 2069 ἐκλογῇ
922 2001 1216 2057 δείκνυται.
1265 2001 1374 2053 Καὶ
1405 2003 1463 2054 ὲν
1510 2002 1585 2072 τῷ
1618 2003 1959 2072 ὑποστρέψαι

385 2091 511 2154 τοὺς
537 2093 872 2154 ἀποστόλους
901 2092 1166 2162 δαρέντας
1193 2092 1298 2146 ὑπὸ
1322 2095 1425 2145 τῶν
1457 2093 1758 2160 Ἰουδαίων,
1788 2097 1874 2149 ὅτε
1895 2098 1954 2148 οῦ

386 2182 465 2244 τὸ,
505 2183 697 2250 Πάτερ
745 2183 948 2253 ἡμῶν,
995 2183 1401 2253 προσεύξασθαι
1454 2185 1782 2251 δείκνυνται,
1843 2188 1956 2239 ἀλλ’

383 2272 579 2343 ἑτέραν
637 2275 702 2342 ἢν
737 2273 1012 2342 γράφουσι
1076 2275 1386 2344 προσευχὴν
1442 2274 1500 2326 αἱ
1547 2273 1803 2342 Πράξεις,
1862 2275 1956 2327 καὶ

384 2364 737 2434 ἐπλήσθησαν
767 2366 926 2432 ἁγίου
953 2366 1297 2434 Πνεύματος,
1335 2366 1431 2420 καὶ
1483 2365 1752 2432 ἐσαλεύθη
1803 2367 1830 2416 ὁ
1862 2365 1953 2416 τό-

387 2473 489 2519 πος
514 2459 574 2510 ἑν
609 2451 762 2526 ᾧπερ
808 2458 1159 2528 εἱστήκεσαν,
1213 2459 1309 2511 καὶ
1359 2458 1438 2510 ἔτι
1488 2457 1747 2519 πλείστας
1789 2457 1955 2520 ἄλλας

386 2550 698 2620 προσευχὰς
728 2553 1100 2622 πεποιήκεσαν
1116 2545 1265 2604 οὗτοι
1291 2567 1304 2582 ·
1328 2552 1420 2604 καὶ
1444 2550 1504 2602 τὸ
1536 2552 1624 2602 διὰ
1643 2549 1736 2602 τοῦ
1763 2550 1960 2620 ὀνόμα-

384 2655 473 2700 τος
512 2638 568 2690 δὲ
597 2637 690 2691 τοῦ
717 2641 921 2711 Κυρίου
952 2640 1109 2710 ἡμῶν
1137 2641 1314 2707 Ἰησοῦ
1343 2641 1440 2702 τὰς
1461 2639 1790 2709 θεοσημείας
1819 2641 1956 2709 μᾶλ-

385 2729 686 2793 λοναύτοὺς
715 2734 976 2800 ἐνεργεῖν·
999 2732 1091 2785 καὶ
1137 2733 1230 2786 τοῦ
1255 2733 1457 2802 Κυρίου
1497 2732 1560 2785 οῦ
1604 2732 1762 2800 μόνον
1796 2748 1965 2802 προσ-
1999 2752 2002 2754 ν

2070 546 2276 606 tamus,
2293 548 2347 594 et
2370 543 2703 612 accipiemus
2730 561 2744 609 ;
2769 560 2891 598 nam
2918 545 3169 602 Christus
3193 545 3307 616 ipse
3326 548 3478 615 plura
3500 551 3649 618 prius

2065 647 2224 701 quam
2247 633 2653 689 Testamentum
2683 648 2860 692 morte
2882 640 3124 694 ﬁrmaret
3150 651 3202 695 et
3229 642 3280 694 in
3313 641 3430 710 ipsa
3456 643 3650 696 mortis

2067 721 2202 776 liora
2235 723 2414 790 petiit,
2445 731 2500 778 et
2531 740 2630 780 nos
2659 738 2978 797 accepturos
2999 732 3271 798 promisit,
3298 733 3460 786 modo
3483 734 3654 801 petie-

2063 812 2256 877 rimus,
2274 814 2567 883 omniaque
2586 831 2922 887 quaacunque
2965 821 3018 872 in
3043 821 3289 874 oratione
3307 822 3648 891 petierimus,

2065 915 2164 956 nos
2183 904 2468 960 credentes
2488 916 2808 975 accepturos
2831 910 3038 965 docuit.
3061 911 3216 977 Quod
3239 914 3470 981 apostoli
3517 930 3655 983 quo-

2063 1007 2168 1061 que
2191 992 2456 1061 fecerunt,
2481 997 2574 1065 qui
2600 1014 2704 1052 non
2732 1009 2938 1055 tantum
2963 1001 3124 1056 Pater
3155 1014 3334 1058 noster
3364 1015 3650 1074 precantes

2063 1083 2345 1149 dixerunt,
2370 1087 2464 1141 sed
2489 1098 2544 1142 et
2570 1101 2856 1147 sexcentas
2887 1109 3078 1162 preces
3103 1095 3260 1156 alias.
3283 1105 3446 1165 prout
3494 1112 3651 1151 mon-

2063 1183 2292 1229 stratum
2315 1177 2368 1230 in
2389 1178 2651 1232 electione
2670 1181 2924 1248 Matthiae,
2953 1187 3034 1238 vel
3050 1186 3212 1239 etiam
3231 1188 3448 1255 quando
3468 1203 3652 1242 rever-

2064 1267 2108 1322 si
2125 1277 2249 1322 sunt
2276 1271 2505 1338 apostoli
2528 1273 2984 1343 aJudaeispressi;
3005 1286 3116 1330 tum
3131 1279 3274 1331 enim
3298 1280 3554 1345 scriptum
3570 1290 3654 1334 est

2062 1375 2156 1416 eos
2183 1363 2448 1428 oravisse,
2481 1380 2587 1420 non
2616 1366 2847 1420 dicendo
2869 1369 3110 1436 quidem,
3139 1368 3300 1422 Pater
3318 1380 3518 1434 noster,
3555 1369 3650 1424 sed

2063 1450 2223 1504 aliam
2248 1453 2551 1508 orationem
2571 1472 2734 1526 quam
2755 1457 2998 1512 referunt
3019 1459 3208 1525 Actus,
3232 1471 3284 1514 et
3312 1462 3498 1528 repleti
3520 1472 3651 1514 sunt

2065 1539 2275 1609 Spiritu
2299 1554 2510 1608 sancto,
2531 1555 2585 1600 et
2603 1552 2929 1602 contremuit
2946 1550 3141 1604 domus
3167 1551 3217 1604 in
3239 1567 3402 1618 quam
3419 1539 3649 1620 ingressi

2062 1631 2626 1708 fuerant,multasqnc
2657 1641 2836 1695 adhuc
2866 1643 3001 1696 alias
3031 1643 3115 1696 isti
3157 1641 3404 1697 fecerunt
3451 1645 3653 1698 oratio-

2065 1739 2183 1779 nes.
2213 1725 2482 1782 Praetcrea
2513 1731 2563 1782 in
2590 1731 2813 1785 nomine
2853 1731 2980 1787 Jesu
3023 1734 3237 1787 Domini
3265 1736 3435 1788 nostri
3464 1735 3648 1789 divina

2068 1819 2240 1888 magis
2275 1821 2379 1888 ipsi
2433 1822 2638 1890 operati
2695 1832 2824 1876 sunt
2878 1825 3186 1891 miracula;
3225 1834 3280 1879 et
3334 1841 3441 1880 non
3471 1828 3648 1880 solum

2069 1907 2330 1964 Dominus
2363 1926 2551 1980 preces
2589 1913 2927 1982 hymnosque
2971 1915 3187 1969 tradidit
3224 1933 3242 1979 ;
3277 1920 3535 1984 scr;ptunt
3566 1926 3650 1970 est

2064 2003 2208 2056 enim
2245 2003 2298 2056 in
2340 2003 2634 2072 Evangelio
2682 2023 2697 2058 :
2741 2022 2758 2054 ι
2799 2006 2861 2058 Ει
2915 2007 3115 2075 hymno
3175 2007 3342 2070 dicto,
3401 2008 3650 2058 exierunt

2072 2094 2126 2148 in
2155 2105 2394 2149 montem
2418 2095 2698 2150 Olivarnm
2725 2114 2741 2164 ;
2783 2116 2800 2146 ι
2835 2097 2927 2151 sed
2959 2098 3059 2165 ipsi
3091 2097 3264 2166 angeli
3296 2105 3348 2150 et
3405 2105 3653 2166 pastores

2063 2185 2166 2242 hoc
2228 2187 2595 2242 exliibuerunt
2626 2189 2677 2242 in
2711 2189 2993 2244 nativitate
3051 2189 3348 2242 Salvatoris
3403 2188 3646 2252 Christi;

2062 2278 2241 2346 angeli
2305 2278 2544 2348 quidem,
2580 2293 2702 2334 cum
2766 2279 3121 2332 cecinerunt:
3160 2295 3179 2328 ι
3213 2277 3396 2331 Gloria
3453 2278 3504 2330 in
3558 2293 3653 2331 ex-

2070 2369 2231 2424 celsis
2253 2367 2394 2434 Deo;
2430 2386 2450 2419 ›
2486 2378 2732 2436 pastores
2753 2377 2932 2422 autem
2962 2366 3328 2437 gloriﬁcantes
3349 2377 3398 2420 et
3427 2366 3655 2421 laudan-

2067 2469 2147 2515 tes
2175 2461 2341 2515 Deum
2363 2461 2414 2513 in
2434 2461 2689 2515 omnibus
2707 2475 2828 2528 qua:
2845 2459 3132 2513 audierant
3149 2469 3200 2514 et
3217 2460 3460 2513 viderant
3483 2475 3498 2523 ;
3523 2473 3653 2528 apo-

2067 2551 2192 2605 stoli
2216 2567 2344 2605 vero
2367 2551 2436 2604 ita
2465 2551 2710 2604 fecerunt
2735 2559 2859 2620 post
2883 2553 3276 2606 Ascensionem
3328 2551 3561 2613 Domini,
3594 2560 3652 2602 ut

2067 2645 2331 2712 scriptum
2361 2649 2443 2696 est
2474 2641 2526 2695 in
2568 2640 2901 2710 Evangelia:
2940 2661 2956 2693 ι
2988 2640 3176 2705 Erant,
3210 2641 3406 2708 inquit,
3438 2652 3654 2706 semper

2073 2734 2126 2787 in
2157 2732 2375 2801 templo,
2406 2732 2687 2787 laudantes
2703 2741 2758 2786 et
2781 2731 3161 2786 benedicentes
3191 2730 3356 2784 Deum
3369 2723 3647 2810 Limen...

385 2826 551 2896 ευχὰς
593 2829 689 2882 καὶ
741 2828 944 2899 ὕμνους
978 2832 1442 2901 παραδεδωκότος,
1496 2849 1514 2881 ι
1558 2831 1926 2900 Ύμνήσαντες
1951 2849 1971 2883 a
2009 2832 2138 2901 γὰρ,
2165 2831 2330 2899 φησὶν
2357 2831 2414 2883 ἐν
2437 2830 2514 2899 τῷ
2546 2828 2882 2898 Εὐαγγελίῳ,
2912 2847 2933 2879 ί
2961 2827 3184 2898 ἐξῆλθον
3205 2829 3284 2890 εἰς
3307 2827 3367 2880 τὸ
3395 2828 3516 2897 ὅρος
3537 2825 3648 2879 τῶν

385 2919 638 2983 Ἐλαιῶν,
671 2939 688 2972 ι
717 2922 849 2976 ἀλλὰ
873 2923 928 2976 δὲ
958 2924 1179 2978 καὶτῶν
1200 2924 1448 2991 ἀγγέλων
1483 2922 1578 2975 καὶ
1609 2925 1883 2986 ποιμένων
1916 2923 2074 2977 τοῦτο
2093 2922 2529 2994 παραδειξάντων
2544 2924 2600 2974 ὲν
2628 2925 2694 2992 τῇ
2719 2923 2971 2988 γεννήσει
2992 2920 3084 2974 τοῦ
3109 2921 3358 2991 Σωτῆρος
3389 2919 3650 2991 Χριστοῦ,

387 3011 634 3082 ἀγγέλων
660 3015 760 3084 μὲν
782 3015 862 3080 τὸ,
886 3033 905 3066 t
933 3015 1069 3079 Δόξα
1093 3017 1150 3068 ἐν
1175 3016 1418 3086 ὑψίστοις
1445 3015 1584 3084 Θεῷ,
1620 3035 1639 3068 ι
1667 3015 2112 3085 δοξολογούντων,
2134 3016 2406 3086 ποιμένων
2424 3015 2480 3067 δὲ
2501 3015 2793 3068 αἰνούντων
2814 3015 2909 3066 καὶ
2927 3013 3259 3078 δοξαζόντων
3288 3015 3380 3066 τὸν
3401 3015 3532 3066 Θεὸν
3556 3016 3651 3066 ἐπὶ

389 3112 552 3162 πᾶσιν
582 3103 664 3170 οἷς
694 3110 939 3180 ἥκουσαν
967 3108 1061 3160 καὶ
1083 3103 1225 3160 εἶδον
1246 3122 1260 3136 ·
1295 3107 1388 3159 καὶ
1426 3107 1531 3160 τῶν
1557 3107 1874 3160 ἀποστόλων
1902 3106 2059 3160 τοῦτο
2089 3106 2386 3160 ποιούντων
2408 3106 2544 3174 μετὰ
2573 3106 2670 3176 τὴν
2705 3106 2974 3174 ἀνάληψιν
2999 3106 3096 3158 τοῦ
3127 3107 3352 3176 Κυρίου,
3387 3109 3463 3169 ὡς
3487 3111 3543 3162 ὲν
3569 3109 3651 3180 τῷ

391 3201 715 3271 Εὖαγγελίῳ
747 3202 1079 3270 γέγραπται·
1109 3217 1127 3250 t
1160 3199 1285 3252 Ὅτι
1310 3207 1404 3252 καὶ
1430 3194 1571 3268 ἦσαν
1604 3199 1694 3254 διὰ
1717 3199 1917 3263 παντὸς
1939 3201 1999 3253 ἐν
2021 3198 2100 3268 τῷ
2128 3198 2278 3268 ἱερῷ,
2307 3196 2585 3259 αἰνοῦντες
2607 3198 2698 3248 καὶ
2723 3196 3074 3264 εὐλογοῦντες
3095 3198 3186 3250 τὸν
3205 3196 3363 3250 Θεόν.
3390 3198 3446 3251 Ἀ
3459 3201 3589 3268 μήν.
3625 3239 3647 3270 ,

481 3290 642 3350 Οὗτοι
715 3293 808 3347 οῦν
892 3295 1072 3356 πάσας
1145 3293 1244 3356 τὰς
1334 3283 1663 3364 προσευχὰς⁵
1726 3293 2031 3357 ταύτας,(;

390 3389 482 3441 καὶ
525 3389 651 3448 τοῦς
682 3385 858 3447 θείους
886 3384 1234 3438 ἀποσείονται
1299 3382 1522 3453 ῦμνους.
1590 3387 1700 3438 Καὶ
1734 3384 1811 3450 τὸ,
1847 3384 1965 3437 Πάο

389 3495 487 3545 τερ
541 3475 735 3546 ἡμῶν,
792 3477 953 3546 μόνον
1010 3477 1089 3538 είς
1151 3475 1408 3544 ἀθέτησιν
1467 3477 1575 3528 τῶν
1621 3477 1796 3530 ἄλλων
1875 3476 1964 3528 δέ-

386 3588 573 3639 χονται
602 3570 784 3639 δῆθεν.
839 3569 1000 3621 Ἀλλὰ
1050 3568 1144 3622 καὶ
1196 3569 1306 3621 τῶν
1373 3570 1668 3640 προφητῶν
1719 3569 1811 3620 καὶ
1867 3567 1962 3620 τοῦ

384 3661 669 3721 Μωῦσὲως
698 3661 824 3723 τοὺς
862 3659 1080 3721 ἐνθέους
1121 3658 1333 3724 λόγους,
1374 3658 1584 3712 καὶτοῦ
1621 3659 1785 3712 Δα6“ιδ
1827 3659 1956 3722 τοὺς

386 3753 682 3822 πανιέρους
729 3750 980 3821 ψαλμοὺς
1042 3751 1448 3820 ἀποδεχομένου
1505 3749 1597 3805 τοῦ
1670 3753 1959 3821 Σωτῆρος,

389 3844 450 3893 ἐν
484 3842 567 3911 τῷ
597 3841 776 3909 λέγειν
808 3841 867 3893 τὸ
899 3841 1039 3909 ἱερὸν
1066 3840 1402 3907 Εὐαγγέλιον
1455 3843 1584 3911 περὶ
1629 3842 1793 3894 αὐτοῦ
1816 3882 1832 3907 ,
1881 3845 1963 3895 ὅτι

392 3948 410 3981 ι
455 3932 566 3983 Καὶ
589 3930 895 3999 ἀρξάμενος
955 3930 1063 3982 ἀπὸ
1102 3931 1386 3993 Μωῦσέως
1430 3932 1525 3984 καὶ
1565 3931 1674 3984 ἀπὸ
1739 3929 1960 3986 πάντων

381 4021 499 4074 τῶν
541 4023 862 4092 προφητῶν,
887 4023 1256 4092 διηρμήνευεν
1305 4023 1486 4086 αὐτοῖς
1510 4024 1568 4074 ὲν
1597 4025 1804 4085 πάσαις
1836 4026 1958 4080 ταῖς

387 4115 635 4185 Γραφαῖς
692 4115 762 4168 τὰ
810 4115 941 4183 περ)⁵
974 4114 1208 4168 ἑαυτοῦ·
1255 4134 1273 4167 ι
1329 4116 1424 4169 καὶ
1458 4115 1626 4168 αὑτοῦ
1687 4115 1960 4182 λέγοντος,

393 4226 413 4258 ι
438 4199 602 4261 Οὗτοι
641 4207 690 4259 οἱ
717 4207 865 4276 λόγοι
897 4205 992 4268 οὒς
1021 4205 1260 4275 ἐλάλησα
1291 4209 1426 4277 πρὸς
1454 4207 1598 4276 ὑμᾶς
1627 4206 1708 4259 ἔτι
1739 4206 1813 4258 ὢν
1855 4208 1956 4258 σῦν

325 4307 328 4309 ‘
388 4298 551 4367 rip-Iv;
572 4298 654 4350 ὅτι
675 4297 756 4349 δεῖ
780 4295 1139 4367 πληρωθῆναι
1173 4295 1355 4350 πάντα
1385 4297 1453 4348 τὰ
1499 4296 1864 4364 γεγραμμένα
1901 4296 1960 4347 ἐν

383 4389 464 4459 τῷ
494 4390 643 4460 νόμῳ
681 4390 925 4450 Μωσέως
957 4389 1052 4441 καὶ
1083 4390 1395 4458 προφήταις
1429 4389 1524 4440 καὶ
1571 4387 1804 4456 ψαλμοῖς
1831 4385 1961 4456 περὶ

384 4482 546 4551 ἐμοῦ,
589 4499 608 4532 ι
643 4475 792 4534 οὗτοι
863 4480 1076 4544 ἀσεϐῶς
1126 4478 1376 4531 ἀθετοῦσι
1424 4477 1636 4531 ταῦτα·
1685 4477 1779 4532 καὶ
1831 4481 1961 4548 περὶ

386 4576 497 4630 τῶν
550 4575 724 4644 ἁγίων
779 4575 1202 4643 εἰκονισμάτων,
1258 4573 1319 4626 ού
1357 4573 1448 4626 τοῦ
1509 4574 1757 4637 Μωσέως
1795 4574 1959 4640 μόνον

388 4669 854 4739 νομοθετήσαντος
911 4668 1179 4737 τιμᾶσθαι
1257 4665 1430 4719 ταῦτα
1483 4667 1572 4720 διὰ.
1621 4666 1730 4720 τῶν
1781 4669 1838 4718 ὲν
1895 4670 1959 4738 τῇ

391 4765 566 4834 σκηνῇ
593 4763 685 4816 καὶ
715 4764 784 4832 τῇ
808 4760 1032 4830 κιϐωτῴ
1071 4759 1342 4830 οὐρανίων
1407 4760 1834 4829 ὲκμιμημάτων,
1884 4762 1965 4822 εἰς

387 4857 561 4909 τύπον
586 4855 694 4923 γάρ
714 4851 857 4925 ἦσαν
906 4855 1090 4906 ἐκεῖνα
1119 4853 1212 4906 τοῦ
1251 4851 1510 4922 ούρανοῦ,
1546 4852 1685 4906 ἀλλὰ
1735 4853 1830 4904 καὶ
1877 4853 1966 4906 διὰ

390 4949 500 4999 τῶν
536 4946 789 5013 γλυπτῶν
830 4947 940 4996 τῶν
989 4945 1192 4996 ἐπάνω.
1219 4945 1318 5014 τῆς
1358 4943 1599 4996 κιϐωτοῦ
1656 4944 1923 5012 χερουϐίμ
1949 4961 1963 4974 ο

395 5040 475 5090 ἔτι
501 5039 556 5091 δὲ
580 5039 678 5090 καὶ
696 5036 792 5090 τοῦ
827 5036 976 5088 θείου
1036 5035 1253 5088 Παύλου
1306 5035 1482 5088 ταῦτα
1522 5035 1958 5103 ἀποδεχομένου,

390 5135 483 5185 καὶ
509 5130 734 5202 πρώτην
762 5129 967 5200 σκηνὴν
993 5128 1173 5184 ταῦτα
1231 5129 1541 5192 καλοῦντος,
1576 5130 1672 5182 καὶ
1706 5130 1772 5182 τὰ
1827 5129 1964 5192 ἐξώ-

390 5241 523 5294 τερα
557 5224 656 5294 μὲν
676 5222 828 5291 ἆγια,
862 5223 930 5276 τὰ
963 5221 1218 5288 ὲνδῦτερα
1252 5221 1307 5273 δὲ
1341 5220 1512 5287 ’Ἅγια
1541 5221 1736 5286 ἁγίων.
1759 5222 1865 5272 Καὶ
1898 5220 1964 5273 τὰ

392 5318 606 5384 γλυπτέι
636 5316 692 5368 δὲ
722 5315 809 5368 διὰ
838 5317 894 5367 τὸ
931 5314 1092 5367 θείων
1120 5314 1322 5375 τύπους
1351 5311 1515 5376 εἶναι’,
1543 5316 1637 5367 καὶ
1677 5315 1738 5364 ού
1773 5313 1965 5381 δαιμο-

392 5409 557 5462 νικῶν
585 5407 842 5473 εἰδώλων,
894 5406 926 5475 ἦ
981 5405 1311 5475 ἀστέρων,ἧ
1375 5409 1690 5473 κτισμάτων
1736 5403 1960 5468 λοιπῶν,

391 5499 564 5555 ταῦτα
611 5499 718 5570 γὰρ
778 5497 954 5569 μιαρὰ
1006 5499 1101 5548 καὶ
1151 5495 1461 5566 παναοεϐῆ,
1497 5495 1614 5554 ἀλλ’
1647 5494 1962 5562 ἀγγελικῶν

391 5592 672 5662 δυνάμεων
708 5591 862 5662 ἱερὰς
887 5589 1125 5652 εἰκόνας,
1153 5589 1427 5659 χερουϐὶμ
1467 5586 1629 5656 δόξης
1658 5587 1953 5650 καλοῦντος

392 5684 830 5748 κατασκιάζοντα
865 5683 926 5736 τὸ
957 5681 1291 5752 ἱλαστήριον,
1332 5683 1426 5734 καὶ
1478 5680 1567 5733 διὰ
1604 5678 1823 5732 πάντων
1855 5695 1966 5732 πα-

401 5778 767 5850 ραδεδομένων
814 5776 1242 5848 προσκυνεῖσθαι
1279 5775 1390 5831 τῶν
1443 5774 1603 5828 θείων
1663 5771 1965 5844 μορφωμοὶ-

2135 3294 2305 3362 Igitur
2332 3293 2407 3346 illi
2452 3291 2738 3361 (haeretici)
2769 3305 2963 3345 omnes
3017 3290 3154 3345 istas
3183 3305 3376 3358 preces
3403 3292 3649 3346 divinos—

2069 3401 2174 3456 que
2213 3393 2479 3452 respuunt
2510 3384 2757 3453 hymnos,
2787 3383 3109 3450 caeterisquc
3171 3382 3435 3450 abjcctis,
3477 3385 3648 3437 solam

2067 3476 2368 3530 orationem
2395 3475 2555 3528 Pater
2603 3483 2780 3528 noster
2829 3474 3148 3543 accipiunt;
3188 3475 3413 3543 insuper
3466 3475 3650 3529 divina

2066 3575 2450 3640 prophetarum
2477 3569 2789 3639 Moysisque
2825 3567 2987 3620 verba
3027 3567 3515 3636 sanctissimosque
3549 3567 3649 3618 Da-

2065 3661 2205 3715 vidis
2237 3660 2490 3725 psalmos,
2510 3659 2887 3729 quaalaudavit
2916 3657 3161 3713 Salvator
3189 3659 3646 3728 quemadmodum

2065 3753 2132 3806 de
2152 3767 2218 3806 eo
2243 3752 2374 3806 dicit
2407 3751 2790 3821 Evangelium:
2820 3768 2838 3800 ι
2877 3749 3144 3818 Incipiens
3176 3765 3208 3804 a
3235 3749 3414 3820 Moyse
3443 3759 3496 3802 et
3525 3765 3610 3802 om
3629 3740 3676 3790 ν’

2065 3843 2224 3896 nibus
2248 3843 2544 3911 prephetis,
2564 3840 3026 3911 interpretabatur
3044 3841 3151 3895 illis
3167 3841 3218 3894 in
3239 3843 3488 3895 omnibus
3504 3840 3654 3894 Scri-

2071 3939 2242 4007 ptnris
2260 3953 2376 4006 quae
2402 3938 2469 3992 de
2505 3939 2622 4005 ipso
2651 3947 2859 3990 erant.»
2891 3936 3008 4005 Ipse
3035 3937 3387 4006 etiamdixit:
3420 3953 3438 3987 ι
3467 3939 3591 3990 Haec
3623 3957 3644 3988 ι

2067 4040 2195 4083 sunt
2238 4047 2256 4079 ι
2299 4029 2462 4082 verba
2488 4044 2609 4096 quae
2652 4029 2864 4082 iCt'tllllS
2911 4042 3030 4081 sum
3063 4026 3128 4079 ad
3161 4040 3276 4091 vos,
3311 4042 3434 4079 cum
3467 4028 3651 4081 adhuc.

2063 4135 2238 4174 essem
2305 4121 2610 4184 vobiscum,
2678 4119 2934 4188 quoniam
3011 4132 3231 4172 necesse
3286 4128 3368 4173 est
3428 4118 3640 4187 impleri

2063 4208 2244 4262 omnia
2278 4223 2399 4276 quae
2431 4209 2633 4276 scripta
2661 4216 2783 4261 sunt
2829 4206 2880 4258 in
2904 4206 3019 4275 lege
3048 4204 3215 4274 Moysi
3248 4215 3297 4258 et
3337 4203 3641 4274 Prophctis,

2062 4311 2116 4356 et
2146 4299 2381 4354 Psalmis
2425 4301 2493 4354 de
2553 4316 2658 4353 me.
2690 4318 2709 4351 ι
2745 4297 2821 4352 Illi
2884 4308 3063 4351 autem
3095 4297 3257 4365 impie
3289 4297 3402 4351 haec
3456 4313 3686 4366 asper--

2063 4400 2287 4446 nantur.
2326 4390 2494 4446 Porro
2537 4391 2604 4446 de
2643 4391 2848 4444 sanctis
2880 4389 3230 4457 imaginibus,
3267 4404 3374 4443 non
3435 4389 3648 4457 Moyses

2075 4494 2286 4541 tantum
2312 4483 2479 4555 jussit
2513 4484 2565 4536 in
2592 4483 2796 4536 honore
2819 4480 3004 4534 haberi
3036 4496 3100 4533 ex
3125 4482 3438 4535 code-tibus
3463 4497 3650 4536 exem-

2065 4577 2311 4647 plaribus
2361 4591 2481 4646 qua:
2540 4582 2701 4628 erant
2755 4573 2809 4626 in
2844 4587 2968 4624 arca
3014 4578 3068 4625 et
3118 4571 3499 4636 tabernaculo;
3551 4572 3642 4625 illa

2074 4668 2220 4722 enim
2285 4669 2338 4721 in
2375 4665 2600 4734 ﬁguram
2659 4662 2784 4717 caeli
2815 4662 2956 4716 facta
3003 4671 3159 4716 erant
3189 4678 3204 4726 ;
3232 4663 3326 4715 sed
3359 4661 3520 4715 etiam
3578 4678 3644 4716 ex

2080 4758 2362 4812 cherubim
2413 4770 2574 4826 super
2604 4768 2786 4808 arcam
2816 4753 3150 4822 exsculptis:
3186 4761 3242 4807 et
3261 4742 3420 4809 divus
3443 4752 3645 4809 Paulus

2076 4849 2190 4904 lucc
2225 4847 2482 4913 laudavit,
2520 4847 2610 4900 illa
2634 4861 2838 4900 vocans
2868 4845 3015 4916 prius
3045 4846 3454 4902 tabernaculum
3482 4855 3536 4900 et
3555 4838 3650 4902 ex;

2031 4927 2046 4946 ⁸
2075 4941 2271 4997 teriora
2298 4939 2516 5009 quidem
2543 4950 2728 4993 sancta
2755 4937 2960 5001 dicens,
2993 4939 3252 4993 interiora
3286 4954 3414 4994 vero
3446 4939 3650 4998 Sancta

2075 5043 2426 5098 sanctorum;
2461 5047 2622 5102 opera
2663 5040 2844 5086 autem
2883 5032 3155 5102 sculptilia
3216 5032 3521 5084 divinarum
3564 5046 3650 5085 rc-

2073 5141 2194 5178 rum
2220 5121 2619 5192 erantﬁgurw,
2685 5138 2793 5175 non
2847 5122 3122 5177 idolorum
3178 5122 3398 5191 quidem
3442 5121 3644 5175 tlzemo-

2073 5215 2380 5275 uiacorutn,
2430 5228 2530 5266 nec
2570 5213 2834 5277 siderum,
2868 5229 2967 5266 nec
2983 5214 3213 5266 aliarum
3244 5221 3648 5274 creaturarum,

2073 5321 2194 5374 qua:
2222 5303 2363 5358 fuada
2397 5313 2629 5358 erantet
2664 5305 2914 5357 maximrc
2946 5303 3266 5370 impietatis,
3323 5302 3418 5355 sed
3445 5314 3650 5356 sancta

2071 5406 2229 5452 erant
2284 5397 2652 5466 angelicarum
2672 5405 3000 5466 potestatum
3035 5394 3318 5463 imagines,
3339 5394 3480 5448 sicut
3506 5395 3649 5464 Apo-

2075 5489 2247 5544 stolus
2302 5489 2591 5558 appellavit
2635 5486 2916 5542 cherubim
2970 5485 3404 5555 propitiatoriutn
3453 5486 3650 5540 obum-

2027 5601 2033 5608 ·
2074 5581 2261 5636 brans.
2291 5580 2434 5635 idem
2461 5581 2621 5633 etiam
2657 5578 2852 5632 indixit
2887 5577 3094 5648 Moyses
3124 5593 3191 5633 ex
3217 5579 3470 5634 munibus
3513 5580 3650 5632 divi-

2078 5673 2163 5729 nis
2188 5675 2373 5746 ﬁguris
2399 5689 2538 5743 quas
2569 5671 2911 5728 venerationi
2945 5673 3252 5744 pr0posuit,
3277 5683 3332 5726 ut
3367 5670 3652 5726 sicutani-

2078 5781 2164 5823 ma
2193 5779 2288 5836 per
2322 5763 2748 5833 confessionem,
2790 5763 2862 5819 ita
2897 5780 3126 5835 corpore
3159 5781 3254 5837 per
3284 5781 3345 5821 ea
3368 5779 3485 5834 quae
3519 5777 3652 5816 sen-
