4076 6268
337 307 407 372 71

1197 302 1579 365 SYMEONIS
1620 297 2381 365 THESSALONICENSIS
2414 303 2773 364 ARCHIEP.
2830 370 2841 379 ν,
3533 292 3607 356 ’12

344 423 575 480 tiuntur.
618 418 1022 475 samtiiieemur
1051 418 1143 492 qui
1173 432 1405 488 corpore
1430 425 1486 469 et
1505 415 1685 468 anima
1722 422 1938 468 consta-

2062 435 2173 482 των,
2204 420 2291 472 ἵνα
2339 421 2414 483 ὡς
2453 419 2830 488 ταίς⁶ῲυχαῖς
2864 418 2951 470 διὰ
3008 416 3107 486 τῆς
3158 412 3478 484 ὁμολογίας,
3521 415 3617 465 καὶ

344 528 488 568 mus.
520 512 695 578 Quam
731 512 802 566 ob
827 525 1054 566 causam
1111 510 1493 578 incorporeum
1550 506 1642 560 Dei
1687 503 1927 558 Verbum

342 612 563 673 propter
595 616 697 657 nos
721 617 850 657 caro
880 600 1085 657 factum
1110 608 1217 664 est,
1243 599 1499 667 Deosque
1553 604 1740 650 noster
1772 594 1932 646 homo

345 695 449 751 fuit
475 695 635 751 nobis
671 694 876 750 similis
907 708 1028 748 cum
1067 691 1248 746 anima
1279 701 1334 745 et
1352 703 1610 759 corpore,
1642 696 1701 740 nt
1724 686 1933 753 lapsam

360 796 532 842 totam
563 794 822 856 purgaret
851 793 907 839 et
961 784 1331 839 sanctiiicaret
1358 789 1609 836 naturam
1645 787 1891 831 nostram
1919 790 1933 842 ;

355 879 437 933 illi
469 887 651 933 autem
691 876 948 933 sordibus
985 874 1140 942 findi,
1165 888 1293 928 cum
1326 873 1511 926 multis
1540 871 1761 940 quidem
1793 866 1939 928 aliis,

347 969 614 1040 singulari
653 983 780 1023 vero
843 966 1132 1021 insolentia
1193 964 1380 1020 divina
1433 961 1651 1029 injuriis
1684 958 1939 1027 proscin-

350 1062 508 1126 dunt,
538 1066 594 1114 et
630 1074 842 1115 summa
872 1059 1153 1128 impietate
1186 1061 1375 1112 omnia
1435 1054 1700 1109 Ecclesiae
1736 1060 1943 1123 myste—

368 1155 447 1207 ria
482 1152 770 1219 abjiciunt.
800 1151 1049 1206 Christus
1075 1148 1294 1219 quidem
1327 1148 1508 1201 nudus
1528 1145 1835 1215 baptizatus
1861 1149 1945 1197 cst

352 1251 415 1295 ut
481 1240 727 1310 spiritale
780 1238 940 1293 nobis
975 1236 1219 1292 traderet
1262 1236 1510 1291 divinum
1565 1233 1865 1304 baptisma,
1891 1241 1946 1286 et

353 1335 596 1405 Spiritus
644 1345 812 1401 super
844 1346 968 1385 eum
1005 1329 1290 1384 descendit
1321 1336 1383 1382 nt
1434 1326 1689 1397 baptismi
1741 1324 1836 1396 qui
1885 1323 1941 1378 in

351 1426 577 1479 Christo
598 1422 1169 1479 conticitur'virtutem
1204 1418 1573 1490 accipiamus,
1595 1417 1845 1486 dixitque
1892 1416 1946 1469 in

360 1519 690 1588 Evangelia:
716 1536 735 1569 ι
764 1516 874 1571 Nisi
899 1516 1024 1587 quis
1054 1524 1276 1570 renatus
1301 1512 1465 1568 fuerit
1493 1528 1559 1567 ex
1585 1526 1727 1581 aqua
1756 1521 1809 1564 et
1826 1508 1950 1578 Spi—

358 1612 468 1667 ritu
487 1622 698 1676 saneto,
717 1622 824 1664 non
848 1616 1025 1678 potest
1048 1607 1276 1661 introire
1291 1605 1344 1658 in
1364 1619 1591 1674 regnum
1611 1605 1902 1662 cmlorum,
1923 1616 1941 1648 ι

358 1713 415 1760 et
445 1702 744 1771 discipulos
775 1715 904 1755 suos
934 1696 1195 1767 baptizari
1236 1696 1401 1764 jussit
1431 1703 1540 1748 tam
1583 1700 1710 1746 ante
1742 1688 1951 1759 passio-

360 1811 481 1851 nem
514 1809 676 1864 quam
697 1804 816 1862 post
850 1789 1303 1846 resurrectionem
1325 1824 1341 1853 ,
1366 1786 1603 1855 primum
1637 1782 1858 1853 quidem
1892 1780 1946 1833 in
1978 1779 2026 1840 B

361 1887 648 1952 Bethania,
680 1884 771 1938 ubi
792 1891 909 1939 erat
929 1881 1167 1936 Joannes
1218 1879 1521 1948 baptizans,
1559 1875 1687 1945 quia
1722 1872 1954 1928 decebat

365 1972 615 2026 umbram
658 1970 913 2035 transire,
948 1982 1246 2037 verumque
1294 1982 1325 2022 a
1363 1966 1582 2021 Christo
1626 1962 1953 2033 baptismum

367 2066 826 2133 appropinquare,
861 2072 915 2117 et
965 2063 1054 2116 ubi
1107 2063 1291 2115 multa:
1336 2068 1495 2114 erant
1524 2070 1704 2127 aqua,
1764 2069 1954 2121 quem-

367 2155 661 2209 admodum
732 2151 955 2209 seribit'
976 2152 1350 2220 Euangelium.
1388 2149 1454 2203 Et
1472 2162 1721 2203 rursum:
1764 2163 1782 2195 ι
1836 2140 1953 2197 Etsi

366 2243 528 2299 Jesus
582 2258 720 2324 eos‘
751 2258 863 2297 non
925 2241 1248 2311 baptizaret,
1286 2258 1304 2290 ι
1341 2238 1436 2294 sed
1490 2235 1746 2304 discipuli
1809 2234 1953 2303 ejus,

367 2346 658 2407 postquam
694 2343 1019 2405 petestatem
1070 2332 1151 2388 eis
1184 2332 1445 2387 dedisset.
1479 2330 1707 2396 Insuper
1742 2326 1857 2394 ipse
1887 2324 1963 2378 ad

363 2443 462 2483 eos
490 2434 613 2498 post
636 2427 1098 2482 resurrectionem
1117 2423 1288 2477 dixit:
1324 2439 1342 2472 ι
1381 2419 1581 2474 Enntes
1605 2418 1804 2471 docete
1843 2429 1959 2469 om-

367 2537 465 2576 nes
484 2531 701 2592 gentes,
718 2519 1060 2590 baptizantes
1078 2533 1173 2572 eos
1204 2518 1264 2571 in
1286 2516 1509 2572 nomine
1526 2514 1726 2577 Patris,
1740 2522 1789 2567 et
1808 2510 1956 2575 Filii,

357 2624 423 2685 ct
442 2613 682 2684 Spiritus
711 2611 885 2667 sancti
910 2627 928 2678 ;
959 2629 979 2663 ο
1009 2618 1100 2666 et:
1134 2631 1153 2661 ι
1188 2608 1291 2675 Qui
1315 2609 1623 2679 baptizatus
1652 2604 1817 2659 fuerit
1840 2603 1958 2657 sal-

369 2724 469 2779 vus
508 2691 777 2776 eritiqui
833 2719 962 2758 vero
1023 2718 1131 2757 non
1192 2703 1508 2763 crediderit,
1565 2697 1957 2753 condemnabi-

371 2814 479 2855 tnr.
504 2823 523 2852 ι
563 2801 670 2870 lpsi
703 2800 868 2852 etiam
900 2793 1134 2863 apostoli
1158 2793 1414 2861 baptizati
1448 2801 1594 2844 sunt.
1627 2786 1957 2854 Petrusqui-

370 2896 496 2948 dem
530 2906 561 2945 a
591 2891 827 2953 Christo,
862 2896 1025 2957 prout
1058 2885 1245 2939 multis
1281 2884 1538 2937 traditum
1570 2891 1685 2946 est;
1710 2879 1958 2933 Andreas

369 2997 500 3039 vero
547 2990 603 3035 et
628 2979 870 3034 Joannes
900 2992 933 3032 a
965 2976 1153 3039 Petro,
1216 2986 1273 3030 et
1334 2973 1516 3029 cmteii
1561 2974 1628 3026 ab
1655 2971 1875 3026 Audrea
1904 2979 1961 3022 ct

380 3074 622 3140 ioanne;
663 3070 865 3126 Paulus
905 3080 1087 3125 autem
1140 3071 1206 3124 ab
1255 3066 1488 3129 Anania,
1527 3076 1587 3119 ut
1646 3065 1697 3118 in
1728 3064 1957 3117 Actibus

316 3201 322 3207 ~
371 3136 638 3236 scriptun:
672 3173 790 3222 est:
827 3162 1158 3219 Samaritani
1209 3175 1427 3230 quoque
1481 3173 1512 3211 a
1571 3156 1844 3226 Philippo,
1899 3164 1957 3208 et
1986 3136 2028 3191 Ο

374 3259 676 3314 Eunuchus
711 3260 779 3312 ab
812 3258 1028 3319 eodem,
1057 3266 1116 3306 ut
1141 3254 1412 3321 scriptum
1441 3260 1566 3305 est:
1600 3269 1619 3301 ι
1654 3248 1958 3303 Descende-

379 3360 509 3406 runt
535 3352 589 3405 in
619 3362 842 3417 aquam.
866 3363 885 3396 ι
920 3345 984 3399 Et
1013 3359 1232 3398 rursum
1264 3343 1463 3396 Paulus
1492 3342 1560 3395 ab
1594 3342 1752 3395 initio
1787 3339 1964 3417 bapti-

376 3455 465 3499 aat
495 3457 591 3496 eos
620 3414 712 3508 qui
755 3437 987 3493 Joatmls
1020 3443 1231 3488 tantum
1257 3433 1584 3501 baptismum
1611 3414 1958 3500 acceperant.

376 3538 460 3592 Illi
557 3545 739 3590 autem
789 3524 1307 3585 contaminatissimi
1367 3526 1637 3594 baptisma
1682 3523 1961 3590 rejiciunt,

378 3643 508 3682 cum
538 3621 853 3679 inﬁdelibus
877 3628 1196 3679 censentur,
1225 3626 1538 3687 nostraeque
1587 3615 1968 3671 renovationis

372 3731 435 3777 et
463 3715 892 3790 regenerationis
921 3727 1040 3784 qua:
1070 3712 1125 3766 in
1156 3711 1376 3768 Christo
1396 3711 1557 3767 datur
1582 3708 1959 3779 suntindigui.

378 3816 652 3870 Praeterea
723 3808 1002 3873 Christus,
1063 3816 1125 3861 ut
1174 3804 1385 3860 dictum
1419 3815 1526 3870 est,
1559 3804 1716 3859 nobis
1742 3800 1966 3856 tradidit

384 3906 774 3971 ministerium,
795 3902 1004 3972 accepit
1028 3913 1218 3970 panem
1257 3909 1311 3953 et
1335 3898 1537 3968 gratias
1566 3910 1735 3966 agens
1781 3894 1961 3948 dixit:

382 4015 407 4053 ε
445 3999 692 4069 Accipite
722 4005 777 4052 et
805 3995 1157 4055 manducate,
1193 3990 1295 4046 hoc
1323 3998 1404 4043 est
1435 4002 1640 4057 corpus
1686 4000 1895 4040 meum:
1938 4002 1960 4036 ι

380 4105 437 4149 et
461 4092 619 4149 calici
641 4090 971 4147 benedicens
996 4086 1168 4143 dixit:
1214 4101 1234 4135 ι
1268 4082 1443 4137 Biliitc
1487 4096 1553 4137 ex
1613 4095 1680 4134 eo
1746 4091 1962 4141 omnes,

384 4192 492 4241 hoc
517 4192 603 4240 est
633 4182 860 4253 sanguis
889 4196 1064 4236 meus:
1105 4197 1125 4231 ι
1161 4187 1259 4233 et:
1299 4195 1317 4228 ι
1355 4174 1469 4230 lloc
1507 4172 1671 4227 facite
1702 4171 1755 4225 in
1785 4183 1959 4223 meam

381 4272 989 4333 commemorationem.
1024 4289 1042 4323 ι
1076 4268 1280 4323 Paulds
1310 4278 1527 4335 quoque
1557 4263 1701 4317 istud
1729 4269 1964 4316 testatus

386 4382 473 4427 est
498 4371 732 4426 dicens:
773 4383 792 4417 ι
822 4364 990 4420 Panis
1016 4378 1178 4431 quem
1212 4359 1536 4430 frangimus,
1597 4369 1777 4410 nonne
1810 4369 1966 4410 com-

2037 517 2151 575 τοῖς
2185 512 2403 581 σώμασι
2434 512 2523 565 διὰ
2568 511 2683 562 τῶν
2741 509 3020 578 αἰσθητῶς
3058 507 3398 576 τελουμένων
3448 503 3617 556 καθα-

2038 605 2378 674 γιαζώμεθα,
2416 608 2480 659 ἐκ
2540 606 2793 673 σώματος
2846 600 3200 671 συγκείμενοι
3257 598 3355 652 καὶ
3413 596 3613 666 ψυχῆς.

2040 698 2122 751 Δι’
2153 700 2219 766 ἢν
2260 699 2441 751 αἰτίαν
2471 699 2564 752 καὶ
2596 698 2625 749 6
2659 698 2751 751 τοῦ
2783 696 2920 751 Θεοῦ
2985 694 3277 763 ἀσώματος
3329 690 3503 757 Λόγος
3548 688 3618 740 δῖ

2044 791 2192 858 ἡμᾶς
2234 789 2552 859 έσσρκὼθη,
2614 789 2709 841 καὶ
2769 788 2893 842 καθ⁸
2944 786 3090 857 ἡμᾶς
3146 783 3282 855 μετὰ
3310 779 3491 853 ψυχῆς
3524 784 3619 834 καὶ

2045 879 2298 949 σώματος
2325 879 2617 949 ἄνθρωπος
2648 879 2874 947 γέγονεν
2903 881 2931 932 6
2982 878 3119 940 Θεὸς
3160 876 3339 947 ἡμῶν,
3375 874 3444 928 ἶν’
3489 873 3621 939 ὃλην

2042 973 2201 1043 ἡμῶν
2263 972 2692 1044 παραπεσοῦσαν
2741 972 2841 1041 τὴν
2911 968 3077 1039 φύσιν
3142 966 3466 1037 ἀνακαθάρῃ
3527 962 3621 1016 καὶ

2049 1067 2278 1136 ἁγιάσῃ,
2325 1066 2377 1118 οἱ
2403 1064 2718 1137 παμμίαροι
2747 1057 2893 1118 οῦτοι
2953 1061 3090 1133 μετὰ
3136 1058 3348 1113 πολλῶν
3380 1057 3482 1129 μὲν
3527 1057 3622 1108 καὶ

2048 1159 2225 1214 ἄλλων
2264 1159 2366 1229 l7
2398 1158 2701 1221 δυσσεῦὦν,
2752 1156 3051 1226 ἐξαιρέτως
3080 1154 3138 1208 δὲ
3193 1153 3350 1206 αὐτοὶ
3401 1149 3625 1219 ἐνυϐρί-

2047 1251 2233 1313 ζουσιν
2265 1228 2344 1311 ea;
2372 1248 2441 1303 τὰ
2472 1248 2617 1311 θεῖα,
2655 1247 2749 1299 και
2797 1245 3056 1298 ἀσεϐοῦσι
3094 1243 3377 1308 καθάπαξ,
3427 1242 3520 1293 καὶ
3558 1228 3628 1292 ξι

2045 1343 2147 1409 τῆς
2181 1341 2510 1409 Ἐκκλησίας
2533 1337 2785 1393 ἁθετοῦσι
2816 1338 2994 1391 πάντα
3031 1336 3331 1405 μυστήρια.
3358 1334 3468 1386 Kal
3491 1333 3626 1404 Χρι-

2053 1433 2175 1495 στὸς
2212 1432 2310 1502 μὲν
2338 1429 2643 1500 γυμνωθεὶς
2676 1430 3030 1494 ἐϐαπτίσατο,
3089 1428 3178 1479 ἵνα
3220 1427 3280 1479 τὸ
3317 1442 3623 1494 πνευματι-

2052 1526 2146 1579 κδν
2176 1528 2306 1595 ἡμῖν
2338 1525 2565 1593 παραδῷ
2619 1524 2760 1576 θεῖον
2792 1523 3101 1593 βάπτισμα.
3133 1522 3229 1575 καὶ
3283 1520 3343 1573 τὺ
3402 1517 3629 1587 Πνεῦμα

2055 1619 2326 1684 κατῆλθεν
2358 1618 2444 1671 ἐπ’
2474 1618 2661 1683 αὐτὸν,
2706 1617 2797 1670 ἶνα
2831 1615 2927 1669 τοῦ
2956 1618 3013 1667 ὲν
3047 1611 3271 1686 Χριστῷ
3305 1612 3626 1684 βαπτίσμα-

2055 1727 2146 1774 τος
2176 1711 2276 1781 τὴν
2333 1709 2566 1779 δύναμιν
2612 1710 2851 1778 γνῶμεν.
2923 1709 3032 1762 Καὶ
3073 1711 3131 1761 ἐν
3174 1706 3251 1777 τῷ
3307 1703 3628 1772 Εὐαγγελίῳ

2054 1807 2256 1873 φησίν
2302 1824 2321 1857 ι
2377 1804 2505 1857 Ἐἁν
2558 1805 2632 1873 μὴ
2682 1802 3087 1870 ἁναγεννηθῆτε
3148 1801 3216 1852 δι’
3281 1798 3473 1861 ὓδατος
3534 1800 3630 1849 καὶ

2056 1886 2392 1964 πνεύματος,
2422 1898 2482 1949 οὐ
2514 1896 2588 1966 μὴ
2616 1896 2902 1964 εἰσέλθητε
2931 1897 3008 1951 είς
3050 1893 3147 1965 τὴν
3181 1891 3468 1961 βασιλείαν
3518 1890 3628 1944 τῶν

2054 1988 2323 2058 οὐρανῶν.
2366 2009 2383 2039 ι
2417 1989 2529 2041 Kal
2572 1990 2701 2051 τοὺς
2730 1987 2979 2058 μαθητὰς
3006 1987 3062 2039 δὲ
3095 1984 3262 2039 αὐτοῦ
3292 1981 3629 2054 παρήγγειῖε

2057 2082 2342 2152 βαπτίζειν
2375 2082 2468 2134 καὶ
2499 2082 2604 2152 πρὸ
2632 2080 2721 2133 τοῦ
2762 2080 2970 2142 πάθους
3025 2080 3118 2133 καὶ
3157 2078 3296 2148 μετὰ
3347 2075 3443 2147 τὴν
3474 2074 3634 2143 ἔγερ-

2058 2192 2165 2239 σιν,
2191 2174 2248 2225 ἐν
2277 2171 2575 2242 Βηθαὸαρᾶ
2613 2173 2713 2240 μὲν
2748 2173 3035 2242 πρότερον,
3090 2172 3224 2223 ὅπου
3270 2165 3338 2240 ἦν
3376 2167 3632 2233 Ἰωάννης

2058 2261 2335 2331 βαπτίζων
2370 2261 2456 2313 διὰ
2489 2261 2550 2313 τὸ
2585 2260 2685 2331 τὴν
2733 2263 2892 2313 σκιὰν
2918 2260 3238 2329 παρελθεῖν,
3268 2257 3364 2312 καὶ
3388 2258 3452 2311 τὸ
3500 2256 3629 2326 ἁλη-

2056 2352 2201 2407 θινδν
2244 2352 2424 2405 ἐλθεῖν
2462 2350 2749 2423 βάπτισμα
2796 2351 2858 2404 τὸ
2915 2352 3024 2404 ἀπὸ
3075 2350 3171 2403 τοῦ
3213 2349 3632 2421 Χριστοῦ,ὃπου

2055 2447 2152 2500 καὶ
2181 2446 2351 2500 πολλὰ
2382 2441 2451 2517 ἦν
2481 2443 2671 2511 ὕδατα,
2704 2444 2780 2507 ὡς
2812 2444 2871 2497 τὺ
2919 2441 3250 2510 Εὑαγγέλιον
3279 2440 3504 2512 γράφει.
3527 2440 3636 2492 Καὶ

2059 2542 2255 2596 πάλινο
2295 2558 2316 2592 ε
2366 2540 2560 2593 Καίτοι
2585 2555 2649 2608 γε
2682 2538 2844 2600 αὐτὸς
2903 2534 3121 2607 Ἰησοῦς
3162 2535 3263 2588 οὐκ
3313 2534 3633 2592 ἐϐάπτισεν,

2059 2629 2174 2684 ἀλλ’
2213 2633 2262 2682 οἱ
2312 2628 2554 2699 μαθηταὶ
2590 2627 2781 2692 αὐτοῦ,
2841 2628 2966 2680 ἐπεὶ
3013 2626 3111 2695 τὴν
3149 2625 3397 2691 ἐξουσίαν
3451 2619 3637 2682 αὐτοῖς

2061 2720 2288 2771 δέδωκε.
2329 2738 2343 2769 ι
2385 2720 2495 2772 Καὶ
2526 2719 2608 2771 ἔτι
2639 2719 2774 2787 πρὸς
2819 2718 3016 2780 αὐτοὺς
3047 2716 3209 2778 αὐτὸς
3239 2714 3343 2785 ἔφη
3375 2712 3514 2782 μετὰ
3537 2710 3637 2780 τὴν

2060 2808 2297 2875 ἔγερσιν,
2367 2825 2384 2856 ι
2443 2808 2806 2873 Πορευθέντες
2871 2805 3254 2875 μαθητεύσατε
3341 2804 3522 2858 πάντα
3568 2804 3638 2855 τὰ

2060 2899 2209 2966 ἔθνη,
2241 2898 2599 2966 βαπτίζοντες
2624 2897 2822 2958 αὐτοὺς
2843 2898 2924 2960 εἰς
2957 2897 3017 2949 τὸ
3047 2896 3219 2964 ὄνομα
3263 2895 3358 2947 τοῦ
3397 2895 3636 2965 ιΙατρδς,

2062 2991 2155 3042 καὶ
2194 2990 2287 3042 τ.ῦ
2348 2989 2477 3041 Υἱοῦ
2541 2989 2633 3041 καὶ
2671 2989 2764 3041 τοῦ
2822 2990 2982 3055 ἁγίου
3052 2989 3392 3059 Πνεῦματος.
3436 3005 3454 3038 r
3490 2987 3633 3039 Καί·

2069 3103 2087 3134 ι
2136 3082 2197 3138 '0
2247 3082 2545 3143 πιστεύσας
2603 3080 2699 3134 καὶ
2751 3081 3072 3149 βαπτισθεὶς
3128 3082 3456 3152 σωθήσεται,
3502 3079 3531 3130 6
3578 3078 3639 3131 δὲ

2063 3172 2376 3242 ἀπιστήσας
2400 3171 2895 3241 κατακριθήσεται.
2945 3188 2963 3222 ι
3005 3169 3116 3223 Kal
3177 3170 3229 3221 oi.
3258 3166 3544 3222 ἀπόστολοι
3578 3164 3638 3218 δὲ

2067 3263 2219 3316 αὐτοὶ
2250 3261 2685 3330 ἐϐαπτίσθησαν,
2726 3262 2936 3331 Πέτρος
2973 3260 3073 3328 μὲν
3113 3257 3218 3311 ὑπὸ
3247 3258 3341 3310 τοῦ
3370 3256 3639 3327 Χριστοῦ,

2062 3354 2138 3417 ὼς
2179 3356 2393 3416 πολλοῖς
2441 3355 2841 3423 παραδέδοται,
2914 3354 3171 3423 Ἀνδρέας
3208 3351 3267 3404 δὲ
3300 3352 3396 3404 καὶ
3457 3349 3642 3401 Ἰωάν-

2065 3465 2159 3516 νης
2183 3448 2289 3501 ὑπὸ
2324 3450 2554 3518 Πέτρου,
2580 3449 2675 3502 καὶ
2710 3448 2814 3500 ὑπὸ
2838 3448 2931 3501 τοῦ
2965 3447 3221 3515 Ἀνδρέου
3253 3444 3350 3497 καὶ
3385 3442 3637 3495 Ἰωάννου

2064 3541 2115 3593 οί
2146 3541 2362 3593 λοιποίο
2422 3542 2451 3592 6
2485 3540 2696 3601 Παῦλος
2733 3539 2790 3590 δὲ
2845 3539 2938 3609 ὑπ’
2966 3538 3236 3599 Ἀνανίου,
3277 3534 3354 3597 ὡς
3406 3534 3465 3586 ὲν
3520 3531 3641 3594 ταῖς

2068 3631 2306 3701 Πρὰξεσι
2348 3630 2682 3700 γέγραπται.
2722 3631 2833 3682 Καὶ
2865 3631 2914 3681 οἱ
2946 3631 3002 3681 ὲν
3061 3628 3353 3699 Σαμαρείᾳ
3410 3625 3516 3680 ὑπὸ
3549 3625 3644 3677 Φι-

2066 3724 2267 3777 λίππου
2291 3739 2305 3753 ο
2337 3724 2433 3776 καὶ
2489 3721 2570 3774 ἔτι
2625 3723 2653 3775 6
2687 3719 2960 3791 Εὐνοῦχος
2994 3719 3087 3775 ὑπ’
3124 3719 3313 3783 αὑτοῦ,
3377 3718 3642 3773 ἐλθόντων

2068 3815 2160 3868 ἐπί
2188 3832 2239 3868 τι
2281 3813 2447 3884 ὕδωρ,
2485 3814 2562 3876 ὡς
2590 3816 2922 3882 γέγραπται.
2961 3816 3070 3868 Καὶ
3104 3815 3132 3867 6
3194 3812 3413 3877 Παῦλος
3446 3812 3503 3866 δὲ
3548 3811 3646 3882 βα-

2068 3903 2257 3969 πτίζει
2299 3906 2462 3960 πάλιν
2491 3909 2584 3958 καὶ
2632 3905 2692 3970 ἐξ
2724 3906 2898 3977 ἀρχῆς
2928 3908 3052 3971 τοὺς
3093 3905 3153 3960 τὸ
3200 3906 3448 3960 Ἰωάννου
3484 3906 3646 3973 μόνον

2069 3995 2356 4066 βάπτισμα
2386 3995 2738 4066 δεξαμένους.
2787 3990 2952 4051 Οὗτοι
2995 3999 3052 4052 δὲ
3080 3999 3132 4052 οί
3165 3999 3481 4069 παμμίαροι
3513 3999 3645 4050 ἁπο-

2071 4088 2308 4141 σείονται
2337 4089 2518 4155 τοῦτο,
2558 4089 2652 4142 καὶ
2715 4092 2856 4159 μετὰ
2900 4089 3014 4143 τῶν
3055 4090 3301 4144 ἀπίστων
3361 4090 3493 4155 eiul,
3550 4088 3648 4155 τῆς

2069 4181 2423 4243 ἀναπλάσεως
2479 4181 2639 4251 ἡμῶν
2706 4182 2803 4236 καὶ
2842 4182 3257 4253 ἀναγεννήσεως
3315 4182 3374 4235 ὲν
3427 4180 3648 4252 Χριστρ

2073 4273 2149 4342 μὴ
2180 4273 2502 4345 ἠξιωμένοι.
2548 4275 2655 4328 Kal
2682 4273 2777 4328 τοῦ
2830 4274 3096 4346 Χριστοῦ,
3132 4274 3206 4337 ὡς
3256 4272 3495 4345 εἴρηται,
3550 4272 3648 4342 τὴν

2076 4367 2415 4437 ἱερουργίαν,
2451 4366 2905 4438 παραδεδωκότος
2939 4368 3090 4436 ἡμῖν,
3124 4367 3218 4422 καὶ
3261 4366 3427 4436 ἄρτον
3451 4365 3648 4417 λασνίν-

388 4461 691 4517 municatio
715 4456 967 4526 corporis
997 4453 1201 4508 Christi
1227 4461 1311 4505 est
1331 4450 1425 4503 ?et
1452 4459 1614 4519 potus
1636 4464 1798 4520 quem
1830 4446 1958 4501 hibi-

2074 4476 2163 4521 τος
2198 4458 2294 4512 καὶ
2333 4460 2857 4530 εὐχαριστήσαντος,
2894 4461 3013 4526 καὶ,
3070 4477 3089 4511 t
3141 4459 3371 4524 Λάϐετε,
3423 4459 3649 4527 φάγετε,

388 4571 542 4621 mus,
598 4565 783 4608 nonne
809 4544 1238 4605 communicatio
1267 4541 1554 4611 sanguinis
1587 4541 1789 4597 Christi
1842 4540 1971 4596 est?

385 4649 526 4705 Nam
568 4644 775 4714 accepit
796 4653 1015 4712 panem,
1047 4656 1065 4688 ›
1102 4644 1407 4701 ct.ctetera,
1442 4646 1497 4690 et
1539 4634 1774 4712 iterum:
1821 4651 1841 4686 ι
1880 4632 1958 4688 U-

383 4756 523 4797 num
550 4751 751 4807 corpus
788 4746 1001 4795 sumus,
1030 4742 1221 4783 oinnes
1284 4728 1429 4782 enim
1461 4742 1525 4781 ex
1565 4741 1677 4781 uno
1724 4740 1863 4795 pane
1917 4735 1971 4782 et

380 4842 523 4906 potu
552 4825 1069 4889 communit-amns;
1100 4833 1182 4885 et,
1223 4837 1244 4871 ι
1287 4819 1720 4885 Quimanducat
1750 4833 1968 4886 panem,

387 4937 444 4980 et
466 4924 604 4981 bibit
634 4919 860 4975 calicem
877 4912 1090 4969 Domini
1119 4911 1647 4982 indigne,judicium
1678 4911 1783 4963 sibi
1820 4925 1970 4963 man-

385 5024 557 5077 «lucat
579 5028 634 5074 et
656 5016 844 5071 bibita
872 5012 939 5067 Et
962 5026 1178 5064 rursum
1201 5025 1216 5062 :
1244 5008 1469 5062 «Probet
1497 5015 1678 5061 autem
1711 5021 1770 5062 se
1793 5006 1969 5075 ipsum

390 5115 581 5176 homo,
615 5116 669 5164 et
709 5107 790 5163 sic
847 5106 913 5159 de
943 5116 1081 5172 pane
1112 5101 1205 5154 illo
1238 5100 1362 5154 edat
1383 5110 1441 5154 et
1470 5100 1538 5152 de
1571 5098 1740 5152 calice
1786 5098 1971 5163 bibat;

389 5207 486 5275 qui
510 5204 653 5258 enim
705 5198 997 5255 Inandueat
1043 5203 1098 5248 et
1121 5194 1258 5248 bibit
1285 5192 1526 5261 indigne,
1555 5190 1825 5260 judicium
1862 5190 1968 5243 sibi

386 5300 691 5353 manducat
730 5303 784 5348 et
814 5290 971 5354 bibit.
1001 5303 1110 5344 non
1141 5286 1403 5357 judicans
1433 5299 1637 5353 corpus
1667 5285 1906 5338 Domini.
1943 5300 1962 5334 ι
1995 5291 2002 5297 ·

392 5391 663 5446 Dominus
695 5384 916 5455 quidem
940 5385 992 5437 in
1024 5381 1314 5450 Evangelio
1334 5379 1585 5435 dixerat:
1628 5395 1647 5428 ι
1683 5376 1787 5443 Qui
1819 5393 1975 5431 man-

390 5490 563 5537 ducat
584 5494 758 5535 meam
789 5490 1009 5534 carnem
1042 5486 1095 5530 et
1128 5472 1269 5528 bibit
1312 5484 1495 5526 meum
1536 5469 1856 5537 sanguinem
1918 5469 1972 5521 in

396 5590 486 5631 me
520 5580 703 5628 manet
730 5582 783 5626 et
816 5584 917 5642 ego
957 5568 1012 5622 in
1039 5583 1103 5623 eo
1130 5606 1143 5630 ,
1177 5583 1197 5616 ι
1234 5574 1331 5619 et:
1388 5580 1408 5614 ε
1442 5559 1561 5617 Nisi
1604 5561 1971 5615 manducare-

398 5666 524 5722 ritis
549 5680 771 5721 carnem
797 5656 923 5719 Filii
949 5661 1217 5728 hominis,
1242 5671 1296 5715 et
1322 5658 1573 5715 biberitis
1602 5656 1721 5725 ejus
1753 5655 1977 5726 sangui-

399 5758 549 5827 nein,
585 5773 694 5817 non
725 5755 998 5816 habebitis
1021 5754 1188 5811 vitam
1216 5752 1273 5808 in
1304 5753 1485 5809 vobis:
1528 5770 1549 5803 ι
1619 5759 1675 5805 et
1734 5752 1969 5807 iterum:

2074 4551 2234 4606 τοῦτό
2286 4553 2403 4606 ἐστι
2433 4553 2494 4606 τὸ
2532 4552 2693 4622 σῶμα
2728 4570 2853 4622 μου,
2889 4570 2908 4604 r
2938 4552 3239 4622 εἰρηκότος,
3273 4551 3367 4602 καὶ
3390 4549 3450 4603 τδ
3481 4550 3649 4618 ποτή-

2077 4663 2191 4715 ριον
2223 4647 2643 4714 εὐλογήσαντος,
2683 4647 2780 4698 καὶ
2810 4644 3081 4708 εἰπόντος,
3116 4661 3137 4695 ι
3173 4643 3333 4696 Πὶετε
3362 4642 3420 4707 ἐξ
3475 4640 3642 4694 αὐτοῦ

2076 4736 2299 4801 πάντες,
2330 4736 2488 4789 τοῦτὸ
2549 4738 2666 4788 ἐστι
2715 4735 2777 4787 τὸ
2812 4728 3128 4804 αἶμάμου,
3175 4751 3194 4786 ι
3252 4734 3384 4799 καὶ,
3422 4751 3442 4785 ι
3480 4731 3650 4784 Τοῦτο

2076 4830 2281 4880 ποιεῖτε
2350 4828 2429 4889 είς
2504 4827 2603 4896 τὴν
2674 4827 2812 4897 ἐμὴν
2882 4826 3237 4896 ἀνάμνησινο
3295 4843 3313 4875 ι
3372 4827 3469 4877 καὶ
3558 4823 3651 4874 τοῦ

2079 4920 2294 4973 Παύλου
2371 4918 2529 4972 τοῦτο
2584 4918 3128 4989 ἐπιμαρτυροῦντος,
3195 4916 3289 4971 καὶ
3351 4916 3602 4982 λέγοντος
3635 4952 3650 4977 ,

2081 5027 2102 5061 ι
2140 5009 2201 5063 '0
2235 5009 2399 5080 ἄρτος
2426 5010 2486 5062 ὃν
2521 5010 2746 5077 κλῶμεν
2787 5010 2910 5079 οὐχ).
2950 5006 3208 5062 κοινωνία
3255 5007 3350 5062 τοῦ
3400 5005 3655 5077 σώματος

2076 5100 2171 5153 τοῦ
2195 5102 2584 5174 Χριστοῦὲστι
2612 5121 2626 5167 ;
2663 5104 2776 5156 Καὶ
2798 5103 2861 5155 τὸ
2889 5103 3151 5172 ποτήριον
3198 5100 3228 5154 ὃ
3249 5101 3497 5171 πίνομεν,
3531 5097 3655 5165 οὐχὶ

2078 5196 2336 5249 κοινωνία
2359 5195 2453 5248 τοῦ
2476 5196 2709 5265 αἵματος
2737 5196 2833 5249 τοῦ
2879 5194 3122 5267 Χριστοῦ
3153 5196 3305 5258 East;
3346 5212 3365 5245 ι
3405 5193 3513 5246 Kal
3544 5193 3653 5261 γὰρ

2076 5285 2268 5340 ελαοεν
2287 5287 2471 5354 ἄρτον,
2504 5288 2700 5341 καὶτὰ
2730 5270 2879 5356 sese.
2929 5287 3040 5338 Kal
3064 5285 3273 5351 πάλιν,
3299 5303 3319 5336 ε
3363 5284 3460 5337 Ἐν
3494 5282 3657 5353 σῶμά

2081 5381 2275 5449 ἐσμεν,
2299 5380 2348 5432 ei
2381 5380 2489 5449 γὰρ
2527 5379 2730 5443 πάντες
2758 5383 2823 5433 ὲκ
2868 5377 2963 5432 τοῦ
3000 5379 3119 5441 ἐνὸς
3173 5379 3342 5450 ἄρτου
3402 5377 3499 5429 καὶ
3555 5376 3654 5428 τοῦ

2079 5472 2346 5543 ποτηρίου
2377 5477 2702 5543 μετέχομεν.
2731 5489 2749 5525 ι
2787 5471 2932 5531 Καὶ,
2968 5489 2987 5521 r
3026 5472 3124 5535 ⁸ος
3145 5470 3317 5524 ἐσθίει
3340 5468 3433 5522 τδν
3461 5469 3652 5539 ἄρτον,

2081 5565 2176 5616 καὶ
2210 5564 2356 5615 πίνει
2379 5563 2440 5616 τὸ
2467 5568 2732 5634 ποτήριον
2765 5561 2862 5616 τοῦ
2923 5562 3131 5631 Κυρίου
3165 5559 3422 5628 ἀναξίως,
3477 5560 3655 5629 κρίμα

2079 5655 2260 5727 ἐαυτῷ
2284 5656 2455 5710 ἐσθίει
2480 5658 2578 5710 καὶ
2614 5659 2774 5712 πίνει.
2811 5675 2828 5709 ι
2867 5657 2977 5712 Καὶ
3020 5656 3207 5722 πάλιν,
3246 5675 3265 5707 ι
3305 5654 3659 5726 Δοκιμαζέτω

2080 5748 2139 5802 δὲ
2162 5748 2394 5814 Emere;
2429 5750 2658 5826 ἑαυτὸν,
2701 5749 2797 5806 καὶ
2833 5748 3005 5816 οὕτως
3047 5749 3112 5804 ἐκ
3154 5747 3249 5804 τοῦ
3280 5748 3447 5821 ἄρτου
3478 5745 3659 5803 ἐσθιέ-
