4050 6266
476 406 545 466 95
1336 397 1720 460 SYMEONlS
1759 387 2510 455 THESSAIDNICENSIS
2551 385 2904 448 ARCHIEP.
3333 443 3335 446 ι
3647 376 3717 440 98

473 533 689 586 seraper
741 517 893 582 vivit,
947 525 998 569 et
1028 531 1123 584 per
1149 529 1342 568 omnes
1382 522 1641 581 operatur
1673 511 1765 564 Dei
1807 509 2038 564 Verbum

2174 508 2323 560 ποιεῖν
2375 505 2568 565 αὐτοὺς
2604 504 2633 555 ὁ
2663 503 2722 554 ὲν
2763 501 2947 561 αὐτοῖς
2995 497 3288 563 ὲνοικήσις
3319 495 3413 548 καὶ
3462 495 3546 546 ἀεὶ
3583 491 3714 556 ζὼν,

476 615 667 662 vivens
719 619 772 662 et
810 607 1180 675 omnipotens,
1221 606 1340 660 sine
1360 621 1469 674 quo
1509 605 1640 657 nihil
1682 605 1882 657 factum
1917 613 2039 664 est;

477 699 619 752 idem
656 713 830 766 aquas
858 698 1050 752 divino
1085 699 1292 767 Spiritu
1331 697 1657 755 sanctificat.
1685 706 1736 748 et
1763 695 2046 762 incorrup-

481 790 660 844 tibiles
713 798 1026 851 conservat,
1083 800 1141 841 ut
1169 790 1382 844 cineres
1420 799 1740 857 mortuaque
1761 799 2041 839 servorum

479 893 731 946 corpora.
765 879 944 945 Ipsum
979 878 1278 931 inanimata
1313 878 1576 946 suiipsius
1614 878 1810 942 templa
1848 875 2048 928 δραι-ῆ-

482 969 626 1031 licat,
653 978 708 1019 et
760 969 812 1020 in
871 969 1043 1022 sacris
1077 969 1212 1022 locis
1246 969 1337 1021 ubi
1365 969 1637 1028 Christus,
1671 969 1749 1020 vel
1786 967 1904 1036 ejus
1939 964 2049 1018 Ma-

482 1069 562 1112 ter
588 1069 680 1111 aut
702 1059 818 1128 ejus
853 1060 1024 1113 sancti
1049 1060 1394 1122 invocantur,
1438 1060 1606 1112 multa
1640 1067 1926 1127 patrantur
1953 1060 2049 1110 mi-

483 1151 692 1203 racula.
737 1149 848 1203 Non
912 1151 1054 1214 ligna
1104 1149 1345 1218 quidem,
1389 1132 1482 1202 aut
1514 1150 1721 1217 lapides
1748 1158 1842 1202 aut
1877 1147 2050 1202 fontes

488 1237 628 1290 hanc
682 1238 934 1291 virtutem
992 1239 1288 1305 possident,
1345 1253 1470 1291 cum
1500 1239 1608 1290 sint
1640 1247 1905 1290 creaturae
1934 1236 2048 1300 Dei,

486 1330 579 1380 sed
610 1329 790 1382 divina
825 1333 1096 1383 invocatio
1124 1339 1177 1382 et
1200 1330 1366 1398 gratia
1400 1329 1636 1397 Spiritus
1662 1346 1780 1395 qum
1806 1329 1937 1396 ipsis
1968 1327 2050 1380 in-

488 1417 717 1473 habitat.
781 1419 934 1473 Unle
985 1421 1166 1472 omnia
1227 1435 1347 1486 quae
1398 1428 1526 1471 sunt
1571 1417 1771 1471 Christi
1805 1432 1868 1468 ex
1902 1416 2050 1470 omni

489 1511 740 1577 materia,
764 1510 874 1562 sive
902 1525 1058 1573 crux,
1091 1514 1203 1562 sive
1239 1510 1519 1575 templum.
1550 1510 1663 1563 sive
1694 1524 1834 1576 aqua
1862 1517 2051 1562 sancta

495 1599 697 1652 virtute
750 1599 954 1653 Christi
1015 1601 1283 1653 mirabilia
1334 1607 1652 1668 opt-rantur.
1684 1597 1848 1652 Panis
1876 1599 1927 1650 in
1959 1611 2056 1649 no-

489 1691 631 1741 mine
656 1688 942 1743 Trinitatis
999 1691 1333 1750 benedictus,
1369 1692 1544 1742 solum
1600 1690 1778 1742 crucis
1837 1688 2053 1755 signum

489 1781 542 1832 iu
576 1797 698 1835 aera
723 1783 1022 1835 ex-abatnm
1057 1783 1234 1849 palam
1272 1782 1340 1835 (L1
1357 1796 1547 1834 monas
1579 1779 1805 1848 repellit,
1837 1791 2053 1832 onmem

2146 598 2241 651 καὶ
2283 597 2370 650 διὰ
2417 597 2638 649 πάντων
2667 593 2922 664 ἐνεργῶν,
2955 595 2982 645 ὁ
3022 587 3116 644 τοῦ
3149 587 3285 642 Θεοῦ
3325 587 3519 654 Λόγος,
3551 589 3579 639 ό
3608 583 3719 648 ζῶν

2145 707 2202 742 τε
2233 692 2328 742 καὶ
2361 689 2610 757 ἐνεργὴς,
2643 687 2738 740 καὶ
2766 685 2918 738 οὐδὲν
2948 683 3057 736 τῶν
3092 683 3260 736 ὄντων
3309 682 3478 748 χωρὶς
3525 673 3716 729 αὐτοῦ.

2152 781 2248 844 Ὃς
2297 781 2392 834 καὶ
2446 778 2612 832 ὕδατα
2663 776 2884 845 ἁγιάζει
2929 775 3006 842 τῷ
3062 773 3190 842 θείῳ
3250 767 3564 836 Πνεῦματι,
3623 760 3721 818 καὶ

2148 871 2397 941 ἄφθαρτα
2428 873 2701 939 συντηρεί.
2733 870 2808 930 ὡς
2849 869 2942 921 καὶ
2975 866 3074 936 τὴν
3103 865 3254 917 κόνιν
3284 863 3378 914 καὶ
3410 862 3477 912 τὰ
3507 851 3714 926 νεκρωέ
3787 881 3789 884 ⁴

2151 962 2310 1015 θέντα
2342 961 2570 1030 σώματα
2606 962 2714 1012 τῶν
2747 959 2950 1011 δούλων
2981 956 3166 1009 αὐτοῦ.
3196 953 3305 1007 Καὶ
3328 951 3453 1012 τοὺς
3478 947 3716 1016 ἀψύχους

2150 1054 2205 1106 δὲ
2247 1054 2405 1123 ναοὺς
2435 1052 2600 1106 αὑτοῦ
2630 1051 2868 1118 ἁγιάζει.
2903 1051 3010 1102 Καὶ
3039 1049 3096 1098 ὲν
3144 1046 3331 1106 τόποις
3377 1042 3561 1110 ἱεροῖς,
3589 1038 3718 1091 ἔνθα

2150 1140 2388 1209 Χριστοῦ
2426 1139 2457 1208 ἦ
2501 1139 2600 1206 τῆς
2631 1138 2796 1190 αὑτοῦ
2847 1133 3134 1206 μητρὸς,ἢ
3181 1131 3289 1186 τῶν
3339 1129 3510 1194 ἁγίων
3549 1123 3717 1181 αὑτοῦ

2153 1230 2459 1294 ἐπίκλησις,
2521 1230 2748 1282 πλεῖστα
2807 1229 3010 1296 σημεῖα
3072 1211 3325 1277 τελεῖται.
3373 1220 3481 1274 Καὶ
3539 1219 3602 1271 ού
3651 1218 3719 1270 τὰ

2156 1323 2289 1388 ξύλα
2319 1325 2410 1373 καὶ
2441 1322 2490 1372 οί
2524 1321 2660 1373 λίθοι
2692 1321 2725 1387 ἤ
2759 1321 2815 1372 ai
2869 1316 3168 1387 πηγαὶτὴν
3217 1314 3448 1382 δύναμιν
3491 1309 3722 1378 κέκτηνο

2154 1430 2266 1477 ται,
2297 1411 2582 1463 καὶταῦτα
2617 1410 3027 1478 γὰρκτίσματα
3053 1404 3208 1468 Θεοῦ,
3243 1403 3355 1456 ἀλλ’
3384 1403 3416 1470 ἡ
3455 1399 3576 1452 θεία
3608 1397 3726 1448 ἐπί-

2157 1500 2345 1568 κλησις
2397 1501 2488 1551 καὶ
2518 1502 2550 1570 ἡ
2596 1500 2690 1552 τοῦ
2726 1499 3040 1567 ῐινεύματος
3077 1494 3238 1564 χάρις
3281 1491 3466 1553 αὐτοῖς
3497 1488 3724 1562 ἐνοική-

2159 1605 2319 1645 σασα.
2360 1592 2522 1643 Ὅθεν
2563 1590 2742 1643 πάντα
2796 1590 2894 1658 μὲν
2938 1573 3004 1641 τὶ
3035 1586 3128 1638 τοῦ
3159 1581 3399 1654 Χριστοῦ
3433 1584 3496 1634 ὲκ
3541 1582 3724 1645 πάσης

2155 1683 2310 1751 ὕλης,
2346 1685 2453 1734 εἴτε
2506 1683 2756 1750 σταυρὸς,
2793 1683 2899 1734 εἴτε
2949 1681 3097 1742 ναδς,
3125 1679 3235 1730 εἴτε
3267 1676 3422 1741 ἅγιον
3452 1674 3616 1742 ὕδωρ,
3656 1674 3722 1740 τῇ

2159 1776 2252 1828 τοῦ
2297 1774 2533 1843 Χριστοῦ
2574 1767 2802 1843 δυνάμει
2857 1771 3298 1840 θαυματουργεῖ·
3349 1769 3440 1819 καὶ
3492 1763 3727 1830 ἀνυψού·

490 1869 900 1922 fascinationem
940 1883 1024 1922 aut
1068 1871 1297 1937 magiam
1335 1868 1548 1931 evertit,
1596 1867 1857 1935 quoniam
1896 1864 2055 1917 Chri-

2174 1880 2321 1926 ιενος
2373 1866 2538 1933 ἄρτος
2581 1865 2669 1915 ἐπ’
2715 1863 2938 1930 ὀνόματι
2990 1860 3088 1928 τῆς
3142 1857 3394 1924 Τριὰδος,
3428 1855 3520 1907 καὶ
3559 1854 3730 1912 τύπος

491 1972 608 2014 stus
631 1962 893 2016 adversus
916 1962 1191 2014 diabolum
1221 1963 1531 2015 incarnatus
1561 1969 1664 2019 est,
1693 1969 1750 2011 ut
1776 1958 1937 2028 hujus
1963 1970 2059 2026 po-

495 2051 714 2103 tentiam
760 2053 1083 2106 destrueret.
1139 2051 1279 2116 Quid
1337 2050 1672 2106 destruxerit
1703 2049 1893 2115 liquet,
1933 2061 2058 2098 nam

455 2143 613 2209 ‘lelis
661 2142 935 2195 daemonas
985 2142 1212 2196 red-tidit
1254 2141 1595 2194 imbecilles?
1625 2140 1750 2207 quis
1785 2136 2060 2205 gentilita-

494 2244 601 2284 tem
656 2232 993 2299 prostravit?
1039 2234 1162 2299 quis
1223 2231 1360 2284 idola
1419 2230 1652 2284 evertit?
1682 2228 1806 2296 quis
1839 2226 2059 2279 oracula

491 2323 770 2376 evidenter
796 2323 1035 2390 dejecit?
1065 2323 1314 2377 Christus
1339 2321 1520 2375 omnia
1577 2320 1779 2373 diaboli
1809 2318 2060 2388 mysteria

494 2429 591 2481 per
619 2414 918 2480 discipulus
965 2430 1094 2469 suos
1131 2413 1421 2469 destruxit.
1469 2410 1739 2480 Numquid
1782 2412 1864 2463 lex
1917 2408 2061 2463 istud

494 2508 668 2573 putuit
696 2507 995 2568 ?numqnid
1027 2505 1346 2575 prophetm?
1375 2504 1636 2573 numquid
1669 2504 1876 2557 deicirla
1904 2511 1957 2554 et
1980 2501 2060 2554 in-

496 2596 667 2649 fidelis
718 2594 1028 2652 Judaorum
1072 2597 1263 2651 natio?
1292 2597 1555 2664 numquid
1593 2595 1880 2648 admodum
1914 2592 2060 2662 impii

493 2700 548 2741 ct
579 2690 890 2757 turpissimi.
911 2689 1138 2759 gentiles
1162 2692 1186 2744 γ
1214 2690 1348 2753 Quis
1371 2703 1437 2742 ex
1475 2687 1607 2755 ipsis
1658 2697 1846 2741 contra
1879 2695 2062 2754 tyran-

497 2797 598 2835 nos
623 2783 862 2836 restitit?
913 2783 1037 2850 quis
1084 2792 1272 2850 gentes
1330 2780 1556 2834 docuit?
1608 2781 1733 2848 quis
1799 2782 2060 2831 nmnrluin

493 2874 670 2927 Suasit
698 2884 755 2926 ut
785 2883 1034 2948 nosceret
1059 2888 1226 2927 unum
1256 2872 1429 2926 solum
1467 2872 1520 2924 in
1556 2870 1822 2924 Tririiiate
1854 2867 2068 2922 Deum?

495 2972 547 3016 et
569 2964 742 3017 suasit
794 2962 912 3015 sine
944 2963 1137 3029 armis,
1191 2964 1309 3017 sine
1339 2962 1564 3025 divitiis,
1598 2963 1718 3016 sine
1755 2959 2062 3028 principum

497 3047 746 3117 imperio,
777 3050 896 3105 sine
926 3052 1196 3104 mundana
1224 3051 1507 3117 sapientia,
1537 3048 1631 3104 sed
1663 3064 1784 3103 cum
1817 3046 2068 3116 pauperi-

500 3143 626 3210 bus,
665 3160 788 3199 cum
823 3145 1097 3213 inopilms,
1131 3159 1254 3197 cum
1285 3144 1418 3198 viris
1446 3142 1742 3196 humilibus
1776 3142 1921 3194 nulla
1955 3140 2066 3194 elo-

501 3235 720 3300 quentia
761 3235 1184 3303 praestantibus;
1218 3249 1397 3288 nonne
1430 3234 1542 3288 lucc
1589 3232 1874 3288 Christus?
1912 3230 2062 3284 Mun-

500 3327 629 3379 tlum
662 3327 898 3381 correxit
918 3342 1009 3395 per
1035 3327 1338 3395 piscatores
1366 3341 1552 3380 servus
1575 3340 1706 3379 suos
1741 3324 1792 3376 in
1825 3331 2066 3392 tempore

505 3418 764 3480 humiles,
839 3418 1116 3480 mOrtalcs,
1176 3431 1484 3485 oppressos,
1547 3417 1862 3478 cvucia‘os,
1923 3413 2066 3482 quod

507 3524 678 3579 usque
707 3511 771 3562 ad
814 3510 954 3562 hanc
1005 3510 1193 3562 horam
1252 3506 1539 3562 manifeste
1567 3515 1801 3562 constat.
1833 3505 1957 3557 llaec
1985 3511 2070 3557 est

504 3619 698 3672 magna
729 3602 905 3656 Patris
935 3603 1199 3671 potentia,
1235 3601 1352 3655 viva
1390 3601 1481 3656 Dei
1517 3601 1802 3668 sapientia,
1833 3594 2068 3650 Verbum

501 3697 992 3759 consubstantiale,
1041 3697 1422 3763 incorporeum
1479 3693 1714 3763 sigillum
1769 3702 1823 3746 et
1876 3691 2069 3759 ﬁgura,

504 3793 760 3860 splendor
779 3800 1107 3853 coauernus;
1133 3787 1274 3841 sicut
1305 3787 1580 3841 sensibilis
1611 3785 1796 3838 radius
1823 3783 1954 3838 solis
1980 3784 2071 3851 qui

502 3885 864 3951 conspicitur,
890 3885 1072 3938 lumen
1113 3891 1195 3937 est
1217 3897 1280 3935 ex
1315 3881 1540 3943 lumine,
1572 3880 1644 3933 ita
1674 3880 1761 3932 lux
1801 3879 1887 3932 illa
1918 3877 2075 3944 Spiri-

505 3983 630 4036 talis
667 3995 733 4035 ex
768 3981 1090 4048 incorporea
1118 3983 1171 4027 et
1206 3973 1441 4041 ingenita
1466 3972 1581 4024 luce
1615 3970 1792 4024 omnia
1825 3982 1922 4022 sua
1949 3967 2073 4019 illu-

507 4077 755 4127 noinatet
784 4071 966 4124 omnia
1017 4065 1343 4123 sant-tilicat.
1375 4060 1841 4127 Quemadmodum
1888 4059 2073 4112 omnia

505 4181 627 4234 qtue
676 4164 924 4216 videntur
972 4160 1128 4213 modo
1163 4154 1405 4211 sensibili
1439 4153 1671 4208 illustrat
1713 4150 1793 4204 sol
1843 4159 1898 4202 et
1935 4151 2077 4204 cale-

509 4260 662 4322 facit,
714 4257 784 4309 ita
850 4268 946 4321 per
998 4251 1182 4304 omnia
1237 4245 1660 4301 illabitur-solis
1708 4243 1936 4312 justitiae
1984 4256 2078 4308 po-

504 4353 702 4408 tentia.
759 4348 966 4402 Ideirco
1025 4342 1206 4397 omnia
1243 4354 1362 4409 qua!
1387 4339 1506 4407 ejus
1539 4345 1666 4392 sunt
1712 4345 1900 4389 sancta
1938 4333 2082 4400 ejus-

507 4459 614 4511 que
664 4440 927 4510 imagines
977 4445 1032 4492 et
1063 4433 1386 4489 vestimenta
1422 4428 1619 4498 quibus
1669 4427 1867 4481 fio-bunt
1919 4426 2081 4478 mira-

503 4536 651 4597 cula,
688 4544 742 4588 et
797 4531 1004 4602 pariter
1039 4543 1128 4581 res
1161 4525 1433 4578 universm
1462 4521 1526 4574 ad
1572 4533 1695 4572 eum
1729 4524 2078 4585 spectantes;
2116 4529 2157 4583 ο

507 4631 597 4685 ille
649 4627 794 4682 enim
855 4624 940 4678 bis
1002 4622 1259 4675 virtutem
1293 4612 1628 4683 largiebatur
1669 4609 1892 4663 dicens:
1928 4625 1944 4656 ι
1977 4604 2077 4670 Qui

508 4724 687 4778 credit
733 4721 785 4773 iu
833 4732 939 4780 me,
969 4728 1130 4780 Opera
1164 4725 1286 4779 quae
1335 4723 1433 4776 ego
1486 4704 1626 4758 facio
1665 4711 1717 4754 ct
1749 4699 1865 4765 ipse
1895 4697 2075 4760 faciet,

511 4826 568 4868 et
613 4812 819 4880 majora
872 4809 958 4861 bis
1011 4804 1172 4859 faciet
1204 4819 1218 4866 ;
1249 4820 1267 4852 ι
1326 4814 1447 4868 quae
1495 4812 1589 4866 per
1632 4795 1807 4863 ipsum
1848 4790 2080 4850 facient;

511 4918 705 4960 rursus
730 4899 872 4955 enim
906 4896 988 4951 eis
1041 4892 1216 4949 dixit:
1255 4909 1274 4941 ι
1313 4890 1445 4943 Sine
1477 4885 1722 4945 menibil
1755 4883 1981 4953 potestis
2011 4881 2086 4934 fa~

511 5011 657 5050 rcrc.
693 5010 711 5043 ι
751 4991 900 5044 Patet
941 5001 1036 5040 eos
1092 4982 1296 5050 majora
1350 4979 1567 5042 fecisse,
1628 4992 1750 5031 cum
1814 4989 1907 5043 per
1961 4988 2084 5026 cum

511 5085 774 5141 mundum
807 5094 1025 5134 omnem
1053 5076 1124 5130 ab
1160 5075 1428 5127 idolorum
1479 5083 1666 5124 errore
1707 5068 1771 5121 ad
1813 5066 1969 5119 fidem
2006 5064 2090 5118 di-

515 5178 693 5227 vinam
747 5166 1139 5229 converterint,
1176 5163 1363 5216 divino
1420 5167 1678 5229 operante
1710 5156 1938 5225 Spiritu.
1966 5154 2090 5207 Ideo

511 5268 697 5321 omnia
731 5276 852 5334 quae
877 5259 942 5313 ad
984 5273 1108 5313 eum
1144 5254 1417 5324 pertinent
1450 5258 1640 5305 sancta
1673 5257 1820 5308 sunt,
1861 5245 2091 5299 deterri-

518 5374 602 5410 ma
660 5366 840 5408 autem
903 5360 957 5405 et
1021 5348 1161 5404 foeda
1214 5354 1269 5401 et
1323 5343 1545 5398 infamia
1578 5356 1700 5410 quae
1729 5340 1793 5392 ad
1821 5338 2094 5396 d:rmunes

522 5455 793 5517 spectant,
827 5457 1037 5497 necnon
1066 5440 1304 5493 maxime
1329 5434 1610 5490 immunda
1643 5447 1766 5501 quae
1803 5429 2091 5512 impiorum

521 5505 670 5599 sunt,
732 5505 953 5604 templa,
1001 5545 1292 5602 synagoga:
1342 5537 1396 5583 et
1436 5527 1585 5580 libri.
1611 5505 1856 5588 ρωποό
1893 5517 2098 5571 Judzeis

521 5628 928 5699 gentilibusque
965 5623 1128 5678 simul
1161 5621 1516 5688 quamobrem
1552 5617 1720 5669 libros
1756 5626 1885 5666 suos
1935 5623 2097 5660 vene-

524 5719 723 5774 rabiles
755 5720 989 5771 habeant
1013 5721 1066 5766 ct
1101 5713 1244 5764 velut
1270 5709 1501 5762 amulcta
1530 5704 1838 5780 custodiant
1864 5700 1887 5751 ?
1911 5711 2102 5766 quam-

527 5811 712 5865 obrem
781 5808 945 5878 pcllcs
977 5808 1245 5861 bunurcnt
1283 5810 1334 5854 ct
1362 5801 1570 5855 colores
1605 5797 1655 5851 in
1686 5796 1761 5850 eis
1804 5793 1945 5861 pieto
1982 5789 2092 5854 ,ni-

2165 1954 2323 2022 μόνος
2355 1952 2589 2021 σταυροῦ
2624 1954 2702 2011 είς
2737 1953 2874 2021 ἀέρα
2904 1949 3204 2018 γινόμενος.
3239 1945 3436 1998 Διώκει
3465 1943 3572 2012 γὰρ
3600 1942 3727 2001 τοὺς

2161 2045 2416 2113 δαίμονας
2449 2044 2720 2112 φανερῶς.
2756 2044 2848 2095 καὶ
2886 2040 3143 2110 γοητείαν
3174 2039 3354 2091 πᾶσαν
3384 2036 3474 2087 καὶ
3511 2031 3726 2101 ἐπῳδὴν

2161 2139 2442 2205 καταργεῖ.
2471 2135 2656 2204 ἐπειδὴ
2685 2132 2919 2205 Χριστ“ις
2951 2131 3092 2185 κατὰ
3128 2130 3221 2182 τοῦ
3253 2128 3501 2182 διαϐόλου
3533 2126 3732 2190 aesep-

2162 2246 2357 2292 κωται,
2425 2225 2509 2280 ἵνα
2563 2228 2887 2298 καταργήσῃ
2939 2226 3128 2277 τούτου
3175 2222 3274 2290 τὴν
3323 2219 3569 2288 δύναμιν.
3620 2217 3731 2270 Καὶ

2161 2316 2320 2383 δῆλον
2369 2317 2453 2368 ὅτι
2510 2317 2846 2385 κατήργησε.
2877 2314 2973 2376 Τίς
3015 2313 3124 2382 γὰρ
3169 2310 3293 2372 τοὺς
3338 2309 3593 2376 δαίμονας
3630 2320 3731 2356 πε-

2163 2408 2389 2477 ποίηκεν
2440 2407 2721 2472 ἁσθενεῖς;
2755 2406 2852 2469 Τίς
2884 2406 2981 2474 τὴν
3031 2401 3325 2456 πολυθεῖαν
3377 2399 3728 2457 κατέπαυσε;

2163 2497 2259 2560 Τίς
2305 2497 2373 2550 τὰ
2421 2498 2664 2552 είδωλεῖα
2715 2494 3024 2564 διέφθειρες
3075 2494 3168 2556 Τίς
3199 2494 3267 2545 τὰ
3313 2491 3544 2560 μαντεῖα
3573 2487 3732 2542 κατέ-

2165 2605 2340 2642 παυσε
2375 2590 2689 2659 προδήλωςς
2721 2588 2794 2650 ὡς
2825 2589 2853 2639 ό
2881 2585 3113 2650 Χριστὸς
3149 2584 3330 2637 πάντα
3377 2581 3443 2635 τὰ
3489 2579 3578 2634 τοῦ
3612 2578 3728 2632 δια-ι

2163 2683 2320 2735 ϐό).ου
2343 2682 2656 2750 κατήργησε
2683 2679 2772 2731 διὰ
2799 2677 2907 2729 τῶν
2940 2673 3104 2731 αὐτοῦ
3137 2672 3413 2744 μαθητῶν.
3445 2669 3534 2739 Μὴ
3569 2667 3730 2734 νόμος

2166 2775 2352 2844 ἴσχυσε
2402 2772 2594 2835 τοῦτο;
2661 2769 2734 2839 μὴ
2794 2767 3110 2834 προφῆταις
3166 2766 3238 2833 μὴ
3293 2764 3352 2816 τὸ
3408 2763 3564 2826 γένος
3622 2758 3731 2810 τῶν

2176 2865 2449 2918 Ἰουδαίων
2496 2863 2556 2914 τὸ
2608 2860 2892 2914 θεοκτόνον
2935 2858 3030 2911 καὶ
3079 2856 3338 2920 ἁπειθέςς
3379 2853 3450 2922 μὴ
3480 2853 3526 2903 οἱ
3561 2846 3733 2904 ἀθεώ-

2164 2971 2314 3010 τατοι
2347 2955 2442 3007 καὶ
2470 2952 2857 3018 ἀσελγέστατοι
2887 2949 3140 3013 ὲθνικοί;.
3162 2948 3259 3010 Τίς
3295 2947 3353 3010 ἐξ
3392 2943 3568 2998 αὐτῶν
3601 2941 3732 3010 πρὸς

2171 3049 2468 3118 τυράννους
2531 3045 2803 3114 ἀντέστη;
2860 3042 2940 3102 τίς
2992 3040 3224 3104 ἐδίδαξεν
3273 3038 3439 3106 ἐθνης
3499 3035 3576 3096 τίς
3643 3033 3735 3084 τὸν

2170 3141 2378 3205 κόσμον
2427 3135 2632 3203 γνῶναι
2679 3133 2770 3186 τὸν
2827 3134 2884 3186 ἐν
2933 3130 3118 3198 Τριάδι
3167 3129 3300 3183 Θεὸν
3346 3125 3522 3194 ἀληθῆ
3575 3123 3736 3191 μόνον

2173 3230 2391 3292 ἒπεισες
2425 3227 2519 3279 καὶ
2548 3225 2672 3295 δίχα
2700 3222 2900 3287 ὃπλων,
2929 3222 3020 3275 καὶ
3045 3221 3167 3288 δίχα
3196 3217 3450 3279 πλούτου,
3486 3215 3578 3266 καὶ
3610 3212 3736 3281 δίχα

2172 3319 2480 3389 τυραννίδος
2513 3315 2767 3386 ἀρχικῆς,
2799 3315 2893 3368 καὶ
2922 3315 3043 3383 δίχα
3095 3311 3282 3377 σοφίας
3316 3305 3613 3374 κοσμικῆς,
3643 3305 3738 3357 καὶ

2178 3414 2315 3482 μετὰ
2362 3409 2594 3478 πτωχῶν
2629 3405 2736 3460 ’καὶ
2787 3405 3036 3476 πενήτων
3076 3403 3169 3455 καὶ
3212 3396 3502 3458 ταπεινῶν,
3535 3394 3632 3447 καὶ
3661 3393 3739 3462 τῷ

2173 3503 2320 3573 λόγῳ
2370 3500 2613 3555 ἰδιωτῶν.
2652 3499 2786 3567 Οὐχὶ
2831 3495 3066 3565 Χριστὸς
3094 3491 3264 3545 ταῦτα
3312 3488 3380 3541 δι’
3414 3486 3611 3542 ἁλιέων
3642 3483 3741 3537 καὶ

2175 3594 2283 3646 τῶν
2317 3593 2455 3646 κατὰ
2498 3591 2721 3659 καιροὺς
2769 3585 3040 3640 ταπεινῶν
3074 3581 3240 3635 αὐτοῦ
3286 3579 3486 3632 δούλων
3520 3573 3739 3642 κατώρ-

2178 3687 2372 3749 θωσεν,
2419 3681 2898 3752 ἀποθνησκόντων,
2943 3673 3310 3742 διωκομένων,
3364 3667 3741 3738 τυραννουμέ-

2179 3793 2320 3842 νων;
2350 3775 2377 3828 ὃ
2410 3775 2503 3826 καὶ
2549 3772 2717 3842 μέχρι
2770 3786 2863 3823 του
2902 3767 3170 3836 παρόντος
3206 3761 3486 3832 προδήλως
3525 3759 3740 3824 δείκνυ-

2179 3888 2289 3925 ται.
2329 3862 2497 3930 Οὗτος
2540 3861 2635 3918 οὖν
2684 3864 2717 3933 ή
2779 3861 2989 3931 μεγάλη
3024 3857 3253 3925 δύναμις
3298 3852 3396 3906 τοῦ
3449 3849 3743 3919 Πατρδένῆ

2181 3961 2330 4026 ζῶσα
2388 3959 2549 4028 σοφία
2604 3957 2698 4011 τοῦ
2756 3952 2914 4018 Θεοῦ,
2959 3953 2987 4004 ὁ
3047 3933 3424 4007 ὲνυπόστατοξ
3464 3943 3657 4010 Λόγος,
3711 3943 3745 4009 ὴ

2180 4053 2468 4124 ἀσώματός
2493 4068 2551 4104 τε
2588 4050 2818 4119 σφραγὶς
2846 4047 2938 4100 καὶ
2963 4042 3147 4107 εἰκὼν,
3173 4041 3234 4093 τδ
3267 4037 3539 4091 συναῖδιον
3571 4031 3748 4086 ἀπαύ-

2181 4160 2392 4215 γασμα,
2427 4142 2613 4211 ὥσπερ
2646 4141 2680 4210 ἡ
2707 4139 2936 4205 αἰσθητὴ
2968 4135 3106 4203 αῦτη
3143 4133 3300 4192 ἀκτὶς
3332 4126 3424 4180 τοῦ
3460 4126 3746 4193 ὁρωμένου

2187 4239 2357 4309 ἡλίου,
2385 4237 2500 4304 φῶς
2532 4238 2677 4286 ἑστιν
2705 4233 2766 4285 ὲκ
2796 4230 2890 4283 τοῦ
2927 4226 3122 4295 φωτὸς,
3155 4222 3254 4277 καὶ
3302 4220 3462 4280 αὐτὸς
3493 4223 3551 4269 τὸ
3584 4216 3747 4269 auio»

2185 4306 2298 4397 (ρῶς
2329 4331 2392 4380 ὲκ
2430 4315 2523 4378 τοῦ
2554 4323 2848 4390 ἀσωμάτου
2880 4319 2974 4372 καὶ
3005 4315 3309 4384 ἁγεννήτου
3350 4310 3552 4379 φωτὸς,
3588 4306 3754 4374 φωτὶ-

2186 4422 2268 4484 ζει
2303 4420 2370 4473 τὰ
2398 4416 2560 4472 αὐτοῦ
2592 4416 2790 4477 πάντα,
2827 4413 2920 4464 καὶ
2946 4407 3164 4475 ἁγιάζει
3194 4405 3392 4458 πάντα.
3424 4400 3531 4452 Καὶ
3561 4398 3752 4462 ὥσπερ

2187 4511 2362 4562 πάντα
2390 4507 2459 4559 τὰ
2487 4504 2740 4575 ὁρώμενα
2775 4498 3046 4570 αισθητῶς
3076 4496 3257 4564 φαίνει
3285 4509 3345 4544 τε
3381 4491 3473 4542 καὶ
3507 4488 3701 4540 θάλπει
3727 4485 3753 4535 ό

2189 4603 2357 4671 ἥλιος,
2384 4597 2524 4651 οὓτω
2567 4595 2663 4648 καὶ
2695 4592 2784 4645 διὰ
2842 4591 3060 4642 πάντων
3102 4585 3278 4655 διήκει
3317 4585 3349 4652 ἠ
3396 4580 3626 4647 δύναμις
3661 4574 3754 4628 τοῦ

2188 4693 2284 4760 τῆς
2326 4685 2669 4756 δικαιοσύνης
2715 4683 2886 4754 ἡλίου.
2914 4679 3002 4732 Διὸ
3026 4677 3118 4731 καὶ
3153 4675 3327 4730 πάντα
3356 4672 3493 4725 εἰσὶν
3526 4669 3658 4738 ἅγια
3693 4673 3759 4718 τὰ.

2192 4781 2384 4846 αὑτοῦ,
2418 4781 2514 4834 καὶ
2548 4779 2607 4830 αἱ
2630 4776 2832 4836 εἰκόνες
2869 4769 3058 4834 αὑτοῦ,
3093 4768 3188 4822 καὶ
3233 4767 3302 4820 τὰ
3338 4764 3531 4834 ἱμάτια
3567 4758 3756 4814 αὐτοῦ.

2193 4875 2228 4929 δι
2253 4874 2314 4941 δὴ
2345 4871 2436 4924 καὶ
2470 4868 2672 4938 σημεῖα
2701 4867 2916 4918 ἐποίουν
2939 4878 2953 4892 ·
2987 4860 3079 4912 καὶ
3115 4857 3222 4910 τῶν
3253 4852 3419 4907 αὐτοῦ
3454 4852 3510 4904 δὲ
3541 4852 3761 4903 πάντων

2193 4965 2412 5035 ὁμοίως.
2459 4961 2692 5020 Ἐκεῖνος
2723 4958 2828 5025 γὰρ
2864 4953 3047 5014 αὐτοῖς
3091 4950 3188 5019 τὴν
3239 4949 3391 5017 ίσχὺν
3422 4943 3758 5012 ἐδωρήσατο,

2195 5031 2450 5125 είρηκὼς,
2496 5069 2514 5101 ι
2557 5051 2614 5103 ’0
2669 5046 2942 5100 πιστεύων
2999 5046 3080 5102 εἰς
3126 5042 3246 5106 ἐμὲ,
3300 5039 3366 5090 τὰ
3395 5036 3530 5105 ἔργα
3571 5034 3606 5086 ἃ
3651 5031 3762 5099 ἐγὼ

2198 5151 2356 5214 ποιῶ,
2389 5147 2636 5204 κάκεῖνος
2665 5141 2904 5206 ποιήσει,
2940 5136 3031 5189 καὶ
3075 5131 3299 5202 μείζονα
3345 5128 3551 5181 τούτων
3607 5126 3764 5191 ποιή-

2203 5259 2300 5295 σει.
2344 5259 2362 5291 ι
2404 5238 2511 5291 Καὶ
2570 5232 2726 5285 τοῦτο
2780 5231 2836 5283 δὲ
2895 5229 2960 5281 δι’
3009 5221 3373 5290 ato-toﬁ."qu
3429 5219 3537 5287 γὰρ
3601 5215 3768 5267 πάλιν

2202 5331 2398 5390 αὐτός’
2439 5345 2455 5378 ι
2498 5324 2680 5392 Χωρὶς
2727 5317 2860 5386 ἐμοῦ
2905 5317 2964 5369 οὐ
3022 5313 3251 5367 δύνασθε
3309 5311 3482 5363 ποιεῖν
3532 5305 3709 5357 οὐδέν.
3745 5321 3761 5352 ι

2206 5424 2312 5474 Καὶ
2356 5418 2512 5486 δῆλον
2561 5413 2635 5475 ὼς
2699 5409 2919 5479 μείζονα
2992 5406 3359 5472 πεποιήκασι,
3413 5400 3503 5451 τὸν
3565 5395 3772 5464 κόσμον

2207 5509 2417 5564 ἅπαντα
2448 5506 2516 5559 δι’
2563 5499 2728 5556 αὐτοῦ
2780 5500 2843 5551 ὲκ
2885 5496 2980 5566 τῆς
3011 5494 3118 5547 τῶν
3164 5490 3396 5545 εἱδώὶων
3443 5488 3660 5556 ἀπάτης
3693 5485 3774 5546 εἰς

2205 5604 2302 5670 τὴν
2332 5597 2493 5652 αὑτοῦ
2533 5595 2686 5648 θείαν
2731 5587 3158 5660 ἐπιστρέψαντες
3211 5583 3394 5635 πίστιν
3423 5581 3488 5648 τῇ
3524 5577 3776 5646 ἐνεργείᾳ.

2207 5695 2302 5746 τ·.ῦ
2354 5689 2497 5744 θείου
2530 5687 2868 5753 Πνεῦματος.
2912 5682 3000 5733 Διὸ
3033 5680 3207 5730 πᾶντα
3258 5673 3358 5744 μὲν
3401 5673 3533 5739 ἆγια
3564 5670 3632 5720 τὰ
3680 5669 3778 5720 αὖ·

2209 5783 2328 5847 τοῦ,
2380 5780 2545 5848 ἐναγῆ
2594 5777 2647 5831 δὲ
2703 5779 2772 5828 τὰ
2822 5773 2939 5831 τῶν¹
2979 5769 3250 5840 δαιμόνων
3306 5765 3399 5821 καὶ
3458 5760 3632 5832 μιαρὰ
3685 5757 3778 5809 καὶ
