4076 6268
421 322 524 390 103

1229 323 1528 387 SYMEON
1541 326 1556 384 Ι
1569 326 1609 383 S
1658 325 1946 386 THESSA
1959 324 2408 386 LONIC‘ENSIS
2453 319 2800 380 ARCiIlEP.

3549 309 3654 368 1M

419 436 628 506 Deique
663 435 834 490 nostri
869 445 922 490 et
944 436 1312 505 apostolorum
1338 438 1706 500 traditionem,
1730 439 1843 502 qui,
1872 439 1983 492 ele-
2011 445 2036 503 Α

2126 440 2360 502 ἂνανται,
2394 435 2614 505 ἄμοιροι
2643 431 2737 485 τοῦ
2789 427 3003 498 ἐφοδίου
3037 427 3136 496 τῆς
3177 425 3350 494 ζωῆς,
3384 425 3504 495 δίχα
3536 440 3652 476 κοι-

419 525 562 578 vatis
590 523 866 587 manibus,
891 524 1171 596 benedixit
1189 524 1290 584 eis.
1316 535 1371 576 ut
1400 525 1626 577 relatum
1653 533 1764 585 est;
1790 533 1842 576 et
1866 524 1986 588 Spi-

420 615 563 670 ritus
592 624 813 669 sanctus
837 629 999 684 super
1024 616 1198 682 capita
1228 614 1600 682 apostolorum
1641 613 1813 683 sedit:
1846 632 1862 664 ι
1885 611 1988 666 Per

424 704 828 774 impositionem
853 719 1113 759 manuum
1147 704 1452 773 presbyteri
1497 722 1516 755 ι
1550 707 1625 758 ait
1650 702 1869 764 Paulus,
1897 717 1990 755 ne-

422 813 696 867 quaquam
732 812 829 866 per
871 807 1208 864 unguentum
1248 805 1302 850 et
1346 796 1605 850 chrisma.
1649 795 1757 848 Et:
1803 811 1823 844 ι
1869 791 1990 846 Noli

424 889 718 958 negligere,
741 891 814 941 ait
841 888 1150 952 Timotheo,
1175 888 1405 958 gratiam
1440 902 1558 956 quae
1586 895 1667 940 est
1696 887 1748 940 in
1776 897 1849 950 te,
1875 899 1994 953 (line

427 981 551 1034 data
583 986 664 1034 est
697 979 790 1033 tibi
823 994 918 1048 per
948 978 1353 1048 impositionem
1384 992 1645 1030 manuum
1673 989 1937 1029 mearum.
1967 992 1986 1026 ι

431 1070 648 1140 Septem
677 1069 913 1135 diaconi,
939 1068 1215 1123 Barnabas
1245 1070 1471 1136 ipseque
1501 1065 1703 1120 Paulus
1723 1074 1775 1120 et
1805 1079 1997 1118 omnes

431 1160 832 1230 impositiouem
858 1174 1113 1212 manuum
1140 1165 1471 1227 acceperunt
1493 1159 1633 1224 quod
1659 1166 1739 1208 est
1767 1170 1998 1224 vereque

429 1252 632 1307 dicitur
651 1249 962 1321 χειροτονία
987 1265 1081 1303 seu
1113 1263 1376 1301 manuum
1405 1245 1658 1302 elevatio.
1691 1243 1873 1313 Neque
1902 1259 1996 1311 per

431 1344 615 1411 plures
643 1343 946 1411 episcopos.
977 1350 1036 1394 ut
1065 1339 1199 1392 dicit
1230 1353 1402 1392 canon
1443 1335 1796 1406 apostolicus,
1827 1349 2000 1404 neque

435 1450 531 1503 per
563 1433 968 1502 impositionem
998 1430 1169 1499 aperti
1200 1427 1492 1496 Evangelii,
1513 1434 1572 1478 ut
1597 1441 1824 1492 magmrs
1845 1425 2003 1478 docet

439 1523 756 1593 Dionysius,
799 1521 896 1576 scd
923 1520 1064 1587 apud
1097 1523 1194 1572 eos
1221 1533 1364 1586 saepe
1400 1533 1539 1571 unus
1568 1518 1857 1585 episcopus
1889 1515 2005 1584 epi-

433 1631 656 1683 scopum
687 1614 920 1668 instituit
944 1611 1226 1682 cujusdam
1251 1626 1352 1682 0pe
1377 1610 1637 1682 unguenti
1668 1609 2004 1671 chrismatis,

434 1719 622 1760 contra
661 1706 1007 1760 traditionem
1045 1703 1441 1770 apostolorum,
1470 1717 1534 1755 eo
1570 1701 1742 1769 magis
1767 1699 1911 1769 quod
1939 1714 2003 1751 ex

2091 531 2289 593 νωνίας
2317 529 2426 581 τῖον
2455 525 2768 596 μυστηρίων
2801 521 2912 576 τῶν
2959 515 3063 574 ὦδε
3096 519 3466 587 ἐξερχόμενοι.
3510 515 3651 567 Ἀλλ’

2091 622 2200 676 οὐδ’
2247 625 2307 674 ἐν
2367 619 2445 690 τῷ
2495 615 2872 685 θυσιαστηρίῳ
2901 616 2967 682 τῇ
3002 611 3245 666 ἐπιθέσει
3291 609 3402 662 τῶν
3456 608 3655 678 χειρῶν

2091 714 2192 775 τάς
2236 710 2576 782 χειροτονίας
2605 705 2890 775 ἐνεργοῦσι
2921 703 3033 762 τῶν
3067 700 3287 754 οἰκείων
3316 699 3654 762 ἐπισκόπων,

2094 806 2237 858 κατά
2275 805 2374 871 τὴν
2408 800 2616 856 ἄπωθεν
2645 798 2740 852 τοῦ
2794 794 3035 865 Χριστοῦ
3085 795 3178 846 καὶ
3207 789 3344 844 Θεοῦ
3375 789 3528 858 ἡμῶν
3564 790 3659 842 καὶ

2095 896 2204 947 τῶν
2256 893 2569 947 ἀποστόλων
2615 888 2782 943 αὐτοῦ
2833 887 3167 958 παράδοσιν
3223 884 3280 944 ὃς
3321 882 3532 950 ἐπάρας
3562 883 3660 945 τὰς

2098 992 2284 1055 χεῖρας
2305 983 2495 1048 αὑτοῦ,
2513 981 2810 1052 εὐλόγησεν
2830 979 3052 1041 αὐτοὺς,
3071 977 3229 1044 φησὶ,
3247 973 3422 1026 καὶτὸ
3443 972 3663 1039 Πνεῦμα

2097 1077 2159 1128 τὸ
2188 1076 2342 1142 ᾶγιον
2369 1074 2446 1136 είς
2477 1074 2574 1135 τὰς
2611 1069 2855 1136 κεφαλὰς
2895 1069 3005 1121 τῶν
3051 1065 3365 1119 ἀποστόλων
3421 1061 3663 1122 ἐκάθισε,

2100 1170 2196 1221 καὶ
2224 1166 2311 1219 διὰ
2338 1166 2440 1234 τῆς
2473 1164 2771 1224 ἐπιθέσεως
2822 1161 2978 1229 (φησι
3013 1158 3247 1224 Παῦλος)
3297 1153 3407 1208 τῶν
3465 1155 3666 1224 χειρῶν

2101 1257 2196 1310 τοῦ
2235 1256 2658 1327 πρεσὸυτερὶου,
2687 1254 2782 1308 καὶ
2816 1253 2877 1303 οὐ
2916 1251 3003 1304 διὰ
3063 1249 3236 1319 μύρου
3287 1248 3383 1299 καὶ
3425 1246 3668 1315 χρίσμα-

2101 1366 2214 1412 τος.
2246 1350 2356 1401 Kal
2387 1349 2462 1416 μὴ
2497 1345 2690 1415 ἀμέλει
2715 1343 2807 1396 τοῦ
2839 1345 2896 1395 ἐν
2940 1344 3019 1394 ao".
3051 1341 3415 1409 χαρίσματος,
3440 1337 3468 1390 ὃ
3508 1337 3670 1403 ἐδουη

2109 1456 2213 1499 σοι,
2242 1437 2496 1506 Τιμοθέῳ
2523 1435 2696 1503 λέγει,
2727 1435 2813 1485 διὰ
2843 1434 2942 1501 τῆς
2973 1430 3268 1490 ἐπιθέσεως
3299 1429 3408 1479 τῶν
3470 1427 3672 1494 χειρῶν

2110 1547 2234 1600 μου.
2266 1529 2376 1581 Καὶ
2408 1529 2458 1580 oi
2492 1528 2632 1581 ἐπτά
2675 1526 2731 1578 δὲ
2782 1517 2896 1587 τῶν,
2939 1523 3226 1584 διακόνων,
3257 1520 3351 1574 καὶ
3382 1519 3674 1589 Βαρνάὸας

2108 1623 2204 1675 καὶ
2261 1621 2471 1684 Παῦλος
2518 1619 2678 1680 αὐτὸς
2735 1618 2830 1671 καὶ
2890 1617 3112 1678 πάντες,
3159 1613 3434 1675 ἐπιθέσεις
3471 1610 3674 1682 χειρῶν
3775 1647 3783 1654 .

2111 1711 2361 1775 ἐδέξαντο
2383 1727 2394 1737 ’
2430 1709 2458 1764 ὃ
2485 1713 2578 1762 καὶ
2605 1709 2914 1778 χειροτονία
2941 1707 3058 1760 ἐστι
3093 1723 3155 1760 τε
3189 1706 3282 1758 καὶ
3305 1703 3523 1770 λέγεται
3547 1702 3677 1766 ἀλη-

436 1795 552 1864 leg'e
583 1796 634 1848 id
667 1795 894 1848 faciunt.
918 1793 973 1847 Si
999 1807 1126 1846 vero
1157 1793 1339 1862 plures
1364 1792 1660 1861 aliquando
1690 1791 1874 1844 adsint
1898 1789 2009 1858 epiv

2126 1801 2253 1862 δῶςν
2283 1799 2393 1852 οὐδ’
2419 1801 2522 1852 ὑπὸ
2558 1798 2820 1852 πλειόνων
2851 1795 3184 1856 ἐπισκόπων,
3215 1795 3290 1856 ὡς
3326 1795 3352 1845 6
3383 1791 3675 1844 ἀποστολι-

439 1887 612 1956 sc0pi,
650 1887 700 1938 hi
729 1895 906 1939 tamen
947 1899 1285 1953 nequaquam
1313 1899 1436 1938 cum
1475 1883 1648 1951 primo
1674 1883 2006 1944 ministrant,

441 1993 547 2032 non
579 1979 722 2031 enim
761 1989 1014 2046 possunt,
1051 1978 1280 2047 ideoque
1317 1992 1440 2031 cum
1487 1991 1592 2031 non
1626 1973 1789 2030 simul
1822 1973 2011 2028 ruinis-

441 2077 604 2136 trent,
636 2069 996 2124 ordinandum
1030 2070 1251 2124 minime
1283 2067 1442 2124 simul
1475 2066 1750 2120 ordinant.
1780 2065 1884 2119 Sed
1914 2079 2011 2118 ne-

443 2178 550 2231 que
577 2173 806 2230 possunt
831 2162 905 2214 illi
934 2177 1058 2215 cum
1087 2161 1206 2214 aliis
1234 2159 1396 2216 simul
1421 2173 1637 2214 sacrum
1660 2157 1859 2222 facere,
1880 2171 2016 2226 quo-

447 2254 593 2306 niam
623 2261 940 2308 consecrata
971 2267 1158 2322 azyma
1188 2250 1440 2321 frangere
1465 2256 1743 2318 nequeunt
1764 2257 1816 2303 et
1840 2249 2012 2317 pluri-

449 2344 551 2400 bus
573 2345 919 2406 distribuere,
939 2344 1083 2398 sicut
1105 2342 1326 2396 tradidit
1353 2340 1600 2395 Salvator
1621 2339 1712 2411 qui
1741 2338 2016 2394 benedixit

448 2448 503 2491 et
533 2435 692 2504 fregit
739 2434 1130 2504 discipulisque
1183 2433 1488 2487 distribuit.
1523 2431 1864 2501 Quapropter
1908 2445 2014 2483 non

449 2542 570 2582 mos
620 2535 704 2582 cst
738 2516 1040 2580 Latinis'ut
1073 2524 1252 2592 plures
1285 2521 1588 2597 presbyteri
1644 2522 1725 2575 vel
1775 2519 2018 2590 episcopi

450 2618 614 2673 simul
649 2627 966 2688 operentur.
1015 2615 1123 2670 Nec
1154 2615 1313 2670 simul
1353 2628 1417 2668 ex
1477 2628 1584 2666 uno
1617 2627 1755 2681 pane
1801 2628 2020 2680 unoque

457 2709 630 2763 calice
654 2706 999 2776 participant,
1021 2704 1476 2773 quemadmodum
1499 2701 1698 2754 Paulus
1729 2715 1760 2754 a
1796 2701 2021 2754 Domino

459 2797 694 2867 accepit,
730 2810 941 2864 nosque
972 2795 1090 2863 pios
1132 2794 1310 2846 facere
1343 2790 1586 2854 edocuit;
1622 2787 1825 2842 idcirco
1866 2803 2023 2841 nemo

455 2889 599 2958 apud
635 2902 731 2941 eos
768 2887 931 2939 simul
975 2897 1099 2937 cum
1135 2897 1269 2951 papa
1305 2895 1523 2935 sacrum
1561 2881 1690 2932 facit
1723 2880 1826 2933 nisi
1874 2877 2024 2932 solus

455 2981 741 3035 diaconus.
770 2973 963 3030 Omnia
994 2974 1254 3028 innovant
1284 2981 1472 3027 contra
1510 2970 1852 3025 traditionem
1893 2985 2024 3038 apo-

457 3069 720 3125 stolorum
771 3065 1180 3134 Salvatorisque
1233 3063 1400 3117 nostri
1445 3071 1608 3134 atque
1655 3061 1872 3116 Patrum
1930 3061 2021 3128 qui

457 3159 720 3232 apostolis
771 3168 1185 3218 successerunt,
1227 3155 1687 3226 quemadmodum
1737 3155 1803 3220 de
1841 3154 2022 3208 habitu

458 3254 874 3308 monachorum.
907 3249 1115 3303 Etenim
1137 3263 1259 3302 cum
1288 3263 1427 3302 unus
1452 3255 1596 3302 esset
1620 3246 1861 3309 habitus,
1883 3247 2028 3299 hunc

460 3344 538 3405 illi
566 3344 620 3396 in
655 3342 853 3395 multas
885 3352 1067 3408 partes
1097 3341 1426 3401 diviserunt,
1458 3341 1752 3407 pluresque
1810 3339 2028 3391 habitus

458 3433 726 3494 fecerunt,
757 3431 902 3498 quod
925 3433 1106 3484 nullus
1129 3447 1158 3483 e
1187 3429 1440 3485 Patribus
1477 3431 1769 3501 mandavit,
1796 3429 1886 3480 sed
1915 3442 2032 3480 om-

460 3540 564 3586 nes
620 3539 787 3577 unum
844 3523 1018 3576 solum
1076 3523 1215 3575 sicut
1273 3530 1326 3574 et
1384 3521 1710 3589 baptismum
1780 3518 2030 3572 monachi

463 3614 710 3672 habitum
735 3612 962 3679 dicunt;
1013 3613 1080 3666 de
1126 3627 1236 3680 quo
1281 3610 1440 3665 divus
1489 3623 1706 3678 quoque
1761 3609 2035 3661 mandarit

459 3706 778 3774 (Dionysius.
802 3701 856 3757 Si
886 3717 1014 3756 vero
1046 3703 1184 3769 apud
1213 3715 1312 3756 nos
1337 3702 1510 3768 major
1532 3709 1585 3753 et
1612 3704 1789 3753 n.inor
1814 3700 2032 3754 habitus

450 3797 792 3864 appellatur,
820 3793 1041 3847 minime
1063 3795 1204 3845 duos
1233 3791 1352 3844 illos
1375 3791 1628 3852 dicimus,
1659 3790 1752 3842 sed
1785 3802 1924 3840 unus
1941 3789 2032 3855 qui

455 3886 639 3954 .utajor
661 3892 716 3938 et
743 3882 1017 3952 perfectus
1041 3887 1147 3943 est,
1170 3888 1223 3931 et
1249 3879 1339 3945 qui
1367 3876 1542 3930 minor
1564 3873 1787 3937 dicitur,
1806 3877 1899 3939 qui
1924 3888 2034 3925 ma-

451 3975 598 4051 joris
629 3975 824 4042 pignus
854 3980 938 4025 est
964 3968 1238 4038 hujusque
1265 3966 1480 4020 innitimur
1504 3976 1557 4018 et
1576 3963 1894 4032 prommium
1918 3979 1932 4026 ;
1953 3977 2032 4015 seo

465 4079 529 4120 ro
549 4080 579 4118 a
606 4063 931 4135 quibusdam
952 4059 1206 4115 Patribus
1231 4059 1328 4111 fuit
1348 4057 1704 4125 excogitatus,
1727 4054 2036 4108 utarrhabo

464 4157 664 4230 prioris
695 4155 946 4218 traditus,
969 4153 1236 4222 posterius
1255 4158 1434 4206 autem
1456 4149 1727 4220 perfectus
1745 4146 1866 4210 fuit,
1888 4147 1960 4198 ita
1981 4156 2038 4198 ut

458 4265 609 4319 pnus
630 4257 835 4300 tantum
861 4245 1140 4309 tradatur;
1161 4243 1280 4297 ideo
1301 4242 1495 4312 pignus
1513 4240 1735 4311 majoris
1756 4238 2040 4306 sanctique

451 4340 686 4407 ,banitus
713 4346 957 4390 vocatur.
986 4331 1226 4403 Longam
1252 4332 1318 4386 de
1357 4347 1414 4385 re
1439 4331 1538 4385 ista
1565 4331 1865 4385 orationem
1913 4329 2041 4382 facit

2112 1893 2208 1955 κὸς
2233 1891 2413 1946 κανὼν
2445 1891 2615 1958 λέγει,
2646 1890 2766 1941 οὒδέ
2795 1889 2882 1942 διὰ
2920 1887 3018 1956 τῆς
3059 1885 3153 1938 τοῦ
3187 1883 3517 1951 Εὑαγγελίου
3551 1885 3676 1934 ἀνευ

2111 1983 2363 2053 ῳγμένου
2391 1981 2710 2043 ἐπιθέσεως,
2739 1980 2810 2042 ὡς
2841 1981 2869 2032 6
2907 1980 3081 2047 μέγας
3109 1967 3348 2030 διδάσκει
3380 1975 3674 2034 Διονύσιοςο

2114 2073 2228 2125 ἀλλ’
2257 2067 2336 2134 εἷς
2360 2070 2658 2132 ἐπίσκοπος
2691 2061 2820 2139 παρ’
2852 2069 3034 2130 αὐτοῖς
3083 2066 3345 2126 πολλάκις
3377 2063 3678 2117 ἐπίσκοπον

2115 2163 2430 2233 χειροτονεῖ,
2457 2161 2552 2214 καὶ.
2578 2160 2841 2229 χρίσματι
2874 2157 3046 2227 μύρου
3076 2157 3244 2220 τινὸς,
3266 2156 3418 2224 παρά
3448 2153 3547 2222 τὴν
3571 2152 3677 2203 τῶν

2116 2255 2428 2309 ἀποστόλων
2461 2253 2759 2322 παράδοσιν
2783 2265 2798 2280 ⁸
2831 2250 3068 2318 μάλιστα
3099 2250 3157 2301 δὲ
3211 2249 3469 2317 νομικῶς.
3504 2247 3563 2298 Ei
3615 2243 3674 2295 δὲ

2118 2348 2216 2402 καὶ
2248 2343 2470 2415 πάρεισί
2524 2359 2652 2395 ποτε
2709 2342 2929 2403 πλείους
2958 2341 3065 2392 τῶν
3097 2340 3439 2404 ἐπισκόπων,
3467 2335 3582 2389 ἀλλ’
3619 2336 3678 2386 οὐ

2121 2433 2628 2502 συλλειτουργοῦσιν
2680 2426 2824 2486 οὗτοι
2858 2431 2935 2500 τῷ
2981 2431 3203 2500 πρώτῳ.
3237 2430 3372 2483 Οὐδέ
3419 2429 3528 2498 γάρ
3588 2427 3683 2480 δύο

2121 2547 2332 2586 νανται.
2364 2527 2454 2579 Διδ
2481 2526 2556 2596 μὴ
2591 2507 3152 2593 συλλειτουργοῦντες,
3188 2521 3309 2574 οὺδέ
3341 2534 3685 2589 συγχειροτοο

2121 2620 2271 2674 νοῦσι
2299 2619 2390 2672 τὸν
2427 2615 2924 2686 χιιροτονοῦμενον.
2971 2614 3109 2667 Ἀλλ’
3149 2614 3268 2667 οὐδὲ
3319 2613 3539 2667 δυνατὸν
3587 2609 3686 2661 αῦ-

2121 2717 2230 2777 τοίς
2263 2715 2409 2766 ἐστιν
2440 2711 2694 2782 ἀλλήλοις
2748 2710 3207 2778 συλλειτουργεϊν,
3252 2709 3332 2760 ὅτι
3382 2707 3502 2760 οὐδὲ
3531 2706 3688 2756 δυνα-

2122 2807 2213 2858 τὸν
2238 2806 2300 2858 τὺ
2357 2805 2815 2875 ίερουργούμενον
2873 2804 3084 2871 ἄζυμον
3142 2801 3395 2861 κλᾶσθαι,
3430 2799 3523 2852 καὶ
3575 2799 3688 2861 τοῖς

2125 2896 2340 2958 πολλοῖς
2401 2893 2802 2965 μεταδίδοσθαι,
2860 2893 2936 2956 ὡς
2990 2891 3374 2961 παραδέδωκεν
3413 2891 3440 2940 ό
3474 2890 3690 2956 Σωτὴρ,

2129 2987 2491 3057 ἱερουργήσας
2521 2986 2614 3038 καὶ
2645 2986 2874 3049 κλάσας,
2922 2982 3017 3036 καὶ
3075 2985 3189 3040 τοῖς
3231 2983 3495 3052 μαθηταῖς
3529 2999 3695 3050 μετα.

2127 3078 2270 3139 δούς.
2308 3076 2398 3129 Διὸ
2425 3076 2534 3129 οὐδ’
2577 3075 2698 3134 έθος
2747 3073 3000 3136 Λατίνοις
3029 3073 3164 3143 ὁμοῦ
3198 3072 3534 3142 λειτουργεῖν
3562 3088 3696 3138 πρε-

2132 3167 2432 3236 σϐυτέρους
2494 3165 2714 3228 πλείους
2746 3165 2780 3235 ἢ
2811 3165 3170 3228 ἐπισκόπους,
3193 3164 3300 3217 οὐδ⁹
3342 3162 3476 3232 ὁμοῦ
3509 3163 3570 3215 ἐκ
3599 3162 3693 3213 τοῦ

2131 3257 2244 3319 ἐνὸς
2265 3257 2428 3325 ἄρτου
2462 3255 2558 3309 καὶ
2585 3254 2677 3308 τοῦ
2710 3255 2967 3323 ποτηρίου
2997 3255 3269 3324 μετέχειν,
3290 3253 3478 3322 ὥσπερ
3499 3255 3526 3305 6
3552 3252 3696 3303 ":16-

2130 3347 2218 3409 λος
2241 3347 2546 3416 παρέλαϐεν
2569 3347 2678 3400 ἀπὸ
2695 3346 2786 3399 τοῦ
2808 3346 3030 3414 Κυρίου,
3051 3347 3141 3397 καὶ
3162 3345 3441 3413 παρέδωκε
3462 3346 3584 3402 τοὶς
3607 3343 3694 3393 εὐ-

2135 3437 2310 3497 σεϐεῖς
2345 3437 2448 3508 31
2488 3438 2638 3506 ἡμᾶς
2681 3437 2940 3504 ἐνεργεῖν.
2966 3435 3055 3486 Διὸ
3077 3433 3196 3486 οὐδὲ
3224 3429 3692 3495 συλλειτουργοῦσι

2131 3526 2209 3596 τῷ
2231 3527 2433 3596 πάππα
2455 3526 2596 3588 τινὲς
2617 3525 2793 3578 αὐτῶν
2815 3525 2863 3576 εί
2897 3523 2972 3593 μὴ
2999 3523 3240 3584 διάκονος
3277 3520 3436 3591 μόνος
3458 3535 3472 3550 ·
3511 3520 3687 3570 πάντα

2134 3618 2410 3678 ποιοῦντες
2442 3617 2734 3685 καινότερα
2779 3618 2871 3669 καὶ
2918 3615 3070 3682 παρά
3101 3613 3199 3682 τὴν
3227 3612 3338 3663 τῶν
3378 3609 3693 3663 ἀποστόλων

2135 3709 2230 3761 καὶ
2255 3707 2349 3761 τοῦ
2378 3708 2631 3777 Σωτῆρος
2659 3707 2815 3775 ἡμῶν
2844 3705 3142 3774 παράδοσιν
3171 3705 3270 3756 καὶ
3298 3702 3407 3755 τῶν
3434 3702 3696 3769 διαδόχων

2134 3799 2243 3852 τῶν
2269 3799 2583 3851 ἀποστόλων
2612 3797 2888 3864 Πατέρων,
2917 3795 2992 3858 ὼς
3025 3796 3121 3848 καὶ
3147 3796 3207 3847 τὸ
3233 3794 3421 3864 σχῆμα
3452 3795 3558 3846 τῶν
3601 3811 3698 3860 μο-

2137 3891 2318 3959 ναχῶν
2343 3906 2358 3922 ο
2388 3890 2507 3950 ἐνὸς
2541 3891 2648 3956 γὰρ
2683 3889 2833 3948 ὖντος
2882 3886 2976 3940 τοῦ
3024 3887 3302 3958 σχήματος
3326 3927 3341 3950 ,
3376 3887 3454 3946 είς
3502 3884 3702 3945 πολλὰς

2137 3978 2283 4030 οὗτοι
2314 3977 2474 4032 τοῦτο
2509 3979 2806 4047 κατέτεμον
2837 3977 3053 4045 μοίρας,
3087 3976 3182 4028 καὶ
3216 3975 3445 4027 πλεῖστα
3473 3974 3540 4027 τὰ
3569 3977 3704 4041 σχή-

2143 4089 2286 4141 ματα
2320 4073 2706 4139 πεποιήκασιν.
2741 4069 2921 4138 Ὅπερ
2950 4069 3126 4130 οὐδεὶς
3162 4067 3558 4137 νενομοθέτηκε
3597 4067 3704 4117 τῶν

2141 4160 2421 4230 Πατέρων,
2449 4159 2586 4214 ἀλλὰ
2615 4159 2814 4220 πάντες
2849 4156 2907 4209 ἓν
2935 4159 3030 4214 καὶ
3069 4157 3226 4227 μόνον
3252 4156 3327 4219 ὡς
3372 4157 3464 4209 καὶ
3513 4157 3573 4206 τὸ
3610 4153 3707 4224 βάο

2142 4267 2355 4319 πτισμα
2387 4249 2445 4304 λὲ
2464 4266 2613 4318 γουσι
2662 4249 2721 4299 τὸ
2777 4248 2961 4317 σχῆμα
3013 4244 3108 4298 τοῦ
3159 4246 3419 4315 μοειαχού,
3475 4246 3598 4313 περὶ
3646 4236 3706 4294 οῦ

2141 4344 2237 4396 καὶ
2270 4345 2297 4394 ό
2334 4343 2473 4403 θεῖος
2504 4341 2786 4410 νομοθετεί
2807 4337 3102 4400 Διονύσιος.
3131 4338 3192 4389 Ei
3216 4337 3272 4391 δὲ
3308 4338 3402 4390 καὶ
3426 4334 3557 4408 παρ’
3581 4337 3710 4404 ἡμῖν

461 4443 695 4498 magnus
726 4428 866 4480 inter
895 4425 1176 4494 theologos
1207 4423 1489 4478 confessor
1527 4433 1582 4474 et
1607 4421 1764 4473 Pater
1796 4419 2036 4473 Studites

2146 4435 2342 4502 μικρὸν
2376 4435 2472 4489 καὶ
2505 4433 2648 4502 μέγα
2681 4431 2900 4496 λέγεται
2940 4433 3149 4500 σχῆμα,
3195 4430 3254 4481 οὺ
3286 4429 3377 4481 δύο
3405 4427 3576 4480 ταῦτά
3611 4444 3710 4492 φλ-

466 4520 815 4589 Theodorus.
853 4515 960 4571 Sed
987 4532 1091 4569 non
1118 4519 1220 4569 ista
1288 4523 1496 4566 tantum
1555 4520 1749 4564 contra
1799 4513 2039 4579 peranti-

465 4630 642 4680 quam
679 4609 936 4666 Ecclesia:
983 4606 1464 4667 consuetudinem,
1500 4616 1686 4656 vermn
1721 4602 1884 4654 etiam
1923 4616 2043 4654 sex-

463 4714 628 4768 ,ceuta
683 4703 787 4755 alia
846 4699 1176 4754 Christianis
1243 4695 1515 4751 discordia
1578 4702 1818 4763 patraut.
1890 4693 2042 4745 Multi

471 4795 688 4855 .uxuria
739 4800 794 4844 ct
841 4791 1063 4843 lascivia
1113 4787 1383 4854 difﬂuunt,
1443 4795 1496 4842 et
1543 4786 1609 4841 de
1641 4777 1742 4839 hac
1777 4798 1836 4838 re
1861 4783 2044 4836 nullus

471 4895 555 4943 est
577 4886 660 4938 eis
683 4897 881 4946 sermo,
901 4882 1012 4934 sive
1040 4880 1345 4944 monachis,
1371 4881 1484 4933 sive
1509 4867 1904 4941 sacerdotibus,
1933 4878 2047 4929 sive

473 4977 656 5042 laicis,
690 4974 794 5028 etsi
825 4972 1083 5025 Dominus
1118 4971 1328 5039 impure
1358 4970 1789 5038 conspicientem
1817 4968 2046 5036 castiga-

475 5072 614 5122 verit
641 5076 695 5120 et
725 5063 1030 5124 adulterum
1059 5061 1212 5114 illum
1245 5061 1460 5124 dixerit,
1515 5061 1620 5114 etsi
1657 5059 1858 5113 Paulus
1894 5067 2044 5113 tanta

474 5162 724 5219 docuerit
745 5159 1006 5214 adversus
1038 5155 1395 5222 fornicantes,
1427 5165 1482 5211 et
1507 5156 1736 5225 apostoli
1765 5156 1834 5210 ab
1890 5154 2048 5208 initio

477 5269 572 5324 per
604 5251 890 5323 epiStolam
924 5247 1307 5303 mandaverint
1339 5256 1397 5299 ut
1425 5247 1712 5300 credentes
1735 5261 1764 5300 e
1799 5247 2050 5313 gentibus

478 5347 548 5397 ab
578 5342 917 5413 idolothytis,
972 5339 1260 5407 sanguine,
1290 5335 1556 5390 sulfocato
1583 5345 1638 5388 et
1690 5335 2052 5391 fornicatione

477 5434 834 5487 abstinerent.
873 5430 998 5485 Haec
1024 5429 1278 5493 dicimus,
1309 5427 1531 5480 minime
1559 5428 1686 5495 quia
1717 5426 1963 5479 nonnulli
1985 5439 2050 5479 ex

480 5524 686 5578 nostris
715 5523 767 5575 iu
800 5521 1218 5577 fornicationem
1251 5535 1356 5574 non
1419 5517 1720 5574 ceciderint
1745 5533 1761 5584 ς
1798 5518 2052 5571 novimus

479 5617 623 5670 enim
656 5615 920 5682 quosdam
950 5613 1126 5680 lapsos
1162 5627 1306 5673 esse,
1339 5624 1388 5665 et
1422 5611 1522 5664 hos
1541 5609 1857 5678 pmniteutia
1882 5609 2051 5661 corri-

481 5707 696 5784 gimus;
724 5706 816 5761 sed
838 5706 965 5776 quia
989 5705 1128 5782 apud
1157 5703 1380 5757 Latinos
1426 5702 1679 5759 fornicari
1733 5708 1816 5754 cst
1861 5713 2050 5774 prope-

2151 4542 2272 4596 μεν,
2302 4523 2418 4576 ἀλλ’
2449 4523 2507 4576 ἓν
2531 4522 2663 4575 αὐτὸ
2691 4523 2752 4574 τὺ
2806 4524 2948 4591 μέγα
3001 4521 3096 4573 καὶ
3143 4519 3368 4572 τέλειον.
3414 4518 3557 4572 Αὐτὸ
3598 4517 3652 4568 δὲ
3683 4515 3711 4566 ὃ

2145 4617 2364 4682 λέγεται
2415 4614 2634 4684 μικρὸν,
2681 4613 2941 4683 ἀρραϐών
2989 4613 3105 4663 ἐστι
3158 4610 3252 4661 τοῦ
3304 4608 3581 4677 μεγάλου,
3619 4611 3712 4658 καὶ

2143 4705 2370 4776 ἀπαρχὴ
2407 4702 2575 4758 αὐτοῦ
2599 4703 2693 4756 καὶ
2717 4702 3025 4773 προοίμιον,
3057 4701 3150 4753 καὶ
3177 4700 3267 4758 διὰ
3296 4701 3394 4768 τὴν
3426 4699 3712 4754 ἀσθένειαν

2147 4795 2376 4865 ὕστερον
2408 4791 2698 4862 ἐπινοηθέν
2727 4807 2840 4844 τισι
2870 4792 2980 4843 τῶν
3012 4790 3291 4859 Πατέρων,
3344 4790 3418 4852 ὡς
3455 4789 3713 4860 ἀρραϐὼν

2148 4887 2244 4940 τοῦ
2275 4885 2496 4955 πρώτου
2527 4883 2830 4952 διδόμενον,
2878 4881 3104 4951 ὕστερον
3137 4881 3194 4934 δὲ
3228 4877 3603 4947 τελειούμενον
3639 4880 3716 4938 εἰς

2149 4977 2282 5037 αὐτὸ
2329 4977 2392 5048 δὴ
2438 4977 2500 5028 τὸ
2535 4973 2975 5045 παραδεδομένον
3029 4974 3124 5024 καὶ
3172 4973 3253 5025 ἐν.
3303 4972 3401 5024 Διά
3431 4969 3590 5022 τοῦτο
3625 4969 3720 5020 καὶ

2150 5067 2410 5140 ἀῤῥαόὼν
2431 5066 2527 5120 τοῦ
2559 5065 2796 5136 μεγάλου
2825 5065 2920 5118 καὶ
2949 5064 3108 5130 ἁγίου
3138 5062 3388 5116 καλεῖται
3419 5063 3715 5132 σχήματος.

2151 5160 2262 5215 Καὶ
2291 5157 2461 5210 πολὺν
2508 5156 2640 5227 περὶ
2688 5155 2879 5212 τούτου
2914 5155 3152 5211 ποιεῖται
3185 5153 3278 5206 τὸν
3313 5153 3467 5219 λόγον
3496 5154 3522 5204 ό
3548 5151 3720 5219 μέγας

2151 5251 2208 5301 ἐν
2249 5248 2522 5316 θεολόγοις
2554 5248 2650 5300 καὶ
2684 5247 3164 5316 6poiqu1’qsxai
3197 5245 3407 5313 Πατὴρ,
3445 5245 3472 5293 6
3503 5241 3719 5293 Στουδί-

2154 5358 2249 5408 της
2296 5340 2588 5408 Θεόδωρος,
2625 5338 2702 5392 Οὐ
2741 5340 2902 5405 μόνον
2950 5337 3127 5393 τοίνυν
3179 5335 3249 5394 τά
3295 5333 3522 5386 τοιαῦτα
3569 5330 3721 5399 παρά

2153 5431 2250 5498 τὴν
2297 5427 2762 5499 ἐκκλησιαστικὴν
2807 5428 3042 5497 ἐξαρχῆς
3087 5430 3416 5498 συνήθειαν,
3454 5425 3589 5478 ἀλλὰ
3623 5425 3720 5481 καὶ

2159 5522 2326 5591 μυρία
2389 5521 2557 5589 ἐτερα
2609 5521 2958 5587 λριστιανοίς
3012 5520 3327 5588 ἀνάρμοστα
3391 5516 3718 5587 ἐνεργοῦσι,

2157 5613 2410 5681 ποριείας
2437 5611 2621 5681 σχεδὸν
2655 5609 2895 5672 ἅπαντες
2937 5611 3292 5672 ἀκολάστους.
3338 5611 3445 5662 Καὶ
3475 5610 3534 5660 οὐ
3565 5608 3724 5673 λόγος

2157 5706 2337 5766 αὐτοῖς
2370 5702 2502 5764 ὅλως
2537 5702 2666 5777 περὶ
2694 5701 2885 5754 τούτου
2915 5701 2972 5754 ἓν
3006 5719 3062 5755 τε
3113 5705 3391 5776 μοναχοίς,
3433 5703 3527 5754 καὶ
3562 5702 3729 5770 i590)-
