  <div class='ocr_page' id='page_1' title='image "/cluster/home/n/w/nwhite01/storage/ocr_20150623/155/mdp.39015022213998/060.png"; bbox 0 0 4076 6268; ppageno 0'>
   <div class='ocr_carea' id='block_1_1' title="bbox 393 356 498 423">
    <p class='ocr_par' dir='ltr' id='par_1_1' title="bbox 393 356 498 423">
     <span class='ocr_line' id='line_1_1' title="bbox 393 356 498 423; baseline 0.01 -1"><span class='ocrx_word' id='word_1_1' title='bbox 393 356 498 423; x_wconf 83' lang='lat'><strong>105</strong></span> 
     </span>
    </p>
   </div>
   <div class='ocr_carea' id='block_1_2' title="bbox 1350 304 2598 426">
    <p class='ocr_par' dir='ltr' id='par_1_2' title="bbox 1350 304 2598 426">
     <span class='ocr_line' id='line_1_2' title="bbox 1350 304 2598 426; baseline -0.009 -2"><span class='ocrx_word' id='word_1_2' title='bbox 1350 304 1355 309; x_wconf 23' lang='grc' dir='ltr'><strong>Ι</strong></span> <span class='ocrx_word' id='word_1_3' title='bbox 1421 354 1815 426; x_wconf 59' lang='grc' dir='ltr'><strong>,ΒΙᾹΙλΟΟυΞ</strong></span> <span class='ocrx_word' id='word_1_4' title='bbox 1855 351 2164 414; x_wconf 74' lang='lat' dir='ltr'><strong>CONTRA</strong></span> <span class='ocrx_word' id='word_1_5' title='bbox 2210 347 2598 413; x_wconf 65' lang='lat' dir='ltr'><strong>HIERESES.</strong></span> 
     </span>
    </p>
   </div>
   <div class='ocr_carea' id='block_1_3' title="bbox 3558 351 3662 416">
    <p class='ocr_par' dir='ltr' id='par_1_3' title="bbox 3558 351 3662 416">
     <span class='ocr_line' id='line_1_3' title="bbox 3558 351 3662 416; baseline -0.038 1"><span class='ocrx_word' id='word_1_6' title='bbox 3558 351 3662 416; x_wconf 74' lang='lat'><strong>106</strong></span> 
     </span>
    </p>
   </div>
   <div class='ocr_carea' id='block_1_4' title="bbox 391 459 1961 544">
    <p class='ocr_par' dir='ltr' id='par_1_4' title="bbox 391 468 1960 544">
     <span class='ocr_line' id='line_1_4' title="bbox 391 468 1960 544; baseline -0.004 -17"><span class='ocrx_word' id='word_1_7' title='bbox 391 478 598 544; x_wconf 71' lang='grc' dir='ltr'><strong>μένοις,</strong></span> <span class='ocrx_word' id='word_1_8' title='bbox 629 475 726 526; x_wconf 72' lang='grc' dir='ltr'><strong>καὶ</strong></span> <span class='ocrx_word' id='word_1_9' title='bbox 767 472 1000 535; x_wconf 75' lang='grc' dir='ltr'><strong>λαῐκυίς.</strong></span> <span class='ocrx_word' id='word_1_10' title='bbox 1031 470 1212 527; x_wconf 88' lang='grc' dir='ltr'><strong>καίτοι</strong></span> <span class='ocrx_word' id='word_1_11' title='bbox 1251 487 1316 541; x_wconf 85' lang='grc' dir='ltr'><strong>γε</strong></span> <span class='ocrx_word' id='word_1_12' title='bbox 1345 469 1443 525; x_wconf 78' lang='grc' dir='ltr'><strong>τοῦ</strong></span> <span class='ocrx_word' id='word_1_13' title='bbox 1487 471 1693 542; x_wconf 83' lang='grc' dir='ltr'><strong>Κυρίου</strong></span> <span class='ocrx_word' id='word_1_14' title='bbox 1735 468 1830 522; x_wconf 86' lang='grc' dir='ltr'><strong>τδν</strong></span> <span class='ocrx_word' id='word_1_15' title='bbox 1857 469 1960 536; x_wconf 72' lang='grc' dir='ltr'><strong>εμ-</strong></span> 
     </span>
    </p>
   </div>
   <div class='ocr_carea' id='block_1_5' title="bbox 2062 459 3656 544">
    <p class='ocr_par' dir='ltr' id='par_1_5' title="bbox 2068 459 3656 530">
     <span class='ocr_line' id='line_1_5' title="bbox 2068 459 3656 530; baseline 0 -17"><span class='ocrx_word' id='word_1_16' title='bbox 2068 461 2290 515; x_wconf 89' lang='lat' dir='ltr'><strong>modum</strong></span> <span class='ocrx_word' id='word_1_17' title='bbox 2328 459 2688 530; x_wconf 74' lang='lat' dir='ltr'><strong>inculpatum,</strong></span> <span class='ocrx_word' id='word_1_18' title='bbox 2722 459 2796 515; x_wconf 90' lang='lat' dir='ltr'><strong>ita</strong></span> <span class='ocrx_word' id='word_1_19' title='bbox 2827 468 2884 514; x_wconf 89' lang='lat' dir='ltr'><strong>ut</strong></span> <span class='ocrx_word' id='word_1_20' title='bbox 2915 459 3058 515; x_wconf 83' lang='lat' dir='ltr'><strong>istud</strong></span> <span class='ocrx_word' id='word_1_21' title='bbox 3088 469 3346 518; x_wconf 81' lang='lat' dir='ltr'><strong>censeant</strong></span> <span class='ocrx_word' id='word_1_22' title='bbox 3371 463 3656 517; x_wconf 78' lang='lat' dir='ltr'><strong>sanctitati</strong></span> 
     </span>
    </p>
   </div>
   <div class='ocr_carea' id='block_1_6' title="bbox 385 556 1964 637">
    <p class='ocr_par' dir='ltr' id='par_1_6' title="bbox 385 556 1964 637">
     <span class='ocr_line' id='line_1_6' title="bbox 385 556 1964 637; baseline -0.006 -17"><span class='ocrx_word' id='word_1_23' title='bbox 385 567 578 630; x_wconf 84' lang='grc' dir='ltr'><strong>παθῶς</strong></span> <span class='ocrx_word' id='word_1_24' title='bbox 615 566 830 637; x_wconf 81' lang='grc' dir='ltr'><strong>ὁρῶντα</strong></span> <span class='ocrx_word' id='word_1_25' title='bbox 859 566 1210 630; x_wconf 84' lang='grc' dir='ltr'><strong>κολάζοντος,</strong></span> <span class='ocrx_word' id='word_1_26' title='bbox 1260 565 1353 620; x_wconf 77' lang='grc' dir='ltr'><strong>καὶ</strong></span> <span class='ocrx_word' id='word_1_27' title='bbox 1388 564 1580 634; x_wconf 75' lang='grc' dir='ltr'><strong>μοιχὸν</strong></span> <span class='ocrx_word' id='word_1_28' title='bbox 1627 562 1792 617; x_wconf 77' lang='grc' dir='ltr'><strong>αὑτὸν</strong></span> <span class='ocrx_word' id='word_1_29' title='bbox 1820 556 1964 614; x_wconf 73' lang='grc' dir='ltr'><strong>εἶναι</strong></span> 
     </span>
    </p>
   </div>
   <div class='ocr_carea' id='block_1_7' title="bbox 384 650 1964 726">
    <p class='ocr_par' dir='ltr' id='par_1_7' title="bbox 384 650 1964 726">
     <span class='ocr_line' id='line_1_7' title="bbox 384 650 1964 726; baseline -0.003 -18"><span class='ocrx_word' id='word_1_30' title='bbox 384 655 660 726; x_wconf 69' lang='grc' dir='ltr'><strong>λέγοντος,</strong></span> <span class='ocrx_word' id='word_1_31' title='bbox 684 658 782 711; x_wconf 73' lang='grc' dir='ltr'><strong>καὶ</strong></span> <span class='ocrx_word' id='word_1_32' title='bbox 810 657 903 712; x_wconf 85' lang='grc' dir='ltr'><strong>τοῦ</strong></span> <span class='ocrx_word' id='word_1_33' title='bbox 933 655 1150 710; x_wconf 80' lang='grc' dir='ltr'><strong>Παύλου</strong></span> <span class='ocrx_word' id='word_1_34' title='bbox 1175 654 1417 710; x_wconf 84' lang='grc' dir='ltr'><strong>τοσαῦτα</strong></span> <span class='ocrx_word' id='word_1_35' title='bbox 1441 653 1790 717; x_wconf 75' lang='grc' dir='ltr'><strong>διδάσκοντος</strong></span> <span class='ocrx_word' id='word_1_36' title='bbox 1819 650 1964 706; x_wconf 81' lang='grc' dir='ltr'><strong>κατὰ</strong></span> 
     </span>
    </p>
   </div>
   <div class='ocr_carea' id='block_1_8' title="bbox 388 742 1965 819">
    <p class='ocr_par' dir='ltr' id='par_1_8' title="bbox 388 742 1965 819">
     <span class='ocr_line' id='line_1_8' title="bbox 388 742 1965 819; baseline -0.004 -18"><span class='ocrx_word' id='word_1_37' title='bbox 388 748 786 819; x_wconf 81' lang='grc' dir='ltr'><strong>πορνευόντων,</strong></span> <span class='ocrx_word' id='word_1_38' title='bbox 840 749 933 802; x_wconf 78' lang='grc' dir='ltr'><strong>καί</strong></span> <span class='ocrx_word' id='word_1_39' title='bbox 964 747 1076 801; x_wconf 83' lang='grc' dir='ltr'><strong>τῶν</strong></span> <span class='ocrx_word' id='word_1_40' title='bbox 1109 745 1427 800; x_wconf 82' lang='grc' dir='ltr'><strong>ἀποστόλων</strong></span> <span class='ocrx_word' id='word_1_41' title='bbox 1473 744 1534 810; x_wconf 72' lang='grc' dir='ltr'><strong>ἐξ</strong></span> <span class='ocrx_word' id='word_1_42' title='bbox 1582 746 1760 815; x_wconf 79' lang='grc' dir='ltr'><strong>ἀρχῆς</strong></span> <span class='ocrx_word' id='word_1_43' title='bbox 1805 742 1965 796; x_wconf 89' lang='grc' dir='ltr'><strong>τοῦτο</strong></span> 
     </span>
    </p>
   </div>
   <div class='ocr_carea' id='block_1_9' title="bbox 384 830 1963 908">
    <p class='ocr_par' dir='ltr' id='par_1_9' title="bbox 384 830 1963 908">
     <span class='ocr_line' id='line_1_9' title="bbox 384 830 1963 908; baseline -0.004 -18"><span class='ocrx_word' id='word_1_44' title='bbox 384 839 457 890; x_wconf 85' lang='grc' dir='ltr'><strong>δι’</strong></span> <span class='ocrx_word' id='word_1_45' title='bbox 499 837 792 906; x_wconf 70' lang='grc' dir='ltr'><strong>ἐπιστολῆς</strong></span> <span class='ocrx_word' id='word_1_46' title='bbox 848 835 1331 908; x_wconf 74' lang='grc' dir='ltr'><strong>νομοθετησάντων</strong></span> <span class='ocrx_word' id='word_1_47' title='bbox 1369 835 1678 904; x_wconf 78' lang='grc' dir='ltr'><strong>ἀπέχεσθαι</strong></span> <span class='ocrx_word' id='word_1_48' title='bbox 1727 833 1856 896; x_wconf 74' lang='grc' dir='ltr'><strong>τοὺς</strong></span> <span class='ocrx_word' id='word_1_49' title='bbox 1903 830 1963 898; x_wconf 69' lang='grc' dir='ltr'><strong>ἐξ</strong></span> 
     </span>
    </p>
   </div>
   <div class='ocr_carea' id='block_1_10' title="bbox 385 923 1964 992">
    <p class='ocr_par' dir='ltr' id='par_1_10' title="bbox 385 923 1964 992">
     <span class='ocr_line' id='line_1_10' title="bbox 385 923 1964 992; baseline -0.005 -9"><span class='ocrx_word' id='word_1_50' title='bbox 385 929 558 984; x_wconf 68' lang='grc' dir='ltr'><strong>ἐθνῶν</strong></span> <span class='ocrx_word' id='word_1_51' title='bbox 589 929 950 990; x_wconf 85' lang='grc' dir='ltr'><strong>πιστεύοντας</strong></span> <span class='ocrx_word' id='word_1_52' title='bbox 1003 927 1376 983; x_wconf 73' lang='grc' dir='ltr'><strong>εἰδωλοθύτων</strong></span> <span class='ocrx_word' id='word_1_53' title='bbox 1429 925 1529 980; x_wconf 72' lang='grc' dir='ltr'><strong>καί</strong></span> <span class='ocrx_word' id='word_1_54' title='bbox 1581 923 1814 992; x_wconf 79' lang='grc' dir='ltr'><strong>αἵματος</strong></span> <span class='ocrx_word' id='word_1_55' title='bbox 1866 923 1964 976; x_wconf 78' lang='grc' dir='ltr'><strong>καὶ</strong></span> 
     </span>
    </p>
   </div>
   <div class='ocr_carea' id='block_1_11' title="bbox 385 1017 1962 1092">
    <p class='ocr_par' dir='ltr' id='par_1_11' title="bbox 385 1017 1962 1092">
     <span class='ocr_line' id='line_1_11' title="bbox 385 1017 1962 1092; baseline -0.004 -18"><span class='ocrx_word' id='word_1_56' title='bbox 385 1021 620 1075; x_wconf 79' lang='grc' dir='ltr'><strong>πνικτοῦ</strong></span> <span class='ocrx_word' id='word_1_57' title='bbox 651 1023 752 1076; x_wconf 74' lang='grc' dir='ltr'><strong>καὶ</strong></span> <span class='ocrx_word' id='word_1_58' title='bbox 801 1022 1086 1092; x_wconf 79' lang='grc' dir='ltr'><strong>πορνείας.</strong></span> <span class='ocrx_word' id='word_1_59' title='bbox 1136 1022 1246 1074; x_wconf 79' lang='grc' dir='ltr'><strong>Καὶ</strong></span> <span class='ocrx_word' id='word_1_60' title='bbox 1293 1020 1465 1074; x_wconf 83' lang='grc' dir='ltr'><strong>ταῦτά</strong></span> <span class='ocrx_word' id='word_1_61' title='bbox 1498 1036 1702 1088; x_wconf 85' lang='grc' dir='ltr'><strong>φαμεν,</strong></span> <span class='ocrx_word' id='word_1_62' title='bbox 1753 1017 1851 1088; x_wconf 87' lang='grc' dir='ltr'><strong>ούχ</strong></span> <span class='ocrx_word' id='word_1_63' title='bbox 1880 1017 1962 1069; x_wconf 83' lang='grc' dir='ltr'><strong>ὅτι</strong></span> 
     </span>
    </p>
   </div>
   <div class='ocr_carea' id='block_1_12' title="bbox 385 1111 1962 1185">
    <p class='ocr_par' dir='ltr' id='par_1_12' title="bbox 385 1111 1962 1185">
     <span class='ocr_line' id='line_1_12' title="bbox 385 1111 1962 1185; baseline -0.004 -19"><span class='ocrx_word' id='word_1_64' title='bbox 385 1113 484 1166; x_wconf 80' lang='grc' dir='ltr'><strong>καὶ</strong></span> <span class='ocrx_word' id='word_1_65' title='bbox 515 1112 624 1166; x_wconf 86' lang='grc' dir='ltr'><strong>τῶν</strong></span> <span class='ocrx_word' id='word_1_66' title='bbox 661 1115 947 1185; x_wconf 76' lang='grc' dir='ltr'><strong>ἡμετέρων</strong></span> <span class='ocrx_word' id='word_1_67' title='bbox 994 1111 1144 1176; x_wconf 81' lang='grc' dir='ltr'><strong>τινὲς</strong></span> <span class='ocrx_word' id='word_1_68' title='bbox 1183 1114 1468 1183; x_wconf 86' lang='grc' dir='ltr'><strong>πορνείαις</strong></span> <span class='ocrx_word' id='word_1_69' title='bbox 1501 1111 1562 1163; x_wconf 91' lang='grc' dir='ltr'><strong>ού</strong></span> <span class='ocrx_word' id='word_1_70' title='bbox 1596 1111 1962 1178; x_wconf 86' lang='grc' dir='ltr'><strong>περιπίπτου-</strong></span> 
     </span>
    </p>
   </div>
   <div class='ocr_carea' id='block_1_13' title="bbox 389 1201 1964 1273">
    <p class='ocr_par' dir='ltr' id='par_1_13' title="bbox 389 1201 1964 1273">
     <span class='ocr_line' id='line_1_13' title="bbox 389 1201 1964 1273; baseline 0 -19"><span class='ocrx_word' id='word_1_71' title='bbox 389 1219 478 1256; x_wconf 88' lang='grc' dir='ltr'><strong>σιν</strong></span> <span class='ocrx_word' id='word_1_72' title='bbox 508 1219 524 1235; x_wconf 88' lang='grc'><strong>·</strong></span> <span class='ocrx_word' id='word_1_73' title='bbox 567 1205 724 1273; x_wconf 81' lang='grc' dir='ltr'><strong>ίσμεν</strong></span> <span class='ocrx_word' id='word_1_74' title='bbox 755 1205 865 1273; x_wconf 83' lang='grc' dir='ltr'><strong>γάρ</strong></span> <span class='ocrx_word' id='word_1_75' title='bbox 889 1220 1044 1266; x_wconf 88' lang='grc' dir='ltr'><strong>τινας</strong></span> <span class='ocrx_word' id='word_1_76' title='bbox 1075 1205 1532 1272; x_wconf 73' lang='grc' dir='ltr'><strong>περιπίπτοντας,</strong></span> <span class='ocrx_word' id='word_1_77' title='bbox 1574 1202 1669 1254; x_wconf 73' lang='grc' dir='ltr'><strong>καί</strong></span> <span class='ocrx_word' id='word_1_78' title='bbox 1701 1201 1964 1271; x_wconf 75' lang='grc' dir='ltr'><strong>μετανοίᾳ</strong></span> 
     </span>
    </p>
   </div>
   <div class='ocr_carea' id='block_1_14' title="bbox 383 1293 1964 1365">
    <p class='ocr_par' dir='ltr' id='par_1_14' title="bbox 383 1293 1964 1365">
     <span class='ocr_line' id='line_1_14' title="bbox 383 1293 1964 1365; baseline -0.004 -15"><span class='ocrx_word' id='word_1_79' title='bbox 383 1296 751 1365; x_wconf 80' lang='grc' dir='ltr'><strong>διορθούμεθα</strong></span> <span class='ocrx_word' id='word_1_80' title='bbox 797 1302 1025 1358; x_wconf 82' lang='grc' dir='ltr'><strong>τούτους</strong></span> <span class='ocrx_word' id='word_1_81' title='bbox 1059 1312 1076 1329; x_wconf 78' lang='grc' dir='ltr'><strong><em>ο</em></strong></span> <span class='ocrx_word' id='word_1_82' title='bbox 1104 1294 1223 1348; x_wconf 85' lang='grc' dir='ltr'><strong>ἀλλ’</strong></span> <span class='ocrx_word' id='word_1_83' title='bbox 1275 1297 1359 1349; x_wconf 84' lang='grc' dir='ltr'><strong>ὅτι</strong></span> <span class='ocrx_word' id='word_1_84' title='bbox 1410 1295 1562 1364; x_wconf 88' lang='grc' dir='ltr'><strong>παρά</strong></span> <span class='ocrx_word' id='word_1_85' title='bbox 1605 1293 1858 1355; x_wconf 72' lang='grc' dir='ltr'><strong>Λατίνοις</strong></span> <span class='ocrx_word' id='word_1_86' title='bbox 1903 1294 1964 1345; x_wconf 77' lang='grc' dir='ltr'><strong>τὺ</strong></span> 
     </span>
    </p>
   </div>
   <div class='ocr_carea' id='block_1_15' title="bbox 297 1375 1960 1457">
    <p class='ocr_par' dir='ltr' id='par_1_15' title="bbox 297 1375 1960 1457">
     <span class='ocr_line' id='line_1_15' title="bbox 297 1375 1960 1457; baseline -0.001 -17"><span class='ocrx_word' id='word_1_87' title='bbox 297 1375 308 1383; x_wconf 29' lang='grc' dir='ltr'><strong>ί</strong></span> <span class='ocrx_word' id='word_1_88' title='bbox 383 1387 670 1457; x_wconf 80' lang='grc' dir='ltr'><strong>πορνεύειν</strong></span> <span class='ocrx_word' id='word_1_89' title='bbox 699 1389 890 1457; x_wconf 64' lang='grc' dir='ltr'><strong>σχεδδν</strong></span> <span class='ocrx_word' id='word_1_90' title='bbox 921 1386 1287 1457; x_wconf 69' lang='grc' dir='ltr'><strong>ἀνέγκλητον,</strong></span> <span class='ocrx_word' id='word_1_91' title='bbox 1310 1388 1406 1440; x_wconf 72' lang='grc' dir='ltr'><strong>καὶ</strong></span> <span class='ocrx_word' id='word_1_92' title='bbox 1428 1386 1681 1440; x_wconf 86' lang='grc' dir='ltr'><strong>τοσοῦτον</strong></span> <span class='ocrx_word' id='word_1_93' title='bbox 1709 1384 1786 1448; x_wconf 80' lang='grc' dir='ltr'><strong>ὡς</strong></span> <span class='ocrx_word' id='word_1_94' title='bbox 1823 1384 1960 1454; x_wconf 83' lang='grc' dir='ltr'><strong>μηδὲ</strong></span> 
     </span>
    </p>
   </div>
   <div class='ocr_carea' id='block_1_16' title="bbox 381 1472 1962 1548">
    <p class='ocr_par' dir='ltr' id='par_1_16' title="bbox 381 1472 1962 1548">
     <span class='ocr_line' id='line_1_16' title="bbox 381 1472 1962 1548; baseline -0.003 -16"><span class='ocrx_word' id='word_1_95' title='bbox 381 1479 616 1548; x_wconf 81' lang='grc' dir='ltr'><strong>κώλυμα</strong></span> <span class='ocrx_word' id='word_1_96' title='bbox 640 1479 830 1540; x_wconf 80' lang='grc' dir='ltr'><strong>αὐτοῖς</strong></span> <span class='ocrx_word' id='word_1_97' title='bbox 861 1480 942 1540; x_wconf 83' lang='grc' dir='ltr'><strong>εἰς</strong></span> <span class='ocrx_word' id='word_1_98' title='bbox 973 1479 1276 1548; x_wconf 83' lang='grc' dir='ltr'><strong>ἱερωσύνην</strong></span> <span class='ocrx_word' id='word_1_99' title='bbox 1309 1478 1445 1540; x_wconf 83' lang='grc' dir='ltr'><strong>ὅλως</strong></span> <span class='ocrx_word' id='word_1_100' title='bbox 1475 1472 1639 1532; x_wconf 75' lang='grc' dir='ltr'><strong>εἶναι.</strong></span> <span class='ocrx_word' id='word_1_101' title='bbox 1673 1476 1797 1529; x_wconf 85' lang='grc' dir='ltr'><strong>Τῶν</strong></span> <span class='ocrx_word' id='word_1_102' title='bbox 1828 1476 1962 1547; x_wconf 83' lang='grc' dir='ltr'><strong>παρ’</strong></span> 
     </span>
    </p>
   </div>
   <div class='ocr_carea' id='block_1_17' title="bbox 383 1565 1959 1640">
    <p class='ocr_par' dir='ltr' id='par_1_17' title="bbox 383 1565 1959 1640">
     <span class='ocr_line' id='line_1_17' title="bbox 383 1565 1959 1640; baseline -0.002 -17"><span class='ocrx_word' id='word_1_103' title='bbox 383 1572 569 1634; x_wconf 80' lang='grc' dir='ltr'><strong>αὐτοῖς</strong></span> <span class='ocrx_word' id='word_1_104' title='bbox 593 1572 704 1640; x_wconf 74' lang='grc' dir='ltr'><strong>γὰρ</strong></span> <span class='ocrx_word' id='word_1_105' title='bbox 741 1569 1058 1640; x_wconf 77' lang='grc' dir='ltr'><strong>ἱερωμένων</strong></span> <span class='ocrx_word' id='word_1_106' title='bbox 1090 1568 1279 1624; x_wconf 62' lang='grc' dir='ltr'><strong>πολλοὶ</strong></span> <span class='ocrx_word' id='word_1_107' title='bbox 1323 1567 1607 1632; x_wconf 79' lang='grc' dir='ltr'><strong>παλλακάς</strong></span> <span class='ocrx_word' id='word_1_108' title='bbox 1645 1585 1704 1620; x_wconf 86' lang='grc' dir='ltr'><strong>τε</strong></span> <span class='ocrx_word' id='word_1_109' title='bbox 1752 1565 1959 1636; x_wconf 75' lang='grc' dir='ltr'><strong>έχουσι,</strong></span> 
     </span>
    </p>
   </div>
   <div class='ocr_carea' id='block_1_18' title="bbox 381 1659 1961 1731">
    <p class='ocr_par' dir='ltr' id='par_1_18' title="bbox 381 1659 1961 1731">
     <span class='ocr_line' id='line_1_18' title="bbox 381 1659 1961 1731; baseline -0.003 -16"><span class='ocrx_word' id='word_1_110' title='bbox 381 1664 479 1717; x_wconf 74' lang='grc' dir='ltr'><strong>καὶ</strong></span> <span class='ocrx_word' id='word_1_111' title='bbox 503 1662 673 1716; x_wconf 78' lang='grc' dir='ltr'><strong>τέκνα</strong></span> <span class='ocrx_word' id='word_1_112' title='bbox 702 1661 954 1731; x_wconf 74' lang='grc' dir='ltr'><strong>φανερῶς</strong></span> <span class='ocrx_word' id='word_1_113' title='bbox 990 1661 1056 1711; x_wconf 79' lang='grc' dir='ltr'><strong>ἐκ</strong></span> <span class='ocrx_word' id='word_1_114' title='bbox 1097 1659 1381 1729; x_wconf 88' lang='grc' dir='ltr'><strong>πορνείας,</strong></span> <span class='ocrx_word' id='word_1_115' title='bbox 1425 1659 1521 1713; x_wconf 73' lang='grc' dir='ltr'><strong>καὶ</strong></span> <span class='ocrx_word' id='word_1_116' title='bbox 1569 1659 1854 1730; x_wconf 80' lang='grc' dir='ltr'><strong>προδήλως</strong></span> <span class='ocrx_word' id='word_1_117' title='bbox 1901 1659 1961 1711; x_wconf 73' lang='grc' dir='ltr'><strong>ἐν</strong></span> 
     </span>
    </p>
   </div>
   <div class='ocr_carea' id='block_1_19' title="bbox 383 1750 1962 1823">
    <p class='ocr_par' dir='ltr' id='par_1_19' title="bbox 383 1750 1962 1823">
     <span class='ocr_line' id='line_1_19' title="bbox 383 1750 1962 1823; baseline -0.003 -16"><span class='ocrx_word' id='word_1_118' title='bbox 383 1757 499 1817; x_wconf 87' lang='grc' dir='ltr'><strong>τοῖς</strong></span> <span class='ocrx_word' id='word_1_119' title='bbox 550 1754 982 1823; x_wconf 66' lang='grc' dir='ltr'><strong>χαμαιτυπείοις</strong></span> <span class='ocrx_word' id='word_1_120' title='bbox 1034 1751 1401 1822; x_wconf 72' lang='grc' dir='ltr'><strong>εἰσέρχονται,</strong></span> <span class='ocrx_word' id='word_1_121' title='bbox 1456 1753 1552 1804; x_wconf 77' lang='grc' dir='ltr'><strong>καὶ</strong></span> <span class='ocrx_word' id='word_1_122' title='bbox 1598 1750 1962 1821; x_wconf 75' lang='grc' dir='ltr'><strong>πορνέύουσιν</strong></span> 
     </span>
    </p>
   </div>
   <div class='ocr_carea' id='block_1_20' title="bbox 381 1819 2032 1913">
    <p class='ocr_par' dir='ltr' id='par_1_20' title="bbox 381 1819 2032 1913">
     <span class='ocr_line' id='line_1_20' title="bbox 381 1819 2032 1913; baseline -0.003 -15"><span class='ocrx_word' id='word_1_123' title='bbox 381 1819 643 1909; x_wconf 78' lang='grc' dir='ltr'><strong>ἀναιδῶς,</strong></span> <span class='ocrx_word' id='word_1_124' title='bbox 675 1846 770 1898; x_wconf 80' lang='grc' dir='ltr'><strong>καὶ</strong></span> <span class='ocrx_word' id='word_1_125' title='bbox 795 1845 1108 1913; x_wconf 78' lang='grc' dir='ltr'><strong>ἱερουργεῖν</strong></span> <span class='ocrx_word' id='word_1_126' title='bbox 1127 1819 1532 1897; x_wconf 72' lang='grc' dir='ltr'><strong>σύκωλύονται.</strong></span> <span class='ocrx_word' id='word_1_127' title='bbox 1561 1819 1752 1896; x_wconf 16' lang='grc' dir='ltr'><strong>Καὶήοί</strong></span> <span class='ocrx_word' id='word_1_128' title='bbox 1779 1841 1959 1894; x_wconf 82' lang='grc' dir='ltr'><strong>λαϊκοί</strong></span> <span class='ocrx_word' id='word_1_129' title='bbox 1993 1819 2032 1874; x_wconf 73' lang='grc' dir='ltr'><strong>Β</strong></span> 
     </span>
    </p>
   </div>
   <div class='ocr_carea' id='block_1_21' title="bbox 383 1934 1962 2004">
    <p class='ocr_par' dir='ltr' id='par_1_21' title="bbox 383 1934 1962 2004">
     <span class='ocr_line' id='line_1_21' title="bbox 383 1934 1962 2004; baseline -0.001 -15"><span class='ocrx_word' id='word_1_130' title='bbox 383 1937 441 1989; x_wconf 71' lang='grc' dir='ltr'><strong>δὲ</strong></span> <span class='ocrx_word' id='word_1_131' title='bbox 477 1938 684 1990; x_wconf 83' lang='grc' dir='ltr'><strong>τούτων</strong></span> <span class='ocrx_word' id='word_1_132' title='bbox 713 1937 856 1989; x_wconf 80' lang='grc' dir='ltr'><strong>κατά</strong></span> <span class='ocrx_word' id='word_1_133' title='bbox 899 1936 1099 1998; x_wconf 86' lang='grc' dir='ltr'><strong>τόπους</strong></span> <span class='ocrx_word' id='word_1_134' title='bbox 1131 1934 1476 2004; x_wconf 79' lang='grc' dir='ltr'><strong>λαμϐάνουσι</strong></span> <span class='ocrx_word' id='word_1_135' title='bbox 1507 1934 1816 1999; x_wconf 80' lang='grc' dir='ltr'><strong>παλλακὰς,</strong></span> <span class='ocrx_word' id='word_1_136' title='bbox 1866 1934 1962 1988; x_wconf 75' lang='grc' dir='ltr'><strong>καὶ</strong></span> 
     </span>
    </p>
   </div>
   <div class='ocr_carea' id='block_1_22' title="bbox 384 2025 1963 2098">
    <p class='ocr_par' dir='ltr' id='par_1_22' title="bbox 384 2025 1963 2098">
     <span class='ocr_line' id='line_1_22' title="bbox 384 2025 1963 2098; baseline -0.002 -16"><span class='ocrx_word' id='word_1_137' title='bbox 384 2028 830 2098; x_wconf 84' lang='grc' dir='ltr'><strong>ἀνερυθριάστως</strong></span> <span class='ocrx_word' id='word_1_138' title='bbox 881 2026 1238 2097; x_wconf 84' lang='grc' dir='ltr'><strong>πορνεύουσι,</strong></span> <span class='ocrx_word' id='word_1_139' title='bbox 1287 2026 1366 2098; x_wconf 81' lang='grc' dir='ltr'><strong>μὴ</strong></span> <span class='ocrx_word' id='word_1_140' title='bbox 1412 2025 1759 2094; x_wconf 77' lang='grc' dir='ltr'><strong>λογιζόμενοι</strong></span> <span class='ocrx_word' id='word_1_141' title='bbox 1802 2025 1963 2079; x_wconf 87' lang='grc' dir='ltr'><strong>τοῦτο</strong></span> 
     </span>
    </p>
   </div>
   <div class='ocr_carea' id='block_1_23' title="bbox 383 2116 1961 2192">
    <p class='ocr_par' dir='ltr' id='par_1_23' title="bbox 383 2116 1961 2192">
     <span class='ocr_line' id='line_1_23' title="bbox 383 2116 1961 2192; baseline -0.005 -15"><span class='ocrx_word' id='word_1_142' title='bbox 383 2123 726 2192; x_wconf 79' lang='grc' dir='ltr'><strong>ἀκαθαρσίαν</strong></span> <span class='ocrx_word' id='word_1_143' title='bbox 780 2117 926 2174; x_wconf 87' lang='grc' dir='ltr'><strong>εἶναι</strong></span> <span class='ocrx_word' id='word_1_144' title='bbox 980 2120 1076 2176; x_wconf 82' lang='grc' dir='ltr'><strong>καὶ</strong></span> <span class='ocrx_word' id='word_1_145' title='bbox 1125 2119 1426 2190; x_wconf 80' lang='grc' dir='ltr'><strong>ἁμαρτίαν.</strong></span> <span class='ocrx_word' id='word_1_146' title='bbox 1477 2118 1602 2173; x_wconf 84' lang='grc' dir='ltr'><strong>Ἔτι</strong></span> <span class='ocrx_word' id='word_1_147' title='bbox 1645 2117 1702 2170; x_wconf 78' lang='grc' dir='ltr'><strong>δὲ</strong></span> <span class='ocrx_word' id='word_1_148' title='bbox 1752 2117 1849 2170; x_wconf 75' lang='grc' dir='ltr'><strong>καὶ</strong></span> <span class='ocrx_word' id='word_1_149' title='bbox 1899 2116 1961 2170; x_wconf 72' lang='grc' dir='ltr'><strong>τὸ</strong></span> 
     </span>
    </p>
   </div>
   <div class='ocr_carea' id='block_1_24' title="bbox 383 2210 1959 2288">
    <p class='ocr_par' dir='ltr' id='par_1_24' title="bbox 383 2210 1959 2288">
     <span class='ocr_line' id='line_1_24' title="bbox 383 2210 1959 2288; baseline -0.004 -16"><span class='ocrx_word' id='word_1_150' title='bbox 383 2217 714 2288; x_wconf 76' lang='grc' dir='ltr'><strong>ἀκαθάρτων</strong></span> <span class='ocrx_word' id='word_1_151' title='bbox 749 2214 1020 2270; x_wconf 70' lang='grc' dir='ltr'><strong>ἅπτεσθαι</strong></span> <span class='ocrx_word' id='word_1_152' title='bbox 1072 2213 1172 2266; x_wconf 75' lang='grc' dir='ltr'><strong>καὶ</strong></span> <span class='ocrx_word' id='word_1_153' title='bbox 1203 2212 1469 2282; x_wconf 82' lang='grc' dir='ltr'><strong>ῥυπαρῶν</strong></span> <span class='ocrx_word' id='word_1_154' title='bbox 1509 2210 1688 2276; x_wconf 79' lang='grc' dir='ltr'><strong>ζώων,</strong></span> <span class='ocrx_word' id='word_1_155' title='bbox 1720 2212 1818 2266; x_wconf 80' lang='grc' dir='ltr'><strong>καὶ</strong></span> <span class='ocrx_word' id='word_1_156' title='bbox 1851 2214 1959 2282; x_wconf 89' lang='grc' dir='ltr'><strong>μά-</strong></span> 
     </span>
    </p>
   </div>
   <div class='ocr_carea' id='block_1_25' title="bbox 381 2303 1956 2375">
    <p class='ocr_par' dir='ltr' id='par_1_25' title="bbox 381 2303 1956 2375">
     <span class='ocr_line' id='line_1_25' title="bbox 381 2303 1956 2375; baseline -0.004 -13"><span class='ocrx_word' id='word_1_157' title='bbox 381 2309 536 2364; x_wconf 87' lang='grc' dir='ltr'><strong>λιστα</strong></span> <span class='ocrx_word' id='word_1_158' title='bbox 563 2307 827 2372; x_wconf 83' lang='grc' dir='ltr'><strong>πνικτῶν,</strong></span> <span class='ocrx_word' id='word_1_159' title='bbox 854 2308 916 2362; x_wconf 84' lang='grc' dir='ltr'><strong>ού</strong></span> <span class='ocrx_word' id='word_1_160' title='bbox 952 2306 1141 2370; x_wconf 82' lang='grc' dir='ltr'><strong>καλὸν,</strong></span> <span class='ocrx_word' id='word_1_161' title='bbox 1180 2305 1324 2373; x_wconf 74' lang='grc' dir='ltr'><strong>ἅπερ</strong></span> <span class='ocrx_word' id='word_1_162' title='bbox 1350 2306 1449 2375; x_wconf 82' lang='grc' dir='ltr'><strong>ούχ</strong></span> <span class='ocrx_word' id='word_1_163' title='bbox 1468 2303 1543 2367; x_wconf 88' lang='grc' dir='ltr'><strong>ῶς</strong></span> <span class='ocrx_word' id='word_1_164' title='bbox 1569 2304 1956 2374; x_wconf 73' lang='grc' dir='ltr'><strong>μεμολυσμένα</strong></span> 
     </span>
    </p>
   </div>
   <div class='ocr_carea' id='block_1_26' title="bbox 381 2395 1956 2473">
    <p class='ocr_par' dir='ltr' id='par_1_26' title="bbox 381 2395 1956 2473">
     <span class='ocr_line' id='line_1_26' title="bbox 381 2395 1956 2473; baseline -0.005 -16"><span class='ocrx_word' id='word_1_165' title='bbox 381 2404 481 2472; x_wconf 78' lang='grc' dir='ltr'><strong>μὲν</strong></span> <span class='ocrx_word' id='word_1_166' title='bbox 515 2401 918 2473; x_wconf 79' lang='grc' dir='ltr'><strong>ἀπηγόρευται,</strong></span> <span class='ocrx_word' id='word_1_167' title='bbox 947 2401 1072 2454; x_wconf 71' lang='grc' dir='ltr'><strong>ιπεὶ</strong></span> <span class='ocrx_word' id='word_1_168' title='bbox 1100 2417 1120 2451; x_wconf 79' lang='grc' dir='ltr'><strong>ι</strong></span> <span class='ocrx_word' id='word_1_169' title='bbox 1148 2400 1257 2451; x_wconf 81' lang='grc' dir='ltr'><strong>πᾶν</strong></span> <span class='ocrx_word' id='word_1_170' title='bbox 1280 2395 1639 2466; x_wconf 67' lang='grc' dir='ltr'><strong>κτίσμαβεοῦ</strong></span> <span class='ocrx_word' id='word_1_171' title='bbox 1673 2395 1860 2460; x_wconf 75' lang='grc' dir='ltr'><strong>καλὸν,</strong></span> <span class='ocrx_word' id='word_1_172' title='bbox 1881 2395 1956 2458; x_wconf 82' lang='grc' dir='ltr'><strong>ὡς</strong></span> 
     </span>
    </p>
   </div>
   <div class='ocr_carea' id='block_1_27' title="bbox 377 2487 1959 2564">
    <p class='ocr_par' dir='ltr' id='par_1_27' title="bbox 377 2487 1959 2564">
     <span class='ocr_line' id='line_1_27' title="bbox 377 2487 1959 2564; baseline -0.007 -15"><span class='ocrx_word' id='word_1_173' title='bbox 377 2495 587 2558; x_wconf 65' lang='lat' dir='ltr'><strong>nam;</strong></span> <span class='ocrx_word' id='word_1_174' title='bbox 605 2511 764 2564; x_wconf 79' lang='grc' dir='ltr'><strong>φησι,</strong></span> <span class='ocrx_word' id='word_1_175' title='bbox 795 2493 891 2547; x_wconf 69' lang='grc' dir='ltr'><strong>καὶ</strong></span> <span class='ocrx_word' id='word_1_176' title='bbox 918 2491 1073 2545; x_wconf 78' lang='grc' dir='ltr'><strong>οὐδὲν</strong></span> <span class='ocrx_word' id='word_1_177' title='bbox 1101 2489 1417 2558; x_wconf 82' lang='grc' dir='ltr'><strong>ἀπόϐλητον</strong></span> <span class='ocrx_word' id='word_1_178' title='bbox 1443 2488 1583 2555; x_wconf 79' lang='grc' dir='ltr'><strong>μετὰ</strong></span> <span class='ocrx_word' id='word_1_179' title='bbox 1603 2487 1959 2557; x_wconf 85' lang='grc' dir='ltr'><strong>εὐχαριστίας</strong></span> 
     </span>
    </p>
   </div>
   <div class='ocr_carea' id='block_1_28' title="bbox 374 2576 1962 2655">
    <p class='ocr_par' dir='ltr' id='par_1_28' title="bbox 374 2576 1962 2655">
     <span class='ocr_line' id='line_1_28' title="bbox 374 2576 1962 2655; baseline -0.007 -16"><span class='ocrx_word' id='word_1_180' title='bbox 374 2585 823 2655; x_wconf 64' lang='grc' dir='ltr'><strong>λαμϐανόμενον</strong></span> <span class='ocrx_word' id='word_1_181' title='bbox 885 2579 1029 2650; x_wconf 69' lang='grc' dir='ltr'><strong>πλὴν</strong></span> <span class='ocrx_word' id='word_1_182' title='bbox 1069 2579 1206 2649; x_wconf 80' lang='grc' dir='ltr'><strong>,μετ’</strong></span> <span class='ocrx_word' id='word_1_183' title='bbox 1241 2578 1618 2647; x_wconf 76' lang='grc' dir='ltr'><strong>εὐχαριστίας,</strong></span> <span class='ocrx_word' id='word_1_184' title='bbox 1671 2578 1863 2646; x_wconf 75' lang='grc' dir='ltr'><strong>φησὶν,</strong></span> <span class='ocrx_word' id='word_1_185' title='bbox 1900 2576 1962 2628; x_wconf 83' lang='grc' dir='ltr'><strong>ού</strong></span> 
     </span>
    </p>
   </div>
   <div class='ocr_carea' id='block_1_29' title="bbox 385 2669 1965 2755">
    <p class='ocr_par' dir='ltr' id='par_1_29' title="bbox 385 2669 1965 2755">
     <span class='ocr_line' id='line_1_29' title="bbox 385 2669 1965 2755; baseline -0.003 -28"><span class='ocrx_word' id='word_1_186' title='bbox 385 2675 494 2747; x_wconf 76' lang='grc' dir='ltr'><strong>μὴν</strong></span> <span class='ocrx_word' id='word_1_187' title='bbox 525 2673 877 2742; x_wconf 80' lang='grc' dir='ltr'><strong>ἀδιαφορίας·</strong></span> <span class='ocrx_word' id='word_1_188' title='bbox 910 2671 1009 2724; x_wconf 71' lang='grc' dir='ltr'><strong>καὶ</strong></span> <span class='ocrx_word' id='word_1_189' title='bbox 1036 2671 1121 2723; x_wconf 84' lang='grc' dir='ltr'><strong>ὅτι</strong></span> <span class='ocrx_word' id='word_1_190' title='bbox 1156 2669 1466 2738; x_wconf 76' lang='grc' dir='ltr'><strong>ἁγιάζεται,</strong></span> <span class='ocrx_word' id='word_1_191' title='bbox 1502 2669 1729 2755; x_wconf 72' lang='grc' dir='ltr'><strong>γράφει,</strong></span> <span class='ocrx_word' id='word_1_192' title='bbox 1763 2669 1851 2722; x_wconf 84' lang='grc' dir='ltr'><strong>διὰ</strong></span> <span class='ocrx_word' id='word_1_193' title='bbox 1878 2669 1965 2722; x_wconf 87' lang='grc' dir='ltr'><strong>λό-</strong></span> 
     </span>
    </p>
   </div>
   <div class='ocr_carea' id='block_1_30' title="bbox 381 2759 1965 2834">
    <p class='ocr_par' dir='ltr' id='par_1_30' title="bbox 381 2759 1965 2834">
     <span class='ocr_line' id='line_1_30' title="bbox 381 2759 1965 2834; baseline -0.002 -16"><span class='ocrx_word' id='word_1_194' title='bbox 381 2783 485 2834; x_wconf 88' lang='grc' dir='ltr'><strong>γου</strong></span> <span class='ocrx_word' id='word_1_195' title='bbox 523 2762 663 2818; x_wconf 83' lang='grc' dir='ltr'><strong>Θεοῦ</strong></span> <span class='ocrx_word' id='word_1_196' title='bbox 697 2763 793 2819; x_wconf 78' lang='grc' dir='ltr'><strong>καὶ</strong></span> <span class='ocrx_word' id='word_1_197' title='bbox 824 2761 1142 2828; x_wconf 79' lang='grc' dir='ltr'><strong>ἐντεύξεως.</strong></span> <span class='ocrx_word' id='word_1_198' title='bbox 1201 2761 1313 2814; x_wconf 87' lang='grc' dir='ltr'><strong>Ποῦ</strong></span> <span class='ocrx_word' id='word_1_199' title='bbox 1343 2759 1402 2815; x_wconf 82' lang='grc' dir='ltr'><strong>δὲ</strong></span> <span class='ocrx_word' id='word_1_200' title='bbox 1444 2762 1576 2831; x_wconf 87' lang='grc' dir='ltr'><strong>περί</strong></span> <span class='ocrx_word' id='word_1_201' title='bbox 1606 2759 1798 2814; x_wconf 88' lang='grc' dir='ltr'><strong>τούτου</strong></span> <span class='ocrx_word' id='word_1_202' title='bbox 1826 2761 1965 2826; x_wconf 81' lang='grc' dir='ltr'><strong>ὅλως</strong></span> 
     </span>
    </p>
   </div>
   <div class='ocr_carea' id='block_1_31' title="bbox 382 2850 1960 2924">
    <p class='ocr_par' dir='ltr' id='par_1_31' title="bbox 382 2850 1960 2924">
     <span class='ocr_line' id='line_1_31' title="bbox 382 2850 1960 2924; baseline -0.001 -15"><span class='ocrx_word' id='word_1_203' title='bbox 382 2856 543 2923; x_wconf 84' lang='grc' dir='ltr'><strong>λόγος</strong></span> <span class='ocrx_word' id='word_1_204' title='bbox 575 2855 859 2920; x_wconf 83' lang='grc' dir='ltr'><strong>Λατίνοις;</strong></span> <span class='ocrx_word' id='word_1_205' title='bbox 895 2853 1004 2909; x_wconf 75' lang='grc' dir='ltr'><strong>Καὶ</strong></span> <span class='ocrx_word' id='word_1_206' title='bbox 1039 2850 1150 2906; x_wconf 84' lang='grc' dir='ltr'><strong>τῶν</strong></span> <span class='ocrx_word' id='word_1_207' title='bbox 1178 2853 1617 2923; x_wconf 78' lang='grc' dir='ltr'><strong>περιττωμάτων</strong></span> <span class='ocrx_word' id='word_1_208' title='bbox 1644 2853 1752 2924; x_wconf 78' lang='grc' dir='ltr'><strong>γὰρ</strong></span> <span class='ocrx_word' id='word_1_209' title='bbox 1780 2853 1960 2907; x_wconf 82' lang='grc' dir='ltr'><strong>αὐτῶν</strong></span> 
     </span>
    </p>
   </div>
   <div class='ocr_carea' id='block_1_32' title="bbox 382 2939 1956 3016">
    <p class='ocr_par' dir='ltr' id='par_1_32' title="bbox 382 2939 1956 3016">
     <span class='ocr_line' id='line_1_32' title="bbox 382 2939 1956 3016; baseline -0.003 -14"><span class='ocrx_word' id='word_1_210' title='bbox 382 2947 668 3013; x_wconf 75' lang='grc' dir='ltr'><strong>ἅπτονται,</strong></span> <span class='ocrx_word' id='word_1_211' title='bbox 700 2948 797 3000; x_wconf 83' lang='grc' dir='ltr'><strong>καὶ</strong></span> <span class='ocrx_word' id='word_1_212' title='bbox 825 2944 1006 3016; x_wconf 76' lang='grc' dir='ltr'><strong>οὔρων</strong></span> <span class='ocrx_word' id='word_1_213' title='bbox 1039 2944 1430 3013; x_wconf 81' lang='grc' dir='ltr'><strong>ἀπογεύονται,</strong></span> <span class='ocrx_word' id='word_1_214' title='bbox 1455 2943 1533 3006; x_wconf 82' lang='grc' dir='ltr'><strong>ὡς</strong></span> <span class='ocrx_word' id='word_1_215' title='bbox 1565 2939 1708 2998; x_wconf 78' lang='grc' dir='ltr'><strong>εἶδον</strong></span> <span class='ocrx_word' id='word_1_216' title='bbox 1745 2944 1956 3016; x_wconf 72' lang='grc' dir='ltr'><strong>πολλοί,</strong></span> 
     </span>
    </p>
   </div>
   <div class='ocr_carea' id='block_1_33' title="bbox 356 3034 1956 3108">
    <p class='ocr_par' dir='ltr' id='par_1_33' title="bbox 356 3034 1956 3108">
     <span class='ocr_line' id='line_1_33' title="bbox 356 3034 1956 3108; baseline 0 -16"><span class='ocrx_word' id='word_1_217' title='bbox 356 3039 492 3092; x_wconf 76' lang='grc' dir='ltr'><strong>,Καὶ</strong></span> <span class='ocrx_word' id='word_1_218' title='bbox 515 3039 543 3091; x_wconf 85' lang='grc' dir='ltr'><strong>ό</strong></span> <span class='ocrx_word' id='word_1_219' title='bbox 566 3037 664 3108; x_wconf 66' lang='grc' dir='ltr'><strong>μιν</strong></span> <span class='ocrx_word' id='word_1_220' title='bbox 690 3037 834 3099; x_wconf 85' lang='grc' dir='ltr'><strong>θεῖος</strong></span> <span class='ocrx_word' id='word_1_221' title='bbox 856 3035 1156 3099; x_wconf 85' lang='grc' dir='ltr'><strong>ἀπόστολος</strong></span> <span class='ocrx_word' id='word_1_222' title='bbox 1183 3034 1410 3100; x_wconf 80' lang='grc' dir='ltr'><strong>Ἰούδας,</strong></span> <span class='ocrx_word' id='word_1_223' title='bbox 1427 3034 1956 3107; x_wconf 79' lang='grc' dir='ltr'><strong>ιΜισοῦντες,ιρησὶ,</strong></span> 
     </span>
    </p>
   </div>
   <div class='ocr_carea' id='block_1_34' title="bbox 375 3123 2027 3212">
    <p class='ocr_par' dir='ltr' id='par_1_34' title="bbox 375 3123 2027 3212">
     <span class='ocr_line' id='line_1_34' title="bbox 375 3123 2027 3212; baseline 0 -28"><span class='ocrx_word' id='word_1_224' title='bbox 375 3129 584 3185; x_wconf 74' lang='grc' dir='ltr'><strong>καὶτὸν</strong></span> <span class='ocrx_word' id='word_1_225' title='bbox 608 3128 716 3183; x_wconf 80' lang='grc' dir='ltr'><strong>ἀπὸ</strong></span> <span class='ocrx_word' id='word_1_226' title='bbox 734 3128 836 3199; x_wconf 82' lang='grc' dir='ltr'><strong>τῆς</strong></span> <span class='ocrx_word' id='word_1_227' title='bbox 860 3126 1063 3199; x_wconf 76' lang='grc' dir='ltr'><strong>σαρκὸς</strong></span> <span class='ocrx_word' id='word_1_228' title='bbox 1083 3127 1463 3196; x_wconf 70' lang='grc' dir='ltr'><strong>ἐσπιλωμένον</strong></span> <span class='ocrx_word' id='word_1_229' title='bbox 1491 3128 1701 3199; x_wconf 87' lang='grc' dir='ltr'><strong>χιτῶνα</strong></span> <span class='ocrx_word' id='word_1_230' title='bbox 1722 3143 1734 3157; x_wconf 85' lang='lat'>&#39;</span> <span class='ocrx_word' id='word_1_231' title='bbox 1749 3147 1770 3181; x_wconf 72' lang='grc' dir='ltr'><strong>ι</strong></span> <span class='ocrx_word' id='word_1_232' title='bbox 1803 3123 1951 3184; x_wconf 74' lang='grc' dir='ltr'><strong>οὗτοι</strong></span> <span class='ocrx_word' id='word_1_233' title='bbox 1983 3153 2027 3212; x_wconf 78' lang='lat' dir='ltr'><strong>C</strong></span> 
     </span>
    </p>
   </div>
   <div class='ocr_carea' id='block_1_35' title="bbox 371 3217 1951 3292">
    <p class='ocr_par' dir='ltr' id='par_1_35' title="bbox 371 3217 1951 3292">
     <span class='ocr_line' id='line_1_35' title="bbox 371 3217 1951 3292; baseline -0.003 -14"><span class='ocrx_word' id='word_1_234' title='bbox 371 3224 434 3279; x_wconf 76' lang='grc' dir='ltr'><strong>δί</strong></span> <span class='ocrx_word' id='word_1_235' title='bbox 462 3222 556 3276; x_wconf 85' lang='grc' dir='ltr'><strong>τὸν</strong></span> <span class='ocrx_word' id='word_1_236' title='bbox 584 3224 648 3276; x_wconf 74' lang='grc' dir='ltr'><strong>ὲκ</strong></span> <span class='ocrx_word' id='word_1_237' title='bbox 677 3220 780 3290; x_wconf 78' lang='grc' dir='ltr'><strong>τῆς</strong></span> <span class='ocrx_word' id='word_1_238' title='bbox 803 3221 1006 3291; x_wconf 81' lang='grc' dir='ltr'><strong>σαρκὸς</strong></span> <span class='ocrx_word' id='word_1_239' title='bbox 1040 3217 1319 3291; x_wconf 80' lang='grc' dir='ltr'><strong>μολυσμὸν</strong></span> <span class='ocrx_word' id='word_1_240' title='bbox 1351 3219 1412 3273; x_wconf 86' lang='grc' dir='ltr'><strong>ού</strong></span> <span class='ocrx_word' id='word_1_241' title='bbox 1445 3219 1610 3291; x_wconf 81' lang='grc' dir='ltr'><strong>μόνον</strong></span> <span class='ocrx_word' id='word_1_242' title='bbox 1638 3222 1700 3274; x_wconf 87' lang='grc' dir='ltr'><strong>οὺ</strong></span> <span class='ocrx_word' id='word_1_243' title='bbox 1725 3221 1951 3292; x_wconf 74' lang='grc' dir='ltr'><strong>βδελύσο</strong></span> 
     </span>
    </p>
   </div>
   <div class='ocr_carea' id='block_1_36' title="bbox 379 3308 1952 3385">
    <p class='ocr_par' dir='ltr' id='par_1_36' title="bbox 379 3308 1952 3385">
     <span class='ocr_line' id='line_1_36' title="bbox 379 3308 1952 3385; baseline -0.008 -15"><span class='ocrx_word' id='word_1_244' title='bbox 379 3331 566 3371; x_wconf 89' lang='grc' dir='ltr'><strong>σονται</strong></span> <span class='ocrx_word' id='word_1_245' title='bbox 600 3316 696 3369; x_wconf 81' lang='grc' dir='ltr'><strong>καὶ</strong></span> <span class='ocrx_word' id='word_1_246' title='bbox 749 3313 1024 3384; x_wconf 88' lang='grc' dir='ltr'><strong>μισοῦσιν,</strong></span> <span class='ocrx_word' id='word_1_247' title='bbox 1072 3313 1189 3366; x_wconf 81' lang='grc' dir='ltr'><strong>ἀλλ’</strong></span> <span class='ocrx_word' id='word_1_248' title='bbox 1237 3314 1295 3366; x_wconf 85' lang='grc' dir='ltr'><strong>ὲν</strong></span> <span class='ocrx_word' id='word_1_249' title='bbox 1345 3308 1428 3377; x_wconf 77' lang='grc' dir='ltr'><strong>οἷς</strong></span> <span class='ocrx_word' id='word_1_250' title='bbox 1477 3314 1546 3367; x_wconf 80' lang='grc' dir='ltr'><strong>τὰ</strong></span> <span class='ocrx_word' id='word_1_251' title='bbox 1599 3315 1701 3384; x_wconf 80' lang='grc' dir='ltr'><strong>τῆς</strong></span> <span class='ocrx_word' id='word_1_252' title='bbox 1742 3316 1952 3385; x_wconf 72' lang='grc' dir='ltr'><strong>τροφῆς</strong></span> 
     </span>
    </p>
   </div>
   <div class='ocr_carea' id='block_1_37' title="bbox 375 3407 1952 3481">
    <p class='ocr_par' dir='ltr' id='par_1_37' title="bbox 375 3407 1952 3481">
     <span class='ocr_line' id='line_1_37' title="bbox 375 3407 1952 3481; baseline 0 -18"><span class='ocrx_word' id='word_1_253' title='bbox 375 3409 658 3480; x_wconf 62' lang='grc' dir='ltr'><strong>ἐνεργοῦσι</strong></span> <span class='ocrx_word' id='word_1_254' title='bbox 676 3407 951 3469; x_wconf 83' lang='grc' dir='ltr'><strong>σκεύεσιν,</strong></span> <span class='ocrx_word' id='word_1_255' title='bbox 975 3410 1034 3461; x_wconf 77' lang='grc' dir='ltr'><strong>ὲν</strong></span> <span class='ocrx_word' id='word_1_256' title='bbox 1062 3408 1278 3471; x_wconf 87' lang='grc' dir='ltr'><strong>τούτοις</strong></span> <span class='ocrx_word' id='word_1_257' title='bbox 1307 3408 1404 3462; x_wconf 80' lang='grc' dir='ltr'><strong>καί</strong></span> <span class='ocrx_word' id='word_1_258' title='bbox 1435 3409 1562 3472; x_wconf 84' lang='grc' dir='ltr'><strong>τοὺς</strong></span> <span class='ocrx_word' id='word_1_259' title='bbox 1598 3412 1952 3481; x_wconf 85' lang='grc' dir='ltr'><strong>μεμολυσμέ-</strong></span> 
     </span>
    </p>
   </div>
   <div class='ocr_carea' id='block_1_38' title="bbox 372 3496 1952 3572">
    <p class='ocr_par' dir='ltr' id='par_1_38' title="bbox 372 3496 1952 3572">
     <span class='ocr_line' id='line_1_38' title="bbox 372 3496 1952 3572; baseline 0.002 -20"><span class='ocrx_word' id='word_1_260' title='bbox 372 3515 498 3562; x_wconf 89' lang='grc' dir='ltr'><strong>νους</strong></span> <span class='ocrx_word' id='word_1_261' title='bbox 522 3499 760 3570; x_wconf 81' lang='grc' dir='ltr'><strong>χιτῶνας</strong></span> <span class='ocrx_word' id='word_1_262' title='bbox 793 3497 1016 3560; x_wconf 73' lang='grc' dir='ltr'><strong>καὶτὰς</strong></span> <span class='ocrx_word' id='word_1_263' title='bbox 1047 3496 1381 3568; x_wconf 79' lang='grc' dir='ltr'><strong>ἀναξυρίδας</strong></span> <span class='ocrx_word' id='word_1_264' title='bbox 1409 3498 1824 3567; x_wconf 83' lang='grc' dir='ltr'><strong>εἰσάγουσιν.⁶0</strong></span> <span class='ocrx_word' id='word_1_265' title='bbox 1857 3519 1952 3572; x_wconf 77' lang='grc' dir='ltr'><strong>μο-</strong></span> 
     </span>
    </p>
   </div>
   <div class='ocr_carea' id='block_1_39' title="bbox 374 3587 1949 3664">
    <p class='ocr_par' dir='ltr' id='par_1_39' title="bbox 374 3587 1949 3664">
     <span class='ocr_line' id='line_1_39' title="bbox 374 3587 1949 3664; baseline -0.002 -18"><span class='ocrx_word' id='word_1_266' title='bbox 374 3593 579 3662; x_wconf 84' lang='grc' dir='ltr'><strong>λυσμδς</strong></span> <span class='ocrx_word' id='word_1_267' title='bbox 605 3592 661 3645; x_wconf 88' lang='grc' dir='ltr'><strong>δὲ</strong></span> <span class='ocrx_word' id='word_1_268' title='bbox 685 3591 786 3661; x_wconf 80' lang='grc' dir='ltr'><strong>τῆς</strong></span> <span class='ocrx_word' id='word_1_269' title='bbox 816 3589 1020 3661; x_wconf 74' lang='grc' dir='ltr'><strong>σαρκὸς</strong></span> <span class='ocrx_word' id='word_1_270' title='bbox 1067 3588 1166 3659; x_wconf 79' lang='grc' dir='ltr'><strong>τὴν</strong></span> <span class='ocrx_word' id='word_1_271' title='bbox 1186 3587 1394 3659; x_wconf 84' lang='grc' dir='ltr'><strong>φθορὰν</strong></span> <span class='ocrx_word' id='word_1_272' title='bbox 1422 3589 1524 3660; x_wconf 79' lang='grc' dir='ltr'><strong>τὴν</strong></span> <span class='ocrx_word' id='word_1_273' title='bbox 1544 3590 1609 3644; x_wconf 74' lang='grc' dir='ltr'><strong>ἐκ</strong></span> <span class='ocrx_word' id='word_1_274' title='bbox 1636 3591 1739 3660; x_wconf 82' lang='grc' dir='ltr'><strong>τῆς</strong></span> <span class='ocrx_word' id='word_1_275' title='bbox 1765 3592 1949 3664; x_wconf 83' lang='grc' dir='ltr'><strong>ἀμαρ-</strong></span> 
     </span>
    </p>
   </div>
   <div class='ocr_carea' id='block_1_40' title="bbox 373 3672 1951 3752">
    <p class='ocr_par' dir='ltr' id='par_1_40' title="bbox 373 3672 1951 3752">
     <span class='ocr_line' id='line_1_40' title="bbox 373 3672 1951 3752; baseline -0.001 -15"><span class='ocrx_word' id='word_1_276' title='bbox 373 3685 495 3747; x_wconf 86' lang='grc' dir='ltr'><strong>τίας</strong></span> <span class='ocrx_word' id='word_1_277' title='bbox 523 3682 842 3752; x_wconf 88' lang='grc' dir='ltr'><strong>παρίστησι,</strong></span> <span class='ocrx_word' id='word_1_278' title='bbox 873 3679 943 3734; x_wconf 87' lang='grc' dir='ltr'><strong>δι’</strong></span> <span class='ocrx_word' id='word_1_279' title='bbox 972 3672 1034 3734; x_wconf 81' lang='grc' dir='ltr'><strong>οὗ</strong></span> <span class='ocrx_word' id='word_1_280' title='bbox 1067 3681 1164 3733; x_wconf 72' lang='grc' dir='ltr'><strong>καὶ</strong></span> <span class='ocrx_word' id='word_1_281' title='bbox 1194 3680 1252 3733; x_wconf 78' lang='grc' dir='ltr'><strong>ὲν</strong></span> <span class='ocrx_word' id='word_1_282' title='bbox 1287 3679 1547 3749; x_wconf 81' lang='grc' dir='ltr'><strong>ἀνομίαις</strong></span> <span class='ocrx_word' id='word_1_283' title='bbox 1574 3680 1951 3751; x_wconf 81' lang='grc' dir='ltr'><strong>συλληφθῆναι</strong></span> 
     </span>
    </p>
   </div>
   <div class='ocr_carea' id='block_1_41' title="bbox 378 3770 1949 3846">
    <p class='ocr_par' dir='ltr' id='par_1_41' title="bbox 378 3770 1949 3846">
     <span class='ocr_line' id='line_1_41' title="bbox 378 3770 1949 3846; baseline -0.001 -18"><span class='ocrx_word' id='word_1_284' title='bbox 378 3775 744 3846; x_wconf 78' lang='grc' dir='ltr'><strong>μανθάνομεν,</strong></span> <span class='ocrx_word' id='word_1_285' title='bbox 796 3773 891 3827; x_wconf 71' lang='grc' dir='ltr'><strong>καί⁸</strong></span> <span class='ocrx_word' id='word_1_286' title='bbox 937 3772 1038 3825; x_wconf 85' lang='grc' dir='ltr'><strong>οὐκ</strong></span> <span class='ocrx_word' id='word_1_287' title='bbox 1085 3770 1204 3824; x_wconf 75' lang='grc' dir='ltr'><strong>ἔστι</strong></span> <span class='ocrx_word' id='word_1_288' title='bbox 1237 3771 1601 3843; x_wconf 86' lang='grc' dir='ltr'><strong>καθαρθῆναι,</strong></span> <span class='ocrx_word' id='word_1_289' title='bbox 1632 3773 1680 3826; x_wconf 85' lang='grc' dir='ltr'><strong>εί</strong></span> <span class='ocrx_word' id='word_1_290' title='bbox 1737 3773 1813 3843; x_wconf 83' lang='grc' dir='ltr'><strong>μὴ</strong></span> <span class='ocrx_word' id='word_1_291' title='bbox 1859 3774 1949 3827; x_wconf 74' lang='grc' dir='ltr'><strong>διὰ</strong></span> 
     </span>
    </p>
   </div>
   <div class='ocr_carea' id='block_1_42' title="bbox 375 3863 1951 3936">
    <p class='ocr_par' dir='ltr' id='par_1_42' title="bbox 375 3863 1951 3936">
     <span class='ocr_line' id='line_1_42' title="bbox 375 3863 1951 3936; baseline 0.001 -17"><span class='ocrx_word' id='word_1_292' title='bbox 375 3867 469 3920; x_wconf 87' lang='grc' dir='ltr'><strong>τοῦ</strong></span> <span class='ocrx_word' id='word_1_293' title='bbox 501 3865 651 3919; x_wconf 86' lang='grc' dir='ltr'><strong>θείου</strong></span> <span class='ocrx_word' id='word_1_294' title='bbox 681 3865 1089 3935; x_wconf 81' lang='grc' dir='ltr'><strong>βαπτίσματο;,</strong></span> <span class='ocrx_word' id='word_1_295' title='bbox 1118 3863 1212 3918; x_wconf 81' lang='grc' dir='ltr'><strong>καὶ</strong></span> <span class='ocrx_word' id='word_1_296' title='bbox 1250 3863 1509 3936; x_wconf 81' lang='grc' dir='ltr'><strong>μετανοίᾳ</strong></span> <span class='ocrx_word' id='word_1_297' title='bbox 1539 3865 1702 3918; x_wconf 82' lang='grc' dir='ltr'><strong>πάλιν</strong></span> <span class='ocrx_word' id='word_1_298' title='bbox 1729 3867 1795 3920; x_wconf 82' lang='grc' dir='ltr'><strong>ὲκ</strong></span> <span class='ocrx_word' id='word_1_299' title='bbox 1829 3867 1951 3920; x_wconf 90' lang='grc' dir='ltr'><strong>τού-</strong></span> 
     </span>
    </p>
   </div>
   <div class='ocr_carea' id='block_1_43' title="bbox 375 3954 1949 4026">
    <p class='ocr_par' dir='ltr' id='par_1_43' title="bbox 375 3954 1949 4026">
     <span class='ocr_line' id='line_1_43' title="bbox 375 3954 1949 4026; baseline 0.001 -16"><span class='ocrx_word' id='word_1_300' title='bbox 375 3975 497 4012; x_wconf 81' lang='grc' dir='ltr'><strong>του.</strong></span> <span class='ocrx_word' id='word_1_301' title='bbox 535 3957 674 4010; x_wconf 72' lang='grc' dir='ltr'><strong>Ἀλλ’</strong></span> <span class='ocrx_word' id='word_1_302' title='bbox 700 3956 848 4010; x_wconf 81' lang='grc' dir='ltr'><strong>οὗτοι</strong></span> <span class='ocrx_word' id='word_1_303' title='bbox 897 3955 966 4008; x_wconf 88' lang='grc' dir='ltr'><strong>τά</strong></span> <span class='ocrx_word' id='word_1_304' title='bbox 998 3957 1062 4008; x_wconf 80' lang='grc' dir='ltr'><strong>ὲκ</strong></span> <span class='ocrx_word' id='word_1_305' title='bbox 1106 3954 1216 4008; x_wconf 89' lang='grc' dir='ltr'><strong>τῶν</strong></span> <span class='ocrx_word' id='word_1_306' title='bbox 1249 3955 1431 4024; x_wconf 85' lang='grc' dir='ltr'><strong>μελῶν</strong></span> <span class='ocrx_word' id='word_1_307' title='bbox 1463 3956 1644 4010; x_wconf 83' lang='grc' dir='ltr'><strong>αὐτῶν</strong></span> <span class='ocrx_word' id='word_1_308' title='bbox 1678 3960 1949 4026; x_wconf 89' lang='grc' dir='ltr'><strong>περιττώ-</strong></span> 
     </span>
    </p>
   </div>
   <div class='ocr_carea' id='block_1_44' title="bbox 2072 550 3662 620">
    <p class='ocr_par' dir='ltr' id='par_1_44' title="bbox 2072 550 3662 620">
     <span class='ocr_line' id='line_1_44' title="bbox 2072 550 3662 620; baseline 0.003 -18"><span class='ocrx_word' id='word_1_309' title='bbox 2072 565 2182 603; x_wconf 90' lang='lat' dir='ltr'><strong>non</strong></span> <span class='ocrx_word' id='word_1_310' title='bbox 2203 550 2421 606; x_wconf 86' lang='lat' dir='ltr'><strong>obstare</strong></span> <span class='ocrx_word' id='word_1_311' title='bbox 2452 565 2468 615; x_wconf 86' lang='lat'><strong>;</strong></span> <span class='ocrx_word' id='word_1_312' title='bbox 2501 550 2703 620; x_wconf 89' lang='lat' dir='ltr'><strong>quippe</strong></span> <span class='ocrx_word' id='word_1_313' title='bbox 2743 551 2928 620; x_wconf 77' lang='lat' dir='ltr'><strong>plures</strong></span> <span class='ocrx_word' id='word_1_314' title='bbox 2955 565 3022 606; x_wconf 81' lang='lat' dir='ltr'><strong>ex</strong></span> <span class='ocrx_word' id='word_1_315' title='bbox 3049 567 3237 606; x_wconf 89' lang='lat' dir='ltr'><strong>eorum</strong></span> <span class='ocrx_word' id='word_1_316' title='bbox 3278 553 3662 607; x_wconf 81' lang='lat' dir='ltr'><strong>sacerdotibus</strong></span> 
     </span>
    </p>
   </div>
   <div class='ocr_carea' id='block_1_45' title="bbox 2070 642 3660 711">
    <p class='ocr_par' dir='ltr' id='par_1_45' title="bbox 2070 642 3660 711">
     <span class='ocr_line' id='line_1_45' title="bbox 2070 642 3660 711; baseline 0.001 -15"><span class='ocrx_word' id='word_1_317' title='bbox 2070 642 2294 711; x_wconf 90' lang='lat' dir='ltr'><strong>pellices</strong></span> <span class='ocrx_word' id='word_1_318' title='bbox 2326 643 2551 708; x_wconf 86' lang='lat' dir='ltr'><strong>habent,</strong></span> <span class='ocrx_word' id='word_1_319' title='bbox 2573 654 2627 698; x_wconf 88' lang='lat' dir='ltr'><strong>et</strong></span> <span class='ocrx_word' id='word_1_320' title='bbox 2648 644 2848 698; x_wconf 91' lang='lat' dir='ltr'><strong>liberos</strong></span> <span class='ocrx_word' id='word_1_321' title='bbox 2865 644 3151 699; x_wconf 82' lang='lat' dir='ltr'><strong>manifeste</strong></span> <span class='ocrx_word' id='word_1_322' title='bbox 3170 661 3234 701; x_wconf 77' lang='lat' dir='ltr'><strong>ex</strong></span> <span class='ocrx_word' id='word_1_323' title='bbox 3267 644 3660 708; x_wconf 76' lang='lat' dir='ltr'><strong>fornicatione,</strong></span> 
     </span>
    </p>
   </div>
   <div class='ocr_carea' id='block_1_46' title="bbox 2066 735 3662 808">
    <p class='ocr_par' dir='ltr' id='par_1_46' title="bbox 2066 735 3662 808">
     <span class='ocr_line' id='line_1_46' title="bbox 2066 735 3662 808; baseline 0.003 -18"><span class='ocrx_word' id='word_1_324' title='bbox 2066 745 2122 790; x_wconf 90' lang='lat' dir='ltr'><strong>et</strong></span> <span class='ocrx_word' id='word_1_325' title='bbox 2153 739 2329 803; x_wconf 80' lang='lat' dir='ltr'><strong>palam</strong></span> <span class='ocrx_word' id='word_1_326' title='bbox 2360 735 2414 789; x_wconf 87' lang='lat' dir='ltr'><strong>in</strong></span> <span class='ocrx_word' id='word_1_327' title='bbox 2447 736 2728 807; x_wconf 80' lang='lat' dir='ltr'><strong>lupanaria</strong></span> <span class='ocrx_word' id='word_1_328' title='bbox 2762 737 3162 806; x_wconf 85' lang='lat' dir='ltr'><strong>ingrediuntur,</strong></span> <span class='ocrx_word' id='word_1_329' title='bbox 3210 750 3264 793; x_wconf 84' lang='lat' dir='ltr'><strong>et</strong></span> <span class='ocrx_word' id='word_1_330' title='bbox 3307 739 3662 808; x_wconf 87' lang='lat' dir='ltr'><strong>impudenter</strong></span> 
     </span>
    </p>
   </div>
   <div class='ocr_carea' id='block_1_47' title="bbox 2073 825 3665 898">
    <p class='ocr_par' dir='ltr' id='par_1_47' title="bbox 2073 825 3665 898">
     <span class='ocr_line' id='line_1_47' title="bbox 2073 825 3665 898; baseline 0.003 -18"><span class='ocrx_word' id='word_1_331' title='bbox 2073 825 2447 890; x_wconf 71' lang='lat' dir='ltr'><strong>mmchantur,</strong></span> <span class='ocrx_word' id='word_1_332' title='bbox 2472 843 2573 882; x_wconf 90' lang='lat' dir='ltr'><strong>nec</strong></span> <span class='ocrx_word' id='word_1_333' title='bbox 2607 828 2965 898; x_wconf 78' lang='lat' dir='ltr'><strong>prohibentur</strong></span> <span class='ocrx_word' id='word_1_334' title='bbox 2993 844 3060 883; x_wconf 89' lang='lat' dir='ltr'><strong>ne</strong></span> <span class='ocrx_word' id='word_1_335' title='bbox 3083 845 3237 884; x_wconf 87' lang='lat' dir='ltr'><strong>sacra</strong></span> <span class='ocrx_word' id='word_1_336' title='bbox 3269 829 3493 884; x_wconf 81' lang='lat' dir='ltr'><strong>faciant.</strong></span> <span class='ocrx_word' id='word_1_337' title='bbox 3513 830 3665 885; x_wconf 76' lang='lat' dir='ltr'><strong>Laici</strong></span> 
     </span>
    </p>
   </div>
   <div class='ocr_carea' id='block_1_48' title="bbox 2067 919 3662 989">
    <p class='ocr_par' dir='ltr' id='par_1_48' title="bbox 2067 919 3662 989">
     <span class='ocr_line' id='line_1_48' title="bbox 2067 919 3662 989; baseline -0.002 -17"><span class='ocrx_word' id='word_1_338' title='bbox 2067 928 2270 984; x_wconf 85' lang='lat' dir='ltr'><strong>autem,</strong></span> <span class='ocrx_word' id='word_1_339' title='bbox 2301 935 2490 973; x_wconf 89' lang='lat' dir='ltr'><strong>eorum</strong></span> <span class='ocrx_word' id='word_1_340' title='bbox 2523 920 2796 986; x_wconf 69' lang='lat' dir='ltr'><strong>exemplo,</strong></span> <span class='ocrx_word' id='word_1_341' title='bbox 2822 919 3040 989; x_wconf 77' lang='lat' dir='ltr'><strong>pollices</strong></span> <span class='ocrx_word' id='word_1_342' title='bbox 3062 920 3364 987; x_wconf 81' lang='lat' dir='ltr'><strong>accipiunt,</strong></span> <span class='ocrx_word' id='word_1_343' title='bbox 3389 930 3444 973; x_wconf 91' lang='lat' dir='ltr'><strong>et</strong></span> <span class='ocrx_word' id='word_1_344' title='bbox 3486 919 3662 973; x_wconf 72' lang='lat' dir='ltr'><strong>furni.</strong></span> 
     </span>
    </p>
   </div>
   <div class='ocr_carea' id='block_1_49' title="bbox 2067 1011 3669 1080">
    <p class='ocr_par' dir='ltr' id='par_1_49' title="bbox 2067 1011 3669 1080">
     <span class='ocr_line' id='line_1_49' title="bbox 2067 1011 3669 1080; baseline -0.002 -14"><span class='ocrx_word' id='word_1_345' title='bbox 2067 1023 2254 1066; x_wconf 86' lang='lat' dir='ltr'><strong>cantes</strong></span> <span class='ocrx_word' id='word_1_346' title='bbox 2287 1026 2392 1065; x_wconf 91' lang='lat' dir='ltr'><strong>non</strong></span> <span class='ocrx_word' id='word_1_347' title='bbox 2422 1011 2776 1070; x_wconf 75' lang='lat' dir='ltr'><strong>erubescunt.</strong></span> <span class='ocrx_word' id='word_1_348' title='bbox 2840 1027 3184 1080; x_wconf 78' lang='lat' dir='ltr'><strong>nequaquam</strong></span> <span class='ocrx_word' id='word_1_349' title='bbox 3245 1013 3551 1079; x_wconf 71' lang='lat' dir='ltr'><strong>cogitantes</strong></span> <span class='ocrx_word' id='word_1_350' title='bbox 3607 1012 3669 1069; x_wconf 78' lang='lat' dir='ltr'><strong>in</strong></span> 
     </span>
    </p>
   </div>
   <div class='ocr_carea' id='block_1_50' title="bbox 2068 1100 3660 1171">
    <p class='ocr_par' dir='ltr' id='par_1_50' title="bbox 2068 1100 3660 1171">
     <span class='ocr_line' id='line_1_50' title="bbox 2068 1100 3660 1171; baseline -0.001 -14"><span class='ocrx_word' id='word_1_351' title='bbox 2068 1103 2173 1157; x_wconf 90' lang='lat' dir='ltr'><strong>hoc</strong></span> <span class='ocrx_word' id='word_1_352' title='bbox 2205 1116 2328 1157; x_wconf 85' lang='lat' dir='ltr'><strong>esse</strong></span> <span class='ocrx_word' id='word_1_353' title='bbox 2351 1112 2634 1170; x_wconf 84' lang='lat' dir='ltr'><strong>peccatum</strong></span> <span class='ocrx_word' id='word_1_354' title='bbox 2664 1113 2714 1154; x_wconf 88' lang='lat' dir='ltr'><strong>et</strong></span> <span class='ocrx_word' id='word_1_355' title='bbox 2747 1100 3416 1171; x_wconf 80' lang='lat' dir='ltr'><strong>iniinninlitiazn.Insuper</strong></span> <span class='ocrx_word' id='word_1_356' title='bbox 3447 1103 3660 1169; x_wconf 82' lang='lat' dir='ltr'><strong>impura</strong></span> 
     </span>
    </p>
   </div>
   <div class='ocr_carea' id='block_1_51' title="bbox 2065 1191 3661 1261">
    <p class='ocr_par' dir='ltr' id='par_1_51' title="bbox 2065 1191 3661 1261">
     <span class='ocr_line' id='line_1_51' title="bbox 2065 1191 3661 1261; baseline -0.004 -13"><span class='ocrx_word' id='word_1_357' title='bbox 2065 1203 2120 1248; x_wconf 89' lang='lat' dir='ltr'><strong>et</strong></span> <span class='ocrx_word' id='word_1_358' title='bbox 2152 1194 2434 1248; x_wconf 84' lang='lat' dir='ltr'><strong>immunda</strong></span> <span class='ocrx_word' id='word_1_359' title='bbox 2466 1201 2690 1260; x_wconf 82' lang='lat' dir='ltr'><strong>tangere</strong></span> <span class='ocrx_word' id='word_1_360' title='bbox 2719 1191 3001 1256; x_wconf 84' lang='lat' dir='ltr'><strong>animalia,</strong></span> <span class='ocrx_word' id='word_1_361' title='bbox 3036 1195 3337 1261; x_wconf 57' lang='lat' dir='ltr'><strong>praesertim</strong></span> <span class='ocrx_word' id='word_1_362' title='bbox 3372 1193 3661 1256; x_wconf 69' lang='lat' dir='ltr'><strong>simoenta,</strong></span> 
     </span>
    </p>
   </div>
   <div class='ocr_carea' id='block_1_52' title="bbox 2068 1285 3660 1354">
    <p class='ocr_par' dir='ltr' id='par_1_52' title="bbox 2068 1285 3660 1354">
     <span class='ocr_line' id='line_1_52' title="bbox 2068 1285 3660 1354; baseline 0 -14"><span class='ocrx_word' id='word_1_363' title='bbox 2068 1301 2177 1342; x_wconf 90' lang='lat' dir='ltr'><strong>non</strong></span> <span class='ocrx_word' id='word_1_364' title='bbox 2204 1296 2285 1342; x_wconf 79' lang='lat' dir='ltr'><strong>est</strong></span> <span class='ocrx_word' id='word_1_365' title='bbox 2320 1287 2550 1353; x_wconf 87' lang='lat' dir='ltr'><strong>bonum;</strong></span> <span class='ocrx_word' id='word_1_366' title='bbox 2585 1285 2732 1341; x_wconf 90' lang='lat' dir='ltr'><strong>nullo</strong></span> <span class='ocrx_word' id='word_1_367' title='bbox 2761 1286 2942 1350; x_wconf 77' lang='lat' dir='ltr'><strong>modo,</strong></span> <span class='ocrx_word' id='word_1_368' title='bbox 2976 1285 3236 1354; x_wconf 84' lang='lat' dir='ltr'><strong>quoniam</strong></span> <span class='ocrx_word' id='word_1_369' title='bbox 3274 1286 3425 1352; x_wconf 80' lang='lat' dir='ltr'><strong>quasi</strong></span> <span class='ocrx_word' id='word_1_370' title='bbox 3458 1286 3660 1340; x_wconf 70' lang='lat' dir='ltr'><strong>fmdata</strong></span> 
     </span>
    </p>
   </div>
   <div class='ocr_carea' id='block_1_53' title="bbox 2068 1375 3658 1447">
    <p class='ocr_par' dir='ltr' id='par_1_53' title="bbox 2068 1375 3658 1447">
     <span class='ocr_line' id='line_1_53' title="bbox 2068 1375 3658 1447; baseline 0 -16"><span class='ocrx_word' id='word_1_371' title='bbox 2068 1378 2453 1447; x_wconf 84' lang='lat' dir='ltr'><strong>prohibentur,</strong></span> <span class='ocrx_word' id='word_1_372' title='bbox 2483 1393 2605 1432; x_wconf 90' lang='lat' dir='ltr'><strong>cum</strong></span> <span class='ocrx_word' id='word_1_373' title='bbox 2641 1396 2660 1426; x_wconf 74' lang='grc' dir='ltr'><strong>ε</strong></span> <span class='ocrx_word' id='word_1_374' title='bbox 2702 1379 2880 1431; x_wconf 85' lang='lat' dir='ltr'><strong>omnis</strong></span> <span class='ocrx_word' id='word_1_375' title='bbox 2907 1390 3158 1432; x_wconf 85' lang='lat' dir='ltr'><strong>creatura</strong></span> <span class='ocrx_word' id='word_1_376' title='bbox 3214 1375 3306 1432; x_wconf 88' lang='lat' dir='ltr'><strong>Dei</strong></span> <span class='ocrx_word' id='word_1_377' title='bbox 3360 1377 3502 1432; x_wconf 86' lang='lat' dir='ltr'><strong>bona</strong></span> <span class='ocrx_word' id='word_1_378' title='bbox 3567 1379 3658 1442; x_wconf 89' lang='lat' dir='ltr'><strong>sit,</strong></span> 
     </span>
    </p>
   </div>
   <div class='ocr_carea' id='block_1_54' title="bbox 2067 1471 3654 1542">
    <p class='ocr_par' dir='ltr' id='par_1_54' title="bbox 2067 1471 3654 1542">
     <span class='ocr_line' id='line_1_54' title="bbox 2067 1471 3654 1542; baseline 0.003 -19"><span class='ocrx_word' id='word_1_379' title='bbox 2067 1472 2536 1542; x_wconf 84' lang='lat' dir='ltr'><strong>quemadmodum</strong></span> <span class='ocrx_word' id='word_1_380' title='bbox 2572 1472 2718 1525; x_wconf 73' lang='lat' dir='ltr'><strong>dixit</strong></span> <span class='ocrx_word' id='word_1_381' title='bbox 2742 1471 2964 1534; x_wconf 85' lang='lat' dir='ltr'><strong>Paulus,</strong></span> <span class='ocrx_word' id='word_1_382' title='bbox 3001 1483 3055 1525; x_wconf 76' lang='grc' dir='ltr'><strong>(ιι</strong></span> <span class='ocrx_word' id='word_1_383' title='bbox 3104 1473 3238 1527; x_wconf 86' lang='lat' dir='ltr'><strong>nihil</strong></span> <span class='ocrx_word' id='word_1_384' title='bbox 3295 1475 3654 1542; x_wconf 56' lang='lat' dir='ltr'><strong>rejicienilum</strong></span> 
     </span>
    </p>
   </div>
   <div class='ocr_carea' id='block_1_55' title="bbox 2065 1563 3662 1635">
    <p class='ocr_par' dir='ltr' id='par_1_55' title="bbox 2065 1563 3662 1635">
     <span class='ocr_line' id='line_1_55' title="bbox 2065 1563 3662 1635; baseline 0.002 -18"><span class='ocrx_word' id='word_1_385' title='bbox 2065 1563 2209 1631; x_wconf 88' lang='lat' dir='ltr'><strong>quod</strong></span> <span class='ocrx_word' id='word_1_386' title='bbox 2233 1577 2357 1617; x_wconf 89' lang='lat' dir='ltr'><strong>cum</strong></span> <span class='ocrx_word' id='word_1_387' title='bbox 2384 1564 2682 1632; x_wconf 81' lang='lat' dir='ltr'><strong>gratiarum</strong></span> <span class='ocrx_word' id='word_1_388' title='bbox 2715 1563 2931 1618; x_wconf 87' lang='lat' dir='ltr'><strong>actione</strong></span> <span class='ocrx_word' id='word_1_389' title='bbox 2952 1564 3253 1632; x_wconf 81' lang='lat' dir='ltr'><strong>percipitur</strong></span> <span class='ocrx_word' id='word_1_390' title='bbox 3286 1583 3301 1618; x_wconf 89' lang='lat'><strong>:</strong></span> <span class='ocrx_word' id='word_1_391' title='bbox 3336 1585 3352 1616; x_wconf 72' lang='grc' dir='ltr'><strong>ι</strong></span> <span class='ocrx_word' id='word_1_392' title='bbox 3386 1581 3508 1620; x_wconf 89' lang='lat' dir='ltr'><strong>cum</strong></span> <span class='ocrx_word' id='word_1_393' title='bbox 3534 1583 3662 1635; x_wconf 78' lang='lat' dir='ltr'><strong>gra-</strong></span> 
     </span>
    </p>
   </div>
   <div class='ocr_carea' id='block_1_56' title="bbox 2067 1655 3659 1725">
    <p class='ocr_par' dir='ltr' id='par_1_56' title="bbox 2067 1655 3659 1725">
     <span class='ocr_line' id='line_1_56' title="bbox 2067 1655 3659 1725; baseline 0.003 -15"><span class='ocrx_word' id='word_1_394' title='bbox 2067 1655 2268 1710; x_wconf 87' lang='lat' dir='ltr'><strong>tiarum</strong></span> <span class='ocrx_word' id='word_1_395' title='bbox 2303 1655 2540 1719; x_wconf 87' lang='lat' dir='ltr'><strong>actione,</strong></span> <span class='ocrx_word' id='word_1_396' title='bbox 2577 1656 2778 1725; x_wconf 87' lang='lat' dir='ltr'><strong>inquit,</strong></span> <span class='ocrx_word' id='word_1_397' title='bbox 2821 1672 2929 1711; x_wconf 91' lang='lat' dir='ltr'><strong>non</strong></span> <span class='ocrx_word' id='word_1_398' title='bbox 2997 1668 3176 1712; x_wconf 88' lang='lat' dir='ltr'><strong>autem</strong></span> <span class='ocrx_word' id='word_1_399' title='bbox 3232 1659 3516 1714; x_wconf 86' lang='lat' dir='ltr'><strong>fastidiose</strong></span> <span class='ocrx_word' id='word_1_400' title='bbox 3549 1678 3563 1724; x_wconf 90' lang='lat'><strong>;</strong></span> <span class='ocrx_word' id='word_1_401' title='bbox 3602 1673 3659 1714; x_wconf 90' lang='lat' dir='ltr'><strong>et</strong></span> 
     </span>
    </p>
   </div>
   <div class='ocr_carea' id='block_1_57' title="bbox 2065 1746 3738 1819">
    <p class='ocr_par' dir='ltr' id='par_1_57' title="bbox 2065 1746 3738 1819">
     <span class='ocr_line' id='line_1_57' title="bbox 2065 1746 3738 1819; baseline 0.001 -19"><span class='ocrx_word' id='word_1_402' title='bbox 2065 1746 2326 1817; x_wconf 69' lang='lat' dir='ltr'><strong>Quoniam</strong></span> <span class='ocrx_word' id='word_1_403' title='bbox 2376 1749 2752 1802; x_wconf 87' lang='lat' dir='ltr'><strong>sanctitleatur</strong></span> <span class='ocrx_word' id='word_1_404' title='bbox 2796 1764 2894 1819; x_wconf 90' lang='lat' dir='ltr'><strong>per</strong></span> <span class='ocrx_word' id='word_1_405' title='bbox 2941 1751 3165 1805; x_wconf 77' lang='lat' dir='ltr'><strong>verbum</strong></span> <span class='ocrx_word' id='word_1_406' title='bbox 3223 1752 3312 1805; x_wconf 86' lang='lat' dir='ltr'><strong>Dei</strong></span> <span class='ocrx_word' id='word_1_407' title='bbox 3344 1763 3398 1806; x_wconf 86' lang='lat' dir='ltr'><strong>et</strong></span> <span class='ocrx_word' id='word_1_408' title='bbox 3454 1753 3660 1805; x_wconf 83' lang='lat' dir='ltr'><strong>oratio-</strong></span> <span class='ocrx_word' id='word_1_409' title='bbox 3714 1792 3738 1802; x_wconf 84' lang='lat'><strong>-</strong></span> 
     </span>
    </p>
   </div>
   <div class='ocr_carea' id='block_1_58' title="bbox 2064 1839 3656 1913">
    <p class='ocr_par' dir='ltr' id='par_1_58' title="bbox 2064 1839 3656 1913">
     <span class='ocr_line' id='line_1_58' title="bbox 2064 1839 3656 1913; baseline 0.004 -19"><span class='ocrx_word' id='word_1_410' title='bbox 2064 1855 2209 1895; x_wconf 87' lang='lat' dir='ltr'><strong>nem.</strong></span> <span class='ocrx_word' id='word_1_411' title='bbox 2242 1839 2343 1895; x_wconf 88' lang='lat' dir='ltr'><strong>Ubi</strong></span> <span class='ocrx_word' id='word_1_412' title='bbox 2366 1839 2575 1896; x_wconf 87' lang='lat' dir='ltr'><strong>Latinis</strong></span> <span class='ocrx_word' id='word_1_413' title='bbox 2603 1857 2784 1897; x_wconf 86' lang='lat' dir='ltr'><strong>sermo</strong></span> <span class='ocrx_word' id='word_1_414' title='bbox 2817 1845 2885 1897; x_wconf 88' lang='lat' dir='ltr'><strong>de</strong></span> <span class='ocrx_word' id='word_1_415' title='bbox 2918 1845 3018 1897; x_wconf 87' lang='lat' dir='ltr'><strong>hac</strong></span> <span class='ocrx_word' id='word_1_416' title='bbox 3042 1845 3269 1899; x_wconf 74' lang='lat' dir='ltr'><strong>materia</strong></span> <span class='ocrx_word' id='word_1_417' title='bbox 3297 1844 3320 1898; x_wconf 70' lang='grc' dir='ltr'><strong><em>τ</em></strong></span> <span class='ocrx_word' id='word_1_418' title='bbox 3366 1845 3480 1913; x_wconf 87' lang='lat' dir='ltr'><strong>lpsa</strong></span> <span class='ocrx_word' id='word_1_419' title='bbox 3509 1849 3656 1901; x_wconf 73' lang='lat' dir='ltr'><strong>enim</strong></span> 
     </span>
    </p>
   </div>
   <div class='ocr_carea' id='block_1_59' title="bbox 2066 1938 3648 2007">
    <p class='ocr_par' dir='ltr' id='par_1_59' title="bbox 2066 1938 3648 2007">
     <span class='ocr_line' id='line_1_59' title="bbox 2066 1938 3648 2007; baseline 0.002 -21"><span class='ocrx_word' id='word_1_420' title='bbox 2066 1942 2421 2003; x_wconf 73' lang='lat' dir='ltr'><strong>purgamenta</strong></span> <span class='ocrx_word' id='word_1_421' title='bbox 2461 1943 2712 2004; x_wconf 78' lang='lat' dir='ltr'><strong>tangunt,</strong></span> <span class='ocrx_word' id='word_1_422' title='bbox 2765 1950 2865 1991; x_wconf 89' lang='lat' dir='ltr'><strong>nec</strong></span> <span class='ocrx_word' id='word_1_423' title='bbox 2909 1952 2938 1990; x_wconf 86' lang='lat' dir='ltr'><strong>a</strong></span> <span class='ocrx_word' id='word_1_424' title='bbox 2969 1938 3224 1991; x_wconf 85' lang='lat' dir='ltr'><strong>sordibus</strong></span> <span class='ocrx_word' id='word_1_425' title='bbox 3267 1938 3648 2007; x_wconf 82' lang='lat' dir='ltr'><strong>prohibentur,</strong></span> 
     </span>
    </p>
   </div>
   <div class='ocr_carea' id='block_1_60' title="bbox 2065 2024 3659 2100">
    <p class='ocr_par' dir='ltr' id='par_1_60' title="bbox 2065 2024 3659 2100">
     <span class='ocr_line' id='line_1_60' title="bbox 2065 2024 3659 2100; baseline 0.005 -22"><span class='ocrx_word' id='word_1_426' title='bbox 2065 2033 2124 2078; x_wconf 84' lang='lat' dir='ltr'><strong>ut</strong></span> <span class='ocrx_word' id='word_1_427' title='bbox 2158 2024 2413 2080; x_wconf 89' lang='lat' dir='ltr'><strong>viderunt</strong></span> <span class='ocrx_word' id='word_1_428' title='bbox 2444 2027 2624 2080; x_wconf 88' lang='lat' dir='ltr'><strong>multi.</strong></span> <span class='ocrx_word' id='word_1_429' title='bbox 2654 2027 2744 2081; x_wconf 84' lang='lat' dir='ltr'><strong>Ait</strong></span> <span class='ocrx_word' id='word_1_430' title='bbox 2772 2029 2994 2097; x_wconf 82' lang='lat' dir='ltr'><strong>quidem</strong></span> <span class='ocrx_word' id='word_1_431' title='bbox 3038 2029 3201 2084; x_wconf 86' lang='lat' dir='ltr'><strong>divus</strong></span> <span class='ocrx_word' id='word_1_432' title='bbox 3228 2032 3508 2100; x_wconf 85' lang='lat' dir='ltr'><strong>apostolus</strong></span> <span class='ocrx_word' id='word_1_433' title='bbox 3560 2029 3659 2086; x_wconf 79' lang='lat' dir='ltr'><strong>Ju-</strong></span> 
     </span>
    </p>
   </div>
   <div class='ocr_carea' id='block_1_61' title="bbox 2061 2116 3656 2190">
    <p class='ocr_par' dir='ltr' id='par_1_61' title="bbox 2061 2116 3656 2190">
     <span class='ocr_line' id='line_1_61' title="bbox 2061 2116 3656 2190; baseline 0.006 -20"><span class='ocrx_word' id='word_1_434' title='bbox 2061 2117 2203 2172; x_wconf 87' lang='lat' dir='ltr'><strong>das:</strong></span> <span class='ocrx_word' id='word_1_435' title='bbox 2246 2135 2265 2170; x_wconf 82' lang='grc' dir='ltr'><strong>ι</strong></span> <span class='ocrx_word' id='word_1_436' title='bbox 2303 2116 2564 2173; x_wconf 86' lang='lat' dir='ltr'><strong>Odientes</strong></span> <span class='ocrx_word' id='word_1_437' title='bbox 2585 2129 2639 2174; x_wconf 93' lang='lat' dir='ltr'><strong>et</strong></span> <span class='ocrx_word' id='word_1_438' title='bbox 2665 2135 2786 2174; x_wconf 89' lang='lat' dir='ltr'><strong>eam</strong></span> <span class='ocrx_word' id='word_1_439' title='bbox 2823 2136 2945 2190; x_wconf 65' lang='lat' dir='ltr'><strong>qua</strong></span> <span class='ocrx_word' id='word_1_440' title='bbox 2974 2123 3216 2178; x_wconf 84' lang='lat' dir='ltr'><strong>carnalis</strong></span> <span class='ocrx_word' id='word_1_441' title='bbox 3270 2133 3357 2178; x_wconf 90' lang='lat' dir='ltr'><strong>est</strong></span> <span class='ocrx_word' id='word_1_442' title='bbox 3412 2125 3656 2179; x_wconf 88' lang='lat' dir='ltr'><strong>macula-</strong></span> 
     </span>
    </p>
   </div>
   <div class='ocr_carea' id='block_1_62' title="bbox 2060 2209 3656 2282">
    <p class='ocr_par' dir='ltr' id='par_1_62' title="bbox 2060 2209 3656 2282">
     <span class='ocr_line' id='line_1_62' title="bbox 2060 2209 3656 2282; baseline 0.004 -19"><span class='ocrx_word' id='word_1_443' title='bbox 2060 2217 2170 2264; x_wconf 86' lang='lat' dir='ltr'><strong>tam</strong></span> <span class='ocrx_word' id='word_1_444' title='bbox 2201 2209 2442 2266; x_wconf 89' lang='lat' dir='ltr'><strong>tunicam</strong></span> <span class='ocrx_word' id='word_1_445' title='bbox 2482 2228 2496 2275; x_wconf 87' lang='lat'><strong>;</strong></span> <span class='ocrx_word' id='word_1_446' title='bbox 2539 2229 2559 2264; x_wconf 69' lang='grc' dir='ltr'><strong>ι</strong></span> <span class='ocrx_word' id='word_1_447' title='bbox 2593 2209 2668 2266; x_wconf 87' lang='lat' dir='ltr'><strong>illi</strong></span> <span class='ocrx_word' id='word_1_448' title='bbox 2701 2228 2829 2267; x_wconf 86' lang='lat' dir='ltr'><strong>vero</strong></span> <span class='ocrx_word' id='word_1_449' title='bbox 2865 2229 2970 2267; x_wconf 92' lang='lat' dir='ltr'><strong>non</strong></span> <span class='ocrx_word' id='word_1_450' title='bbox 3005 2223 3218 2268; x_wconf 85' lang='lat' dir='ltr'><strong>tantum</strong></span> <span class='ocrx_word' id='word_1_451' title='bbox 3288 2230 3318 2268; x_wconf 87' lang='lat' dir='ltr'><strong>a</strong></span> <span class='ocrx_word' id='word_1_452' title='bbox 3355 2216 3656 2282; x_wconf 89' lang='lat' dir='ltr'><strong>pollutione</strong></span> 
     </span>
    </p>
   </div>
   <div class='ocr_carea' id='block_1_63' title="bbox 2059 2301 3653 2375">
    <p class='ocr_par' dir='ltr' id='par_1_63' title="bbox 2059 2301 3653 2375">
     <span class='ocr_line' id='line_1_63' title="bbox 2059 2301 3653 2375; baseline 0.003 -20"><span class='ocrx_word' id='word_1_453' title='bbox 2059 2301 2243 2356; x_wconf 88' lang='lat' dir='ltr'><strong>carnis</strong></span> <span class='ocrx_word' id='word_1_454' title='bbox 2273 2317 2383 2356; x_wconf 92' lang='lat' dir='ltr'><strong>non</strong></span> <span class='ocrx_word' id='word_1_455' title='bbox 2416 2301 2717 2359; x_wconf 85' lang='lat' dir='ltr'><strong>abhorrent</strong></span> <span class='ocrx_word' id='word_1_456' title='bbox 2745 2320 2924 2375; x_wconf 88' lang='lat' dir='ltr'><strong>neque</strong></span> <span class='ocrx_word' id='word_1_457' title='bbox 2955 2320 3076 2359; x_wconf 88' lang='lat' dir='ltr'><strong>eam</strong></span> <span class='ocrx_word' id='word_1_458' title='bbox 3141 2305 3195 2360; x_wconf 90' lang='lat' dir='ltr'><strong>in</strong></span> <span class='ocrx_word' id='word_1_459' title='bbox 3254 2307 3380 2361; x_wconf 90' lang='lat' dir='ltr'><strong>odio</strong></span> <span class='ocrx_word' id='word_1_460' title='bbox 3427 2306 3653 2374; x_wconf 82' lang='lat' dir='ltr'><strong>habent,</strong></span> 
     </span>
    </p>
   </div>
   <div class='ocr_carea' id='block_1_64' title="bbox 2061 2393 3653 2465">
    <p class='ocr_par' dir='ltr' id='par_1_64' title="bbox 2061 2393 3653 2465">
     <span class='ocr_line' id='line_1_64' title="bbox 2061 2393 3653 2465; baseline 0.003 -16"><span class='ocrx_word' id='word_1_461' title='bbox 2061 2395 2158 2449; x_wconf 84' lang='lat' dir='ltr'><strong>sed</strong></span> <span class='ocrx_word' id='word_1_462' title='bbox 2185 2393 2239 2448; x_wconf 90' lang='lat' dir='ltr'><strong>in</strong></span> <span class='ocrx_word' id='word_1_463' title='bbox 2269 2407 2333 2448; x_wconf 89' lang='lat' dir='ltr'><strong>ea</strong></span> <span class='ocrx_word' id='word_1_464' title='bbox 2366 2394 2566 2463; x_wconf 87' lang='lat' dir='ltr'><strong>quibus</strong></span> <span class='ocrx_word' id='word_1_465' title='bbox 2588 2397 2744 2451; x_wconf 76' lang='lat' dir='ltr'><strong>cibOs</strong></span> <span class='ocrx_word' id='word_1_466' title='bbox 2779 2406 2970 2465; x_wconf 90' lang='lat' dir='ltr'><strong>parant</strong></span> <span class='ocrx_word' id='word_1_467' title='bbox 3005 2412 3134 2452; x_wconf 86' lang='lat' dir='ltr'><strong>vasa</strong></span> <span class='ocrx_word' id='word_1_468' title='bbox 3172 2399 3474 2452; x_wconf 88' lang='lat' dir='ltr'><strong>maculatas</strong></span> <span class='ocrx_word' id='word_1_469' title='bbox 3504 2400 3653 2453; x_wconf 84' lang='lat' dir='ltr'><strong>tuni-</strong></span> 
     </span>
    </p>
   </div>
   <div class='ocr_carea' id='block_1_65' title="bbox 2061 2483 3644 2545">
    <p class='ocr_par' dir='ltr' id='par_1_65' title="bbox 2061 2483 3644 2545">
     <span class='ocr_line' id='line_1_65' title="bbox 2061 2483 3644 2545; baseline 0.004 -6"><span class='ocrx_word' id='word_1_470' title='bbox 2061 2499 2157 2539; x_wconf 85' lang='lat' dir='ltr'><strong>cas</strong></span> <span class='ocrx_word' id='word_1_471' title='bbox 2187 2496 2243 2538; x_wconf 92' lang='lat' dir='ltr'><strong>et</strong></span> <span class='ocrx_word' id='word_1_472' title='bbox 2266 2483 2542 2539; x_wconf 87' lang='lat' dir='ltr'><strong>fetninalia</strong></span> <span class='ocrx_word' id='word_1_473' title='bbox 2578 2487 2895 2542; x_wconf 90' lang='lat' dir='ltr'><strong>immittunt.</strong></span> <span class='ocrx_word' id='word_1_474' title='bbox 2949 2488 3148 2544; x_wconf 87' lang='lat' dir='ltr'><strong>Carnis</strong></span> <span class='ocrx_word' id='word_1_475' title='bbox 3183 2500 3367 2544; x_wconf 87' lang='lat' dir='ltr'><strong>autem</strong></span> <span class='ocrx_word' id='word_1_476' title='bbox 3417 2491 3644 2545; x_wconf 72' lang='lat' dir='ltr'><strong>fmdatio</strong></span> 
     </span>
    </p>
   </div>
   <div class='ocr_carea' id='block_1_66' title="bbox 2067 2574 3770 2655">
    <p class='ocr_par' dir='ltr' id='par_1_66' title="bbox 2067 2574 3770 2655">
     <span class='ocr_line' id='line_1_66' title="bbox 2067 2574 3770 2655; baseline 0.006 -28"><span class='ocrx_word' id='word_1_477' title='bbox 2067 2574 2493 2628; x_wconf 85' lang='lat' dir='ltr'><strong>maculationem</strong></span> <span class='ocrx_word' id='word_1_478' title='bbox 2513 2590 2578 2628; x_wconf 77' lang='lat' dir='ltr'><strong>ex</strong></span> <span class='ocrx_word' id='word_1_479' title='bbox 2601 2586 2824 2644; x_wconf 86' lang='lat' dir='ltr'><strong>peccato</strong></span> <span class='ocrx_word' id='word_1_480' title='bbox 2875 2590 3152 2646; x_wconf 84' lang='lat' dir='ltr'><strong>acceptam</strong></span> <span class='ocrx_word' id='word_1_481' title='bbox 3171 2579 3412 2646; x_wconf 79' lang='lat' dir='ltr'><strong>exhibet,</strong></span> <span class='ocrx_word' id='word_1_482' title='bbox 3445 2597 3555 2650; x_wconf 89' lang='lat' dir='ltr'><strong>quo</strong></span> <span class='ocrx_word' id='word_1_483' title='bbox 3572 2582 3656 2636; x_wconf 84' lang='lat' dir='ltr'><strong>di-</strong></span> <span class='ocrx_word' id='word_1_484' title='bbox 3763 2650 3770 2655; x_wconf 28' lang='grc' dir='ltr'><strong><em>ι</em></strong></span> 
     </span>
    </p>
   </div>
   <div class='ocr_carea' id='block_1_67' title="bbox 2071 2665 3656 2743">
    <p class='ocr_par' dir='ltr' id='par_1_67' title="bbox 2071 2665 3656 2743">
     <span class='ocr_line' id='line_1_67' title="bbox 2071 2665 3656 2743; baseline 0.007 -25"><span class='ocrx_word' id='word_1_485' title='bbox 2071 2665 2278 2720; x_wconf 88' lang='lat' dir='ltr'><strong>scimus</strong></span> <span class='ocrx_word' id='word_1_486' title='bbox 2307 2679 2408 2720; x_wconf 88' lang='lat' dir='ltr'><strong>nos</strong></span> <span class='ocrx_word' id='word_1_487' title='bbox 2433 2667 2486 2720; x_wconf 92' lang='lat' dir='ltr'><strong>in</strong></span> <span class='ocrx_word' id='word_1_488' title='bbox 2521 2666 2901 2737; x_wconf 83' lang='lat' dir='ltr'><strong>iniquitatibus</strong></span> <span class='ocrx_word' id='word_1_489' title='bbox 2931 2685 3056 2725; x_wconf 88' lang='lat' dir='ltr'><strong>esse</strong></span> <span class='ocrx_word' id='word_1_490' title='bbox 3083 2682 3403 2740; x_wconf 89' lang='lat' dir='ltr'><strong>conceptos,</strong></span> <span class='ocrx_word' id='word_1_491' title='bbox 3452 2675 3656 2743; x_wconf 82' lang='lat' dir='ltr'><strong>quibus</strong></span> 
     </span>
    </p>
   </div>
   <div class='ocr_carea' id='block_1_68' title="bbox 2064 2757 3654 2834">
    <p class='ocr_par' dir='ltr' id='par_1_68' title="bbox 2064 2757 3654 2834">
     <span class='ocr_line' id='line_1_68' title="bbox 2064 2757 3654 2834; baseline 0.004 -20"><span class='ocrx_word' id='word_1_492' title='bbox 2064 2757 2316 2816; x_wconf 85' lang='lat' dir='ltr'><strong>mundari</strong></span> <span class='ocrx_word' id='word_1_493' title='bbox 2342 2773 2448 2812; x_wconf 92' lang='lat' dir='ltr'><strong>non</strong></span> <span class='ocrx_word' id='word_1_494' title='bbox 2499 2773 2795 2829; x_wconf 83' lang='lat' dir='ltr'><strong>possumus</strong></span> <span class='ocrx_word' id='word_1_495' title='bbox 2852 2763 2957 2817; x_wconf 89' lang='lat' dir='ltr'><strong>nisi</strong></span> <span class='ocrx_word' id='word_1_496' title='bbox 3014 2763 3182 2817; x_wconf 91' lang='lat' dir='ltr'><strong>divini</strong></span> <span class='ocrx_word' id='word_1_497' title='bbox 3210 2779 3314 2834; x_wconf 93' lang='lat' dir='ltr'><strong>ope</strong></span> <span class='ocrx_word' id='word_1_498' title='bbox 3371 2763 3654 2834; x_wconf 87' lang='lat' dir='ltr'><strong>baptismi,</strong></span> 
     </span>
    </p>
   </div>
   <div class='ocr_carea' id='block_1_69' title="bbox 2059 2853 3658 2921">
    <p class='ocr_par' dir='ltr' id='par_1_69' title="bbox 2059 2853 3658 2921">
     <span class='ocr_line' id='line_1_69' title="bbox 2059 2853 3658 2921; baseline 0.005 -15"><span class='ocrx_word' id='word_1_499' title='bbox 2059 2857 2116 2906; x_wconf 81' lang='lat' dir='ltr'><strong>et</strong></span> <span class='ocrx_word' id='word_1_500' title='bbox 2143 2856 2331 2917; x_wconf 83' lang='lat' dir='ltr'><strong>postea</strong></span> <span class='ocrx_word' id='word_1_501' title='bbox 2363 2864 2557 2905; x_wconf 84' lang='lat' dir='ltr'><strong>rursus</strong></span> <span class='ocrx_word' id='word_1_502' title='bbox 2585 2865 2682 2921; x_wconf 91' lang='lat' dir='ltr'><strong>per</strong></span> <span class='ocrx_word' id='word_1_503' title='bbox 2712 2853 3117 2920; x_wconf 73' lang='lat' dir='ltr'><strong>pmnitentiam.</strong></span> <span class='ocrx_word' id='word_1_504' title='bbox 3141 2855 3212 2910; x_wconf 86' lang='lat' dir='ltr'><strong>At</strong></span> <span class='ocrx_word' id='word_1_505' title='bbox 3250 2856 3330 2912; x_wconf 92' lang='lat' dir='ltr'><strong>illi</strong></span> <span class='ocrx_word' id='word_1_506' title='bbox 3380 2859 3658 2914; x_wconf 55' lang='lat' dir='ltr'><strong>membro.</strong></span> 
     </span>
    </p>
   </div>
   <div class='ocr_carea' id='block_1_70' title="bbox 2061 2939 3658 3023">
    <p class='ocr_par' dir='ltr' id='par_1_70' title="bbox 2061 2939 3658 3023">
     <span class='ocr_line' id='line_1_70' title="bbox 2061 2939 3658 3023; baseline 0.008 -30"><span class='ocrx_word' id='word_1_507' title='bbox 2061 2954 2180 2993; x_wconf 89' lang='lat' dir='ltr'><strong>rum</strong></span> <span class='ocrx_word' id='word_1_508' title='bbox 2213 2939 2488 3011; x_wconf 83' lang='lat' dir='ltr'><strong>superﬂua</strong></span> <span class='ocrx_word' id='word_1_509' title='bbox 2513 2942 2717 3011; x_wconf 90' lang='lat' dir='ltr'><strong>quibus</strong></span> <span class='ocrx_word' id='word_1_510' title='bbox 2741 2943 3020 3000; x_wconf 73' lang='lat' dir='ltr'><strong>fmdantur</strong></span> <span class='ocrx_word' id='word_1_511' title='bbox 3041 2945 3147 3002; x_wconf 86' lang='lat' dir='ltr'><strong>heu</strong></span> <span class='ocrx_word' id='word_1_512' title='bbox 3171 2948 3190 3023; x_wconf 85' lang='lat'><strong>!_</strong></span> <span class='ocrx_word' id='word_1_513' title='bbox 3209 2948 3276 3002; x_wconf 90' lang='lat' dir='ltr'><strong>ad</strong></span> <span class='ocrx_word' id='word_1_514' title='bbox 3308 2948 3450 3004; x_wconf 89' lang='lat' dir='ltr'><strong>labia</strong></span> <span class='ocrx_word' id='word_1_515' title='bbox 3483 2965 3658 3020; x_wconf 87' lang='lat' dir='ltr'><strong>osque</strong></span> 
     </span>
    </p>
   </div>
   <div class='ocr_carea' id='block_1_71' title="bbox 2060 3032 3655 3111">
    <p class='ocr_par' dir='ltr' id='par_1_71' title="bbox 2060 3032 3655 3111">
     <span class='ocr_line' id='line_1_71' title="bbox 2060 3032 3655 3111; baseline 0.009 -27"><span class='ocrx_word' id='word_1_516' title='bbox 2060 3032 2376 3098; x_wconf 84' lang='lat' dir='ltr'><strong>admovent,</strong></span> <span class='ocrx_word' id='word_1_517' title='bbox 2402 3032 2507 3087; x_wconf 89' lang='lat' dir='ltr'><strong>etsi</strong></span> <span class='ocrx_word' id='word_1_518' title='bbox 2536 3034 2835 3103; x_wconf 82' lang='lat' dir='ltr'><strong>Apostolus</strong></span> <span class='ocrx_word' id='word_1_519' title='bbox 2865 3051 2967 3092; x_wconf 88' lang='lat' dir='ltr'><strong>nos</strong></span> <span class='ocrx_word' id='word_1_520' title='bbox 2990 3037 3187 3094; x_wconf 88' lang='lat' dir='ltr'><strong>doceat</strong></span> <span class='ocrx_word' id='word_1_521' title='bbox 3220 3041 3341 3111; x_wconf 89' lang='lat' dir='ltr'><strong>pios</strong></span> <span class='ocrx_word' id='word_1_522' title='bbox 3373 3057 3495 3098; x_wconf 90' lang='lat' dir='ltr'><strong>esse</strong></span> <span class='ocrx_word' id='word_1_523' title='bbox 3517 3054 3572 3097; x_wconf 92' lang='lat' dir='ltr'><strong>et</strong></span> <span class='ocrx_word' id='word_1_524' title='bbox 3601 3045 3655 3098; x_wconf 89' lang='lat' dir='ltr'><strong>in</strong></span> 
     </span>
    </p>
   </div>
   <div class='ocr_carea' id='block_1_72' title="bbox 2058 3122 3658 3202">
    <p class='ocr_par' dir='ltr' id='par_1_72' title="bbox 2058 3122 3658 3202">
     <span class='ocr_line' id='line_1_72' title="bbox 2058 3122 3658 3202; baseline 0.011 -27"><span class='ocrx_word' id='word_1_525' title='bbox 2058 3122 2317 3178; x_wconf 89' lang='lat' dir='ltr'><strong>omnibus</strong></span> <span class='ocrx_word' id='word_1_526' title='bbox 2335 3131 2732 3194; x_wconf 87' lang='lat' dir='ltr'><strong>temperantes;</strong></span> <span class='ocrx_word' id='word_1_527' title='bbox 2765 3143 2888 3182; x_wconf 90' lang='lat' dir='ltr'><strong>nam</strong></span> <span class='ocrx_word' id='word_1_528' title='bbox 2918 3129 3015 3197; x_wconf 90' lang='lat' dir='ltr'><strong>ait,</strong></span> <span class='ocrx_word' id='word_1_529' title='bbox 3054 3148 3073 3182; x_wconf 76' lang='grc' dir='ltr'><strong>ι</strong></span> <span class='ocrx_word' id='word_1_530' title='bbox 3097 3129 3202 3197; x_wconf 85' lang='lat' dir='ltr'><strong>Qui</strong></span> <span class='ocrx_word' id='word_1_531' title='bbox 3237 3134 3289 3185; x_wconf 91' lang='lat' dir='ltr'><strong>in</strong></span> <span class='ocrx_word' id='word_1_532' title='bbox 3317 3148 3493 3202; x_wconf 79' lang='lat' dir='ltr'><strong>agone</strong></span> <span class='ocrx_word' id='word_1_533' title='bbox 3526 3151 3658 3191; x_wconf 86' lang='lat' dir='ltr'><strong>con-</strong></span> 
     </span>
    </p>
   </div>
   <div class='ocr_carea' id='block_1_73' title="bbox 2063 3212 3657 3286">
    <p class='ocr_par' dir='ltr' id='par_1_73' title="bbox 2063 3212 3657 3286">
     <span class='ocr_line' id='line_1_73' title="bbox 2063 3212 3657 3286; baseline 0.01 -21"><span class='ocrx_word' id='word_1_534' title='bbox 2063 3212 2234 3267; x_wconf 84' lang='lat' dir='ltr'><strong>tendit</strong></span> <span class='ocrx_word' id='word_1_535' title='bbox 2251 3213 2588 3271; x_wconf 87' lang='lat' dir='ltr'><strong>abomnibus</strong></span> <span class='ocrx_word' id='word_1_536' title='bbox 2608 3231 2665 3272; x_wconf 86' lang='lat' dir='ltr'><strong>se</strong></span> <span class='ocrx_word' id='word_1_537' title='bbox 2681 3218 2919 3273; x_wconf 80' lang='lat' dir='ltr'><strong>abstinet</strong></span> <span class='ocrx_word' id='word_1_538' title='bbox 2937 3237 2985 3286; x_wconf 72' lang='grc' dir='ltr'><strong>ς»</strong></span> <span class='ocrx_word' id='word_1_539' title='bbox 3010 3223 3117 3286; x_wconf 87' lang='lat' dir='ltr'><strong>vel,</strong></span> <span class='ocrx_word' id='word_1_540' title='bbox 3139 3238 3158 3272; x_wconf 77' lang='grc' dir='ltr'><strong>ι</strong></span> <span class='ocrx_word' id='word_1_541' title='bbox 3180 3221 3238 3276; x_wconf 90' lang='lat' dir='ltr'><strong>Si</strong></span> <span class='ocrx_word' id='word_1_542' title='bbox 3266 3239 3392 3279; x_wconf 90' lang='lat' dir='ltr'><strong>esca</strong></span> <span class='ocrx_word' id='word_1_543' title='bbox 3420 3228 3657 3282; x_wconf 89' lang='lat' dir='ltr'><strong>scanda-</strong></span> 
     </span>
    </p>
   </div>
   <div class='ocr_carea' id='block_1_74' title="bbox 2062 3305 3656 3377">
    <p class='ocr_par' dir='ltr' id='par_1_74' title="bbox 2062 3305 3656 3377">
     <span class='ocr_line' id='line_1_74' title="bbox 2062 3305 3656 3377; baseline 0.011 -18"><span class='ocrx_word' id='word_1_544' title='bbox 2062 3305 2189 3359; x_wconf 85' lang='lat' dir='ltr'><strong>lizat</strong></span> <span class='ocrx_word' id='word_1_545' title='bbox 2207 3305 2434 3362; x_wconf 87' lang='lat' dir='ltr'><strong>fratrem</strong></span> <span class='ocrx_word' id='word_1_546' title='bbox 2455 3323 2662 3376; x_wconf 90' lang='lat' dir='ltr'><strong>meum,</strong></span> <span class='ocrx_word' id='word_1_547' title='bbox 2684 3324 2790 3366; x_wconf 91' lang='lat' dir='ltr'><strong>non</strong></span> <span class='ocrx_word' id='word_1_548' title='bbox 2811 3313 3154 3370; x_wconf 88' lang='lat' dir='ltr'><strong>manducabo</strong></span> <span class='ocrx_word' id='word_1_549' title='bbox 3172 3330 3390 3372; x_wconf 80' lang='lat' dir='ltr'><strong>carnem</strong></span> <span class='ocrx_word' id='word_1_550' title='bbox 3411 3318 3466 3373; x_wconf 93' lang='lat' dir='ltr'><strong>in</strong></span> <span class='ocrx_word' id='word_1_551' title='bbox 3484 3334 3656 3377; x_wconf 57' lang='lat' dir='ltr'><strong>mecu-</strong></span> 
     </span>
    </p>
   </div>
   <div class='ocr_carea' id='block_1_75' title="bbox 2062 3397 3651 3479">
    <p class='ocr_par' dir='ltr' id='par_1_75' title="bbox 2062 3397 3651 3479">
     <span class='ocr_line' id='line_1_75' title="bbox 2062 3397 3651 3479; baseline 0.011 -29"><span class='ocrx_word' id='word_1_552' title='bbox 2062 3397 2195 3463; x_wconf 89' lang='lat' dir='ltr'><strong>lnm,</strong></span> <span class='ocrx_word' id='word_1_553' title='bbox 2208 3418 2228 3450; x_wconf 77' lang='grc' dir='ltr'><strong>ι</strong></span> <span class='ocrx_word' id='word_1_554' title='bbox 2252 3399 2451 3470; x_wconf 86' lang='lat' dir='ltr'><strong>inquit.</strong></span> <span class='ocrx_word' id='word_1_555' title='bbox 2470 3398 2581 3459; x_wconf 81' lang='lat' dir='ltr'><strong>Nos</strong></span> <span class='ocrx_word' id='word_1_556' title='bbox 2600 3414 2854 3472; x_wconf 83' lang='lat' dir='ltr'><strong>oportere</strong></span> <span class='ocrx_word' id='word_1_557' title='bbox 2871 3421 2993 3462; x_wconf 87' lang='lat' dir='ltr'><strong>esse</strong></span> <span class='ocrx_word' id='word_1_558' title='bbox 3014 3415 3378 3479; x_wconf 84' lang='lat' dir='ltr'><strong>temperantes</strong></span> <span class='ocrx_word' id='word_1_559' title='bbox 3395 3422 3447 3467; x_wconf 90' lang='lat' dir='ltr'><strong>et</strong></span> <span class='ocrx_word' id='word_1_560' title='bbox 3468 3428 3499 3467; x_wconf 89' lang='lat' dir='ltr'><strong>a</strong></span> <span class='ocrx_word' id='word_1_561' title='bbox 3529 3428 3651 3468; x_wconf 82' lang='lat' dir='ltr'><strong>car-</strong></span> 
     </span>
    </p>
   </div>
   <div class='ocr_carea' id='block_1_76' title="bbox 2060 3492 3655 3575">
    <p class='ocr_par' dir='ltr' id='par_1_76' title="bbox 2060 3492 3655 3575">
     <span class='ocr_line' id='line_1_76' title="bbox 2060 3492 3655 3575; baseline 0.013 -31"><span class='ocrx_word' id='word_1_562' title='bbox 2060 3492 2220 3546; x_wconf 89' lang='lat' dir='ltr'><strong>nibus</strong></span> <span class='ocrx_word' id='word_1_563' title='bbox 2236 3493 2510 3551; x_wconf 89' lang='lat' dir='ltr'><strong>abstinere</strong></span> <span class='ocrx_word' id='word_1_564' title='bbox 2538 3495 2652 3565; x_wconf 90' lang='lat' dir='ltr'><strong>ipse</strong></span> <span class='ocrx_word' id='word_1_565' title='bbox 2679 3494 2881 3552; x_wconf 86' lang='lat' dir='ltr'><strong>Paulus</strong></span> <span class='ocrx_word' id='word_1_566' title='bbox 2897 3498 3158 3570; x_wconf 87' lang='lat' dir='ltr'><strong>jejunans</strong></span> <span class='ocrx_word' id='word_1_567' title='bbox 3184 3502 3542 3575; x_wconf 84' lang='lat' dir='ltr'><strong>demonstrat,</strong></span> <span class='ocrx_word' id='word_1_568' title='bbox 3569 3508 3655 3564; x_wconf 88' lang='lat' dir='ltr'><strong>di-</strong></span> 
     </span>
    </p>
   </div>
   <div class='ocr_carea' id='block_1_77' title="bbox 2058 3582 3643 3668">
    <p class='ocr_par' dir='ltr' id='par_1_77' title="bbox 2058 3582 3643 3668">
     <span class='ocr_line' id='line_1_77' title="bbox 2058 3582 3643 3668; baseline 0.011 -32"><span class='ocrx_word' id='word_1_569' title='bbox 2058 3598 2186 3637; x_wconf 85' lang='lat' dir='ltr'><strong>cens</strong></span> <span class='ocrx_word' id='word_1_570' title='bbox 2219 3599 2235 3640; x_wconf 88' lang='lat'><strong>:</strong></span> <span class='ocrx_word' id='word_1_571' title='bbox 2268 3601 2286 3635; x_wconf 77' lang='grc' dir='ltr'><strong>ι</strong></span> <span class='ocrx_word' id='word_1_572' title='bbox 2314 3582 2367 3637; x_wconf 94' lang='lat' dir='ltr'><strong>In</strong></span> <span class='ocrx_word' id='word_1_573' title='bbox 2395 3583 2623 3656; x_wconf 83' lang='lat' dir='ltr'><strong>jejuniis</strong></span> <span class='ocrx_word' id='word_1_574' title='bbox 2652 3588 2855 3653; x_wconf 86' lang='lat' dir='ltr'><strong>pluries</strong></span> <span class='ocrx_word' id='word_1_575' title='bbox 2883 3605 2897 3656; x_wconf 89' lang='lat'>;</span> <span class='ocrx_word' id='word_1_576' title='bbox 2922 3609 2940 3642; x_wconf 76' lang='grc' dir='ltr'><strong>ι</strong></span> <span class='ocrx_word' id='word_1_577' title='bbox 2966 3607 3178 3648; x_wconf 82' lang='lat' dir='ltr'><strong>necnon</strong></span> <span class='ocrx_word' id='word_1_578' title='bbox 3207 3611 3220 3648; x_wconf 92' lang='lat'><strong>:</strong></span> <span class='ocrx_word' id='word_1_579' title='bbox 3245 3613 3263 3648; x_wconf 85' lang='grc' dir='ltr'><strong>ι</strong></span> <span class='ocrx_word' id='word_1_580' title='bbox 3284 3595 3503 3668; x_wconf 76' lang='lat' dir='ltr'><strong>CaSIigo</strong></span> <span class='ocrx_word' id='word_1_581' title='bbox 3521 3614 3643 3653; x_wconf 88' lang='lat' dir='ltr'><strong>cor-</strong></span> 
     </span>
    </p>
   </div>
   <div class='ocr_carea' id='block_1_78' title="bbox 2065 3677 3649 3756">
    <p class='ocr_par' dir='ltr' id='par_1_78' title="bbox 2065 3677 3649 3756">
     <span class='ocr_line' id='line_1_78' title="bbox 2065 3677 3649 3756; baseline 0.011 -27"><span class='ocrx_word' id='word_1_582' title='bbox 2065 3692 2163 3744; x_wconf 80' lang='lat' dir='ltr'><strong>pus</strong></span> <span class='ocrx_word' id='word_1_583' title='bbox 2197 3691 2378 3731; x_wconf 89' lang='lat' dir='ltr'><strong>meum</strong></span> <span class='ocrx_word' id='word_1_584' title='bbox 2406 3688 2462 3733; x_wconf 87' lang='lat' dir='ltr'><strong>et</strong></span> <span class='ocrx_word' id='word_1_585' title='bbox 2487 3677 2541 3732; x_wconf 88' lang='lat' dir='ltr'><strong>in</strong></span> <span class='ocrx_word' id='word_1_586' title='bbox 2584 3679 2906 3736; x_wconf 78' lang='lat' dir='ltr'><strong>servitutem</strong></span> <span class='ocrx_word' id='word_1_587' title='bbox 2937 3685 3143 3756; x_wconf 73' lang='lat' dir='ltr'><strong>redigo.</strong></span> <span class='ocrx_word' id='word_1_588' title='bbox 3187 3704 3206 3739; x_wconf 80' lang='grc' dir='ltr'><strong>ι</strong></span> <span class='ocrx_word' id='word_1_589' title='bbox 3239 3686 3435 3745; x_wconf 87' lang='lat' dir='ltr'><strong>Petrus</strong></span> <span class='ocrx_word' id='word_1_590' title='bbox 3464 3703 3649 3747; x_wconf 81' lang='lat' dir='ltr'><strong>autem</strong></span> 
     </span>
    </p>
   </div>
   <div class='ocr_carea' id='block_1_79' title="bbox 2060 3770 3651 3854">
    <p class='ocr_par' dir='ltr' id='par_1_79' title="bbox 2060 3770 3651 3854">
     <span class='ocr_line' id='line_1_79' title="bbox 2060 3770 3651 3854; baseline 0.011 -32"><span class='ocrx_word' id='word_1_591' title='bbox 2060 3772 2249 3839; x_wconf 88' lang='lat' dir='ltr'><strong>paucis</strong></span> <span class='ocrx_word' id='word_1_592' title='bbox 2284 3770 2486 3840; x_wconf 89' lang='lat' dir='ltr'><strong>lupinis</strong></span> <span class='ocrx_word' id='word_1_593' title='bbox 2514 3773 2834 3829; x_wconf 83' lang='lat' dir='ltr'><strong>vescebatur</strong></span> <span class='ocrx_word' id='word_1_594' title='bbox 2859 3779 3154 3849; x_wconf 63' lang='lat' dir='ltr'><strong>ceterique</strong></span> <span class='ocrx_word' id='word_1_595' title='bbox 3200 3779 3455 3852; x_wconf 89' lang='lat' dir='ltr'><strong>discipuli</strong></span> <span class='ocrx_word' id='word_1_596' title='bbox 3505 3786 3651 3854; x_wconf 80' lang='lat' dir='ltr'><strong>jeju-</strong></span> 
     </span>
    </p>
   </div>
   <div class='ocr_carea' id='block_1_80' title="bbox 2061 3864 3644 3941">
    <p class='ocr_par' dir='ltr' id='par_1_80' title="bbox 2061 3864 3644 3941">
     <span class='ocr_line' id='line_1_80' title="bbox 2061 3864 3644 3941; baseline 0.009 -24"><span class='ocrx_word' id='word_1_597' title='bbox 2061 3866 2168 3921; x_wconf 89' lang='lat' dir='ltr'><strong>niis</strong></span> <span class='ocrx_word' id='word_1_598' title='bbox 2237 3864 2606 3935; x_wconf 62' lang='lat' dir='ltr'><strong>indulgebant,</strong></span> <span class='ocrx_word' id='word_1_599' title='bbox 2671 3865 2766 3937; x_wconf 91' lang='lat' dir='ltr'><strong>qui</strong></span> <span class='ocrx_word' id='word_1_600' title='bbox 2802 3867 3104 3925; x_wconf 81' lang='lat' dir='ltr'><strong>Salvatoris</strong></span> <span class='ocrx_word' id='word_1_601' title='bbox 3153 3871 3424 3941; x_wconf 83' lang='lat' dir='ltr'><strong>jejunium</strong></span> <span class='ocrx_word' id='word_1_602' title='bbox 3486 3877 3644 3932; x_wconf 89' lang='lat' dir='ltr'><strong>nobis</strong></span> 
     </span>
    </p>
   </div>
   <div class='ocr_carea' id='block_1_81' title="bbox 2055 3958 3646 4034">
    <p class='ocr_par' dir='ltr' id='par_1_81' title="bbox 2055 3958 3646 4034">
     <span class='ocr_line' id='line_1_81' title="bbox 2055 3958 3646 4034; baseline 0.004 -19"><span class='ocrx_word' id='word_1_603' title='bbox 2055 3958 2394 4016; x_wconf 84' lang='lat' dir='ltr'><strong>tradiderunt</strong></span> <span class='ocrx_word' id='word_1_604' title='bbox 2420 3971 2515 4026; x_wconf 89' lang='lat' dir='ltr'><strong>per</strong></span> <span class='ocrx_word' id='word_1_605' title='bbox 2538 3960 2890 4026; x_wconf 89' lang='lat' dir='ltr'><strong>quatriduum</strong></span> <span class='ocrx_word' id='word_1_606' title='bbox 2917 3971 2972 4014; x_wconf 88' lang='lat' dir='ltr'><strong>et</strong></span> <span class='ocrx_word' id='word_1_607' title='bbox 2991 3977 3323 4028; x_wconf 82' lang='lat' dir='ltr'><strong>parasceven</strong></span> <span class='ocrx_word' id='word_1_608' title='bbox 3350 3967 3404 4018; x_wconf 84' lang='lat' dir='ltr'><strong>in</strong></span> <span class='ocrx_word' id='word_1_609' title='bbox 3444 3967 3646 4034; x_wconf 84' lang='lat' dir='ltr'><strong>quibus</strong></span> 
     </span>
    </p>
   </div>
   <div class='ocr_carea' id='block_1_82' title="bbox 383 4043 1961 4125">
    <p class='ocr_par' dir='ltr' id='par_1_82' title="bbox 383 4043 1946 4121">
     <span class='ocr_line' id='line_1_82' title="bbox 383 4043 1946 4121; baseline -0.001 -17"><span class='ocrx_word' id='word_1_610' title='bbox 383 4065 532 4121; x_wconf 87' lang='grc' dir='ltr'><strong>ματα</strong></span> <span class='ocrx_word' id='word_1_611' title='bbox 576 4047 637 4112; x_wconf 62' lang='grc' dir='ltr'><strong>ἐξ</strong></span> <span class='ocrx_word' id='word_1_612' title='bbox 685 4043 761 4102; x_wconf 84' lang='grc' dir='ltr'><strong>ῶν</strong></span> <span class='ocrx_word' id='word_1_613' title='bbox 799 4047 896 4101; x_wconf 74' lang='grc' dir='ltr'><strong>καὶ</strong></span> <span class='ocrx_word' id='word_1_614' title='bbox 929 4049 958 4100; x_wconf 87' lang='grc' dir='ltr'>ὁ</span> <span class='ocrx_word' id='word_1_615' title='bbox 1014 4044 1313 4115; x_wconf 80' lang='grc' dir='ltr'><strong>μολυσμὸς,</strong></span> <span class='ocrx_word' id='word_1_616' title='bbox 1349 4046 1726 4116; x_wconf 83' lang='grc' dir='ltr'><strong>προσφέρουσι</strong></span> <span class='ocrx_word' id='word_1_617' title='bbox 1757 4048 1879 4116; x_wconf 79' lang='grc' dir='ltr'><strong>(φεῦ</strong></span> <span class='ocrx_word' id='word_1_618' title='bbox 1905 4050 1946 4118; x_wconf 75' lang='grc' dir='ltr'><strong>ἰ)</strong></span> 
     </span>
    </p>
   </div>
   <div class='ocr_carea' id='block_1_83' title="bbox 2062 4043 3643 4125">
    <p class='ocr_par' dir='ltr' id='par_1_83' title="bbox 2062 4046 3643 4125">
     <span class='ocr_line' id='line_1_83' title="bbox 2062 4046 3643 4125; baseline 0.005 -21"><span class='ocrx_word' id='word_1_619' title='bbox 2062 4063 2246 4112; x_wconf 85' lang='lat' dir='ltr'><strong>carne,</strong></span> <span class='ocrx_word' id='word_1_620' title='bbox 2273 4047 2392 4102; x_wconf 86' lang='lat' dir='ltr'><strong>ovis</strong></span> <span class='ocrx_word' id='word_1_621' title='bbox 2421 4046 2638 4102; x_wconf 89' lang='lat' dir='ltr'><strong>etlacte</strong></span> <span class='ocrx_word' id='word_1_622' title='bbox 2673 4049 2950 4104; x_wconf 86' lang='lat' dir='ltr'><strong>abstinere</strong></span> <span class='ocrx_word' id='word_1_623' title='bbox 2975 4061 3281 4120; x_wconf 69' lang='lat' dir='ltr'><strong>Jusserunt,</strong></span> <span class='ocrx_word' id='word_1_624' title='bbox 3311 4067 3370 4109; x_wconf 93' lang='lat' dir='ltr'><strong>ut</strong></span> <span class='ocrx_word' id='word_1_625' title='bbox 3392 4055 3504 4125; x_wconf 87' lang='lat' dir='ltr'><strong>jam</strong></span> <span class='ocrx_word' id='word_1_626' title='bbox 3537 4059 3643 4112; x_wconf 90' lang='lat' dir='ltr'><strong>du-</strong></span> 
     </span>
    </p>
   </div>
   <div class='ocr_carea' id='block_1_84' title="bbox 377 4137 1961 4216">
    <p class='ocr_par' dir='ltr' id='par_1_84' title="bbox 377 4137 1949 4210">
     <span class='ocr_line' id='line_1_84' title="bbox 377 4137 1949 4210; baseline -0.004 -12"><span class='ocrx_word' id='word_1_627' title='bbox 377 4143 557 4198; x_wconf 80' lang='grc' dir='ltr'><strong>αύτῶν</strong></span> <span class='ocrx_word' id='word_1_628' title='bbox 601 4143 716 4203; x_wconf 81' lang='grc' dir='ltr'><strong>τοῖς</strong></span> <span class='ocrx_word' id='word_1_629' title='bbox 761 4138 966 4210; x_wconf 85' lang='grc' dir='ltr'><strong>χείλεσι</strong></span> <span class='ocrx_word' id='word_1_630' title='bbox 1011 4137 1214 4206; x_wconf 80' lang='grc' dir='ltr'><strong>καὶτῷ</strong></span> <span class='ocrx_word' id='word_1_631' title='bbox 1257 4138 1508 4206; x_wconf 88' lang='grc' dir='ltr'><strong>στόματι.</strong></span> <span class='ocrx_word' id='word_1_632' title='bbox 1548 4140 1739 4190; x_wconf 78' lang='grc' dir='ltr'><strong>Καίτοι</strong></span> <span class='ocrx_word' id='word_1_633' title='bbox 1785 4154 1851 4206; x_wconf 87' lang='grc' dir='ltr'><strong>γε</strong></span> <span class='ocrx_word' id='word_1_634' title='bbox 1886 4140 1949 4192; x_wconf 82' lang='grc' dir='ltr'><strong>τὸ</strong></span> 
     </span>
    </p>
   </div>
   <div class='ocr_carea' id='block_1_85' title="bbox 2062 4137 3447 4216">
    <p class='ocr_par' dir='ltr' id='par_1_85' title="bbox 2062 4139 3447 4216">
     <span class='ocr_line' id='line_1_85' title="bbox 2062 4139 3447 4216; baseline 0.008 -23"><span class='ocrx_word' id='word_1_635' title='bbox 2062 4141 2187 4194; x_wconf 87' lang='lat' dir='ltr'><strong>dum</strong></span> <span class='ocrx_word' id='word_1_636' title='bbox 2214 4141 2283 4193; x_wconf 90' lang='lat' dir='ltr'><strong>ab</strong></span> <span class='ocrx_word' id='word_1_637' title='bbox 2305 4139 2441 4207; x_wconf 82' lang='lat' dir='ltr'><strong>ipsis</strong></span> <span class='ocrx_word' id='word_1_638' title='bbox 2463 4140 2726 4208; x_wconf 86' lang='lat' dir='ltr'><strong>apostolis</strong></span> <span class='ocrx_word' id='word_1_639' title='bbox 2753 4150 2811 4196; x_wconf 92' lang='lat' dir='ltr'><strong>et</strong></span> <span class='ocrx_word' id='word_1_640' title='bbox 2833 4139 3090 4200; x_wconf 72' lang='lat' dir='ltr'><strong>Pati-ibus</strong></span> <span class='ocrx_word' id='word_1_641' title='bbox 3111 4149 3447 4216; x_wconf 86' lang='lat' dir='ltr'><strong>accepimus.</strong></span> 
     </span>
    </p>
   </div>
   <div class='ocr_carea' id='block_1_86' title="bbox 376 4234 3634 4312">
    <p class='ocr_par' dir='ltr' id='par_1_86' title="bbox 376 4234 3634 4312">
     <span class='ocr_line' id='line_1_86' title="bbox 376 4234 3634 4312; baseline 0.002 -20"><span class='ocrx_word' id='word_1_642' title='bbox 376 4240 628 4303; x_wconf 80' lang='grc' dir='ltr'><strong>εὐλαϐεῖς</strong></span> <span class='ocrx_word' id='word_1_643' title='bbox 675 4236 816 4294; x_wconf 79' lang='grc' dir='ltr'><strong>εἶναι</strong></span> <span class='ocrx_word' id='word_1_644' title='bbox 857 4241 1004 4309; x_wconf 73' lang='grc' dir='ltr'><strong>ἡμᾶς</strong></span> <span class='ocrx_word' id='word_1_645' title='bbox 1074 4237 1170 4291; x_wconf 73' lang='grc' dir='ltr'><strong>καὶ</strong></span> <span class='ocrx_word' id='word_1_646' title='bbox 1217 4236 1515 4304; x_wconf 72' lang='grc' dir='ltr'><strong>ιγκρατείς</strong></span> <span class='ocrx_word' id='word_1_647' title='bbox 1556 4234 1617 4287; x_wconf 67' lang='grc' dir='ltr'><strong>ιν</strong></span> <span class='ocrx_word' id='word_1_648' title='bbox 1685 4236 1822 4290; x_wconf 80' lang='grc' dir='ltr'><strong>πᾶσι</strong></span> <span class='ocrx_word' id='word_1_649' title='bbox 1869 4237 2021 4307; x_wconf 87' lang='grc' dir='ltr'><strong>παρά</strong></span> <span class='ocrx_word' id='word_1_650' title='bbox 2057 4235 2152 4290; x_wconf 82' lang='grc' dir='ltr'><strong>τοῦ</strong></span> <span class='ocrx_word' id='word_1_651' title='bbox 2198 4235 2527 4289; x_wconf 81' lang='grc' dir='ltr'><strong>Ἀποστόλου</strong></span> <span class='ocrx_word' id='word_1_652' title='bbox 2576 4237 2946 4306; x_wconf 83' lang='grc' dir='ltr'><strong>μανθάνομεν.</strong></span> <span class='ocrx_word' id='word_1_653' title='bbox 2999 4259 3017 4292; x_wconf 82' lang='grc' dir='ltr'><strong>ι</strong></span> <span class='ocrx_word' id='word_1_654' title='bbox 3060 4240 3122 4294; x_wconf 89' lang='lat'><strong>&#39;0</strong></span> <span class='ocrx_word' id='word_1_655' title='bbox 3171 4242 3578 4312; x_wconf 75' lang='grc' dir='ltr'><strong>ἀγωνιζόμενος</strong></span> <span class='ocrx_word' id='word_1_656' title='bbox 3614 4268 3634 4303; x_wconf 73' lang='grc' dir='ltr'><strong>ο</strong></span> 
     </span>
    </p>
   </div>
   <div class='ocr_carea' id='block_1_87' title="bbox 377 4329 3641 4410">
    <p class='ocr_par' dir='ltr' id='par_1_87' title="bbox 377 4329 3641 4410">
     <span class='ocr_line' id='line_1_87' title="bbox 377 4329 3641 4410; baseline -0.002 -20"><span class='ocrx_word' id='word_1_657' title='bbox 377 4339 510 4407; x_wconf 70' lang='grc' dir='ltr'><strong>γὰρ,</strong></span> <span class='ocrx_word' id='word_1_658' title='bbox 539 4339 712 4404; x_wconf 71' lang='grc' dir='ltr'><strong>φησὶ,</strong></span> <span class='ocrx_word' id='word_1_659' title='bbox 753 4355 773 4387; x_wconf 78' lang='grc' dir='ltr'><strong>ι</strong></span> <span class='ocrx_word' id='word_1_660' title='bbox 802 4337 984 4389; x_wconf 70' lang='grc' dir='ltr'><strong>πάντα</strong></span> <span class='ocrx_word' id='word_1_661' title='bbox 1033 4331 1454 4404; x_wconf 79' lang='grc' dir='ltr'><strong>εγκρατεύεται.</strong></span> <span class='ocrx_word' id='word_1_662' title='bbox 1511 4331 1626 4385; x_wconf 72' lang='grc' dir='ltr'><strong>Καὶ</strong></span> <span class='ocrx_word' id='word_1_663' title='bbox 1674 4331 1724 4383; x_wconf 82' lang='grc' dir='ltr'><strong>εἰ</strong></span> <span class='ocrx_word' id='word_1_664' title='bbox 1764 4331 1962 4404; x_wconf 85' lang='grc' dir='ltr'><strong>βρῶμα</strong></span> <span class='ocrx_word' id='word_1_665' title='bbox 2003 4330 2351 4393; x_wconf 78' lang='grc' dir='ltr'><strong>σκανδαλίζει</strong></span> <span class='ocrx_word' id='word_1_666' title='bbox 2382 4331 2474 4384; x_wconf 85' lang='grc' dir='ltr'><strong>τὸν</strong></span> <span class='ocrx_word' id='word_1_667' title='bbox 2502 4329 2733 4398; x_wconf 87' lang='grc' dir='ltr'><strong>ἀδελφόν</strong></span> <span class='ocrx_word' id='word_1_668' title='bbox 2769 4349 2892 4402; x_wconf 85' lang='grc' dir='ltr'><strong>μου,</strong></span> <span class='ocrx_word' id='word_1_669' title='bbox 2924 4334 2984 4386; x_wconf 86' lang='grc' dir='ltr'><strong>ού</strong></span> <span class='ocrx_word' id='word_1_670' title='bbox 3017 4335 3092 4405; x_wconf 80' lang='grc' dir='ltr'><strong>μὴ</strong></span> <span class='ocrx_word' id='word_1_671' title='bbox 3129 4336 3288 4404; x_wconf 78' lang='grc' dir='ltr'><strong>φάγω</strong></span> <span class='ocrx_word' id='word_1_672' title='bbox 3354 4339 3490 4409; x_wconf 78' lang='grc' dir='ltr'><strong>κρέα</strong></span> <span class='ocrx_word' id='word_1_673' title='bbox 3557 4346 3641 4410; x_wconf 78' lang='grc' dir='ltr'><strong>είς</strong></span> 
     </span>
    </p>
   </div>
   <div class='ocr_carea' id='block_1_88' title="bbox 375 4427 3639 4507">
    <p class='ocr_par' dir='ltr' id='par_1_88' title="bbox 375 4427 3639 4507">
     <span class='ocr_line' id='line_1_88' title="bbox 375 4427 3639 4507; baseline 0.001 -21"><span class='ocrx_word' id='word_1_674' title='bbox 375 4435 469 4487; x_wconf 78' lang='grc' dir='ltr'><strong>τὸν</strong></span> <span class='ocrx_word' id='word_1_675' title='bbox 516 4433 712 4496; x_wconf 85' lang='grc' dir='ltr'><strong>αἰῶνα,</strong></span> <span class='ocrx_word' id='word_1_676' title='bbox 737 4451 756 4483; x_wconf 72' lang='grc' dir='ltr'><strong>ι</strong></span> <span class='ocrx_word' id='word_1_677' title='bbox 788 4432 957 4500; x_wconf 77' lang='grc' dir='ltr'><strong>λέγει.</strong></span> <span class='ocrx_word' id='word_1_678' title='bbox 994 4431 1121 4485; x_wconf 79' lang='grc' dir='ltr'><strong>’Καὶ</strong></span> <span class='ocrx_word' id='word_1_679' title='bbox 1150 4431 1233 4484; x_wconf 85' lang='grc' dir='ltr'><strong>ὅτι</strong></span> <span class='ocrx_word' id='word_1_680' title='bbox 1263 4429 1347 4482; x_wconf 84' lang='grc' dir='ltr'><strong>δεῖ</strong></span> <span class='ocrx_word' id='word_1_681' title='bbox 1420 4430 1860 4500; x_wconf 71' lang='grc' dir='ltr'><strong>ιγκρατεύεσθαι</strong></span> <span class='ocrx_word' id='word_1_682' title='bbox 1942 4431 2038 4486; x_wconf 81' lang='grc' dir='ltr'><strong>καί</strong></span> <span class='ocrx_word' id='word_1_683' title='bbox 2074 4431 2182 4502; x_wconf 72' lang='grc'><strong>32</strong></span> <span class='ocrx_word' id='word_1_684' title='bbox 2211 4430 2445 4499; x_wconf 81' lang='grc' dir='ltr'><strong>κρέατος</strong></span> <span class='ocrx_word' id='word_1_685' title='bbox 2473 4427 2800 4499; x_wconf 82' lang='grc' dir='ltr'><strong>ἀπέχεσθαι,</strong></span> <span class='ocrx_word' id='word_1_686' title='bbox 2833 4431 2996 4494; x_wconf 84' lang='grc' dir='ltr'><strong>αὑτός</strong></span> <span class='ocrx_word' id='word_1_687' title='bbox 3029 4449 3089 4485; x_wconf 86' lang='grc' dir='ltr'><strong>τε</strong></span> <span class='ocrx_word' id='word_1_688' title='bbox 3127 4435 3335 4499; x_wconf 82' lang='grc' dir='ltr'><strong>Παῦλος</strong></span> <span class='ocrx_word' id='word_1_689' title='bbox 3359 4441 3639 4507; x_wconf 81' lang='grc' dir='ltr'><strong>νηστεύων</strong></span> 
     </span>
    </p>
   </div>
   <div class='ocr_carea' id='block_1_89' title="bbox 375 4519 3683 4610">
    <p class='ocr_par' dir='ltr' id='par_1_89' title="bbox 375 4519 3683 4610">
     <span class='ocr_line' id='line_1_89' title="bbox 375 4519 3683 4610; baseline 0.001 -30"><span class='ocrx_word' id='word_1_690' title='bbox 375 4529 635 4592; x_wconf 79' lang='grc' dir='ltr'><strong>διδάσκει,</strong></span> <span class='ocrx_word' id='word_1_691' title='bbox 673 4548 692 4579; x_wconf 76' lang='grc' dir='ltr'><strong>ι</strong></span> <span class='ocrx_word' id='word_1_692' title='bbox 736 4524 825 4578; x_wconf 85' lang='grc' dir='ltr'><strong>Ἐν</strong></span> <span class='ocrx_word' id='word_1_693' title='bbox 852 4523 1132 4594; x_wconf 86' lang='grc' dir='ltr'><strong>νηστείαις</strong></span> <span class='ocrx_word' id='word_1_694' title='bbox 1178 4519 1462 4587; x_wconf 81' lang='grc' dir='ltr'><strong>πολλάκις,</strong></span> <span class='ocrx_word' id='word_1_695' title='bbox 1497 4541 1518 4576; x_wconf 74' lang='grc' dir='ltr'><strong>ι</strong></span> <span class='ocrx_word' id='word_1_696' title='bbox 1557 4523 1754 4590; x_wconf 79' lang='grc' dir='ltr'><strong>λέγων,</strong></span> <span class='ocrx_word' id='word_1_697' title='bbox 1787 4523 1906 4592; x_wconf 73' lang='grc' dir='ltr'><strong>καὶ,</strong></span> <span class='ocrx_word' id='word_1_698' title='bbox 1951 4541 1971 4576; x_wconf 77' lang='grc' dir='ltr'><strong>ι</strong></span> <span class='ocrx_word' id='word_1_699' title='bbox 2012 4521 2336 4587; x_wconf 71' lang='grc' dir='ltr'><strong>Ὗποπιάξω</strong></span> <span class='ocrx_word' id='word_1_700' title='bbox 2372 4539 2476 4591; x_wconf 82' lang='grc' dir='ltr'><strong>μου</strong></span> <span class='ocrx_word' id='word_1_701' title='bbox 2507 4522 2570 4574; x_wconf 89' lang='grc' dir='ltr'><strong>τὸ</strong></span> <span class='ocrx_word' id='word_1_702' title='bbox 2613 4521 2773 4592; x_wconf 87' lang='grc' dir='ltr'><strong>σῶμα</strong></span> <span class='ocrx_word' id='word_1_703' title='bbox 2822 4521 2918 4574; x_wconf 79' lang='grc' dir='ltr'><strong>καὶ</strong></span> <span class='ocrx_word' id='word_1_704' title='bbox 2947 4523 3298 4593; x_wconf 78' lang='grc' dir='ltr'><strong>δουλαγωγῶ.</strong></span> <span class='ocrx_word' id='word_1_705' title='bbox 3326 4545 3345 4578; x_wconf 72' lang='grc' dir='ltr'><strong>ι</strong></span> <span class='ocrx_word' id='word_1_706' title='bbox 3391 4531 3500 4583; x_wconf 78' lang='grc' dir='ltr'><strong>Καὶ</strong></span> <span class='ocrx_word' id='word_1_707' title='bbox 3533 4532 3640 4587; x_wconf 82' lang='grc' dir='ltr'><strong>Πέ-</strong></span> 
     </span>
    </p>
   </div>
   <div class='ocr_carea' id='block_1_90' title="bbox 374 4615 3640 4696">
    <p class='ocr_par' dir='ltr' id='par_1_90' title="bbox 374 4615 3640 4696">
     <span class='ocr_line' id='line_1_90' title="bbox 374 4615 3640 4696; baseline -0.002 -17"><span class='ocrx_word' id='word_1_708' title='bbox 374 4641 500 4696; x_wconf 85' lang='grc' dir='ltr'><strong>τρος</strong></span> <span class='ocrx_word' id='word_1_709' title='bbox 546 4621 604 4674; x_wconf 77' lang='grc' dir='ltr'><strong>δὲ</strong></span> <span class='ocrx_word' id='word_1_710' title='bbox 649 4621 918 4691; x_wconf 88' lang='grc' dir='ltr'><strong>ἀσσαρίου</strong></span> <span class='ocrx_word' id='word_1_711' title='bbox 966 4620 1214 4690; x_wconf 88' lang='grc' dir='ltr'><strong>θερμίοις</strong></span> <span class='ocrx_word' id='word_1_712' title='bbox 1248 4621 1527 4692; x_wconf 74' lang='grc' dir='ltr'><strong>ἐτρέφετο,</strong></span> <span class='ocrx_word' id='word_1_713' title='bbox 1555 4619 1651 4672; x_wconf 79' lang='grc' dir='ltr'><strong>καὶ</strong></span> <span class='ocrx_word' id='word_1_714' title='bbox 1683 4618 1736 4671; x_wconf 80' lang='lat' dir='ltr'><strong>oi</strong></span> <span class='ocrx_word' id='word_1_715' title='bbox 1798 4617 1979 4672; x_wconf 78' lang='grc' dir='ltr'><strong>λοιποὶ</strong></span> <span class='ocrx_word' id='word_1_716' title='bbox 2053 4616 2297 4688; x_wconf 89' lang='grc' dir='ltr'><strong>μαθηταί</strong></span> <span class='ocrx_word' id='word_1_717' title='bbox 2345 4617 2621 4686; x_wconf 86' lang='grc' dir='ltr'><strong>νηστείαις</strong></span> <span class='ocrx_word' id='word_1_718' title='bbox 2653 4615 2968 4685; x_wconf 64' lang='grc' dir='ltr'><strong>ἐσχόλαζον,</strong></span> <span class='ocrx_word' id='word_1_719' title='bbox 3011 4617 3061 4670; x_wconf 79' lang='grc' dir='ltr'><strong>οἳ</strong></span> <span class='ocrx_word' id='word_1_720' title='bbox 3106 4618 3202 4671; x_wconf 74' lang='grc' dir='ltr'><strong>καὶ</strong></span> <span class='ocrx_word' id='word_1_721' title='bbox 3228 4620 3328 4687; x_wconf 82' lang='grc' dir='ltr'><strong>τὴν</strong></span> <span class='ocrx_word' id='word_1_722' title='bbox 3382 4629 3640 4694; x_wconf 74' lang='grc' dir='ltr'><strong>νηστείαν</strong></span> 
     </span>
    </p>
   </div>
   <div class='ocr_carea' id='block_1_91' title="bbox 381 4704 3637 4789">
    <p class='ocr_par' dir='ltr' id='par_1_91' title="bbox 381 4704 3637 4789">
     <span class='ocr_line' id='line_1_91' title="bbox 381 4704 3637 4789; baseline -0.002 -16"><span class='ocrx_word' id='word_1_723' title='bbox 381 4719 512 4789; x_wconf 75' lang='grc' dir='ltr'><strong>ημῖν</strong></span> <span class='ocrx_word' id='word_1_724' title='bbox 555 4713 974 4787; x_wconf 82' lang='grc' dir='ltr'><strong>παραδεδώκασι</strong></span> <span class='ocrx_word' id='word_1_725' title='bbox 1020 4712 1115 4766; x_wconf 89' lang='grc' dir='ltr'><strong>τοῦ</strong></span> <span class='ocrx_word' id='word_1_726' title='bbox 1168 4713 1448 4783; x_wconf 82' lang='grc' dir='ltr'><strong>Σωτῆρος,</strong></span> <span class='ocrx_word' id='word_1_727' title='bbox 1475 4711 1724 4782; x_wconf 84' lang='grc' dir='ltr'><strong>Τετράδα</strong></span> <span class='ocrx_word' id='word_1_728' title='bbox 1756 4729 1818 4765; x_wconf 88' lang='grc' dir='ltr'><strong>τε</strong></span> <span class='ocrx_word' id='word_1_729' title='bbox 1856 4713 1954 4766; x_wconf 74' lang='grc' dir='ltr'><strong>καὶ</strong></span> <span class='ocrx_word' id='word_1_730' title='bbox 1992 4708 2383 4781; x_wconf 79' lang='grc' dir='ltr'><strong>Παρασκευὴν,</strong></span> <span class='ocrx_word' id='word_1_731' title='bbox 2415 4710 2474 4761; x_wconf 75' lang='grc' dir='ltr'><strong>ὲν</strong></span> <span class='ocrx_word' id='word_1_732' title='bbox 2502 4704 2584 4771; x_wconf 78' lang='grc' dir='ltr'><strong>οἷς</strong></span> <span class='ocrx_word' id='word_1_733' title='bbox 2617 4707 2713 4762; x_wconf 80' lang='grc' dir='ltr'><strong>καί</strong></span> <span class='ocrx_word' id='word_1_734' title='bbox 2739 4711 2974 4777; x_wconf 81' lang='grc' dir='ltr'><strong>κρέατος</strong></span> <span class='ocrx_word' id='word_1_735' title='bbox 3004 4709 3303 4782; x_wconf 83' lang='grc' dir='ltr'><strong>ἀπέχεσθαι</strong></span> <span class='ocrx_word' id='word_1_736' title='bbox 3362 4719 3457 4771; x_wconf 77' lang='grc' dir='ltr'><strong>καὶ</strong></span> <span class='ocrx_word' id='word_1_737' title='bbox 3524 4720 3637 4775; x_wconf 78' lang='grc' dir='ltr'><strong>ὼοῠ</strong></span> 
     </span>
    </p>
   </div>
   <div class='ocr_carea' id='block_1_92' title="bbox 375 4800 3631 4885">
    <p class='ocr_par' dir='ltr' id='par_1_92' title="bbox 375 4800 3631 4885">
     <span class='ocr_line' id='line_1_92' title="bbox 375 4800 3631 4885; baseline 0.001 -18"><span class='ocrx_word' id='word_1_738' title='bbox 375 4815 468 4867; x_wconf 81' lang='grc' dir='ltr'><strong>καὶ</strong></span> <span class='ocrx_word' id='word_1_739' title='bbox 482 4812 751 4884; x_wconf 83' lang='grc' dir='ltr'><strong>γάλακτος</strong></span> <span class='ocrx_word' id='word_1_740' title='bbox 777 4805 1286 4878; x_wconf 83' lang='grc' dir='ltr'><strong>νενομοθετήκασιν,</strong></span> <span class='ocrx_word' id='word_1_741' title='bbox 1317 4807 1393 4873; x_wconf 82' lang='grc' dir='ltr'><strong>ὡς</strong></span> <span class='ocrx_word' id='word_1_742' title='bbox 1425 4806 1806 4880; x_wconf 71' lang='grc' dir='ltr'><strong>παρελάϐομεν</strong></span> <span class='ocrx_word' id='word_1_743' title='bbox 1840 4802 2046 4862; x_wconf 81' lang='grc' dir='ltr'><strong>ἄνωθεν</strong></span> <span class='ocrx_word' id='word_1_744' title='bbox 2077 4804 2138 4871; x_wconf 76' lang='grc' dir='ltr'><strong>ἐξ</strong></span> <span class='ocrx_word' id='word_1_745' title='bbox 2178 4803 2359 4860; x_wconf 85' lang='grc' dir='ltr'><strong>αὐτῶν</strong></span> <span class='ocrx_word' id='word_1_746' title='bbox 2399 4819 2460 4857; x_wconf 83' lang='grc' dir='ltr'><strong>τε</strong></span> <span class='ocrx_word' id='word_1_747' title='bbox 2480 4802 2702 4857; x_wconf 77' lang='grc' dir='ltr'><strong>καὶτῶν</strong></span> <span class='ocrx_word' id='word_1_748' title='bbox 2719 4800 3038 4857; x_wconf 81' lang='grc' dir='ltr'><strong>ἀποστόλων</strong></span> <span class='ocrx_word' id='word_1_749' title='bbox 3076 4806 3172 4858; x_wconf 80' lang='grc' dir='ltr'><strong>καὶ</strong></span> <span class='ocrx_word' id='word_1_750' title='bbox 3197 4805 3305 4862; x_wconf 88' lang='grc' dir='ltr'><strong>τῶν</strong></span> <span class='ocrx_word' id='word_1_751' title='bbox 3344 4810 3631 4885; x_wconf 79' lang='grc' dir='ltr'><strong>Πατέρων.</strong></span> 
     </span>
    </p>
   </div>
   <div class='ocr_carea' id='block_1_93' title="bbox 960 4920 1961 4991">
    <p class='ocr_par' dir='ltr' id='par_1_93' title="bbox 960 4927 1372 4986">
     <span class='ocr_line' id='line_1_93' title="bbox 960 4927 1372 4986; baseline 0.007 -5"><span class='ocrx_word' id='word_1_752' title='bbox 960 4928 1212 4986; x_wconf 71' lang='grc' dir='ltr'><strong>ΚΕΦΑΛ.</strong></span> <span class='ocrx_word' id='word_1_753' title='bbox 1245 4927 1372 4984; x_wconf 81' lang='lat' dir='ltr'><strong>KA&#39;.</strong></span> 
     </span>
    </p>
   </div>
   <div class='ocr_carea' id='block_1_94' title="bbox 2062 4920 3032 4991">
    <p class='ocr_par' dir='ltr' id='par_1_94' title="bbox 2628 4920 3032 4979">
     <span class='ocr_line' id='line_1_94' title="bbox 2628 4920 3032 4979; baseline 0.005 -2"><span class='ocrx_word' id='word_1_754' title='bbox 2628 4920 2861 4979; x_wconf 80' lang='lat' dir='ltr'><strong>CAPUT</strong></span> <span class='ocrx_word' id='word_1_755' title='bbox 2891 4923 3032 4979; x_wconf 77' lang='lat' dir='ltr'><strong>XXI.</strong></span> 
     </span>
    </p>
   </div>
   <div class='ocr_carea' id='block_1_95' title="bbox 481 5037 1961 5166">
    <p class='ocr_par' dir='ltr' id='par_1_95' title="bbox 481 5039 1864 5115">
     <span class='ocr_line' id='line_1_95' title="bbox 481 5039 1864 5115; baseline 0.004 -20"><span class='ocrx_word' id='word_1_756' title='bbox 481 5039 646 5095; x_wconf 81' lang='grc' dir='ltr'><strong>Κατὰ</strong></span> <span class='ocrx_word' id='word_1_757' title='bbox 673 5039 790 5094; x_wconf 80' lang='grc' dir='ltr'><strong>τῶν</strong></span> <span class='ocrx_word' id='word_1_758' title='bbox 813 5041 1148 5096; x_wconf 71' lang='grc' dir='ltr'><strong>ἐσθίον-των</strong></span> <span class='ocrx_word' id='word_1_759' title='bbox 1176 5043 1249 5096; x_wconf 87' lang='grc' dir='ltr'><strong>τὰ</strong></span> <span class='ocrx_word' id='word_1_760' title='bbox 1275 5045 1360 5114; x_wconf 77' lang='grc' dir='ltr'><strong>μὴ</strong></span> <span class='ocrx_word' id='word_1_761' title='bbox 1386 5044 1864 5115; x_wconf 78' lang='grc' dir='ltr'><strong>παραδεδομένα.</strong></span> 
     </span>
    </p>
   </div>
   <div class='ocr_carea' id='block_1_96' title="bbox 2062 5037 3631 5166">
    <p class='ocr_par' dir='ltr' id='par_1_96' title="bbox 2062 5037 3631 5166">
     <span class='ocr_line' id='line_1_96' title="bbox 2062 5037 3631 5107; baseline 0.004 -13"><span class='ocrx_word' id='word_1_762' title='bbox 2062 5037 2261 5095; x_wconf 81' lang='lat' dir='ltr'><strong>Contra</strong></span> <span class='ocrx_word' id='word_1_763' title='bbox 2290 5057 2375 5095; x_wconf 76' lang='lat' dir='ltr'><strong>eos</strong></span> <span class='ocrx_word' id='word_1_764' title='bbox 2407 5039 2498 5107; x_wconf 87' lang='lat' dir='ltr'><strong>qui</strong></span> <span class='ocrx_word' id='word_1_765' title='bbox 2533 5047 2812 5094; x_wconf 82' lang='lat' dir='ltr'><strong>vescuntur</strong></span> <span class='ocrx_word' id='word_1_766' title='bbox 2843 5041 2971 5094; x_wconf 82' lang='lat' dir='ltr'><strong>cibis</strong></span> <span class='ocrx_word' id='word_1_767' title='bbox 3015 5043 3308 5099; x_wconf 75' lang='lat' dir='ltr'><strong>traditione</strong></span> <span class='ocrx_word' id='word_1_768' title='bbox 3360 5046 3631 5100; x_wconf 71' lang='lat' dir='ltr'><strong>ecclesia-</strong></span> 
     </span>
     <span class='ocr_line' id='line_1_97' title="bbox 2586 5111 3099 5166; baseline 0.006 -3"><span class='ocrx_word' id='word_1_769' title='bbox 2586 5111 2718 5164; x_wconf 81' lang='lat' dir='ltr'><strong>stica</strong></span> <span class='ocrx_word' id='word_1_770' title='bbox 2767 5113 3099 5166; x_wconf 71' lang='lat' dir='ltr'><strong>improbatis.</strong></span> 
     </span>
    </p>
   </div>
   <div class='ocr_carea' id='block_1_97' title="bbox 2586 5120 3352 5181">
    <p class='ocr_par' dir='ltr' id='par_1_97' title="bbox 2586 5120 3352 5181">
     <span class='ocr_line' id='line_1_98' title="bbox 2586 5120 3352 5181; baseline 0.013 -18"><span class='ocrx_word' id='word_1_771' title='bbox 2586 5120 2718 5164; x_wconf 79' lang='lat' dir='ltr'><strong>stica</strong></span> <span class='ocrx_word' id='word_1_772' title='bbox 2767 5120 3099 5181; x_wconf 60' lang='lat' dir='ltr'><strong>improbatis.</strong></span> <span class='ocrx_word' id='word_1_773' title='bbox 3349 5171 3352 5173; x_wconf 66' lang='grc'><strong>.</strong></span> 
     </span>
    </p>
   </div>
   <div class='ocr_carea' id='block_1_98' title="bbox 2127 5201 3630 5275">
    <p class='ocr_par' dir='ltr' id='par_1_98' title="bbox 2127 5201 3630 5275">
     <span class='ocr_line' id='line_1_99' title="bbox 2127 5201 3630 5275; baseline 0.003 -20"><span class='ocrx_word' id='word_1_774' title='bbox 2127 5202 2296 5272; x_wconf 61' lang='lat' dir='ltr'><strong>Igitur</strong></span> <span class='ocrx_word' id='word_1_775' title='bbox 2326 5201 2664 5271; x_wconf 61' lang='lat' dir='ltr'><strong>siolegalibus</strong></span> <span class='ocrx_word' id='word_1_776' title='bbox 2690 5203 2946 5258; x_wconf 87' lang='lat' dir='ltr'><strong>carnibus</strong></span> <span class='ocrx_word' id='word_1_777' title='bbox 2977 5203 3121 5258; x_wconf 81' lang='lat' dir='ltr'><strong>vesci</strong></span> <span class='ocrx_word' id='word_1_778' title='bbox 3153 5203 3428 5267; x_wconf 74' lang='lat' dir='ltr'><strong>abstinere</strong></span> <span class='ocrx_word' id='word_1_779' title='bbox 3464 5221 3630 5275; x_wconf 87' lang='lat' dir='ltr'><strong>opor-</strong></span> 
     </span>
    </p>
   </div>
   <div class='ocr_carea' id='block_1_99' title="bbox 2062 5296 3634 5366">
    <p class='ocr_par' dir='ltr' id='par_1_99' title="bbox 2062 5296 3634 5366">
     <span class='ocr_line' id='line_1_100' title="bbox 2062 5296 3634 5366; baseline 0.003 -16"><span class='ocrx_word' id='word_1_780' title='bbox 2062 5303 2138 5350; x_wconf 91' lang='lat' dir='ltr'><strong>tet</strong></span> <span class='ocrx_word' id='word_1_781' title='bbox 2181 5297 2479 5350; x_wconf 88' lang='lat' dir='ltr'><strong>secundum</strong></span> <span class='ocrx_word' id='word_1_782' title='bbox 2511 5304 2747 5366; x_wconf 79' lang='lat' dir='ltr'><strong>tempus,</strong></span> <span class='ocrx_word' id='word_1_783' title='bbox 2804 5296 2949 5365; x_wconf 85' lang='lat' dir='ltr'><strong>quod</strong></span> <span class='ocrx_word' id='word_1_784' title='bbox 3000 5301 3271 5348; x_wconf 87' lang='lat' dir='ltr'><strong>testantur</strong></span> <span class='ocrx_word' id='word_1_785' title='bbox 3303 5300 3535 5364; x_wconf 88' lang='lat' dir='ltr'><strong>apostoli</strong></span> <span class='ocrx_word' id='word_1_786' title='bbox 3577 5309 3634 5354; x_wconf 78' lang='lat' dir='ltr'><strong>et</strong></span> 
     </span>
    </p>
   </div>
   <div class='ocr_carea' id='block_1_100' title="bbox 2053 5383 3629 5460">
    <p class='ocr_par' dir='ltr' id='par_1_100' title="bbox 2053 5383 3629 5460">
     <span class='ocr_line' id='line_1_101' title="bbox 2053 5383 3629 5460; baseline -0.004 -18"><span class='ocrx_word' id='word_1_787' title='bbox 2053 5387 2748 5457; x_wconf 76' lang='lat' dir='ltr'><strong>sancti,jubentesjejunis</strong></span> <span class='ocrx_word' id='word_1_788' title='bbox 2797 5402 2893 5455; x_wconf 78' lang='lat' dir='ltr'><strong>per</strong></span> <span class='ocrx_word' id='word_1_789' title='bbox 2945 5383 3298 5455; x_wconf 84' lang='lat' dir='ltr'><strong>quatriduum</strong></span> <span class='ocrx_word' id='word_1_790' title='bbox 3355 5399 3408 5442; x_wconf 89' lang='lat' dir='ltr'><strong>ct</strong></span> <span class='ocrx_word' id='word_1_791' title='bbox 3466 5406 3629 5460; x_wconf 82' lang='lat' dir='ltr'><strong>para-</strong></span> 
     </span>
    </p>
   </div>
   <div class='ocr_carea' id='block_1_101' title="bbox 2051 5475 3630 5549">
    <p class='ocr_par' dir='ltr' id='par_1_101' title="bbox 2051 5475 3630 5549">
     <span class='ocr_line' id='line_1_102' title="bbox 2051 5475 3630 5549; baseline 0.003 -17"><span class='ocrx_word' id='word_1_792' title='bbox 2051 5492 2247 5532; x_wconf 78' lang='lat' dir='ltr'><strong>sceven</strong></span> <span class='ocrx_word' id='word_1_793' title='bbox 2281 5478 2608 5541; x_wconf 75' lang='lat' dir='ltr'><strong>exercenda,</strong></span> <span class='ocrx_word' id='word_1_794' title='bbox 2647 5475 2819 5530; x_wconf 82' lang='lat' dir='ltr'><strong>multo</strong></span> <span class='ocrx_word' id='word_1_795' title='bbox 2858 5476 3032 5544; x_wconf 78' lang='lat' dir='ltr'><strong>magis</strong></span> <span class='ocrx_word' id='word_1_796' title='bbox 3061 5477 3463 5549; x_wconf 78' lang='lat' dir='ltr'><strong>immundorum</strong></span> <span class='ocrx_word' id='word_1_797' title='bbox 3509 5483 3630 5536; x_wconf 87' lang='lat' dir='ltr'><strong>ani-</strong></span> 
     </span>
    </p>
   </div>
   <div class='ocr_carea' id='block_1_102' title="bbox 2052 5569 3629 5640">
    <p class='ocr_par' dir='ltr' id='par_1_102' title="bbox 2052 5569 3629 5640">
     <span class='ocr_line' id='line_1_103' title="bbox 2052 5569 3629 5640; baseline 0.003 -18"><span class='ocrx_word' id='word_1_798' title='bbox 2052 5570 2272 5624; x_wconf 77' lang='lat' dir='ltr'><strong>malium</strong></span> <span class='ocrx_word' id='word_1_799' title='bbox 2329 5584 2494 5624; x_wconf 89' lang='lat' dir='ltr'><strong>carne</strong></span> <span class='ocrx_word' id='word_1_800' title='bbox 2536 5569 2817 5624; x_wconf 86' lang='lat' dir='ltr'><strong>abstinere</strong></span> <span class='ocrx_word' id='word_1_801' title='bbox 2846 5576 3081 5635; x_wconf 89' lang='lat' dir='ltr'><strong>oportet,</strong></span> <span class='ocrx_word' id='word_1_802' title='bbox 3113 5584 3348 5640; x_wconf 84' lang='lat' dir='ltr'><strong>quorum</strong></span> <span class='ocrx_word' id='word_1_803' title='bbox 3385 5573 3498 5640; x_wconf 86' lang='lat' dir='ltr'><strong>ipsa</strong></span> <span class='ocrx_word' id='word_1_804' title='bbox 3529 5589 3629 5627; x_wconf 72' lang='grc' dir='ltr'><strong>ηε-</strong></span> 
     </span>
    </p>
   </div>
   <div class='ocr_carea' id='block_1_103' title="bbox 376 5651 1961 5731">
    <p class='ocr_par' dir='ltr' id='par_1_103' title="bbox 376 5651 1945 5731">
     <span class='ocr_line' id='line_1_104' title="bbox 376 5651 1945 5731; baseline 0.003 -21"><span class='ocrx_word' id='word_1_805' title='bbox 376 5657 504 5728; x_wconf 78' lang='grc' dir='ltr'><strong>χρὴ,</strong></span> <span class='ocrx_word' id='word_1_806' title='bbox 537 5651 613 5710; x_wconf 79' lang='grc' dir='ltr'><strong>ὧν</strong></span> <span class='ocrx_word' id='word_1_807' title='bbox 641 5658 734 5710; x_wconf 77' lang='grc' dir='ltr'><strong>καὶ</strong></span> <span class='ocrx_word' id='word_1_808' title='bbox 765 5657 904 5728; x_wconf 73' lang='grc' dir='ltr'><strong>αὑτὴ</strong></span> <span class='ocrx_word' id='word_1_809' title='bbox 937 5659 970 5729; x_wconf 78' lang='grc' dir='ltr'><strong>ἠ</strong></span> <span class='ocrx_word' id='word_1_810' title='bbox 1017 5657 1177 5727; x_wconf 80' lang='grc' dir='ltr'><strong>φύσις</strong></span> <span class='ocrx_word' id='word_1_811' title='bbox 1211 5659 1349 5728; x_wconf 81' lang='grc' dir='ltr'><strong>πρὸς</strong></span> <span class='ocrx_word' id='word_1_812' title='bbox 1393 5659 1490 5728; x_wconf 79' lang='grc' dir='ltr'><strong>τὴν</strong></span> <span class='ocrx_word' id='word_1_813' title='bbox 1536 5658 1737 5731; x_wconf 85' lang='grc' dir='ltr'><strong>βρῶσιν</strong></span> <span class='ocrx_word' id='word_1_814' title='bbox 1766 5661 1945 5726; x_wconf 83' lang='grc' dir='ltr'><strong>ἀηδῶς</strong></span> 
     </span>
    </p>
   </div>
   <div class='ocr_carea' id='block_1_104' title="bbox 2062 5651 3630 5731">
    <p class='ocr_par' dir='ltr' id='par_1_104' title="bbox 2062 5658 3630 5730">
     <span class='ocr_line' id='line_1_105' title="bbox 2062 5658 3630 5730; baseline 0.001 -16"><span class='ocrx_word' id='word_1_815' title='bbox 2062 5671 2172 5715; x_wconf 82' lang='lat' dir='ltr'><strong>tura</strong></span> <span class='ocrx_word' id='word_1_816' title='bbox 2211 5661 2494 5715; x_wconf 87' lang='lat' dir='ltr'><strong>horrorem</strong></span> <span class='ocrx_word' id='word_1_817' title='bbox 2553 5670 2608 5714; x_wconf 88' lang='lat' dir='ltr'><strong>et</strong></span> <span class='ocrx_word' id='word_1_818' title='bbox 2665 5658 2942 5714; x_wconf 86' lang='lat' dir='ltr'><strong>fastidium</strong></span> <span class='ocrx_word' id='word_1_819' title='bbox 2995 5669 3251 5730; x_wconf 79' lang='lat' dir='ltr'><strong>generat,</strong></span> <span class='ocrx_word' id='word_1_820' title='bbox 3289 5676 3356 5714; x_wconf 88' lang='lat' dir='ltr'><strong>ne</strong></span> <span class='ocrx_word' id='word_1_821' title='bbox 3404 5663 3630 5718; x_wconf 87' lang='lat' dir='ltr'><strong>mandu-</strong></span> 
     </span>
    </p>
   </div>
   <div class='ocr_carea' id='block_1_105' title="bbox 374 5750 1961 5824">
    <p class='ocr_par' dir='ltr' id='par_1_105' title="bbox 374 5750 1942 5822">
     <span class='ocr_line' id='line_1_106' title="bbox 374 5750 1942 5822; baseline 0 -18"><span class='ocrx_word' id='word_1_822' title='bbox 374 5751 486 5820; x_wconf 79' lang='grc' dir='ltr'><strong>εχει</strong></span> <span class='ocrx_word' id='word_1_823' title='bbox 521 5752 615 5807; x_wconf 73' lang='grc' dir='ltr'><strong>καὶ</strong></span> <span class='ocrx_word' id='word_1_824' title='bbox 643 5750 922 5822; x_wconf 83' lang='grc' dir='ltr'><strong>ἀπεχθῶς.</strong></span> <span class='ocrx_word' id='word_1_825' title='bbox 970 5751 1267 5820; x_wconf 82' lang='grc' dir='ltr'><strong>Ἀκρασίας</strong></span> <span class='ocrx_word' id='word_1_826' title='bbox 1293 5751 1477 5805; x_wconf 90' lang='grc' dir='ltr'><strong>τοίνυν</strong></span> <span class='ocrx_word' id='word_1_827' title='bbox 1507 5751 1664 5804; x_wconf 86' lang='grc' dir='ltr'><strong>τοῦτο</strong></span> <span class='ocrx_word' id='word_1_828' title='bbox 1693 5754 1942 5822; x_wconf 78' lang='grc' dir='ltr'><strong>σημεῖον,</strong></span> 
     </span>
    </p>
   </div>
   <div class='ocr_carea' id='block_1_106' title="bbox 2062 5750 3631 5824">
    <p class='ocr_par' dir='ltr' id='par_1_106' title="bbox 2062 5751 3631 5824">
     <span class='ocr_line' id='line_1_107' title="bbox 2062 5751 3631 5824; baseline -0.001 -16"><span class='ocrx_word' id='word_1_829' title='bbox 2062 5763 2263 5817; x_wconf 79' lang='lat' dir='ltr'><strong>:entur,</strong></span> <span class='ocrx_word' id='word_1_830' title='bbox 2299 5764 2352 5808; x_wconf 92' lang='lat' dir='ltr'><strong>et</strong></span> <span class='ocrx_word' id='word_1_831' title='bbox 2387 5753 2612 5822; x_wconf 86' lang='lat' dir='ltr'><strong>proinde</strong></span> <span class='ocrx_word' id='word_1_832' title='bbox 2635 5753 2739 5812; x_wconf 87' lang='lat' dir='ltr'><strong>hoc</strong></span> <span class='ocrx_word' id='word_1_833' title='bbox 2796 5761 2881 5808; x_wconf 79' lang='lat' dir='ltr'><strong>est</strong></span> <span class='ocrx_word' id='word_1_834' title='bbox 2930 5751 3362 5824; x_wconf 75' lang='lat' dir='ltr'><strong>intemperantia:</strong></span> <span class='ocrx_word' id='word_1_835' title='bbox 3414 5753 3631 5821; x_wconf 75' lang='lat' dir='ltr'><strong>signum</strong></span> 
     </span>
    </p>
   </div>
   <div class='ocr_carea' id='block_1_107' title="bbox 373 5839 1961 5918">
    <p class='ocr_par' dir='ltr' id='par_1_107' title="bbox 373 5842 1942 5918">
     <span class='ocr_line' id='line_1_108' title="bbox 373 5842 1942 5918; baseline -0.002 -18"><span class='ocrx_word' id='word_1_836' title='bbox 373 5845 473 5900; x_wconf 72' lang='grc' dir='ltr'><strong>καὶ</strong></span> <span class='ocrx_word' id='word_1_837' title='bbox 505 5843 808 5918; x_wconf 77' lang='grc' dir='ltr'><strong>θηριώδους</strong></span> <span class='ocrx_word' id='word_1_838' title='bbox 837 5843 1063 5914; x_wconf 86' lang='grc' dir='ltr'><strong>γνώμης</strong></span> <span class='ocrx_word' id='word_1_839' title='bbox 1087 5843 1182 5897; x_wconf 76' lang='grc' dir='ltr'><strong>καὶ</strong></span> <span class='ocrx_word' id='word_1_840' title='bbox 1206 5842 1518 5907; x_wconf 81' lang='grc' dir='ltr'><strong>διαθέσεως.</strong></span> <span class='ocrx_word' id='word_1_841' title='bbox 1547 5843 1658 5899; x_wconf 79' lang='grc' dir='ltr'><strong>Καὶ</strong></span> <span class='ocrx_word' id='word_1_842' title='bbox 1688 5845 1795 5915; x_wconf 78' lang='grc' dir='ltr'><strong>γὰρ</strong></span> <span class='ocrx_word' id='word_1_843' title='bbox 1821 5843 1942 5898; x_wconf 66' lang='grc' dir='ltr'><strong>οὐδὲ</strong></span> 
     </span>
    </p>
   </div>
   <div class='ocr_carea' id='block_1_108' title="bbox 2062 5839 3630 5918">
    <p class='ocr_par' dir='ltr' id='par_1_108' title="bbox 2062 5839 3630 5917">
     <span class='ocr_line' id='line_1_109' title="bbox 2062 5839 3630 5917; baseline -0.004 -18"><span class='ocrx_word' id='word_1_844' title='bbox 2062 5847 2358 5917; x_wconf 83' lang='lat' dir='ltr'><strong>mentisque</strong></span> <span class='ocrx_word' id='word_1_845' title='bbox 2377 5844 2506 5902; x_wconf 71' lang='lat' dir='ltr'><strong>ferte</strong></span> <span class='ocrx_word' id='word_1_846' title='bbox 2527 5856 2581 5902; x_wconf 86' lang='lat' dir='ltr'><strong>et</strong></span> <span class='ocrx_word' id='word_1_847' title='bbox 2604 5847 2773 5904; x_wconf 87' lang='lat' dir='ltr'><strong>animi</strong></span> <span class='ocrx_word' id='word_1_848' title='bbox 2797 5847 3112 5904; x_wconf 85' lang='lat' dir='ltr'><strong>truculenti.</strong></span> <span class='ocrx_word' id='word_1_849' title='bbox 3135 5845 3253 5898; x_wconf 83' lang='lat' dir='ltr'><strong>Non</strong></span> <span class='ocrx_word' id='word_1_850' title='bbox 3277 5842 3424 5909; x_wconf 87' lang='lat' dir='ltr'><strong>enim</strong></span> <span class='ocrx_word' id='word_1_851' title='bbox 3457 5839 3630 5894; x_wconf 76' lang='lat' dir='ltr'><strong>multa</strong></span> 
     </span>
    </p>
   </div>
   <div class='ocr_carea' id='block_1_109' title="bbox 654 5936 3220 6005">
    <p class='ocr_par' dir='ltr' id='par_1_109' title="bbox 654 5936 3220 6005">
     <span class='ocr_line' id='line_1_110' title="bbox 654 5936 3220 6005; baseline -0.003 -5"><span class='ocrx_word' id='word_1_852' title='bbox 654 5940 923 6004; x_wconf 69' lang='grc' dir='ltr'><strong>ΡΑτιοι..</strong></span> <span class='ocrx_word' id='word_1_853' title='bbox 967 5942 1082 6001; x_wconf 75' lang='lat' dir='ltr'><strong>Gn.</strong></span> <span class='ocrx_word' id='word_1_854' title='bbox 1116 5937 1288 6005; x_wconf 74' lang='lat' dir='ltr'><strong>CLV.</strong></span> <span class='ocrx_word' id='word_1_855' title='bbox 3181 5936 3220 5992; x_wconf 61' lang='lat' dir='ltr'><strong>si.</strong></span> 
     </span>
    </p>
   </div>
   <div class='ocr_carea' id='block_1_110' title="bbox 453 5193 1952 5271">
    <p class='ocr_par' dir='ltr' id='par_1_110' title="bbox 453 5193 1952 5271">
     <span class='ocr_line' id='line_1_111' title="bbox 453 5193 1952 5271; baseline 0.003 -20"><span class='ocrx_word' id='word_1_856' title='bbox 453 5199 516 5251; x_wconf 86' lang='lat' dir='ltr'><strong>Ei</strong></span> <span class='ocrx_word' id='word_1_857' title='bbox 543 5193 638 5251; x_wconf 79' lang='grc' dir='ltr'><strong>οὖν</strong></span> <span class='ocrx_word' id='word_1_858' title='bbox 670 5199 764 5252; x_wconf 82' lang='grc' dir='ltr'><strong>καί</strong></span> <span class='ocrx_word' id='word_1_859' title='bbox 810 5199 919 5251; x_wconf 89' lang='grc' dir='ltr'><strong>τῶν</strong></span> <span class='ocrx_word' id='word_1_860' title='bbox 959 5200 1368 5269; x_wconf 78' lang='grc' dir='ltr'><strong>νενομισμένων</strong></span> <span class='ocrx_word' id='word_1_861' title='bbox 1418 5199 1599 5271; x_wconf 90' lang='grc' dir='ltr'><strong>κρεῶν</strong></span> <span class='ocrx_word' id='word_1_862' title='bbox 1647 5201 1952 5271; x_wconf 83' lang='grc' dir='ltr'><strong>ἀπέχεσθαι</strong></span> 
     </span>
    </p>
   </div>
   <div class='ocr_carea' id='block_1_111' title="bbox 379 5289 1951 5365">
    <p class='ocr_par' dir='ltr' id='par_1_111' title="bbox 379 5289 1951 5365">
     <span class='ocr_line' id='line_1_112' title="bbox 379 5289 1951 5365; baseline 0.001 -19"><span class='ocrx_word' id='word_1_863' title='bbox 379 5289 484 5362; x_wconf 76' lang='grc' dir='ltr'><strong>χρὴ</strong></span> <span class='ocrx_word' id='word_1_864' title='bbox 527 5290 671 5344; x_wconf 88' lang='grc' dir='ltr'><strong>κατά</strong></span> <span class='ocrx_word' id='word_1_865' title='bbox 717 5292 938 5361; x_wconf 81' lang='grc' dir='ltr'><strong>καιρὸν,</strong></span> <span class='ocrx_word' id='word_1_866' title='bbox 975 5292 1071 5344; x_wconf 75' lang='grc' dir='ltr'><strong>καὶ</strong></span> <span class='ocrx_word' id='word_1_867' title='bbox 1115 5293 1275 5344; x_wconf 88' lang='grc' dir='ltr'><strong>τοῦτο</strong></span> <span class='ocrx_word' id='word_1_868' title='bbox 1313 5292 1684 5365; x_wconf 75' lang='grc' dir='ltr'><strong>μαρτυροῦσιν</strong></span> <span class='ocrx_word' id='word_1_869' title='bbox 1712 5295 1763 5346; x_wconf 80' lang='grc' dir='ltr'><strong>οι</strong></span> <span class='ocrx_word' id='word_1_870' title='bbox 1810 5295 1951 5348; x_wconf 85' lang='grc' dir='ltr'><strong>ἀπό-</strong></span> 
     </span>
    </p>
   </div>
   <div class='ocr_carea' id='block_1_112' title="bbox 380 5381 1949 5458">
    <p class='ocr_par' dir='ltr' id='par_1_112' title="bbox 380 5381 1949 5458">
     <span class='ocr_line' id='line_1_113' title="bbox 380 5381 1949 5458; baseline 0.001 -24"><span class='ocrx_word' id='word_1_871' title='bbox 380 5382 556 5436; x_wconf 85' lang='grc' dir='ltr'><strong>στολοι</strong></span> <span class='ocrx_word' id='word_1_872' title='bbox 595 5382 690 5435; x_wconf 75' lang='grc' dir='ltr'><strong>καί</strong></span> <span class='ocrx_word' id='word_1_873' title='bbox 717 5383 768 5434; x_wconf 87' lang='lat' dir='ltr'><strong>oi</strong></span> <span class='ocrx_word' id='word_1_874' title='bbox 798 5381 966 5450; x_wconf 81' lang='grc' dir='ltr'><strong>ἆγιοι,</strong></span> <span class='ocrx_word' id='word_1_875' title='bbox 1003 5383 1101 5447; x_wconf 81' lang='grc' dir='ltr'><strong>τὰς</strong></span> <span class='ocrx_word' id='word_1_876' title='bbox 1133 5383 1388 5458; x_wconf 84' lang='grc' dir='ltr'><strong>νηστείας</strong></span> <span class='ocrx_word' id='word_1_877' title='bbox 1432 5384 1530 5436; x_wconf 76' lang='grc' dir='ltr'><strong>καὶ</strong></span> <span class='ocrx_word' id='word_1_878' title='bbox 1561 5383 1807 5456; x_wconf 75' lang='grc' dir='ltr'><strong>Τετράδα</strong></span> <span class='ocrx_word' id='word_1_879' title='bbox 1855 5386 1949 5437; x_wconf 80' lang='grc' dir='ltr'><strong>καὶ</strong></span> 
     </span>
    </p>
   </div>
   <div class='ocr_carea' id='block_1_113' title="bbox 377 5473 1946 5546">
    <p class='ocr_par' dir='ltr' id='par_1_113' title="bbox 377 5473 1946 5546">
     <span class='ocr_line' id='line_1_114' title="bbox 377 5473 1946 5546; baseline 0.003 -20"><span class='ocrx_word' id='word_1_880' title='bbox 377 5473 736 5544; x_wconf 76' lang='grc' dir='ltr'><strong>Παρασκευὴν</strong></span> <span class='ocrx_word' id='word_1_881' title='bbox 775 5473 1226 5543; x_wconf 78' lang='grc' dir='ltr'><strong>παραδεδωκότες</strong></span> <span class='ocrx_word' id='word_1_882' title='bbox 1252 5476 1558 5545; x_wconf 86' lang='grc' dir='ltr'><strong>νηστεύειν,</strong></span> <span class='ocrx_word' id='word_1_883' title='bbox 1595 5476 1778 5545; x_wconf 84' lang='grc' dir='ltr'><strong>πολλῷ</strong></span> <span class='ocrx_word' id='word_1_884' title='bbox 1808 5479 1946 5546; x_wconf 81' lang='grc' dir='ltr'><strong>μᾶλ-</strong></span> 
     </span>
    </p>
   </div>
   <div class='ocr_carea' id='block_1_114' title="bbox 373 5563 1945 5637">
    <p class='ocr_par' dir='ltr' id='par_1_114' title="bbox 373 5563 1945 5637">
     <span class='ocr_line' id='line_1_115' title="bbox 373 5563 1945 5637; baseline 0.003 -20"><span class='ocrx_word' id='word_1_885' title='bbox 373 5563 466 5618; x_wconf 83' lang='grc' dir='ltr'><strong>λον</strong></span> <span class='ocrx_word' id='word_1_886' title='bbox 496 5565 758 5636; x_wconf 76' lang='grc' dir='ltr'><strong>ῥυπαρῶν</strong></span> <span class='ocrx_word' id='word_1_887' title='bbox 803 5564 960 5631; x_wconf 78' lang='grc' dir='ltr'><strong>ζώων</strong></span> <span class='ocrx_word' id='word_1_888' title='bbox 1003 5566 1097 5618; x_wconf 76' lang='grc' dir='ltr'><strong>καί</strong></span> <span class='ocrx_word' id='word_1_889' title='bbox 1137 5565 1341 5634; x_wconf 86' lang='grc' dir='ltr'><strong>θηρίων</strong></span> <span class='ocrx_word' id='word_1_890' title='bbox 1369 5569 1602 5636; x_wconf 66' lang='grc' dir='ltr'><strong>κράατος</strong></span> <span class='ocrx_word' id='word_1_891' title='bbox 1645 5569 1945 5637; x_wconf 76' lang='grc' dir='ltr'><strong>ἀπέχεσθαι</strong></span> 
     </span>
    </p>
   </div>
  </div>
