4076 6268
439 298 537 361 107

1275 273 1660 364 svuaouls
1694 303 2461 367 THESSALONICENSIS
2504 303 2871 366 ARCIIIEP.

3602 300 3709 369 108

436 390 692 450 animalia
730 404 896 447 carne
934 398 1252 455 vescuntur.
1283 394 1379 448 sed
1405 405 1614 448 tantum
1665 395 1847 450 bestiae
1910 411 2031 465 qua:

2135 397 2306 451 πολλὰ
2332 399 2439 450 τῶν
2470 396 2626 460 ζώων
2660 393 3000 465 κρεωφαγεῖ,
3036 390 3173 448 ἀλλὰ
3199 393 3269 445 τὰ
3309 390 3579 462 αίμοϐόρα
3616 398 3709 463 θη-

431 484 963 555 gaudentsanguine,
980 492 1032 539 et
1047 501 1167 555 qua:
1185 500 1348 540 carne
1364 495 1679 553 vescuntur,
1697 503 1802 539 non
1831 502 2023 557 quam-

2136 490 2224 559 ρία
2256 490 2437 559 μόνον’
2469 490 2565 542 καὶ
2593 491 2660 542 τὰ
2672 485 3102 558 χρεοφαγοῦντα
3129 483 3186 537 δὲ
3215 486 3277 538 οὐ
3301 486 3484 555 πάσης
3509 487 3709 555 σαρκὸς

433 577 564 631 libet
589 591 809 631 carnem
834 577 1189 646 tangunt,sed
1215 578 1556 633 solummodo
1575 578 1957 633 mundioribus
1974 588 2028 633 et

2131 582 2388 645 ἅπτεται,
2427 582 2583 635 ἀλλάῡ
2611 581 2714 650 τῆς
2744 579 3142 650 καθαρωτέρας
3167 596 3229 633 τε
3268 577 3366 633 καὶ
3408 578 3709 646 ὑγιεινοτὲ-

434 667 831 722 salubrioribus
865 675 1129 737 utuntur;
1172 683 1303 738 ergo
1327 671 1414 737 qui
1451 670 1536 725 bis
1581 671 1724 725 escis
1777 672 2025 724 abutitur

430 759 856 829 intemperantia
919 761 1142 816 ducitur
1201 761 1454 831 ferasque
1523 761 1738 817 feritate
1773 777 2020 832 superat,

429 850 585 921 quasi
610 852 1039 906 irrationabilcm
1072 852 1291 907 haberet
1343 852 1603 907 animam.
1663 852 2021 922 Purgamenta

429 960 561 999 vero
591 954 643 999 et
672 945 867 1000 sordes
893 954 1116 1015 gustare
1175 945 1377 1000 mentis
1430 952 1513 999 est
1564 943 2020 998 immundi-sima:

428 1040 483 1092 ’ct
518 1038 767 1094 obscenae
803 1037 1039 1108 feraeque
1081 1046 1291 1091 natura:
1340 1036 1464 1090 linis
1516 1035 1767 1092 ultimus.
1839 1034 2016 1088 Latini

430 1136 610 1181 autem
645 1128 845 1181 talibus
870 1135 1083 1182 utentes
1116 1142 1214 1181 nos
1240 1115 1330 1195 qui
1372 1126 1442 1180 ab
1482 1126 1602 1181 istis
1659 1125 2021 1181 abhorremus

430 1219 657 1273 irrident
680 1218 841 1283 forte,
860 1219 1117 1288 quoniam
1137 1216 1514 1271 suntmaxime
1536 1217 1799 1286 religiosi.
1824 1217 2016 1271 rorde~

428 1325 534 1381 que
569 1310 953 1375 mundissimi;
987 1322 1040 1363 et
1071 1310 1152 1364 sic
1181 1324 1305 1375 erga
1338 1308 1462 1362 talia
1487 1324 1544 1364 se
1582 1310 1801 1363 habent.
1821 1307 2019 1363 Sacras

429 1406 626 1457 domos
668 1403 832 1470 vulgo
874 1403 1087 1471 pervias
1108 1403 1447 1470 relinquunt,
1480 1401 1709 1470 ipsaque
1743 1403 1899 1472 adyta
1962 1410 2018 1455 et

431 1496 694 1551 terribilia
725 1503 1009 1563 penetrare
1036 1495 1219 1547 sinunt
1241 1509 1345 1547 non
1376 1488 1632 1548 mulieres
1658 1502 1894 1555 tantum,
1919 1492 2015 1548 sed

426 1599 478 1642 et
504 1588 788 1658 cujuslibet
819 1587 993 1640 artatis
1026 1587 1294 1651 homines,
1325 1584 1672 1643 l'ortticarios.
1701 1584 2016 1639 immundos

427 1681 687 1749 ipsoSque
747 1680 964 1748 impios.
1038 1693 1145 1733 non
1218 1678 1615 1746 Derpendentes
1676 1692 1797 1746 qum
1867 1676 2013 1751 dicta

2132 692 2255 744 ρας.
2285 675 2348 727 Ἀ
2362 691 2430 742 ρα
2460 675 2521 726 τὸ
2556 672 2952 745 παραχρῆσθαι
2983 673 3095 735 τοῖς
3122 670 3374 742 βρώμασι
3408 675 3506 725 καὶ
3526 672 3705 742 ἀκρα-

2127 764 2237 827 τῶς
2275 764 2439 834 ἔχειν.
2468 765 2608 834 πρδς
2632 764 2773 816 αὐτὰ
2806 765 2903 817 καὶ
2932 764 3086 833 παρά
3115 762 3185 816 τὰ
3243 761 3412 833 θηρία
3443 763 3585 825 εστὶ,
3610 764 3707 816 καὶ

2133 856 2300 910 οἱονεὶ
2337 856 2534 923 ἀλόγου
2559 856 2765 926 ψυχῆς.
2797 855 2872 909 Τδ
2897 856 2954 909 δὶ
2990 856 3086 910 καὶ
3118 853 3231 908 τῶν
3270 855 3710 925 περιττωμάτων

2125 948 2222 1001 καὶ
2271 945 2452 1018 οὔρων
2506 945 2768 1013 γεύεσθαι
2810 945 3279 1017 ,ἀκαθαρτοτάτης
3331 943 3565 1014 γνώμης
3613 945 3710 997 καὶ

2127 1028 2369 1108 μιαρᾶς,
2412 1036 2507 1090 καὶ
2561 1037 2662 1103 τῆς
2711 1036 3013 1106 θηριώδους
3049 1038 3221 1105 αὐτῆς
3270 1037 3417 1106 πέρα
3470 1035 3708 1105 φύσεως.

2122 1128 2257 1182 Οὐδὲ
2307 1128 2418 1199 γὰρ
2467 1130 2538 1181 τά
2586 1126 2753 1199 θηρία
2790 1126 3229 1198 περιττωμάτων
3278 1127 3429 1182 ίδίων
3454 1126 3704 1195 γεύεται,

2121 1219 2434 1287 δεικνύντα,
2469 1219 2545 1283 ὡς
2575 1221 2636 1273 οὐ
2669 1218 2813 1275 κατά
2841 1218 3006 1288 φύσιν
3029 1218 3187 1273 τοῦτό
3212 1221 3383 1273 ἔστιν.
3435 1219 3627 1290 Ὅμως
3652 1218 3712 1273 δὶ

2120 1314 2342 1367 Λατῖνοι
2390 1314 2603 1366 τούτων
2648 1313 2974 1381 γευόμενοι,
3014 1313 3143 1375 τοὺς
3186 1312 3710 1381 ἀποστρεφομένους

2120 1404 2295 1459 ταῦτα
2353 1405 2733 1475 καταγελῶσιν
2781 1406 2971 1474 ἡμᾶς,
3018 1404 3096 1468 ὡς
3136 1403 3302 1471 δῆθεν
3332 1402 3521 1456 λεπτοί
3564 1418 3711 1465 τινες

2117 1498 2274 1561 ὅντες
2300 1498 2479 1562 αὐτοὶ,
2514 1500 2609 1553 καὶ⁴
2658 1498 2758 1569 τὴν
2806 1497 3051 1552 διάνοιαν
3101 1495 3356 1566 καθαροί.
3406 1495 3517 1550 Καὶ
3564 1493 3711 1548 οὕτω

2123 1589 2224 1659 μὲν
2259 1589 2447 1657 ἔχουσι
2478 1589 2609 1657 περὶ
2639 1588 2709 1641 τά
2741 1586 2992 1642 τοιαῦτα.
3027 1588 3170 1651 Τοὺς
3206 1587 3263 1640 δέ
3303 1603 3366 1655 γε
3413 1587 3597 1654 ίεροὺτ
3625 1584 3709 1639 of-

2121 1698 2251 1745 κους
2312 1680 2513 1750 βατοὺς
2563 1682 2810 1736 τίθενται
2862 1683 2978 1744 τοῖς
3029 1680 3266 1743 πολλοῖς,
3325 1680 3423 1733 καὶ
3456 1680 3596 1732 αὑτά
3639 1678 3709 1731 τὰ

427 1784 555 1827 sunt
591 1791 604 1827 :
638 1791 655 1824 ι
690 1772 865 1826 Nolite
887 1781 1136 1825 sanctum
1170 1770 1300 1824 dare
1345 1769 1576 1824 canibus
1606 1784 1622 1834 ;
1666 1786 1685 1819 ι
1718 1777 1771 1823 et
1801 1786 1814 1822 :
1853 1785 1871 1819 t
1906 1767 2018 1821 Do-

2121 1774 2293 1828 ἄδυτα
2331 1773 2431 1827 καί⁵
2458 1773 2687 1844 φρικτάο
2732 1766 2839 1828 καί
2872 1774 2935 1827 οὐ
2969 1772 3190 1842 γυναιξὶ
3224 1773 3384 1844 μόνον
3435 1771 3707 1841 είσιτητά,

428 1882 553 1921 mus
572 1880 691 1919 mea
713 1863 911 1919 domus
934 1863 1199 1917 orationis
1225 1861 1538 1925 vocabitur,
1578 1879 1596 1912 ι
1631 1868 1683 1915 et
1712 1868 1906 1916 caetera
1933 1871 2019 1925 ;et

426 1965 716 2028 propterea
736 1956 927 2013 zelavit
946 1953 1128 2016 Iesus,
1157 1954 1229 2008 ita
1262 1964 1317 2007 ut
1334 1963 1653 2009 mansuetus
1677 1954 1790 2022 ipse
1808 1952 2020 2022 flagello

430 2051 592 2119 hujus
610 2049 779 2119 gratia
802 2055 1081 2111 uteretur;
1102 2055 1274 2101 etnon
1295 2046 1529 2112 sinebat,
1549 2058 1607 2100 ut
1625 2048 1889 2116 scriptum
1912 2055 2016 2113 est,

427 2154 489 2197 ut
511 2142 781 2214 quispiam
802 2140 1232 2194 transferretvas
1248 2153 1337 2207 per
1365 2137 1625 2207 templum
1649 2152 1663 2201 ;
1688 2137 1816 2190 illud
1835 2144 2016 2191 autem

420 2236 689 2307 templum
714 2245 831 2289 erat
865 2232 1035 2304 legale
1060 2232 1361 2299 umbraque
1394 2229 1584 2291 futuri,
1642 2243 1788 2283 nunc
1835 2240 2016 2283 autem

427 2330 611 2400 majus
629 2335 713 2383 est
737 2324 958 2395 templo,
983 2323 1443 2395 quemadmodum
1467 2319 1717 2375 Salvator
1738 2320 1804 2374 de
1816 2329 2017 2375 semet.

428 2424 549 2503 ipso
567 2422 703 2478 dixit
733 2437 751 2490 ;
784 2428 838 2475 et
869 2427 1049 2473 tamen
1085 2423 1233 2470 tanta
1261 2414 1487 2470 audent.
1525 2414 1672 2469 Nihil
1710 2415 1904 2468 mirum
1924 2429 2019 2467 eos

426 2519 520 2590 qui
546 2516 690 2572 circa
717 2513 1112 2571 conscientiam
1142 2511 1484 2573 defecerunt,
1512 2510 1603 2580 qui
1645 2508 2020 2565 indiﬂerenter

424 2620 483 2668 et
513 2610 700 2682 inique
758 2613 1185 2664 conversantur.
1221 2603 1365 2658 circa
1424 2602 1584 2656 fidem
1638 2600 2015 2670 nattfrngasse,

325 2760 329 2764 ,
427 2702 767 2773 proutdocet
801 2698 1024 2753 Paulus.
1057 2695 1155 2750 Vel
1189 2696 1380 2757 etiam,
1423 2702 1484 2747 ttt
1538 2706 1751 2748 rursum
1813 2692 2016 2751 dicam.

427 2792 565 2848 nihil
600 2793 798 2845 mirum
826 2805 920 2845 eos
947 2788 1092 2844 circa
1117 2786 1277 2841 fidem
1326 2800 1475 2857 nova
1490 2786 1766 2855 cogitasse
1793 2785 1885 2855 qtti
1907 2785 2018 2840 cir-

424 2903 489 2944 ca
520 2883 712 2950 agendi
741 2882 1004 2936 rationem
1036 2879 1446 2933 declinaverunt
1467 2893 1483 2946 ;
1502 2891 1626 2930 nam
1652 2877 1754 2931 sibi
1782 2877 2017 2933 invicem

427 2979 762 3050 reSpontlent
788 2976 921 3030 lides
950 2983 1005 3029 et
1035 2972 1142 3027 vita
1175 2988 1192 3040 ;
1220 2969 1423 3027 idcirco
1451 2970 1506 3024 hi
1536 2983 1757 3040 quoque
1796 2970 1887 3039 qui
1950 2985 2016 3025 ex

428 3056 748 3129 orthodoxis
784 3069 941 3125 fidem
991 3078 1142 3122 recte
1197 3073 1594 3137 cognoscentes
1650 3066 1794 3121 circa
1848 3066 2014 3121 vitam

428 3166 591 3220 soluti
621 3173 772 3231 sunt,
809 3176 983 3233 pmna:
1030 3164 1160 3215 sunt
1216 3157 1464 3224 obnoxii,
1526 3158 1632 3213 nisi
1692 3159 2013 3229 paenitentia

426 3266 480 3314 et
508 3255 835 3325 abstinentia
869 3272 897 3307 a
924 3252 1070 3307 malo
1091 3254 1462 3322 corrigantur.
1488 3248 1794 3320 Perpendat
1823 3253 2015 3307 scisci-

427 3360 552 3404 tans
582 3348 839 3416 quoniam
871 3344 1041 3414 quiin
1078 3350 1302 3414 peccata
1347 3341 1597 3397 incidunt
1645 3342 1825 3410 ignavi
1881 3343 2014 3397 littnt

425 3421 481 3497 et
509 3442 689 3512 frigidi
717 3452 879 3509 atque
911 3454 1125 3509 segnes,
1155 3445 1266 3490 tam
1299 3436 1445 3491 circa
1479 3437 1642 3491 verba
1677 3434 1799 3488 fidei
1852 3448 2011 3502 quam

427 3543 574 3596 circa
606 3549 793 3605 opera,
829 3546 1005 3600 neque
1039 3528 1309 3585 ferventes
1342 3536 1471 3584 sunt
1520 3528 1670 3581 circa
1730 3527 1908 3582 zeltttn
1958 3533 2016 3581 et

427 3625 895 3691 consuetudines;
928 3622 1049 3677 ideo
1087 3637 1272 3677 verum
1323 3630 1407 3675 est
1463 3620 1609 3675 istud
1668 3618 1854 3672 fratris
1911 3619 2014 3673 Do-

428 3722 591 3777 m'ni:
620 3740 638 3771 ι
664 3717 821 3772 Fides
838 3716 956 3771 sine
975 3713 1145 3783 operit
1169 3720 1464 3769 tis-mortua
1487 3720 1592 3777 cst,
1615 3712 1758 3765 sicut
1775 3718 1829 3765 et
1849 3725 2013 3781 opera

428 3787 548 3873 ξέηρ
568 3815 693 3869 [μιν.
716 3810 854 3878 Quid
873 3819 1051 3863 autem
1076 3806 1252 3860 Latini
1275 3807 1422 3860 circa
1444 3804 1825 3873 paenitentiam
1851 3806 2015 3859 iuno-

426 3892 695 3965 vavet'uttt
723 3905 745 3959 ἶν’
769 3905 903 3959 Cum
939 3899 1321 3971 maguumltoc
1375 3898 1581 3953 donum
1643 3896 1699 3952 in
1730 3913 1878 3967 spem
1928 3911 2015 3951 sa-

429 4003 566 4057 lutis
620 3998 779 4054 nobis
811 3994 1145 4066 impertitum
1204 3990 1387 4057 fuerit,
1423 3990 1680 4060 aliudque
1713 3988 2013 4046 secundum

426 4095 702 4167 piaculum
728 4099 851 4161 post
876 4088 1148 4158 baptisma
1169 4084 1225 4140 in
1243 4082 1585 4139 confessione
1606 4090 1663 4137 et
1686 4079 2012 4136 abstinentia

430 4206 459 4243 ο
481 4188 621 4243 malo
648 4184 908 4255 laerymis
931 4180 1138 4236 nostris
1164 4191 1486 4233 concessum
1510 4174 1693 4236 fuerit,
1718 4190 1822 4244 qua
1843 4175 2015 4241 pretii-

429 4280 616 4337 tentia:
648 4277 989 4349 propriisque
1016 4268 1385 4326 accusationis
1422 4267 1594 4337 gratia
1628 4267 1809 4321 omnis
1840 4264 2012 4318 fidelis

430 4373 522 4444 qni
571 4379 692 4442 post
747 4367 1018 4436 baptisma
1080 4361 1325 4444 peccavit
1373 4360 1566 4414 salutis
1626 4357 2011 4412 confidentiam

2042 3110 2090 3172 Ο

2121 1865 2256 1917 ἀλλά
2292 1866 2389 1919 καὶ
2422 1865 2612 1936 ἡλικίᾳ
2639 1866 2790 1938 πάσῃ
2826 1867 2922 1917 καὶ
2965 1864 3191 1934 πόρνοις
3224 1865 3318 1919 καὶ
3347 1863 3706 1935 ἀκαθάρτοις,

2123 1957 2217 2010 καὶ
2252 1957 2510 2010 ἀσεϐέσιν
2558 1958 2767 2021 αὐτοϊς,
2819 1957 2973 2011 οὐδὲν
3021 1955 3369 2027 λογιζόμενοι
3414 1955 3514 2021 τὸ,
3564 1976 3585 2008 ι
3614 1955 3709 2026 Μὴ

2120 2048 2237 2101 δότε
2270 2048 2338 2100 τά
2371 2049 2505 2114 ἅγια
2538 2050 2650 2112 τοῖς
2682 2047 2836 2110 κυσὶ,
2879 2065 2898 2099 ι
2937 2048 3052 2110 καὶ,
3082 2066 3101 2099 ι
3142 2047 3202 2101 ’0
3243 2044 3393 2111 οἶκός
3426 2064 3533 2116 μου
3558 2041 3710 2109 οἶκος

2124 2143 2440 2211 προσευχῆς
2475 2141 2835 2209 κληθήσεται,
2869 2158 2889 2191 ι
2918 2142 3010 2193 καὶ
3036 2141 3106 2193 τά
3137 2139 3286 2209 ἑξῆς,
3315 2143 3412 2194 καὶ
3441 2141 3534 2193 τὸν
3565 2141 3708 2212 ὑπὲρ

2121 2233 2313 2286 τούτου
2338 2232 2499 2302 ζῆλον
2532 2234 2629 2287 τοῦ
2671 2232 2873 2298 Ἰησοῦ,
2904 2234 2987 2287 ὅτι
3031 2235 3126 2286 καὶ
3155 2234 3478 2305 φραγγελίῳ
3504 2234 3704 2288 τούτου

2121 2325 2282 2394 χάριν
2316 2326 2584 2394 ἐχρήσατο
2631 2327 2660 2377 ό
2689 2325 2870 2395 πραΰς
2893 2340 2908 2356 ’
2973 2324 3070 2378 καί⁸
3108 2325 3232 2378 οὐδὲ
3267 2326 3453 2395 ἧφιεν,
3499 2326 3578 2389 ὡς
3613 2328 3708 2395 γέ-

2121 2433 2387 2486 γραπται,
2422 2418 2508 2469 ἴνα
2558 2434 2640 2479 τις
2679 2418 2874 2481 σκεῦος
2920 2418 3010 2471 διὰ
3059 2417 3156 2471 τοῦ
3207 2418 3355 2490 ίεροῢ
3390 2420 3702 2494 είσενόγκῃ,

2122 2514 2214 2567 καὶ
2247 2512 2423 2565 ταῦτα
2458 2511 2688 2582 νομικοῦ
2722 2512 2816 2565 καὶ
2859 2512 3126 2575 σκιώδους
3173 2514 3328 2578 ὄντος
3356 2515 3568 2571 ἐκείνου
3599 2515 3696 2569 τοῦ

2118 2605 2272 2661 ναοῦ.
2308 2604 2423 2660 Νῦν
2467 2604 2525 2659 δὲ
2561 2605 2748 2675 μεῖζον
2779 2605 2876 2659 τοῦ
2924 2604 3074 2676 ἱερθῦ
3108 2605 3256 2660 ἔστιν
3299 2600 3427 2676 ὧδε,
3457 2610 3485 2662 ό
3512 2608 3705 2679 Σωτὴρ

2122 2703 2250 2773 περὶ
2283 2700 2394 2753 τῶν
2445 2698 2613 2754 αὐτοῦ
2667 2715 2824 2770 φησι.
2858 2700 2970 2754 Kal
3019 2699 3174 2769 ὅμως
3214 2698 3285 2753 τὰ
3315 2701 3545 2755 τοιαῦτα
3583 2700 3706 2755 τολ-

2123 2794 2287 2863 μῶσι,
2320 2792 2434 2846 Kal.
2462 2791 2524 2844 οὐ
2557 2791 2904 2861 θαυμαστόν.
2934 2794 2999 2846 Ol
3028 2795 3137 2864 γὰρ
3175 2794 3307 2864 περὶ
3333 2794 3436 2865 τὴν
3460 2796 3706 2860 συνείδη-

2122 2902 2210 2938 σιν
2263 2884 2669 2953 ἀστοχήσαντες
2725 2882 3035 2952 ἀδιαφόρως
3087 2885 3293 2948 (dives;
3347 2887 3446 2963 aea}
3488 2886 3704 2956 ἑναγῶς

2121 2979 2217 3030 καὶ
2275 2977 2405 3045 περὶ
2452 2973 2554 3044 τὴν
2607 2978 2791 3027 πίστιν
2838 2975 3213 3045 ἐναυάγησαν,
3246 2977 3325 3039 ὡς
3373 2977 3586 3041 Παῦλος
3633 2979 3709 3031 δι-

2122 3068 2342 3121 δάσκει.
2376 3066 2466 3120 Διδ
2499 3065 2594 3119 καὶ
2628 3065 2793 3119 πάλιν
2825 3066 2976 3120 ἔστιν
3008 3069 3207 3132 εἰπεῖν,
3244 3066 3320 3131 ὡς
3353 3067 3405 3121 οί
3445 3068 3578 3138 περὶ
3609 3067 3710 3140 τὴν

2120 3161 2309 3212 πίστιν
2336 3159 2837 3229 καινοτομήσαντες
2867 3160 2963 3213 καὶ
2990 3163 3119 3231 περὶ
3139 3160 3236 3215 τὸν
3262 3160 3375 3232 βίον
3404 3160 3705 3225 ίξέκλιναν.

2131 3253 2401 3325 Ἐχόμενα
2452 3252 2559 3322 γὰρ
2593 3252 2843 3321 ἀλλήλων
2898 3252 3006 3306 εἰσὶ
3047 3252 3377 3316 πίστιςλκαὶ
3424 3253 3562 3323 βίος.
3611 3253 3708 3307 Διὸ

2116 3347 2215 3398 καὶ
2251 3344 2363 3398 τῶν
2414 3343 2713 3415 όρθοδόξων
2764 3345 2910 3407 τινὲς
2957 3345 3085 3411 περὶ
3140 3343 3239 3414 τὴν
3285 3344 3472 3397 πίστιν
3520 3345 3707 3408 καλῶς

2121 3438 2428 3507 ἱστάμενοι,
2463 3437 2597 3509 περὶ
2630 3437 2722 3490 τὸν
2780 3436 2894 3506 βίον
2946 3435 3310 3505 ἠμεληκότες,
3359 3435 3538 3503 ἔνοχοί
3591 3437 3705 3488 είσι

2086 3524 2097 3529 ’
2117 3531 2185 3600 τῇ
2211 3530 2456 3593 κολάσει,
2488 3530 2537 3582 εί
2572 3530 2645 3599 μὴ
2682 3527 2941 3599 μετανοίᾳ
2970 3527 3065 3578 καὶ
3082 3527 3148 3595 τῇ
3180 3525 3288 3578 τῶν
3311 3522 3496 3578 κακῶν
3515 3524 3699 3593 ἀποχῇ

2117 3621 2477 3692 διορθωθῶσι.
2506 3621 2617 3673 Καὶ
2648 3617 3012 3686 κατανοήσειέ
3032 3634 3116 3679 τις
3146 3618 3408 3687 ἐρευνῶν,
3433 3615 3510 3675 ὡς
3534 3617 3703 3686 ἡνίκα

2118 3714 2530 3783 περιπίπτωσιν
2566 3711 2873 3781 ἁμαρτίαις
2913 3708 3082 3771 τινὲς,
3114 3708 3344 3779 ἀμελεῖς
3374 3709 3471 3762 καὶ
3500 3707 3704 3779 ψυχροὶ

2115 3805 2263 3858 οὗτοι
2290 3805 2380 3857 καὶ
2414 3802 2652 3873 ρᾴθυμοι
2689 3802 2787 3854 καὶ
2835 3801 2968 3871 περὶ
3014 3799 3124 3854 τῶν
3173 3800 3276 3868 τῆς
3306 3801 3547 3861 πίστεώς
3596 3801 3705 3856 είσι

2114 3896 2290 3963 λόγων
2321 3896 2411 3948 καὶ
2451 3894 2655 3965 ἔργων,
2689 3894 2786 3947 καί
2825 3894 2888 3947 οὐ
2925 3893 3127 3963 θερμοί
3167 3895 3300 3965 περὶ
3327 3894 3421 3947 τὸν
3453 3894 3617 3965 ζῆλόν
3641 3911 3704 3948 τε

2114 3988 2211 4041 καὶ
2238 3987 2307 4040 τὰ
2335 3985 2456 4059 ἔθη.
2492 3986 2583 4039 Διὸ
2613 3986 2711 4040 καὶ
2738 3985 2943 4054 ἀληθὲς
2971 3986 3036 4038 τὸ
3070 3987 3165 4040 τοῦ
3200 3987 3530 4054 Θεαδὲλςου,
3569 4006 3589 4039 ι
3638 3987 3706 4041 Ἢ

2118 4077 2305 4140 πίστις
2338 4076 2511 4147 χωρὶς
2554 4076 2662 4130 τῶν
2712 4075 2891 4146 ἔργων
2943 4077 3117 4147 νεκρά
3159 4077 3298 4142 ἐστι,
3333 4078 3431 4130 καὶ
3462 4078 3530 4130 τά
3559 4077 3701 4147 ἔργα

2119 4169 2292 4239 χωρὶς
2321 4167 2424 4236 τῆς
2456 4166 2718 4229 πίστεως.
2750 4184 2769 4219 ι
2807 4166 2873 4219 Τί
2906 4166 2962 4219 δὲ
2983 4166 3205 4220 Λατῖνοι
3247 4166 3345 4219 καὶ
3377 4172 3507 4237 περὶ
3543 4184 3711 4236 μετα-

2119 4263 2271 4327 νοίας
2306 4262 2846 4331 κεκαινοτομήκαοις
2878 4260 2989 4313 Τοῦ
3021 4260 3263 4328 μεγάλου
3290 4259 3487 4313 τούτου
3521 4260 3700 4329 δώρου

2114 4354 2196 4417 είς
2222 4354 2418 4408 ἐλπίδα
2451 4353 2732 4423 σωτηρίας
2764 4353 2900 4422 ἡμῖν
2946 4351 3351 4422 δεδωρημένου,
3388 4352 3485 4405 καὶ
3523 4351 3703 4403 δευτέ-

427 4432 761 4534 assequitur,
798 4458 876 4513 illi
905 4465 1097 4512 contra
1146 4432 1367 4523 regulas
1413 4449 1870 4516 traditionemque
1917 4445 2020 4500 Pa-

2126 4464 2221 4518 ρου
2252 4446 2419 4501 ἄλλον
2463 4446 2605 4515 μετά
2646 4445 2706 4499 τὸ
2751 4434 3322 4513 λοντρδνκαθαρσίου
3354 4446 3412 4496 ὲν
3453 4441 3701 4511 ἐξομολος

428 4567 574 4612 trum
606 4563 829 4625 agentes
856 4554 1163 4619 arguuntur
1194 4562 1209 4612 ;
1243 4541 1503 4614 equidem
1537 4540 1602 4594 ad
1639 4539 2013 4594 confitendum

430 4655 682 4711 currunt,
711 4660 821 4699 non
854 4652 1035 4697 autem
1070 4639 1302 4694 multum
1343 4644 1540 4692 curant
1562 4634 1630 4689 de
1682 4631 2012 4687 abstinentia

432 4755 464 4795 a
500 4748 724 4807 peccato
753 4751 768 4795 :
806 4735 917 4786 imo
941 4729 1190 4801 quasdam
1217 4725 1495 4799 prohibita
1527 4722 1776 4795 patrandi
1816 4736 1844 4774 a
1875 4734 2014 4790 papa

431 4832 677 4902 ipsisque
703 4823 972 4895 episcopis
997 4819 1306 4875 facultatem
1323 4819 1686 4887 impetrautet
1712 4814 2011 4884 accipiunt,

388 4924 394 4939 '
439 4923 738 4990 multisque
763 4917 922 4971 datur
952 4912 1171 4968 licentia
1215 4924 1379 4965 carne
1432 4908 1618 4964 utendi
1679 4904 2012 4961 sanctissimi

428 5014 627 5087 jejuuii
668 5023 933 5080 tempore,
964 5016 1017 5061 et
1046 5003 1169 5059 aliis
1198 5003 1446 5073 pellicem
1480 5001 1709 5057 habendi
1748 5008 1803 5055 et
1868 5012 2015 5067 quae-

434 5121 654 5178 cunque
720 5100 978 5173 petierint
1032 5094 1220 5149 illicita
1270 5092 1539 5158 obtinent,
1591 5105 1768 5161 neque
1830 5088 2019 5159 paucis

435 5204 546 5257 dici
584 5206 765 5272 potest
816 5188 1038 5264 quanta
1096 5193 1291 5242 contra
1342 5182 1780 5239 Christianorum
1851 5182 2016 5235 vitam

433 5298 768 5361 l‘atrttmque
797 5297 1039 5343 canones
1070 5292 1233 5349 agere
1267 5290 1374 5329 non
1397 5273 1751 5330 erubescunt.

2123 4538 2287 4608 γήσει
2315 4540 2408 4589 καί
2436 4537 2615 4607 ἀποχῇ
2651 4534 2826 4589 κακοῦ
2879 4533 3277 4605 βραϐευθέντος
3316 4532 3447 4603 ἡμῖν
3479 4535 3575 4587 καὶ
3612 4532 3704 4585 δά-

2123 4642 2347 4696 κρυσιν,
2381 4628 2440 4679 ὲν
2472 4618 2516 4692 ᾧ
2543 4624 2854 4694 χαρίσματι
2887 4623 2987 4690 τῆς
3023 4623 3318 4691 μετανοίας
3355 4638 3414 4675 τε
3452 4621 3551 4675 καὶ
3583 4620 3706 4687 ἐξα-

2122 4719 2432 4789 γορεύσεως
2489 4716 2599 4779 πᾶς
2647 4716 2840 4778 πιστὸς
2898 4715 2994 4784 τὴν
3048 4713 3375 4781 προσδοκίαν
3433 4713 3698 4779 κέκτηται

2119 4809 2216 4863 τοῦ
2251 4808 2498 4878 σωθῆναι
2542 4806 2878 4876 ἁμαρτήσας
2916 4806 3055 4873 μετά
3108 4804 3169 4856 τὸ
3202 4802 3520 4874 βάπτισμα,
3556 4795 3703 4855 οὗτοι

2123 4900 2277 4972 παρά
2310 4900 2437 4963 τοὺς
2468 4898 2629 4968 ὅρους
2652 4896 2929 4951 καὶτοῦτο
2969 4897 3143 4948 ποιεῖν
3175 4894 3284 4948 τῶν
3317 4894 3577 4965 Πατὲρων
3609 4893 3707 4946 καὶ

2119 4995 2217 5062 τὴν
2246 4990 2552 5062 παράδοσιν
2583 4988 3022 5043 ἀποδείκνυνται.
3081 4987 3190 5039 Καὶ
3239 4987 3402 5056 δῆθεν
3437 4987 3539 5053 μὲν
3565 4987 3705 5054 πρῦς

2118 5087 2223 5157 τὴν
2260 5082 2655 5154 ἐξομολόγησιν
2690 5081 3000 5150 τρέχουσιν
3032 5079 3133 5132 οὐκ
3156 5077 3497 5149 ἀποσχέσθαι
3523 5075 3579 5129 δὲ
3605 5076 3702 5128 τοῦ

2117 5177 2298 5235 κακοῦ
2357 5176 2515 5242 λόγος
2572 5172 2741 5235 πολὺς
2801 5171 2936 5240 παρ’
2989 5171 3197 5236 αὐτοῖς.
3243 5172 3408 5225 Ἀλλά
3452 5172 3547 5223 καὶ
3592 5169 3702 5219 τῶν

2113 5250 2231 5341 ’33
2294 5264 2761 5335 ἀπηγορευμένων
2805 5251 2927 5315 τινὰ
2958 5263 3240 5335 ,πράττειν
3287 5262 3441 5333 παρά
3486 5277 3545 5313 τε
3601 5257 3695 5311 τοῦ

430 5353 814 5451 ninam-xui.
869 5379 979 5433 τῶν
1013 5372 1334 5430 ἐπισκόπων
1392 5368 1597 5430 αὐτῶν,
1656 5365 2007 5438 συγχώρησιν
2048 5362 2323 5428 ὲξαιτοῦσί
2373 5377 2432 5411 τε
2487 5360 2582 5411 καὶ
2630 5357 2986 5425 λαμϐάνουσι,
3033 5361 3129 5411 καὶ
3202 5356 3407 5409 δίδοται
3471 5353 3698 5416 πολλοῖς

434 5484 589 5536 ἄδεια
619 5478 852 5549 κρέατος
905 5471 1153 5543 μετέχειν
1204 5468 1283 5539 τῷ
1369 5464 1550 5535 καιρῷ
1598 5462 1696 5530 τῆς
1742 5460 2056 5539 ἁγιωτάτης
2129 5454 2405 5529 νηστείας,
2461 5453 2556 5503 καὶ
2608 5448 2786 5511 ἄλλοις
2844 5446 3125 5519 παλλακὴν
3182 5445 3346 5517 ἔχειν,
3401 5447 3495 5499 καί
3551 5443 3700 5509 ειπερ

433 5539 755 5643 αἰτήσονται
805 5539 944 5621 ἄλλα
977 5539 1098 5617 τινά
1142 5562 1250 5615 τῶν
1301 5559 1580 5627 ἀθεμίτων
1631 5554 1974 5623 λαμϐάνουσι
2003 5568 2016 5581 ’
2053 5553 2148 5604 καὶ
2178 5548 2365 5610 ἁπλῶς
2400 5547 2500 5598 οὐκ
2525 5546 2672 5601 ἐστιν
2699 5544 2897 5608 εἰπεῖν,
2934 5544 3031 5595 ὅσα
3067 5543 3219 5610 παρὰ
3280 5541 3379 5609 τὴν
3436 5539 3700 5609 Χριστια-

433 5637 594 5733 νικην
623 5662 769 5730 ζωὴν
796 5660 892 5711 καὶ
922 5660 1048 5717 τοὺς
1077 5650 1472 5719 τὼνλιατέρων
1501 5647 1735 5706 κανόνας
1770 5645 2015 5710 ἐνεργεῖν
2055 5644 2155 5693 οὐκ
2188 5637 2560 5705 αἰσχύνονται.

431 5758 759 5814 "Clericus.
794 5752 994 5820 Quare,
1023 5748 1264 5807 demitte,
1302 5742 1522 5811 quidam
1573 5736 1655 5794 ex‘
1695 5737 1895 5794 nostris
1956 5735 2023 5791 de

2203 5732 2516 5801 Κληρωιός.
2553 5729 2661 5785 Καὶ
2709 5731 2844 5795 πῶς,
2881 5728 3133 5793 δέσποτα,
3173 5727 3280 5784 τῶν
3308 5727 3590 5799 ἡμετέρων
3623 5745 3709 5782 rt—
