4050 6266
395 289 497 356 Ῑθθ

1421 283 1800 352 ῡῖΛΙιΟΘΠΞ
1840 290 2141 351 CONTRA
2192 287 2586 350 IIrERESES.

3523 193 3541 218 Ι

3535 251 3636 353 tio

391 412 476 471 νές
501 407 560 461 οὗ
591 406 758 460 πολὺν
787 407 1048 478 ἡγοῦνται
1079 407 1168 460 τὸν
1209 407 1337 476 περὶ
1359 407 1468 459 τῶν
1490 407 1750 460 τοιούτων
1776 406 1955 473 λόγον,

2073 405 2268 460 talibus
2301 418 2408 458 non
2445 416 2696 472 magnam
2726 400 2995 457 rationem
3032 400 3252 463 habent,
3291 400 3388 456 sed
3435 407 3647 455 tantmn

389 501 524 556 ἀλλά
546 499 672 569 περὶ
693 499 790 551 τοῦ
819 498 1089 568 συμϐόλου
1117 498 1278 569 μόνον
1305 499 1531 567 ζητοῦσι
1557 498 1657 567 τῆς
1683 497 1957 561 πίστεως,

293 589 296 600 ’
389 593 482 647 καί
516 609 702 660 φασιν,
739 591 814 653 ῶς
855 592 903 643 εί
946 589 1106 643 τοῦτο
1144 590 1306 660 μόνον
1333 589 1511 659 ὀρθῶς
1541 588 1826 646 ὲὸούλοντο
1873 589 1961 641 λέ-

387 703 507 751 γειν
534 684 594 737 τὸ
625 682 922 754 ἱερώτατον
945 682 1235 752 σύμϐολον,
1271 682 1372 735 οὐκ
1419 683 1738 734 ἀπεσείοντο
1765 681 1833 734 ἃν
1858 682 1959 733 αύ-

384 777 512 838 τοῦς
547 777 634 829 διά
661 777 730 827 τὰ
768 774 932 828 λοιπά
966 791 981 840 ;
1020 774 1208 827 Καίτοι
1257 790 1322 842 γε
1383 773 1617 843 μέγιστα
1669 774 1765 826 καὶ
1816 773 1960 826 κατά

383 870 482 935 τῆς
510 865 797 937 ὀρθοδόξου
848 866 942 918 καὶ
979 865 1244 927 Δεὐσεϐοῦς
1275 866 1420 933 ζωῆς
1453 865 1522 916 τὰ
1560 863 1960 933 προειρημένα,

381 962 480 1014 καὶ
526 959 768 1012 πλεῖστοι
817 957 928 1010 τῶν
961 957 1134 1024 ἀγξων
1168 957 1383 1026 ἀνδρῶν
1430 959 1525 1009 καὶ
1569 955 1712 1023 ύπέρ
1748 955 1962 1023 μικρῶν

380 1070 549 1105 τινων
581 1051 845 1104 τοιούτων
879 1049 1042 1120 ζῆλον
1070 1049 1200 1118 ἄχρι
1221 1051 1318 1101 καὶ
1347 1048 1586 1102 Θανάτου
1619 1047 1806 1116 σχεδὶν
1837 1049 1965 1098 ἐπε-

381 1143 631 1208 δείξαντο
661 1143 938 1210 μέγιστον.
972 1141 1069 1203 Τίς
1095 1135 1194 1193 οὖν
1222 1142 1249 1192 ὁ
1280 1141 1409 1209 περὶ
1437 1139 1630 1192 τούτου
1659 1139 1852 1206 ).όγος;

473 1236 821 1304 ’Λρχιερεῦς.
848 1228 1040 1302 Οἶμαι,
1073 1232 1292 1300 ἀδελφέ,
1315 1231 1391 1294 ὡς
1423 1235 1536 1293 τοῖς
1567 1231 1828 1284 τοιούτοις
1854 1229 1962 1280 τῶν

387 1325 679 1396 ἡμετέρων
710 1325 810 1376 οὐκ
837 1322 1165 1392 ἐγνωσμένα
1197 1320 1455 1391 καθαρῶς
1491 1320 1559 1373 τὰ
1609 1319 1760 1390 παρὰ
1793 1318 1962 1373 Λατί-

397 1436 531 1480 νοις.
570 1418 634 1472 Ei
664 1417 719 1470 δὲ
752 1416 850 1469 καὶ
895 1418 1105 1469 τούτων
1146 1415 1321 1468 οἴδασί
1352 1431 1493 1478 τινα,
1546 1414 1669 1466 ἐπεὶ
1699 1413 1793 1465 καὶ
1831 1412 1962 1480 περὶ

381 1511 498 1562 τῶν
531 1510 758 1578 ἀζύμων
788 1509 1020 1562 πλεῖστα
1049 1507 1236 1561 πολλοὶ
1263 1508 1590 1576 γράφουσιν,
1621 1505 1696 1569 ὡς
1721 1505 1782 1558 ού
1804 1504 1962 1573 θέμις

383 1600 576 1668 ἄζυμα
611 1599 968 1671 προσφέρειν,
1005 1597 1144 1650 ἀλλά
1175 1599 1242 1650 τὰ
1285 1597 1456 1649 πλείω
1510 1597 1612 1648 οὐκ
1657 1597 1855 1649 ῐσασιν.
1900 1593 1961 1646 Εί

385 1691 448 1744 δὲ
480 1690 578 1743 καί
615 1690 762 1750 τινές
794 1691 900 1742 είσι
951 1689 1060 1741 τῶν
1106 1689 1344 1749 εἰδότων,
1396 1686 1758 1755 οἶκονομικῶς
1805 1685 1972 1737 τοῦτο·

2065 501 2133 554 de
2163 499 2422 568 Symbolo
2440 499 2563 555 fidei
2582 504 2917 555 contendunt
2945 511 3110 571 atque
3135 500 3326 554 dicunt
3354 497 3642 568 quoniam,

2067 594 2112 645 si
2144 593 2287 648 istud
2325 592 2731 647 sanctissimum
2774 594 3080 664 symbolum
3121 591 3468 647 solummodo
3501 597 3652 644 recte

2068 680 2250 734 dicere
2283 681 2504 746 vellent,
2537 695 2631 734 eos
2663 693 2884 750 prOplet‘
2924 691 3119 734 caetera
3194 694 3300 734 non
3353 678 3656 748 elicerent?

2061 771 2197 824 Nam
2226 773 2410 839 gravia
2441 781 2571 826 sunt
2599 781 2786 826 contra
2819 773 3174 826 orthodoxam
3201 773 3456 840 piamque
3482 771 3652 823 vitam

2063 877 2188 931 quae
2228 877 2392 932 supra
2426 865 2724 931 protulisti,
2758 874 2812 917 et
2843 864 3201 934 pleriqueviri
3233 865 3405 918 sancti
3437 873 3656 933 propter

2067 954 2203 1006 istas
2240 966 2329 1006 res
2360 967 2557 1021 parvas
2593 957 2885 1008 maximum
2913 964 3071 1022 atque
3093 954 3328 1023 ﬂagrans
3350 954 3459 1008 fere
3485 969 3657 1022 neque

2064 1044 2131 1097 ad
2160 1055 2394 1098 mortem
2421 1045 2663 1098 studium
2687 1048 3078 1100 exhibuerunt.
3128 1044 3271 1111 Quid
3303 1059 3434 1115 ergo
3459 1045 3526 1099 de
3552 1045 3658 1098 hoc

2065 1135 2203 1190 dicis
2240 1137 2264 1188 ?
2429 1199 2432 1201 Α

2141 1229 2414 1302 Pontifex.
2451 1235 2684 1297 Censeo,
2722 1233 2907 1296 frater,
2935 1233 3142 1287 n3slris
3176 1229 3285 1285 illis
3345 1238 3452 1284 non
3505 1228 3656 1297 peni-

2066 1334 2155 1378 tus
2186 1327 2440 1396 cognosci
2465 1342 2586 1396 quae
2613 1327 2752 1398 apud
2780 1314 3004 1381 Latinos
3037 1327 3172 1378 tiunt
3204 1324 3656 1392 gequidemnon-

2066 1417 2212 1471 nulla
2241 1428 2531 1483 noverunt,
2553 1434 2678 1472 cum
2711 1418 2865 1472 multi
2896 1419 3048 1486 plura
3081 1418 3149 1470 de
3180 1415 3387 1487 azymis
3416 1415 3657 1483 scripse—

2065 1513 2176 1563 rint
2201 1514 2458 1581 quoniam
2492 1527 2681 1582 azyma
2711 1510 2907 1566 olierre
2938 1521 3042 1564 non
3075 1512 3219 1574 licet,
3246 1509 3339 1564 sed
3389 1508 3650 1578 pleraque

2064 1616 2171 1657 non
2203 1605 2384 1658 sciunt
2419 1621 2435 1668 ;
2468 1603 2613 1674 quod
2650 1607 2691 1657 si
2723 1605 2943 1672 quidam
2977 1609 3331 1670 cognoscant,
3379 1603 3476 1665 ita,
3529 1602 3654 1669 opi-

2064 1710 2183 1760 nor,
2210 1709 2273 1750 ex
2305 1697 2584 1764 proposito
2610 1705 2794 1765 agunt,
2814 1695 2938 1764 quia
2969 1696 3158 1748 volunt
3176 1709 3270 1747 eos
3301 1693 3368 1747 ad
3393 1693 3458 1746 ad
3493 1681 3657 1760 caput

378 1783 662 1850 λέγουσιν,
693 1781 768 1844 ὡς
815 1779 993 1850 οἶμαι,
1029 1780 1366 1850 ἐπανορθοῦν
1393 1779 1589 1841 αὐτοὺς
1623 1779 1703 1846 τῷ
1735 1794 1954 1845 κςιιιριω⁶

2073 1789 2399 1864 praecipuum
2435 1788 2592 1842 [idem
2625 1787 2917 1864 corrigere,
2948 1795 3003 1840 ct
3035 1787 3117 1842 sic
3146 1786 3408 1856 paulatim
3429 1783 3496 1838 ad
3527 1799 3659 1840 cor-

377 1877 532 1946 τέρῳ
565 1879 631 1946 τῇ
664 1877 848 1927 πίστει
883 1874 1222 1944 βουλόμενοι,
1273 1873 1366 1925 κα)⁸
1397 1871 1541 1924 οὕτω
1585 1872 1726 1922 κατὰ
1777 1867 1970 1938 μικρὸν

379 1966 530 2036 πρὸς
557 1965 655 2035 τὴν
685 1965 976 2036 διόρθωσιν
1010 1964 1106 2018 καὶ
1134 1963 1245 2016 τῶν
1277 1963 1485 2015 λοιπῶν
1516 1960 1822 2028 ἐπιφέρειν.

971 2088 1224 2157 KEMA.
1260 2095 1387 2154 κον.

376 2221 521 2275 Ὀτι
549 2219 647 2275 καὶ
675 2218 794 2273 ἀπὸ
826 2217 946 2271 τῶν
979 2216 1323 2270 δοκούντων
1345 2215 1578 2284 μικρῶν
1617 2215 1713 2292 δεῖ
1746 2216 1968 2282 προσέ-

1115 2304 1267 2356 χειν.

457 2404 586 2457 Ὀτι
621 2403 676 2456 δὲ
707 2402 940 2466 καὶτοῖς
984 2400 1303 2463 ἀποστόλοις
1348 2398 1506 2469 ἔμελε
1540 2399 1634 2450 καὶ
1678 2400 1807 2467 περὶ
1861 2400 1968 2450 τῶν

370 2496 691 2550 δοκούντων
729 2494 944 2564 μικρῶν
973 2491 1323 2562 διορθοῦσθαι
1357 2493 1484 2548 τοὺς
1507 2489 1775 2552 εὐσεϐεῖς,
1810 2491 1968 2559 δῆλον

373 2590 448 2654 ἐξ
486 2584 560 2641 ὧν
592 2589 841 2656 ἔγραψαν
869 2587 982 2648 τοῖς
1039 2585 1151 2639 ἀπὸ
1201 2584 1313 2637 τῶν
1370 2583 1541 2638 ἐθνῶν
1589 2582 1676 2635 διὰ
1716 2583 1968 2651 Βαρνάϐα

374 2682 483 2736 καὶ
518 2679 754 2742 Παύλου,
807 2679 888 2732 ὅτι
943 2676 1249 2749 ἀπέχεσθαι
1300 2675 1405 2746 χρὴ
1459 2675 1828 2728 εἰδωλοθύτων
1875 2677 1968 2726 καὶ

374 2771 648 2842 πορνείας
677 2787 736 2823 τε
767 2770 864 2822 καὶ
886 2767 1136 2820 πνικτοῦ.
1162 2766 1344 2835 Ὅπερ
1361 2767 1442 2834 (τὸ
1461 2767 1590 2836 περὶ
1612 2764 1708 2818 τοῦ
1739 2764 1966 2818 πνικτοῦ

375 2863 616 2935 δηλαδὴ)
647 2861 830 2929 ὀλίγον
862 2856 1003 2914 εἶναι
1036 2859 1184 2912 δοκεῖ
1230 2859 1326 2912 καὶ
1356 2858 1468 2910 τῶν
1512 2857 1796 2926 ἡμετέρων
1840 2857 1966 2909 πολ-

311 2964 314 2966 ’
376 2958 522 3020 λοῖς,
571 2954 830 3018 καθάπαξ
885 2953 944 3005 δὲ
996 2951 1326 3011 ἀπεναντίας
1379 2951 1492 3011 τοῖς
1544 2949 1866 3010 ἀποστόλοις
1909 2950 1968 3001 τ’)

359 3048 595 3126 ’πνικτά
623 3049 824 3101 ἐσθίειν
852 3046 1119 3107 Λατίνους
1156 3043 1322 3096 πᾶσιν
1357 3040 1519 3112 ἔργον
1553 3041 1699 3092 ἐστὶν
1727 3040 1967 3108 ἀπαραίο

376 3158 576 3212 τητον.
609 3140 731 3192 Ἔτι
776 3137 831 3189 δὲ
868 3136 962 3190 καὶ
1009 3135 1069 3188 τὸ
1112 3133 1397 3194 παλλακὰς
1429 3131 1573 3201 ἔχειν
1610 3131 1960 3200 ἀνέγκλητον,

2073 3155 2164 3208 per
2197 3139 2416 3208 pellices
2470 3139 2670 3192 habere
2727 3139 2884 3209 culpa
2919 3150 3090 3207 caret,
3115 3149 3168 3195 et
3207 3139 3461 3197 fornicari
3509 3144 3679 3196 tullio.

380 3234 489 3286 καὶ
518 3232 805 3300 πορνεύειν
833 3226 1300 3296 ἀνεπαισχύντως.
1338 3223 1476 3277 Ἀλλ’
1510 3223 1570 3276 ού
1602 3225 1714 3284 τοῖς
1737 3224 1966 3275 ἀποστό-

380 3323 503 3385 λοις
534 3323 694 3375 τοῦτο
711 3321 888 3373 ἐδόκει
916 3318 1248 3386 παροπτέον,
1273 3315 1411 3368 ἀλλὰ
1438 3315 1786 3383 γεγράφασιν
1821 3313 1967 3382 ἅπερ

383 3414 664 3485 ἔγραψαν.
701 3414 810 3466 Καὶ
842 3410 1284 3478 εἰδωλολατρείας
1321 3409 1436 3459 ἴσον
1469 3407 1530 3458 τὸ
1563 3405 1849 3474 πορνεύειν
1875 3407 1970 3458 καὶ

382 3505 600 3560 πνικτὰ
645 3503 848 3556 ἐσθίειν
875 3501 1187 3571 εἰρήκασιν·
1221 3501 1341 3551 ἐπεὶ
1375 3497 1507 3560 Θεὸς
1534 3496 1690 3548 τοῦτο
1721 3499 1814 3549 καὶ
1861 3496 1968 3563 πρὸ

381 3596 487 3651 τοῦ
539 3595 704 3665 νόμου
754 3593 831 3663 τῷ
876 3591 1001 3644 Νῶε
1049 3590 1462 3658 νενομοθέτηκε.
1507 3587 1700 3640 Τοίνυν
1731 3586 1855 3639 οὐδὲ
1899 3588 1969 3638 τά

385 3686 549 3758 παρά
573 3685 710 3739 θεοῦ
737 3687 850 3747 τοῖς
883 3682 1134 3744 παλαιοῖς
1167 3681 1427 3750 δεδομένα
1456 3678 1622 3731 καλόν
1653 3679 1766 3729 ἐστι
1792 3676 1967 3729 πάντα

387 3778 670 3849 παρορᾷν,
713 3774 853 3829 ἀλλὰ
905 3769 1294 3841 πνευματικῶς
1328 3770 1512 3821 ἐκεῖνα
1551 3767 1848 3837 διενεργεῖν
1876 3764 1969 3818 καὶ

387 3875 558 3937 νοεῖν,
591 3870 689 3922 καὶ
721 3871 799 3931 είς
826 3867 887 3921 τὸ
916 3866 1161 3935 κρεῖττον
1187 3858 1545 3928 ἐπανορθοῦν,
1583 3861 1677 3912 καὶ
1706 3857 1846 3928 ὑπὲρ
1878 3857 1969 3910 τὸν

391 3965 562 4034 νόμον
593 3963 789 4027 ποιεῖν,
835 3958 895 4011 ού
947 3956 1052 4027 μὴν
1096 3956 1153 4008 δὲ
1205 3954 1568 4023 παρανομεῖν.
1631 3969 1650 4001 ι
1686 3950 1814 4002 Ἐὰν
1859 3949 1969 4019 γὰρ

395 4058 477 4130 μὴ
505 4053 847 4127 περισσεύσῃ
869 4054 903 4122 ἡ
930 4049 1247 4118 δικαιοσύνη
1278 4048 1432 4115 ὑμῶν
1456 4045 1638 4112 πλεῖον
1662 4046 1770 4096 τῶν
1792 4058 1973 4112 γραμ-

396 4151 620 4222 ματέων
668 4149 760 4201 καὶ
791 4143 1122 4215 Φαρισαίων,
1154 4159 1172 4193 ι
1201 4141 1391 4210 φησὶν,
1430 4156 1450 4190 ι
1481 4138 1540 4190 ού
1571 4137 1649 4207 μὴ
1689 4136 1971 4205 εἰσέλθητε

392 4247 478 4310 εἰς
500 4245 600 4315 τὴν
632 4240 914 4312 βασιλείαν
947 4235 1053 4290 τῶν
1085 4233 1350 4304 οὐρανῶν⁸
1383 4253 1403 4285 ι
1436 4232 1553 4297 καὶ,
1594 4248 1612 4281 ι
1646 4229 1804 4281 ἰῶτα
1831 4226 1889 4281 ἐν
1935 4227 1970 4296 ἢ

400 4342 502 4412 μία
527 4335 730 4405 κεραία
758 4333 820 4386 ού
863 4331 938 4402 μὴ
985 4327 1231 4400 παρέλθῃ
1274 4325 1382 4380 ἀπὸ
1411 4325 1504 4377 τοῦ
1536 4323 1724 4392 νόμον,
1770 4321 1875 4384 ἕως
1905 4322 1974 4374 ἂν

399 4433 586 4486 πάντα
613 4429 862 4496 γένηται*
899 4442 919 4475 ι
965 4424 1024 4476 οὐ
1075 4422 1181 4492 μὴν
1224 4419 1282 4471 δὲ
1312 4415 1642 4495 Ἰουδαϊκῶς,
1689 4412 1806 4469 ἀλλ’
1833 4414 1972 4484 ὑπὲρ

2081 1881 2381 1934 rectionem
2423 1889 2754 1934 rtetcrorum
2793 1879 3088 1933 adducere.

2640 2093 2868 2158 CAPUT
2919 2096 3083 2158 XXll.

2219 2219 2368 2283 Quod
2394 2221 2550 2273 etiam
2590 2221 2641 2272 in
2679 2220 2856 2288 parvis
2884 2223 3100 2274 cautum
3121 2237 3232 2275 esse
3255 2229 3514 2290 oporteat.

2155 2402 2442 2470 Apostolos
2477 2415 2698 2469 operam
2730 2400 2945 2456 dedisse
2974 2409 3032 2454 ut
3061 2401 3162 2455 viri
3216 2401 3454 2473 religiosi
3489 2402 3655 2458 etiam

2073 2499 2216 2553 circa
2239 2511 2300 2549 ea
2337 2509 2459 2563 qua:
2487 2509 2651 2562 parva
2680 2494 2954 2562 videntur,
2978 2495 3384 2563 corrigerentur
3408 2504 3554 2565 patet
3588 2511 3655 2550 ex
3704 2488 3711 2492 ’

2074 2589 2159 2642 his
2182 2603 2303 2656 qua:
2329 2586 2668 2655 scripserunt
2695 2587 2762 2640 ad
2794 2585 2976 2642 ﬁdeles
3001 2603 3064 2643 ex
3098 2587 3352 2657 gentibus
3386 2604 3482 2658 per
3515 2588 3652 2642 Bar-

2073 2681 2269 2734 nabam
2295 2689 2348 2732 et
2385 2679 2632 2743 Paulum,
2681 2681 2939 2748 quoniam
2993 2666 3268 2736 abstinere
3319 2692 3537 2752 oportet
3583 2684 3654 2736 ab

2071 2772 2412 2843 idolothytis,
2448 2787 2476 2826 a
2511 2773 2945 2828 t‘orni‘rationeet
2974 2773 3256 2839 sidi‘ocato,
3288 2776 3429 2845 quod
3465 2777 3656 2846 (sumi—

2069 2874 2253 2919 catum
2285 2864 2514 2934 scilicet)
2547 2881 2773 2933 parvum
2808 2866 3019 2921 videtur
3051 2868 3234 2922 inttltis
3265 2869 3425 2923 ctiam
3463 2885 3525 2924 ex
3559 2884 3657 2923 no-

2071 2957 2226 3018 stris,
2246 2954 2452 3010 Latinis
2478 2965 2657 3011 autcm
2677 2958 2932 3012 omnibus
2954 2972 3016 3013 ex
3043 2958 3270 3013 adverso
3290 2960 3654 3028 apostolorum

2072 3046 2333 3101 suﬂ‘ocata
2362 3047 2690 3102 manducare
2713 3064 2849 3115 opus
2870 3058 2954 3103 est
2976 3050 3478 3118 irreprehensibilc.
3499 3052 3622 3106 insn
3644 3082 3657 3091 -

2075 3231 2236 3285 modo
2265 3237 2349 3286 est
2374 3231 2574 3283 rubore
2601 3231 2848 3300 dignum.
2876 3233 3152 3300 Apostolis
3183 3244 3364 3287 autem
3396 3234 3518 3288 talia
3547 3251 3654 3288 non

2075 3325 2401 3378 videbantur
2443 3323 2864 3386 contemnenda,
2925 3326 3016 3378 sed
3061 3325 3372 3393 scribentes
3402 3327 3660 3380 condem-

2073 3427 2362 3479 naverunt,
2395 3426 2447 3470 ct
2473 3417 2730 3470 fornicari
2773 3416 3152 3485 suti'ocataque
3184 3418 3518 3472 manducare
3567 3435 3661 3486 ge-

2072 3523 2307 3564 nusesse
2343 3507 2662 3562 idololatriae
2701 3509 2997 3575 dixerunt;
3026 3509 3147 3562 ideo
3197 3509 3311 3564 hmc
3363 3509 3506 3564 Deus
3545 3507 3660 3562 Noe

2074 3603 2238 3656 etiam
2276 3609 2402 3655 ante
2429 3601 2598 3669 legem
2633 3600 2930 3668 prohibuit.
2970 3599 3137 3670 Igitur
3169 3602 3352 3656 omnia
3378 3605 3659 3671 aspernari

2072 3704 2338 3764 praecepta
2395 3709 2424 3746 ιι
2489 3694 2599 3748 Deo
2642 3692 2880 3762 antiquis
2927 3693 3050 3748 data
3071 3708 3177 3746 non
3195 3702 3278 3748 est
3304 3694 3528 3761 bonum,
3565 3697 3658 3747 sed

2072 3790 2286 3852 oportet
2307 3796 2369 3837 ea
2389 3782 2704 3851 spiritaliter
2715 3781 3012 3850 adimplere
3025 3793 3076 3835 et
3093 3785 3424 3851 perpendere
3448 3800 3656 3838 necnon

2074 3875 2130 3928 in
2159 3874 2354 3929 melius
2382 3875 2661 3944 corrigere
2714 3884 2874 3943 atque
2909 3888 3076 3942 supra
3106 3875 3273 3945 legem
3311 3873 3511 3942 facere,
3548 3891 3658 3931 non

2075 3975 2258 4020 autem
2285 3966 2592 4035 despicere.
2632 3967 2842 4019 Dictum
2881 3976 2965 4020 est
2994 3966 3139 4019 enim
3181 3981 3195 4018 :
3238 3983 3255 4016 ι
3283 3963 3392 4021 Nisi
3418 3968 3658 4022 abunda-

2074 4056 2442 4126 veritjustitia
2472 4066 2652 4112 vestra
2681 4058 2966 4125 plusquam
2999 4055 3314 4111 Scribarum
3347 4067 3402 4112 et
3464 4058 3662 4113 Phari-

2075 4164 2328 4215 saeorum,
2371 4164 2480 4204 non
2510 4151 2783 4205 intrabitis
2826 4151 2878 4204 in
2919 4164 3146 4220 regnum
3183 4151 3489 4219 caelorum;
3527 4171 3546 4205 ι
3580 4165 3654 4221 ct,

2084 4259 2102 4292 ι
2140 4241 2252 4295 lota
2285 4256 2453 4295 unum
2483 4249 2578 4296 aut
2606 4256 2744 4296 unus
2778 4256 2916 4311 apex
2966 4256 3074 4296 non
3109 4242 3406 4312 prateribit
3431 4261 3461 4300 a
3512 4245 3653 4316 lege,

2079 4333 2253 4388 donec
2284 4333 2465 4387 omnia
2499 4332 2653 4399 (iant,
2682 4353 2701 4385 ι
2742 4349 2850 4387 non
2897 4347 3049 4388 more
3074 4335 3292 4405 quidem
3319 4335 3657 4397 Judaeorum.
3677 4386 3692 4400 ,,

2081 4431 2174 4480 sed
2207 4424 2368 4480 modo
2397 4439 2564 4496 supra
2589 4426 2758 4494 legem
2790 4425 3080 4495 spirituali.
3132 4425 3266 4480 Nam
3291 4430 3654 4498 quemadmo-

400 4529 493 4579 τὸν
515 4527 683 4594 νόμον
706 4519 1114 4590 πνευματικῶς.
1157 4517 1246 4580 Ὣς
1267 4515 1372 4585 γὰρ
1396 4515 1518 4566 ἀντὶ
1541 4514 1643 4582 τῆς
1671 4508 1968 4580 περιτομῆς

2081 4517 2209 4571 dum
2242 4531 2342 4586 pro
2374 4518 2794 4574 circumcisione
2817 4520 2979 4575 datus
3012 4528 3097 4574 est
3144 4519 3302 4574 nobis
3353 4521 3655 4590 baptismus

401 4623 541 4692 ἡμῖν
573 4616 729 4687 ἐδόθη
748 4618 807 4668 τὸ
831 4613 1118 4684 βάπτισμα
1147 4615 1241 4662 καί
1262 4610 1295 4678 ἡ
1322 4612 1379 4660 ἐν
1409 4604 1632 4676 Χριστῷ
1665 4601 1974 4673 ἡγιασμένη

403 4715 542 4782 ζωὴ,
580 4712 674 4762 καὶ
714 4708 837 4762 ἀντὶ
864 4705 973 4758 τῶν
1018 4703 1230 4770 ἀλόγων
1262 4700 1518 4770 θυμάτων
1561 4699 1594 4766 ἡ
1644 4693 1838 4763 λογικὴ
1880 4694 1974 4745 καὶ

405 4806 558 4870 ζῶσα
591 4800 752 4854 θυσία
774 4796 1201 4869 ἀναίμακτοςλή
1234 4792 1323 4846 διὰ
1349 4789 1444 4843 τοῦ
1475 4790 1640 4859 ἄρτου
1674 4787 1768 4838 καὶ
1804 4802 1974 4852 ποτη-

409 4902 525 4965 ρίου
553 4891 649 4950 τοῦ
677 4891 892 4959 ἀληθῶς
929 4888 1180 4958 σώματος
1207 4885 1302 4937 καὶ
1329 4883 1560 4951 αἵματος
1587 4881 1679 4932 τοῦ
1711 4875 1973 4947 Χριστοῦ,

411 4989 560 5041 καὶὸ
594 4987 769 5054 γάμος
800 4984 828 5034 ὁ
855 4981 1034 5049 τίμιός
1068 4995 1127 5031 τε
1161 4978 1255 5029 καὶ
1280 4975 1544 5042 καθαρὸς,
1566 4973 1626 5024 οὐ
1660 4971 1976 5039 πολυγαμία

412 5080 467 5131 δὲ
495 5078 530 5147 ἢ
561 5077 810 5146 πορνεία,
859 5075 955 5125 καὶ
989 5069 1070 5122 ἐτι
1102 5071 1134 5138 ὴ
1171 5065 1439 5136 παρθενία
1489 5065 1610 5116 ἀντὶ
1663 5061 1894 5131 χηρείας
1940 5061 1974 5128 ὴ

417 5172 722 5242 ὑψηλοτέρα
773 5168 866 5220 τοὺ
917 5167 1098 5234 γάμου
1131 5163 1224 5216 καὶ
1268 5161 1375 5212 τῶν
1408 5158 1657 5228 ἀγγέλων
1696 5157 1972 5223 ἰσότιμος⁹

416 5261 560 5330 οὓτω,
603 5261 698 5314 καὶ
739 5261 800 5312 ἐν
832 5259 942 5320 τοῖς
974 5256 1257 5325 βρώμασιν
1290 5252 1591 5320 ἐγκράτεια
1633 5249 1756 5301 ἀντὶ
1803 5248 1978 5316 ἀκρα-

422 5353 559 5415 σίας,
599 5353 692 5402 καὶ
737 5343 962 5418 νηστεία
1007 5343 1314 5414 ὑψηλοτέρα
1350 5345 1449 5414 τῆς
1478 5340 1710 5410 νομικῆς
1745 5339 1973 5392 δέδοται.

415 5449 500 5496 Διὸ
543 5435 638 5495 xui
684 5442 916 5511 κρέατος
947 5438 1130 5508 ἀποχὴ
1158 5437 1216 5490 ἐν
1245 5433 1479 5505 ἡμέραις
1511 5449 1572 5485 τε
1616 5432 1710 5484 καὶ
1741 5432 1974 5498 καιροῖς.

419 5537 527 5588 Οὐκ
551 5535 662 5604 ἄρα
690 5536 753 5585 τὸ
780 5532 1018 5602 ἀργῆσαι
1051 5533 1142 5583 τὸν
1169 5528 1332 5598 νόμον
1361 5525 1424 5579 τὸ
1475 5521 1782 5576 καταλῦσαί
1805 5525 1974 5586 ἐστιν,

415 5625 547 5677 ἀλλά
600 5627 660 5676 τὸ
716 5623 1069 5694 ὑψηλοτέρως
1117 5620 1211 5673 καὶ
1263 5617 1419 5678 θείως
1449 5613 1559 5684 34
1601 5614 1843 5682 ἐνεργεῖν
1885 5613 1981 5662 καὶ

421 5721 826 5786 πνευματικῶς.
860 5717 984 5770 ’Ότι
1013 5714 1144 5767 σκιά
1181 5713 1279 5781 μὲν
1322 5713 1509 5762 ἐκεῖνα
1536 5708 1602 5761 τὰ
1628 5705 1852 5774 νομικὰ,
1886 5703 1979 5755 καὶ

421 5797 840 5877 προγραμμικαὶ
890 5801 1289 5874 προτυπώσεις,
1322 5801 1390 5853 τὰ
1417 5793 1472 5851 δὲ
1505 5800 1750 5867 ἡμέτερα
1791 5795 1977 5862 σαφῶς

2079 4619 2133 4665 et
2161 4609 2268 4665 vita
2299 4611 2351 4664 in
2379 4611 2602 4667 Christo
2631 4609 2992 4675 sanctiﬁcata,
3029 4626 3128 4680 pro
3153 4613 3346 4668 hostiis
3370 4605 3681 4667 irrationai

2079 4700 2278 4754 bilibus
2305 4700 2646 4754 rationabilis
2693 4713 2747 4754 et
2772 4701 2960 4756 vivens
2996 4716 3173 4773 neque
3197 4713 3425 4759 cruenta
3451 4704 3658 4767 hostia,

2078 4791 2322 4859 corporis
2347 4793 2558 4847 scilicet
2582 4800 2636 4846 et
2669 4792 2956 4860 sanguinis
2978 4793 3182 4849 Christi
3216 4810 3309 4864 per
3366 4811 3560 4864 panem
3605 4809 3660 4852 et

2077 4884 2300 4937 calicem
2339 4899 2354 4948 ;
2388 4882 2716 4938 connubium
2778 4885 3096 4939 honorabile
3150 4896 3205 4940 et
3239 4888 3522 4953 mundum,
3552 4904 3658 4943 non

2079 4983 2260 5027 autem
2292 4973 2595 5043 polygamia
2619 4982 2672 5027 et
2734 4974 3042 5040 fm'nicatio,
3106 4985 3159 5029 et
3215 4977 3500 5045 virginitas
3551 4994 3652 5048 pro

2079 5065 2337 5118 viduitate
2387 5064 2688 5120 sublimior
2757 5066 3036 5121 connubio
3084 5069 3402 5137 angelisque
3456 5067 3661 5120 honore

2079 5169 2185 5207 non
2217 5156 2390 5222 impar
2424 5172 2440 5220 ;
2486 5155 2557 5208 ita
2579 5167 2632 5210 et
2656 5157 2708 5210 in
2756 5160 2897 5212 escis
2926 5160 3281 5228 temperantia
3307 5174 3402 5228 pro
3459 5161 3658 5214 intem-

2079 5245 2368 5314 perantia,
2425 5235 2804 5316 jejuniumque
2887 5251 3046 5303 datur
3109 5251 3266 5319 l°gali
3326 5249 3654 5318 sublimius;

2081 5339 2200 5391 ideo
2221 5337 2382 5390 etiam
2416 5353 2578 5392 carne
2624 5339 3007 5412 abstinendum
3054 5350 3139 5395 est
3201 5344 3255 5394 in
3324 5341 3654 5412 quibusdam

2083 5428 2276 5483 diebus
2314 5438 2476 5497 atque
2499 5431 2854 5499 temporibus.
2880 5433 2985 5488 Lex
3015 5447 3147 5500 ergo
3191 5435 3412 5491 minime
3478 5437 3678 5507 nein-i

2082 5521 2254 5589 genda
2286 5529 2368 5574 est
2398 5535 2572 5589 neque
2603 5522 2885 5588 solvenda,
2914 5521 3008 5578 sed
3034 5526 3327 5583 sublimius
3359 5540 3413 5583 et
3453 5529 3653 5584 divini-

2085 5625 2172 5668 tus
2201 5622 2362 5683 atque
2425 5616 2741 5684 spiritaliter
2809 5617 3100 5686 implenda,
3155 5622 3411 5690 quoniam
3459 5626 3655 5680 umbra

2089 5714 2244 5760 erant
2263 5705 2348 5758 illa
2370 5706 2557 5775 legalia
2587 5707 2879 5777 ﬁguraeque
2903 5712 3241 5780 symbolicm,
3268 5723 3452 5767 nostra
3473 5726 3654 5768 autem

2086 5798 2341 5866 mysteria
2370 5797 2484 5866 ipsa
2515 5811 2642 5853 sunt
2674 5787 2873 5857 veritas
2907 5818 2924 5870 ;
2960 5802 3032 5856 ibi
3067 5805 3288 5872 quidem
3313 5804 3541 5873 Moyses,
3567 5805 3654 5857 hic
