4050 6266
341 296 449 363 ’111
1177 293 1565 359 SYMEONIS
1604 291 2364 356 THESSALONILENSIS
2379 281 2604 353 ‘ARCH
2619 290 2763 351 IEP.
3515 284 3614 349 1'12

344 423 478 466 vero
497 405 777 471 Christus,
810 404 903 460 Dei
944 402 1182 460 Verbum
1215 420 1314 476 pro
1346 404 1506 460 nobis
1534 404 1877 460 incarnatum
1905 416 1922 470 ;
1950 453 1955 467 ,

2092 407 2342 479 ἀλήθεια.
2370 406 2481 460 Kal
2514 403 2757 473 Μωῦσῆς
2819 400 2921 470 μὲν
2969 401 3108 465 lusi,
3143 393 3247 453 ὧδε
3289 397 3346 452 δὲ
3378 397 3621 469 Χριστὸς

343 508 676 572 quapropter
703 512 879 554 novus
903 496 1074 554 lsrael
1102 511 1295 574 sumus
1323 497 1415 567 qui
1443 511 1570 552 vere
1597 494 1925 551 Trinitatem

2061 498 2129 553 τοῦ
2153 499 2289 553 Θεοῦ
2335 501 2363 552 ό
2392 499 2569 567 Λόγος
2621 493 3056 567 ἐνανθρωπήσας
3105 491 3247 563 ὑπὲρ
3294 489 3480 561 ἡμῶν.
3526 489 3619 543 Διδ

329 608 513 648 unum
544 593 724 659 reipsa
764 590 932 646 Deum
972 588 1361 661 cognoscimus
1382 601 1439 645 et
1471 589 1799 659 cogitamus,
1830 600 1929 643 ve—

2061 592 2132 646 ιαὶ
2169 590 2389 664 Ἰσραὴλ
2414 591 2534 655 νέος
2563 592 2751 661 ἡμεῖς,
2786 588 2862 652 ὡς
2888 585 3105 658 ἀληθῶς
3135 583 3236 654 τὴν
3264 582 3473 653 Τριάδα
3521 580 3618 636 τδν

328 698 574 753 τυιιιειιιε
615 678 1080 738 Messiam‘desum
1107 680 1386 736 Christum
1419 679 1516 734 Dei
1573 678 1683 734 vivi
1735 677 1930 734 Filium

2061 684 2202 737 ιόνον
2233 683 2403 748 ὅντως
2445 684 2579 739 ὅντα
2622 683 2756 737 Θεὸν
2786 679 3161 752 γνωρίσαντες
3207 678 3304 733 καὶ
3349 677 3617 742 νοοῦντες,

343 776 679 843 recepimus,
698 780 754 828 et
780 771 1088 843 spiritualia
1116 773 1301 826 omnia
1316 770 1595 841 legalibus
1621 768 1936 840 praestantia

2061 776 2135 830 tal
2165 775 2258 830 τὸν
2301 776 2476 847 ἀληθῆ
2519 776 2767 831 Μεσσίαν
2800 774 3040 846 Χριστὶν
3080 771 3316 844 Ἰησοῦν,
3357 771 3451 826 τὸν
3490 770 3621 824 Υίδν

2038 869 2133 923 τοῦ
2159 868 2364 935 ζῶντος
2386 869 2524 924 Θεοῦ
2553 868 2868 941 δεξάμενοι,
2918 869 3015 922 καὶ
3064 847 3414 935 πνευματικά
3444 863 3623 918 πάντα

2040 960 2135 1016 καὶ
2162 960 2306 1032 ὑπὲρ
2332 961 2424 1015 τδν
2456 961 2621 1030 νόμον
2657 959 2937 1027 λαὸόντες,
2977 959 3073 1013 καὶ
3126 956 3425 1028 φυλάσσειν
3470 955 3623 1025 ὀφεί-

2040 1053 2248 1119 λοντες,
2280 1053 2340 1107 οὐ
2374 1053 2483 1125 μὴν
2507 1054 2565 1107 δὲ
2590 1052 2904 1123 ἀδιαφόρως
2954 1052 3050 1105 καὶ
3076 1050 3157 1116 ὼς
3191 1050 3353 1120 ἔτυχε
3378 1049 3502 1121 ζῇν,
3527 1050 3622 1104 καὶ

2042 1143 2253 1213 ἀλόγως
2281 1144 2377 1198 καὶ¹
2404 1143 2768 1215 βαρϐαρικῶς
2806 1141 2959 1213 βιοῦν
2993 1159 3054 1197 τε
3090 1142 3183 1196 καὶ⁵
3216 1140 3621 1197 πολιτεύεσθαι.

329 866 654 936 accepimus
682 880 754 921 ac
796 879 1026 921 servare
1083 864 1364 930 debemus,
1399 877 1506 919 non
1546 872 1726 918 autem
1758 861 1937 932 tepide

328 969 399 1013 aet
419 968 699 1027 utcunque
732 956 992 1013 ceciderit
1011 956 1214 1024 vivere,
1238 964 1628 1027 nequeprreter
1641 968 1858 1024 aequum
1881 962 1937 1009 et

344 1049 633 1105 barbarice
695 1048 1008 1105 conversari
1040 1063 1059 1117 ;
1086 1061 1241 1103 nunc
1254 1046 1400 1103 enim
1432 1046 1670 1102 tenebrat
1703 1059 1813 1100 non
1839 1059 1937 1101 su-

335 1157 492 1208 .tnns,
530 1141 625 1198 sed
659 1141 751 1196 lux
780 1142 832 1196 in
870 1141 1123 1196 Domino.

878 1320 1108 1379 CAPUT
1173 1320 1363 1376 XXIII.

344 1442 504 1509 Quod
535 1450 774 1510 oporteat
801 1456 880 1492 res
932 1433 1144 1510 divinas
1194 1433 1944 1510 imaginibus__reprwsentare

563 1503 648 1580 pie
685 1523 737 1564 et
768 1511 929 1579 juxta
961 1507 1219 1561 traditam
1245 1503 1694 1558 consuetudinem.

423 1604 564 1670 Quid
597 1604 741 1657 aliud
768 1603 877 1656 illis
908 1608 1101 1657 contra
1131 1596 1568 1654 ecclesiasticam
1589 1589 1947 1649 consuetudi-

345 1713 481 1755 nem
504 1698 822 1752 innovatum
853 1707 935 1751 est
961 1694 984 1747 ’ί
1016 1694 1233 1748 Sancta:
1256 1706 1319 1746 ac
1339 1690 1660 1745 venerandae
1678 1687 1944 1757 imagines

2036 1231 2120 1286 ὒύ
2156 1233 2263 1302 γάρ
2286 1235 2477 1298 σκότος
2513 1234 2607 1289 νῦν
2640 1235 2832 1303 ἐσμεν,
2862 1233 3000 1286 ἀλλά
3033 1232 3148 1305 φῶς
3177 1233 3236 1285 ὲν
3268 1231 3477 1302 Κυρίῳ.

2635 1325 2887 1382 ΚΕΦΑΛ.
2920 1323 3047 1380 Kl".

2050 1437 2171 1493 Ὀτι
2220 1438 2312 1493 δεῖ
2352 1437 2701 1505 dictator)le
2740 1438 3015 1503 εὐλαϐῶς
3042 1438 3117 1493 τὰ
3150 1439 3281 1493 θεῖα
3319 1438 3419 1492 καί
3449 1441 3626 1495 εὐσε-

2155 1507 2295 1576 ϐῶς,
2325 1510 2424 1564 καί
2463 1509 2617 1565 κατὰ
2663 1508 2778 1577 τὴν
2804 1507 3138 1579 δεδομένην
3160 1509 3521 1579 συνήθειαν.

2119 1601 2186 1653 Τί
2218 1600 2276 1654 δὲ
2310 1599 2406 1653 καὶ
2433 1597 2562 1653 ἄλλο
2595 1598 2785 1662 αὐτοῖς
2820 1597 2971 1673 παρά
3019 1600 3121 1668 τὴν
3167 1598 3632 1669 ὲκκλησιαστικὴν

2050 1692 2451 1760 ὲκαινοτομήθη
2505 1690 2849 1760 παράδοσινς
2903 1690 3014 1743 τῶν
3059 1690 3236 1758 ἁγίων
3276 1691 3372 1742 καὶ
3411 1689 3629 1743 σεπτῶν

358 1789 609 1844 tidclibus
640 1788 727 1855 pie
759 1785 1051 1855 proposita:
1078 1783 1133 1836 in
1184 1782 1448 1836 honorem
1499 1779 1814 1834 divinorum
1848 1792 1942 1831 ex-

2061 1785 2277 1839 ιὶκόνων
2332 1783 2577 1847 εὐσεϐῶς
2645 1782 3099 1854 παραδεδομένων
3154 1784 3237 1846 είς
3291 1782 3461 1852 τιμὴν
3518 1782 3627 1834 τῶν

354 1880 678 1948 emptarium
710 1888 763 1931 et
798 1874 1198 1930 observantiam
1232 1888 1328 1940 pro
1358 1871 1572 1927 ratione
1588 1884 1776 1925 eorum
1798 1883 1940 1937 quos

359 1973 599 2027 referant
629 1978 968 2031 sanctorum,
990 1981 1288 2037 verumque
1314 1962 1672 2032 exprimendo
1708 1962 1942 2016 demon-

359 2072 556 2120 strant.
588 2060 721 2114 Nam
754 2057 993 2112 Verbum
1028 2066 1244 2126 propter
1273 2068 1372 2108 nos
1405 2052 1750 2106 incarnatum
1794 2044 1944 2100 ciliu-

356 2154 843 2221 ιιυυι,οιιιηὶο‹ιιιε
868 2149 1049 2204 divina
1097 2147 1217 2217 ejus
1263 2152 1487 2215 propter
1527 2156 1626 2197 nos
1674 2153 1837 2210 opera
1891 2146 1944 2191 et

360 2244 625 2300 miracula
680 2253 844 2312 atque
904 2239 1184 2312 mysteria,
1246 2251 1458 2291 necnon
1536 2230 1942 2289 sanctissimam

360 2347 565 2393 sancta:
592 2337 717 2407 ejus
758 2333 945 2389 Matris
975 2347 1191 2402 semper
1220 2328 1445 2398 virginis
1466 2326 1694 2395 ﬁguram
1716 2322 1947 2391 ejusque

322 2500 329 2507 ι
361 2439 682 2484 sanctorum
712 2427 945 2481 formam
977 2433 1033 2478 et
1059 2433 1399 2493 quacunque
1449 2416 1697 2472 referunt
1718 2412 1945 2468 historia

350 2521 671 2593 evangelica
727 2530 1047 2588 caeterzeque
1094 2513 1336 2601 [divinat
1426 2509 1743 2579 Scripturae,
1775 2504 1950 2559 "velut

361 2618 483 2673 aliis
513 2612 1040 2676 litteris,colorihus
1093 2596 1325 2677 aliisque
1387 2600 1630 2658 mat'eriis
1675 2596 1949 2670 pingendo

359 2710 609 2764 edocent.
639 2706 718 2760 Illi
755 2713 937 2759 autem
968 2701 1178 2759 omnia.
1228 2705 1288 2751 ut
1315 2696 1522 2749 dictum
1544 2701 1650 2756 est,
1681 2690 1950 2744 innovan-

355 2814 472 2864 tes,
492 2809 709 2855 sanctas
743 2811 964 2866 quoque
991 2791 1280 2863 imagines,
1310 2788 1514 2843 omissa
1550 2784 1663 2854 lege
1712 2796 1949 2836 consue-

365 2895 593 2955 tudinis,
627 2904 770 2959 smpe
808 2889 918 2942 alio
952 2886 1112 2939 modo
1139 2881 1437 2938 coniiciunt
1497 2891 1637 2948 quas
1685 2872 1946 2930 humanis

362 2985 576 3056 capillis
612 2994 665 3037 et
688 2982 845 3038 stolis
872 2993 974 3051 pro
1033 2977 1197 3048 pictis
1253 2974 1504 3028 crinibus
1566 2980 1731 3038 atque
1791 2967 1953 3021 indu-

367 3079 565 3133 mentis
589 3082 883 3135 exornant,
909 3069 1053 3139 quod
1081 3082 1186 3122 non
1224 3077 1309 3120 est
1366 3063 1688 3132 capillorum
1744 3067 1799 3112 et
1858 3072 1953 3111 ve-

2050 1877 2213 1931 θείων
2260 1877 2662 1945 πρωτοτύπων,
2719 1876 2813 1928 καὶ
2864 1875 2965 1943 τὴν
3019 1872 3160 1926 κατά
3217 1873 3401 1942 σχέσιν
3447 1871 3632 1924 αὐτῶν

2050 1967 2160 2022 τῶν
2190 1967 2364 2036 ἁγίων
2388 1966 2792 2036 εἰκονισμόιτων
2842 1965 3224 2036 προσκύνησιν
3254 1966 3367 2028 τοῖς
3395 1966 3629 2030 πιστοῖς,

2051 2061 2143 2114 καὶ
2169 2060 2268 2125 τὴν
2314 2060 2576 2129 ἀλήθειαν
2611 2058 2987 2128 ἐμφαινόντων
3034 2058 3342 2121 εἰκονικῶς.
3385 2056 3490 2111 Τὸν
3520 2059 3630 2128 γὰρ

2054 2148 2407 2221 σαρκωθέντα
2438 2149 2615 2218 Λόγον
2650 2146 2719 2202 δι’
2745 2148 2894 2217 ἡμᾶς
2925 2146 3277 2211 είκονίζουσι,
3326 2146 3419 2199 καὶ
3452 2144 3634 2198 πάντα

2051 2245 2121 2301 τὰ
2151 2244 2291 2314 ὑπὲρ
2325 2241 2484 2313 ἡμῶν
2514 2240 2680 2295 αὐτοῦ
2725 2239 2846 2294 θεία
2874 2238 3017 2310 ἔργα
3058 2237 3152 2292 καὶ
3187 2237 3335 2308 πάθη
3372 2235 3631 2290 ualeati-

2056 2352 2203 2407 ματα
2233 2333 2330 2388 καὶ
2363 2332 2659 2403 μυστήρια,
2691 2329 2787 2383 καὶ
2822 2328 2904 2382 ἔτι
2932 2328 2993 2382 τὸ
3025 2328 3292 2396 πανάγιον
3346 2323 3490 2388 εἶδος
3525 2326 3627 2396 τῆς

2055 2429 2218 2496 ἁγίας
2250 2424 2416 2480 αὑτοῦ
2447 2423 2807 2494 ἀειπαρθένου
2866 2422 3094 2493 μητρὸς,
3146 2423 3239 2475 καὶ
3285 2419 3396 2473 τῶν
3450 2418 3624 2487 ἁγίων

2055 2515 2243 2579 αὑτοῦ,
2270 2516 2366 2570 καὶ
2395 2514 2541 2585 ἅπερ
2569 2514 2603 2586 ἡ
2636 2513 2972 2585 εύαγγελικὴ
3003 2512 3213 2583 ἱστορία
3241 2511 3331 2569 καὶ
3363 2512 3416 2564 ai
3442 2508 3629 2563 λοιπαὶ

2057 2610 2199 2664 θεῖαι
2234 2607 2453 2680 Γραφαὶ
2507 2605 2779 2674 λέγουσιν,
2817 2606 2894 2669 ὡς
2942 2607 3271 2681 γράμμασιν
3315 2602 3519 2669 ἄλλοις,
3564 2602 3634 2672 τῇ

2058 2701 2492 2773 χρωματουργία
2516 2694 2613 2753 καί
2638 2699 2798 2771 λοιπῇ
2838 2698 2941 2773 ὕλῃ
2970 2698 3258 2761 είκονικῶς
3289 2697 3636 2752 ἐκδιδάσκου-

2060 2812 2164 2860 σιν,
2200 2786 2344 2849 οὗτοι
2386 2795 2565 2847 πάντα
2597 2792 3072 2861 καινοτομοῦντες,
3122 2792 3199 2857 ὡς
3243 2794 3486 2863 εἴρηται,
3537 2777 3653 2845 καί

2057 2887 2157 2950 τὰς
2190 2886 2341 2958 ίεράς
2374 2886 2595 2950 εἰκόνας
2627 2886 2779 2957 παρὰ
2805 2884 2867 2938 τὸ
2899 2885 3291 2956 νενομισμένον
3318 2884 3494 2955 ἑτέρῳ
3516 2883 3641 2955 τρό-

2061 2998 2147 3050 πῳ
2178 2980 2441 3042 πολλάκις
2493 2980 2911 3050 άνιστοροῦσιν,
2972 2978 3096 3033 ἀντὶ
3145 2976 3438 3032 εἰκονικῶν
3492 2977 3643 3031 ἐνδυ-

2064 3075 2250 3141 μάτων
2272 3089 2331 3124 τε
2363 3073 2460 3126 καὶ
2491 3071 2717 3142 τριχῶν,
2772 3070 3148 3142 ἀνθρωπείαις
3197 3070 3344 3141 θριξὶ
3396 3070 3491 3124 καὶ
3522 3085 3673 3134 στος,

366 3170 533 3226 stium
581 3168 785 3237 imago,
806 3162 903 3219 sed
933 3160 1218 3232 cujusdam
1253 3155 1495 3237 ltondnis
1520 3166 1678 3209 coma
1708 3159 1763 3205 et
1790 3147 1952 3203 vesti-

2062 3167 2182 3231 λαῖς
2238 3167 2695 3232 καλλωπίζοντες,
2753 3168 2890 3238 ὅπερ
2925 3169 3028 3220 οὐκ
3081 3165 3245 3219 εἰκὼν
3306 3160 3491 3235 τριχὸς
3542 3167 3641 3218 καὶ

368 3272 638 3326 mentum,
687 3272 868 3327 neque
922 3268 1100 3323 Imago
1152 3252 1238 3306 vel
1300 3251 1471 3319 ligura
1532 3243 1949 3315 exemplarium.

371 3354 528 3411 Unde
552 3351 820 3419 imagines
854 3347 1015 3400 modo
1049 3342 1371 3399 irreverenti
1403 3341 1736 3395 concinnant
1762 3346 1817 3392 et
1854 3352 1955 3391 ex-

374 3454 597 3510 ornant,
617 3442 761 3512 quod
794 3439 975 3508 potius
997 3446 1080 3491 est
1100 3435 1181 3491 eis
1206 3434 1513 3498 adversari,
1544 3440 1706 3500 prout
1732 3428 1957 3498 subjieit

370 3554 551 3595 canon
579 3535 800 3604 septimi
835 3529 1159 3585 universalis
1184 3526 1439 3594 concilii;
1491 3525 1628 3580 dixit
1682 3523 1829 3577 enim
1888 3536 1954 3576 ea

370 3646 481 3686 non
514 3643 638 3685 esse
676 3623 1029 3696 exprimenda
1093 3635 1214 3690 rpite
1272 3620 1353 3673 vel
1388 3615 1817 3689 simplicissimis
1844 3628 1955 3667 non

370 3730 621 3795 prosunt.
658 3719 889 3786 Insuper
916 3713 1063 3784 quod
1089 3712 1148 3766 fit
1175 3722 1367 3767 contra
1391 3711 1661 3773 ordinem,
1684 3722 1791 3761 non
1814 3716 1959 3760 recte

371 3818 451 3881 lit,
485 3828 585 3867 nec
612 3811 740 3865 illud
776 3801 1304 3878 approbantPatrcs.
1339 3800 1600 3855 Praeterea
1639 3808 1698 3852 ut
1729 3798 1782 3851 in
1809 3797 1958 3850 thea-

376 3918 460 3959 tro
486 3903 734 3973 quaedam
760 3900 971 3954 faciunt
999 3896 1202 3952 divinis
1250 3893 1461 3964 legibus
1485 3890 1788 3955 contraria,
1843 3889 1959 3942 Vel-

374 3998 450 4051 uti
473 4010 597 4052 cum
629 3993 944 4062 exprimunt
976 3985 1297 4057 mysterium
1349 3977 1788 4037 anituntiationis
1825 3977 1952 4032 Vir-

374 4087 518 4157 ginis
545 4084 806 4152 Deiparaa,
847 4080 926 4134 vel
951 4077 1364 4133 cruciﬁxionem
1417 4071 1722 4128 Salvatoris
1771 4075 1825 4123 et
1852 4082 1960 4123 cat-

2059 3259 2383 3326 ὲνδύματος,
2434 3257 2548 3311 ἀλλ’
2599 3257 2890 3328 ἀνθρώπου
2948 3258 3089 3319 τινός
3135 3259 3243 3309 είσι
3275 3256 3397 3327 θρὶξ
3430 3256 3524 3310 καὶ
3556 3255 3642 3309 ἓν·

2058 3348 2230 3418 δυμα,
2251 3350 2347 3401 καὶ
2374 3349 2497 3418 οὐχὶ
2527 3348 2695 3401 εἰκὼν
2717 3366 2777 3401 τε
2801 3349 2910 3401 τῶν
2935 3348 3187 3418 πρωτοτύ
3199 3368 3307 3402 πων
3331 3349 3424 3401 καὶ
3445 3347 3638 3412 τύπος.

2061 3441 2174 3493 Καὶ
2228 3442 2382 3510 παρὰ
2430 3441 2489 3493 τὸ
2542 3440 2771 3503 εὐλαϐὲς
2806 3440 2864 3494 δὲ
2907 3439 3251 3510 ἀνιστοροῦσι
3300 3440 3506 3505 ταύτας
3550 3455 3644 3493 και

2063 3529 2520 3597 καλλωπίζουσιν,
2569 3532 2705 3601 ὅπερ
2745 3531 2888 3585 κατὰ
2921 3529 3033 3583 τῶν
3062 3532 3235 3599 άγίων
3264 3531 3487 3584 εἰκόνων
3516 3530 3632 3582 ἐστὶ

2064 3624 2287 3694 μᾶλλον,
2316 3625 2390 3687 ὠς
2422 3626 2450 3677 ό
2484 3626 2584 3694 τῆς
2629 3624 3020 3693 οίκουμενικῆς
3049 3623 3219 3693 ἕκτης
3268 3622 3490 3676 συνόδου
3545 3638 3643 3675 κα·

2065 3715 2170 3769 νὼν
2207 3715 2549 3783 ὑποτίθησιν.
2585 3716 2723 3769 Οὐδὲ
2778 3717 2886 3786 γὰρ
2917 3717 3226 3784 ἀνιστορεῖν
3273 3730 3437 3785 φησιν
3481 3715 3644 3779 αὐτὸς

2062 3807 2131 3859 τὰ
2157 3807 2286 3869 τοὺς
2317 3806 2731 3877 ἁπλουστέρους
2769 3808 2845 3878 μὴ
2873 3805 3210 3875 ὠφελοῦντα.
3243 3808 3350 3860 Καὶ
3390 3806 3451 3860 τὸ
3492 3809 3645 3878 παρὰ

2061 3898 2162 3970 τὴν
2192 3897 2342 3962 τάξιν
2373 3898 2474 3950 οὐκ
2508 3899 2723 3964 εὐαγές.
2770 3898 2877 3952 Kal
2903 3899 2950 3951 οἱ
2978 3899 3224 3966 Πατέρες
3254 3896 3412 3951 τοῦτο
3441 3899 3500 3951 ού
3531 3915 3641 3951 παι

2065 3987 2401 4059 ραδέχονται.
2434 3988 2558 4041 Ἔτι
2594 3987 2653 4041 δὲ
2683 3988 2780 4040 καὶ
2802 3987 2878 4051 ὼς
2915 3989 2973 4041 ἐν
3002 3987 3242 4058 δράματί
3275 4004 3397 4041 τινα
3426 3987 3646 4041 ποιοῦσι

2066 4080 2220 4151 παρά
2270 4079 2400 4143 τοὺς
2439 4079 2620 4143 θείους
2674 4078 2935 4150 θεσμούς.
3002 4081 3181 4132 Οίονεὶ
3222 4081 3332 4149 γὰρ
3385 4079 3651 4144 ἐξεικονί-

379 4188 516 4240 tera,
549 4176 603 4230 in
634 4174 810 4229 triviis
844 4182 899 4226 et
928 4169 1123 4241 plateis
1160 4167 1412 4221 homines
1466 4172 1661 4217 contra
1711 4162 1955 4215 ordinem

2067 4170 2255 4236 ζοντες
2283 4171 2482 4240 «nos
2513 4170 2919 4240 εύαγγελισμοῦ
2953 4170 3052 4241 τῆς
3086 4167 3364 4240 Παρθένου
3393 4172 3487 4225 καὶ
3509 4171 3647 4225 Θεο⁶

376 4276 610 4338 ponunt,
675 4279 907 4336 quorum
966 4276 1106 4316 uitus
1163 4258 1381 4329 quidem
1445 4255 1719 4324 Virginem
1776 4253 1961 4315 refert,

335 4364 610 4420 .alterutn
647 4371 831 4413 autem
867 4354 1052 4409 Maria:
1081 4352 1260 4406 virum
1285 4349 1585 4421 appellant,
1618 4348 1707 4401 hic
1737 4353 1964 4399 vocatur

2070 4265 2328 4333 μήτορος,
2363 4264 2458 4317 καὶ
2487 4265 2556 4318 τά
2579 4264 2681 4335 τῆς
2714 4261 3081 4334 σταυρώσεως
3111 4261 3203 4316 τοῦ
3255 4260 3513 4331 Σωτῆρος
3555 4263 3652 4316 καὶ

2068 4355 2252 4423 λοιπὰ,
2286 4357 2379 4423 ἐπὶ
2408 4356 2636 4428 τριόδων
2680 4360 2776 4412 καὶ
2826 4358 3100 4413 πλατειῶν
3134 4359 3457 4427 ἀνθρώπους
3492 4358 3651 4411 καθι-

376 4453 627 4524 angelus,
662 4451 752 4505 ille
775 4463 905 4503 vero
943 4461 1107 4503 senex
1126 4444 1338 4499 dierum
1363 4443 1452 4497 cui
1510 4453 1681 4493 canos
1735 4436 1955 4507 capillos

2072 4447 2240 4502 στῶσι
2270 4446 2419 4521 παρά
2467 4449 2569 4521 τὴν
2611 4449 2786 4514 τάξιν.
2837 4449 2947 4503 Kal
2985 4451 3014 4504 ὁ
3058 4450 3158 4519 μὲν
3189 4453 3354 4505 τυποί
3381 4451 3480 4522 τὴν
3509 4452 3654 4521 Παρ-

378 4547 437 4599 ίλιι
472 4544 696 4601 barbam
720 4545 1081 4609 componunt,
1106 4549 1250 4605 quos
1281 4547 1406 4590 cum
1472 4530 1651 4585 Latini
1700 4543 1809 4584 non
1865 4528 1955 4583 ha-

2071 4540 2250 4606 θένον,
2282 4541 2380 4595 καὶ
2407 4539 2500 4594 τὸν
2538 4541 2706 4612 ἄνδρα
2737 4543 2944 4596 ἐκεῖνον
2974 4543 3213 4613 Μαριὰμ
3257 4544 3410 4598 αὐτοὶ
3439 4545 3639 4613 ὀνυμά-

383 4639 548 4693 beant
581 4641 810 4689 venuste
838 4630 1190 4699 contraleges
1217 4635 1426 4682 natura:
1450 4623 1739 4679 tondentes
1761 4622 1967 4677 alienos

384 4731 619 4796 ponunt,
657 4722 785 4777 inde
817 4719 1169 4776 ostendentes
1188 4732 1247 4773 se
1298 4727 1647 4785 nequaquam
1720 4711 1968 4767 sibimet-

387 4816 530 4888 ipsis
553 4814 866 4869 convenire.
890 4809 1027 4864 Nam
1063 4811 1107 4864 si
1169 4807 1340 4863 Deum
1399 4804 1629 4877 capillos
1666 4802 1966 4874 perfectam

389 4906 688 4976 imaginem
746 4904 1112 4974 exprimentes
1169 4899 1461 4955 habentem
1525 4898 1782 4954 viderunt
1841 4909 1970 4964 pro-

389 5000 587 5069 pheta,
618 4997 786 5068 igitur
817 4995 872 5050 in
897 4994 1159 5049 honorem
1216 4999 1426 5047 natura:
1477 4999 1534 5045 et
1582 4989 1696 5045 Deo
1754 4987 1970 5048 favente

393 5091 554 5146 nobis
579 5084 1130 5156 sunt.capilli,igitnr
1151 5093 1344 5139 contra
1385 5095 1672 5138 assensum
1729 5081 1824 5136 Dei
1885 5081 1968 5135 fa-

389 5181 542 5237 ciunt
572 5181 709 5237 etin
743 5179 984 5236 dedecus
1013 5186 1220 5232 natura:
1281 5176 1375 5246 qui
1424 5176 1553 5230 illos
1614 5174 1867 5237 tondent,
1915 5183 1972 5228 et

387 5276 661 5344 praecipue
681 5272 997 5329 sacerdotes
1031 5280 1088 5326 et
1136 5269 1414 5333 monachi,
1460 5267 1971 5339 quibusprohibe-

390 5378 480 5422 tur
509 5367 742 5422 necarni
797 5366 1128 5422 ministrent.
1174 5362 1393 5418 Dierum
1450 5361 1616 5417 etiam
1666 5357 1969 5429 Antiquam

390 5459 604 5515 faciunt
636 5459 925 5514 habentem
946 5473 1045 5528 pro
1074 5455 1290 5527 Spiritu
1315 5463 1507 5511 sancto
1532 5452 1843 5508 columbam
1872 5462 1973 5505 vo-

393 5552 623 5616 lantem,
656 5550 784 5605 hinc
824 5564 1019 5605 rursus
1046 5558 1418 5604 monstrantes
1450 5562 1510 5602 se
1530 5556 1725 5601 contra
1771 5551 1971 5599 semet-

392 5645 544 5714 ipsos
582 5645 808 5700 semlre.
835 5644 1048 5716 Quippe
1072 5644 1119 5700 si
1146 5643 1412 5714 Spiritum
1441 5640 1672 5697 credant
1730 5652 1797 5693 ex
1824 5634 1968 5691 Filio

391 5737 704 5808 procedere,
735 5752 907 5808 quare
944 5734 1142 5792 Filium
1173 5735 1413 5806 Antiquo
1447 5731 1663 5790 dierum
1715 5729 1973 5787 assistere

2070 4633 2274 4698 ζουσινο
2305 4633 2335 4686 ὀ
2358 4632 2417 4686 δὲ
2444 4632 2675 4701 ἄγγελος
2701 4632 3049 4703 ὀνομάζεται·
3095 4637 3123 4689 ὁ
3153 4635 3212 4689 δὲ
3261 4635 3496 4698 Παλαιὸς
3542 4634 3653 4689 τῶν

2070 4724 2315 4796 ἡμερῶν,
2358 4717 2404 4793 ᾧ
2451 4723 2550 4777 καὶ
2584 4724 2931 4795 περιτιθέασι
2966 4726 3163 4797 τρίχας
3197 4727 3402 4790 λευκὰς
3433 4729 3514 4793 είς
3556 4728 3652 4782 τὸν

2072 4816 2335 4899 πώγωνα.
2389 4815 2550 4870 Ἐπεὶ
2600 4817 2709 4899 γάρ
2764 4817 2866 4871 οὐκ
2911 4817 3095 4887 ἔχουσι
3132 4820 3409 4891 κείροντες
3445 4819 3654 4884 ταύτας

2072 4896 2532 4977 θρυπτικῶςκαὶ
2568 4896 2722 4978 παρὰ
2768 4910 2898 4973 τοὺς
2927 4909 3167 4981 θεσμοὺς
3207 4911 3311 4981 τῆς
3352 4913 3567 4981 φύσεως
3601 4915 3651 4965 oi

2071 4999 2316 5066 Λατῖνοι,
2353 4997 2645 5069 ἀλλοτρίας
2673 4999 2946 5067 τιθέασιν,
2989 5003 3242 5058 ἐντεῦθεν
3284 5003 3391 5057 καὶ
3425 5003 3494 5056 τὰ
3527 5001 3651 5056 καθ’

2073 5090 2284 5145 ἑαυτῶν
2310 5091 2553 5163 ἐνεργεῖν
2601 5090 2969 5163 δεικνύμενοι.
3024 5095 3091 5149 Ei
3138 5095 3250 5165 γὰρ
3287 5096 3479 5166 τρῗχας
3511 5096 3656 5146 εἰκο-

2073 5180 2242 5243 νικῶς
2289 5181 2438 5253 ἔχειν
2471 5179 2614 5236 εῐδον
2639 5184 2690 5237 οί
2718 5184 3001 5254 προφῆται
3046 5186 3137 5241 τὸν
3172 5186 3327 5254 Θεὸν,
3377 5188 3458 5250 εἰς
3485 5183 3655 5255 τιμὴν

2072 5274 2181 5345 ἄρα
2211 5275 2309 5345 τῆς
2360 5274 2575 5344 φύσεως
2602 5276 2701 5331 καὶ
2733 5281 2876 5332 κατὰ
2908 5276 3138 5350 γνώμην
3170 5279 3306 5333 Θεοῦ
3345 5282 3405 5331 ἐν
3433 5278 3566 5348 ἡμῖν
3595 5278 3654 5334 al

2072 5368 2280 5439 τρίχες.
2322 5367 2526 5421 Λοιπὸν
2553 5370 2706 5440 παρά
2751 5368 2982 5442 γνώμην
3023 5370 3159 5425 Θεοῦ
3190 5372 3408 5424 ποιοῦσι
3440 5370 3540 5423 καὶ
3568 5370 3654 5434 είς

2075 5456 2300 5528 ἀτιμίαν
2335 5457 2434 5529 τῆς
2464 5457 2682 5527 φύσεως
2707 5459 3093 5532 οίικείροντες,
3156 5461 3254 5515 καὶ
3305 5460 3543 5531 μάλιστα
3571 5460 3652 5515 ιε·-

2077 5549 2311 5620 ρωμένοι
2349 5550 2443 5602 καὶ
2483 5550 2731 5621 μοναχοὶ,
2763 5547 2844 5616 οἷς
2867 5552 2964 5608 καὶ
2989 5553 3371 5625 ἀπηγόρευται
3399 5552 3462 5606 τὸ
3485 5551 3663 5623 θερααι

2076 5642 2267 5696 πεύειν
2322 5642 2422 5712 τὴν
2472 5643 2675 5714 σάρκα.
2721 5645 2884 5699 Ἀλλὰ
2939 5647 3034 5700 καὶ
3083 5649 3386 5718 κατέχοντα
3430 5643 3653 5701 ποιοῦσι

2075 5731 2408 5816 περιστερὰν
2442 5731 2502 5784 τὸ
2529 5732 2732 5803 πτηνὸν
2763 5732 2882 5790 ἀντὶ
2912 5734 3004 5792 τοῦ
3032 5734 3181 5791 θείου
3214 5735 3532 5806 Πνεύματος
3559 5733 3655 5790 τδν
