4050 6266
408 399 522 473 113

1429 402 1812 467 DIALOGUS
1840 399 2140 462 CONTRA
2180 397 2568 459 HERESES.

3563 386 3675 454 114·

414 521 654 580 Παλαιὸν
687 521 793 575 τῶν
825 521 1073 593 ἡμερῶν,
1109 519 1342 576 ἐνταῦθα
1395 523 1557 577 πάλιν
1604 521 1727 575 καθ’
1764 519 1976 572 ἑαυτῶν

2095 531 2192 572 non
2222 515 2430 572 iaciunt
2454 521 2514 569 ut
2534 511 2698 568 ambo
2730 505 3372 566 columbam'emittant?
3418 503 3660 562 Rursum

409 614 625 684 φρονεῖν
652 606 798 667 οὗτοι
835 612 1200 684 δεικνύμενοι.
1249 615 1310 667 Εἰ
1345 614 1452 682 γὰρ
1484 613 1579 667 καὶ
1610 612 1672 665 ὲκ
1703 609 1796 664 τοῦ
1838 607 1969 662 Υίοῦ

408 705 470 756 τὸ
502 703 725 773 Πνεῦμα
743 702 1046 769 δοξάζουσι,
1077 703 1192 768 πῶς
1209 705 1330 774 οὐχὶ
1357 702 1454 757 καὶ
1483 703 1611 756 Υίδν
1635 702 1714 773 τῷ
1741 699 1966 770 Παλαιῷ

406 795 517 849 τῶν
547 793 772 866 ἡμερῶν
795 794 1241 862 συγκαθίζουσιν,
1267 794 1357 848 ἵνα
1379 795 1472 847 καὶ
1497 795 1662 863 ἄμφω
1691 793 1792 862 τὴν
1820 808 1976 860 περι-

411 885 615 955 στερὰν
644 885 1080 949 ἀποστέλλωσινς
1119 884 1260 938 Ἀλλ’
1284 885 1518 953 ὤφειλον
1537 883 1700 937 πάλιν
1723 885 1817 937 καὶ
1844 882 1973 934 Υἱὸν

407 976 761 1030 ἀποστέλλειν
793 978 930 1046 πρὸς
987 978 1046 1030 δν
1090 977 1314 1031 καλοῦσι
1346 978 1599 1048 Μαριάμ.
1655 977 1729 1029 Οὐ
1773 977 1880 1045 γὰρ
1914 976 1973 1028 τδ
2011 1030 2020 1034 ,

408 1067 636 1135 Πνεῦμα
667 1069 1035 1137 σεσάρκωται,
1063 1071 1110 1122 εί
1144 1070 1238 1123 καὶ
1265 1068 1560 1134 ἐπεσκίαζε
1590 1070 1655 1139 τῇ
1690 1067 1970 1137 Παρθένῳ.

420 1157 584 1214 Ἀλλὰ
614 1159 762 1228 παρὰ
792 1159 949 1229 λόγον
971 1159 1190 1215 ἅπαντα
1220 1159 1411 1226 ταῦτα,
1442 1158 1656 1226 καὶτῆς
1683 1159 1976 1224 ἐκκλησια-

409 1252 602 1318 στικῆς
632 1251 891 1324 ἀλλότρια
918 1253 1294 1324 παραδόσεως,
1326 1252 1420 1306 καὶ
1452 1253 1532 1313 είς
1580 1249 1740 1322 ὓϐριν
1775 1251 1975 1320 μᾶλλον

406 1343 516 1396 τῶν
537 1343 642 1414 35
663 1343 998 1415 μυστηρίων,
1019 1344 1229 1412 καὶτῆς
1249 1342 1642 1414 Χριστιανικῆτ
1665 1342 1975 1406 εὐλαϐείας.

407 1435 477 1489 Τί
503 1435 560 1488 δὲ
589 1436 658 1489 τὰ.
689 1436 821 1506 παρ’
853 1435 1036 1499 αὐτοῖς
1070 1436 1386 1505 τυπούμενα
1417 1437 1578 1506 χάριν
1605 1435 1848 1508 Χριστοῦ
1877 1435 1977 1506 τῆς

412 1527 817 1597 σταυρώσειιις;
853 1523 1003 1596 Αἷμα
1035 1528 1189 1592 (dum)
1219 1527 1429 1594 ἀλόγων
1479 1528 1535 1579 ἐν
1585 1526 1773 1598 χολάσι
1825 1525 1980 1591 ζώων

411 1619 750 1687 εἰσάγοντες,
786 1619 907 1672 ἀντὶ
955 1619 1047 1671 τοῦ
1093 1618 1413 1672 δεσποτικοῦ
1450 1619 1594 1687 ῥέειν
1637 1618 1982 1673 κατασκευά-

412 1713 602 1776 ζουσιν
638 1710 894 1780 αἵματος,
928 1711 1036 1763 ἀπὸ
1083 1711 1192 1764 τῶν
1232 1709 1325 1764 τοῦ
1359 1711 1520 1780 δῆθεν
1562 1712 1982 1782 ἐσταυρωμένον

411 1801 702 1870 ἀνθρώπου
741 1802 884 1864 τινὸς
923 1801 1120 1872 χειρῶν
1149 1802 1241 1854 καὶ
1273 1801 1453 1856 ποδῶν
1481 1819 1539 1855 τε
1565 1804 1658 1855 καὶ
1691 1806 1788 1870 τῆς
1814 1804 1982 1858 πλευ-

2080 607 2355 664 debebant
2391 604 2592 660 Filium
2629 604 2847 659 mittere
2910 602 2979 657 ad
3029 615 3156 656 eum
3217 613 3380 669 quem
3434 595 3662 651 Mariam

2083 701 2358 769 appellant
2395 717 2409 766 ;
2447 698 2679 768 Spiritus
2702 697 2848 751 enim
2874 709 2984 750 non
3019 695 3333 748 incarnatus
3381 699 3484 755 est,
3536 703 3681 744 cum~

2080 789 2291 861 Virgini
2318 789 2748 845 adumbraverit.
2777 789 2844 842 At
2873 787 2989 842 bzrc
3009 785 3190 839 omnia
3249 783 3448 839 rationi
3500 796 3663 851 repu-

2080 889 2273 951 gnant,
2303 881 2372 936 ab
2413 879 2786 936 ecclesiastica
2853 877 3148 932 traditione
3175 884 3296 929 sunt
3356 874 3557 936 aliena,
3609 881 3664 926 et

2083 971 2266 1040 potius
2297 969 2633 1038 ininjuriam
2687 969 3069 1039 mysteriorum
3127 965 3454 1036 pietatisque
3504 962 3663 1017 Chri-

2083 1064 2274 1119 stiana:
2303 1070 2607 1133 patrantur.
2627 1061 2884 1126 Qurenam
2918 1070 3097 1114 autem
3117 1058 3434 1127 exprimunt
3461 1056 3660 1110 Christi

2081 1154 2457 1210 eruetlisionis
2500 1152 2724 1223 gratia?
2787 1150 3250 1206 lrrationabilium
3340 1146 3661 1202 animalium

2083 1262 2337 1302 cruorem
2363 1247 2414 1300 in
2452 1246 2754 1301 visceribus
2776 1245 3034 1299 animalis
3056 1243 3303 1297 in-fdsum
3333 1241 3457 1295 loco
3489 1239 3664 1293 domi-

2087 1339 2196 1394 nici
2225 1339 2511 1408 sanguinis
2540 1351 2766 1392 manare
2795 1336 3000 1392 faciunt
3023 1351 3087 1390 ex
3119 1335 3373 1388 manibus
3398 1332 3664 1400 pedibus-

2089 1446 2196 1501 quc
2257 1440 2312 1486 et
2361 1432 2532 1486 latere
2575 1428 2860 1497 cujusdam
2919 1428 3166 1482 hominis
3205 1424 3479 1480 crucifixi.
3534 1421 3666 1489 Quis

2085 1536 2217 1591 ergo
2239 1531 2324 1578 est
2348 1522 2438 1577 ille
2463 1522 2760 1577 crucifixus
2781 1521 2804 1574 7
2824 1519 2959 1586 Quis
2997 1533 3124 1573 vero
3153 1515 3420 1586 sanguis?
3453 1514 3665 1568 Veritas

2093 1628 2162 1668 an
2185 1613 2363 1684 imago
2384 1613 2408 1666 ?
2429 1612 2484 1668 Si
2512 1613 2688 1683 imago
2706 1612 2949 1682 quidem,
2972 1624 3139 1680 quare
3155 1609 3318 1663 homo
3337 1617 3390 1662 et
3410 1605 3684 1674 sanguis?~

2103 1705 2281 1761 Homo
2309 1707 2452 1761 enim
2480 1707 2659 1776 imago
2686 1720 2796 1760 non
2835 1714 2917 1759 est
2941 1721 2956 1772 ;
2980 1704 3026 1758 si
3058 1711 3235 1756 autem
3263 1702 3464 1755 veritas
3503 1689 3684 1754 homo-

2088 1807 2144 1852 et
2176 1799 2421 1868 sanguis,
2456 1798 2620 1868 igitur
2647 1797 2827 1866 imago
2862 1811 2968 1850 non
3002 1802 3106 1849 est.
3139 1794 3383 1863 Dsnique
3407 1792 3664 1861 quisnam

417 1894 542 1958 ρᾶς.
576 1892 674 1962 Τίς
727 1895 837 1964 ἄρα
881 1894 1088 1954 ἐκεῖνός
1120 1895 1268 1947 ἐστιν
1311 1897 1335 1947 ὀ
1368 1893 1805 1964 σταυρούμενοςς
1843 1896 1892 1950 τί
1927 1898 1982 1951 δέ

2095 1888 2176 1942 ille
2201 1889 2224 1942 ?
2247 1902 2300 1944 et
2329 1889 2456 1958 quid
2493 1889 2584 1943 ille
2612 1889 2836 1958 sanguis
2863 1889 2885 1941 ?
2949 1889 3236 1958 cujusuam
3269 1883 3430 1954 pretii
3463 1883 3666 1937 baben-

414 1984 476 2037 τδ
505 1982 645 2052 αἷμα
671 2001 686 2050 ;
722 1984 976 2054 ἀλήθεια,
1007 1985 1040 2055 ἢ
1069 1983 1267 2049 είκὼν;
1302 1987 1412 2040 Καὶ
1436 1989 1483 2038 εἰ
1523 1989 1623 2054 μὲν
1653 1987 1838 2047 εἰκὼν,
1871 1987 1986 2050 πῶς

417 2075 706 2146 ἄνθρωπος
749 2078 842 2130 καὶ
875 2072 1016 2146 αἷμα
1042 2094 1056 2141 ;
1087 2077 1148 2130 οὐ
1181 2078 1344 2148 γὰρὴ
1380 2078 1544 2131 εἰκὼν
1580 2079 1887 2148 ἅνθρωπος.
1926 2081 1987 2134 El

419 2168 467 2223 δ’
497 2168 728 2239 ἀληθεὲᾳ
757 2169 1045 2238 ἄνθρωπος
1078 2169 1174 2222 καὶ
1213 2165 1373 2240 αἷμα,
1399 2171 1497 2223 οὐκ
1533 2173 1640 2241 ἄρα
1668 2171 1852 2228 εἰκών.
1883 2173 1990 2226 Kal

418 2260 612 2314 λοιπὸν
643 2262 727 2324 τίς
750 2260 992 2325 ἐκεῖνοςς
1030 2262 1124 2314 καὶ
1147 2262 1289 2333 τίητδ
1317 2258 1451 2330 αἷμα
1482 2265 1656 2315 ἐκεῖνο
1683 2281 1695 2327 ;
1729 2264 1821 2316 καὶ
1845 2263 1990 2328 τίνος

418 2353 531 2422 ἄρα
557 2351 838 2413 λογιστέον
874 2351 1027 2420 αὐτὸ,
1059 2352 1153 2406 τοῦ
1185 2353 1458 2422 Σωτῆρος,
1492 2355 1524 2426 ἢ
1560 2357 1737 2409 κοινόν
1763 2372 1777 2418 ;
1818 2356 1991 2410 Βαϐαῖ

415 2444 521 2513 τῆς
550 2443 823 2508 ἀτοπίαςί
866 2444 1006 2497 κατὰ
1050 2443 1160 2496 τῶν
1208 2445 1371 2514 ἱερῶν
1408 2447 1634 2498 εἰκόνων
1687 2448 1858 2501 ταῦτα
1897 2450 1991 2502 καὶ

414 2536 531 2605 τῶν
564 2535 916 2604 Εὐαγγελίων
947 2535 1078 2603 εἰσὶ,
1113 2536 1210 2589 καὶ
1253 2536 1360 2589 τῶν
1389 2538 1635 2606 φρικτῶν
1667 2539 1868 2608 μᾶλλον
1897 2541 1990 2594 τοῦ

415 2628 666 2696 Χριστοῦ
694 2627 1035 2698 μυστηρίων.
1057 2626 1222 2681 Ἀλλὰ
1252 2627 1416 2681 πόθεν
1443 2629 1614 2683 ταῦτα
1647 2632 1990 2701 παρέλαϐονς

413 2721 503 2781 τίς
531 2719 643 2772 τῶν
669 2719 844 2789 ἁγίων
867 2719 1092 2773 τοιαῦτα
1125 2719 1482 2789 παρέδωκεν;
1526 2721 1768 2792 Ἀληθῶς
1817 2725 1994 2779 πάντα

414 2813 956 2882 κεκαινοτομήκασιν
991 2811 1161 2866 οὗτοι.
1195 2812 1305 2865 Καὶ
1341 2813 1572 2867 τοιαῦτα
1612 2815 1857 2868 ποιοῦσιν
1902 2815 1994 2869 ἐπὶ

409 2905 645 2975 τριόδων
674 2906 768 2959 καὶ
787 2905 1086 2971 πλατειῶν,
1111 2904 1433 2974 ἀνθρώπους
1457 2908 1823 2972 καθιστῶντες
1842 2907 1995 2979 παρὰ

406 2996 518 3064 τὴν
549 2997 726 3062 τάξιν,
758 2997 854 3051 καὶ
881 2996 1012 3066 περὶ
1033 2995 1145 3050 τῶν
1173 2996 1317 3066 ὑπὲρ
1351 2997 1510 3066 λόγον
1537 2997 1635 3052 καὶ
1662 2997 1994 3069 θαυμαστῶν

411 3089 478 3154 ἐξ
509 3081 586 3142 ὧν
621 3089 695 3158 μὴ
720 3088 902 3156 θέμις,
929 3087 1379 3160 δραματουργίας
1411 3091 1870 3161 ἐπιδεικνύμενοι,
1898 3095 1994 3148 καὶ

407 3180 517 3250 τὴν
569 3180 900 3250 περιστερὰν
948 3181 1010 3233 τὸ
1055 3180 1243 3250 ὄρνεον
1290 3182 1514 3252 Πνεῦμα
1589 3184 1742 3252 ἅγιον
1793 3183 1993 3254 ὀνομά-

409 3273 623 3338 ζοντες.
656 3273 766 3326 Kal
821 3273 1150 3342 φθέγγονται
1196 3274 1248 3326 οἱ
1278 3273 1513 3328 τοιοῦτοι
1556 3276 1651 3328 καὶ
1695 3276 1990 3346 ἀντιφθέγ-

415 3378 613 3428 γονται
653 3362 720 3415 τὰ
747 3363 878 3431 περὶ
902 3361 1012 3416 τῶν
1043 3361 1269 3433 ἐορτῶνι
1299 3363 1408 3416 Kal
1433 3364 1466 3432 ἡ
1495 3363 1729 3418 δοκοῦσα
1759 3365 1992 3436 Μαριὰμ

410 3455 519 3524 τὴν
553 3454 748 3520 ἄλογον
777 3454 1109 3524 περιστερὰν
1157 3454 1281 3508 ἀντὶ
1325 3454 1418 3507 τοῦ
1453 3455 1768 3526 Πνεύματος
1797 3457 1992 3512 ὑποδέ-

411 3564 597 3617 χεται.
650 3547 820 3601 Πάλιν
857 3546 912 3599 δέ
960 3539 1053 3614 γε,
1085 3546 1160 3609 ὡς
1208 3546 1444 3618 ἔφημεν,
1502 3548 1827 3620 σταυροῦταί
1884 3567 1991 3616 τις,

415 3638 660 3708 Χριστὸς
694 3639 827 3709 παρ’
859 3638 1043 3701 αὐτοῖς
1080 3638 1452 3710 καλούμενος,
1488 3640 1580 3693 καὶ
1623 3641 1650 3709 ἡ
1686 3642 1992 3711 σταύρωσις

414 3734 520 3786 οὐκ
554 3731 782 3802 ἀληθὴς,
813 3733 906 3786 καὶ
933 3731 994 3785 τὸ
1025 3731 1150 3802 ῥέον
1177 3727 1316 3804 αἷμα
1369 3732 1512 3797 ζώου
1546 3733 1691 3798 τινὸς
1728 3737 1807 3797 εἰς
1836 3733 2000 3814 ὕϐριν

415 3825 517 3878 τοῦ
543 3825 866 3897 θεορρύτουο
903 3824 1083 3878 καίτοι
1107 3841 1172 3892 γε
1211 3825 1310 3894 οὐχ
1355 3821 1502 3878 οὕτω
1539 3824 1638 3894 τὴν
1686 3825 1992 3896 ἀνάμνησιν

419 3916 530 3967 τῶν
572 3915 893 3987 μυστηρίων
949 3916 1124 3969 ποιεῖν
1168 3913 1267 3968 τοῦ
1316 3914 1522 3986 Κυρίου
1565 3917 1990 4007 προσταξαντος,

417 4007 538 4062 ἀλλ’
571 4006 646 4069 ὡς
689 4007 852 4069 αὐτὸς
902 4005 1307 4076 παραδέδωκεν,
1348 4007 1407 4060 ἐν
1440 4001 1522 4069 οἷς
1572 4001 1788 4076 ἐνεργεῖ
1833 4007 1993 4062 πάλιν

421 4100 611 4163 αὐτ“ς,
659 4098 757 4152 xal
791 4099 1070 4169 ἱερουργεῖ
1101 4098 1330 4152 ἑαυτόνο
1381 4101 1474 4153 καὶ
1518 4099 1649 4152 αὐτὸ
1693 4099 1905 4153 ἐκείνου
1933 4099 1994 4153 τδ

425 4195 592 4262 σῶμα
629 4194 725 4245 καὶ
777 4187 919 4263 αἷμα
969 4193 1032 4246 τδ
1080 4192 1558 4262 ίερουργούμενον.
1603 4185 1730 4263 Ἆρ’
1758 4191 1850 4246 οὖν
1895 4193 1994 4245 οὐκ

424 4285 707 4354 ἐπισφαλῆ
739 4285 804 4336 τὰ
833 4285 964 4354 παρ’
997 4283 1219 4336 ἐκείνων
1248 4283 1391 4337 οὓτω
1423 4283 1684 4353 γινόμενα
1705 4323 1721 4348 ,
1755 4286 1846 4338 καὶ
1875 4283 1995 4338 λίαν

425 4375 739 4443 satrapam;
765 4375 826 4428 El
857 4373 1052 4437 Θέλεις,
1085 4373 1363 4444 ἄνθρωπε,
1384 4373 1558 4428 ταῦτα
1584 4377 1874 4444 παριστᾷν,
1905 4377 1996 4428 καὶ

425 4469 538 4527 τοῖς
594 4465 905 4535 ἀνθρςῖιποις
954 4465 1247 4527 διδάσκειν,
1295 4466 1570 4536 ίερούργει
1609 4465 1683 4529 ὡς
1757 4467 1994 4537 παραδέ-

2090 1986 2196 2040 dus
2225 1994 2308 2042 est
2334 1985 2358 2039 ?
2394 1998 2462 2038 an
2490 1982 2789 2038 Salvatoris
2821 1981 2901 2036 vel
2927 1979 3234 2035 communis
3260 1979 3284 2053 f!
3311 1977 3454 2032 Proh
3515 1977 3667 2030 insa-

2092 2079 2238 2133 niant
2271 2079 2284 2132 !
2315 2078 2489 2133 sacris
2522 2075 2846 2147 imaginibus
2867 2083 2920 2129 et
2946 2073 3254 2143 Evangeliis
3284 2071 3680 2133 adversantur,.

2068 2171 2210 2242 imo
2241 2170 2550 2244 metuendis
2574 2169 2779 2225 Christi
2836 2167 3135 2238 mysteriis.
3185 2163 3291 2238 Sed
3351 2162 3496 2218 unde
3549 2163 3670 2216 ista‘

2094 2271 2421 2331 acceperunt
2444 2261 2468 2315 ?
2492 2263 2744 2332 quisnam
2776 2276 2806 2316 ο
2831 2261 3036 2315 sanctis
3065 2259 3190 2313 talia
3221 2256 3441 2312 tradidit
3467 2257 3490 2310 ?
3536 2256 3670 2312 Vere

2093 2356 2276 2412 omnia
2311 2364 2652 2411 novaverunt
2683 2355 2780 2419 illi,
2813 2364 2867 2410 et
2885 2355 3012 2410 talia
3075 2353 3288 2408 faciunt
3322 2352 3375 2406 in
3412 2350 3591 2405 triviis
3617 2359 3679 2404 et-

2095 2449 2286 2518 plateis
2325 2450 2579 2504 homines
2597 2457 2783 2503 contra
2812 2448 3059 2503 ordinem
3091 2447 3445 2502 collocantes.
3467 2443 3669 2498 lterum

2093 2540 2237 2593 circa
2271 2554 2331 2594 ea
2367 2553 2489 2608 qua:
2516 2539 2780 2592 rationem
2804 2546 3066 2606 superant
3101 2536 3396 2600 mirabilia,
3454 2535 3521 2588 de.
3548 2533 3672 2602 qui-

2095 2629 2196 2684 bus
2227 2629 2308 2685 fas
2333 2644 2442 2683 non
2471 2639 2577 2690 est,
2607 2628 2824 2684 fabulas
2851 2627 3134 2691 exhibent,
3174 2641 3327 2680 avem
3355 2626 3667 2681 columbam

2094 2731 2345 2777 sanctum
2371 2721 2634 2790 Spiritum
2695 2720 3050 2790 appellantes.
3111 2717 3309 2774 Dicunt
3366 2718 3442 2773 illi
3486 2728 3541 2774 et
3591 2735 3688 2774 re—-

2100 2813 2376 2884 spondent
2401 2827 2462 2868 ea
2487 2828 2610 2883 quae
2633 2812 2686 2866 in
2713 2811 2872 2869 festis
2889 2821 3144 2882 aguntur,
3205 2821 3259 2867 et
3293 2812 3384 2866 illa
3417 2828 3538 2882 qua:
3565 2811 3685 2868 Ma-

2097 2906 2235 2962 riam
2268 2905 2438 2964 refert
2463 2906 2896 2962 irrationabilem
2947 2907 3260 2962 columbam
3321 2922 3421 2978 pro
3455 2907 3676 2978 Spiritu
3694 2929 3701 2936 ’π

2071 2991 2348 3070 suscipit.
2386 2997 2647 3064 Rursum,
2680 3006 2740 3052 ttt
2770 2998 3036 3064 diximus,
3061 2997 3284 3068 quidam
3342 2999 3678 3069 crucifigitur

2096 3089 2347 3147 Christus
2378 3089 2447 3145 ab
2480 3088 2560 3144 eis
2582 3088 2910 3159 appellatus,
2955 3090 3010 3142 et
3050 3088 3330 3144 crucillxio
3393 3104 3519 3170 vera
3568 3104 3690 3143 non-

2099 3189 2510 3252 est,manatque
2531 3195 2698 3236 cruor
2719 3180 3005 3249 cujusdam
3042 3180 3299 3234 animalis
3327 3180 3380 3234 in
3415 3181 3673 3245 iniuriam

2097 3273 2267 3329 divini
2294 3273 2599 3341 sanguinis.
2625 3273 2878 3328 Attamen
2904 3286 3012 3328 non
3049 3272 3123 3327 ita
3160 3271 3437 3327 mandavit
3489 3272 3674 3326 Domi-

2093 3381 2200 3423 nus
2245 3367 2629 3438 mysteriorum
2678 3373 3255 3421 commemorationem
3309 3366 3509 3425 facere.
3581 3366 3677 3419 sed

2092 3459 2242 3512 sicut
2271 3457 2388 3528 ipse
2417 3457 2662 3522 tradidit,
2699 3458 2753 3511 in
2777 3457 2988 3526 quibus
3019 3459 3135 3526 ipse
3167 3471 3360 3511 rursus
3418 3468 3678 3525 operatur

2093 3558 2148 3604 et
2173 3548 2522 3620 semetipsum
2551 3548 2733 3614 offert,
2758 3549 3048 3620 ipsumque
3075 3550 3196 3622 ejus
3246 3557 3446 3619 corpus
3473 3557 3526 3604 et
3555 3549 3676 3618 ipse

2094 3643 2316 3714 sanguis
2346 3641 2592 3698 offertur.
2617 3642 2744 3698 ldeo
2772 3657 2878 3697 non
2911 3650 3121 3697 tantum
3178 3642 3482 3713 periculosa
3543 3651 3673 3697 sunt

2095 3749 2213 3804 quae
2240 3735 2312 3789 ita
2339 3736 2480 3805 apud
2514 3749 2610 3791 eos
2632 3732 2790 3798 fiunt,
2823 3734 2917 3790 sed
2939 3734 3102 3790 etiam
3138 3735 3302 3788 nimis
3336 3735 3666 3804 periculosa.

2095 3825 2151 3882 Si
2191 3825 2458 3892 volueris,
2491 3825 2674 3889 homo,
2703 3824 2832 3880 talia
2861 3825 3164 3895 producere
3187 3835 3244 3880 et
3303 3826 3554 3880 homines
3575 3828 3671 3880 dn-

2096 3934 2242 3983 cere,
2269 3927 2500 3989 operare
2542 3918 3004 3988 quemadmodum
3050 3918 3168 3987 ipse
3230 3919 3475 3980 tradidit,
3535 3918 3671 3972 doce

2097 4011 2295 4075 verbis,
2325 4009 2521 4064 litteris
2569 4009 2768 4072 scribe,
2825 4010 3070 4064 colorum
3112 4009 3278 4062 etiam
3342 4025 3443 4079 ope
3463 4010 3673 4080 eﬂittge,

2099 4109 2160 4152 ut
2191 4101 2448 4154 traditum
2482 4099 2600 4165 fuit,
2643 4101 2791 4170 quod
2821 4109 2906 4155 est
2933 4115 3056 4155 vera
3089 4099 3312 4169 elligies,
3337 4103 3487 4156 velut
3543 4105 3677 4159 seri-

2097 4200 2254 4260 ptura
2289 4193 2342 4245 in
2371 4192 2546 4256 libris,
2583 4192 2770 4262 eisque
2799 4192 2940 4248 inest
2972 4192 3156 4248 divina
3194 4195 3363 4264 gratia
3393 4211 3518 4250 cum
3551 4213 3678 4251 san-

2099 4293 2185 4338 cta
2210 4285 2318 4340 sint
2350 4299 2472 4353 quzc
2499 4284 2903 4354 exprimuntur.
2933 4285 3014 4340 illi
3045 4296 3225 4341 autem
3275 4289 3445 4343 sorncl
3501 4292 3676 4356 vagati

2099 4375 2190 4429 ubi
2218 4390 2326 4429 non
2349 4385 2563 4443 oportet
2599 4381 2847 4430 currunt.
2873 4375 3026 4441 Quod
3085 4376 3131 4432 si
3166 4391 3269 4433 nos
3326 4391 3559 4445 arguant
3613 4382 3679 4433 de

2099 4465 2328 4522 fornace
2373 4481 2687 4536 puerorum,
2725 4465 2837 4536 jam
2866 4481 3093 4538 prorsus
3145 4468 3279 4522 nihil
3333 4471 3677 4538 gaudebunt;

428 4557 590 4620 δωκε,
621 4556 839 4609 δίδασκε
889 4555 1090 4622 λόγοις,
1127 4557 1307 4628 γράφε
1367 4557 1814 4628 συγγράμμασιν,
1847 4558 1992 4611 εἰκό-

2107 4556 2384 4612 fornacem
2414 4557 2560 4611 enim
2594 4571 2699 4612 non
2755 4557 3129 4621 accendimus,
3173 4559 3268 4612 sed
3311 4575 3497 4614 cerens
3550 4576 3675 4615 cum

429 4652 542 4711 νιςε
596 4648 691 4700 καὶ
736 4647 824 4698 διὰ
857 4645 1162 4717 χρωμάτων
1201 4645 1277 4708 ὡς
1305 4646 1696 4717 παραδέδοται·
1731 4649 1870 4718 ὅπερ
1905 4651 1999 4703 καὶ

429 4743 456 4794 δ
484 4741 693 4810 ἀληθής
725 4741 876 4792 ἐστιν
922 4739 1301 4808 ἐξεικονισμδς
1322 4777 1338 4804 ,
1378 4739 1455 4800 ὡς
1488 4740 1584 4793 καὶ
1611 4741 1645 4811 ἡ
1695 4741 1753 4794 ἐν
1791 4740 2001 4810 βίϐλοις

434 4832 643 4903 γραφὴ,
675 4831 769 4884 καὶ
801 4831 961 4899 χάρις
994 4831 1055 4883 ἐν
1101 4829 1288 4893 αὐτοῖς
1331 4831 1445 4884 ἐστι
1475 4829 1622 4895 θεία,
1651 4831 1776 4885 ἐπεὶ
1813 4833 1905 4886 καὶ
1935 4835 2004 4885 τὰ

435 4925 748 4992 turre-Jama
789 4923 941 4988 ἆγια.
982 4920 1124 4975 Ἀλλ’
1167 4913 1316 4975 οὗτοι
1360 4923 1821 4989 παρατραπέντες
1871 4924 2002 4992 ἐφά-

438 5020 566 5084 παξ,
598 5020 678 5080 εἰς
711 5016 748 5072 ἃ
783 5017 859 5086 μὴ
907 5015 990 5068 δεῖ
1041 5014 1351 5085 τρέχουσιν.
1405 5013 1467 5068 Εἰ
1516 5015 1572 5068 δὲ
1620 5016 1714 5079 καὶ
1745 5019 1875 5084 περὶ
1905 5019 2006 5085 τῆς

440 5101 672 5181 καμίνου
701 5108 810 5161 τῶν
841 5107 1050 5162 παίδων
1081 5106 1230 5176 ἡμᾶς
1252 5104 1611 5170 αίτιάσονται,
1643 5106 1760 5160 ἀλλ’
1789 5108 1849 5161 οὐ
1880 5125 2006 5178 χαι-

444 5204 702 5272 ρήσουσιν
745 5199 903 5262 ὅλως.
953 5196 1028 5250 Οὐ
1065 5197 1174 5266 γὰρ
1212 5197 1526 5266 ἀνάπτομεν
1574 5198 1825 5269 κάμινον,
1871 5199 2010 5254 ἀλλὰ

444 5292 643 5360 angnia;
678 5288 819 5358 μετὰ
871 5284 1092 5356 φώτων,
1145 5287 1241 5341 καὶ
1289 5286 1545 5358 θυμίαμα
1590 5288 1709 5358 Θεῷ
1755 5290 1899 5344 κατὰ
1945 5291 2009 5343 τὸ

446 5384 556 5447 E00;
584 5382 990 5452 προσφέρομεν,
1023 5380 1118 5434 καὶ
1146 5377 1378 5445 ἄγγελον
1405 5379 1764 5450 είκονίζομεν.
1792 5382 1893 5435 οὐκ
1917 5381 2008 5436 ἄν·

448 5477 658 5542 θρωπον
697 5471 1122 5540 ἀποστέλλομεν.
1169 5469 1378 5532 Παῖδας·
1405 5469 1461 5524 δὲ
1507 5471 1668 5540 μόνον
1708 5471 2008 5540 ὑμνοῦντας

449 5565 714 5634 καθαροὺς
749 5563 822 5624 ὡς
873 5563 1112 5622 ἐκείνους
1141 5562 1270 5623 τοὺς
1302 5563 1501 5624 παῖδας
1549 5565 1697 5631 τρεῖς
1732 5564 2008 5634 παριστῶ-

454 5673 570 5723 μεν,
603 5655 750 5726 ᾅδειν
772 5637 965 5713 αὐτ-οἶος
993 5652 1090 5721 τὴν
1112 5649 1256 5722 ᾠδὴν
1279 5651 1504 5705 ἐκείνων
1530 5651 1606 5715 ὠς
1631 5653 2009 5722 παραδέδοται.

455 5745 556 5806 Οὓς
595 5745 787 5804 παῖδας
827 5745 920 5795 καὶ
951 5741 1150 5802 πάντες
1181 5743 1231 5794 οἱ
1277 5741 1709 5812 ἐσφραγισμένοι
1751 5743 1848 5796 καὶ
1877 5745 2015 5815 ἱεροὶ

456 5838 682 5892 tuto-3m
718 5835 928 5896 παῖδες.
965 5835 1071 5888 Kal
1098 5833 1388 5904 ἱερωμένοι
1419 5833 1474 5888 δὲ
1517 5833 1734 5900 πάντες,
1787 5835 2015 5903 ἕκαστος

2106 4649 2427 4714 luminibus,
2451 4649 2814 4704 etincensum
2865 4649 2975 4704 Deo
3022 4651 3322 4704 secundum
3386 4664 3680 4706 consuetu-

2103 4742 2288 4796 dinem
2313 4741 2628 4806 oﬂerimus;
2653 4737 2902 4809 angelum
2925 4740 3143 4809 quidem
3177 4742 3558 4812 exprimimus,
3586 4746 3683 4796 ho.

2107 4837 2309 4890 minem
2353 4847 2483 4888 vero
2531 4846 2640 4886 non
2673 4832 3000 4902 emittimus,
3068 4833 3178 4889 sedi
3215 4849 3415 4904 pueros
3470 4848 3678 4890 tantum

2108 4923 2345 4980 mundos
2375 4930 2635 4978 canentes
2661 4922 2806 4978 sicut
2833 4923 2908 4978 illi
2938 4933 3050 4979 tres
3107 4925 3262 4993 pueri
3295 4927 3682 4982 constituimus

2109 5014 2384 5069 uthorum
2407 5014 2681 5068 canticum
2709 5014 3024 5077 concinam,
3057 5022 3218 5083 prout
3258 5017 3514 5070 traditum
3577 5027 3679 5082 est,

2113 5120 2252 5176 quos
2282 5118 2482 5174 pueros
2505 5105 2660 5172 pueri
2697 5103 2937 5159 referunt
2958 5121 3151 5160 omnes
3177 5107 3351 5160 sancti
3381 5108 3681 5174 baptismo-

2109 5213 2216 5268 que
2235 5197 2536 5266 signati,et
2558 5197 2866 5254 sacerdotes
2889 5197 3133 5252 universi
3188 5212 3276 5251 res
3331 5198 3416 5252 sui
3472 5200 3680 5253 ordinis

2108 5287 2370 5358 effingunt
2398 5285 2638 5356 singuli:
2675 5286 2969 5341 Dominum
3000 5287 3218 5356 quidem
3259 5287 3473 5356 primus
3509 5292 3684 5358 ponti-

2110 5379 2224 5443 fex.
2245 5380 2485 5449 episcopi
2515 5393 2646 5433 vero
2698 5379 2903 5446 primos
2954 5379 3256 5446 apostolos,
3316 5391 3439 5431 cum
3487 5393 3677 5434 eorum

2114 5475 2283 5544 gratia
2313 5471 2501 5526 donati
2540 5470 2764 5535 fuerint,
2803 5469 3106 5540 presbyteri
3134 5473 3476 5542 septuaginta
3509 5474 3681 5544 viros,

2115 5565 2328 5622 diaconi
2352 5563 2592 5628 Levitas,
2625 5552 2944 5618 subdi‘aconi
2978 5572 3033 5618 et
3059 5564 3237 5618 exteri
3285 5567 3674 5636 prephetarum

2075 5655 2387 5713 ‘ordiuem.
2427 5656 2606 5710 Altera
2663 5653 2828 5709 etiam
2886 5654 3002 5727 lege
3048 5654 3286 5724 pontifex
3337 5657 3680 5714 iucarnatum

2118 5749 2209 5805 Dei
2264 5749 2497 5804 Verbum
2547 5749 2822 5818 exprimit,
2870 5751 3168 5820 presbyteri
3225 5761 3404 5804 autem
3459 5753 3684 5807 ordines

2121 5840 2430 5907 inferiores,
2457 5839 2672 5894 diaconi
2703 5855 2828 5895 vero
2853 5841 3192 5910 subjaceutcs
3243 5840 3530 5896 ministerii
3586 5853 3686 5910 po-
