4076 6268
457 425 566 495 ita

1250 433 1629 496 SYMEONIS
1663 435 2109 496 THESSALON
2124 439 2418 500 iCENSES
2455 441 2815 503 ARCIIIEP.

3605 427 3705 503 1'16

455 548 700 603 testatas,
724 539 1010 610 clerusque
1039 542 1327 601 universus
1345 561 1469 601 cum
1495 553 1694 617 populo
1711 549 2034 605 'orthndoxo

2141 559 2230 608 τὸν
2269 557 2367 622 τῆς
2404 558 2600 611 ἑαυτοῦ
2630 561 2792 610 τυποῖ
2831 557 3059 622 τάξεως·
3093 556 3187 608 καὶ
3237 557 3323 609 τὸν
3354 554 3559 624 Κύριον
3589 557 3706 623 -μὲν

457 631 680 684 ultimos
725 632 968 695 ordines,
1043 645 1097 690 et
1157 651 1346 695 omnes
1377 641 1470 695 isti
1519 644 1770 698 ordinem
1823 647 2028 702 habent

453 721 754 774 secundum
787 724 988 788 gradus
1019 728 1356 797 gratiamque
1388 735 1809 801 respondentem
1846 755 1860 804 ;
1902 739 2026 793 ideo

450 811 587 866 nihil
621 813 952 870 dissentiens
980 833 1173 886 pueros
1213 822 1467 892 etiingere
1495 826 1617 882 illos
1663 839 1772 882 tres
1800 846 2026 897 pueros,

450 904 710 972 quoniam
753 918 983 974 possunt
1019 925 1206 966 eorum
1228 913 1426 969 habere
1460 919 1712 984 gratiam.
1741 919 2026 976 Dominum

451 1010 580 1048 vero
617 997 671 1050 in
703 1001 1062 1056 cructtixione
1085 1007 1393 1072 exprimere
1423 1017 1478 1062 et
1515 1008 1774 1064 simulare
1829 1011 2024 1077 videri,

452 1102 664 1151 necnon
715 1108 938 1148 manare
975 1097 1314 1165 sanguinem,
1372 1100 1466 1155 sed
1519 1117 1626 1156 non
1681 1118 1807 1158 vere
1852 1120 2028 1171 neque

453 1181 754 1235 secundum
809 1185 1046 1240 divinam
1077 1189 1465 1258 traditionem;
1498 1205 1551 1248 et
1611 1194 1892 1263 Deiparam
1936 1213 2029 1266 per

451 1272 628 1325 virum
647 1284 739 1328 aut
775 1277 1152 1333 mulierculam
1178 1281 1402 1347 referre,
1435 1294 1488 1337 et
1514 1299 1668 1338 avem
1705 1286 1827 1340 loco
1853 1285 2026 1357 Spiri-

453 1374 542 1418 tus
572 1365 847 1435 accipere,
873 1385 1100 1435 prorsus
1141 1382 1225 1428 est
1282 1375 1574 1430 absonum.
1644 1377 1868 1447 insuper
1929 1395 2024 1444 per

452 1453 689 1512 aliorum
710 1457 936 1523 capillos
965 1467 1021 1514 et
1047 1469 1222 1519 vestes
1247 1473 1559 1520 sanctorum
1602 1467 1810 1524 formas
1875 1467 2027 1524 ciliu-

450 1559 576 1611 gere
590 1556 647 1600 et
676 1563 871 1604 ornare
903 1553 960 1604 lit
983 1560 1170 1608 contra
1199 1555 1514 1625 religionem
1552 1575 1728 1628 neque
1767 1575 1796 1614 a
1849 1561 2028 1615 Patri-

452 1635 557 1695 bus
581 1646 860 1694 ostensum
898 1641 1020 1707 luit,
1052 1654 1100 1699 et
1133 1661 1244 1700 uno
1275 1648 1462 1712 verbo,
1493 1650 1640 1704 velut
1671 1651 1724 1704 in
1763 1666 1928 1707 scena
1975 1663 2028 1708 ct

452 1729 665 1785 theatro
689 1730 866 1788 divina
893 1745 1200 1792 monstrare
1222 1740 1476 1808 mysteria
1507 1757 1685 1810 neque
1735 1744 1884 1812 pium
1919 1724 2020 1809 est,

449 1835 627 1889 neque
665 1824 944 1892 traditum,
976 1843 1152 1898 neque
1171 1829 1495 1887 Christianis
1533 1833 1779 1902 dignum.
1841 1835 2028 1906 Neque

450 1913 635 1968 dicant
663 1917 973 1972 sacerdotes
1009 1919 1114 1975 ista
1144 1924 1355 1990 operari
1385 1933 1437 1978 ct
1465 1925 1514 1978 in
1571 1925 1673 1980 hoc
1722 1941 1816 1982 eos
1868 1943 2027 1997 posse
2056 1923 2101 1980 Β

453 2003 735 2060 Dominum
768 2008 1139 2081 virginemque
1188 2013 1305 2082 ejus
1333 2024 1558 2070 matrem
1593 2018 1827 2083 referre;
1896 2034 2021 2073 nam

450 2096 594 2154 istud
631 2098 685 2152 in
720 2101 804 2155 his
827 2101 1009 2157 facere
1039 2120 1146 2160 non
1172 2116 1316 2161 recte
1337 2107 1554 2161 dicitur.
1586 2109 1845 2164 Referunt
1873 2111 2021 2166 enim

450 2187 504 2240 in
561 2188 645 2243 his
696 2190 896 2259 quibus
955 2203 1188 2261 oportet,
1237 2195 1586 2265 baptizando.
1637 2201 2020 2268 sacrificando,

449 2283 680 2338 lavando
702 2285 1020 2343 alterutrius
1075 2290 1258 2358 pedes,
1317 2303 1370 2346 et
1417 2293 1469 2345 in
1537 2294 1656 2348 aliis
1717 2309 1837 2363 qua
1884 2296 2022 2349 dixit

448 2376 722 2441 Salvator,
757 2378 812 2433 in
842 2381 1042 2448 quibus
1073 2384 1360 2452 pontiﬁces
1389 2395 1444 2439 et
1466 2388 1779 2443 sacerdotes
1804 2391 2019 2463 operari

449 2470 709 2526 traditum
743 2482 846 2534 est.
896 2476 1027 2530 item
1065 2475 1284 2544 quando
1330 2477 1562 2547 hymnos
1596 2483 1842 2536 canendo
1899 2481 2022 2536 imi-

449 2572 634 2616 tantur
682 2561 1014 2629 cantatores,
1069 2583 1411 2638 nequaquam
1471 2550 1652 2626 autem
1703 2573 1922 2641 quando
1960 2575 2021 2629 iit

447 2655 749 2721 cruciﬁxit),
782 2656 1060 2727 falsusque
1088 2659 1206 2712 [luit
1231 2663 1474 2729 sanguis,
1541 2665 1842 2731 praesertim
1904 2667 2021 2720 ani—

416 2812 418 2814 ,
449 2747 605 2800 malis
636 2761 823 2814 cruor,
847 2750 949 2803 nisi
980 2751 1104 2818 quis
1135 2752 1186 2804 in
1220 2753 1486 2822 martyrio
1547 2756 1828 2822 pr0prium
1885 2771 2016 2812 san-

445 2834 663 2906 guinem
697 2851 822 2890 vere
855 2838 1138 2896 ell‘umlere
1167 2841 1422 2905 voluerit,
1453 2844 1537 2896 vel
1566 2845 1728 2899 etiam
1759 2850 1805 2901 si
1842 2850 2020 2903 cruci-

448 2925 644 2992 tigatur
674 2940 804 2984 caro
832 2942 956 2982 cum
993 2929 1136 2983 vitiis
1162 2941 1217 2984 et
1247 2935 1732 3000 concupiscentiis,
1754 2949 1917 3004 prout
1945 2941 2021 2994 ait

444 3013 645 3078 Paulus
679 3017 770 3085 qui
799 3019 1048 3074 addidit:
1091 3038 1110 3072 r
1149 3020 1278 3078 Mihi
1322 3026 1554 3081 mundus
1584 3029 1879 3085 cruciﬁxus
1936 3012 2020 3086 esi

445 3124 499 3171 et
523 3128 625 3180 ego
660 3114 883 3181 mundo,
919 3133 940 3172 ι
968 3115 1056 3173 cui
1090 3117 1167 3170 rei
1228 3132 1419 3174 omnes
1449 3121 1650 3175 debent
1678 3125 2014 3193 incumbere.

446 3203 684 3274 Virginis
707 3216 888 3261 autem
922 3207 1162 3277 Deiparze
1181 3210 1296 3265 sive
1323 3215 1614 3279 puritatem
1638 3216 1755 3271 sive
1785 3219 2014 3286 gratiam

442 3315 550 3367 qua
583 3300 636 3354 in
662 3301 872 3370 Spiritu
905 3302 1193 3356 Dominum
1233 3319 1396 3359 carne
1434 3305 1764 3375 concepit‘et
1792 3309 2016 3377 peperit,

443 3407 606 3459 nemo
628 3401 805 3462 potest
831 3393 1054 3456 imitari,
1075 3397 1330 3461 quoniam
1356 3395 1470 3450 haec
1498 3400 1546 3452 ei
1579 3399 1679 3454 soli
1711 3400 1836 3454 data
1859 3411 2016 3468 sunt;

442 3497 562 3550 eam
589 3499 719 3538 vero
756 3484 1000 3543 imitatur
1050 3486 1142 3552 qui
1195 3495 1344 3539 caste
1387 3487 1597 3543 vivit'et
1653 3492 2017 3559 virginitatem

445 3577 630 3644 elegit,
663 3589 832 3642 seque
877 3577 1098 3644 dignum
1149 3577 1464 3645 accipienda
1525 3581 1697 3646 gratia
1751 3594 2014 3651 quantum
2077 3589 2083 3595 '

443 3673 625 3730 potest
649 3664 910 3728 exhibet;
945 3673 999 3720 et
1038 3664 1266 3732 proinde
1293 3665 1622 3733 cupiendum
1677 3679 1764 3723 est
1824 3685 2016 3723 omnes

442 3772 562 3822 eam
584 3756 636 3810 in
675 3756 759 3810 his
789 3769 888 3824 pro
919 3755 1126 3810 viribus
1151 3755 1374 3821 imitari.
1415 3757 1472 3811 Si
1539 3773 1666 3813 vero
1727 3765 1828 3813 ista
1885 3776 2014 3814 cum

382 3863 387 3868 '
445 3845 600 3917 pictis
620 3846 820 3900 divinis
875 3846 1208 3916 imaginibus
1263 3848 1568 3913 conferant,
1633 3851 1752 3905 sine
1805 3852 2016 3907 ratione

441 3937 872 4000 ratiocinantur;
907 3952 1031 3990 nam
1061 3938 1112 3996 in
1132 3937 1305 4007 eliigie
1325 3939 1683 4008 quidetnvere
1704 3953 1783 3995 est
1813 3944 2012 4014 imago,

439 4039 495 4090 et
515 4029 722 4084 Christi
741 4043 870 4083 vere
891 4029 1131 4098 pingitur
1149 4030 1353 4099 imago,
1375 4041 1429 4086 et
1448 4035 1674 4103 sanguis
1690 4035 2014 4102 exprimitur

443 4134 654 4179 necnon
675 4118 767 4177 Dei
794 4131 964 4174 mater
992 4121 1048 4174 in
1071 4121 1304 4190 imagine
1321 4131 1374 4177 et
1395 4126 1641 4188 angelus,
1660 4137 1714 4180 et
1733 4128 2012 4193 apostolus

439 4219 495 4270 et
523 4224 776 4272 summus
797 4210 1057 4279 pontifex,
1077 4221 1132 4264 et
1150 4220 1354 4282 martyr
1371 4221 1425 4266 et
1472 4213 1712 4283 Spiritus
1758 4217 1811 4269 in
1834 4217 2014 4285 specie

437 4299 726 4368 columbae,
747 4302 991 4355 etomnia
1010 4299 1336 4371 eliinguntur
1371 4319 1584 4367 ;rerum
1609 4306 1826 4372 quidem
1868 4306 2012 4361 divi-

443 4407 634 4456 narum
653 4392 918 4462 imagines
934 4402 994 4455 et,
1009 4393 1233 4460 picturae
1253 4403 1497 4464 augustae
1518 4405 1646 4450 sunt
1665 4406 1718 4452 et
1749 4413 2012 4452 veneram

439 4485 1548 4552 dte;hominesveroltwcitnitarilasnon
1583 4498 1687 4542 est.
1747 4490 1850 4543 Sed
1901 4506 2008 4544 non

2132 654 2160 704 ὁ
2193 650 2407 718 πρῶτος
2429 652 2744 719 ἀρχιερεὺς,
2777 651 3062 702 ἐπίσκοποι
3085 648 3139 700 δὲ
3163 649 3290 704 τοὺς
3322 648 3572 716 πρώτους
3597 648 3706 698 τῶν

2133 742 2464 800 ἀποστόλων,
2491 744 2614 794 ἐπεὶ
2636 743 2728 793 καὶ
2745 742 2842 805 τὴν
2865 741 3044 793 αὐτῶν
3063 741 3224 809 χάριν
3244 740 3450 807 ἔχουσι’
3469 756 3572 805 πρε
3583 738 3709 790 σεύ-

2131 851 2280 902 τεροι
2327 835 2383 886 δέ
2428 852 2490 898 γε
2545 837 2671 895 τοὺς
2727 835 3134 903 ἐϐδομήκοντα·
3182 833 3417 886 διάκονοι
3476 833 3531 884 δὲ
3581 833 3706 896 τοὺς

2132 928 2388 987 Λευῖτας·
2422 929 2766 981 ὑποδιάκονοι
2797 929 2852 979 δὲ
2890 927 2985 979 καὶ
3031 927 3208 979 λοιποὶ
3244 928 3342 990 τὴν
3394 927 3547 989 τάξιν
3597 927 3706 978 τῶν

2135 1022 2456 1089 προφητῶν.
2495 1023 2605 1072 Καὶ
2643 1022 2766 1074 καθ’
2795 1021 2985 1088 ἕτερον
3033 1020 3089 1072 δὲ
3120 1020 3320 1072 σκοπὸν
3354 1019 3706 1088 δάρχιερεὺς

2130 1113 2222 1166 τὸν
2251 1114 2746 1182 ἐνανθρωπήσαντα
2774 1113 2906 1166 Θεὸν
2941 1113 3115 1179 Λόγον
3180 1113 3428 1162 ἐκτυποῖ·
3463 1107 3705 1177 πρεσϐύ-

2131 1223 2278 1273 τεροι
2307 1207 2361 1258 δὲ
2398 1207 2493 1267 τὰς
2531 1207 2934 1275 ὑπερκειμένας
2974 1206 3082 1258 τῶν
3114 1204 3341 1268 τάξεων*
3376 1203 3610 1254 διάκονοι
3645 1202 3703 1254 δὲ

2133 1302 2228 1361 τὰς
2262 1300 2653 1366 ὑποδεεστέρας
2685 1299 3066 1367 λειτουργικὰς
3093 1297 3378 1363 δυνάμεις·
3414 1295 3508 1348 καὶ
3535 1296 3562 1346 ὁ
3591 1292 3702 1345 λοι-

2132 1392 2229 1449 πὸς
2261 1391 2316 1443 δὲ
2353 1391 2551 1462 κλῆρος
2585 1391 2679 1452 τὰς
2721 1391 3041 1450 τελευταίας
3073 1389 3254 1451 τάξεις
3307 1387 3444 1454 μετὰ
3477 1385 3570 1438 τοῦ
3606 1386 3703 1454 ὁρ-

2133 1484 2346 1546 θοῗόξου
2372 1483 2524 1538 ).αοῦ.
2575 1485 2681 1534 Καὶ
2734 1484 2933 1545 πάντες
2969 1482 3114 1535 οὗτοι
3165 1483 3259 1534 καὶ
3312 1481 3464 1546 τάξιν
3519 1481 3702 1544 ἕγουσι

2129 1575 2270 1630 κατὰ
2301 1576 2426 1634 τοὺς
2486 1575 2750 1646 βαθμοὺς,
2799 1576 2894 1629 καὶ
2947 1576 3318 1642 ἀναλογοῦσαν
3367 1575 3466 1642 τὴν
3516 1571 3699 1641 χάριν.

2131 1668 2222 1722 Διὸ
2251 1669 2345 1721 καὶ
2369 1669 2521 1720 οὐδὲν
2545 1668 2750 1738 ἀπᾷδον
2776 1669 2837 1721 τὸ
2864 1666 3150 1731 είκονίζειν
3175 1669 3371 1728 παῖδας
3404 1668 3528 1727 τοὺς
3553 1667 3704 1733 τρεῖς

2130 1758 2372 1817 ἐκείνους
2406 1760 2625 1822 παῖδας,
2677 1761 2757 1811 ὅτι
2805 1762 2899 1814 καὶ
2945 1760 3169 1813 δυνατὸν
3209 1760 3308 1826 τὴν
3357 1759 3519 1826 χάριν
3558 1758 3703 1824 ἔχειν

2130 1850 2331 1904 αὐτῶν.
2361 1850 2432 1902 Τὸ
2459 1851 2514 1903 δὲ
2544 1852 2836 1914 είκονίζειν
2860 1854 2916 1906 ἐν
2937 1856 3000 1922 τῇ
3032 1851 3333 1919 σταυρώσει
3358 1851 3446 1902 τὸν
3473 1849 3700 1916 Κύριον,

2130 1946 2222 1998 καὶ
2263 1945 2598 2013 σφάττεσθαι
2629 1947 2828 2008 δοκεῖν,
2865 1947 2958 1999 καὶ
2985 1941 3124 2013 αἷμα
3161 1945 3393 2013 ἐκχέειν,
3433 1943 3530 1994 οὐκ
3572 1941 3705 2009 ἀλητ

2129 2037 2236 2097 θῶς
2261 2039 2378 2090 ούδέ
2413 2041 2552 2091 κατὰ
2599 2038 2698 2106 τὴν
2729 2038 2882 2092 θείαν
2936 2038 3259 2106 παράδοσιν.
3302 2036 3411 2088 Καὶ
3444 2035 3542 2102 τὴν
3571 2034 3703 2086 Θεο-

2131 2132 2344 2198 μήτορα
2389 2130 2444 2182 δὲ
2475 2129 2839 2192 εἰκονίζεσθαι
2886 2130 2954 2184 δι’
2992 2129 3184 2197 ἀνδρὸς
3221 2129 3251 2198 ἢ
3294 2127 3516 2196 γυναίου
3543 2165 3556 2188 ,
3605 2125 3702 2177 καὶ

2125 2220 2327 2285 πτηνὸν
2355 2220 2475 2272 ἀντὶ
2515 2219 2834 2288 Πνεύματος
2868 2221 3145 2288 δέχεσθαι,
3184 2219 3302 2272 λίαν
3336 2219 3555 2272 ἄτοπον.
3594 2217 3700 2269 Καὶ

2123 2312 2193 2362 τδ-
2216 2310 2304 2364 διὰ
2337 2311 2542 2380 τριχῶν
2578 2311 2882 2381 ἀλλοτρίων
2919 2311 3011 2364 καὶ
3058 2312 3373 2380 ἐνδυμάτων
3440 2309 3699 2375 ἐξεικονί-

2125 2401 2237 2463 ζειν
2270 2401 2337 2454 τὰ
2383 2402 2493 2454 τῶν
2539 2402 2709 2466 ἁγίων
2763 2402 3129 2471 μορπρώματα,
3185 2403 3279 2454 καὶ¹
3319 2400 3696 2464 ’καλλωπίζειν

2123 2493 2232 2562 36
2261 2493 2515 2560 παραυτὸ
2553 2492 2800 2556 εὐλαϐὲς,
2850 2493 2951 2544 οὐκ
2999 2493 3341 2559 ἐνδεδομένον
3378 2493 3528 2562 παρὰ
3583 2495 3696 2554 τοῖς

2124 2584 2394 2651 Πατράσι·
2425 2583 2516 2635 καὶ
2545 2583 2734 2644 ἁπλῶς
2756 2584 2814 2634 τὸ
2845 2583 3035 2652 ὥσπερ
3066 2584 3122 2635 ἐν
3155 2586 3327 2652 σκηνῇ
3357 2601 3414 2634 τε
3446 2584 3536 2635 καὶ
3565 2583 3694 2647 δρά-

2125 2693 2252 2744 ματι
2285 2678 2353 2728 τὰ
2401 2675 2521 2728 θεῖα
2555 2674 2833 2730 δεικνύναι
2865 2677 2969 2729 οὐκ
3004 2676 3248 2737 εὐσεϐὲς,
3298 2679 3390 2730 καὶ
3441 2677 3514 2747 μὴ
3543 2678 3690 2729 δεδο-

2125 2766 2305 2832 μένον,
2342 2766 2477 2834 μηδὲ
2504 2767 2851 2832 Χριστιανοϊς
2884 2766 3052 2830 ἄξιον.
3093 2767 3156 2818 Ei
3189 2768 3234 2818 δ’
3263 2766 3469 2819 εἴποιεν
3498 2766 3569 2828 ὡς
3599 2769 3694 2818 καὶ

2121 2856 2170 2909 οἱ
2201 2857 2269 2909 τὰ
2295 2855 2524 2908 τοιαῦτα
2553 2855 2959 2923 διενεργοῦντες
2990 2859 3156 2923 ἱερεῖς
3186 2857 3397 2909 τελοῦσι
3433 2859 3528 2910 καὶ
3557 2859 3697 2910 κατὰ

2122 2947 2280 3000 τοῦτο
2330 2948 2557 3000 δυνατὸν
2610 2949 2808 3010 αὐτοὺς
2839 2947 2929 3000 τὸν
2975 2947 3179 3016 Κύριόν
3212 2965 3270 3000 τε
3304 2950 3397 3000 καὶ
3427 2950 3525 3008 τὴν
3559 2968 3697 3019 παρ-

2121 3041 2274 3092 θένον
2305 3039 2469 3092 αὐτοῦ
2509 3039 2718 3108 μητέρα
2750 3039 2977 3103 τυποῦν,
3011 3040 3113 3092 οὑκ
3145 3040 3365 3106 εὔλογον
3396 3042 3452 3092 ἐν
3483 3042 3697 3105 τούτοις

2122 3129 2280 3183 τοῦτο
2314 3131 2507 3184 ποιεῖν.
2542 3129 2808 3188 ίΤυποῦσι
2848 3131 2945 3200 μὲν
2977 3131 3087 3200 γὰρ
3118 3132 3173 3184 ἐν
3207 3126 3286 3194 οἷς
3324 3133 3466 3194 δέον,
3511 3135 3569 3184 ἐν
3617 3133 3697 3200 τῷ

2128 3221 2430 3287 βαπτίζειν,
2490 3225 2548 3275 ἐν
2589 3221 2668 3292 τῷ
2723 3224 3051 3293 ἱερουργεῖν,
3089 3225 3147 3276 ὲν
3197 3224 3275 3293 τῷ
3326 3225 3535 3277 νίπτειν
3570 3227 3698 3288 τοὺς

2126 3315 2291 3377 πόδας
2334 3312 2600 3384 ἀλλήλων,
2637 3316 2713 3376 ώς
2749 3317 2842 3369 καὶ
2888 3319 3001 3378 τοῖς
3045 3315 3248 3376 λοιποῖς
3286 3311 3369 3376 οῖς
3414 3317 3640 3384 εἴρηκεν
3668 3321 3694 3370 ὁ

2124 3407 2334 3475 Σωτὴρ,
2363 3403 2445 3469 οἷς
2473 3409 2720 3474 ἐνεργεῖν
2753 3409 3016 3478 ἱεράρχας
3048 3408 3142 3459 καὶ
3186 3408 3353 3476 ἱερεῖς
3401 3407 3694 3473 παραδέδο-

2120 3513 2232 3550 ται.
2265 3497 2372 3550 Καὶ
2400 3497 2528 3559 τοὺς
2556 3499 2834 3568 ὑμνῳδοὺς
2863 3498 2916 3550 δὲ
2946 3497 3038 3549 καὶ
3061 3495 3456 3562 ἀναγινώσκειν
3482 3497 3688 3561 ἐσφρα-

2121 3590 2439 3657 γισμένους,
2467 3590 2524 3640 ἐν
2569 3589 2648 3657 τῷ
2694 3588 3096 3654 ἀναγινώσκειν
3123 3604 3181 3639 τε
3229 3589 3319 3638 καὶ
3351 3588 3559 3655 ὑμνεῖν.
3612 3587 3688 3639 Οὐ

2123 3679 2227 3748 μὴν
2260 3679 2315 3732 δέ
2346 3696 2409 3744 γε
2453 3679 2819 3747 σταυροῦσθαι
2849 3680 2940 3729 καὶ
2975 3679 3184 3746 ἐκχέειν
3215 3675 3350 3745 αἷμα
3381 3676 3625 3746 ψευδῶς,
3652 3677 3687 3748 ἢ

2123 3772 2322 3839 μᾶλλον
2346 3766 2484 3839 αἷμα
2510 3771 2672 3835 ζώου·
2705 3772 2753 3822 εί
2782 3773 2857 3839 μὴ
2886 3771 3028 3823 κατὰ
3056 3769 3115 3820 τὸ
3141 3764 3441 3839 μαρτύριον
3472 3770 3690 3837 ἀληθῶς

2118 3865 2321 3916 οἰκεῖον
2354 3859 2493 3932 αἷμα
2533 3862 2745 3932 ἐκχέειν
2775 3879 2858 3924 τις
2902 3862 3163 3932 αἱρεῖται,
3197 3864 3292 3916 καὶ
3321 3862 3400 3915 ἔτι
3437 3863 3577 3916 κατὰ
3627 3862 3692 3914 τὸ

2120 3955 2430 4024 σταυρῶσαι
2476 3956 2576 4016 τὴν
2626 3954 2801 4024 σάρκα
2833 3955 2930 4006 σὺν
2963 3957 3079 4017 τοῖς
3110 3953 3402 4024 παθήμασι
3447 3954 3543 4007 καὶ
3571 3956 3690 4018 ταῖς

2117 4048 2438 4117 ἐπιθυμίαις
2495 4048 2770 4119 (καθάπερ
2818 4046 3029 4110 nam;
3081 4047 3272 4117 φησιν)
3321 4046 3688 4114 ἀγωνίζεται,

2117 4139 2211 4190 καὶ
2245 4139 2328 4203 τὸ,
2353 4139 2436 4191 ὅτι
2474 4155 2494 4190 ‹
2541 4137 2697 4206 Ἐμοὶ
2731 4140 2758 4191 ὁ
2788 4137 2992 4208 κόσμος
3026 4137 3390 4207 ἐσταύρωται,
3422 4135 3578 4205 κάγὼ
3612 4135 3691 4204 τῷ

2115 4231 2329 4298 κόσμῳ,
2375 4249 2392 4280 ι
2432 4233 2524 4282 καὶ
2555 4230 2690 4300 πρὸς
2722 4229 2880 4283 τοῦτο
2913 4230 3116 4293 πάντες
3142 4229 3542 4282 σπευδέτωσαν.
3583 4229 3691 4281 Καὶ

2115 4322 2217 4389 τὴν
2247 4321 2530 4392 Παρθένον
2557 4322 2612 4375 δὲ
2644 4321 2912 4374 Θεοτόκον
2943 4319 3121 4381 οὐδεὶς
3149 4319 3507 4391 ἐκμιμεῖσθαι
3529 4318 3690 4371 δύνα-

2114 4427 2201 4461 ται
2232 4410 2264 4479 ἢ
2293 4412 2436 4465 κατὰ
2468 4411 2568 4481 τὴν
2594 4412 2839 4479 ἁγνείαν,
2869 4411 2902 4481 ἢ
2940 4411 3000 4462 τὸ
3030 4414 3086 4462 ἐν
3129 4411 3408 4480 Πνεύματι
3442 4409 3688 4476 συλλαμ-

2117 4500 2306 4556 ϐάνειν
2369 4506 2532 4572 σαρκὶ
2587 4505 2682 4556 καὶ
2737 4507 2941 4557 τίκτειν
2998 4503 3087 4555 τον
3137 4504 3362 4570 Κύριον,
3408 4503 3491 4554 ὅτι
3527 4502 3687 4569 μόνον

444 4579 547 4633 ista
567 4586 800 4642 tantum,
823 4593 1010 4633 verum
1029 4579 1190 4632 etiam
1214 4577 1364 4645 plura
1384 4578 1584 4634 similia
1618 4578 1796 4635 Latini
1835 4581 2012 4638 facere

2123 4593 2276 4647 τοῦτό
2307 4595 2400 4647 καὶ
2429 4593 2582 4663 παρὰ
2613 4594 2774 4664 μόνῃο
2801 4595 3050 4663 μιμεῖται
3080 4593 3136 4645 δέ
3170 4609 3253 4654 τις
3284 4594 3475 4662 αὐτὴν,
3513 4595 3687 4658 ἁγνῶς

440 4681 492 4728 et
507 4670 815 4739 echgitare
830 4685 936 4724 non
951 4669 1222 4724 dubitant.
1241 4669 1379 4724 Hinc
1399 4672 1561 4726 etiam
1581 4672 1880 4727 secundum
1894 4671 2016 4729 Ori-

440 4775 630 4832 gencm
653 4760 1372 4829 (inetndecernnntinterni,
1412 4765 1783 4832 purgatorium
1831 4765 2016 4821 nescio

435 4853 578 4922 quod
594 4861 719 4918 apte
733 4860 997 4914 tormenta
1039 4867 1226 4907 eorum
1243 4855 1690 4922 expurgatorium
1712 4872 2015 4924 proponen-

435 4946 519 5007 tes
560 4938 611 4991 in
647 4937 790 5006 quod
813 4939 905 5008 qui
939 4939 1302 5009 deliquerunt,
1328 4944 1714 5011 ingredientes,
1741 4944 2012 5014 inquiunt,

435 5045 627 5104 pugnas
644 5029 798 5099 luunt
817 5029 883 5083 ad
903 5029 1046 5082 diem
1073 5041 1582 5098 usqueextremum.
1596 5035 1752 5100 Quod
1770 5052 1930 5093 nemo
1947 5055 2012 5093 ex

434 5105 638 5187 Sanctis
658 5123 850 5188 tenuit,
872 5130 1133 5184 tanquam
1151 5123 1294 5191 quod
1326 5126 1490 5184 verba
1513 5123 1728 5195 Domini
1743 5128 2011 5194 destruat,

435 5230 556 5282 qua:
594 5213 794 5281 inferni
829 5229 1042 5285 poenas,
1079 5217 1540 5284 quemadmodum
1565 5229 1622 5282 et
1657 5223 1820 5280 vitam
1848 5234 2012 5284 atter-

436 5323 580 5373 nam,
595 5319 824 5363 aeternas
837 5317 1112 5378 astruunt,
1131 5323 1195 5364 ac
1215 5309 1384 5364 divini
1398 5309 1547 5366 Pauli
1565 5313 1708 5370 dicta
1721 5317 2010 5382 convellat,

435 5401 504 5458 de
523 5400 727 5455 sanctis
747 5412 1041 5468 asserente,
1063 5403 1154 5470 qui
1191 5403 1244 5456 in
1275 5403 1378 5463 (ide
1411 5404 1576 5461 vitam
1601 5422 1852 5475 posuere,
1877 5425 2013 5463 non-

436 5488 566 5558 dum
597 5499 816 5559 propter
840 5506 938 5544 uos
967 5493 1238 5561 recepisse
1272 5495 1718 5564 promissionem,
1767 5513 1868 5552 nec.
1894 5499 2012 5553 sine

438 5581 594 5636 nobis
619 5580 1000 5648 perfectionem
1037 5596 1338 5653 assecutos,
1371 5597 1425 5644 et
1456 5598 1586 5658 tunc
1621 5590 2015 5659 perfectionem,

441 5671 679 5732 futuram
721 5686 869 5736 esse,
898 5688 1022 5727 cum
1055 5691 1156 5730 nos
1180 5693 1551 5748 resurgemus,
1583 5689 1640 5736 et
1667 5682 1870 5751 singuli
1931 5697 2013 5740 re.-

437 5761 640 5832 cipient
663 5759 827 5815 simul
853 5777 976 5818 cum
1008 5778 1258 5834 corpore,
1291 5782 1416 5821 cum
1439 5785 1550 5836 quo
1581 5779 2008 5838 autpeccarunt,

439 5852 836 5938 autiavudabilia
868 5865 1172 5928 gesserunt,
1200 5861 1498 5917 secundum
1543 5875 1709 5931 opera
1757 5877 1881 5920 sua.
1943 5865 2012 5938 Et

2125 4686 2257 4755 βιῶν
2286 4686 2381 4739 καὶ
2417 4683 2778 4756 παρθενεύειν
2810 4682 3154 4754 αἱρούμενος,
3182 4683 3328 4748 ἄξιός
3356 4702 3414 4737 τε
3439 4685 3536 4754 τῆς
3561 4686 3690 4737 ὑπο.

2120 4779 2283 4848 δοχῆς
2316 4777 2420 4846 τῆς
2452 4777 2680 4847 χάριτος
2709 4775 2783 4840 ὡς
2809 4775 3038 4830 δυνατὸν
3065 4776 3421 4846 δεδειγμένος.
3458 4779 3690 4830 Εὖκτέον

2121 4873 2304 4922 τοίνυν
2336 4869 2392 4922 ἐν
2427 4866 2643 4931 τούτοις
2677 4866 2754 4929 ὡς
2805 4868 3041 4938 ἐγχωρεῖ
3085 4868 3292 4929 πάντας
3339 4867 3506 4934 αὐτὴν
3537 4869 3690 4937 ἐκμι-

2123 4961 2426 5030 μήσασθαι.
2478 4961 2542 5014 Εί
2570 4961 2626 5014 δὲ
2663 4961 2757 5014 καὶ
2790 4958 2866 5023 ὡς
2905 4961 3004 5022 τὰς
3035 4959 3389 5029 γραφομένας
3439 4959 3586 5020 θείας
3618 4960 3691 5009 εἰ-

2119 5052 2280 5116 κόνας
2310 5054 2485 5106 ταῦτά
2533 5069 2720 5120 φασιν,
2768 5052 2828 5106 οὐ
2877 5056 3021 5104 κατὰ
3065 5051 3222 5120 λόγον
3254 5052 3281 5102 ὁ
3305 5051 3484 5117 λόγος,
3518 5052 3598 5103 ὅτι
3631 5052 3689 5100 ὲν

2117 5143 2461 5214 είκονίσμασι
2511 5145 2613 5213 μὲν
2658 5144 2874 5213 ἀληθῶς
2903 5142 3089 5209 εἰκὼν,
3123 5143 3218 5196 καὶ¹
3247 5144 3486 5211 Χριστοῦ
3520 5140 3688 5194 εἰκὼν

2117 5236 2464 5305 γραφομένη,
2495 5237 2587 5287 καὶ
2619 5229 2758 5302 αἷμα
2783 5232 3198 5302 είκονιξόμενον,
3225 5235 3318 5286 καὶ
3343 5233 3478 5286 Θεοῦ
3505 5233 3688 5302 μήτηρ

2119 5323 2176 5375 ἐν
2215 5325 2408 5390 εἰκόνι,
2439 5324 2534 5376 καὶ
2563 5323 2817 5390 ἄγγελος,
2879 5325 2973 5376 καὶ
3009 5324 3324 5386 ἀπόστολος,
3366 5325 3458 5376 καὶ
3501 5323 3688 5392 ἱεράρ-

2116 5431 2238 5484 χης,
2279 5414 2374 5467 καὶ
2405 5413 2636 5483 μάρτυς,
2675 5414 2772 5465 καὶ
2801 5413 2864 5465 τὸ
2913 5413 3138 5484 Πνεῦμα
3172 5415 3229 5467 ὲν
3275 5414 3401 5466 εῖδει
3432 5430 3688 5483 περιστε-

2119 5507 2239 5574 ρᾶς,
2271 5507 2364 5558 καὶ
2406 5506 2586 5558 πάντα
2617 5503 2804 5569 εἰκὼν,
2835 5505 2927 5557 καὶ
2962 5506 3037 5567 ὡς
3068 5507 3176 5558 τῶν
3211 5504 3367 5558 θείων
3391 5506 3597 5567 εἰκόνες
3626 5523 3686 5557 τε

2123 5597 2220 5648 καὶ
2247 5595 2482 5665 γραφαὶ,
2518 5596 2900 5665 προσκυνηταὶ
2926 5597 3021 5648 καὶ
3049 5598 3335 5666 σεϐάσμιοι
3363 5611 3376 5624 ’
3406 5598 3466 5649 τὸ
3498 5597 3552 5649 δὲ
3596 5598 3686 5649 ἀν-

2118 5686 2368 5755 θρώπους
2419 5685 2598 5740 ταῦτα
2661 5686 2947 5754 μιμεῖσθαι
2987 5686 3087 5739 οὐκ
3133 5687 3351 5754 εὐαγές.
3419 5687 3557 5740 Ἀλλ’
3622 5689 3683 5740 οὐ

2121 5778 2281 5848 μόνον
2310 5777 2503 5839 ταῦτα,
2536 5778 2630 5830 καὶ
2659 5777 2885 5832 πλεῖστα
2916 5778 2971 5830 δέ
3004 5795 3067 5846 γε
3100 5776 3323 5832 τοιαῦτα
3369 5779 3428 5830 οὐ
3483 5796 3683 5848 παραι-

2115 5866 2334 5946 τοῦνται
2362 5870 2580 5924 Λατῖνοι
2614 5872 2788 5925 ποιεῖν
2820 5869 2914 5924 καὶ
2946 5871 3183 5940 φρονεῖν.
3217 5869 3378 5923 Ὅθεν
3412 5870 3551 5923 κατὰ
3591 5867 3682 5922 τὸν
