4050 6266
411 315 514 384 119

1247 324 1631 387 SYMEONIS
1669 323 2423 393 THESSALONICENSIS
2461 329 2829 395 ARCHIEP.

3577 325 3676 394 I20

406 453 534 508 quas
565 437 742 494 Latini
767 438 1204 511 in'dogmatihus
1233 451 1287 496 et
1337 444 1693 499 sanctissimo
1729 444 1989 515 Synrholo
2020 501 2021 505 η

2110 448 2257 502 Ξὺνου
2306 448 2520 514 πλάνην
2553 447 2928 520 καταισχύνας
2959 466 3018 502 τε
3047 447 3146 502 καὶ
3184 442 3515 502 καταϐαλών
3535 457 3552 477 ο
3580 447 3674 501 καὶ

404 542 746 588 novaverunt
779 549 991 588 necnon
1021 536 1086 590 de
1108 536 1362 605 superbia
1395 553 1582 590 eorum
1620 537 1782 591 locuti
1842 547 1990 604 sunt,

419 624 617 693 suique
649 624 887 680 nominis
915 626 1076 696 digna
1106 634 1155 680 cl
1181 627 1361 681 divina
1411 627 1880 696 conscripserunt.
1931 644 1996 682 ac

415 714 610 769 idonea
656 715 858 784 quibus
911 717 1046 786 lapsi
1105 717 1448 787 erigerentur
1498 718 1748 774 veritatis
1815 717 1990 786 gratia
2032 769 2034 771 ,

423 810 792 878 protulerunt.
825 809 980 866 Unde
1008 810 1110 880 ipsi
1150 810 1215 864 ad
1249 826 1310 864 ea
1343 826 1464 880 qua
1499 809 1669 863 nostri
1730 809 1992 864 dixerunt

411 899 570 964 quasi
603 914 668 954 ex
694 901 953 969 apostolis
988 910 1041 954 et
1069 899 1323 956 Patrihus
1352 910 1536 956 essent
1566 901 1757 954 oculos
1811 901 1995 954 inten-

403 988 622 1055 damus,
651 1001 705 1046 et
732 991 890 1047 facile
920 992 1359 1047 adversariorum
1398 994 1503 1048 tela
1549 992 1996 1062 exstinguemus,

412 1083 683 1153 nobisque
707 1086 950 1139 veritatis
977 1086 1158 1140 lumen
1211 1085 1576 1141 servabimus.
1633 1082 1846 1139 Utvero
1900 1082 1993 1136 tibi

406 1189 508 1227 nos
535 1175 811 1229 modicam
844 1179 1216 1248 cognitionem
1266 1177 1570 1244 tradamus,
1623 1191 1721 1247 pro
1785 1175 1996 1231 viribus

405 1283 468 1320 ex
501 1269 661 1322 dictis
695 1269 916 1325 Patrum
947 1272 1200 1326 dicimus.
1264 1271 1494 1336 Latinis,
1557 1271 1651 1340 qui
1699 1268 1994 1340 primatum

405 1361 654 1416 Romano
690 1374 966 1430 astruunt,
1001 1365 1378 1420 contradicere
1408 1379 1547 1433 Opus
1579 1378 1684 1418 non
1713 1371 1797 1418 est
1833 1379 1848 1428 ;
1901 1376 1997 1417 ne-

405 1471 511 1522 que
564 1457 617 1510 id
652 1457 798 1511 laedit
861 1455 1183 1512 Ecclesiam.
1237 1455 1546 1512 Ostendant
1611 1453 2002 1510 tantummodo

403 1552 583 1618 ipsum
614 1548 665 1601 in
705 1548 846 1602 Petri
874 1548 976 1603 tide
1005 1559 1059 1604 et
1087 1550 1234 1603 illius
1258 1564 1643 1605 successorum
1666 1548 1996 1618 persistere;

403 1651 458 1693 et
483 1638 681 1694 haheat
714 1639 815 1692 sihi
864 1639 1021 1708 Pctrij
1051 1640 1260 1703 ornuia.
1312 1648 1366 1694 et
1422 1639 1634 1708 primus
1681 1638 1754 1694 sit
1782 1646 1849 1694 et:
1878 1653 1997 1692 ver-

406 1741 494 1784 tex
519 1743 570 1783 et
587 1741 749 1801 caput
767 1731 1013 1784 omnium
1036 1743 1081 1786 et
1101 1747 1391 1801 supremus
1410 1731 1673 1799 antistes;
1694 1729 1744 1783 id
1765 1729 1909 1784 enim
1929 1731 1996 1782 de

2102 543 2201 596 σὺν
2253 542 2436 604 αὐτοῖς
2471 541 2652 613 ἕτεροι
2697 543 2942 596 πλεῖστοι
2981 541 3092 596 τῶν
3123 540 3310 596 θεόθεν
3341 539 3676 608 ἐκλελεγμέ-

2101 653 2228 697 νων,
2258 635 2387 706 περί
2418 653 2476 688 τε
2511 635 2612 702 τῆς
2645 636 3006 705 καινοτομίας
3039 635 3294 689 Λατίνων
3324 634 3427 702 τῆς
3479 635 3536 687 ἐν
3565 635 3679 697 τοῖς

2098 726 2336 797 δόγμασι
2389 728 2592 796 καὶτῷ
2644 729 2928 797 ἱερωτάτη)
2956 728 3238 798 Συμϐόλῳ,
3276 728 3374 780 καὶ
3413 727 3542 797 περὶ
3597 721 3674 779 ὧν

2100 819 2483 891 ὑπερηφάνως
2532 819 2810 886 λαλοῦσιν,
2855 821 3026 886 ἀξίως
3060 821 3272 875 ἑαυτῶν
3324 821 3525 872 ἐκεῖνοι
3584 820 3681 871 καὶ

2102 910 2263 974 θείως
2305 911 2746 980 συνεγράψαντο.
2801 913 2911 966 Kal.
2951 911 3113 966 ίκανὰ
3142 913 3211 965 τὰ
3263 909 3395 980 παρ’
3448 911 3680 963 ἐκείνων

2100 1004 2203 1070 τῆς
2250 1003 2514 1074 ἀληθείας
2564 1003 2730 1074 χάριν
2787 1004 2883 1057 καὶ
2927 1003 3023 1057 τοῦ
3069 999 3523 1071 ἐπανορθωθῆναι
3553 1000 3683 1062 τοὺς

2101 1099 2520 1161 καταπεσόντας
2545 1099 2806 1166 ρηθέντα.
2839 1097 3005 1150 Ὅθεν
3035 1096 3129 1149 καὶ
3152 1097 3317 1164 ἡμεῖς
3336 1094 3470 1163 πρὸς
3496 1095 3681 1146 ἐκεῖνα

2098 1188 2341 1259 ὁρῶμεν,
2375 1188 2522 1258 ἅπερ
2551 1188 2762 1258 ἔφησαν
2798 1190 2849 1241 οί
2880 1189 3060 1260 ἡμῶν,
3096 1187 3174 1251 ὡς
3204 1189 3268 1240 ὲκ
3300 1186 3410 1239 τῶν
3445 1185 3681 1239 ἀποστό-

2103 1282 2211 1336 λων
2263 1281 2395 1336 ὄντα
2431 1281 2673 1335 καὶτῶν
2719 1281 3007 1350 Πατέρων,
3063 1280 3159 1334 καὶ
3196 1279 3399 1339 ἱκανῶς
3445 1279 3684 1348 ἐσόμεθα

2101 1377 2171 1428 τὰ
2197 1373 2306 1428 τῶν
2343 1374 2605 1428 ἐναντίων
2634 1371 3130 1439 κατασϐεννύντες,
3165 1374 3262 1426 καὶ
3287 1373 3423 1442 ἡμῖν
3458 1374 3518 1425 τὸ
3552 1373 3688 1442 φέγο

2103 1483 2200 1535 γος
2229 1467 2330 1536 τῆς
2355 1465 2622 1536 ἀληθείας
2681 1464 3211 1536 περιφυλάσσοντες.
3252 1465 3370 1516 Ἵνα
3395 1464 3452 1518 δέ
3480 1481 3562 1517 σοι
3591 1465 3688 1516 καὶ

2107 1556 2312 1628 μικρὰν
2348 1549 2452 1612 ὦδε
2477 1556 2579 1627 τὴν
2609 1557 2816 1626 εῐδησιν
2850 1557 3037 1626 δῶμεν
3067 1558 3163 1609 καὶ
3197 1557 3383 1625 ἡμεῖς,
3419 1557 3494 1618 ὡς
3523 1555 3688 1608 δύνα-

2112 1666 2206 1717 μις
2239 1650 2303 1701 ὲκ
2344 1649 2452 1702 τῶν
2506 1649 2621 1711 τοῖς
2672 1648 2853 1713 ἁγίοις
2902 1648 3179 1718 ῥηθέντων
3234 1649 3438 1718 φαμὲν,
3498 1649 3574 1712 ὡς
3626 1649 3687 1702 τὸ

2102 1741 2286 1808 λέγειν
2347 1742 2614 1802 Λατίνους
2650 1741 2870 1810 πρῶτον
2927 1736 3070 1794 εἶναι
3116 1741 3209 1794 τὸν
3257 1741 3503 1811 Ῥώμης,
3543 1742 3690 1795 ἀντι-

405 1823 739 1892 patriarchis
773 1821 1055 1889 Romanis,
1077 1824 1167 1890 qui
1197 1839 1295 1892 pro
1322 1833 1567 1894 tempore
1597 1820 1838 1888 fuerunt,
1863 1821 1998 1876 scri-

2110 1807 2284 1902 λέγειν
2315 1835 2417 1889 οὐκ
2450 1807 2776 1901 ἀναγκαῖον,
2812 1835 2934 1888 οὐδὲ
2967 1807 3555 1904 παραϐλάσττον-τοῦτο
3586 1835 3688 1904 τὴν

410 1923 557 1982 ptum
590 1923 675 1968 est
709 1924 799 1979 ;et
831 1915 1165 1984 apostolicus
1198 1916 1286 1969 hic
1317 1915 1567 1979 thronus,
1604 1915 1778 1984 et,qni
1813 1914 1867 1968 in
1934 1927 2002 1967 eo

411 2004 636 2064 insidet,
656 2003 922 2074 pontilex,
951 2014 1158 2059 rectam
1187 2005 1344 2058 ﬁdem
1366 2013 1580 2068 tenens,
1603 2018 1894 2058 successor
1920 2001 2002 2056 di-

407 2090 550 2143 citur
583 2090 762 2156 Petri;
791 2092 1087 2158 nullusque
1115 2102 1261 2146 reCIe
1303 2093 1662 2146 sentientium
1688 2103 1741 2146 et
1770 2093 2000 2162 loquen-

408 2183 545 2235 tium
594 2185 904 2252 oppositum
967 2183 1280 2240 aﬂlrmabit.
1310 2185 1436 2240 ideo
1465 2186 1702 2240 secunda
1737 2184 1998 2256 synodus.

419 2275 542 2329 licet
595 2276 826 2344 mqualia
886 2275 1160 2345 judicarct
1217 2277 1363 2332 sedis
1440 2278 2004 2346 Constantinopolita-

421 2381 507 2419 nae
550 2362 698 2432 jura.
730 2365 968 2435 primum
1002 2382 1125 2421 esse
1186 2367 1322 2421 dixit
1383 2366 1692 2423 Romanum
1772 2368 1995 2438 pontilio

409 2473 554 2520 cem.
607 2467 659 2511 et
725 2457 848 2512 licet
901 2458 1410 2529 ConstantinOpolfs
1481 2463 1799 2529 episcopum
1853 2467 2000 2514 tanta

409 2548 573 2616 posse
603 2557 814 2616 putaret
847 2543 1050 2618 quanta
1081 2549 1267 2606 Romae
1301 2552 1610 2621 episcopus,
1639 2551 1790 2620 illum
1823 2560 2002 2606 tamen

411 2647 537 2708 post
570 2640 719 2696 hunc
751 2644 1052 2695 secundum
1109 2653 1370 2711 prtestare
1421 2643 1580 2700 dixit.
1621 2642 1690 2697 Et
1744 2653 2001 2714 quartum

359 2778 361 2780 .
413 2733 704 2786 concilium
742 2732 796 2786 in
821 2748 930 2802 quo
984 2733 1208 2804 triginta
1262 2744 1316 2789 et
1350 2735 1577 2790 trecenti
1628 2744 2004 2791 convenerunt

412 2824 678 2892 episcopi,
708 2826 897 2877 eodem
936 2824 1196 2880 innovate
1241 2837 1450 2881 statuto
1509 2829 1661 2895 paria
1718 2827 1856 2882 dixit
1882 2828 2004 2895 jura

416 2916 649 2973 Romani
702 2928 757 2972 et
806 2920 1397 2991 Constantinopolitani
1471 2923 1766 2993 pontilicis.
1824 2925 2004 2994 ipsum

413 3022 544 3061 vero
578 3007 838 3072 Leonem,
876 3009 968 3078 qni
1005 3011 1266 3079 epistolas
1294 3011 1360 3065 ad
1409 3013 1706 3066 concilium
1764 3014 2004 3084 scripsit,

421 3101 786 3170 apostolicum
824 3111 1156 3156 vocaverunt
1200 3102 1390 3156 Patres
1422 3105 1660 3169 concilii,
1696 3115 2005 3162 asserentes

415 3210 477 3248 sc
517 3210 700 3249 vocem
739 3195 859 3265 ejus
915 3195 1062 3249 velut
1095 3196 1243 3250 Petri
1308 3197 1578 3265 accipere,
1611 3207 1665 3252 et
1689 3199 2002 3254 columnam

418 3291 579 3339 rectae
614 3284 736 3339 lidei
786 3285 1074 3354 epistolam
1130 3286 1250 3354 ejus
1301 3286 1760 3352 nominaverunt;
1795 3302 2005 3342 necnon

417 3377 612 3430 Patres
675 3387 843 3432 sextae
893 3378 1255 3448 septimaeque
1298 3378 1492 3448 synodi
1547 3388 1603 3433 et
1681 3388 2007 3441 exterarum

424 3472 608 3525 sedem
669 3471 840 3540 ipsam
895 3471 1252 3540 apostolicam
1301 3472 1597 3542 appellant,
1649 3483 1704 3526 et
1766 3487 1868 3527 nos
1898 3486 2006 3526 non

421 3561 722 3620 :iulcrimus
750 3562 969 3617 Patrum
1013 3564 1188 3634 leges;
1243 3577 1446 3620 rectam
1481 3565 1640 3620 (idem
1683 3572 2014 3619 tantummo-

419 3655 492 3709 do
518 3653 837 3723 proﬁtcatur
856 3653 1109 3709 Silvcstri
1129 3663 1182 3708 et
1200 3653 1533 3726 Agathonis,
1558 3655 1754 3711 Leonis
1781 3666 1832 3710 et
1855 3655 2012 3710 Libe-

419 3747 510 3810 rii,
576 3747 796 3802 Martini
864 3759 1031 3818 atque
1081 3748 1330 3820 Gregorii
1383 3763 1672 3806 successor
1731 3747 2013 3804 Romanus

419 3840 685 3908 pontifex,
719 3849 774 3895 et
821 3851 950 3896 tunc
1007 3841 1156 3895 illum
1185 3842 1549 3910 apostolicum
1581 3850 2014 3910 cactcrorumque

419 3933 737 4001 poutilicum
804 3934 1104 4003 principem
1154 3932 1606 4001 prrdicahimus;
1665 3945 1721 3988 ct
1750 3933 1852 4004 ipsi
1887 3933 2014 3988 obe-

426 4027 690 4082 dientiam
733 4027 1138 4096 praestabimus,
1195 4041 1303 4080 non
1366 4036 1576 4081 tantum
1639 4027 1790 4083 velut
1825 4027 2010 4090 Petro,

423 4120 520 4176 sed
573 4120 738 4174 etiam
777 4121 926 4174 velut
957 4119 1060 4188 ipsi
1102 4117 1396 4173 Salvatori.
1451 4121 1521 4174 At
1583 4119 1630 4174 si
1693 4128 2012 4173 sanctorum

334 4213 352 4224 ‘
431 4212 650 4266 illorum
679 4212 800 4266 ﬁdei
835 4211 1008 4266 haeres
1034 4227 1142 4264 non
1186 4211 1278 4275 sit,
1311 4227 1484 4283 neque
1511 4212 1655 4266 sedis
1686 4211 1790 4266 erit
1815 4211 2010 4274 haeres,

425 4321 603 4376 neque
651 4307 812 4361 modo
863 4321 1208 4375 nequaquam
1256 4307 1361 4360 erit
1413 4306 1776 4373 apostolicus,
1832 4320 2012 4374 neque

423 4402 656 4470 primus,
692 4413 866 4467 neque
892 4397 1075 4462 Pater,
1101 4399 1196 4454 sed
1237 4401 1548 4454 econtratio
1581 4399 1932 4453 adversarius
1959 4409 2010 4453 et

422 4502 670 4548 vastator
703 4502 755 4545 et
797 4492 1172 4561 apostolorum
1239 4492 1521 4546 inimiCus.
1577 4490 1727 4545 Unde
1789 4491 2012 4544 memini

423 4586 628 4656 aliquid
686 4585 796 4639 tale
847 4585 916 4638 ad
974 4587 1268 4656 quemdam
1333 4600 1396 4638 ex
1460 4595 1617 4654 parte
1693 4581 2014 4637 Latinorum

422 4682 897 4751 Coostantinopoli
955 4680 1450 4750 dixisse..Quippe
1501 4693 1623 4733 cum
1678 4677 1724 4731 is
1772 4689 1858 4728 me
1905 4674 2016 4730 col-

425 4777 712 4830 locuturus
743 4774 1025 4837 adivissct,
1089 4771 1493 4842 argumentanti
1556 4768 1814 4839 respondi
1869 4783 2017 4837 quac-

427 4881 646 4935 cunque
689 4864 837 4918 Deus
878 4866 1011 4919 mihi
1060 4865 1208 4918 dedit
1240 4879 1308 4919 ex
1355 4872 1674 4918 sanctorum
1702 4862 1825 4930 ejus
1854 4862 2018 4917 dictis

428 4964 496 5018 de
521 4966 641 5035 ipso
658 4963 968 5032 divinisque
988 4962 1160 5031 ipsius
1181 4962 1498 5015 veizitatihus
1521 4962 1725 5015 dicere.
1751 4960 2015 5028 Denique,

431 5057 637 5122 Quare,
684 5057 880 5125 inquit,
917 5070 1042 5109 cum
1075 5052 1310 5110 Orientis
1357 5053 1707 5123 pontilicitms
1751 5054 2020 5138 dictisque

437 5143 766 5218 patriarehis
791 5148 1108 5202 societatem
1131 5147 1277 5201 initis
1294 5156 1457 5214 atque
1476 5147 1796 5200 memoriam
1825 5161 2017 5201 eorum

433 5243 489 5293 in
511 5239 751 5296 Ecclesia
777 5240 980 5309 facitis,
1001 5239 1103 5295 etsi
1126 5241 1237 5295 sint
1257 5239 1470 5294 barbari
1496 5247 2021 5309 nequecognoscant

441 5333 573 5402 quid
599 5334 669 5386 sit
694 5334 1179 5395 Christianismus,
1204 5348 1398 5402 papam
1431 5342 1611 5386 autem
1638 5331 1764 5386 licet
1800 5332 2019 5400 sapiens

442 5427 514 5478 sit
534 5428 788 5494 virosque
807 5428 994 5480 doctos
1013 5427 1212 5495 quihus
1235 5425 1466 5495 stipatur
1491 5422 1714 5478 minime
1737 5421 2022 5492 accipitis?

439 5515 541 5571 Cui
577 5517 830 5586 respondi
865 5533 964 5572 nos
1005 5533 1201 5588 papam
1264 5532 1452 5571 verum
1486 5530 1830 5585 nequaquam
1859 5526 2021 5566 aver-

440 5608 573 5673 sari,
612 5622 767 5662 neca
829 5609 1219 5662 communione
1271 5617 1456 5662 nostra
1512 5605 1762 5674 rejicerc,
1805 5605 2023 5672 imoque

438 5710 542 5754 nos
591 5712 713 5751 cum
741 5699 833 5752 illo
859 5698 1002 5756 sicut
1031 5711 1154 5754 cum
1185 5699 1406 5754 Chrism
1431 5714 1596 5751 utinm
1645 5710 1789 5761 esse,
1815 5695 2023 5764 ipsum-

444 5803 554 5862 que
609 5799 816 5861 patrem
899 5801 948 5846 el
1006 5799 1279 5861 pastorem
1347 5788 1639 5860 appellare.
1697 5785 1790 5841 ille
1843 5795 2021 5843 autem

2116 1927 2450 1998 Ἐκκλησίαν
2505 1925 2645 1979 ἐστί.
2704 1924 3052 1990 Δειξάτωσαν
3107 1926 3270 1994 μόνον
3317 1925 3481 1978 αὑτὸν
3531 1927 3590 1975 ὲν
3619 1927 3684 1992 τῇ

2105 2020 2285 2072 πίστει
2342 2018 2476 2071 ὄντα
2524 2018 2620 2070 τοῦ
2678 2017 2889 2087 Πέτρου
2944 2016 3041 2071 καὶ
3105 2017 3214 2069 τῶν
3270 2017 3536 2084 διαδόχων
3589 2014 3688 2068 τοῦ

2107 2113 2318 2180 Πέτρου
2348 2125 2364 2142 ⁸
2396 2111 2492 2164 καὶ
2524 2109 2704 2162 πάντα
2733 2109 2908 2178 ὲχέτω
2934 2108 3003 2162 τὰ
3035 2107 3128 2162 τοῦ
3157 2109 3390 2172 Πέτρου,
3419 2108 3514 2159 καὶ
3541 2107 3692 2175 πρῶ-

2105 2222 2194 2266 τος
2224 2204 2366 2257 ἔστω
2401 2204 2492 2257 καὶ
2521 2201 2739 2272 κορυφὴ
2770 2201 2867 2255 καὶ
2890 2201 3102 2270 κεφαλὴ
3132 2201 3374 2268 πάντων,
3399 2200 3490 2252 καὶ
3520 2200 3691 2269 ἄκρος

2105 2294 2422 2363 ἀρχιερεύς.
2455 2293 2564 2345 Καὶ
2595 2291 2705 2362 γὰρ
2745 2291 2905 2345 τοῦτο
2957 2292 3088 2359 περὶ
3139 2291 3247 2344 τῶν
3275 2292 3416 2344 κατὰ
3456 2291 3691 2360 καιροὺς

2107 2385 2468 2455 πατριαρχῶν
2516 2384 2741 2456 Ῥώμης
2792 2385 3132 2454 γέγραπται,
3187 2385 3286 2437 καὶ
3328 2381 3688 2444 ἀποστολικδς
3775 2379 3779 2384 ’

2107 2475 2266 2539 οὗτος
2299 2478 2326 2529 ό
2357 2475 2569 2545 θρόνος,
2603 2475 2699 2528 καὶ
2727 2478 2756 2529 ό
2786 2474 2872 2528 ἐπ’
2909 2475 3060 2544 αὑτῷ
3091 2476 3192 2543 τῆς
3223 2473 3532 2545 ὁρθοδοξίας
3567 2473 3690 2543 ἐχό-

2112 2584 2272 2638 μενος
2297 2568 2592 2637 ἀρχιερεὺς
2623 2567 2868 2638 διάδοχος
2897 2567 3122 2636 λέγεται
3173 2566 3269 2620 τοῦ
3304 2567 3512 2636 Πέτρου
3533 2581 3548 2596 ο
3585 2566 3684 2618 καὶ

2106 2661 2283 2723 οὐδεὶς
2327 2661 2436 2712 τῶν
2487 2660 2632 2731 ὀρθὰ
2669 2660 3018 2730 φρονούντων
3051 2678 3112 2714 τε
3159 2661 3253 2714 κού⁵
3284 2659 3557 2728 λεγόντων
3591 2659 3688 2711 ἐπὶ

2108 2751 2321 2815 τούτοις
2369 2751 2610 2822 ἀντερεῖ.
2679 2751 2839 2806 Ἐπεὶ
2890 2753 2988 2806 καὶ
3033 2753 3066 2824 ἡ
3108 2751 3340 2824 δευτέρα
3381 2751 3624 2814 σύνοδος,
3657 2751 3693 2822 ἡ

2108 2844 2298 2898 τὰ-ῐσα
2330 2843 2596 2914 πρεσϐεία
2625 2843 2704 2914 τῷ
2736 2844 3380 2906 Κωνσταντινουπό).εως
3421 2842 3690 2910 νέμουσα,

2110 2936 2327 3005 πρῶτον
2365 2933 2507 2989 εἶναι
2537 2935 2633 2988 τὸν
2678 2933 2899 3007 Ῥώμης
2940 2937 3100 3006 φησι,
3151 2937 3249 2989 καὶ
3278 2936 3372 2988 τδν
3399 2936 3501 3005 τῆς
3533 2935 3696 2989 Κωνο

2112 3027 2616 3090 σταντινουπόλεως
2663 3027 2754 3080 ίσα
2809 3027 2910 3096 μὲν
2963 3026 3041 3097 τῷ
3107 3027 3333 3098 Ῥώμης
3387 3028 3695 3098 δυνάμενον

2111 3117 2272 3185 εἶναι,
2304 3121 2557 3190 δεύτερον
2589 3120 2645 3173 δὲ
2680 3119 2800 3190 μετ’
2829 3120 3038 3174 ἐκεῖνον
3069 3122 3359 3191 ὑπάρχειν.
3391 3121 3502 3174 Καὶ
3541 3122 3572 3190 ὴ
3601 3139 3698 3174 τε-

2111 3209 2284 3284 τάρτη
2317 3213 2374 3266 δὲ
2400 3213 2508 3266 τῶν
2543 3212 2848 3276 ἑξακοσίων
2877 3213 3199 3283 τριάκοντα,
3227 3214 3320 3266 τὸν
3352 3214 3519 3268 αὑτὸν
3559 3215 3698 3267 ἀνα-

2110 3303 2553 3372 κεφαλαιουμὲνη
2579 3301 2806 3367 κανόνα,
2832 3301 2900 3356 τὰ
2919 3305 3082 3373 ὃμοια
3103 3305 3232 3376 περὶ
3253 3304 3363 3356 τῶν
3385 3304 3701 3372 πρεσϐείων

2111 3397 2205 3450 τοῦ
2244 3395 2466 3466 Ῥώμης
2495 3414 2554 3449 τε
2584 3399 2680 3451 καὶ
2714 3397 2809 3450 τοῦ
2843 3399 3476 3462 Κωνσταντινουπόλεώς
3530 3416 3698 3468 φησι.

2114 3489 2224 3542 Καὶ
2251 3487 2415 3540 αὑτὸν
2438 3487 2492 3540 δὲ
2521 3487 2614 3540 τὸν
2635 3487 2840 3542 Λέοντα
2856 3487 2914 3552 ὃς
2947 3487 3047 3558 τὴν
3075 3490 3366 3554 ἐπιστολὴν
3393 3491 3600 3560 ἔγραψε
3629 3493 3700 3562 τῇ

2116 3579 2342 3650 συνόδῳ,
2369 3579 2739 3633 ἀποστολικόν
2766 3597 2932 3649 φασιν
2963 3582 3013 3633 οί
3043 3581 3146 3645 τῆς
3176 3582 3401 3635 συνόδου
3430 3583 3699 3649 Πατέρες,

2113 3671 2208 3724 καὶ
2233 3670 2310 3734 ῶς
2342 3671 2435 3723 τοῦ
2471 3672 2681 3742 Πέτρου
2714 3672 2969 3741 δέχεσθαι
3010 3673 3109 3736 τὰς
3138 3672 3307 3726 αὐτοῦ
3339 3675 3525 3740 φωνὰς
3557 3717 3572 3740 ,
3604 3660 3701 3727 καὶ

2116 3761 2318 3831 στήλην
2349 3763 2666 3831 όρδοδοξίας⁴
2687 3764 2787 3833 τὴν
2826 3764 3125 3832 ἐπιστολὴν
3175 3763 3340 3818 αὑτοῦ
3375 3765 3486 3835 38
3515 3783 3700 3819 κατωο

2115 3855 2384 3925 νόμασαν.
2423 3856 2536 3909 Καὶ
2582 3857 2633 3910 οἱ
2670 3857 2770 3922 τῆς
2817 3855 2987 3926 ἕκτης
3019 3857 3242 3911 συνόδου
3285 3858 3380 3911 καὶ
3408 3859 3502 3927 τῆς
3544 3857 3702 3911 ἑϐδό-

2116 3965 2225 4015 μης
2255 3949 2352 4001 καὶ
2378 3949 2434 4000 αἱ
2460 3948 2651 4002 λοιπαὶ
2700 3949 3062 4003 ἀποστολικδν
3090 3949 3280 4019 θρόνον
3309 3950 3473 4004 αὑτὸν
3498 3950 3705 4020 όνομᾶ-

2114 4041 2286 4104 ζουσι.
2313 4041 2422 4093 Καὶ
2444 4041 2606 4110 ἡμεῖς
2635 4040 2734 4092 οὐκ
2766 4041 3103 4112 ἀναιροῦμεν
3132 4041 3259 4104 τοὺς
3281 4041 3390 4094 τῶν
3416 4041 3696 4111 Πατέρων

2115 4133 2297 4202 ὅρους.
2341 4134 2527 4186 Ἔστω
2581 4135 2748 4201 μόνον
2791 4137 2890 4206 τῆς
2925 4134 3238 4205 ὀρθοδοξίας
3282 4133 3612 4202 Σιλόἐστρου
3643 4150 3702 4186 τε

2117 4229 2209 4280 καὶ
2256 4225 2587 4294 Ἀγάθωνος,
2618 4227 2848 4290 Λέοντός
2875 4244 2935 4280 τε
2972 4229 3065 4281 καὶ
3099 4227 3358 4296 Λιϐερίου
3398 4227 3492 4280 καὶ
3537 4227 3700 4295 Μαρ-

2114 4319 2287 4383 τίνου,
2316 4322 2412 4372 καὶ
2467 4319 2770 4390 Γρηγορίου
2820 4318 3066 4389 διάδοχος
3119 4319 3147 4371 ό
3177 4319 3276 4388 τῆς
3322 4318 3569 4388 Ῥώμης,
3606 4317 3702 4371 καὶ

2115 4410 2290 4475 οὕτως
2327 4411 2690 4464 ἀποστολικδν
2747 4410 2914 4464 αὐτὸν
2966 4411 3064 4463 καὶ
3112 4411 3332 4481 πρῶτον
3364 4410 3473 4463 τῶν
3525 4409 3703 4462 ἄλλων

2049 4509 2090 4566 υ
2121 4504 2356 4575 ἐροῦμεν
2385 4504 2711 4575 ἀρχιερέων,
2747 4505 2842 4557 καὶ
2897 4503 2999 4574 τὴν
3031 4503 3315 4574 ὑποταγὴν
3351 4503 3502 4572 αὐτῷ
3530 4502 3704 4555 δώσο-

2121 4615 2242 4667 μεν,
2270 4598 2368 4668 οὐχ
2393 4599 2467 4660 ὡς
2498 4597 2576 4666 τῷ
2606 4599 2802 4668 Πέτρῳ
2835 4597 3019 4668 μόνον,
3056 4599 3173 4652 ἀλλ’
3193 4598 3269 4662 ὠς
3301 4598 3451 4666 αὑτῷ
3480 4596 3558 4667 τῷ
3588 4597 3700 4650 Σω⁴

2117 4691 2267 4760 τῆρι.
2291 4691 2353 4744 El
2381 4692 2426 4744 δ’
2454 4693 2512 4744 οὐ
2543 4691 2788 4761 διάδοχος
2815 4693 2880 4762 τῇ
2911 4693 3094 4744 πίστει
3119 4694 3232 4754 τοῖς
3261 4691 3441 4757 ἁγίοις
3469 4691 3704 4750 ἐκείνοις

2119 4784 2289 4850 ἐστὶν,
2323 4783 2444 4838 οὐδὲ
2469 4783 2719 4854 διάδοχος
2745 4783 2839 4836 τοῦ
2876 4783 3097 4854 θρόνου.
3138 4784 3247 4838 Kal.
3289 4784 3351 4835 οὐ
3384 4784 3547 4852 μόνον
3597 4781 3726 4834 οὐχ’

2120 4875 2483 4933 ἀποστολικὸς
2513 4877 2610 4930 καὶ
2639 4877 2702 4930 οὐ
2754 4875 2973 4946 πρῶτος
3003 4876 3126 4930 οὐδὲ
3161 4875 3380 4945 Πατὴρ,
3429 4875 3565 4928 ἀλλὰ
3607 4875 3704 4926 καὶ

2120 4964 2365 5027 ἐναντίος
2397 4966 2491 5017 καὶ
2532 4963 2753 5032 λυμεὼν
2788 4969 2882 5021 καὶ
2911 4966 3020 5020 τῶν
3056 4965 3377 5019 ἀποστόλων
3417 4964 3573 5017 ἔσται
3599 4981 3703 5017 πο-

2121 5055 2328 5124 λέμιος.
2368 5056 2538 5108 Ὅθεν
2574 5058 2672 5110 καὶ
2707 5055 3018 5127 μέμνημαι,
3041 5058 3261 5124 ἀδελφὲ,
3291 5057 3537 5109 τοιοῦτόν
3560 5072 3614 5108 τι
3643 5057 3702 5106 ἐν

2123 5149 2702 5202 Κωνσταντινουπό>.ει
2769 5151 2905 5219 πρός
2957 5168 3081 5205 τινα
3128 5153 3227 5221 τῆς
3293 5149 3402 5202 τῶν
3456 5149 3705 5203 Λατίνων

2126 5240 2323 5318 μοίρας
2382 5240 2646 5311 εἰρηκώς.
2696 5242 2856 5296 Ἐπεὶ
2905 5244 3014 5315 γάρ
3063 5261 3155 5313 μοι
3188 5243 3496 5312 προσῆλθεν
3547 5240 3704 5302 οὗτος

2122 5330 2539 5400 διαλεγόμενος,
2572 5331 2713 5403 προς
2745 5332 2816 5385 τὰ
2835 5333 3048 5386 ἐκείνου
3080 5333 3181 5400 μὲν
3218 5333 3403 5383 ἐκεῖνα
3435 5329 3702 5398 είρήκειν,

2123 5420 2224 5474 ὅσα
2275 5438 2366 5490 μοι
2396 5421 2530 5484 Θεὸς
2578 5421 2817 5476 δέδωκεν
2850 5425 2916 5476 ὲκ
2963 5423 3072 5475 τῶν
3121 5421 3288 5475 αὑτοῦ
3339 5420 3512 5488 ἁγίων
3560 5417 3703 5483 ὑπὲρ

2124 5512 2292 5567 αὐτοῦ
2330 5516 2426 5568 καὶ
2452 5513 2560 5582 τῶν
2597 5513 2765 5566 αὑτοῦ
2801 5513 2962 5565 θείων
2991 5513 3282 5582 δογμάτων
3305 5513 3480 5564 εἰπεῖν
3503 5527 3516 5540 ·
3548 5508 3706 5569 τέλος

2126 5605 2184 5660 δέ
2239 5622 2349 5675 μοι,
2401 5604 2508 5657 Καὶ
2557 5603 2722 5665 διατί,
2763 5603 2976 5675 ἠρώτα,
3029 5607 3142 5667 τοῖς
3195 5605 3294 5674 μὲν
3337 5600 3705 5662 Ἀνατολικοϊς

2131 5697 2412 5767 ἱεράρχαις
2462 5698 2579 5760 τοῖς
2618 5698 2939 5767 λεγομένοις
2982 5696 3353 5766 πατριάρχαις
3379 5695 3479 5764 τὴν
3509 5705 3704 5745 κοινω-

2133 5786 2252 5844 νίαν
2281 5789 2580 5861 παρέχετε,
2602 5789 2693 5844 καὶ
2725 5791 2823 5862 τὴν
2873 5787 3083 5843 τούτων
3117 5790 3347 5860 μνήμην
3370 5786 3458 5839 ἐπ’
3497 5781 3702 5851 ὶκκληυ
