4050 6266
323 368 416 438 πει

1363 379 1756 445 DIALOGUS
1786 381 2083 447 CONTRA
2117 382 2511 456 HIERESES.

3479 383 3588 460 122

320 488 443 555 σίας
490 489 754 556 ποιεῖσθε,
796 491 1117 589 ,βαρϐάρων
1158 493 1332 550 ὄντων
1377 497 1582 565 αὐτῶν,
1621 500 1716 554 καὶ
1754 500 1888 572 μηδὲ

1997 521 2227 577 pergens
2255 511 2508 578 quaesivit
2562 510 2837 583 quomodo
2874 509 2979 568 hoc
3037 510 3154 567 tlerl
3205 518 3409 580 potest,
3447 513 3579 569 dum

319 586 371 640 τί
391 587 510 638 ἐστι
538 586 982 656 Χριστιανισμδς
1015 590 1422 659 γινωσκόντων,
1459 593 1552 646 τδν
1573 593 1628 647 δὲ
1655 594 1890 650 πάππαν

321 678 448 733 ὄντα
480 678 647 747 σορὸν
678 681 775 733 καὶ
800 683 926 744 τοὺς
947 683 1077 751 περὶ
1099 683 1260 737 αὐτὸν
1285 685 1607 755 ἐλλογίμους
1628 689 1730 742 οὐκ
1755 689 1893 742 ἀπο-

313 770 571 840 δέχεσθε;
609 773 749 842 Πρδς
783 771 843 826 δν
867 775 1113 842 είρήκειν
1143 777 1275 844 ἐγὼ,
1309 778 1384 840 ὡς
1409 780 1484 832 Οὐ
1526 780 1620 832 τὸν
1653 781 1889 835 πάππαν

319 863 482 929 ἡμεῖς
508 863 970 934 ἀποστρεφόμεθα
1003 866 1168 931 ὅλως,
1213 869 1310 922 καὶ
1345 870 1468 924 οὐδὲ
1493 872 1686 926 τούτου
1723 874 1890 943 ἐσμὲν

319 954 699 1025 ἀκοινώνητοι,
728 957 928 1027 μᾶλλον
959 960 1013 1013 δὲ
1050 960 1109 1014 ἓν
1133 962 1300 1031 ἐσμεν
1339 959 1458 1031 μετ’
1488 963 1657 1017 αὐτοῦ
1689 965 1765 1028 ὡς
1796 970 1892 1020 καὶ

321 1049 460 1113 μετὰ
499 1047 594 1099 τοῦ
616 1048 881 1117 Χριστοῦ,
917 1053 1011 1103 καὶ
1048 1053 1267 1123 Πατέρα
1295 1054 1460 1107 αὑτὸν
1488 1055 1774 1124 ἡγούμεθα
1796 1057 1890 1109 καὶ

319 1136 579 1200 ποιμένα.
644 1140 750 1191 Τοῦ
807 1141 866 1194 δὲ
913 1127 1379 1212 διαπορουμένου,
1422 1147 1518 1197 καῖ
1567 1146 1718 1209 ὅπως
1774 1146 1888 1215 ἔχει

318 1228 476 1279 τοῦτο
497 1229 884 1298 διερωτῶντος,
911 1234 1032 1285 ἐπεὶ
1055 1235 1148 1287 τὸν
1194 1235 1326 1304 παρ’
1349 1238 1530 1300 αὺτοῖς
1563 1238 1792 1291 πάππαν
1826 1239 1894 1293 οὗ

321 1320 486 1386 μόνον
507 1319 569 1370 οὐ
589 1323 906 1376 κοινωνικὸν
927 1321 1148 1391 ἔχομεν,
1175 1323 1312 1376 ἀλλὰ
1334 1325 1429 1377 καὶ
1453 1325 1732 1394 αἱρετικὸν
1757 1327 1891 1376 ἀπο-

318 1410 619 1478 καλοῦμεν,
658 1412 836 1481 ἔγωγε
888 1416 1038 1484 αὐτῷ
1095 1417 1427 1486 ἀπεκρίθην,
1462 1417 1540 1481 ὡς
1600 1419 1735 1486 μετά
1795 1418 1890 1471 τοῦ

317 1502 525 1555 πάππα
553 1505 714 1573 ἡμεῖς
748 1504 841 1559 τοῦ
879 1509 1084 1577 Πέτρου
1111 1509 1206 1561 καὶ
1237 1510 1401 1562 Λίνου
1433 1513 1526 1564 καὶ
1566 1511 1890 1580 Κλήμεντος

319 1594 415 1645 καὶ
451 1596 751 1663 Στεφάνου.
785 1599 880 1652 καὶ
915 1601 1259 1665 Ἱππολύτου,
1293 1603 1385 1652 καὶ
1409 1601 1762 1671 Σιλὸέστρου,
1792 1601 1891 1654 Ἰν-

315 1685 598 1736 νοκεντὶου
630 1703 687 1737 τε
719 1689 814 1739 καὶ
843 1688 1073 1750 Λέοντος
1107 1691 1203 1741 καὶ
1233 1690 1578 1756 ’Λγαπητοῦ,
1607 1690 1889 1760 Μαρτίνου

316 1791 377 1826 τε
405 1778 503 1827 καὶ
527 1777 860 1842 Ἀγάθωνος.
905 1782 1002 1832 καὶ
1034 1780 1141 1833 τῶν
1166 1782 1372 1848 ὁμοίιον
1399 1782 1610 1845 τούτοις
1641 1783 1885 1835 παππῶν

1992 616 2183 656 eorum
2239 619 2432 675 papam
2495 621 2605 662 non
2670 607 2835 662 modo
2888 622 3000 661 non
3055 607 3581 662 eommunicatorem

2001 694 2296 765 habemus,
2330 699 2425 755 sed
2457 699 2620 755 etiam
2667 700 2982 756 hzereticmn
3043 700 3384 769 appellamus
3414 702 3436 754 1'
3467 701 3584 770 Ego

1996 799 2130 840 vero
2160 788 2210 841 ei
2274 792 2528 858 respondi
2595 806 2698 846 nos
2729 806 2851 845 cum
2893 806 3034 861 papa
3103 791 3263 846 Petro
3313 801 3366 845 et
3419 790 3580 858 Lino,

1997 876 2278 932 Clemente
2309 890 2360 934 et
2392 879 2692 952 Stephano,
2752 883 3059 954 Hippolyto,
3096 880 3378 946 SilVestro,
3412 882 3581 936 luno-

1992 972 2173 1028 cente,
2227 964 2408 1021 Leone
2447 979 2503 1020 et
2553 969 2818 1039 Agapeto,
2864 970 3101 1026 Martino
3157 979 3210 1023 et
3276 970 3578 1040 Agathone,

1993 1053 2301 1126 horumque
2331 1057 2600 1114 similibus
2634 1061 2786 1130 papis
2814 1068 2866 1114 et
2904 1061 3236 1128 patriarchis
3265 1077 3565 1130 perennem

1992 1147 2437 1203 communionem
2499 1159 2554 1206 et
2596 1153 2856 1205 unionem
2899 1167 3024 1206 eum
3066 1152 3288 1206 Christo
3352 1153 3581 1225 habere.

1993 1240 2311 1310 nullamque
2340 1243 2604 1297 rationem
2643 1258 2744 1299 nos
2779 1246 2842 1298 ah
2863 1244 2982 1298 istis
3001 1255 3382 1313 separaturam
3415 1261 3537 1300 esse
3568 1265 3585 1308 ε

1994 1341 2047 1385 et
2094 1332 2236 1387 istud
2270 1342 2417 1401 patet
2453 1351 2518 1390 ex
2553 1351 2617 1390 eo
2671 1337 2818 1405 quod
2857 1337 2959 1392 hos
2991 1351 3182 1390 omnes
3234 1337 3578 1410 celebramus

1995 1439 2133 1491 quos
2209 1425 2462 1481 doctores
2514 1435 2568 1482 et
2620 1437 2830 1496 patres\
2867 1444 3150 1493 vocamus,
3217 1438 3581 1498 sanctamque

1993 1531 2184 1570 eorum
2222 1521 2544 1574 memoriam
2599 1521 2852 1587 facimus,
2886 1537 3092 1590 eosque
3127 1523 3469 1592 patriarchas
3499 1535 3584 1574 at-

1995 1624 2101 1675 que
2166 1621 2346 1678 patres
2396 1611 2625 1673 ciemus.
2679 1629 2940 1680 quoniam
3017 1629 3206 1668 eorum
3268 1614 3392 1668 fidei
3433 1629 3584 1684 sym-

1996 1698 2178 1752 bolum
2221 1715 2506 1755 servamus
2561 1703 2974 1767 intemeratum,
3030 1711 3085 1756 et
3117 1701 3582 1772 quemadmodum

1996 1787 2430 1856 baptizaverunt,
2486 1793 2556 1845 ita
2587 1801 2641 1846 et
2682 1807 2782 1848 nos
2819 1793 3176 1862 baptizamus.
3220 1792 3582 1861 quemadmo-

320 1869 418 1920 καὶ
448 1871 827 1938 πατριαργῶν,
862 1872 1148 1925 κοινωνίαν
1173 1873 1544 1927 ἀδιάσπαστον
1577 1876 1634 1925 ὲν
1664 1875 1889 1944 Χριστῷ

1997 1879 2120 1931 dum
2153 1895 2367 1934 sacrum
2400 1881 2665 1960 fecerunt,
2705 1883 2777 1936 ita
2808 1890 2865 1938 et
2891 1901 2988 1938 nos
3021 1883 3268 1949 feeimus,
3317 1881 3580 1953 quemad-

320 1958 416 2009 καὶ
444 1959 640 2012 ἕνωσιν
670 1963 888 2030 ἔχομεν,
911 1964 1004 2015 καὶ
1037 1964 1214 2026 οὐδεὶς
1244 1966 1404 2033 λόγος
1437 1967 1662 2035 χωρίσει
1688 1965 1893 2019 τούτων

317 2049 486 2118 ἡμᾶς.
513 2052 618 2104 Καὶ
641 2051 800 2120 δῆλον
827 2053 885 2116 ἐξ
906 2048 983 2108 ὧν
1009 2054 1343 2124 ἑορτάζομεν
1371 2056 1594 2120 τούτους
1621 2058 1888 2124 ἅπαντας,

320 2139 679 2205 διδασκάλους
714 2144 1010 2214 ἡγούμενοι
1041 2148 1133 2198 καὶ
1168 2148 1441 2216 Πατέρας,
1473 2149 1570 2200 καὶ
1600 2149 1698 2212 τὰς
1734 2148 1889 2217 ἱερὰς

320 2233 503 2286 αὐτῶν
562 2237 782 2306 μνήμας
837 2238 1085 2306 ἄγοντες,
1139 2240 1232 2292 καὶ
1274 2241 1614 2311 πατριάρχας
1664 2243 1888 2303 τούτους

321 2325 414 2375 καὶ
448 2325 698 2396 Πατέρας
727 2327 1037 2393 καλοῦντες,
1072 2329 1304 2400 ἐπείπερ
1358 2332 1453 2383 καὶ
1496 2330 1560 2382 τὸ
1612 2329 1889 2399 Σύμϐολον

315 2415 414 2481 τῆς
435 2416 660 2470 ἐκείνων
686 2419 926 2492 πίστεως
943 2422 1106 2489 ἡμεῖς
1132 2421 1470 2491 ἀκηλίδωτον
1492 2423 1888 2492 περιφέρομεν,

318 2507 414 2557 καὶ
435 2505 511 2568 ὡς
550 2506 938 2575 ἐϐαπτίσαντο,
984 2511 1398 2583 ἐϐαπτίσθημεν
1423 2553 1438 2579 ,
1473 2516 1568 2567 καὶ
1606 2515 1682 2578 ὼς
1733 2514 1892 2584 ίερὼ-

318 2595 516 2665 θησαν,
556 2599 885 2670 ἱερὼθημεν,
934 2605 1029 2654 καὶ
1075 2603 1146 2666 ῶς
1183 2604 1604 2674 παραδεδώκασι
1662 2607 1888 2676 Χριστῷ

315 2687 415 2751 τὰς
450 2689 630 2760 ψυχὰς
658 2694 715 2746 ὲν
743 2694 820 2765 τῷ
844 2695 1131 2766 Συμδὸλῳ,
1170 2697 1266 2749 καὶ
1293 2699 1453 2767 ἡμεῖς
1487 2699 1888 2769 παρατίθεμεν.

317 2779 390 2833 Εἴ
410 2799 492 2844 τις
525 2782 620 2836 οῦν
643 2787 827 2855 ὅμοιος
858 2789 1071 2852 τούτοις
1119 2789 1193 2858 τῷ
1222 2790 1485 2860 Συμϐόλῳ
1517 2791 1619 2863 τῆς
1656 2793 1890 2854 πίστεως

318 2876 415 2928 καὶ
442 2876 521 2947 τῷ
559 2877 658 2948 βίῳ
687 2882 780 2932 καὶ
815 2883 929 2942 τοῖς
959 2882 1107 2935 ἔθεσι
1145 2887 1243 2952 τῆς
1267 2883 1601 2952 ὀρθοδοξίας,
1635 2901 1890 2939 κοινωνιο

316 2969 566 3040 κὸςνήμῖν
601 2965 760 3035 οὗτος
788 2976 814 3026 ὁ
849 2975 1064 3045 Πατήρ.
1100 2976 1209 3029 Καὶ
1237 2975 1314 3038 ὡς
1345 2976 1438 3029 τὸν
1479 2977 1686 3046 Πέτρον
1721 2976 1890 3030 αὐτὸν

316 3061 540 3133 ἔχομεν,
572 3066 668 3118 καὶ
698 3068 767 3119 τὰ
811 3069 910 3136 τῆς
952 3070 1202 3133 ὲνὼσεως
1231 3071 1324 3123 ἐπὶ
1374 3070 1545 3124 πολὺν
1573 3071 1666 3123 τὸν
1699 3071 1914 3141 χρόνον

1996 1971 2217 2026 modum
2267 1975 2477 2029 animas
2525 1975 2745 2030 Christo
2785 1979 2836 2030 in
2870 1977 3121 2046 symbolo
3166 1978 3586 2031 commendave-

1996 2075 2148 2127 runt,
2184 2064 2254 2118 ita
2307 2075 2361 2120 et
2402 2083 2502 2120 nos
2538 2069 3014 2122 commendamus.
3047 2068 3102 2120 Si
3139 2071 3265 2136 quis
3311 2084 3440 2137 ergo
3489 2069 3578 2123 his

1994 2155 2188 2211 similis
2245 2157 2318 2210 sit
2348 2158 2594 2224 symbolo
2633 2158 2777 2225 ﬁdei,
2812 2161 3226 2215 conversatione
3247 2169 3298 2213 et
3337 2159 3580 2216 moribus

1994 2254 2141 2299 reeta
2171 2247 2426 2316 opinione
2459 2249 2664 2318 dignis,
2694 2252 2739 2306 is
2793 2252 2951 2306 nobis
2997 2256 3100 2307 erit
3145 2252 3580 2307 communicatur

1993 2349 2046 2392 et
2084 2352 2258 2405 pater,
2316 2356 2554 2412 eumque
2622 2325 2769 2397 isieut
2842 2344 3059 2398 Petrum
3117 2345 3460 2406 habebimus,
3525 2351 3580 2398 ιιι

1997 2431 2218 2484 uniouis
2251 2434 2462 2486 vincula
2507 2451 2603 2502 per
2638 2435 2862 2502 longum
2923 2448 3136 2504 tempus
3188 2449 3240 2489 et
3287 2436 3339 2489 in
3377 2437 3577 2490 smeula

1993 2523 2319 2576 saeculorum
2357 2527 2778 2592 permanebunt,
2811 2529 3274 2594 quemadmodum
3330 2527 3449 2580 fidei
3489 2528 3578 2580 in-

1994 2613 2218 2680 tegritas
2293 2630 2320 2668 a
2377 2615 2521 2668 mille
2585 2618 2746 2671 annis
2802 2619 2906 2671 illis
2963 2619 3170 2673 sanctis
3244 2620 3568 2686 permansit,

1993 2713 2043 2756 et
2077 2706 2291 2760 sincera
2346 2722 2536 2761 eorum
2575 2710 2705 2762 ﬁdes
2735 2710 2871 2776 apud
2931 2725 3032 2762 nos
3085 2718 3289 2764 manet.
3347 2710 3578 2764 Constat

1992 2794 2136 2847 enim
2163 2810 2258 2849 eos
2297 2796 2438 2850 idem
2499 2813 2562 2852 ac
2600 2813 2699 2852 nos
2733 2799 3052 2869 Symbolum
3100 2800 3388 2855 confessos
3419 2817 3567 2864 esse,

1994 2888 2137 2956 quod
2158 2890 2380 2944 statutis
2401 2899 2670 2945 testantur
2691 2893 2874 2946 omnia
2897 2893 3113 2961 quidem
3135 2908 3197 2946 ex
3219 2894 3574 2947 (ecumenicis

1996 2980 2252 3043 concilia,
2285 2984 2601 3050 expressius
2644 2993 2836 3038 autem
2883 2993 3097 3039 sextum
3136 2995 3189 3039 et
3257 2987 3577 3055 septimum.

1996 3071 2099 3126 Sed
2132 3088 2194 3126 ex
2226 3089 2336 3142 quo
2397 3091 2533 3128 nova
2559 3077 2700 3132 circa
2764 3079 3011 3133 divinum
3069 3078 3386 3149 Symbolum
3452 3080 3575 3136 ﬁcta

322 3157 453 3224 ἡμῖν
487 3159 585 3209 καὶ⁵
634 3159 714 3219 είς
760 3160 970 3224 αἰῶνας
1023 3161 1178 3214 ἔσται
1229 3161 1470 3216 αἰώνων.
1538 3161 1759 3232 Ἐπειδὴ
1794 3163 1888 3216 καὶ

1997 3176 2141 3225 sunt,
2169 3164 2279 3232 iam
2321 3181 2428 3219 non
2466 3182 2663 3237 papam
2696 3169 3028 3234 invenimus,
3063 3185 3167 3225 nec
3213 3172 3576 3240 apostolieum

316 3251 450 3317 ἄχρι
502 3251 692 3320 χιλίων
741 3252 880 3305 ἐτῶν
931 3253 1001 3305 τὰ
1039 3255 1140 3323 τῆς
1186 3254 1501 3324 ὀρθοδοξίας
1549 3257 1663 3318 τοῖς
1710 3257 1891 3324 ἁγίοις

317 3343 549 3406 ἐκείνοις
600 3343 866 3413 διέμεινε,
927 3348 1023 3402 καλ.
1075 3347 1100 3415 ἡ
1154 3346 1438 3418 ὀρθόδοξος
1493 3346 1676 3400 αὐτῶν
1709 3347 1890 3408 πίστις

316 3440 450 3506 παρ’
482 3440 637 3508 ἡμῖν.
671 3441 844 3510 Δῆλον
875 3442 983 3514 γὰρ
1012 3443 1090 3504 ὼς
1120 3441 1263 3496 οὕτω
1315 3442 1376 3495 τὸ
1409 3440 1554 3494 θεῖον
1603 3441 1676 3494 Σύ
1687 3441 1888 3510 μδολον

316 3532 539 3596 ἐκεῖνοι,
567 3535 642 3595 ὡς
672 3535 858 3604 ἡμεῖς,
887 3535 1222 3604 ὡμολόγουν,
1252 3534 1346 3587 καὶ
1367 3533 1708 3604 μαρτυροῦσι
1733 3532 1892 3584 τοῦτο

314 3625 428 3686 τοῖς
464 3625 632 3694 ὅροις,
671 3627 764 3678 καὶ
799 3628 948 3679 πᾶσα
1007 3628 1128 3694 μὲν,
1164 3625 1556 3698 καθαρώτερον
1583 3626 1639 3679 δὲ
1697 3626 1730 3694 ἡ
1759 3625 1890 3693 ἕκτη

315 3732 373 3767 τε
399 3717 497 3768 καὶ
539 3716 748 3787 ἑϐδόμη
780 3718 889 3771 τῶν
944 3715 1346 3787 οίκουμενικῶν
1375 3719 1630 3772 συνόδων.
1671 3715 1888 3782 Ἐξὸτου

315 3809 373 3863 δδ
405 3809 438 3877 ἡ
468 3811 792 3879 καινοτομία
823 3811 955 3880 περὶ
986 3811 1048 3863 τὸ
1075 3811 1220 3864 θεῖον
1239 3811 1440 3881 συνέϐη
1464 3799 1764 3880 Σύμϐολον.
1789 3810 1889 3863 οὐκ

316 3902 396 3955 ἔτι
439 3902 534 3954 τὸν
563 3903 794 3956 πάππαν
847 3905 1198 3976 εὑρίσκομεν,
1229 3905 1350 3958 οὐδὲ
1408 3905 1501 3957 τὸν
1531 3904 1890 3959 ἀποστολικὺν

316 3997 413 4046 καὶ
462 3995 717 4063 Πατέραο
755 3997 880 4048 ἐπεὶ
908 3997 1032 4049 οὐδὲ
1097 3997 1240 4049 κατὰ
1273 3997 1372 4067 τὴν
1407 3998 1588 4049 πίστιν
1630 3995 1724 4050 τοῦ
1754 3999 1892 4049 ἀποο

321 4087 514 4138 στόλου
553 4081 766 4155 Πέτρὸυ
801 4089 897 4140 καὶ
926 4089 1024 4158 τὴν
1050 4089 1345 4157 ὁμολογίαν
1382 4089 1531 4140 ἔστιν
1560 4089 1741 4158 εὑρεῖν
1765 4089 1889 4151 τοὺς

317 4176 436 4227 νυνὶ
457 4177 786 4244 λεγομένους
814 4177 1073 4241 πάππας,
1093 4178 1229 4230 ἀλλὰ
1250 4179 1391 4231 κατὰ
1423 4179 1588 4247 μόνην
1605 4180 1703 4246 τὴν
1720 4177 1891 4248 ἄρνη-

319 4279 421 4314 σιν.
464 4264 578 4315 Kal
614 4263 805 4334 ὥσπερ
835 4267 896 4318 οὑ
936 4268 1143 4338 Πέτρος
1179 4269 1206 4320 ὁ
1245 4268 1474 4337 Πέτρος,
1519 4269 1629 4322 οὐδ’
1658 4269 1892 4322 ἀπόστο-

315 4354 431 4418 λος,
458 4344 585 4408 οὐδὲ
632 4357 851 4426 πρῶτος
884 4357 974 4412 τὸν
999 4359 1237 4428 Χριστὸν
1269 4360 1675 4431 ἀρνησάμενος.
1726 4359 1836 4414 οὐδ’
1861 4361 1890 4414 ὁ

316 4445 614 4515 λεγόμενος
639 4449 869 4511 πάππας
888 4449 1039 4502 ἔσται
1062 4449 1294 4512 πάπποις
1317 4449 1472 4512 ποτὲ,
1491 4450 1566 4519 μὴ
1590 4451 1688 4520 τὴν
1707 4449 1891 4504 πίστιν

2002 3268 2180 3321 neque
2211 3253 2448 3320 Patrem,
2487 3271 2610 3309 cum
2646 3258 2940 3311 secundum
2971 3256 3129 3310 ﬁdem
3168 3267 3330 3326 atque
3357 3257 3577 3312 contem-

2002 3343 2213 3398 sionem
2284 3347 2517 3414 apostoli
2578 3345 2722 3402 Petri
2766 3363 2871 3402 non
2924 3348 3273 3402 inveniantur
3301 3348 3391 3417 qui
3434 3363 3579 3403 nunc

2000 3452 2155 3507 papae
2187 3438 2466 3504 dicuntur,
2493 3440 2584 3494 sed
2619 3440 2962 3496 solummodo
2994 3441 3296 3494 secundum
3333 3441 3576 3510 negatio-

1999 3545 2147 3584 nem.
2191 3530 2254 3586 Et
2280 3534 2764 3601 quemadmodum,
2811 3544 3004 3596 negato
3058 3535 3300 3598 Christo,
3381 3534 3577 3590 Petrus

1993 3621 2106 3691 jam
2143 3620 2336 3678 Petrus
2385 3639 2488 3677 non
2537 3634 2766 3688 est,nec
2815 3625 3100 3694 apostolus
3146 3640 3322 3695 neque
3347 3625 3576 3694 primus,

2000 3715 2071 3769 ita
2110 3717 2286 3771 necis
2313 3716 2404 3783 qui
2460 3731 2594 3786 papa
2649 3716 2853 3770 dicitur
2913 3719 3026 3785 jam
3073 3717 3177 3770 erit
3237 3734 3395 3788 papa.
3450 3733 3575 3773 cum

1998 3820 2106 3859 non
2155 3805 2353 3860 haheat
2386 3807 2530 3860 Petri
2565 3805 2724 3860 [idem
2785 3822 2946 3875 quam
2990 3807 3129 3882 trina
3210 3808 3576 3871 confessione,

1999 3907 2185 3966 utpote
2256 3898 2510 3968 diligens,
2559 3899 2794 3969 signavit
2867 3897 3084 3962 Petrus.
3151 3911 3436 3967 vcstquam
3496 3908 3579 3953 ter

1999 3992 2326 4056 negavisset,
2351 4007 2528 4058 neque
2577 4007 2866 4046 successor
2890 3991 2996 4044 erit
3029 3991 3132 4045 nisi
3168 3990 3400 4044 diteseat
3430 3991 3573 4045 bona

1997 4083 2105 4136 divi
2136 4082 2290 4146 ,Petri
2326 4085 2556 4152 ejusque
2596 4100 2982 4139 successorqu
3022 4083 3375 4139 confessione
3407 4097 3573 4151 quam

1999 4174 2158 4229 Pater
2191 4175 2403 4228 caelitus
2443 4177 2727 4228 revelavit.
2753 4174 2884 4240 Qme
2928 4188 3068 4229 enim
3100 4175 3424 4235 diceremus,
3459 4174 3576 4229 colo

1999 4265 2218 4320 loeutur
2250 4275 2480 4320 miratus
2541 4271 2742 4328 taeuit;
2777 4278 2834 4324 et
2888 4269 2990 4320 hoc
3019 4277 3102 4322 est
3137 4267 3356 4327 veritas,
3384 4275 3438 4319 et
3469 4267 3580 4319 Do-

2000 4357 2180 4429 minus
2208 4356 2302 4425 qui
2336 4357 2535 4412 veritas
2561 4367 2646 4412 est
2678 4359 2817 4414 dixit
2848 4376 2862 4412 :
2907 4377 2926 4410 ι
2963 4357 3138 4412 Nemo
3175 4357 3280 4412 scit
3305 4373 3426 4426 quae
3448 4362 3578 4410 sunt

2002 4448 2282 4514 hominis,
2337 4449 2442 4504 nisi
2506 4450 2730 4517 spiritus
2772 4451 2864 4519 qui
2919 4451 2970 4503 in
3028 4465 3096 4504 eo
3169 4458 3273 4514 est,
3324 4457 3379 4502 et
3418 4462 3580 4502 nemo

317 4539 462 4610 ἔχων
495 4542 588 4593 τοῦ
634 4543 863 4612 Πέτρου,
897 4543 965 4613 ἢν
995 4545 1186 4613 τριττῇ
1223 4543 1484 4614 ὁμολογίᾳ
1534 4543 1610 4606 ὡς
1662 4543 1891 4611 ἀγαπῶν

1997 4540 2249 4612 cognovit
2285 4557 2406 4612 quae
2440 4543 2534 4598 Dei
2565 4553 2692 4596 sunt
2721 4543 2822 4597 ni~i
2857 4541 3094 4612 Spiritus
3123 4542 3213 4610 qui
3245 4541 3298 4594 in
3329 4555 3396 4595 eo
3421 4547 3523 4602 est,
3550 4556 3574 4593 ι

316 4631 345 4683 ὁ
391 4631 601 4700 Πέτρος
635 4634 996 4701 ἐσφράγισεν,
1038 4634 1161 4686 ἐπεὶ
1210 4635 1331 4704 τρὶς
1365 4633 1708 4704 ὲξηρνήσατο
1734 4651 1750 4666 ⁶
1782 4634 1892 4686 οὐδ’

317 4723 473 4775 ἔσται
529 4724 794 4792 διάδοχος,
848 4725 896 4775 εί
935 4725 1009 4793 μὴ
1043 4725 1290 4777 πλουτῶν
1345 4725 1446 4798 ἔχῃ
1476 4725 1544 4778 τὰ
1592 4727 1688 4793 τῆς
1722 4726 1895 4793 καλῆς

316 4815 614 4884 ὁμολογίας
645 4816 738 4869 τοῦ
765 4816 912 4869 οείου
949 4817 1159 4886 Πέτρου
1208 4818 1304 4870 καὶ
1336 4819 1443 4872 τῶν
1479 4821 1687 4872 ἐκείνου
1718 4819 1894 4872 διαδό-

317 4927 456 4977 χων,
487 4910 555 4980 ἢν
580 4911 607 4961 ὁ
651 4900 842 4978 Πατὴρ
888 4911 1098 4964 ἄνωθεν
1131 4909 1477 4980 ἀπεκάλυψε.
1514 4911 1702 4964 Ταῦτα
1736 4910 1895 4981 ἡμῶν

323 5000 620 5068 λεγόντων,
651 5004 676 5052 ὁ
703 5002 1090 5070 διαλεγόμενος
1123 5003 1412 5073 Θαυμάσας
1464 5002 1747 5073 σεσίγηκε.
1783 5004 1896 5056 Καὶ

319 5094 477 5145 τοίτό
502 5095 654 5146 ἑστιν
674 5093 922 5163 ἀλήθεια.
951 5097 1058 5146 Καὶ
1083 5098 1111 5148 ὁ
1142 5096 1346 5164 Κύριος
1373 5097 1405 5165 ή
1434 5095 1660 5164 ἀλήθειά
1687 5111 1855 5166 φησιν
1877 5113 1892 5129 ο

327 5205 346 5236 ι
380 5187 571 5246 Οὒὸεὶς
603 5181 710 5238 οἶδε
751 5187 818 5240 τὰ
849 5186 942 5239 τοῦ
977 5187 1298 5256 ἀνθρώπου,
1348 5189 1396 5241 εί
1435 5189 1508 5256 μὴ
1554 5189 1613 5240 τὸ
1672 5189 1898 5256 Πνεῦμα

321 5278 430 5348 39
458 5279 517 5330 τὸ
551 5281 605 5329 ἐν
650 5280 819 5347 αὐτ-ἶ),
877 5285 972 5332 καὶ
1020 5279 1198 5343 ούδεὶς
1253 5279 1321 5332 τά
1385 5280 1479 5332 τοῦ
1539 5279 1677 5332 Θεοῦ
1730 5276 1895 5344 εἶδεν,

324 5370 373 5421 εί
404 5372 481 5438 μὴ
512 5373 574 5422 τὺ
605 5369 828 5439 Πνεῦμα
861 5371 922 5422 τὸ
949 5373 1006 5422 ἐν
1049 5371 1198 5440 αύτῷ
1221 5389 1234 5402 ’
1264 5389 1282 5422 ι
1336 5373 1421 5434 τίς
1462 5371 1568 5440 ἄρα
1602 5373 1794 5442 νοῆσαί
1840 5391 1896 5426 τι

326 5463 668 5532 καυχήσεται
692 5463 786 5515 τοῦ
818 5464 1137 5530 Πνεύματος
1178 5463 1544 5534 ὑψηλότερονς
1575 5463 1668 5516 τοῦ
1729 5467 1899 5518 Πνεύ-

331 5568 498 5620 ματος
528 5553 584 5605 δὲ
615 5554 664 5606 οί
703 5554 967 5623 Πατέρες,
1000 5556 1094 5608 καὶ
1117 5555 1184 5608 τὰ
1201 5557 1257 5608 ὲν
1287 5557 1403 5618 ταῖς
1431 5555 1602 5618 οείαις
1629 5556 1890 5626 Γραφαίς.

325 5643 436 5697 Καὶ
467 5645 553 5697 ὅτι
583 5643 744 5697 τοῦτὸ
774 5660 836 5712 γε
861 5646 1078 5714 ἀληθὲς,
1107 5664 1126 5697 ι
1171 5646 1482 5715 Ἐρευνᾶτε,
1515 5649 1682 5716 φησὶν
1711 5646 1895 5710 αὐτδς,

323 5735 421 5800 τὰς
456 5736 712 5807 Γραφὸς,
762 5737 845 5788 ὅτι
899 5739 959 5790 ὲν
999 5737 1188 5801 αὐταῖς
1240 5739 1451 5791 δοκεῖτε
1485 5737 1630 5807 ζωὴν
1677 5737 1900 5792 αἰώνιον

320 5825 492 5901 ἔχειν.
531 5828 644 5883 Καὶ
679 5827 839 5882 αὗταί
869 5829 1006 5882 εἰσιν
1038 5826 1364 5898 αίδηλοῦσαι
1389 5831 1516 5900 περὶ
1545 5829 1701 5904 ἐμοῦ.
1749 5827 1766 5883 ι
1801 5831 1902 5895 Τίς

1997 4632 2121 4698 quis
2188 4649 2319 4702 ergo
2373 4635 2698 4704 gloriabitur
2751 4635 2905 4704 quasi
2970 4634 3296 4690 sublimiora
3367 4632 3576 4702 Spiritu

1997 4723 2437 4790 eogitaveritﬁn
2491 4725 2696 4793 Spiritu
2759 4725 2951 4781 Patres
3023 4726 3333 4795 divinmque
3380 4723 3580 4778 doeent

2000 4814 2316 4885 Scriptum.
2341 4815 2487 4871 Istud
2510 4831 2728 4886 quoque
2760 4832 2948 4872 verum
2977 4825 3060 4872 est
3091 4834 3106 4884 ;
3130 4817 3204 4869 ait
3225 4816 3372 4870 enim
3399 4814 3581 4868 Domis

2000 4923 2102 4963 nus
2137 4926 2152 4962 :
2195 4909 2575 4978 clScrutamlni
2616 4908 2948 4978 Scripturas,
2985 4910 3243 4979 qurmiam
3292 4906 3494 4978 putatis
3520 4907 3576 4960 iu

1997 5003 2076 5056 eis
2105 5003 2266 5057 vitam
2297 5012 2557 5058 aeternam
2599 5003 2866 5067 invenire,
2907 5011 2962 5058 et
2993 5003 3097 5057 illa:
3126 5011 3254 5056 sunt
3284 5015 3403 5069 qua:
3428 4998 3579 5054 testi-

2000 5095 2243 5149 monium
2269 5095 2554 5164 perhibent
2584 5097 2648 5150 de
2681 5112 2819 5150 me.»
2849 5095 2981 5162 Quis
3004 5095 3168 5164 igitur
3197 5092 3418 5146 audebit
3445 5105 3578 5144 con-

2001 5195 2081 5240 tra
2134 5186 2448 5254 Scripturas
2478 5205 2614 5241 nova
2663 5187 2867 5252 moliri,
2901 5197 2957 5242 et
2983 5198 3172 5241 centra
3222 5188 3414 5239 Patres
3438 5199 3577 5250 quos

2001 5279 2304 5346 repleverat
2340 5276 2574 5346 Spiritus
2621 5280 2769 5351 loqui
2799 5279 2823 5332 ί
2851 5277 2984 5332 Nam
3026 5279 3070 5332 si
3099 5277 3361 5330 Dominus
3392 5275 3526 5328 dixit
3557 5292 3573 5330 :
3645 5328 3647 5331 .

2006 5388 2026 5422 ι
2067 5369 2400 5424 Scrutamini
2431 5371 2778 5440 Scripturas;
2817 5391 2837 5424 ι
2892 5379 2946 5424 οι
2983 5369 3182 5424 Paulus
3217 5385 3232 5422 :
3266 5384 3286 5418 ι
3322 5367 3576 5423 Christus

2001 5474 2194 5528 passus
2259 5469 2344 5514 est
2395 5477 2492 5528 pro
2541 5463 2698 5517 nobis
2774 5460 3072 5516 secundum
3135 5458 3468 5530 Scripturas,
3523 5469 3578 5515 et

1999 5551 2310 5609 cruciﬁxus.
2340 5562 2394 5605 et
2440 5554 2595 5607 tertia
2645 5553 2733 5608 die
2773 5552 3071 5608 resurrexit
3103 5553 3398 5607 secundum
3431 5549 3580 5607 Scri-

2003 5654 2216 5712 pturas,
2248 5663 2267 5695 ›
2302 5643 2567 5710 Dominus
2606 5659 2734 5700 vero
2768 5644 3040 5715 incipiens
3070 5659 3100 5700 a
3145 5643 3330 5716 Moyse
3371 5654 3426 5698 et
3455 5658 3576 5698 om-

2004 5735 2164 5790 nibus
2203 5737 2483 5808 prophetis
2515 5737 2905 5807 interpretatus
2941 5749 3025 5794 est
3054 5738 3106 5792 in
3131 5726 3395 5792 omnibus
3420 5734 3576 5791 Scri-

2004 5830 2178 5902 pturis
2204 5837 2335 5900 quae'
2382 5831 2450 5886 de
2501 5831 2621 5902 ipso
2666 5841 2846 5901 erant,
2898 5847 2997 5890 nec
3030 5832 3174 5890 ullus
3220 5844 3288 5886 ex
3310 5827 3574 5899 apostolis
