4076 6268
410 415 513 483 127

1206 430 1352 491 SYM
1366 431 1413 492 Ε
1428 429 1600 492 )NlS
1637 430 2394 495 TIIESSALONICENSIS
2453 423 2809 497 ᾹΠΕΠΙΕΡ.

3557 428 3665 495 ιεε

408 540 607 609 gelittm
629 549 808 593 autem
839 554 851 592 :
897 540 1272 610 «Baptizantes
1301 561 1392 598 (νος
1411 546 1465 600 in
1490 548 1709 601 nomine
1733 547 1910 602 Patris
1934 557 1987 603 et

2097 568 2116 600 ι
2162 549 2270 601 Καὶ
2297 551 2380 610 είς
2414 549 2472 602 τδ
2508 549 2734 616 Πνεῦμα
2760 547 2819 600 τὸ
2851 546 3028 614 ἅγιον.
3061 564 3079 600 ι
3115 544 3142 599 ὃ
3175 543 3238 616 δὴ
3260 543 3354 600 καὶ
3388 546 3497 599 τῶν
3525 563 3659 613 προσ

407 629 530 686 Filii
553 641 602 684 et
617 630 850 697 Spiritus
871 635 1077 700 sancti;
1109 654 1125 685 ι
1149 637 1223 690 illi
1247 653 1372 692 vero
1390 639 1742 707 adjecerunt:
1765 659 1783 692 ι
1799 642 1982 695 Domi-

357 727 369 740 '
413 738 542 774 num
579 722 962 784 vivificantem.
989 728 1081 794 qui
1109 743 1170 780 ex
1203 727 1363 783 Patre
1406 731 1683 798 procedit,
1717 733 1808 801 qui
1857 749 1979 786 cum

414 811 576 869 Patre
597 824 647 868 et
673 815 812 869 Filio
843 817 1006 872 simul
1036 820 1296 874 adoratur
1323 830 1373 874 et
1403 823 1863 892 conglorilicatur,
1888 824 1980 893 qui

414 908 630 960 locutus
655 918 738 961 est
765 923 860 973 per
894 910 1220 976 preplietas;
1252 912 1302 964 in
1342 929 1502 966 uuam
1528 925 1767 968 sanetam
1797 916 1985 970 ratlto-

413 998 574 1052 liram
592 1007 643 1050 στι
662 1000 1015 1068 apostolicam
1038 1000 1356 1058 Ecclesiam.
1374 1024 1390 1054 ι
1412 1005 1674 1072 Equidem
1695 984 1824 1061 illud
1850 1029 1868 1060 ι
1883 1008 1985 1065 Do-

414 1090 622 1142 miitum
658 1107 675 1140 ι
729 1107 792 1144 ex
823 1093 1048 1160 epistola
1077 1093 1187 1147 divi
1227 1093 1381 1148 Pauli
1411 1098 1687 1166 accipiunt
1713 1100 1982 1158 dicentis:

415 1198 434 1230 ι
453 1180 712 1235 Dominus
731 1192 907 1236 autem
937 1183 1210 1252 Spiritus;
1241 1187 1328 1239 ubi
1353 1203 1480 1243 vero
1500 1189 1731 1257 Spiritus
1751 1191 1983 1258 Domini,

409 1271 484 1323 ibi
515 1271 742 1326 libertas
769 1292 786 1324 ι
825 1273 964 1327 istud
998 1289 1160 1330 vero:
1196 1296 1214 1328 (
1257 1276 1650 1340 Viviﬁcantem.
1677 1301 1695 1334 ι
1729 1297 1792 1336 ex
1829 1297 1986 1337 sacro

411 1364 710 1449 Evangelio
742 1381 851 1432 quo
899 1368 1162 1437 scriptum
1225 1379 1355 1423 est:
1400 1390 1418 1421 ι
1451 1370 1686 1440 Spiritus
1753 1385 1834 1428 cst
1891 1377 1984 1444 qui

412 1455 671 1508 viviticat.
700 1475 714 1504 ι
743 1455 1006 1527 Similiter
1031 1457 1160 1511 illud
1188 1477 1199 1512 :
1227 1478 1244 1510 ι
1271 1459 1372 1524 Qui
1394 1477 1455 1514 ex
1482 1461 1640 1517 Patre
1664 1465 1925 1532 procedit,
1962 1485 1982 1519 ι

409 1546 479 1599 ab
523 1545 815 1614 Evangulio
881 1560 1125 1614 sumunt,
1190 1568 1286 1605 nec
1346 1569 1373 1606 a
1445 1556 1754 1624 semetipsis
1831 1558 1992 1626 quid-

410 1653 574 1707 quam
625 1638 826 1692 addere
857 1641 1079 1698 audent.
1115 1642 1232 1712 Ipse
1263 1645 1407 1697 enim
1439 1645 1654 1700 dixerat
1690 1646 1984 1704 Dominus:

427 1748 442 1777 ι
475 1728 708 1798 Spiritus
729 1732 976 1786 veritatis
1000 1734 1090 1801 qui
1118 1749 1180 1786 ex
1212 1733 1371 1788 Patre
1391 1738 1628 1804 procedit
1659 1781 1672 1803 ,
1705 1757 1725 1790 ι
1759 1740 1990 1794 dicendo

2085 639 2272 706 φητῶν
2304 639 2396 690 καὶ
2433 638 2526 690 τοῦ
2564 635 2903 705 Εὑαγγελίου
2938 636 3056 688 ἐστὶ
3086 636 3262 703 φωνὴ,
3292 633 3386 688 τοῦ
3421 635 3518 703 μὲν
3549 637 3654 687 Δα-

2083 730 2168 783 6‘16
2189 731 2440 797 λέγοντος
2465 771 2478 788 .
2519 749 2538 782 ι
2576 729 2650 781 Τδ
2678 727 2902 796 Πνεῦμά
2936 745 3028 780 σου
3052 727 3113 781 τὸ
3161 729 3316 794 ᾰγιον
3352 725 3427 795 μὴ
3464 727 3656 778 ἀνταν-

2086 823 2214 892 ἐλῃς
2242 822 2334 874 ἀπ’
2365 821 2520 892 ἐμοῦ,
2549 839 2567 873 ι
2604 821 2698 874 τοῦ
2750 819 3088 887 Εὖαγγελίου
3118 818 3198 881 δὲ,
3241 837 3261 870 ι
3293 819 3660 881 Βαπτίζοντςς

2085 916 2282 977 αὐτοῦς
2312 917 2390 979 εἰς
2418 916 2479 969 τὸ
2513 914 2685 985 ὄνομα
2710 912 2802 966 τοῦ
2836 912 3072 981 Πατρὸς,
3108 913 3203 965 καὶ
3233 909 3328 964 τοῦ
3375 909 3530 971 Tia-3,
3562 911 3657 960 aut

2084 1010 2178 1062 τοῦ
2228 1009 2382 1077 ἁγίου
2446 1008 2785 1076 Πνεύματος,
2825 1024 2845 1059 t
2879 1004 3262 1075 προστιθέασιν
3315 1002 3481 1065 οῦτοι,
3522 1021 3540 1052 ι
3576 999 3650 1053 Τὸ

2086 1102 2296 1172 κύριον,
2320 1103 2380 1154 τὸ
2429 1100 2712 1165 ζωοποιδν,
2767 1099 2828 1152 τδ
2877 1099 2942 1151 ὲκ
2989 1097 3085 1152 τοῦ
3118 1096 3332 1168 Πατρδς
3355 1096 3652 1163 ἐκπορευό-

2091 1209 2274 1263 μενον,
2314 1193 2373 1245 τδ
2407 1193 2504 1246 σῦν
2536 1193 2716 1262 Πατρὶ
2743 1191 2837 1245 καὶ
2889 1190 3006 1260 Υίῷ
3057 1187 3649 1260 συμπροσκυνούμενον

2086 1285 2181 1338 καὶ
2231 1284 2707 1353 συνδοξαζόμενον,
2747 1285 2807 1336 τδ
2844 1282 3089 1350 λαλῆσαν
3141 1280 3229 1334 διὰ
3288 1279 3397 1330 τῶν
3447 1295 3656 1346 προφη-

2087 1376 2217 1438 τῶν,
2254 1377 2334 1436 είς
2397 1378 2524 1446 μίαν
2584 1375 2746 1441 ἁγίαν
2801 1373 3096 1442 καθολικὴν
3151 1373 3247 1424 καὶ
3294 1368 3656 1436 ὰποστολικὴν

2093 1467 2446 1538 Ἐκκλησίαν.
2481 1486 2499 1520 ι
2541 1469 2650 1521 Καὶ
2671 1467 2773 1540 ﬁl
2800 1467 2862 1520 τὸ
2913 1466 3009 1535 μὲν
3055 1465 3246 1535 κύριον
3281 1463 3386 1516 ἀπο
3408 1462 3509 1530 τῆς
3536 1463 3659 1514 ἐπι-

2092 1560 2285 1628 στολῆς
2319 1558 2412 1612 τοῦ
2454 1560 2599 1611 Θείου
2641 1557 2856 1611 Παύλου
2881 1557 3271 1626 λαμϐάνουσιν,
3302 1573 3320 1606 ι
3358 1555 3419 1608 '0
3452 1554 3507 1608 δὲ
3541 1552 3658 1607 Κύ-

2092 1668 2206 1720 ριος
2237 1652 2297 1703 τδ
2347 1650 2569 1718 Πνεῦμά
2591 1650 2757 1714 ὲστι,›
2782 1651 3052 1716 λέγοντος·
3090 1650 3300 1702 ι”Οπου
3337 1648 3393 1700 δὲ
3433 1648 3657 1716 Πνεῦμα

2091 1741 2317 1811 Κυρίου,
2345 1743 2461 1794 ἐκεῖ
2479 1741 2782 1810 ἐλευθερίαο
2801 1760 2817 1790 ι
2849 1740 2909 1793 τὸ
2938 1740 2992 1793 δὲ
3023 1739 3288 1804 ζωοποιδν
3308 1741 3371 1792 ὲκ
3391 1738 3482 1791 τοῦ
3508 1736 3656 1808 ἱεροῦ

409 1821 650 1886 quidem,
687 1841 706 1874 ‹
761 1824 1028 1886 veritatis,
1067 1843 1084 1878 ι
1140 1828 1464 1881 monstravit
1514 1831 1794 1897 proprium
1841 1829 1986 1885 Patri

2096 1835 2448 1903 Εὑαγγελίου,
2486 1852 2505 1886 ι
2543 1835 2616 1887 Τὸ
2653 1833 2874 1901 Πνεῦμά
2897 1832 3090 1885 ὲστιτδ
3117 1830 3482 1895 ζωοποιοῦν,ι
3521 1827 3659 1897 γρά-

413 1912 676 1976 Spiritum
721 1928 862 1978 esse,
912 1924 1096 1984 utpote
1124 1918 1643 1974 consubstantialem
1697 1932 1750 1977 ct
1789 1922 1987 1978 indivi-

408 1998 620 2051 sibilcm
693 2010 746 2053 et
779 2001 831 2054 in
866 2017 929 2057 eo
957 2004 1158 2072 jugiter
1181 2018 1488 2063 manentem
1518 2026 1532 2075 ;
1584 2011 1686 2065 hoc
1764 2025 1984 2068 autem:

416 2105 434 2138 ι
464 2086 564 2152 Qui
593 2107 656 2141 ex
680 2089 837 2144 Patre
861 2095 1124 2161 procedit,
1149 2115 1168 2147 ι
1203 2097 1375 2164 ipsius
1399 2098 1634 2166 Spiritus
1655 2102 1982 2171 principium

412 2189 460 2231 et
497 2196 720 2235 causam
764 2192 1035 2244 testatur:
1099 2175 1350 2244 videlicet
1407 2206 1530 2244 eum
1589 2207 1772 2249 essea
1827 2193 1986 2251 Patre

407 2271 633 2340 perinde
678 2288 740 2326 ac
777 2276 889 2344 ipse
920 2275 1112 2342 Filius,
1147 2295 1270 2332 cum
1300 2281 1364 2336 de
1394 2285 1692 2354 semetipso
1743 2287 1983 2343 dixerit:

418 2380 437 2412 ι
473 2360 584 2431 Ego
612 2365 752 2417 exivi
785 2383 812 2419 a
854 2365 1010 2423 Patre
1060 2381 1115 2425 et
1147 2373 1314 2439 vado;
1361 2393 1381 2425 ›
1408 2384 1462 2429 et
1505 2393 1730 2437 rursus:
1770 2399 1788 2432 ι
1830 2381 1984 2436 Exivi

411 2467 439 2504 a
469 2451 629 2508 Patre
659 2457 714 2511 et
747 2459 866 2512 veni
903 2459 953 2512 in
996 2463 1282 2517 mundum.
1311 2483 1329 2515 ι
1366 2463 1574 2522 Idcirco
1625 2471 1668 2522 si
1696 2471 1797 2525 ista
1827 2471 1985 2527 intel-

410 2547 573 2615 liget'e
598 2559 814 2618 oportet
841 2551 906 2606 de
935 2552 1338 2622 incarnatione,
1368 2559 1599 2614 dicendo
1623 2563 1787 2616 etiam
1816 2580 1830 2619 :
1867 2583 1885 2616 ι
1923 2565 1982 2620 In

415 2641 685 2712 principio
707 2654 843 2714 erat,
867 2654 919 2699 et
945 2647 1086 2712 apud
1113 2649 1278 2702 Deum
1302 2661 1444 2715 erat,
1469 2671 1488 2703 ι
1522 2663 1748 2710 testatur
1771 2657 1986 2715 Veritas

335 2783 338 2787 .
412 2731 628 2789 Patrem
653 2751 771 2790 esse
791 2737 1054 2806 suiipsius
1080 2749 1134 2794 et
1152 2741 1386 2808 Spiritus
1407 2759 1626 2799 causam
1647 2763 1661 2801 :
1685 2763 1808 2802 cum
1828 2749 1989 2806 Pater

411 2827 564 2881 solus
593 2827 661 2880 sit
693 2830 815 2882 l‘ons
840 2837 894 2882 et
919 2831 1328 2900 principium,et
1357 2836 1605 2899 radix,et
1631 2854 1794 2895 causa
1822 2841 1986 2899 Verbi

412 2927 469 2970 et
514 2919 793 2986 Spiritus;
828 2935 951 2974 cum
991 2920 1210 2990 insuper
1236 2923 1307 2977 sit
1347 2925 1504 2979 Pater
1531 2927 1823 2997 luminum,
1857 2949 1988 3003 ergo

413 3006 625 3060 lumina
654 3018 781 3061 sunt
812 3009 879 3063 de
909 3009 1113 3065 lumine
1144 3029 1158 3062 :
1186 3011 1330 3066 aliud
1361 3014 1577 3082 quidem
1611 3023 1984 3092 generatione,

383 3099 558 3176 'aliud
620 3110 800 3154 autem
855 3104 1227 3170 processione,
1271 3104 1513 3161 Filiuset
1541 3107 1811 3179 Spiritus:
1849 3132 1867 3165 ι
1927 3116 1984 3170 In

415 3190 620 3245 lumine
689 3201 800 3258 tuo,
852 3193 1000 3246 canit
1030 3192 1215 3256 David,
1251 3196 1556 3268 videbimus
1615 3200 1842 3268 lumen;
1878 3223 1896 3256 ι
1932 3216 1986 3260 et
2017 3223 2062 3285 ο

418 3279 581 3335 Pater
604 3293 687 3336 est
717 3283 833 3336 sola
861 3281 1080 3337 fontana
1108 3285 1385 3352 divinitas,
1414 3287 1490 3341 ait
1512 3291 1733 3359 quidam
1782 3294 1988 3348 theolo-

415 3373 571 3442 lngus
597 3389 612 3440 ;
636 3373 780 3424 unde
803 3372 936 3425 nihil
973 3384 1160 3426 contra
1192 3373 1505 3444 Srripturas
1534 3380 1860 3436 addiderunt
1892 3383 1992 3439 Pa-

415 3471 552 3518 tres.
617 3463 768 3517 Unde
836 3463 998 3516 illud:
1039 3484 1055 3514 c
1086 3463 1188 3530 Qui
1223 3480 1343 3519 cum
1371 3467 1528 3523 Patre
1552 3479 1605 3524 et
1635 3471 1774 3527 Filio
1826 3477 1991 3532 simul

398 3557 681 3606 .-a.lnratur
737 3563 791 3608 et
843 3555 1305 3624 conglorilicatur,
1338 3576 1357 3610 ι
1389 3575 1418 3613 e
1450 3563 1652 3617 sanctis
1691 3561 1992 3632 Scripturis

414 3645 759 3708 collegerunt
787 3645 998 3699 Patres.
1019 3647 1107 3700 Ait
1130 3648 1273 3700 enim
1303 3649 1466 3704 David
1490 3668 1504 3706 :
1530 3671 1550 3704 ‹
1586 3654 1991 3723 Adoremtu,ct,

415 3733 724 3804 Cloriﬁrate
774 3753 912 3790 eum.
945 3757 994 3795 ,ι
1058 3737 1213 3804 Quod
1259 3738 1499 3799 Trinitas
1552 3745 1885 3815 gloriﬁcatur
1927 3764 1993 3804 ex

418 3828 623 3898 liymuo
684 3825 968 3897 Seraphin]
1023 3839 1286 3886 constat:
1351 3851 1369 3886 ι
1426 3835 1684 3898 Sanctus.
1742 3849 1990 3906 sanctus,

416 3931 660 3982 sanctus.
716 3919 978 3976 Dominus
1033 3920 1315 3991 Sabaoth;
1370 3924 1514 3994 pleni
1579 3937 1705 3980 sunt
1753 3929 1877 3982 cceli
1942 3937 1998 3985 et

417 4023 561 4067 terra
590 4015 760 4085 gloria
792 4015 930 4082 ejus.
959 4033 977 4066 ι
1007 4015 1205 4070 Vidcn’
1238 4033 1402 4070 unam
1431 4016 1776 4086 praedicatatn
1814 4018 2000 4075 Trini-

416 4108 547 4162 tatis
603 4106 876 4175 ploriatn?
920 4109 1055 4161 illud
1089 4109 1260 4171 enim,
1295 4127 1313 4160 ι
1345 4108 1601 4173 Sanctus,
1641 4128 1658 4161 ι
1698 4120 1779 4164 ter
1835 4111 2000 4166 itera-

419 4205 557 4258 tu-u,
587 4205 748 4264 prout
787 4197 1123 4266 interpretati
1164 4207 1293 4252 sunt
1318 4197 1524 4262 Patres,
1555 4198 1874 4255 Trinitatem
1921 4202 1998 4255 si-

417 4288 638 4357 gnificat
674 4303 692 4356 ;
726 4289 829 4342 hoc
861 4303 1029 4341 vero:
1072 4306 1091 4339 ι
1153 4287 1440 4353 Dominus,
1499 4308 1517 4341 ι
1576 4292 1744 4346 semel
1791 4291 1998 4346 dictum

415 4378 606 4446 gloiiae
685 4379 802 4447 ejus
860 4388 913 4433 et
967 4388 1174 4433 natura:
1231 4381 1495 4434 unitatem
1554 4381 1794 4434 exhibet.
1849 4381 1997 4445 ldeu,

424 4487 446 4520 ι
487 4468 634 4523 Pleni
662 4480 808 4534 sunt,
842 4471 1039 4540 inquit,
1079 4471 1200 4526 coeli
1230 4482 1283 4525 et
1305 4481 1444 4525 terra
1470 4471 1638 4540 gloria
1664 4471 1804 4540 ejus,
1835 4491 1854 4525 ι
1889 4488 1998 4527 non

2091 1945 2304 1996 φοντος.
2353 1927 2591 1995 Ὀμοίως
2639 1927 2696 1978 δὲ
2731 1926 2824 1979 καὶ
2871 1927 2930 1976 τὸ
2981 1926 3044 1976 ἐκ
3105 1922 3198 1976 τοῦ
3242 1923 3455 1992 Πατρδς
3495 1921 3659 1973 ἐκπο-

2093 2021 2386 2090 ρευόμενον
2420 2020 2487 2071 ἐκ
2536 2017 2631 2070 τοῦ
2682 2016 3015 2084 Εὑαγγελίου
3048 2015 3408 2083 λαμϐάνουσι,
3444 2012 3537 2066 καὶ
3596 2011 3657 2064 ού

2087 2111 2329 2179 τολμῶσί
2366 2128 2419 2163 τι
2447 2108 2797 2180 προστιθέναι
2845 2109 2940 2175 ἀφ’
2980 2107 3209 2160 ἑαυτῶν.
3247 2105 3416 2176 Αὐτὸς
3447 2102 3554 2171 γὰρ
3583 2101 3660 2155 ετ-

2089 2220 2260 2275 ρηκεν
2286 2207 2313 2257 6
2343 2203 2552 2272 Σωτὴρ,
2595 2221 2614 2253 ι
2659 2202 2732 2254 Τὸ
2761 2199 2984 2270 Πνεῦμα
3004 2199 3104 2266 τῆς
3141 2197 3420 2266 ἀληθείας,
3445 2195 3472 2248 ὃ
3503 2196 3653 2264 παρὰ

2087 2295 2182 2348 τοῦ
2234 2296 2445 2364 Πατρδς
2495 2292 2878 2361 ἐκπορεύεται.
2941 2310 2959 2342 ι
3021 2289 3132 2343 Καὶ
3188 2308 3206 2338 ι
3245 2287 3346 2356 τῆς
3383 2286 3479 2355 μὲν
3525 2284 3655 2352 ἀλη-

2087 2386 2238 2449 θείας
2274 2406 2290 2438 t
2331 2385 2529 2447 εἰπὼν,
2561 2383 2763 2448 ἔδειξεν
2796 2383 2992 2434 οἰκεῖον
3025 2379 3173 2446 αὗτῷ
3207 2381 3268 2432 τὸ
3302 2379 3546 2448 Πνεῦμα,
3579 2377 3653 2438 ὡς

2092 2477 2339 2547 συμφυὲς
2365 2477 2460 2529 καὶ
2491 2475 2795 2544 ἀδιαίρετον
2827 2472 2908 2538 ὃν,
2938 2473 3032 2526 καὶ
3059 2473 3115 2524 ὲν
3147 2469 3295 2540 αύτῷ
3333 2469 3492 2538 μόνον
3525 2468 3610 2520 ἀεί
3632 2485 3649 2501 ·

2089 2571 2149 2624 τὸ
2200 2569 2256 2622 δὲ
2305 2588 2324 2622 ε
2372 2569 2400 2621 ὃ
2436 2568 2586 2636 napi
2642 2564 2738 2619 τοῦ
2794 2564 3002 2636 Πατρδς
3070 2563 3448 2632 ἐκπορεύεται,
3486 2579 3505 2613 t
3547 2561 3645 2628 τὴν

2095 2658 2273 2727 ἀρχὴν
2302 2658 2468 2711 αὐτοῦ
2496 2655 2589 2707 τοῦ
2623 2653 2940 2724 Πνεύματος
2978 2653 3072 2707 καὶ
3106 2652 3204 2721 τὴν
3241 2653 3422 2705 αἰτίαν
3448 2667 3652 2719 μαρτυ-

2093 2744 2222 2810 ρῶν,
2270 2745 2353 2797 ὅτι
2403 2744 2552 2813 παρὰ
2585 2742 2677 2796 τοῦ
2717 2742 2952 2813 Πατρὸς,
2992 2741 3067 2804 ὡς
3101 2741 3198 2794 καὶ
3241 2741 3404 2804 αύτὶς
3445 2740 3655 2816 ὀγΥίός.

2101 2837 2257 2891 Ἐπεὶ
2313 2837 2410 2888 καὶ
2465 2836 2594 2905 περὶ
2628 2835 2818 2887 ἑαυτοῦ
2881 2849 3046 2902 φησιν
3078 2848 3095 2866 ’
3131 2851 3151 2885 ι
3204 2831 3346 2899 Ἐγὼ
3379 2831 3532 2899 παρὰ
3566 2830 3660 2884 τοῦ

2099 2927 2315 2994 Πατρδς
2339 2924 2565 2994 ἐξῆλθον
2613 2923 2707 2978 καὶ
2737 2923 2857 2994 ἥκω
2887 2941 2900 2954 ·
2943 2940 2960 2972 t
2994 2921 3088 2974 καὶ
3115 2921 3298 2986 πάλιν,
3334 2939 3353 2973 ι
3398 2923 3660 2992 Ἐξῆλθον

2093 3018 2244 3087 παρὰ
2279 3017 2371 3071 τοῦ
2414 3017 2630 3088 Πατρδς
2683 3019 2776 3070 καὶ
2831 3013 3064 3082 ἐλήλυθα
3097 3015 3172 3076 είς
3220 3014 3316 3067 τδν
3370 3013 3596 3083 κόσμον.
3637 3032 3656 3064 ι

2094 3109 2155 3162 Ei
2185 3108 2317 3178 γοῦν
2353 3108 2620 3163 καὶκατὰ
2656 3107 2755 3178 τὴν
2794 3105 3112 3174 οἰκονομίαν
3144 3104 3260 3158 ἐστι
3303 3105 3462 3158 τοῦτο
3498 3110 3659 3170 νοεῖν,

2095 3202 2232 3254 ἀλλὰ
2263 3201 2361 3254 καὶ
2392 3201 2451 3252 ἔν
2482 3199 2623 3270 ἀρχῇ
2658 3194 2746 3268 ἦν,
2781 3198 2878 3251 καὶ
2925 3198 3061 3268 πρὸς
3095 3196 3181 3248 τὸν
3204 3197 3336 3250 Θεὸν
3363 3193 3450 3268 ἦν,
3479 3198 3660 3251 αἰτίαν

2095 3291 2292 3345 ἑαυτοῦ
2321 3293 2416 3343 καὶ
2444 3290 2538 3343 τοῦ
2589 3289 2908 3358 Πνεύματος
2941 3286 3036 3340 τὸν
3097 3285 3317 3354 Πατέρα
3363 3285 3662 3355 μαρτυρῶν

2093 3385 2128 3453 ἠ
2152 3383 2404 3453 ἀλήθεια.
2455 3382 2611 3436 Ἐπεὶ
2647 3382 2741 3435 καὶ
2780 3380 2890 3434 τῶν
2934 3379 2994 3444 ἐξ
3019 3376 3183 3433 αὐτοῦ
3220 3377 3248 3429 6
3282 3377 3471 3444 Πατὴρ
3497 3379 3658 3445 μόνος

2095 3471 2249 3540 πηγὴ
2281 3470 2379 3526 καὶ
2402 3470 2546 3542 ἁρχὴ
2579 3470 2671 3523 καὶ
2705 3468 2831 3540 ῥίζα
2865 3469 2962 3521 καὶ
2983 3467 3131 3520 αἰτία
3159 3465 3253 3518 τοῦ
3275 3466 3448 3533 Λόγου
3478 3481 3536 3518 τε
3561 3465 3656 3518 καὶ

2094 3563 2191 3616 τοῦ
2238 3563 2581 3632 Πνεύματος.
2624 3561 2776 3616 Ἐπεὶ
2806 3559 2899 3612 καὶ
2953 3557 3145 3629 Πατὴρ
3177 3557 3286 3611 τῶν
3315 3554 3506 3624 φώτων
3560 3555 3655 3609 αὐ-

2097 3656 2210 3720 τός.
2230 3656 2388 3709 Φῶτα
2405 3654 2465 3708 δὲ
2488 3655 2554 3706 ὲκ
2577 3652 2773 3722 φωτὸς,
2799 3652 2860 3704 τὸ
2889 3652 2986 3720 μὲν
3015 3647 3310 3718 γεννητῶς,
3333 3647 3391 3701 τὸ
3417 3647 3473 3701 δὲ
3499 3647 3660 3700 ἔκπο-

2102 3746 2331 3816 ρευτῶς,
2374 3745 2402 3797 6
2430 3743 2558 3806 Υἱὸς
2590 3742 2684 3796 καὶ
2731 3741 2790 3794 τὸ
2817 3739 3062 3810 Πνεῦμα.
3105 3757 3125 3791 ε
3159 3738 3252 3793 Ἐν
3279 3736 3356 3806 τῷ
3385 3736 3522 3806 φωτί
3565 3752 3659 3789 σου

2098 3836 2344 3907 ὀψόμεθα
2393 3833 2534 3903 φῶς,
2571 3852 2590 3886 ι
2642 3830 2838 3902 ψάλλει
2883 3828 3066 3883 Δαϐίδ.
3116 3827 3228 3881 Καὶ
3274 3826 3411 3896 μόνη
3453 3823 3664 3893 πηγαία

2099 3928 2301 3996 Θεὸτης
2328 3927 2356 3978 6
2376 3925 2584 3997 Πατὴρ,
2604 3925 2714 3977 τῶν
2735 3923 2998 3988 θεολόγων
3027 3919 3133 3989 ἔφη
3164 3929 3271 3981 τις.
3304 3916 3490 3978 Οὕτως
3513 3914 3664 3968 οὐδὲν

2102 4019 2252 4090 παρά
2284 4019 2382 4081 τὰς
2403 4018 2632 4088 Γραφὰς
2661 4017 2709 4068 οί
2738 4014 2982 4083 Πατέρις
3011 4009 3343 4064 τεθείκασιν.
3381 4007 3544 4061 Ὀθεν
3575 4007 3667 4059 καὶ

2109 4111 2172 4164 τὸ
2213 4128 2233 4162 ‹
2272 4111 2368 4164 σὺν
2398 4109 2578 4178 Πατρὶ
2634 4107 2728 4160 καὶ
2760 4105 2875 4176 Υίῷ
2925 4099 3522 4173 συμπροσκυνούμενον
3572 4096 3668 4150 καὶ

2104 4200 2564 4270 συνδοξαζόμενον
2593 4216 2612 4250 ι
2650 4197 2757 4250 ἀπὸ
2788 4196 2896 4249 τῶν
2924 4193 3094 4262 ἁγίων
3125 4188 3478 4255 συνελέξαντο
3527 4188 3663 4260 Γρα-

2103 4294 2220 4364 φῶν
2240 4295 2290 4348 oi
2313 4292 2577 4359 Πατέρες.
2604 4290 2678 4343 Τὸ
2706 4307 2724 4338 t
2761 4289 2804 4342 Π
2815 4288 3240 4358 ροσκυνήσωμεν
3268 4302 3288 4336 t
3322 4281 3430 4352 γὰρ
3459 4281 3486 4332 6
3505 4277 3667 4332 Δαόὶδ

2101 4386 2273 4449 λέγει,
2304 4383 2398 4436 καὶ
2429 4382 2490 4434 τὸ
2541 4399 2559 4434 ι
2592 4377 2862 4442 Δοξάσατε
2894 4375 3080 4429 αὐτόν.
3115 4392 3135 4426 ι
3177 4375 3298 4427 Ὅτι
3349 4371 3407 4424 δὲ
3435 4373 3468 4441 ἡ
3498 4369 3668 4441 Τριὰς

2106 4469 2508 4536 συνδοξάζεται,
2536 4468 2630 4522 καὶ
2659 4467 2767 4521 ἀπὸ
2793 4465 2885 4520 τοῦ
2921 4462 3092 4532 ὕμνου
3129 4462 3240 4514 τῶν
3272 4460 3523 4528 Σεραφὶμ
3553 4476 3659 4525 φα-

417 4577 600 4614 eorum
656 4560 823 4625 dixit,
873 4561 1129 4631 quoniam
1173 4563 1336 4614 trium
1383 4575 1742 4630 personarum
1777 4577 1881 4616 una
1912 4571 1996 4617 est

2101 4563 2279 4634 νερόνο
2355 4578 2374 4612 t
2421 4561 2630 4628 Ἄγιος,
2681 4558 2857 4625 ἅγιος,
2915 4557 3094 4622 ἅγιος,
3156 4552 3360 4622 Κύριος
3409 4549 3660 4604 Σαϐαὼθ.

416 4654 590 4724 gloria
627 4663 680 4706 et
708 4664 899 4707 natura
929 4664 982 4707 et
1023 4653 1223 4716 virtus,
1249 4663 1552 4722 sanctaque
1583 4650 1822 4710 Trinitas
1853 4669 1997 4710 unus

421 4725 566 4798 licus
601 4753 654 4796 et
682 4743 940 4800 Dominus
997 4761 1160 4798 unam
1187 4745 1349 4799 liabet
1382 4745 1610 4811 gloriam
1643 4755 1699 4799 et
1727 4746 2003 4801 adoratio-

420 4848 569 4890 nem.
625 4834 827 4888 Idcirco
886 4834 1120 4903 Spiritus
1175 4847 1395 4890 sanctus
1429 4852 1551 4889 cum
1581 4837 1739 4891 Patre
1777 4845 1830 4890 et
1854 4834 1995 4892 Filio

422 4928 586 4981 simul
629 4928 890 4980 aduratur
948 4939 1000 4981 et
1029 4927 1471 4997 ronglorilicatur
1507 4929 1572 4982 ab
1609 4930 1742 4998 ipsis
1769 4931 1996 4998 angelis.

423 5033 546 5069 eum
588 5016 750 5069 David
802 5017 982 5071 dicat:
1017 5036 1035 5068 ι
1079 5018 1144 5071 Ει
1175 5017 1400 5070 adorent
1432 5033 1556 5070 eum
1603 5034 1794 5072 omnes
1824 5019 2000 5087 angeli

423 5107 565 5175 ejus,
601 5127 618 5159 ι
677 5110 769 5162 sed
801 5108 964 5162 etiam
995 5124 1024 5162 a
1055 5108 1211 5162 nobis
1247 5109 1400 5174 ipsis,
1437 5124 1561 5163 cum
1633 5109 1797 5162 David
1841 5111 2000 5165 nobis

423 5200 568 5255 dicat
600 5219 614 5253 :
651 5219 670 5252 ι
714 5198 927 5266 Venite,
955 5201 1245 5256 adoremus
1284 5211 1339 5255 et
1368 5201 1645 5270 ploremus
1679 5217 1863 5257 coram
1898 5203 2000 5258 Do-

429 5295 578 5347 tuino
615 5295 705 5363 qui
735 5294 866 5348 fecit
895 5309 1054 5348 nos.»
1087 5292 1241 5348 Unus
1277 5308 1406 5362 ergo
1442 5292 1702 5348 Dominus
1732 5293 1998 5358 Trinitas,

430 5397 491 5439 ιιι
547 5389 738 5441 dicunt
791 5389 969 5456 angeli
1014 5403 1027 5439 :
1071 5405 1089 5438 ι
1148 5385 1404 5451 Santtns,
1451 5397 1692 5455 sanctus,
1756 5396 2000 5453 sanctus,

432 5480 694 5534 Dominus
723 5495 738 5547 ;
770 5499 787 5531 ι
855 5489 908 5534 ct
943 5495 1110 5534 unum
1163 5495 1368 5534 nomen
1428 5477 1713 5533 Trinitatis
1749 5477 1926 5532 Patris
1949 5486 2002 5531 ct

427 5569 552 5624 Filii
603 5579 656 5624 et
706 5570 946 5641 Spiritus
999 5573 1170 5626 sancti
1239 5575 1290 5628 in
1348 5586 1457 5641 quo
1495 5572 1755 5642 baptizati
1787 5585 1997 5632 sumus,

425 5661 686 5730 quoniam
753 5671 806 5716 et
862 5679 1002 5716 unus
1051 5673 1104 5716 et
1158 5663 1308 5717 solus
1360 5662 1500 5718 Dens
1558 5661 1828 5720 Trinitas,
1874 5675 1996 5713 cum

429 5742 572 5808 Dcus
601 5755 673 5808 sit
719 5752 875 5807 Pater
902 5763 956 5807 et
983 5753 1122 5808 Deus
1152 5761 1296 5807 esset
1332 5751 1590 5810 Verbum.
1625 5747 1767 5818 quod
1799 5757 1918 5803 erat
1947 5748 1999 5801 in

429 5842 700 5916 principio
721 5845 861 5914 apud
890 5843 1170 5900 Dcum.Et
1198 5864 1210 5900 :
1248 5842 1458 5909 «Quare
1491 5841 1750 5896 mentitus
1784 5855 1841 5894 es
1879 5839 2020 5910 διν-ι’

2101 4653 2322 4723 Πλήρης
2363 4653 2390 4706 6
2442 4648 2672 4720 οὐρανὸς
2716 4647 2878 4716 καὶὴ
2918 4644 2991 4714 γῆ
3039 4643 3136 4711 τῆς
3185 4641 3342 4711 δόξης
3388 4639 3574 4696 αὑτοῦ.
3638 4657 3658 4692 t

2109 4742 2309 4811 Ὀρᾶτε
2343 4741 2476 4812 μίαν
2505 4740 2602 4812 τὴν
2640 4737 2797 4802 δόξαν
2831 4733 3246 4807 κηρυττομένην
3269 4732 3366 4802 τῆς
3398 4731 3664 4800 Τριάδοςς

2100 4836 2176 4890 Τὸ
2206 4837 2314 4904 γὰρ
2379 4853 2396 4886 ι
2438 4833 2595 4901 ἅγιος
2638 4850 2657 4883 ο
2694 4831 2990 4900 λεγόμενον
3018 4828 3161 4898 τρὶς,
3199 4828 3274 4888 ῶς
3331 4825 3380 4877 οί
3427 4823 3666 4888 Πατέρες
3699 4888 3716 4905 ⁸

2102 4927 2380 4998 εἰρήκασι,
2431 4923 2530 4994 τὴν
2565 4921 2772 4992 Τριάδα
2828 4918 3103 4988 σημαίνει.
3142 4915 3214 4968 Τὸ
3258 4914 3314 4966 δὲ
3351 4930 3368 4964 ι
3409 4911 3606 4981 Κύριος
3644 4928 3662 4962 ι

2105 5015 2260 5080 ἅπαξ
2298 5016 2356 5068 τὸ
2403 5013 2658 5082 ὁμόδοξον
2689 5011 2785 5063 καὶ
2831 5005 3076 5075 συμφυὲς
3109 5002 3313 5071 ταύτης
3346 5001 3666 5069 παρίστησι.

2103 5109 2195 5161 Διὸ
2253 5108 2348 5161 καὶ
2381 5125 2399 5156 ι
2438 5106 2658 5174 Πλήρης
2692 5098 2906 5172 (φασὶν)
2941 5101 2968 5152 ὁ
3016 5097 3248 5165 οὐρανὸς
3286 5093 3379 5146 καὶ
3407 5095 3438 5158 ἡ
3472 5092 3543 5159 γῆ
3573 5091 3670 5160 τῆς

2102 5203 2263 5273 δόξης
2285 5199 2471 5254 αὑτοῦ.
2512 5218 2530 5249 ι
2563 5199 2676 5251 Οὐκ
2707 5195 2927 5259 αὐτῶν,
2957 5191 3146 5260 ἐπειδὴ
3173 5189 3282 5242 τῶν
3321 5185 3488 5256 τριῶν
3540 5184 3668 5236 ὑπο-

2108 5295 2354 5347 στάσεων
2395 5291 2493 5360 μία
2521 5291 2554 5360 ἡ
2587 5289 2714 5354 δόξα
2751 5289 2845 5341 καὶ
2897 5287 2931 5355 ἡ
2963 5283 3120 5337 οὐσία
3147 5283 3241 5335 ttat
3271 5280 3520 5348 δύναμις.
3559 5275 3670 5330 Καὶ

2104 5386 2137 5454 ἡ
2171 5384 2303 5452 ἁγία
2329 5383 2498 5454 Τριὰς
2525 5383 2552 5433 6
2588 5381 2748 5449 μόνος
2777 5376 2908 5439 Θεός
2935 5392 2995 5428 τε
3021 5377 3117 5430 καὶ
3151 5373 3359 5442 Κύριος
3387 5371 3515 5438 μίαν
3555 5367 3668 5450 ἔχει

2105 5476 2206 5548 τὴν
2237 5475 2391 5540 δόξαν
2425 5474 2521 5526 καὶ
2542 5471 2640 5540 τὴν
2665 5467 3059 5540 προσκύνησιν.
3097 5463 3190 5516 Διὸ
3218 5463 3313 5516 καὶ
3359 5459 3421 5513 τὸ
3448 5457 3672 5525 Πνεῦμα

2104 5569 2164 5621 τὸ
2195 5567 2350 5636 ἅγιον
2375 5564 2452 5632 τῷ
2477 5563 2650 5632 Πατρ“ι
2677 5561 2773 5614 καὶ
2806 5559 2885 5630 τῷ
2914 5557 3032 5630 Υἱῷ
3062 5554 3394 5622 συντιμᾶταί
3420 5552 3513 5602 καὶ
3537 5565 3673 5617 συμ-

2106 5658 2500 5730 προσκυνεῖται
2551 5653 2644 5707 καὶ
2683 5651 2833 5722 παρὰ
2865 5650 2975 5703 τῶν
3031 5645 3277 5714 ἀγγέλων
3315 5637 3673 5730 αὐτῶνηὲπιελ⁸

2105 5727 2220 5810 καὶ,
2251 5763 2269 5797 ι
2306 5744 2725 5816 Προσκυνήσατε
2756 5738 2940 5800 αὐτὸν,
2997 5734 3162 5804 φησὶν
3192 5734 3219 5786 6
3263 5727 3447 5792 Aa6‘t6,
3471 5727 3672 5816 πάντες

2108 5836 2330 5907 ἄγγελοι
2360 5815 2530 5890 αὑτοῦ
2559 5849 2571 5861 ·
2606 5852 2622 5884 t
2654 5831 2788 5885 ἀλλὰ
2831 5830 2922 5883 καὶ
2949 5827 3079 5896 παρ’
3116 5823 3272 5896 ἡμῶν
3307 5817 3482 5876 αὐτῶν
3502 5834 3516 5850 ·
3550 5815 3674 5871 tusi.
