4076 6268
379 233 490 300 ιιι

1404 226 1792 292 DIALOGUS
1833 229 2135 291 CONTRA
2179 227 2578 290 ll.'E[iESES.

3533 228 3634 294 130

383 354 481 405 καὶ
515 347 648 421 πρὸς
677 349 818 419 ἡμᾶς
866 363 1031 418 φησιν
1063 347 1091 400 6
1132 346 1316 412 Δαϐἰδ,
1369 363 1387 398 t
1424 345 1610 411 Δεῦτε,
1646 347 1950 416 προσκυνή-

2071 347 2181 399 ·ἱιιιί
2246 346 2490 401 sancto?
2545 344 2661 400 Non
2716 359 2776 402 es
2840 345 3100 402 mentitus
3155 345 3485 411 hominibus,
3535 349 3632 402 sed

384 457 569 512 σωμεν
610 440 701 494 καὶ
757 439 1084 509 κλαύσωμεν
1131 440 1375 492 ἐναντιον
1428 439 1633 506 Κυρίου
1666 437 1761 490 τοῦ
1793 438 1954 508 ποιή·

387 550 581 596 σαντος
611 533 781 602 ἡμᾶς.
832 549 852 584 ›
893 526 988 595 Εἷς
1019 526 1114 584 οῦν
1137 529 1340 600 Κύριος
1369 531 1403 600 ἡ
1451 528 1641 599 Τριὰς,
1674 530 1746 592 ὼς
1779 532 1876 582 καὶ
1909 529 1958 582 oi

386 624 606 693 ἄγγελοί
631 641 815 692 φασιν,
847 641 866 674 t
899 620 1309 690 ’Δγιος,ἂγιος,
1333 622 1504 690 ἀγιος,
1529 622 1758 692 Κύριος.
1796 638 1814 672 ι
1852 621 1961 674 Καὶ

389 716 452 769 ἓν
481 717 542 770 τὸ
579 715 751 783 δνορα
781 715 882 783 τῆς
914 714 1144 786 Τριάδος
1164 714 1256 768 τοῦ
1291 713 1524 785 Πατρδς,
1562 717 1656 767 καὶ
1685 711 1958 776 τοῦΥἰοῦ,

389 811 487 864 καὶ
515 807 610 863 τοῦ
657 811 816 875 ἀγίου
881 808 1219 878 Πνεύματος,
1256 810 1336 870 εἰς
1366 807 1394 860 ὂ
1445 806 1842 876 βαπτιζόμεθα,
1877 809 1960 860 ὅτι

378 903 484 952 καὶ
511 896 592 963 εἷς
624 901 720 954 καὶ⁵
749 899 910 969 ,μόνος
943 897 1074 961 Θεὸς
1103 899 1136 966 ἡ
1170 898 1364 967 Τριας,
1385 898 1507 950 ἐπεὶ
1536 902 1629 950 καὶ
1651 898 1780 960 Θεὸς
1813 899 1962 949 ἐστιν

389 995 418 1045 6
447 995 662 1062 Πατὴρ,
699 993 795 1046 καὶ
833 991 964 1052 Θεὸς
995 985 1062 1061 ἦν
1091 991 1121 1043 6
1152 990 1342 1057 Λόγος,
1364 989 1420 1054 ὃς
1449 985 1516 1058 ἦν
1555 991 1611 1042 ὲν
1639 990 1781 1060 ἀρχῇ
1827 988 1963 1058 πρὸς

390 1082 483 1135 τὸν
510 1083 664 1137 Θεόν.
689 1083 817 1145 Καὶ,
839 1081 994 1134 ε”ινα
1023 1081 1075 1133 τί
1109 1079 1323 1150 ἐψεύσω
1349 1081 1410 1132 τὸ
1431 1079 1654 1150 Πνεῦμα
1680 1081 1738 1132 τὸ
1769 1079 1960 1147 ἂγιον;

387 1176 494 1228 οὐκ
529 1174 744 1242 ἐψεύσω
772 1172 1101 1242 ἀνθρώποις,
1131 1172 1266 1223 ἀλλά
1295 1171 1434 1238 Θεῷ,
1463 1189 1482 1222 ι
1505 1172 1706 1240 Πέτρος
1723 1171 1962 1223 διδάσκει

393 1269 522 1336 περὶ
545 1264 639 1319 τοῦ
673 1263 810 1318 Πνεύ
820 1281 1013 1332 ματος.
1032 1263 1143 1318 Καὶ
1171 1263 1402 1332 ούζτρεῖς
1421 1262 1553 1328 θεοὶ,
1586 1262 1702 1315 ἀλλ’
1725 1255 1805 1324 εἷς
1829 1261 1961 1324 Θεὸς

390 1359 450 1410 ἐν
479 1357 690 1426 Τριάδι.
720 1356 872 1408 Ἐπεὶ
902 1355 996 1408 καὶ
1034 1354 1134 1423 μία
1159 1351 1254 1407 τοῦ
1301 1353 1513 1424 Πατρδς
1561 1353 1655 1406 καὶ
1700 1352 1831 1406 Υιοῦ
1866 1352 1960 1405 καὶ¹

395 1447 712 1518 Πνεύματος
743 1447 816 1510 ὡς
840 1447 874 1515 ἡ
904 1446 1061 1498 οὐσία
1093 1445 1197 1499 καὶ
1230 1444 1414 1513 φύσις,
1445 1445 1540 1499 καὶ
1560 1446 1593 1514 ἡ
1614 1443 1841 1514 δύναμις
1870 1445 1964 1499 καὶ

390 1540 564 1609 βουλὴ
615 1541 711 1592 καὶ
755 1538 967 1608 κίνησις
1017 1537 1114 1592 καὶ
1148 1537 1399 1605 ἐνέργεια
1457 1541 1550 1591 καὶ
1589 1537 1818 1608 πρόνοια
1868 1536 1965 1590 καὶ

398 1632 642 1701 βασιλεία
691 1630 788 1684 καὶ
818 1628 963 1700 ἀρχὴ
1003 1630 1098 1682 καὶ
1147 1627 1274 1693 δόξα
1324 1629 1652 1699 ἀχώριστος.
1691 1628 1827 1687 Οὐδὲ
1853 1628 1963 1696 γὰρ

2062 435 2192 502 Deo,
2233 455 2252 489 ι
2283 437 2440 493 docet
2469 436 2660 492 Petrus
2708 436 2774 492 de
2807 435 3036 507 Spiritu.
3072 435 3192 492 Non
3233 449 3344 492 tres
3385 437 3484 500 dii,
3535 437 3632 491 sed

2061 544 2204 585 unus
2231 539 2316 584 est
2348 529 2490 584 Deus
2520 529 2578 584 in
2613 529 2907 595 Trinitate,
2950 545 3073 584 cum
3101 531 3174 584 sit
3207 528 3386 584 Patris
3420 537 3476 583 et
3507 527 3634 582 Filii

2060 636 2114 678 et
2158 622 2396 691 Spiritus
2458 622 2631 678 sancti
2655 625 2893 678 essentia
2928 633 2982 678 et
3037 631 3254 686 natura,
3302 622 3544 691 potentia
3574 631 3632 675 et

2061 717 2334 782 voluntas,
2362 725 2544 770 motus
2572 727 2627 770 et
2651 717 2918 786 Operatio,
2941 717 3282 787 providentia
3303 725 3358 770 et
3380 729 3630 782 regnum,

2063 822 2228 860 unum
2289 808 2616 877 principium
2672 819 2723 863 et
2780 810 2951 879 gloria
3023 808 3393 863 indivisibilis.
3470 804 3634 858 Pater

2060 900 2204 952 enim
2253 915 2531 969 nunquam
2567 900 2670 956 l‘uit
2697 905 2817 956 sine
2848 900 3027 955 Verbo
3077 911 3130 954 et
3197 900 3425 968 Spiritu,
3455 913 3630 963 neque

2066 987 2300 1046 Verbum
2335 992 2457 1046 sine
2488 993 2650 1047 Patre
2683 999 2736 1045 et
2771 991 3000 1061 Spiritu,
3023 1007 3198 1061 neque
3231 991 3474 1060 Spiritus
3515 990 3637 1042 sine

2061 1075 2222 1134 Patre
2267 1091 2321 1134 et
2377 1078 2516 1134 Filio
2562 1097 2576 1133 :
2640 1083 2902 1149 quoniam
2951 1080 3231 1133 individua
3267 1090 3362 1137 test
3398 1077 3640 1132 Trinitas

2063 1178 2227 1240 atque
2279 1171 2681 1228 inconfusibilis
2714 1190 2728 1227 :
2757 1171 3161 1227 ittconl'usibilis
3212 1171 3457 1240 quidem,
3504 1186 3642 1240 quo-

2066 1263 2213 1316 niam
2247 1263 2301 1316 in
2332 1278 2393 1317 ea
2427 1275 2512 1319 est
2543 1280 2666 1319 vere
2701 1265 2884 1330 Pater,
2910 1280 3035 1320 vere
3058 1263 3250 1329 Filius,
3283 1281 3408 1318 vere
3461 1264 3640 1334 Spiri-

2067 1362 2153 1406 tus
2196 1362 2452 1408 sanctus:
2493 1354 2771 1410 individua
2825 1355 3318 1426 autem,quouinm
3352 1372 3493 1410 unus
3529 1355 3635 1409 Pa-

2067 1455 2148 1498 ter
2207 1445 2415 1514 absque
2470 1446 2623 1499 initio
2672 1455 2727 1499 et
2766 1461 2886 1514 quae
2930 1462 2994 1500 ex
3043 1447 3158 1516 ipso
3182 1456 3310 1501 sunt
3339 1447 3458 1502 sine
3483 1446 3639 1500 initio

2068 1545 2218 1601 sunt,
2272 1547 2476 1591 a-terna
2517 1547 2668 1600 sunt,
2698 1537 2814 1590 sine
2843 1537 3098 1606 passiOne
3121 1539 3446 1605 procedunt.
3483 1537 3641 1590 Pater

2071 1642 2216 1682 enim
2268 1635 2354 1682 est
2410 1627 2534 1681 l'nns
2585 1628 3133 1696 supersubstantialis
3182 1626 3643 1692 Deitatis;Filius

399 1693 587 1794 Πατὴρ
611 1724 733 1792 δίχα
768 1693 1107 1790 Λόγοῦ-ποτὲ
1156 1719 1190 1790 ἢ
1230 1693 1586 1790 Πνεῦματοςο
1631 1720 1753 1773 οῦδὲ
1794 1693 1965 1788 Λόγος

2071 1696 2196 1774 ivero
2240 1730 2295 1775 et
2325 1719 2563 1790 Spiritus
2599 1723 2743 1776 velut
2776 1720 2938 1777 ﬂores
2970 1731 3023 1776 et
3080 1723 3289 1776 lumina
3346 1724 3644 1790 super-sub-

395 1815 519 1886 δίχα
547 1815 640 1867 τοῦ
671 1813 886 1883 Πατρὸς
915 1811 1012 1866 καὶ
1035 1811 1130 1865 τοῦ
1181 1811 1495 1879 Πνεύματος
1520 1828 1534 1842 ο
1580 1811 1700 1864 οὐδὲ
1747 1811 1967 1880 Πνεῦμα

388 1907 518 1976 δίχα
545 1905 638 1958 τοῦ
691 1904 901 1974 Πατρὸς
935 1904 1030 1956 καὶ
1057 1901 1153 1955 τοῦ
1185 1901 1337 1956 Υίοῦ.
1364 1902 1486 1955 Ὅτι
1515 1902 1610 1955 καὶ
1658 1902 1965 1972 ἀδιαίρετος

397 2003 491 2053 καὶ
523 1998 828 2069 ἀσύγχυτος
855 1998 890 2066 ή
923 1995 1095 2067 Τριάς
1124 2011 1139 2025 °
1189 1994 1494 2063 ἀσύγχυτος
1527 1993 1632 2064 μὲν.
1655 1995 1738 2047 ὅτι
1773 1995 1965 2064 Πατὴρ

397 2087 614 2160 ἀληθῶς
671 2085 766 2140 καὶ
797 2085 924 2148 Υἱὸς
972 2084 1208 2152 ἀληθῶς,
1242 2085 1338 2137 καὶ
1392 2085 1616 2154 Πνεῦμα
1651 2085 1806 2153 ἅγιον
1835 2086 1966 2155 ἀλη-

323 2175 334 2184 ’
391 2182 507 2243 θὼς
529 2196 542 2210 ·
579 2180 884 2248 ἀδιαίρετος
915 2177 994 2244 δὲ,
1024 2179 1106 2232 ὅτι
1139 2171 1219 2239 εἷς
1275 2180 1302 2230 6
1332 2178 1524 2248 Πατὴρ
1573 2178 1667 2231 καὶ
1701 2177 1963 2250 ἄναρχος,

398 2274 494 2327 καὶ
534 2274 604 2326 τά
651 2271 711 2337 ἐξ
759 2270 928 2325 αὐτοῦ
958 2270 1215 2341 ἀνάρχως
1243 2269 1339 2322 καὶ
1373 2269 1556 2332 ἀῖδίως
1587 2270 1682 2323 καὶ
1711 2271 1962 2334 ἀπαθῶς.

396 2369 561 2437 Πηγὴ
591 2368 702 2437 γὰρ
735 2368 834 2433 τῆς
863 2363 1193 2434 ὑπερουσιου
1233 2361 1502 2430 Θεότητος
1550 2363 1578 2414 6
1611 2361 1825 2431 Πατὴρ,
1853 2363 1880 2414 6
1907 2361 1967 2414 δέ

399 2460 527 2522 Υἱὸς
558 2459 654 2512 καὶ
675 2458 736 2510 τὸ
759 2455 1006 2525 Πνεῦμα,
1029 2450 1142 2508 οἷον
1163 2452 1320 2520 ἄνθη,
1344 2453 1440 2505 καὶ
1464 2451 1766 2521 ὑπερούσια
1791 2453 1968 2518 φῶτα,

401 2548 541 2618 φησι
586 2545 890 2607 Διονύσιος,
927 2543 1054 2610 μίαν
1076 2540 1186 2611 42
1237 2539 1339 2608 τὴν
1377 2538 1586 2605 λάμψιν
1636 2539 1971 2607 κεκτημένα,

398 2637 480 2698 ὼς
514 2636 609 2686 καὶ
637 2633 736 2700 τὴν
771 2630 934 2700 φύσιν
969 2630 1098 2698 μίαν
1125 2627 1223 2681 καὶ
1249 2629 1349 2697 τὴν
1377 2627 1606 2696 δύναμιν
1639 2629 1732 2680 καὶ
1759 2627 1976 2696 κίνησιν

405 2727 504 2778 καὶ
531 2725 834 2794 ἐνέργειαν,
862 2721 956 2774 καὶ
994 2720 1053 2796 ού
1085 2719 1210 2773 κατ’
1235 2718 1505 2787 ἀγγέλους
1535 2719 1629 2770 καὶ
1652 2717 1974 2788 ἀνθρώπους

407 2815 627 2886 γνώμης
655 2815 797 2876 τινὸς
823 2813 856 2883 ἢ
889 2811 1080 2880 σοφίας
1101 2809 1386 2880 διαφοράν.
1418 2808 1634 2870 (Οὐδεὶ,
1661 2809 1768 2878 γὰρ
1797 2812 1975 2877 ἐπιγι-

407 2911 601 2964 νώσκει
648 2909 738 2962 τὸν
772 2907 901 2959 Υἱὸν
937 2905 987 2958 εἰ
1028 2903 1104 2974 μὴ
1137 2905 1165 2956 6
1194 2903 1422 2972 Πατήρο
1459 2902 1580 2954 ούδέ
1612 2901 1704 2955 τὸν
1751 2902 1969 2972 Πατέρα

400 3020 485 3065 τις
512 2999 871 3070 ἐπιγινώσκει
902 3000 953 3051 εἰ
981 2997 1057 3068 μὴ
1085 2997 1113 3055 6
1134 2996 1286 3062 Υἱὸς,
1319 2995 1414 3049 καὶ
1452 2987 1496 3062 ᾧ
1534 2996 1627 3047 ἐάν
1660 2993 1970 3065 βούληταιὸ

402 3095 534 3157 Υἱὸς
563 3091 913 3159 ἀποκαλύψαι
940 3104 989 3142 ⁸»
1049 3086 1428 3142 ἀποκαλύπτει
1457 3087 1511 3140 δέ
1529 3087 1648 3140 ὅσον
1670 3085 1919 3156 βούλεται
1945 3088 1974 3139 6

401 3184 603 3248 διδοὺς,
632 3183 732 3235 καὶ
782 3181 906 3234 ὅσον
937 3177 1161 3232 δύναται
1187 3179 1216 3230 6
1243 3176 1534 3246 λαμϐάνων
1564 3176 1652 3229 διὰ
1677 3176 1770 3228 τοῦ
1801 3174 1973 3229 Πνεύ-

405 3293 599 3348 ματος.
641 3275 771 3338 Καὶ,
808 3290 826 3324 ι
863 3270 936 3325 Τὸ
973 3271 1198 3340 Πνεῦμα
1233 3269 1291 3321 δὲ
1330 3270 1510 3322 πάντα
1541 3269 1759 3339 ἐρευνᾷ,
1789 3269 1974 3322 καὶτὰ

405 3370 544 3442 βάθη
579 3367 674 3421 τοῦ
707 3365 870 3420 Θεοῦ.
911 3363 1018 3419 Καὶ
1047 3363 1118 3417 τὰ
1148 3360 1241 3415 τοῦ
1267 3361 1401 3414 Θεοῦ
1433 3361 1604 3424 οὐδεὶς
1629 3357 1792 3428 οἶδεν,
1816 3362 1865 3413 ει
1895 3362 1970 3431 μὴ

400 3463 462 3516 τὸ
495 3459 720 3530 Πνεῦμα
770 3457 832 3510 τὸ
866 3459 925 3509 ἐν
964 3453 1172 3524 αὐτῷ.»
1225 3451 1391 3524 Ὀρᾷς
1427 3451 1570 3505 κατά
1621 3451 1852 3520 δύναμιν
1898 3453 1972 3514 ὠς

399 3555 514 3616 τοῖς
549 3552 729 3620 ἁγίοις
761 3544 1127 3614 ἀπεκαλύφθη
1155 3542 1218 3597 τὸ
1250 3542 1550 3613 μυστήριον
1579 3539 1678 3611 τῆς
1727 3540 1972 3609 ἀδιαιρέο

402 3663 497 3699 του
545 3643 639 3697 καὶ
688 3639 1000 3710 ἁσυγχύτου
1032 3635 1286 3706 Τριὰδος,
1337 3633 1431 3687 τοῦ
1467 3631 1630 3702 μόνου
1677 3631 1784 3684 τῶν
1833 3631 1972 3685 ὅλων

402 3736 571 3803 Θεοῦ;
603 3734 804 3788 Λοιπὸν
823 3731 900 3801 μὴ
923 3729 1236 3799 περαιτέρω
1259 3726 1411 3796 ζήτει
1440 3715 1647 3794 θ’ἀρκοῦ
1685 3724 1794 3784 τοῖς
1822 3724 1973 3792 εἰρη-

407 3835 586 3900 μένοις
615 3825 710 3879 καὶ
734 3822 1040 3892 δεδομένοις
1068 3819 1218 3890 παρά
1244 3815 1401 3869 Θεοῦ.
1445 3816 1598 3868 Ἐπεὶ
1623 3814 1718 3868 καὶ
1763 3815 1970 3884 Πέτρος

403 3919 559 3990 παρά
583 3918 677 3970 τοῦ
706 3914 914 3984 Πατρδς
945 3912 1036 3964 τὸν
1081 3910 1207 3962 Υἱὸν
1251 3906 1591 3975 ἀποκαλύψει
1649 3905 1915 3974 ἐγνώρισε
1949 3921 1964 3936 ο

404 4013 501 4066 καὶ
542 4009 706 4062 πάλιν
763 4007 860 4058 σὺν
908 4005 1020 4064 τοῖς
1074 4000 1279 4062 λοιποῖς
1308 3999 1629 4060 ἀποστόλοις
1666 3998 1817 4064 παρὰ
1870 3993 1969 4046 τοῦ

411 4104 543 4157 Υἱοῦ
603 4101 692 4152 τὸν
733 4098 948 4167 Πατέρα
998 4093 1168 4164 ἔμαθε
1225 4092 1516 4162 διδαχθεὶς,
1555 4109 1572 4140 ι
1611 4087 1974 4156 Ἐφανέρωσὰ

405 4213 500 4248 σου
538 4194 601 4246 τὸ
653 4191 846 4261 δνομα,
884 4207 904 4241 ι
961 4187 1234 4254 λέγοντος,
1287 4201 1306 4234 ι
1338 4186 1450 4244 τοῖς
1499 4180 1832 4248 ἀνθρώποις,
1876 4181 1972 4232 καὶ

405 4288 678 4356 ἐγνώρισα
702 4285 884 4346 αὐτοῖς
916 4283 975 4335 1:6
1005 4278 1182 4348 ὄνομα
1227 4293 1319 4328 σου
1355 4275 1452 4327 καὶ
1483 4272 1763 4342 γνωρίσω.
1801 4289 1820 4323 ι
1862 4271 1972 4324 Καὶ

2066 1812 2367 1875 stantialia,
2388 1813 2463 1865 ait
2484 1813 2793 1883 Dionysius,
2813 1812 2985 1868 lucem
3007 1829 3169 1867 unam
3196 1814 3471 1879 habentia,
3499 1813 3644 1868 sicut

2049 1905 2121 1956 'et
2160 1919 2324 1956 unam
2361 1914 2613 1957 naturam
2665 1913 2719 1958 et
2742 1913 3094 1973 potestatem,
3131 1914 3185 1958 et
3221 1905 3552 1959 voluntatem
3585 1915 3640 1958 rt

2068 1993 2461 2062 operationem,
2487 2009 2661 2062 neque
2700 2009 2852 2048 more
2887 1995 3166 2048 hominum
3195 2004 3250 2050 et
3313 1996 3631 2065 angelorum

2065 2086 2298 2142 scientia
2359 2087 2588 2154 quadam
2622 2096 2716 2141 aut
2759 2087 3024 2154 sapientia
3077 2087 3353 2142 ditl'erunt.
3387 2106 3406 2140 ι
3461 2087 3634 2142 Nemo

2065 2178 2214 2234 enim
2248 2179 2399 2233 novit
2427 2179 2622 2234 Filium
2653 2180 2758 2236 nisi
2797 2179 2978 2244 Pater,
3008 2191 3062 2236 et
3084 2196 3246 2236 nemo
3294 2180 3505 2238 Patrem
3539 2199 3639 2238 no-

2065 2272 2265 2327 vitnisi
2286 2268 2488 2335 Filius,
2510 2280 2563 2326 et
2583 2271 2673 2326 cui
2697 2272 2929 2327 voluerit
2955 2271 3126 2328 Filius
3150 2275 3454 2341 revelarep
3490 2290 3642 2331 reve-

2068 2359 2204 2416 iabit
2230 2369 2414 2414 autem
2440 2372 2704 2429 quantum
2731 2361 2967 2416 voluerit
3000 2362 3046 2417 is
3077 2365 3170 2432 qui
3218 2364 3330 2428 dat,
3352 2374 3407 2419 et
3461 2383 3638 2433 quau-

2073 2459 2186 2504 tum
2216 2453 2457 2518 potuerit
2485 2451 2530 2504 is
2559 2451 2651 2518 qui
2682 2465 2773 2518 per
2799 2452 3064 2522 Spiritum
3096 2456 3313 2523 accipit.
3348 2475 3366 2507 ι
3403 2457 3639 2526 Spiritus

2075 2553 2207 2593 vero
2251 2539 2438 2594 omnia
2489 2549 2767 2594 scrutatur
2817 2543 2981 2596 etiam
3027 2545 3298 2612 profunda
3343 2548 3491 2608 Dein
3540 2559 3640 2603 et:

2082 2649 2102 2683 ι
2138 2628 2271 2696 Quae
2298 2639 2430 2684 sunt
2462 2629 2556 2684 Dei
2589 2646 2748 2686 nemo
2784 2633 2936 2687 novit
2967 2635 3073 2689 nisi
3100 2635 3336 2705 Spiritus
3363 2641 3453 2706 qui
3478 2649 3562 2693 est
3589 2640 3643 2695 in

2075 2736 2161 2777 eo.
2199 2740 2218 2774 ι
2281 2720 2474 2776 Viden’
2502 2723 2763 2793 quoniam
2817 2740 2915 2795 pro
2972 2727 3179 2782 viribus
3223 2731 3518 2786 revelatum
3563 2741 3646 2786 est

2073 2815 2279 2870 sanctis
2331 2816 2651 2886 mysterium
2717 2817 3072 2874 indivisibilis
3127 2831 3183 2874 et
3242 2821 3642 2877 inconfusibilis

2072 2905 2382 2972 Trinitatis,
2419 2908 2590 2962 solius
2623 2909 3004 2965 universorum
3038 2910 3174 2966 Dei?
3208 2915 3475 2968 Caeterum
3527 2917 3642 2970 noli

2073 3001 2240 3055 altius
2281 3001 2558 3069 inquirere
2596 3017 2610 3068 ;
2643 3003 2914 3058 suﬂiciant
2944 3019 3061 3072 qtta‘
3089 3005 3233 3058 dit-ta
3268 3017 3394 3059 sunt
3421 3019 3472 3060 et
3518 3009 3643 3063 data

2077 3106 2107 3146 a
2135 3089 2264 3156 Deo,
2296 3091 2555 3159 quoniam
2592 3090 2788 3148 Petrus
2821 3109 3038 3161 quoque
3067 3110 3095 3148 a
3130 3093 3237 3148 Deo
3263 3095 3459 3149 Filium
3494 3113 3648 3152 rere-

2075 3180 2278 3234 latione
2335 3181 2612 3250 cognorit,
2643 3190 2698 3235 et
2727 3182 2922 3235 iterum
2951 3197 3078 3238 cum
3135 3185 3347 3238 cwtrris
3385 3188 3649 3254 apostolis

2075 3285 2105 3325 a
2137 3269 2276 3325 Filio
2301 3273 2526 3326 edoctus
2553 3271 2768 3326 Patrem
2808 3272 3002 3328 didicit
3055 3273 3150 3343 qui
3212 3275 3383 3329 dixit:
3422 3295 3440 3328 ι
3476 3277 3650 3331 Mani-

2076 3361 2270 3418 festavi
2323 3379 2519 3431 nomen
2561 3374 2714 3418 tuum
2767 3364 3104 3430 hominibus,
3137 3375 3190 3419 et
3223 3377 3408 3420 notum
3437 3368 3536 3424 feci
3563 3369 3645 3424 eis

2073 3469 2271 3509 nomen
2331 3465 2480 3509 tuum
2545 3464 2601 3510 et
2629 3465 2816 3510 notum
2875 3456 3095 3511 faciam.
3129 3476 3148 3509 ι
3190 3457 3253 3514 Ει
3285 3476 3406 3528 qua:
3436 3463 3646 3530 angelis

2074 3545 2356 3600 tremenda
2412 3554 2540 3601 sunt
2595 3556 2759 3617 atque
2825 3548 3012 3619 ignota
3044 3566 3139 3617 per
3184 3551 3446 3620 Spiritum
3490 3556 3650 3609 nobis

2074 3636 2307 3692 revelata
2336 3646 2465 3693 sunt
2497 3655 2512 3692 :
2557 3657 2574 3690 ι
2617 3639 2743 3694 llaec
2783 3640 2964 3709 nobis,
2995 3643 3070 3696 ait
3099 3639 3320 3710 Paulus,
3350 3661 3443 3712 per
3471 3645 3646 3715 Spiri-

2072 3739 2188 3786 tum
2219 3731 2496 3785 revclavit.
2533 3749 2550 3784 ι
2580 3729 2837 3801 Superest
2886 3743 2943 3787 ut
2998 3735 3233 3789 revelata
3297 3739 3502 3792 sanctis
3547 3755 3648 3792 cu-

2073 3819 2409 3887 stodiamus,
2442 3836 2620 3889 neque
2650 3831 2836 3877 nostra
2863 3824 3286 3878 immisceamus.
3312 3825 3544 3894 Spiritus
3569 3836 3654 3880 cst

2071 3910 2620 3980 veritatis,Spiritus
2668 3911 2790 3978 Dei,
2851 3911 3090 3982 Spiritus
3153 3911 3355 3980 Patris,
3410 3915 3645 3983 Spiritus

2073 4000 2300 4065 Christi,
2354 3999 2589 4069 Spiritus
2636 4000 2759 4056 Filii
2801 4002 2854 4056 si
2897 4003 3122 4056 unitatis
3181 4004 3527 4072 substantiis,
3583 4018 3639 4060 et

2074 4089 2312 4154 consilii,
2378 4091 2737 4162 ejusdemque
2821 4094 3096 4163 principii,
3184 4097 3518 4164 operationis
3591 4110 3648 4154 et

2075 4179 2378 4250 potestatis.
2439 4181 2612 4236 Verba
2660 4199 2675 4235 :
2740 4201 2758 4234 ι
2829 4182 3034 4250 Spiritu
3097 4186 3206 4241 oris
3268 4187 3386 4255 ejus
3437 4189 3528 4257 qui
3579 4206 3645 4244 ex

2077 4269 2236 4326 Patre
2266 4270 2535 4340 procedit.
2573 4271 2808 4342 Spiritus
2836 4275 2929 4345 qui
2955 4291 3021 4329 ex
3063 4277 3174 4332 Deo
3203 4289 3306 4344 cst,
3341 4296 3360 4330 ι
3397 4296 3644 4348 causam,

405 4387 469 4434 τὰ
500 4382 610 4441 τοῖς
636 4375 886 4446 ἀγγέλοις
934 4373 990 4426 δὲ
1037 4370 1243 4440 φρικτά
1268 4385 1326 4420 τε
1358 4369 1450 4420 καί
1478 4366 1734 4433 ἄγνωστα
1763 4362 1850 4416 διὰ
1878 4362 1968 4415 τοῦ

2079 4363 2284 4418 fontem
2354 4379 2630 4434 unumque
2678 4365 2855 4422 Patris
2909 4366 3242 4436 principium
3307 4371 3400 4440 qui
3456 4384 3648 4427 auctor

411 4471 726 4539 Πνεύματος
762 4469 893 4537 ἡμῖν
926 4461 1310 4532 ἀπεκαλύφθη.
1336 4456 1547 4520 Παῦλός
1572 4471 1792 4526 φησιν,ι
1813 4453 1976 4524 ’Πμῐν

405 4565 462 4618 δέ
485 4562 663 4616 ταῦτα
692 4556 1008 4626 ἀπεκάλυψε
1035 4556 1124 4608 διὰ
1143 4553 1236 4608 τοῦ
1257 4550 1630 4621 Πνεύματος.»
1661 4549 1862 4600 Λοιπὸν
1884 4562 1976 4617 τη-

410 4657 596 4726 ρῶμεν
645 4655 714 4707 τὰ
754 4647 1216 4716 ἀποκαλυφθέντα
1251 4647 1364 4706 τοῖς
1411 4642 1609 4710 ἀγίοις,
1643 4639 1738 4694 καὶ
1773 4637 1852 4710 μὴ
1905 4641 1975 4691 τὰ

407 4750 652 4818 ἡμέτερα.
681 4741 1128 4814 παρεισάγωμεν.
1158 4739 1232 4792 T6
1270 4735 1496 4806 Πνεῦμα
1548 4734 1647 4804 τῆς
1691 4731 1972 4802 ἀληθείας,

409 4841 636 4910 Πνεῦμα
682 4836 843 4903 Θεοῦ,
892 4833 1117 4904 Πνεῦμα
1164 4832 1396 4897 Πατρὸς,
1436 4826 1662 4895 Πνεῦμα
1711 4823 1972 4896 Χριστοῦ,

409 4933 640 5002 Πνεῦμα
687 4930 783 4983 τοῦ
815 4928 973 4993 Υἱοῦ,
1003 4924 1178 4980 ταῦτα
1208 4923 1308 4993 τῆς
1367 4919 1841 4992 ὁμοουσιούτητος,
1877 4917 1972 4987 τῆς

406 5023 755 5096 ὁμοδουλίας,
783 5023 880 5090 τῆς
915 5019 1044 5090 μιᾶς
1075 5016 1247 5086 ἀρχῆς
1274 5013 1370 5067 καὶ
1393 5009 1674 5082 ἐνεργείας
1703 5010 1800 5061 καὶ
1815 5008 1976 5062 δυνά-

412 5119 578 5182 μεως.
610 5108 700 5178 Τῷ
732 5106 1015 5176 Πνεύματι
1047 5103 1140 5157 τοῦ
1199 5103 1467 5170 στόματος
1505 5098 1697 5160 αὑτοῦ,
1747 5097 1775 5150 6
1825 5096 1976 5168 παρὰ

407 5201 504 5256 τοῦ
530 5199 742 5272 Πατρὸς
776 5196 1155 5268 ἐκπορεύεται,
1181 5195 1238 5245 τὸ
1257 5191 1476 5261 Πνεῦμα
1506 5191 1566 5242 τὸ
1594 5193 1658 5243 ἐκ
1685 5190 1778 5241 τοῦ
1811 5188 1971 5252 Θεοῦ,

408 5291 581 5346 ταῦτα
625 5291 724 5361 τῆς
752 5290 930 5352 αἰτίας
965 5289 1060 5340 καὶ
1106 5287 1288 5354 πηγῆς
1347 5287 1439 5338 καὶ
1491 5273 1622 5354 μιᾶς
1675 5281 1848 5351 ἀρχῆς
1881 5280 1974 5333 τοῦ

411 5381 643 5452 Πατρος,
667 5381 923 5443 ὅς’·αῐτιος
957 5383 1049 5432 καὶ
1079 5377 1172 5429 τοῦ
1206 5375 1336 5428 Υἱοῦ
1371 5375 1465 5428 καὶ
1505 5373 1598 5425 τοῦ
1633 5373 1972 5442 Πνεύματος.

419 5476 575 5530 Ἐπεὶ
617 5477 709 5528 καὶ
750 5476 878 5543 περὶ
905 5472 998 5524 τοῦ
1036 5471 1160 5523 Υἱοῦ
1190 5471 1523 5538 γέγραπται,
1559 5486 1578 5517 ι
1639 5465 1777 5534 Ἐγὼ
1827 5465 1920 5517 καὶ
1948 5466 1975 5516 6

410 5564 602 5636 Πατὴρ
634 5564 692 5616 ἓν
719 5567 908 5634 ἐσμεν.
954 5562 1011 5616 '0
1043 5561 1300 5631 ἑωρακὼς
1333 5560 1458 5628 ἐμὲ,
1495 5559 1706 5628 ἑώρακε
1736 5559 1827 5608 τὸν
1868 5560 1974 5608 lla-

407 5661 564 5728 τέρα.
603 5658 785 5714 Πάντα
816 5657 914 5711 ὅσα
945 5657 1056 5726 ἔχει
1095 5655 1334 5723 tilla—.139
1364 5655 1469 5722 ἐμὰ.
1503 5653 1641 5704 ἐστι.
1691 5651 1873 5702 Πάντα
1907 5651 1972 5702 τὰ

2077 4469 2160 4512 est
2195 4454 2315 4510 Filii
2343 4465 2397 4510 et
2427 4456 2662 4525 Spiritus
2685 4458 2986 4527 exhibent;
3017 4459 3137 4514 ideo
3167 4460 3234 4515 de
3284 4460 3423 4515 Filio
3471 4463 3650 4532 scrip-

2079 4559 2190 4602 tum
2225 4558 2307 4603 est
2337 4566 2350 4602 :
2391 4568 2409 4601 ι
2466 4548 2580 4620 Ego
2607 4561 2662 4606 et
2714 4549 2877 4606 Pater
2910 4567 3078 4605 unum
3113 4568 3343 4618 sumus;
3382 4554 3481 4620 Qui
3505 4554 3649 4610 videt

2078 4655 2163 4695 me
2193 4639 2337 4694 videt
2359 4649 2413 4694 et
2434 4639 2898 4710 Patrem;0tnnia
2929 4656 3269 4712 quaecunque
3301 4645 3462 4698 habet
3484 4643 3647 4699 Pater

2077 4747 2196 4786 nica
2230 4741 2392 4797 sunt;
2427 4730 2621 4785 Omnia
2647 4741 2738 4786 tua
2780 4747 2898 4786 mea
2932 4745 3080 4801 sunt,
3110 4744 3163 4790 et
3196 4751 3312 4790 mea
3351 4746 3440 4791 tua
3468 4748 3594 4792 sunt
3621 4779 3639 4805 ,

2078 4823 2234 4878 Sicut
2252 4823 2411 4879 Pater
2439 4825 2729 4880 resuscitat
2755 4837 3005 4883 mortuos
3042 4839 3096 4884 et
3153 4828 3414 4898 viviﬁcat,
3449 4833 3522 4886 ita
3559 4829 3649 4885 Fi-

2075 4913 2181 4967 lius
2209 4929 2348 4982 quos
2376 4913 2490 4968 vult
2516 4903 2772 4982 vitilical,
2807 4934 2824 4966 ι
2864 4924 2922 4970 et
2955 4915 3176 4982 similia,
3209 4920 3411 4986 quibus
3463 4919 3647 4973 unitas

2078 5015 2282 5058 natura:
2333 5015 2386 5060 et
2433 5007 2686 5074 potentia:
2737 5015 2900 5075 atque
2938 5007 3152 5062 consilii
3180 5016 3234 5060 et
3288 5007 3644 5060 indiriduitas

2080 5105 2434 5150 monstratur.
2462 5095 2526 5148 Et
2566 5113 2789 5152 rursus:
2827 5116 2844 5148 ι
2869 5097 2924 5152 lu
2956 5098 3221 5167 principio
3245 5108 3360 5150 erat
3380 5095 3641 5162 Verbum,

2078 5198 2132 5244 et
2170 5189 2405 5242 Verbum
2461 5195 2581 5242 eral
2619 5191 2671 5243 in
2721 5191 2988 5259 principio
3017 5191 3156 5256 apud
3198 5189 3385 5250 Deum,
3415 5197 3469 5240 et
3502 5185 3644 5241 Deus

2077 5289 2194 5334 erat
2223 5276 2491 5346 Verbum;
2525 5298 2542 5330 ι
2583 5296 2792 5334 necnon
2813 5293 3005 5334 voces:
3037 5297 3054 5328 ι
3087 5277 3267 5342 Pater,
3296 5274 3644 5345 Uuigenitus,

2077 5371 2177 5436 Qui
2213 5381 2288 5424 est
2331 5371 2382 5422 in
2409 5371 2528 5430 sinu
2573 5371 2768 5433 Patris,
2807 5370 2910 5435 Qui
2957 5379 3041 5422 est
3073 5355 3329 5437 splendor
3364 5367 3574 5437 glorias,
3615 5387 3636 5418 ι

2077 5463 2191 5517 Iure
2224 5462 2407 5514 nuntia
2455 5460 2650 5514 Filium
2693 5477 2812 5515 eSse
2853 5461 3372 5514 consubswntalem
3423 5460 3650 5511 demon-

2077 5555 2743 5625 strant,quemadmodum
2777 5554 2876 5608 ista
2907 5568 3099 5608 rursus
3140 5554 3208 5606 de
3247 5550 3450 5622 Spiritu
3483 5550 3653 5615 dicta,

2085 5669 2102 5702 ι
2139 5649 2217 5704 Et
2257 5666 2342 5704 me
2382 5648 2644 5718 accipiet,
2675 5657 2725 5702 ct
2765 5643 3110 5701 annuntiabit
3143 5644 3318 5712 \‘0bi=,
3347 5661 3364 5693 ι
3404 5640 3654 5695 indicant
