4050 6266
410 317 415 321 ·
447 279 543 345 131

1296 262 1682 344 ὲγΜΕοΝῐε
1711 279 2473 341 TIIESSALONICENSlS
2510 279 2871 343 meumr.

3610 272 3722 347 132'

416 412 562 466 eum
619 396 891 452 revelasse
947 406 1003 451 et
1038 411 1135 452 nos
1189 396 1466 452 docuisse.
1509 414 1529 447 ι
1564 394 1691 449 Haec
1717 395 1886 457 enim,
1943 395 2021 447 sit

2132 395 2236 462 ἐμὲ
2268 394 2336 448 σά
2356 399 2497 459 ἐστι,
2530 396 2625 449 καὶ
2647 396 2714 449 τὰ
2742 397 2810 449 σὰ
2842 395 2970 465 ἐμά.
2996 396 3215 467 Ὥσπερ
3238 398 3265 450 6
3291 396 3481 468 Πατὴρ
3502 397 3708 468 ἐγείρει

436 490 661 556 Paulus,
688 491 845 545 nobis
891 490 1151 545 revelavit
1190 505 1288 560 per
1344 486 1665 559 Spiritum.»
1690 516 1758 530 ο-
1784 485 2024 541 «Incerta

435 593 490 638 et
516 590 727 638 occulta
775 584 1055 654 sapientize
1084 594 1211 646 tuae,
1240 582 1420 654 inquit
1439 581 1627 647 David,
1653 579 2021 635 manifestasti

437 676 592 741 mihi,
635 697 653 728 ι
679 676 932 730 videlicet
978 692 1073 746 per
1108 677 1376 746 Spiritum
1405 693 1421 744 ;
1456 675 1581 731 ideo
1625 676 1811 735 etiam,
1851 692 1871 725 ι
1903 674 2028 742 Spi-

436 769 603 820 ritum
657 775 911 821 sanctum
972 777 1123 819 tuum
1165 781 1231 819 ne
1267 766 1491 820 anleras
1537 781 1566 819 a
1603 780 1713 826 me,
1756 783 1774 816 ι
1819 775 1941 817 orat
1969 772 2025 818 et

435 858 569 912 dicit
618 859 861 913 Davidin
923 859 1175 928 Spiritu;
1206 872 1254 913 et
1284 858 1452 913 illud:
1498 877 1518 910 ι
1542 857 1790 929 Accipite
1849 854 2025 926 Spiri-

438 956 550 999 tum
596 956 873 1013 sanctum,
922 967 941 999 »
991 949 1180 1018 gratiae
1215 956 1301 1003 est
1348 947 1598 1018 largitio;
1632 962 1757 1003 nam
1787 945 2025 1016 Spiritus

438 1050 564 1096 tuac
627 1058 738 1097 non
796 1044 1003 1113 incepit
1064 1045 1353 1107 exsistere,
1391 1058 1493 1097 nec
1547 1042 1764 1095 initium
1789 1040 2020 1110 accepit,

436 1150 559 1188 cum
621 1150 839 1206 semper
885 1153 1010 1191 cum
1069 1137 1235 1192 Patre
1300 1136 1467 1191 fuerit
1523 1135 1663 1191 Filio
1694 1145 2063 1189 coaetemus.‘

435 1228 590 1293 Quod
633 1229 867 1297 gratiam
902 1229 1059 1283 daret
1114 1236 1266 1299 patet
1299 1244 1362 1283 ex
1396 1227 1789 1297 sequentibus:
1833 1247 1850 1276 ι
1895 1225 2025 1292 Qui-

434 1323 537 1374 bus
602 1320 927 1375 remiseritis
954 1320 1265 1374 remittetur
1298 1321 1403 1382 eis,
1456 1335 1474 1368 ι
1509 1328 1562 1372 et
1612 1326 1835 1372 czetera.
1866 1315 2024 1383 Quod

438 1412 569 1465 illud
608 1414 725 1465 'crat
748 1427 918 1465 unum
952 1427 1016 1466 ex
1062 1410 1343 1465 beneﬂciis
1368 1425 1397 1465 a
1432 1409 1611 1466 Verbo
1644 1424 1743 1478 pro
1780 1408 2023 1463 nobisin

433 1510 625 1557 sancto
663 1503 870 1571 Spiritu
907 1504 1192 1556 incarnato
1245 1501 1460 1555 collatis
1510 1515 1575 1556 ex
1639 1501 1726 1553 his
1764 1506 2022 1552 constat:

440 1610 460 1642 ι
495 1591 715 1646 Orietnr
744 1594 892 1661 virga
922 1591 989 1646 de
1019 1592 1203 1645 radice
1235 1590 1413 1655 .lesse,
1446 1601 1502 1646 et
1546 1590 1645 1645 ilus
1708 1591 1775 1643 dc
1842 1589 2027 1643 radice

433 1683 553 1752 ejus
597 1684 893 1749 ascendet,
944 1693 1000 1737 et
1049 1684 1359 1752 requiescet
1423 1699 1588 1751 super
1615 1698 1737 1734 eum
1792 1680 2028 1749 Spiritus

2127 488 2254 551 τοὺς
2308 490 2539 560 νεκροὺς
2595 489 2692 541 καὶ
2725 490 2999 554 ζωοποιεῖ,
3032 490 3175 543 οὕτω
3224 490 3321 544 καὶ
3368 492 3395 543 ὀ
3436 489 3564 553 Υἱὸς
3614 488 3707 555 οὓς

2129 579 2274 633 θέλει
2304 579 2601 645 ζωοποιεῖ·
2644 601 2662 634 ι
2710 583 2808 636 καὶ
2849 583 2922 635 τὰ
2971 582 3218 636 τοιαῦτα.
3261 584 3335 636 Τὸ
3366 582 3611 650 συμφυὲς
3652 583 3709 635 6's

2127 670 2215 723 διὰ
2243 672 2450 724 τούτων
2473 672 2567 729 καὶ
2593 672 2944 741 όμοδύναμον
2983 673 3076 724 καὶ
3106 670 3407 742 ὁμόδουλον
3430 674 3524 724 κιὶ
3562 670 3708 741 ἀχώ-

2128 777 2312 831 ριστον
2373 762 2732 832 πιρξσταται.
2789 762 2897 814 Kal
2937 762 3124 828 πάλιν,
3176 780 3195 813 ι
3228 761 3321 816 Ἑν
3361 763 3505 833 ἀρχῇ
3555 757 3625 834 ἦν
3679 763 3710 815 6

2126 853 2319 918 Λόγος.
2373 855 2482 906 Kal
2530 854 2683 917 οὗτος
2724 849 2793 925 ἦν
2827 854 2887 907 ὲν
2941 856 3085 925 ἀρχῇ
3115 854 3251 926 πρὸς
3276 854 3371 909 τὸν
3408 853 3567 908 Θεόν.
3600 846 3711 908 Kal

2125 943 2257 1004 Θεὸς
2287 940 2353 1016 ἦν
2370 948 2603 1014 όΛόγος.
2620 967 2637 998 ι
2665 948 2774 1000 Kal
2790 947 2853 999 τὺ
2876 966 2894 999 ι
2922 948 3158 1016 Πάτερ.)
3188 949 3307 1013 καὶ,
3333 967 3352 999 ι
3376 947 3438 1002 Ὀ
3461 948 3706 1015 Μονογε-

2126 1039 2241 1107 νὴς,
2290 1057 2306 1089 ι
2337 1041 2450 1104 καὶ,
2486 1058 2505 1091 ι
2543 1040 2600 1093 '0
2650 1038 2726 1092 ὣν
2760 1041 2838 1103 εἰς
2886 1040 2980 1093 τὸν
3033 1040 3238 1095 κόλπον
3266 1039 3362 1094 τοῦ
3392 1040 3627 1110 Πατρόςο
3679 1057 3699 1091 ι

2127 1132 2244 1194 καὶ,
2294 1149 2317 1203 ι
2365 1131 2465 1195 '0;
2498 1134 2573 1186 ὢν
2609 1133 2958 1203 ἀπαύγασμα
2983 1132 3084 1202 τῆς
3124 1133 3309 1202 δόξης.
3353 1152 3372 1185 ι
3408 1132 3597 1187 Ταῦτα
3645 1131 3704 1186 6t

2126 1225 2187 1276 τὸ
2221 1202 2403 1277 ἑκάτοῦ
2433 1224 2646 1298 Πατρός
2675 1221 2816 1278 ἐῖναι
2862 1202 2955 1277 τὸν
2988 1225 3119 1279 Υῐὸν
3151 1226 3250 1279 καὶ
3306 1226 3369 1279 τδ
3412 1224 3705 1297 όμοούσιον

2126 1316 2279 1384 δηλοῖ
2305 1358 2323 1381 _.
2369 1319 2444 1381 ὼς
2474 1318 2573 1385 τὸ,
2616 1337 2635 1371 ι
2676 1312 2777 1386 ’Ἓξ
2806 1318 2942 1390 ἐμοῦ
3002 1317 3260 1390 λήψεται,
3300 1337 3320 1371 ι
3358 1320 3521 1372 πάλιν
3575 1318 3708 1388 περὶ
3781 1368 3793 1381 ,

2126 1407 2223 1462 τοῦ
2262 1408 2626 1478 Παρακλήτου
2654 1410 2844 1480 ῥηθὲν,
2889 1427 2908 1461 ι
2938 1410 3035 1463 καὶ
3062 1409 3359 1478 ἀναγγελεῖ
3392 1410 3541 1479 ὑμῖν,
3590 1428 3610 1461 ι
3642 1409 3705 1463 τὸ

2128 1499 2481 1569 ἀπεκαλύψαι
2533 1500 2626 1554 καὶ
2678 1500 2890 1565 διδάξαι
2939 1501 3091 1572 ἡμᾶς
3156 1501 3324 1571 δηλοῖ.
3378 1501 3542 1572 Ἡμῖν
3597 1502 3708 1572 γάρ

2127 1588 2451 1658 ἁπεκάλυψε
2474 1591 2647 1643 ταῦτα
2674 1593 2835 1661 (φησὶ
2865 1593 3100 1662 Παῦλος)
3125 1595 3213 1647 διὰ
3241 1593 3336 1645 τοῦ
3361 1594 3705 1664 Πνεῦματος.

2132 1681 2264 1742 Kal,
2300 1698 2320 1731 ι
2361 1682 2440 1733 Τὰ
2466 1681 2639 1750 ἄδηλα
2673 1686 2768 1736 καὶ
2817 1684 2886 1737 τὰ
2911 1684 3117 1755 κρύφια
3147 1686 3246 1756 τῆς
3282 1687 3476 1754 σοφίας
3530 1703 3623 1739 σου
3661 1689 3711 1753 (6

434 1777 553 1841 Dei,
579 1776 816 1845 Spiritus
850 1776 1131 1845 sapientia:
1164 1787 1219 1830 ct
1262 1776 1593 1838 intellectus,
1626 1774 1865 1845 Spiritus
1902 1788 2032 1827 cou-

2135 1772 2299 1824 Δαϐὶδ
2325 1772 2498 1843 λέγει)
2537 1774 2815 1843 ἐδήλωσας
2875 1792 2990 1845 μοι,
3025 1793 3045 1828 ι
3103 1776 3182 1847 τῷ
3220 1778 3498 1845 Πνεύματι
3525 1776 3711 1849 δηλον-

433 1869 615 1923 siliiet
664 1867 1038 1932 fortitudinis,
1100 1866 1341 1936 Spiritus
1398 1868 1642 1922 scientiae
1698 1875 1746 1919 et
1781 1863 2022 1933 pietatis,

434 1959 677 2028 Spiritus
709 1958 924 2012 timoris
960 1959 1048 2011 Dei
1082 1959 1315 2027 replehit
1349 1973 1500 2012 enm.
1524 1974 1543 2008 ι
1592 1955 1856 2023 Quisnam
1883 1952 2026 2008 iste?

435 2048 538 2112 Qui
580 2061 645 2101 ex
686 2047 895 2101 semine
924 2046 1089 2100 David
1126 2057 1284 2100 ortus
1314 2057 1395 2100 est
1432 2046 1601 2116 (quod
1640 2055 1696 2099 tu
1737 2042 2026 2097 uobiscum

435 2139 767 2209 confiteris),
797 2139 962 2199 Jesns
996 2138 1255 2193 Christus
1275 2177 1290 2193 .
1326 2136 1425 2191 Hic
1460 2137 1689 2207 quidem
1720 2145 1908 2205 utpote
1937 2134 2026 2187 in-

434 2231 696 2286 dividuus
722 2246 847 2283 cum
886 2228 1051 2284 Patre
1073 2229 1381 2299 etSpiritu,
1424 2238 1477 2283 et
1508 2227 1692 2283 omnia
1728 2227 1935 2281 habens
1960 2241 2028 2280 ex

434 2323 623 2388 Patre,
657 2337 873 2376 necnon
909 2336 1036 2376 cum
1068 2321 1275 2393 Spiritu
1308 2336 1566 2392 operans,
1589 2326 1905 2375 incarnatus
1931 2334 2029 2373 ac-

434 2418 581 2487 cepit
646 2425 700 2472 et
761 2416 1129 2487 corporaliter
1159 2419 1542 2487 sumpsitquzc
1578 2427 1707 2470 sunt
1744 2414 2025 2488 Spiritus:

435 2511 589 2564 dona’
647 2518 831 2562 autem
892 2507 1096 2576 accipit
1152 2507 1247 2576 qui
1305 2520 1430 2561 cum
1464 2506 1675 2576 Spiritu
1704 2507 1870 2561 habet
1913 2520 2026 2560 non

435 2601 731 2671 quamdam
782 2610 1024 2670 partem,
1075 2598 1170 2653 sed
1220 2613 1439 2653 onmem
1482 2598 1704 2652 Deitatis
1736 2599 2030 2667 plenitudi-

433 2707 584 2755 nem.
628 2694 843 2751 scilicet
897 2706 1087 2747 omnes
1142 2693 1467 2758 facultates;
1497 2693 1754 2760 quoniam
1788 2700 1847 2744 ut
1885 2690 2028 2746 Deus

434 2802 530 2842 eas
573 2785 809 2839 Verbum
861 2798 986 2837 cum
1049 2781 1259 2852 Spiritu
1316 2785 1675 2852 possidebat,
1734 2782 2027 2850 solumque

437 2879 784 2931 inearnatnm
815 2873 835 2943 (
867 2888 989 2927 nam
1021 2887 1203 2942 neque
1246 2871 1408 2927 Pater
1439 2889 1614 2942 neque
1652 2871 1890 2943 Spiritus
1941 2872 2027 2925 in-

436 2978 700 3021 carnatus
728 2967 855 3035 est),
887 2979 1080 3019 omnes
1111 2965 1277 3018 etiam
1312 2980 1438 3019 cum
1474 2980 1644 3019 carne
1680 2964 1921 3034 Spiritus
1973 2974 2028 3017 ct

2129 1864 2231 1917 ότι.
2278 1864 2435 1919 Ἐπεὶ
2460 1866 2578 1929 καὶ,
2610 1883 2629 1917 ι
2663 1866 2737 1919 Τὸ
2764 1867 2990 1935 Πνεῦμα
3022 1883 3117 1919 σου
3165 1867 3226 1921 τδ
3258 1868 3439 1937 ἆγιον-
3470 1869 3546 1938 μὴ
3578 1870 3710 1919 ἀντ-

2128 1957 2329 2030 ανέλῃς
2391 1960 2485 2011 ἀπ’
2521 1958 2681 2028 ὲμοῦ,
2722 1976 2741 2008 ι
2778 1956 3100 2023 ὲξαιτεῖται,
3140 1961 3235 2014 καὶ
3281 1956 3403 2013 εἶπε
3457 1960 3623 2014 Δασῖδ
3650 1962 3711 2013 ἐν

2130 2046 2431 2117 Πνεύματι.
2467 2051 2577 2101 Kal
2606 2049 2688 2112 τὸ,
2724 2067 2743 2101 ι
2777 2048 2989 2105 Λάϐετε
3024 2051 3250 2122 Πνεῦμα
3287 2053 3464 2117 ἅγιον,
3497 2069 3516 2103 ι
3553 2052 3715 2123 χάρι-

2130 2157 2245 2209 σμα
2274 2140 2463 2193 δοῦναί
2500 2142 2672 2198 ἐστιν.
2722 2142 2859 2196 Οὐδὲ
2893 2144 3002 2213 γὰρ
3052 2143 3177 2196 τότε
3237 2147 3297 2197 τὸ
3330 2145 3556 2214 Πνεῦμα
3590 2146 3716 2214 ὑφί-

2130 2248 2321 2295 στατο,
2386 2233 2482 2286 καὶ
2516 2233 2695 2304 ἀρχὴν
2749 2235 3060 2304 ἐλάμϐανεν
3091 2233 3256 2301 εῖναι,
3313 2238 3374 2290 τὸ
3433 2240 3576 2308 μετὰ
3613 2237 3712 2292 τοῦ

2132 2326 2349 2396 Πατρδς
2380 2327 2466 2379 ἀεὶ
2499 2326 2578 2393 ὃν,
2606 2327 2702 2380 καὶ
2733 2327 2811 2399 τῷ
2839 2328 2952 2400 Υἱῷ
2984 2331 3281 2387 συναῖδιον.
3312 2332 3423 2386 Kal
3450 2334 3531 2387 ὅτι
3549 2334 3714 2405 χάρι-

2131 2436 2245 2489 σμα
2292 2419 2485 2488 ἐδίδου,
2536 2420 2722 2490 δῆλον.
2782 2441 2801 2476 ι
2841 2422 2944 2477 Ἂν
2997 2442 3165 2478 τινων
3225 2427 3429 2495 ἀφῆτε,
3469 2446 3487 2479 ι
3518 2430 3708 2499 φησὶν,

2134 2527 2155 2561 ι
2187 2510 2467 2577 ἀφίενται,
2492 2529 2511 2562 ι
2557 2513 2652 2566 καὶ
2711 2514 2781 2567 τὰ
2827 2516 3012 2571 λοιπά.
3052 2515 3176 2570 Ὀτι
3224 2517 3280 2570 δὲ
3312 2518 3370 2573 ἒν
3410 2520 3520 2573 τῶν
3557 2539 3715 2592 χαρι-

2132 2605 2359 2673 σμάτων
2393 2605 2607 2674 ὑπῆρχε
2655 2605 2716 2659 τὸ
2747 2606 2899 2660 δοθὲν
2934 2607 3022 2661 διὰ
3051 2610 3147 2661 τοῦ
3184 2611 3358 2679 Λόγου
3397 2615 3713 2685 σαρκωθέν-

2132 2712 2223 2759 τος
2257 2697 2399 2767 ὑπὲρ
2426 2698 2585 2767 ἡμῶν
2614 2698 2674 2751 ἐν
2707 2698 2785 2766 τῷ
2810 2700 2954 2770 ἁγίῳ
2986 2701 3287 2771 Πνεῦματι,
3324 2705 3559 2776 φανερὶν
3585 2700 3710 2759 ὧδε.

2136 2807 2154 2839 ι
2207 2789 2569 2864 Ἀναϐήσεται
2627 2791 2826 2861 ῥάϐδος
2880 2794 2946 2845 ἐκ
2996 2794 3096 2865 τῆς
3155 2795 3314 2864 ῥίζης
3359 2798 3581 2862 Ἰεσσαὶ,
3618 2802 3714 2855 καὶ

2130 2881 2291 2944 ἄνθος
2318 2885 2381 2935 ὲκ
2406 2883 2504 2953 τῆς
2536 2882 2692 2953 ῥίζης
2715 2886 3079 2956 ἀναϐήσεται,
3118 2892 3214 2942 καὶ
3250 2892 3713 2948 ἐπαναπαύσεται
3766 2946 3777 2949 _

2130 2974 2216 3023 ἐπ’
2256 2974 2416 3025 αὑτδν
2451 2975 2676 3045 Πνεῦμα
2710 2976 2868 3041 Θεοῦ,
2914 2978 3139 3050 Πνεῦμα.
3178 2983 3377 3051 σοφίας
3417 2988 3512 3039 καὶ
3551 2985 3713 3040 συνέ-

438 3058 618 3113 Patris
656 3056 1004 3126 operationcs
1049 3055 1261 3109 habuit.
1298 3055 1425 3109 Ideo
1459 3054 1663 3109 Paulus
1690 3068 1907 3139 quoque
1944 3053 2026 3107 di-

2133 3080 2292 3129 σεως,
2327 3066 2553 3135 Πνεῦμα
2589 3067 2786 3138 βουλῆς
2815 3071 2910 3123 καὶ
2946 3073 3155 3141 ἰσχύος,
3197 3076 3426 3145 Πνεῦμα
3454 3080 3718 3147 γνώσεως

437 3152 548 3206 cit:
585 3168 603 3200 ι
644 3149 699 3201 In
726 3151 841 3217 ipso
871 3146 1016 3201 enim
1060 3145 1331 3200 inhabitat
1361 3149 1542 3200 omnis
1579 3147 2022 3215 plenitndodivi-

435 3242 622 3295 uitatis
645 3240 1027 3309 corporaliter.
1057 3256 1076 3289 ι
1103 3239 1296 3293 Videu’
1322 3240 1609 3308 quoniam,
1660 3255 1680 3289 ι
1720 3237 2021 3308 corporali-

435 3344 575 3401 ter,»
600 3335 737 3386 dixit
757 3334 779 3386 'l
798 3332 933 3387 Cum
961 3332 1366 3386 sanctissimum
1392 3332 1521 3385 illud
1548 3331 2021 3400 corpusteinplnm

437 3430 603 3497 fuerit
640 3438 693 3481 et
725 3427 1140 3481 tabernaeulum
1183 3426 1364 3478 oninis
1396 3426 1606 3494 glorise,
1639 3435 1693 3478 et
1724 3438 1823 3492 pro
1866 3424 2026 3476 nobis

435 3519 606 3573 fuerit
668 3535 733 3573 ex
809 3528 1004 3571 natura
1040 3529 1224 3570 nostra
1262 3518 1498 3569 libamen
1530 3525 1584 3569 et
1626 3514 1923 3584 piaculum,
1955 3530 2022 3566 ex

437 3614 559 3682 ipso
587 3611 817 3677 gratiam
848 3613 1169 3679 accipimus.
1202 3608 1468 3661 Naturam
1507 3606 1599 3661 Dei
1646 3622 1754 3660 non
1796 3606 2025 3673 partici-

433 3718 653 3774 pamus,
680 3703 775 3756 sed
815 3703 1117 3767 gratiarum
1151 3699 1272 3771 ejus
1301 3702 1445 3753 dona
1506 3699 1832 3768 accipimus.
1865 3696 2023 3762 Quod

438 3797 583 3850 liltus
613 3795 837 3848 tonitrui
863 3792 1103 3847 Joannes
1135 3794 1274 3845 dixit
1315 3809 1329 3846 :
1368 3809 1387 3842 ι
1429 3790 1502 3845 De
1535 3791 1876 3860 plenitudine.
1907 3792 2025 3861 ejus

433 3905 539 3944 nos
561 3904 755 3943 omnes
786 3892 1101 3958 accepimus
1127 3903 1144 3954 ;
1181 3906 1198 3938 ι
1241 3902 1347 3941 non
1379 3885 1773 3956 plenitudinem
1800 3900 2021 3953 accept-

435 3998 580 4049 mus,
632 3982 727 4036 sed
768 3983 836 4034 de
890 3980 1250 4051 plenitudine,
1276 3980 1351 4032 ita
1383 3988 1442 4033 ut
1469 3993 1577 4030 non
1604 3985 1851 4029 naturain
1906 3978 2027 4044 qui-

434 4076 584 4138 tlenr,
618 4074 715 4128 sed
781 4080 1014 4142 gratiam
1048 4083 1497 4141 consequamur;
1535 4084 1659 4123 nam
1692 4084 1815 4138 pars
1864 4081 1946 4123 est
1976 4081 2029 4121 et

435 4165 693 4235 putentia:
724 4174 927 4220 nostra:
958 4165 1445 4218 accommodatum
1478 4167 1624 4231 qumt
1660 4161 1862 4232 singuli
1905 4176 2029 4215 sus-

434 4258 719 4327 cepimus;
750 4258 822 4311 ibi
861 4270 1040 4310 auteiu
1100 4265 1183 4310 est
1221 4255 1524 4326 plenitudo,
1574 4257 1832 4324 quoniam
1902 4268 2027 4322 per-

437 4366 572 4404 sona
628 4349 790 4404 Verbi
842 4351 1126 4403 incuruata
1180 4359 1264 4404 est
1340 4363 1464 4418 qua:
1515 4349 1814 4401 divinitatis
1868 4349 2029 4398 habet

2135 3160 2229 3210 καὶ
2247 3158 2553 3225 εὐσεϐείας,
2582 3161 2806 3232 Πνεῦμα
2833 3164 3000 3233 φόϐου
3021 3169 3092 3219 Ue
3104 3167 3157 3219 >ῦ
3177 3170 3449 3238 ἐμπλήσει
3473 3172 3658 3226 αὐτόν.
3687 3191 3709 3225 ι

2132 3251 2230 3316 Τίς
2257 3252 2313 3304 δὲ
2346 3249 2538 3319 0510;;
2577 3256 2634 3308 Ὀ
2668 3258 2731 3311 ἐκ
2763 3260 3081 3329 σπέρματος
3121 3262 3285 3316 Δαϐὶδ
3315 3264 3449 3334 (εἴγε
3505 3266 3600 3320 καὶ
3648 3269 3715 3323 σὺ

2136 3349 2232 3400 σὺν
2264 3347 2400 3417 ἡμῖν
2438 3351 2754 3419 ὁμολογεῖς)
2823 3346 3029 3422 Ἰησοῦς
3067 3348 3326 3426 Χριστός.
3386 3355 3556 3423 Οὗτος
3622 3356 3715 3416 οἷα

2138 3439 2238 3506 μὲν
2280 3436 2457 3508 Λόγος
2509 3441 2818 3513 ἀδιαίρετος
2851 3442 2928 3498 ὣν
2964 3441 3043 3519 τῷ
3077 3449 3253 3521 Πατρὶ
3285 3456 3379 3506 καὶ
3417 3455 3493 3525 τῷ
3543 3453 3714 3509 Πνεὺο

2138 3546 2294 3597 ματι,
2331 3532 2426 3582 καὶ
2452 3532 2632 3585 πάντα
2658 3534 2800 3605 ἔχων
2829 3537 2895 3589 ἐκ
2925 3538 3021 3591 τοῦ
3068 3540 3302 3614 Πατρός,
3351 3545 3443 3598 καὶ
3477 3546 3716 3616 ἐνεργῶν

2137 3641 2235 3675 συν
2266 3624 2341 3693 τῷ
2374 3625 2679 3693 Πνεῦματι,
2713 3629 3171 3701 ὲνανθρωπήσας,
3204 3636 3566 3707 καταδέχεται
3623 3624 3733 3691 καὶ-

2137 3718 2471 3784 σωματικῶς
2502 3718 2690 3772 λαϐεῖν
2710 3722 2783 3773 τὰ
2827 3723 2922 3775 τοῦ
2964 3725 3305 3796 Πνεύματος.
3339 3728 3625 3800 Λαμϐάνει
3658 3732 3717 3786 δὲ

2135 3813 2233 3870 τὰς
2251 3809 2485 3877 δωρεὰς,
2510 3812 2538 3864 ὁ
2563 3813 2661 3865 σὺν
2684 3813 2762 3882 τῷ
2796 3815 3074 3885 Πνεῦματι
3098 3817 3260 3890 ἔχων,
3284 3823 3379 3875 καὶ
3401 3824 3462 3876 οὐ
3482 3824 3546 3893 με
3558 3824 3719 3893 ρικάς

2135 3919 2313 3963 τινας,
2339 3903 2475 3955 ἀλλὰ
2511 3905 2569 3955 το
2602 3906 2878 3975 πλήρωμα
2914 3911 3022 3962 πᾶν
3053 3914 3154 3982 τῆς
3214 3913 3504 3984 Θεότητος,
3536 3919 3721 3983 πάσας

2133 3992 2242 4064 43
2281 3994 2379 4058 τάς
2408 3994 2663 4064 δυνάμεις
2697 3998 2923 4069 δηλαδή.
2972 4004 3124 4057 Ἐπεὶ
3151 4007 3248 4061 καὶ
3277 4008 3411 4071 Θεὸς
3446 4008 3524 4062 ὢν
3550 4012 3578 4061 ὁ
3612 4012 3717 4065 Λό-

2137 4104 2254 4153 γος,
2286 4088 2492 4153 ταύτας
2522 4091 2789 4159 ἐκέκτητο
2835 4095 2930 4147 σὺν
2962 4095 3039 4166 τῷ
3072 4097 3352 4169 Πνεύματι
3376 4117 3392 4132 ·
3421 4104 3518 4156 καὶ
3559 4108 3720 4175 μόνος

2137 4180 2570 4248 ἐνανορωπήσας
2603 4183 2684 4269 (οὐ
2710 4188 2818 4255 γὰρ
2842 4187 2869 4237 6
2896 4188 3087 4259 Πατὴρ
3112 4189 3144 4259 ἢ
3176 4192 3239 4243 τὸ
3270 4192 3498 4264 Πνεῦμα
3523 4197 3720 4269 σεσάρ-

2136 4274 2333 4343 κωται)
2362 4275 2578 4333 ἁπάσας
2603 4268 2718 4344 εἶχε
2743 4278 2835 4329 καὶ
2876 4279 2974 4331 σὺν
3005 4280 3073 4352 τῇ
3111 4283 3276 4352 σαρκὶ
3301 4287 3403 4349 τὰς
3426 4287 3520 4339 τοῦ
3545 4268 3720 4341 Ilvati—

2141 4381 2311 4433 ματος
2371 4365 2465 4416 καὶ
2496 4365 2591 4418 τοῦ
2627 4367 2839 4439 Πατρός
2887 4372 3191 4443 ἐνεργείας.
3235 4376 3326 4429 Διὸ
3369 4379 3464 4431 καὶ⁵
3508 4379 3721 4445 Παῦλός

438 4443 856 4511 νιι-ιιηιιιιηιεηι.
895 4442 1036 4506 Quid
1070 4456 1201 4512 ergo
1257 4439 1618 4509 accepimus?
1643 4436 1889 4515 Gratiani
1928 4454 2025 4506 pro

2137 4471 2323 4524 φησιν,
2361 4473 2381 4507 ι
2441 4456 2529 4508 Ἐν
2557 4457 2706 4529 αὐτῷ
2737 4436 2847 4529 γὰρ
2879 4436 3177 4534 κατῴκησε
3213 4469 3321 4521 πᾶν
3349 4471 3411 4521 τὸ
3441 4436 3719 4541 πλήρωμά

438 4537 636 4604 gratia.
669 4531 856 4588 Videu’
885 4536 1141 4601 quoniam
1175 4532 1429 4602 gratiam,
1452 4544 1559 4583 non
1589 4540 1837 4583 naturam
1865 4543 2021 4582 acce-

440 4631 663 4707 pimus?
693 4631 904 4699 Quippe
957 4644 1249 4697 personant
1283 4626 1445 4681 Verbi
1481 4627 1659 4699 solum
1705 4624 1835 4677 illud
1881 4624 2020 4676 divi-

439 4742 569 4779 num
614 4725 915 4778 Salvam-is
977 4725 1149 4778 nostri
1182 4724 1444 4793 templum
1503 4726 1553 4776 in
1581 4723 1833 4775 intimam
1867 4722 2023 4773 unio-

436 4833 560 4870 nem
596 4819 804 4874 liabuit.
845 4817 974 4884 quia
1010 4816 1243 4869 Verbum
1298 4819 1469 4885 ipsius
1511 4817 1835 4869 humanitati
1898 4830 2022 4882 per-

438 4925 572 4962 siina
626 4908 829 4960 factum
877 4916 981 4971 est,
1012 4915 1066 4960 et
1102 4909 1280 4961 solum
1334 4909 1688 4964 Deus-Homo
1746 4910 2019 4977 apparuit,

436 5004 728 5068 solumque
780 5015 874 5068 per
904 5015 1191 5067 personant
1224 5015 1391 5053 unum
1444 5017 1509 5056 et
1558 5003 1775 5056 duobus
1808 5006 2020 5055 naturis

434 5094 663 5154 coaluit,
696 5107 821 5145 cum
856 5090 1018 5143 simul
1067 5099 1213 5143 esset
1242 5090 1386 5144 Deus
1417 5098 1470 5144 et
1498 5093 1684 5145 homo.
1719 5091 1830 5145 Nec
1861 5097 2018 5161 quis-

434 5181 599 5256 quam
623 5200 687 5239 ex
724 5185 935 5252 angelis
965 5181 1047 5235 vel
1090 5181 1418 5236 mortalibus
1448 5183 1540 5237 Dei
1594 5194 1809 5237 natura:
1838 5184 2017 5238 laetus

433 5290 517 5334 est
538 5279 829 5349 particeps,
854 5277 1064 5348 gratias
1097 5291 1229 5330 vero
1256 5276 1455 5346 singuli
1481 5279 1812 5345 participant
1863 5293 2018 5330 men-

433 5367 563 5427 sura
606 5374 707 5425 sibi
754 5369 1170 5424 accommodata
1202 5409 1218 5435 ,
1268 5369 1620 5439 divinamque
1663 5370 2020 5423 illuminatio-

434 5477 583 5528 nem,
615 5473 669 5517 et
690 5461 766 5515 dii
796 5464 920 5517 l‘acti
957 5472 1086 5517 sunt
1119 5462 1296 5531 multi,
1332 5463 1426 5516 sed
1466 5472 1678 5515 tantum
1711 5463 2015 5515 secundum

434 5558 687 5626 gratiam.
715 5556 774 5609 Si
798 5572 929 5627 ergo
961 5571 1163 5627 corpus
1219 5555 1563 5609 Dominicutn
1614 5566 1864 5607 creatura
1901 5569 2018 5607 Ina-

435 5640 551 5715 net,
579 5651 683 5703 etsi
715 5648 947 5703 Domino
977 5651 1301 5715 adunatum,
1333 5647 1508 5703 solum
1545 5662 1672 5701 vero
1710 5648 1769 5699 lit
1802 5646 2018 5698 divina-

438 5730 568 5797 tatis
626 5742 921 5813 particeps,
974 5728 1373 5809 utpote-Verbo
1406 5739 1601 5795 intime
1657 5738 2018 5809 eoujunctum

2138 4546 2233 4637 τῆς
2255 4544 2507 4631 θεότητος
2539 4552 2924 4637 σωματικῶς.»
2963 4553 3127 4626 Ὁρᾷς
3150 4556 3231 4609 ὅτι
3261 4569 3280 4609 ι
3322 4565 3655 4628 σωματικῶς
3689 4581 3711 4615 ι

2138 4631 2321 4700 λέγει;
2358 4636 2467 4687 Kal
2496 4631 2629 4691 ναοῦ
2658 4645 2954 4711 γενομένου
2997 4650 3092 4699 καὶ
3145 4648 3504 4719 σκηνώματος
3538 4655 3718 4724 πάσης

2136 4724 2297 4794 δόξης
2324 4727 2417 4779 τοῦ
2454 4730 2724 4799 παναγίου
2779 4735 2990 4808 ἐκείνου
3040 4738 3314 4810 σώματος,
3349 4733 3445 4797 τοῦ
3479 4749 3573 4800 καὶ
3630 4765 3721 4815 γε·

2138 4822 2361 4887 γονότος
2400 4823 2660 4894 nam};
2694 4842 2752 4878 τε
2785 4829 2883 4881 καὶ
2934 4829 3178 4901 θύματος
3233 4837 3297 4886 ὲκ
3348 4836 3449 4904 τῆς
3503 4841 3723 4906 φύσεως

2134 4910 2294 4981 ήμῶν
2335 4912 2479 4984 ὑπὲρ
2515 4916 2693 4986 ἡμῶν,
2729 4918 2789 4983 ἐξ
2842 4920 3008 4974 αὑτοῦ
3037 4925 3130 4976 καὶ
3157 4927 3317 4996 ἡμεῖς
3364 4929 3720 5002 λαμϐάνομεν

2134 5002 2317 5074 χάριν.
2347 5006 2457 5058 Kal
2483 5007 2544 5059 οὐ
2566 5010 2666 5077 τῆς
2693 5010 2787 5063 τοῦ
2808 5012 2944 5065 Θεοῦ
2980 5022 3283 5089 μετέχομεν
3314 5024 3554 5090 φύσεως,
3581 5026 3720 5079 ἀλλὰ

2133 5098 2204 5147 τὰ
2250 5096 2361 5149 τῶν
2392 5102 2753 5169 χαρισμάτων
2783 5104 2951 5158 αὑτοῦ
3000 5106 3352 5182 λαμϐάνομεν
3400 5115 3574 5185 δῶρα.
3609 5120 3718 5172 Kal

2133 5186 2296 5240 τοῦτο
2322 5192 2351 5241 6
2382 5189 2484 5259 τῆς
2518 5190 2749 5265 βροντῆς
2790 5198 2905 5261 υἱός
2936 5216 3099 5269 φησιν
3139 5201 3411 5276 Ἰωάννης·
3451 5227 3467 5259 ι
3499 5210 3604 5262 Kal
3651 5213 3717 5263 ἐκ

2134 5279 2231 5332 τοῦ
2254 5281 2625 5353 πληρώματος
2651 5290 2819 5342 αὐτοῦ
2852 5293 3013 5361 ἡμεῖς
3046 5296 3247 5361 πάντες
3280 5298 3604 5371 ἐλάϐομεν.»
3639 5305 3714 5357 Οὐ

2131 5372 2195 5463 τὸ
2244 5373 2521 5446 πλήρωμα
2556 5378 2848 5449 ἐλάϐομεν,
2883 5385 3000 5437 ἀλλ’
3052 5389 3117 5440 ἐκ
3170 5390 3266 5442 τοῦ
3325 5392 3717 5463 πληρώματος.

2136 5456 2305 5516 ’Ὥστε
2357 5466 2418 5517 οὐ
2461 5468 2641 5538 φύσιν,
2685 5472 2823 5526 ἀλλὰ
2860 5477 3044 5547 χάριν,
3086 5481 3169 5532 ὅτι
3210 5456 3452 5552 μερικὸν-
3480 5456 3579 5552 μὲν

2135 5560 2279 5611 κατὰ
2335 5559 2567 5629 δύναμιν
2620 5566 2900 5637 ἡμετέραν
2960 5570 2988 5622 6
3037 5573 3389 5642 λαμϐάνομεν
3462 5579 3743 5640 ἕκαστος(

2146 5653 2292 5704 Ἐκεῖ
2322 5653 2379 5705 δὲ
2405 5654 2467 5705 τὸ
2515 5656 2623 5708 πᾶν
2652 5659 2821 5726 ἐστιν,
2844 5663 2926 5715 ὅτι
2975 5665 3068 5716 καὶ
3098 5670 3126 5734 ἡ
3160 5668 3459 5732 ὑπόστασις
3492 5672 3583 5724 τοῦ
3619 5675 3721 5726 Λό-

2138 5762 2239 5814 γου
2272 5747 2703 5821 σεσάρκωται,ἡ
2732 5752 2797 5806 τὸ
2831 5758 2936 5808 πᾶν
2963 5757 3161 5827 ἔχουσα
3184 5762 3280 5832 τῆς
3312 5762 3586 5834 θεότητος.
3618 5767 3722 5820 Kal
