4050 6266
372 258 476 325 133

1393 261 1519 323 DIA
1533 260 1783 323 LOGUS
1822 258 2128 324 CONTRA
2167 261 2562 329 ΗίΕΙὶΕΞΕΒ.

3526 266 3629 333 iet
3688 334 3699 351 ,

362 380 420 435 τί
458 382 566 451 ἄρα
608 379 915 449 ἐλάϐομενς
947 381 1057 435 Kal.
1107 380 1269 450 χάριν
1316 382 1438 433 ἀντὶ
1484 383 1727 453 χάριτος.
1778 381 1941 451 Ὁρᾷς

2049 390 2102 435 et
2124 381 2176 435 in
2215 397 2448 451 persona
2473 382 2635 452 hujus
2658 390 2938 448 cmtstaus,
2961 378 3086 452 quis
3117 378 3338 438 audebit
3361 384 3541 441 dicere
3570 400 3633 443 re

368 473 518 537 ὃπως
548 474 713 544 χάριν
742 474 836 527 καὶ
882 471 945 526 οὑ
998 473 1163 541 φύσιν
1204 474 1510 544 ἐλάὸομενς
1550 472 1662 545 Τὴν
1696 475 1798 544 μέν
1830 475 1940 545 γὰρ

368 565 670 619 ὑπόστασιν
696 562 791 618 τοῦ
820 564 997 634 Λόγου
1033 566 1193 635 μόνος
1226 566 1433 629 ἐκεῖνος
1456 567 1484 618 6
1516 566 1661 630 θεῖος
1692 568 1819 630 ναδς
1841 567 1936 621 τοῦ

366 653 620 724 Σωτῆρος
648 653 807 725 ήμῶν
837 655 917 717 είς
948 653 1126 726 ἄκραν
1174 655 1331 726 ἔσχεν
1383 657 1603 726 ἕνωσιν,
1631 659 1752 711 ἐπεὶ¹
1786 657 1879 711 καλ⁸
1911 661 1939 712 6

365 747 542 814 Λόγος
574 746 873 805 ὑπόστασις
922 747 1110 816 γέγονε
1148 749 1227 818 τῷ
1259 748 1584 821 ἀνθρωπίνῳ
1619 750 1811 815 αὑτοῦ,
1844 753 1942 805 καὶ

367 840 534 909 μόνος
563 839 720 910 ὤφθη
755 841 1263 912 Θεάνθρωπος,,καὶ
1306 844 1466 913 μόνος
1513 847 1581 915 τῇ
1640 845 1943 899 ὑποστάσει

358 931 524 1007 οὗτος
555 926 635 994 εἷς
665 936 728 985 ἐκ
757 933 849 987 δύο
883 935 1147 1005 συνετέθη·
1170 934 1414 1005 φύσεων,
1449 937 1579 1000 Θεὸς
1612 936 1705 990 καὶ
1736 937 1945 1006 άοθρω-

368 1041 468 1087 πος
506 1022 604 1079 ὧν.
638 1025 827 1088 οὐδεὶς
878 1026 936 1080 δέ
987 1027 1174 1097 ἕτερός
1219 1047 1303 1091 τις
1363 1030 1473 1082 εἴτε
1528 1029 1780 1097 ἀγγέλων
1834 1029 1945 1081 εἴτε

369 1113 583 1184 βροτῶν
614 1114 749 1168 Θεοῦ
788 1116 1085 1187 μετείληφε
1138 1119 1377 1188 φύσεως.
1411 1120 1669 1189 Χαρίτων
1699 1120 1756 1174 δέ
1785 1120 1943 1190 μετέ-

362 1222 524 1275 χουσι
570 1209 787 1271 πάντες,
813 1208 910 1260 καὶ¹
963 1210 1168 1263 τούτων
1203 1210 1506 1277 ἀναλόγως,
1532 1209 1628 1263 καὶ
1662 1210 1761 1278 τῆς
1794 1210 1945 1272 θείας

364 1296 731 1366 ἐλλάμψεωςσ·
779 1299 876 1351 καὶ
928 1298 1041 1352 Θεοὶ
1095 1300 1310 1354 τελοῦσι
1357 1302 1568 1367 πολλοὶ,
1617 1302 1756 1373 πλὴν
1804 1302 1946 1355 κατὰ

367 1392 552 1459 χάριν.
584 1389 646 1443 Et
680 1385 773 1443 οὖν
798 1394 905 1468 ,καὶ
936 1391 997 1443 τὸ
1026 1392 1359 1446 Δεσποτικδν
1396 1393 1554 1462 σῶμα
1586 1394 1797 1464 κτίσμα
1850 1394 1944 1464 μὲ-

367 1499 451 1537 νει
487 1483 581 1535 καὶ
608 1482 810 1536 ἐνωθέν
839 1484 918 1553 τῷ
956 1484 1224 1556 Δεσπότη,
1255 1486 1481 1555 ὀμόθεον
1508 1487 1563 1540 δέ
1594 1488 1758 1556 μόνον
1785 1487 1944 1541 τοῦτό

364 1575 535 1639 ἐστιν,
572 1576 648 1638 ὡς
681 1576 867 1647 ἄκρως
898 1577 1177 1648 ἡνωμένον
1208 1579 1286 1648 τῷ
1312 1579 1492 1647 Λόγῳ,
1517 1581 1613 1633 καὶ
1636 1582 1692 1632 ἐν
1718 1582 1784 1651 τῇ
1815 1580 1945 1634 ὑπο-

276 1722 279 1725 ;
368 1671 556 1723 στάσει
589 1671 756 1723 αὑτοῦ
789 1670 1010 1736 συστὰν,
1040 1670 1157 1734 πῶς
1190 1687 1272 1733 τις
1299 1672 1625 1741 τολμήσειεν
1644 1672 1760 1743 ἄρα
1807 1672 1941 1725 ὑπό-

367 1779 559 1815 στασιν
590 1762 843 1827 δέξασθαι
874 1764 1008 1817 Θεοῦ
1056 1765 1268 1831 εἰπεῖν;
1298 1766 1362 1820 Ei
1394 1766 1502 1837 γὰρ
1533 1766 1830 1830 ὑπόστασις
1882 1766 1942 1819 τὸ

366 1855 709 1920 ἐμπνευσθέν
738 1855 832 1909 καὶ
868 1857 928 1909 οὑ
963 1858 1231 1927 χάρισμα,
1278 1858 1632 1923 ὑποστάσεως
1677 1861 1785 1929 ἄρα
1824 1862 1945 1915 τότε

361 1945 463 2000 τοῦ
524 1948 841 2016 Πνεύματος
890 1951 1153 2019 μετέσχον
1197 1951 1248 2003 οἱ
1298 1951 1563 2022 μαθηταὶ,
1602 1955 1694 2005 καὶ
1729 1953 1848 2006 τότε
1879 1956 1943 2022 δὴ

366 2039 695 2113 ὑπαρξάσης
715 2058 729 2072 ⁸
749 2041 887 2111 ὅπερ
911 2045 1091 2114 πάσης
1113 2043 1464 2115 βλασφημίας
1487 2048 1635 2100 ἐστὶν
1660 2047 1938 2101 ἐπέκεινα.

332 2148 339 2153 ‘
366 2132 574 2186 Λοιπὸν
603 2134 667 2185 ἐκ
692 2132 788 2187 τοῦ
821 2133 1190 2205 πληρώματος
1235 2134 1492 2202 λαϐόντες
1532 2138 1692 2207 ἡμεῖς
1730 2140 1825 2193 καὶ
1848 2137 1945 2207 χά-

366 2239 457 2293 ριν
490 2223 611 2276 ἀντὶ
664 2224 910 2295 χάριτος,
957 2225 1085 2277 ἀντὶ
1113 2225 1212 2296 τῆς
1245 2228 1477 2296 νομικῆς
1507 2229 1751 2299 δηλονότι
1782 2229 1944 2283 αὑτὸν

364 2314 461 2367 τὸν
490 2312 626 2368 Θεὸν
676 2314 798 2384 μεθ’
845 2315 1028 2386 ἡμῶν,
1056 2316 1151 2369 καὶ
1189 2317 1309 2371 ἀντὶ
1342 2315 1503 2382 σκιᾶς
1535 2320 1635 2388 τὴν
1663 2319 1941 2388 ἀλήθειαν.

376 2403 533 2460 Ἐπεὶ
558 2407 652 2459 καὶ
686 2407 841 2460 τοῦτό
873 2424 1058 2475 φησιν,
1097 2426 1116 2460 t
1167 2406 1229 2462 '0
1269 2409 1456 2477 νόμος,
1494 2429 1512 2462 ι
1546 2410 1758 2479 λέγων,
1793 2430 1813 2462 t
1857 2411 1945 2465 διὰ

362 2497 614 2561 Μωσέως
661 2498 840 2568 ἐδόθη,
876 2500 909 2569 ὴ
958 2500 1121 2570 χάρις
1168 2502 1262 2554 καὶ
1307 2503 1340 2571 η
1393 2502 1620 2571 ἀλήθεια
1648 2503 1737 2556 διὰ
1770 2502 1944 2572 Ἰησοῦ

364 2590 611 2659 Χριστοῦ
669 2590 911 2659 ἐγένετο,
957 2611 976 2645 r
1022 2593 1455 2664 προστρέχωμεν
1493 2597 1563 2665 τῇ
1599 2595 1781 2663 χάριτι
1853 2594 1946 2646 καὶ

364 2683 435 2752 τῇ
471 2681 723 2752 ἀληθείᾳ,
769 2684 863 2735 καὶ
904 2685 970 2736 τὰ
1022 2687 1120 2754 τῆς
1169 2686 1392 2755 χάριτος
1433 2686 1810 2755 ὁμολογῶμεν,
1853 2686 1947 2737 καὶ

366 2774 734 2844 συπηρῶμεν
766 2776 980 2839 ἑαυτοῖς
1013 2776 1116 2845 τὴν
1152 2777 1313 2847 χάριν
1333 2792 1348 2807 ⁸
1395 2780 1488 2830 καὶ
1518 2781 1632 2841 τοῖς
1667 2779 1948 2847 Πατράσιν

338 2860 661 2928 ’ἐπώμεθα,
684 2863 799 2923 τοῖς
834 2862 941 2915 ὑπὸ
979 2862 1073 2916 τοῦ
1123 2865 1442 2933 Πνεύματος
1474 2867 1568 2920 τοῦ
1619 2868 1767 2920 θείου
1799 2885 1950 2920 κεκι-

335 2952 645 3020 ’νημένοτς.
691 2950 847 3005 Ἐπεὶ
872 2954 968 3005 καὶ
1002 2953 1060 3007 τὸ
1083 2953 1325 3023 λαλῆσάν
1355 2973 1508 3022 φασι,
1542 2947 1629 3010 δῖὰ
1669 2958 1778 3010 τῶν
1810 2976 1947 3028 προ-

370 3044 584 3113 φητῶν,
610 3046 689 3107 είς
722 3046 854 3113 μίαν
889 3045 1050 3112 άγίαν
1095 3047 1391 3118 καθολικὴν
1438 3049 1533 3101 καὶ
1575 3050 1946 3121 άποστολικὴν
1974 3072 2016 3128 c

310 3132 331 3152 ⁹
377 3130 737 3205 Ἐκκλησίαν.
771 3136 880 3190 Καὶ
907 3138 1183 3208 Ζαχαρίας
1212 3138 1373 3193 τοῦτό
1425 3157 1591 3211 φησιν
1621 3142 1649 3194 6
1681 3141 1774 3196 τοῦ
1810 3144 1950 3214 Προ-

366 3226 571 3298 δρόμου
608 3229 856 3298 γενέτης,
880 3230 1008 3299 περὶ
1040 3228 1136 3282 τοῦ
1158 3231 1395 3302 Πατρός,
1428 3252 1449 3285 r
1490 3234 1687 3297 Καθὼς
1718 3236 1948 3305 ἐλάλησε

364 3319 460 3373 διὰ
488 3319 760 3390 στόματος
792 3321 903 3374 τῶν
930 3323 1102 3391 ἁγίων
1125 3324 1233 3377 τῶν
1270 3326 1383 3378 ἀπὶ*
1411 3327 1606 3391 αίῶνος
1652 3330 1951 3398 προφητῶν

368 3410 541 3464 αὑτοῦ
578 3413 859 3482 σωτηρίαν
891 3414 950 3477 ἐξ
982 3413 1195 3484 ἐχθρῶν
1223 3417 1402 3485 ἡμῶν.
1434 3435 1453 3469 ι
1483 3417 1590 3471 Καὶ
1618 3419 1646 3489 ἡ
1684 3419 1778 3471 τοῦ
1812 3418 1947 3495 Θεοῦ

365 3503 548 3572 Λόγου
573 3505 629 3558 δὲ
664 3503 874 3576 ὕμνησε
903 3507 1047 3560 κατὰ
1078 3508 1256 3580 σάρκα
1287 3510 1507 3583 Μήτηρ,
1541 3529 1560 3562 ι
1603 3509 1800 3574 Καθὼς
1826 3513 1949 3564 ἐλά·

367 3594 505 3661 λησε
541 3593 678 3663 πρὸς
712 3595 841 3657 τοὺς
889 3594 1143 3666 Πατέρας
1193 3596 1374 3667 ήμῶν,
1411 3614 1431 3648 ν
1473 3597 1761 3664 λέγουσαν,
1806 3615 1825 3649 t
1869 3596 1949 3666 τῷ

379 3688 640 3759 ’Δὸρσάμ
670 3691 765 3742 καὶ
792 3688 871 3761 τῷ
902 3690 1176 3762 σπέρματι
1208 3692 1371 3745 αὑτοῦ
1404 3692 1745 3756 ἓωςαίῶνος.
1780 3710 1798 3743 ι
1839 3693 1948 3745 Καὶ

334 3797 346 3805 ”
368 3784 431 3835 ἐν
458 3784 580 3844 ταῖς
605 3780 851 3851 Πράξεσι
893 3782 951 3834 δὲ
1002 3786 1315 3853 γέγραπται
1339 3800 1355 3815 ⁸
1387 3804 1406 3837 t
1461 3785 1559 3839 "Ov
1603 3784 1685 3838 δεῖ
1719 3785 1948 3854 οὐρανὸν

370 3872 474 3943 μὲν
506 3872 764 3939 δέξασθαι
786 3872 914 3944 ἄχρι
939 3874 1150 3944 χρόνων
1172 3875 1678 3938 ἀποκαταστάσεως
1703 3876 1944 3939 πάντων,

366 3958 444 4019 ὧν
474 3964 741 4033 ἐλάλησεν
772 3967 799 4018 6
832 3967 961 4027 Θεὸς
983 3964 1074 4018 διὰ
1101 3968 1368 4035 στόματος
1392 3968 1614 4019 πάντων
1637 3966 1747 4019 τῶν
1774 3967 1947 4035 ἁγίων

368 4057 540 4110 αὑτοῦ
590 4058 890 4127 προφητῶν
934 4056 1030 4110 ἀπ’
1079 4058 1295 4118 αίῶνος.
1356 4077 1374 4110 ι
1424 4058 1716 4128 Ἔλάλησεν
1753 4056 1848 4112 οὖν
1886 4059 1948 4111 τὸ

367 4151 598 4221 Πνεῦμα
624 4152 650 4204 6
678 4151 892 4221 ἐξέχεεν
921 4152 950 4203 6
982 4152 1114 4215 Θεὸς
1158 4154 1215 4205 ἐν
1255 4156 1377 4214 ταῖς
1422 4152 1677 4221 ἐσχάταις
1711 4151 1945 4221 ἡμέραις

369 4246 466 4299 ἐπὶ
491 4245 676 4298 πᾶσαν
708 4245 907 4315 σάρκα,
941 4245 1017 4308 ὡς
1065 4245 1266 4314 ἔφησεν
1307 4245 1480 4315 Ὶιυὴλ,
1511 4247 1604 4298 καὶ
1646 4244 1745 4315 τὴν
1780 4246 1945 4298 καθο-

368 4337 533 4405 λικὴν
572 4336 902 4407 Ἐκκλησίαν
928 4337 1379 4408 ἐπῳκοδόμησεν,
1403 4337 1527 4407 ἥτις
1558 4336 1810 4404 θεμέλιον
1844 4335 1946 4402 μὲν

2048 486 2336 540 personam
2374 471 2463 527 Dei
2494 470 2964 540 accepisse?Nam
3003 472 3049 526 si
3110 471 3446 527 iusuiiiatum
3505 490 3628 543 per-

2045 578 2181 618 sona
2215 575 2322 629 est,
2369 580 2475 618 non
2516 564 3013 636 gratia,personam
3038 582 3167 632 ergo
3191 563 3429 634 Spiritus
3462 567 3629 633 parti-

2050 655 2678 725 cipaverunt.discipuli,
2730 672 2850 725 qua:
2902 666 3032 711 tunc
3089 658 3309 726 quidem
3363 661 3627 714 exsistere

2045 748 2321 813 «cpisset,
2353 747 2495 817 quod
2522 736 2603 802 es't
2631 764 2694 802 et
2726 748 3078 816 hlaspltemiis
3117 751 3464 817 impiissima.
3517 751 3624 819 lgi-

2046 848 2135 893 tur
2161 856 2284 893 cum
2350 840 2419 895 de
2451 841 2787 910 plenitudine
2819 843 2938 909 ejus
2969 844 3341 912 acceperimus
3392 844 3622 912 gratiam

2045 948 2146 1002 pro
2165 933 2362 997 gratia,
2385 947 2578 1002 nempe
2600 948 2696 1001 pro
2717 932 2869 1004 legali
2894 933 3073 1003 ipsum
3095 934 3378 990 nobiscum
3434 937 3623 997 Deum,

2046 1031 2102 1078 et
2140 1039 2236 1092 pro
2279 1025 2469 1077 umhra
2499 1025 2806 1087 veritatem,
2835 1036 2999 1093 prout
3026 1026 3232 1079 dictum
3263 1036 3341 1081 est
3382 1040 3395 1081 :
3439 1044 3457 1079 t
3491 1026 3625 1091 Lei,

2047 1110 2270 1181 inquit,
2304 1127 2397 1182 per
2461 1113 2679 1184 Moysen
2749 1114 2874 1168 data
2918 1122 3034 1178 est,
3089 1117 3262 1183 gratia
3325 1125 3378 1170 et
3424 1116 3628 1171 veritas

2046 1213 2145 1268 per
2177 1197 2363 1254 Jesum
2387 1199 2664 1255 Christum
2694 1200 2835 1255 facta
2855 1213 2958 1266 est,
2991 1221 3010 1253 ι
3057 1219 3345 1258 curramus
3385 1205 3450 1257 ad
3498 1222 3626 1276 gra-

2048 1290 2179 1343 tiam
2213 1300 2267 1345 et
2293 1294 2600 1357 veritatem,
2633 1295 2771 1347 tittnﬂ
2803 1294 2990 1363 gratiae
3016 1295 3398 1360 conﬁteantur,
3435 1308 3488 1350 ct
3526 1313 3626 1350 ηοξ

2047 1382 2130 1458 his
2153 1384 2284 1451 ipsis
2310 1385 2975 1454 gratiam.cusmdiamus,
3002 1383 3299 1455 Patre-sque
3331 1402 3627 1458 sequantur

2045 1456 2188 1543 quos
2222 1477 2445 1529 divinus
2475 1478 2729 1531 movebat
2766 1478 3028 1546 Spiritus,
3051 1481 3176 1549 quia
3237 1483 3380 1549 quod
3410 1456 3627 1551 protu-

2050 1569 2228 1622 lerant
2261 1570 2540 1638 prophetae
2568 1570 2860 1625 dixerunt:
2901 1591 2919 1623 ι
2954 1572 3006 1626 In
3045 1591 3208 1629 uuam
3261 1587 3504 1630 sanctam
3532 1591 3625 1630 ca-

2050 1666 2301 1720 tholicam
2350 1675 2399 1719 et
2463 1666 2816 1735 apostolicam
2889 1669 3211 1727 Ecclesiam.
3251 1690 3269 1722 ι
3328 1671 3624 1727 Zacharias

2047 1770 2263 1824 quoque
2321 1755 2685 1811 Prmcursoris
2720 1758 2936 1826 genitor
2983 1760 3127 1814 istud
3153 1762 3220 1817 de
3250 1762 3410 1818 Patre
3447 1766 3621 1822 dixit:

2052 1864 2070 1897 ι
2102 1846 2254 1901 Sicut
2286 1848 2502 1903 locutus
2548 1860 2633 1904 est
2665 1866 2757 1920 per
2783 1866 2846 1906 os
2881 1864 3223 1917 Sanctorum,
3248 1859 3340 1928 qui
3368 1876 3394 1912 a
3423 1863 3624 1916 sa‘rulo

2046 1941 2621 2010 suut,pr0pltttarum
2655 1944 2776 2011 ejus
2833 1945 3066 2001 salutem
3121 1964 3186 2003 ex
3232 1948 3471 2005 inimicis
3530 1970 3626 2007 no-

2046 2034 2177 2088 stris
2202 2049 2219 2100 ;
2256 2051 2273 2083 ι
2299 2034 2497 2088 cecinit
2525 2032 2696 2088 Mater
2716 2035 2876 2092 Verbi
2913 2036 3006 2093 Dei
3039 2042 3336 2098 secundum
3363 2034 3619 2101 carnem:

2051 2141 2070 2175 ι
2105 2123 2261 2178 Sicut
2291 2125 2507 2179 locutus
2540 2128 2712 2179 estad
2743 2126 2933 2182 Patres
2967 2140 3209 2194 nostros,
3249 2132 3521 2188 Abraham
3570 2146 3626 2191 et

2046 2215 2240 2269 semini
2290 2215 2411 2282 ejus
2471 2216 2523 2270 in
2560 2217 2782 2272 smcula.
2823 2236 2841 2269 ι
2875 2219 2943 2274 Et
2986 2220 3041 2273 in
3076 2223 3301 2276 Actihus
3352 2227 3619 2295 scriptum

2044 2315 2159 2361 est:
2201 2323 2219 2355 t
2288 2306 2459 2371 Quem
2502 2314 2717 2373 Oportet
2761 2310 2960 2363 C(Bltttll
3016 2312 3297 2381 suscipere
3347 2332 3519 2385 usque
3568 2318 3622 2370 in

2046 2405 2293 2468 tempora
2346 2398 2714 2456 restitutionis
2771 2402 3015 2455 omnium
3043 2444 3059 2467 ,
3098 2421 3219 2473 qua?
3282 2406 3497 2463 locutus
3541 2418 3626 2462 est

2049 2490 2191 2544 Deus
2216 2505 2309 2559 per
2340 2504 2403 2545 os
2430 2503 2751 2546 sanctorum
2781 2508 3005 2548 suorum
3040 2512 3069 2551 a
3092 2500 3295 2552 saeculo
3333 2502 3629 2571 propheta-

2048 2596 2194 2635 rum.
2226 2599 2244 2632 ι
2270 2579 2510 2635 Locutus
2543 2592 2628 2635 est
2650 2597 2781 2654 ergo
2814 2584 3052 2653 Spiritus
3075 2603 3235 2657 quem
3269 2591 3459 2645 eﬂ‘udit
3482 2594 3627 2646 Deus

2050 2673 2107 2728 in
2143 2673 2461 2728 novissimis
2492 2674 2688 2730 diebus
2724 2691 2889 2746 super
2918 2693 3137 2733 onmem
3174 2697 3413 2748 carnem,
3439 2694 3497 2739 ut
3541 2685 3629 2739 di-

2049 2767 2125 2820 xit
2173 2765 2312 2829 Joel,
2353 2774 2405 2821 et
2468 2767 2795 2822 catholicam
2832 2769 3122 2826 a'diiicavit
3148 2773 3468 2839 Ecclesiam,
3504 2794 3627 2847 quae

2052 2855 2471 2911 fundamentum
2509 2858 2669 2912 habet
2696 2859 3093 2916 confessionem
3118 2864 3263 2920 Petri
3297 2868 3629 2925 rerelatione

2052 2939 2382 3013 institutam,
2439 2961 2661 3020 propter
2705 2967 2869 3021 quam
2929 2954 3033 3010 istc
3079 2960 3496 3026 cognominatus
3544 2973 3630 3017 e-t

2050 3045 2269 3105 Petrus,
2294 3042 2507 3096 scilicet
2539 3057 2553 3095 :
2591 3061 2608 3094 t
2640 3042 2720 3097 Tu
2748 3060 2806 3097 es
2830 3043 3089 3101 Chrisuts
3125 3048 3293 3104 Filius
3335 3052 3426 3106 Dci
3463 3055 3624 3108 vivi.»

2053 3132 2176 3188 llaec
2200 3141 2284 3188 est
2318 3134 2460 3187 enim
2492 3134 2901 3189 fundamentum
2937 3152 3079 3192 verae
3112 3141 3474 3198 confessionis
3534 3164 3630 3198 nu-

2054 3237 2179 3282 strae
2212 3237 2431 3295 propter
2490 3242 2654 3296 quam
2713 3227 2828 3297 ipse
2860 3228 3047 3286 Petrus
3075 3240 3261 3301 utpote
3290 3247 3319 3285 a
3348 3231 3510 3288 Patre
3538 3251 3629 3289 ae-

2050 3328 2262 3388 ceptam
2301 3320 2491 3373 beatus
2542 3318 2765 3381 dicitur,
2796 3328 2848 3373 et
2879 3335 2980 3376 nos
3015 3322 3109 3391 qui
3138 3339 3258 3377 eam
3312 3328 3629 3395 accepimus

2049 3411 2103 3465 in
2158 3419 2275 3463 luto
2334 3409 2521 3478 positi,
2555 3410 2968 3479 superadiﬁcati
3027 3428 3219 3470 sumus
3244 3430 3409 3486 suprr
3440 3419 3630 3474 [uirida-

2051 3514 2293 3556 mentum
2321 3504 2694 3571 apostolorum
2720 3514 2770 3558 et
2800 3505 3210 3574 prophetarum,
3240 3509 3358 3578 ipso
3400 3526 3622 3565 summu

2051 3596 2293 3663 angulari
2327 3596 2504 3664 lapide
2535 3596 2754 3650 Christo
2792 3594 2945 3659 Jesu,
2981 3599 3073 3667 qui
3116 3599 3356 3669 Spiritus
3415 3602 3631 3657 hahita-

2050 3690 2235 3741 culum
2262 3701 2450 3739 sumus
2479 3701 2494 3753 ;
2530 3705 2547 3738 ι
2577 3684 2635 3738 lu
2664 3702 2798 3755 quo,
2826 3691 2903 3740 ait
2935 3690 3157 3751 Paulus.
3188 3700 3241 3744 et
3272 3709 3367 3747 vos
3394 3697 3631 3749 coaediﬁ-

2048 3777 2245 3830 camini
2284 3776 2335 3829 in
2364 3777 2735 3830 habitatulum
2773 3778 2865 3831 Dei
2900 3782 2949 3830 in
2987 3777 3210 3846 Spiritu.
3246 3802 3264 3834 ι
3302 3782 3621 3842 Videtisne?

2050 3867 2170 3934 Ipsa
2195 3866 2431 3920 Ecclesia
2469 3866 2521 3919 in
2546 3865 2811 3921 Trinitate
2843 3869 3139 3931 fundatur;
3180 3889 3196 3921 t
3228 3873 3288 3923 lu
3320 3888 3428 3942 quo
3458 3883 3630 3930 atros

2048 3958 2266 4012 Christo
2282 3956 2409 4011 Jesu
2434 3958 2907 4023 comdilicamiui,»
2942 3959 3016 4012 ait
3034 3959 3258 4023 Paulus,
3281 3965 3529 4019 videlicet
3548 3964 3631 4019 Fi-

2050 4050 2145 4113 lio,
2166 4068 2185 4100 ς
2209 4050 2260 4101 in
2288 4049 2654 4103 habitaculum
2681 4050 2794 4114 Dei,
2812 4068 2830 4101 ι
2857 4052 2907 4105 id
2925 4062 3007 4105 est
3032 4051 3231 4116 Patris,
3254 4036 3337 4105 «ιη
3358 4053 3583 4123 Spiritu.
3602 4076 3622 4108 ι
3700 4086 3725 4101 κ

2050 4141 2105 4194 lu
2137 4142 2217 4193 his
2245 4140 2529 4194 manifesta
2565 4142 2620 4193 llt
2656 4140 2943 4196 Trinitatis
2983 4143 3282 4209 confessio,
3304 4154 3357 4199 et.
3390 4146 3627 4214 Spiritus

2049 4240 2277 4285 sanctus
2313 4232 2364 4283 in
2397 4232 2511 4297 ipsa
2540 4231 2786 4299 loquitur
2815 4233 3079 4287 Ecclesia.
3112 4234 3454 4304 Quapropter
3514 4249 3627 4294 tres

2050 4322 2363 4394 congregati
2392 4324 2441 4375 in
2474 4322 2692 4376 nomine
2719 4322 2849 4378 Jesu
2878 4324 3290 4394 Cltristi‘ipsum
3329 4328 3531 4382 habent
3567 4329 3624 4385 in

367 4431 497 4500 laxe
528 4430 629 4502 τὴν
648 4428 718 4482 δι’
742 4428 1136 4497 ἀποκαλύψεως
1168 4429 1459 4499 ὁμολογίαν
1491 4428 1585 4480 τοῦ
1618 4427 1845 4498 Πέτρου,
1875 4425 1944 4480 δι’

2052 4417 2274 4483 medio;
2320 4427 2373 4471 et
2423 4415 2517 4484 qui
2558 4415 2735 4486 diligit
2769 4416 3047 4472 Christum
3080 4420 3132 4472 iu
3168 4420 3373 4489 Spiritu
3406 4422 3623 4493 diligit;

368 4521 439 4592 ἢν
460 4499 800 4590 καὶρηέτρος
828 4513 985 4583 οὗτος
1011 4518 1345 4589 ὠνόμασται,
1377 4520 1460 4584 τὸ,
1494 4537 1514 4570 r
1559 4519 1630 4571 Σὺ
1662 4514 1716 4572 εἶ
1749 4520 1776 4572 6
1817 4519 1947 4587 Χρι-

2060 4527 2079 4561 ι
2111 4508 2281 4563 Nemo
2306 4508 2449 4562 enim
2486 4517 2666 4577 potest
2687 4509 2867 4563 dicere
2901 4507 3191 4563 Dominum
3226 4509 3410 4565 Jesum
3436 4514 3539 4565 nisi
3570 4514 3626 4567 in

369 4614 497 4677 στδς
523 4616 553 4667 6
585 4613 713 4674 Υίδς
747 4611 841 4666 τοῦ
875 4611 1012 4665 Θεοῦ
1040 4611 1134 4664 τοῦ
1167 4610 1388 4674 ζῶντος.
1430 4630 1448 4662 ι
1479 4610 1628 4681 Λῦτη
1660 4612 1771 4680 γάρ
1799 4612 1947 4663 ἐστιν

2052 4611 2245 4657 sancto
2288 4599 2494 4670 Spiritu
2530 4618 2547 4651 ι
2583 4609 2670 4655 εει
2701 4615 2826 4655 cum
2864 4599 3024 4655 Patre
3053 4610 3109 4655 et
3153 4601 3292 4655 Filio
3322 4611 3379 4657 et
3412 4604 3626 4673 Spiritu

370 4707 533 4776 ἡμῶν
565 4705 597 4759 6
621 4705 869 4773 θεμέλιος
899 4703 1002 4772 τῆς
1032 4702 1266 4772 ἀληθοῦς
1304 4703 1618 4771 ὁμολογίας,
1649 4700 1719 4754 δι’
1742 4703 1809 4773 ἥν
1853 4700 1947 4755 καὶ

2052 4701 2265 4757 sancto,
2300 4703 2358 4746 et
2408 4691 2649 4745 Trinitas
2679 4692 2732 4746 in
2760 4707 2825 4746 eo
2855 4701 2961 4753 est.
2988 4708 3096 4747 non
3130 4703 3324 4748 natura
3376 4697 3625 4766 quidem,

370 4795 648 4860 αὑτὸς,ὠς
677 4791 948 4863 παραιτοῦ
973 4792 1189 4862 Πατρὸς
1217 4790 1426 4857 μαθὼν,
1449 4790 1834 4861 μακαρίζεται,
1854 4791 1947 4843 καὶ

2053 4786 2146 4841 sed
2189 4785 2385 4854 gratia.
2422 4801 2441 4834 ι
2484 4783 2596 4852 Ego
2621 4783 2788 4848 cuitu,
2822 4784 3019 4854 inquit,
3058 4799 3113 4841 et
3142 4785 3303 4842 Pater
3343 4789 3628 4846 veniemus

370 4885 424 4936 ot
472 4882 683 4951 ταύτην
718 4881 971 4943 λαϐόντες
1000 4882 1185 4949 ἡμεῖς,
1207 4873 1414 4942 ἀσινεῖς
1449 4879 1904 4949 διαφυλαχθέντες
1928 4917 1945 4943 ,

373 4973 895 5043 ἐποικοδομηθέντες
1059 4974 1153 5023 ἐπὶ
1185 4971 1262 5042 τῷ
1301 4970 1538 5039 θεμελίῳ
1578 4970 1689 5023 τῶν
1719 4971 1949 5024 ἀποστό-

372 5068 483 5120 λων
502 5066 600 5119 καὶ
629 5064 950 5135 προφητῶν,
974 5066 1127 5128 ὄντος
1150 5063 1550 5133 ἀκρογωνιαίου
1573 5062 1737 5115 αὑτοῦ
1772 5060 1948 5131 Ἰησοῦ

374 5148 638 5227 Χριστοῦ,
685 5153 735 5208 οἳ
770 5155 1189 5223 κατοικητήριον
1233 5152 1544 5221 Πνεῦματός
1573 5152 1761 5219 ἐσμεν.
1793 5168 1812 5201 t
1861 5150 1952 5202 'Ev

376 5240 420 5315 ᾧ
451 5247 546 5300 καὶ
575 5247 735 5316 ὑμεῖς
770 5243 1264 5315 συνοικοδομεῖσθε,
1297 5261 1316 5295 r
1346 5243 1555 5304 Παῦλός
1585 5259 1774 5313 φησιν,
1819 5260 1836 5293 ι
1869 5243 1952 5306 είς

377 5341 797 5410 κατοικητήριον
830 5337 925 5391 τοῦ
948 5337 1083 5390 Θεοῦ
1120 5326 1179 5389 ἐν
1209 5336 1509 5405 Πνεὺματι.
1548 5354 1567 5387 ι
1609 5335 1803 5404 Ὁρᾶτε
1824 5351 1841 5402 ;
1882 5333 1952 5389 Ἢ

346 5457 361 5473 η
389 5434 686 5500 Ἐκκλησία
717 5431 859 5499 αὕτη
911 5432 968 5483 ἐν
1009 5432 1073 5499 τῇ
1118 5430 1311 5500 Τριάδι
1346 5428 1662 5499 ἐγήγερται·
1691 5430 1749 5480 ἐν
1787 5422 1831 5495 ᾧ
1857 5427 1951 5481 καὶ

378 5524 538 5590 ὑμεῖς
562 5526 642 5594 τῷ
670 5524 893 5595 Χριστῴ
937 5521 1117 5592 Ἰησοῦ
1150 5521 1643 5588 συνοικοδομεῖσθε,
1677 5536 1697 5569 t
1739 5518 1951 5580 nam;

347 5631 583 5683 -φησιν,
626 5615 776 5683 αὐτῷ
819 5615 897 5683 τῷ
937 5613 1052 5682 Υἱῴ
1086 5611 1309 5681 δηλαδὴ,
1341 5628 1359 5661 t
1407 5613 1485 5671 είς
1529 5612 1952 5678 κατοικητήριον

355 5707 474 5760 ατοῦ
504 5704 661 5774 θεοῦ,
702 5725 719 5758 ι
757 5707 876 5777 ἦτοι
908 5704 1002 5759 τοῦ
1046 5704 1274 5772 Πατρός,
1306 5721 1323 5753 t
1368 5706 1423 5756 ὲν
1456 5701 1755 5771 Πνεύματι.
1794 5719 1812 5752 ι
1843 5702 1951 5754 Φα-

2049 4885 2107 4931 et
2139 4877 2478 4947 mansionem
2510 4876 2650 4943 apud
2681 4890 2807 4929 eum
2841 4876 3130 4933 faciemus.
3172 4897 3191 4930 ι
3231 4879 3406 4949 Igitur
3430 4884 3626 4936 catho-

2050 4968 2155 5022 lica
2189 4976 2272 5021 est
2297 4967 2561 5031 Ecclesia,
2597 4983 2705 5021 uon
2732 4966 2998 5032 Romana,
3028 4985 3206 5039 neque
3233 4970 3626 5044 Hierosolymi-

2054 5068 2203 5124 taua,
2231 5074 2409 5128 neque
2432 5058 3036 5131 Constantinopolitana
3064 5073 3166 5126 est,
3196 5079 3296 5119 nec
3324 5066 3622 5119 Autioche~

2052 5165 2143 5212 na.
2177 5165 2276 5205 nec
2300 5150 2687 5218 Alexandrina,
2716 5154 2808 5207 sed
2841 5156 3108 5211 catholica
3136 5165 3219 5210 est
3247 5165 3303 5209 et
3333 5172 3436 5209 una
3461 5173 3476 5222 ;
3503 5173 3624 5224 qum

2051 5242 2215 5295 simul
2243 5249 2431 5295 sancta
2457 5250 2539 5296 est
2567 5251 2623 5295 et
2660 5243 2984 5311 apostolica,
3012 5244 3360 5297 sanctitatem
3397 5246 3618 5315 quidem

2054 5334 2260 5388 habens
2284 5348 2351 5387 ex
2385 5342 2575 5388 sancto
2605 5333 2836 5402 Spiritu,
2869 5335 3227 5402 apostolicam
3258 5351 3392 5389 vero
3448 5338 3637 5409 digni-w

2051 5436 2215 5481 tatem
2273 5440 2336 5479 ex
2398 5426 2768 5494 apostolorum
2822 5427 3229 5493 praedicatione.
3303 5427 3436 5493 Quae
3501 5446 3625 5485 cum

2053 5518 2249 5572 habeat
2279 5524 2499 5570 \Cl‘iiuttt
2543 5518 2790 5570 veritatis
2846 5522 3141 5586 integrum,
3167 5522 3627 5591 sermonibusque

2050 5609 2251 5678 polleat
2283 5606 2618 5675 apostolicis,
2655 5615 2710 5657 et
2729 5607 3165 5660 sanctiﬁcatione
3200 5608 3439 5676 Spiritus
3491 5625 3625 5679 gau-

2053 5701 2198 5768 deat,
2228 5701 2340 5770 ipsa
2379 5714 2486 5753 uua
2517 5708 2570 5752 et
2597 5706 2786 5751 sancta
2820 5710 2982 5768 atque
3015 5702 3335 5769 apostolus,
3369 5717 3463 5758 seu
3513 5717 3627 5757 tua-
