4050 6266
309 380 411 442 137

1404 383 1785 447 DIALOGUS
1831 381 2128 442 CONTRA
2168 383 2219 442 Η
2228 381 2553 444 [ΕΒΕΒΕΞ.

3447 383 3550 446 133

310 497 405 550 τὸν
445 494 590 548 θεῖον
637 495 838 551 Λέοντα
895 501 1128 557 πάππαν
1178 504 1392 574 ἔχουσα,
1428 503 1522 555 καὶ
1556 501 1681 562 τοὺς
1711 497 1865 553 αυτοί

1989 509 2112 548 vum
2166 491 2383 564 quidem
2421 492 2656 551 Leonem
2694 508 2887 565 papam
2935 496 3278 567 adjuvantem
3331 497 3545 553 habens

303 587 711 657 τοποτηρητὰς,
757 589 1049 662 Διόσκορον
1077 595 1133 647 δὲ
1175 592 1578 660 Ἀλεξανδρείας
1621 591 1714 644 καὶ
1761 591 1868 644 Εὐ-

301 681 441 748 τυχῆ
500 679 879 751 πρεσϐύτερον
933 685 1028 738 καὶ
1087 686 1212 748 τοὺς
1278 683 1374 737 σὺν
1434 682 1613 744 αὐτοῖς
1679 681 1871 734 καθαι-

301 769 398 838 ροῦ
407 785 494 822 σα.

878 866 1132 920 ΚΕΦΑΛ.
1186 870 1318 921 KH'.

651 953 790 1023 Περὶ
818 955 927 1023 τῆς
961 957 1236 1026 πέμπτης
1262 958 1552 1012 συνόδου.

374 1043 486 1096 Καὶ
521 1045 554 1111 ή
593 1044 819 1116 πέμπτη
872 1047 928 1099 δὲ
978 1049 1087 1101 τῶν
1136 1049 1332 1104 ἑκατὸν
1386 1049 1651 1120 ἐξήκοντα
1701 1047 1872 1116 ἁγίων

300 1133 584 1202 Πατὲρων,
615 1130 683 1208 ἧς
711 1137 1019 1209 ’Λγαπητδς
1045 1141 1509 1212 πάππαςέξαρχος
1539 1142 1595 1192 ἐν
1625 1144 1688 1210 τῇ
1721 1142 1873 1193 Κῶν-

303 1227 610 1292 σταντίνου,
642 1230 784 1281 κατὰ
819 1228 912 1282 τοῦ
957 1231 1266 1300 Ὠριγένους
1296 1233 1386 1284 καὶ
1429 1233 1661 1301 Διδύμου
1691 1248 1749 1283 τε
1779 1233 1874 1282 καὶ

302 1316 606 1386 Εὐαγρίου,
629 1319 880 1374 παλαιῶν
912 1339 1072 1375 τινων
1107 1323 1204 1392 τὴν
1240 1324 1462 1386 κακίαν,
1496 1323 1623 1393 περί
1658 1341 1716 1395 τε
1747 1325 1875 1376 άνα-

303 1409 548 1472 στάσεως
618 1412 829 1481 νεκρῶν
889 1414 982 1466 καὶ¹
1039 1415 1310 1468 πλείστων
1368 1416 1542 1469 ἄλλων
1595 1417 1874 1486 ζητήσεων

299 1497 677 1569 ἀθροισθεῖσα,
710 1504 778 1555 τά
805 1505 969 1574 ὃμοια
1014 1509 1135 1570 ταῖς
1190 1510 1293 1579 πρὸ
1320 1508 1486 1579 αὐτῆς
1516 1511 1643 1578 περὶ
1669 1509 1764 1562 τοῦ
1797 1513 1872 1562 ἰε-

303 1589 401 1659 ροῦ
439 1591 722 1661 Συμϐόλου
750 1598 1203 1668 νενομοθέτηκεν.

888 1690 1140 1742 ΚΕΦΑΛ.
1186 1692 1317 1746 ΚΘ’.

443 1777 582 1844 Περί
605 1776 713 1846 τῆς
742 1777 920 1846 ἕκτης
947 1797 1012 1833 τε
1039 1783 1138 1835 καί
1161 1783 1416 1853 ἑϐδόμης
1439 1787 1729 1842 συνόδου.

383 1861 452 1917 Ἦ
507 1867 641 1936 ἕκτη
693 1867 751 1921 δέ
805 1870 916 1922 τῶν
970 1872 1162 1925 ἐκατδν
1212 1875 1477 1944 ἐξήκοντα
1534 1881 1721 1944 πέντε,
1779 1881 1873 1934 καὶ

301 1955 505 2028 ἑϐδόμη
537 1959 646 2012 τῶν
689 1963 1017 2030 τριακοσίων
1049 1964 1332 2033 ἐξήκοντα,
1375 1960 1448 2020 ὧν
1499 1969 1532 2038 ἡ
1571 1970 1669 2039 μὲν
1722 1973 1778 2026 ἐν
1803 1973 1870 2041 τῇ

295 2049 419 2119 Νέᾳ
456 2051 649 2124 Ῥώμῃ
677 2056 741 2123 τῇ
779 2055 1188 2109 Κωνσταντὶνου
1224 2057 1363 2110 κατά
1399 2076 1457 2111 τε
1493 2061 1750 2130 Ὀνωρίου
1777 2061 1872 2130 τῆς

298 2142 541 2205 παλαιᾶς
583 2143 802 2214 Ῥώμης
832 2149 926 2201 καὶ
952 2148 1178 2216 Σεργίου
1209 2150 1304 2203 καὶ
1339 2152 1570 2223 nespas
1588 2155 1683 2224 τῆς
1715 2157 1870 2230 Κων-

302 2237 819 2303 σταντινουπόλεως,
843 2239 936 2290 καὶ
993 2240 1197 2293 λοιπῶν
1230 2242 1406 2296 ἄλλων
1456 2245 1869 2316 Μονοθελητῶν,

301 2326 338 2394 ἠ
373 2326 450 2388 δὲ,
486 2327 545 2378 ἐν
578 2328 781 2398 Νικαίᾳ
825 2331 887 2382 τὺ
938 2329 1210 2398 δεύτερον,
1258 2335 1395 2387 κατὰ
1438 2337 1546 2389 τῶν
1597 2337 1872 2391 δυσσεϐῶν

296 2417 830 2486 εἰκονομαχούντων,
864 2420 1244 2492 άριδηλότερόν
1275 2440 1332 2474 τε
1367 2426 1461 2476 καὶ
1497 2428 1638 2495 μετὰ
1672 2427 1868 2480 πολλοῦ

300 2506 469 2575 ζήλου
502 2507 571 2561 τά
601 2510 730 2576 περί
776 2507 869 2560 τοῦ
916 2509 1060 2563 θείου
1104 2513 1380 2582 Συμϐόλου
1435 2515 1664 2580 ἐξέθετο.
1700 2519 1805 2572 Καὶ
1840 2521 1871 2588 ὴ

305 2599 408 2666 μὲν
435 2599 570 2668 ἕκτη
597 2599 805 2664 λέξεσιν
836 2602 1029 2666 αὑταῖς
1065 2606 1160 2658 καὶ
1185 2605 1246 2657 τὸ
1272 2607 1370 2673 τῆς
1404 2606 1624 2678 πρώτης
1654 2612 1869 2664 συνόδου

295 2690 552 2760 ἐκτίθησι
583 2691 859 2772 Σύμϐολον
909 2695 1002 2747 καὶ
1051 2695 1113 2747 τὸ
1146 2695 1246 2764 τῆς
1279 2697 1555 2767 δευτέρας,
1585 2703 1676 2754 καὶ
1707 2704 1872 2772 μηδὲν

297 2782 476 2849 τούτῳ
533 2766 850 2848 προσθεῖναι
891 2783 1270 2838 διακελεύεται
1300 2803 1311 2817 ·
1342 2787 1374 2856 ἡ
1410 2766 1465 2841 δέ
1520 2806 1580 2856 γε
1646 2766 1868 2862 ἑϐδόμη,

297 2873 358 2925 ἓν
388 2873 593 2942 ἔχουσα
621 2873 681 2926 τὸ
719 2874 816 2942 τῆς
849 2874 1072 2944 πρώτης
1109 2893 1166 2928 τε
1211 2878 1304 2929 καὶ
1332 2876 1611 2947 δευτέρας,
1644 2879 1779 2952 ὅπερ
1806 2883 1870 2952 δὴ

295 2967 391 3018 καὶ
421 2965 511 3017 ἐπ’
556 2965 854 3035 ἐκκλησίας
886 2966 1249 3036 κηρύττομεν,
1277 2967 1491 3033 λέξεσιν
1524 2970 1712 3034 αὑταῖς
1739 2974 1870 3026 αὐτὸ

293 3055 524 3125 γράφει.
562 3057 670 3110 Καὶ
695 3057 822 3118 τοὺς
857 3057 1266 3127 προσθήσοντας
1299 3061 1354 3112 ἐν
1384 3060 1616 3132 τούτῳῆ
1648 3065 1872 3131 ἀφελόν-

1973 585 2256 656 vicemque
2284 587 2401 658 ejus
2431 595 2771 656 praestantes,
2799 587 3116 644 Dioscorum
3145 605 3274 644 vero
3304 590 3540 645 Alexan-

1974 677 2190 732 drinum
2215 686 2267 732 et
2299 679 2576 749 Eutychen
2613 680 2990 750 presbyterum
3043 696 3340 751 eorumque
3395 697 3542 737 asse-

1976 769 2090 822 clas
2114 770 2464 824 subvertens.
2941 836 2962 856 .

2504 861 2736 916 CAPUT
2771 861 3012 916 XXVIII.

2477 952 2550 1006 De
2601 955 2798 1024 synodo
2846 958 3051 1026 quinta.

2045 1041 2112 1094 At
2137 1043 2388 1110 quintum
2408 1044 2700 1097 concilium
2737 1048 2802 1098 ad
2833 1046 2976 1115 quod
3005 1057 3222 1103 centum
3257 1057 3310 1103 et
3332 1057 3549 1118 septua-

1975 1130 2124 1198 ginta
2159 1132 2346 1187 Patres
2382 1136 2554 1188 sancti
2589 1150 2986 1199 convenerunt,
3021 1140 3105 1191 cui
3139 1138 3357 1207 praefuit
3408 1140 3556 1208 Aga-.

1977 1231 2133 1292 pctus
2175 1239 2309 1294 papa
2343 1226 2394 1279 in
2429 1227 2651 1281 civitate
2706 1227 3078 1295 Constantini,
3115 1241 3307 1284 contra
3362 1229 3548 1301 Orige-

1979 1330 2122 1381 nem,
2159 1315 2440 1385 Didymum
2470 1326 2524 1372 et
2551 1319 2870 1388 Evagrium,
2899 1322 3046 1374 viros
3079 1321 3282 1376 malitia
3314 1333 3548 1376 veteres.

1980 1419 2190 1463 necnon
2220 1409 2647 1465 resurrectionis
2679 1422 3016 1466 mortuorum
3054 1429 3216 1468 causa
3271 1414 3547 1483 plurium-

1977 1515 2084 1568 quc
2113 1501 2344 1553 aliorum
2401 1503 2638 1570 capitum
2696 1503 2894 1557 similia
2933 1504 2999 1556 de
3056 1512 3244 1558 sancto
3293 1506 3552 1575 Synibolo

1978 1590 2168 1644 statuit
2191 1605 2252 1644 ac
2278 1592 2505 1645 concilia
2535 1593 2686 1660 prius
2711 1603 3028 1647 convocata.

2479 1731 2486 1738 ,
2537 1685 2760 1740 CAPUT
2785 1685 2978 1741 XXIX.

2329 1773 2404 1827 De
2435 1777 2633 1843 synodo
2684 1787 2833 1830 sexta
2865 1788 2912 1830 et
2950 1779 3194 1848 septima.

2067 1864 2288 1919 Sextum
2359 1866 2672 1932 concilium,
2739 1868 2826 1922 cui
2897 1879 3112 1923 centum
3177 1880 3229 1925 et
3270 1873 3550 1940 sexaginta

1980 1955 2217 2024 quinque
2245 1955 2455 2024 Patres,
2496 1970 2550 2013 et
2588 1960 2898 2029 septimum,
2936 1963 3021 2016 cui
3049 1963 3278 2018 trecenti
3312 1973 3365 2019 et
3396 1979 3554 2018 serta-

1980 2045 2129 2112 giuta
2166 2047 2477 2112 adfuerunt,
2513 2050 2642 2104 illud
2671 2051 2891 2120 quidem
2929 2069 3081 2108 novae
3111 2053 3298 2109 Romae
3322 2070 3350 2108 a
3403 2053 3548 2107 Cott-

1980 2138 2219 2193 stautino
2242 2141 2523 2196 aediﬁcatae
2550 2143 2814 2198 adversus
2852 2143 3155 2199 Honorium
3189 2148 3385 2200 veteris
3433 2144 3545 2202 Ro-

1982 2242 2080 2281 mae
2103 2229 2417 2300 episcopum
2451 2243 2615 2304 atque
2643 2235 2892 2305 Sergium
2915 2249 2967 2291 et
2995 2238 3259 2308 Pyrrhum
3282 2240 3550 2296 Constan-

1980 2320 2402 2391 tinopolitanum
2435 2337 2776 2397 caeterosque
2808 2329 2945 2384 alios
2982 2330 3397 2396 Monotheletas,
3434 2333 3538 2387 hoc

1981 2412 2108 2465 vero
2164 2414 2363 2469 iterum
2418 2417 2611 2473 Nicaea:
2646 2420 2911 2476 adversus
2977 2421 3174 2490 impios
3251 2425 3546 2493 imaginum

1979 2518 2263 2560 eversores
2304 2520 2660 2563 convocatum
2699 2509 2824 2576 fuit,
2857 2514 3032 2581 palam
3066 2514 3232 2569 multo
3261 2517 3443 2570 studio
3487 2532 3551 2572 ca.

1979 2609 2099 2662 qua:
2121 2597 2184 2650 ad
2216 2598 2459 2652 divinum
2493 2599 2810 2660 Svmbolum
2840 2606 3547 2672 spectantdeclaraverunt.

1981 2688 2208 2742 Sextum
2239 2691 2460 2760 quidem
2511 2694 2671 2762 primi
2718 2703 2771 2748 et
2801 2696 3030 2750 secundi
3059 2698 3274 2753 concilii
3311 2698 3544 2769 Symbo-

1979 2773 2088 2828 lum
2122 2777 2374 2845 firmavit,
2405 2790 2459 2835 ct
2490 2796 2556 2835 ne
2605 2782 2733 2851 quid
2768 2783 3058 2838 adderetur
3092 2788 3398 2856 prohibuit.
3445 2791 3547 2845 Se»
3643 2835 3652 2852 .

1980 2869 2208 2938 ptimum
2246 2879 2425 2926 autem
2484 2888 2653 2927 unum
2721 2875 3266 2947 primisecuudique
3328 2882 3546 2935 concilii

1980 2957 2295 3028 Symbolum
2345 2961 2550 3017 habens
2593 2965 2740 3033 quod
2796 2965 2850 3018 in
2899 2968 3127 3023 ecclesia
3167 2971 3548 3038 praedicamus.

1980 3049 2083 3104 hoc
2116 3052 2232 3106 suis
2263 3052 2487 3121 scripsit
2510 3054 2733 3120 litteris,
2763 3057 2925 3126 eique
2949 3059 3214 3114 audentes
3246 3064 3545 3133 quidquam

290 3163 416 3211 τας,
476 3149 811 3217 ἰερωμένους
871 3149 969 3218 μὲν
1025 3151 1344 3222 καθαιρέσει
1397 3155 1491 3206 καὶ
1550 3157 1865 3226 κληρικοὺς,

1977 3144 2176 3198 addere
2210 3145 2292 3197 vel
2338 3145 2408 3200 ab
2438 3161 2504 3202 eo
2533 3149 2822 3203 detrahere
2853 3152 3166 3208 sacerdotes
3196 3156 3419 3222 quidem
3491 3167 3545 3210 et

292 3240 521 3303 λαῖκοὺς
556 3241 610 3292 δέ
649 3241 1050 3295 καθυποϐάλλει
1102 3243 1180 3313 τῷ
1235 3245 1396 3297 ἀναθέ
1412 3264 1564 3316 ματι.
1622 3247 1778 3304 Οὕτω
1812 3252 1865 3303 τὸ

1976 3235 2205 3291 clericos
2233 3251 2263 3290 a
2302 3236 2567 3305 dignitate
2605 3240 2814 3310 dejicit,
2850 3241 3019 3298 laicos
3052 3261 3181 3299 vero
3211 3249 3542 3302 anathemati

297 3333 501 3384 σεπτὸν
529 3330 690 3385 τοῦτο
731 3334 1104 3404 συνεκροτήθη
1140 3335 1402 3388 πάντοθεν
1447 3337 1742 3408 Σύμϐολον,
1778 3346 1872 3396 καὶ

295 3423 408 3475 ὑπὸ
456 3422 565 3474 τῶν
618 3423 877 3492 Πατέρων
913 3426 1373 3496 ἐπισφραγισθέν,
1425 3428 1726 3502 ἐκηρύχθη,
1777 3435 1871 3486 καὶ

290 3514 415 3576 τοῖς
451 3513 726 3584 θαύμασιν
763 3516 986 3569 ἐκείνων
1033 3518 1127 3571 καὶ
1175 3517 1356 3584 λόγοις
1410 3521 1740 3591 ἐϐεϐαιώθη,
1776 3525 1871 3576 καὶ

291 3607 410 3667 τοῖς
441 3605 840 3676 συγγράμμασι
877 3607 968 3658 καὶ
996 3607 1071 3677 τῷ
1093 3607 1259 3660 τέλει.
1281 3608 1452 3662 Τοῦτο
1492 3612 1600 3680 γὰρ
1651 3615 1744 3666 καὶ
1777 3614 1870 3684 βα-

297 3697 652 3766 πτιζόμενοι,
691 3699 768 3762 ὡς
804 3701 1126 3768 εἰρήκαμεν,
1164 3701 1252 3752 ἐπ’
1282 3701 1577 3773 ἐκκλησίας
1613 3710 1865 3776 καθωμο-

297 3792 566 3860 λόγησαν,
586 3795 681 3845 καὶ
700 3791 799 3859 τὴν
823 3789 1123 3860 ἱερωσύνην
1145 3791 1442 3861 δεχόμενοι,
1465 3797 1865 3867 προεκήρυξαν,

296 3887 396 3936 καὶ
446 3883 808 3945 τελευτῶντες
863 3881 938 3944 ὼς
989 3881 1199 3948 ἐφόδιον
1252 3882 1590 3953 ὡμολόγουν,
1623 3891 1715 3942 καὶ
1749 3891 1868 3960 Θεῷ

291 3977 472 4045 δῶρον
526 3976 786 4041 παρεῖχον
834 3972 1227 4036 ἐπιτελεύτιον,
1258 3966 1333 4025 ὧν
1368 3976 1462 4029 καὶ
1505 3976 1574 4029 τὰ
1616 3977 1863 4047 λείψανα,

291 4067 392 4118 καὶ
428 4065 498 4118 τὰ
534 4065 697 4133 μέχρι
727 4061 821 4115 τοῦ
851 4061 944 4113 νῦν
973 4061 1040 4114 δι’
1070 4062 1247 4114 αὐτῶν
1290 4065 1495 4132 ἰάματά
1521 4082 1580 4116 τε
1616 4067 1711 4121 καὶ
1735 4067 1865 4119 θαύ-

297 4173 449 4225 ματα
492 4157 554 4208 τὸ
597 4156 743 4209 θεῖον
788 4155 947 4208 τοῦτο
983 4155 1258 4223 Σύμϐολον
1297 4158 1757 4226 ἐπιμαρτυροῦσι,
1801 4158 1865 4210 δι’

292 4244 361 4304 οὗ
409 4251 504 4302 καὶ
535 4249 633 4319 τὴν
682 4250 907 4319 εἰρήνην
938 4249 970 4318 ή
1015 4249 1313 4319 Ἐκκλησία
1345 4250 1632 4317 ἐκέκτητο,
1667 4252 1758 4303 καὶ
1799 4252 1866 4302 τὰ

299 4343 439 4413 μέλη
476 4341 575 4394 τοῦ
601 4340 840 4411 Χριστοῦ
869 4340 1121 4410 ἡνωμένα
1150 4340 1402 4410 ἀλλήλοις
1428 4336 1589 4410 ἦσαν,
1623 4341 1715 4394 καί
1739 4343 1865 4412 Χρι-

299 4435 426 4499 στὸς
456 4435 490 4503 ἡ
520 4434 710 4503 εἰρήνη
743 4431 900 4500 ήμῶν
929 4431 1003 4494 ὡς
1035 4431 1246 4501 κεφαλὴ
1277 4427 1342 4500 ἦν
1372 4433 1483 4494 τοῖς
1516 4430 1737 4499 μέλεσιν
1762 4437 1860 4486 αύ-

1976 3327 2217 3396 suhjicit.
2246 3325 2431 3398 Itaque
2458 3341 2749 3398 augustum
2777 3332 2905 3386 illud
2935 3332 3254 3403 Symbolum
3301 3337 3544 3406 undique

1977 3416 2076 3470 fuit
2105 3419 2502 3475 conclamatum
2533 3431 2586 3475 et
2620 3437 2646 3475 a
2695 3421 2949 3479 Patribus
2979 3426 3351 3496 obsignatum,
3419 3446 3544 3485 nec-

1975 3525 2080 3578 non
2117 3511 2185 3564 ab
2211 3513 2414 3568 eisdem
2452 3515 2807 3583 praedicatum
2847 3527 3010 3586 atque
3041 3521 3320 3576 miraculis
3349 3537 3539 3578 eorum

1973 3607 2025 3651 et
2063 3600 2242 3655 verbis
2286 3602 2615 3672 scriptisque
2668 3619 2732 3658 ac
2810 3617 2985 3662 morte
3039 3609 3335 3668 ﬁrmatum.
3392 3611 3540 3670 Istud

1972 3691 2138 3750 enim.
2184 3694 2326 3747 sicut
2361 3694 2619 3761 diximus,
2653 3707 2706 3750 et
2735 3697 2995 3766 baptizati
3027 3701 3081 3753 in
3143 3704 3375 3760 ecclesia
3413 3712 3542 3761 cori-

1974 3780 2100 3836 I'essi
2129 3791 2279 3848 sunt,
2303 3793 2356 3838 et
2390 3787 2701 3841 sacerdotio
2729 3785 2927 3842 initiati
2971 3793 3427 3862 prmdicaveruut,
3484 3810 3538 3853 et

1973 3873 2266 3929 morientes
2299 3884 2356 3928 ut
2388 3877 2642 3931 viaticum
2668 3877 3002 3947 habuerunt,
3039 3880 3256 3951 Deoque
3285 3887 3532 3941 ultimum

1973 3980 2171 4029 munus
2203 3966 2556 4036 obtulerunt';
2587 3985 2821 4048 qttorum
2855 3972 3098 4041 reliquiae
3138 3986 3192 4027 et
3221 3978 3534 4034 saltationes

1971 4065 2132 4125 atque
2161 4057 2419 4111 miracula
2458 4076 2550 4128 per
2579 4076 2674 4115 eas
2706 4063 2926 4132 impleta
2953 4065 3194 4120 divinum
3219 4069 3350 4123 illud
3379 4070 3537 4141 Sym—

1970 4145 2150 4200 bolum
2204 4158 2490 4213 testantur,
2560 4168 2668 4219 quo
2723 4169 2909 4221 pacem
2963 4154 3203 4212 Ecclesia
3240 4175 3532 4218 consecuta

1968 4244 2068 4301 est,
2129 4245 2181 4290 et
2231 4239 2472 4292 membra
2530 4239 2732 4296 Christi
2785 4243 2904 4305 sibi
2949 4245 3181 4301 invicem
3241 4251 3531 4320 conjuncta

1969 4338 2113 4393 sunt,
2144 4326 2507 4398 Cltristttsque
2539 4346 2638 4401 pax
2663 4344 2847 4389 nostra
2879 4334 3060 4393 iactus
3084 4348 3202 4406 est;
3231 4356 3352 4394 nam
3383 4354 3532 4399 arcte

1971 4427 2026 4470 ut
2059 4427 2220 4486 caput
2249 4421 2504 4475 membris
2538 4423 2652 4477 suis
2683 4424 2958 4481 adunatus
2991 4428 3044 4480 in
3081 4429 3242 4498 .ipsis
3297 4431 3533 4488 delecta-

292 4525 392 4579 τοῦ
420 4524 700 4600 ἡνωμένος
733 4522 960 4575 καθόλου
991 4523 1084 4574 καὶ
1116 4522 1542 4591 εὐφραινόμενος
1571 4523 1626 4573 ἐν
1657 4524 1859 4587 αὐτοῖς.

1972 4513 2149 4567 batur.
2178 4512 2477 4572 Primatum
2511 4527 2692 4574 autem
2728 4534 2932 4586 amare,
2989 4519 3249 4576 fratribus
3281 4527 3532 4594 superbia

295 4617 373 4670 Τὸ
421 4617 480 4670 δὲ
523 4614 978 4689 φιλοπρωτεύειν,
1011 4613 1105 4666 καὶ
1151 4614 1259 4665 τῶν
1292 4613 1535 4682 ἀδελφῶν
1569 4614 1861 4685 ὑπεραίρε-

291 4707 423 4761 σθαι
475 4708 571 4761 καὶ
617 4705 999 4772 ὑπερφρονεῖν,
1033 4704 1127 4755 καὶ
1181 4704 1280 4755 οὐκ
1312 4705 1404 4756 ἐπὶ
1452 4705 1550 4771 τὴν
1599 4704 1863 4774 καθέδραν

288 4796 389 4852 τοῦ
442 4798 670 4867 Πέτρου,
705 4795 821 4848 ἀλλ’
875 4796 968 4847 ἐπὶ
1023 4796 1131 4849 τῶν
1165 4795 1403 4864 νεφελῶν
1458 4795 1552 4848 καὶ
1604 4797 1862 4888 ὑπεράνω

288 4891 472 4943 δοκεῖν
508 4887 856 4953 καθέζεσθαι,
885 4887 978 4940 καὶ
1005 4889 1037 4956 ή
1078 4887 1300 4948 ἰσοθεῖα,
1325 4887 1398 4950 ὼς
1425 4890 1516 4940 καὶ
1539 4888 1600 4941 τὸ
1627 4889 1858 4958 ἀποθνή-

291 4999 453 5036 σκειν
483 4984 594 5045 τοῖς
623 4980 930 5050 ἀνθρώποις
969 4980 1254 5050 πρότερον,
1289 4981 1383 5032 καὶ
1415 4980 1510 5032 νῦν
1537 4979 1594 5032 τὸ
1626 4980 1861 5048 ἀποθνή-

293 5094 456 5129 σκειν
511 5074 738 5136 πολλοὺς
791 5072 970 5142 πολλῷ
1025 5071 1408 5142 χαλεπώτερον
1441 5071 1854 5140 ἀπειργάσατο*

289 5169 394 5216 καὶ
421 5163 484 5215 τὸ
522 5160 853 5214 κινδυνεύειν
884 5161 1218 5214 καταπεσεῖν
1252 5159 1351 5230 τὴν
1381 5160 1734 5230 Ἐκκλησίαν,
1768 5163 1858 5214 καὶ

285 5251 535 5324 Χριστοῦ
568 5251 968 5320 διασπασθῆναι
998 5249 1065 5302 τὰ
1105 5249 1264 5320 μέλη,
1295 5250 1390 5303 καὶ
1440 5249 1640 5324 ἔχθραν
1688 5251 1858 5304 τεθεῖ-

284 5366 379 5400 ναι
411 5344 681 5413 άναμέσον
729 5343 836 5396 τῶν
879 5343 978 5411 τῆς
1006 5343 1228 5414 εἰρήνης
1262 5342 1414 5409 υἱῶν,
1449 5342 1540 5406 οὓς
1570 5345 1628 5397 ἐν
1669 5346 1854 5416 ἀγάπῃ

282 5435 425 5498 ea»;
459 5437 491 5504 ἡ
522 5434 711 5502 ἀγάπη
741 5435 1037 5500 συνήγαγε,
1065 5436 1141 5504 μὴ
1164 5434 1490 5503 φεισάμενος
1515 5433 1607 5488 τοῦ
1642 5437 1856 5504 ἀγαπη·

281 5527 406 5588 τοῦ,
437 5525 602 5595 βαϐαὶ
649 5526 746 5594 τῆς
795 5524 1118 5593 δαιμονικῆς
1161 5525 1459 5594 ἐπηρείαςί
1488 5526 1580 5580 καὶ
1612 5527 1854 5592 συλλογι-

285 5619 420 5689 σμοὶ
448 5617 543 5672 ἐπὶ
567 5618 776 5678 τούτοις
807 5616 915 5669 τῶν
949 5615 1124 5670 ἀθέων
1161 5616 1452 5686 Ἑλλήνων,
1485 5621 1533 5672 οἰ
1560 5619 1659 5689 τὴν
1694 5621 1854 5672 πολυ-

282 5709 441 5764 θεταν
471 5708 642 5763 πάλαι
672 5707 704 5779 ἢ
737 5708 936 5776 μᾶλλον
978 5708 1167 5761 άθεΐαν
1212 5711 1384 5762 εἰπεῖν
1444 5713 1849 5781 συγκροτήσαν-

279 5819 401 5870 τες,
440 5804 535 5855 καὶ
570 5799 813 5853 διαϐολαὶ
867 5801 1046 5869 ῥητῶν
1093 5801 1400 5869 γραφικῶν,
1429 5803 1524 5854 καὶ
1559 5817 1850 5871 παρερμησ

482 5928 505 5946 .
588 5895 861 5954 Parnm.
899 5895 1012 5954 Gn.
1048 5894 1224 5954 CLV.

1967 4613 2023 4659 et
2051 4609 2394 4665 contumacia
2447 4610 2734 4676 insultare,
2772 4627 3114 4682 nequaquam
3144 4630 3308 4683 super
3345 4619 3532 4672 catbeo

1966 4699 2119 4752 dratn
2151 4697 2318 4764 Petri,
2351 4701 2442 4756 sed
2483 4717 2642 4771 super
2674 4703 2846 4758 nubes
2898 4705 2983 4759 vel
3037 4707 3200 4760 etiam
3242 4708 3532 4768 sublimius

1966 4789 2249 4843 considere
2280 4791 2472 4854 videri,
2529 4793 2635 4845 Deo
2666 4806 2788 4846 sese
2813 4793 3141 4861 assimilare,
3172 4799 3403 4866 perinde
3465 4815 3530 4854 ac

1963 4879 2094 4934 olim
2145 4888 2376 4934 mortem
2441 4883 2496 4936 in
2551 4883 2814 4938 mundum
2865 4885 3098 4952 induxit,
3154 4889 3226 4943 ita
3281 4899 3335 4944 et
3384 4907 3530 4947 nunc

1967 4970 2164 5025 multos
2200 4980 2371 5024 morte
2399 4973 2568 5026 multo
2604 4974 2853 5042 graviore
2888 4974 3100 5043 aﬂ'ecit;
3135 4978 3260 5033 inde
3287 4978 3527 5038 Ecclesia

1961 5063 2127 5117 exitio
2163 5063 2472 5132 periclitata
2517 5077 2624 5131 est,
2687 5066 2888 5123 Christi
2942 5071 3182 5125 membra
3237 5072 3525 5129 dilacerata

1959 5165 2108 5221 sunt,
2131 5157 2415 5212 inimicitia
2445 5158 2660 5213 inducta
2687 5170 2768 5215 est
2801 5160 2943 5216 inter
2974 5161 3113 5219 Iilios
3137 5163 3286 5231 pacis
3311 5179 3450 5234 quos
3468 5166 3520 5218 in

1959 5250 2225 5306 charitate
2253 5248 2396 5304 Deus
2431 5251 2523 5320 qui
2563 5252 2800 5307 ebaritas
2849 5261 2930 5308 est
2967 5255 3328 5322 congregavit,
3365 5271 3521 5311 suam

1960 5325 2240 5397 effundens
2262 5342 2609 5397 charitatem.
2635 5342 2750 5397 Heu
2775 5345 2787 5397 !
2822 5356 3021 5412 quanta
3049 5360 3078 5398 a
3106 5345 3353 5400 daeiuoue
3396 5365 3520 5417 per-

1961 5435 2132 5488 nicies
2157 5436 2168 5488 l
2209 5443 2263 5487 et
2291 5443 2616 5502 argumenta
2639 5435 2705 5488 de
2735 5435 2835 5488 hac
2864 5436 3087 5490 materia
3120 5435 3322 5493 Graecis
3343 5442 3518 5497 atheis

1957 5526 2140 5596 digna,
2165 5526 2256 5596 qui
2290 5530 2490 5580 multos
2511 5527 2638 5579 olim
2663 5526 2791 5579 deos
2815 5542 2908 5580 seu
2937 5530 3116 5597 potius
3146 5531 3352 5586 nullum
3375 5537 3520 5589 cole—

1959 5616 2110 5678 baut,
2137 5623 2190 5668 et
2217 5614 2515 5683 Scriptura:
2537 5629 2730 5668 vocum
2762 5614 3198 5686 depravationes,
3223 5629 3276 5674 et
3307 5637 3514 5680 sermo-

1958 5722 2086 5759 num
2125 5704 2348 5759 Patrum
2385 5707 2532 5759 falsae
2568 5706 3063 5774 interpretationes,
3085 5714 3433 5769 solummodo
3465 5725 3521 5768 ut

1955 5797 2262 5866 superbiam
2290 5799 2604 5854 tuerentur!
2637 5799 2680 5851 0
2710 5800 2896 5867 homo,
2951 5818 3139 5857 omnes
3176 5821 3282 5860 uno
3334 5807 3514 5862 animo

3090 5898 3122 5957 5
