4050 6266
505 338 606 402 139

1314 336 1688 397 SYMEUNIS
1722 337 1766 395 Τ
1775 331 2468 396 IIESSALONICENSIS
2504 329 2862 392 ARCHIEP.

3629 327 3732 393 140

502 455 879 510 clamaverunt
899 451 1106 514 Patres.
1135 466 1239 506 non
1284 451 1454 506 semel
1483 460 1693 506 tantum
1720 449 1802 505 vel
1836 448 1918 504 bis
1967 456 2062 504 aut

2168 449 2303 503 νεῖαι
2323 446 2604 516 πατρικῶν
2627 443 2818 516 λόγων,
2839 441 2950 514 46
2964 441 3049 494 ἵνα
3068 438 3228 510 μόνον
3249 437 3310 494 τδ
3331 439 3428 509 τῆς
3451 440 3729 512 ὑπερηφα-

506 555 608 610 ter,
639 543 734 600 sed
765 552 816 597 et
842 542 1068 611 plnries,
1107 540 1252 595 sicut
1283 538 1452 603 nosti,
1482 553 1646 608 quam
1679 536 1873 606 agendi
1900 535 2064 589 ratio-

501 653 627 690 nem
667 640 896 690 testatus
949 640 1033 686 est
1065 633 1226 694 Deus,
1261 637 1318 683 tu
1368 637 1548 684 autem
1585 626 1831 682 divinum
1891 621 2066 680 sancti

505 727 680 782 Patris
707 724 938 779 Verbum
963 723 1237 792 pravando
1263 720 1563 786 frustraris,
1582 718 1633 773 vi
1661 731 1863 790 cogens
1878 727 1937 771 ut
1957 731 2064 770 non

501 817 567 870 de
603 815 698 868 illo
723 815 902 882 capite
933 813 1262 876 hene,°vero
1290 809 1358 866 de
1390 809 1496 863 alio
1544 808 1815 880 prolatum
1875 805 2063 866 fuerit,

501 907 739 976 illudque
764 904 936 958 aliena
963 902 1291 973 cogitatione
1313 900 1486 970 adigis
1514 898 1884 954 utsecundum
1917 906 2062 951 tuam

497 1006 768 1053 errantem
815 985 1126 1064 opinionem
1180 992 1378 1063 cogitet
1441 997 1496 1044 et
1543 986 1854 1058 cogitetur!
1922 985 2085 1055 Ergo_

501 1089 841 1160 temetipsum
873 1085 1109 1142 seducis.
1146 1083 1212 1137 Et
1274 1083 1321 1138 si
1351 1079 1641 1151 protuleris
1670 1077 1932 1150 Cyrillum
1963 1085 2059 1130 aut

499 1183 776 1247 Basiliam,
811 1180 891 1234 vel
923 1194 1047 1232 vere
1069 1192 1322 1246 magnum
1353 1173 1710 1228 Athanasium
1732 1178 1787 1224 et
1811 1168 2064 1236 Augusti-

499 1290 652 1335 num,
688 1282 741 1326 ct
770 1270 1140 1331 AmbrOsium,
1169 1282 1269 1336 ego
1325 1265 1492 1320 etiam
1523 1264 1618 1320 tibi
1680 1263 1798 1331 ipse
1836 1268 1963 1314 ante
2013 1267 2066 1312 te

499 1364 739 1435 profero,
773 1365 852 1416 vel
873 1351 1056 1416 ‘etiam
1087 1361 1257 1414 multo
1287 1359 1495 1428 plures,
1524 1355 1786 1425 quoniam
1839 1354 1891 1408 in
1930 1350 2065 1421 ipsis

495 1473 596 1527 ego
631 1459 812 1526 potius
834 1453 1169 1510 confidenter
1199 1450 1494 1520 gloriabor,
1527 1457 1582 1504 et
1608 1453 1931 1518 argumenta
1971 1454 2062 1498 tua

497 1547 698 1602 Graecis
732 1547 892 1614 digna
921 1545 1117 1612 quibus
1158 1541 1410 1612 gloriaris
1438 1556 1503 1596 ex
1571 1551 1750 1594 mente
1797 1536 2061 1608 repudio;

487 1655 598 1709 ego
640 1652 770 1692 vero
798 1637 850 1690 in
902 1635 1166 1690 honorem
1189 1647 1369 1688 causa
1395 1647 1528 1687 mea:
1565 1631 1698 1686 alios
1749 1630 1926 1684 adhuc
1969 1631 2063 1698 qui

482 1741 622 1784 ante
693 1730 873 1782 dictos
923 1732 1111 1780 t’atres
1158 1724 1412 1778 vixerunt
1486 1736 1810 1792 proponam,
1867 1734 2063 1789 nempe

493 1818 836 1888 Dionysium,
863 1824 918 1869 et
942 1829 1065 1868 cum
1099 1814 1215 1882 ipso
1243 1810 1587 1874 Jerotbenm,
1638 1824 1848 1865 necnon
1877 1809 2063 1878 signo-
2094 1799 2136 1855 Β

497 1925 614 1963 rum
671 1907 920 1976 opificem
977 1903 1324 1974 Gregorium,
1359 1901 1641 1960 Justinum
1675 1901 2059 1971 philosophum

478 2013 548 2054 et
583 2007 899 2068 martyrem,
933 1997 1162 2064 ejusque
1209 2002 1589 2048 antecessores
1635 2001 1690 2048 et
1715 1998 2058 2056 ;coaetaneos,

497 2092 719 2159 insuper
777 2086 1096 2157 Gregorium
1151 2094 1203 2139 et
1253 2081 1600 2153 Gregorium,
1655 2080 1918 2136 Joannem
1967 2097 2062 2136 ore

495 2194 745 2241 aureum,
778 2175 1072 2228 Maximum
1124 2179 1180 2226 et
1213 2170 1478 2224 Joannem
1527 2167 1902 2238 philosophos,
1942 2167 2061 2220 uni-

495 2283 826 2338 versumque
852 2281 974 2319 cum
1013 2263 1145 2332 ipsis
1177 2260 1396 2314 Patrum
1427 2258 1678 2311 chorum.
1711 2257 1794 2310 Tu
1842 2256 2061 2326 quidem

495 2363 669 2417 stabis
699 2359 1048 2412 contentione
1079 2355 1366 2422 disputans
1407 2360 1463 2406 et
1519 2349 1861 2420 argumentis
1910 2350 2058 2402 inso-

498 2456 754 2519 lescrns;
790 2466 887 2519 ego
908 2457 1092 2502 autem
1131 2446 1307 2499 dicam
1344 2453 1395 2497 te
1423 2441 1738 2510 Scripturas
1777 2449 1830 2494 et
1869 2437 2062 2492 Patres

497 2547 629 2600 falsa
662 2543 1026 2613 explicatione
1057 2549 1406 2602 corrumpere
1435 2543 1487 2587 et
1508 2533 1812 2601 aspernari,
1836 2531 2060 2585 Graeco-

496 2651 723 2706 rumque
773 2649 876 2688 non
931 2629 1150 2684 Patrum
1209 2641 1328 2682 esse
1381 2624 1728 2693 discipulum.
1783 2623 2059 2684 Attamen,

494 2733 540 2782 si
569 2709 780 2788 vellem,
812 2741 910 2791 ego
936 2735 1155 2792 quoque
1188 2721 1361 2772 habeo
1397 2725 1721 2784 argumenta
1755 2716 1864 2767 tuis
1922 2728 2060 2782 prae-

401 2835 422 2844 "
496 2819 696 2872 stantia
722 2817 920 2884 quibus
959 2812 1284 2881 dejiciantur
1313 2807 1620 2876 sophisticae
1649 2814 1755 2860 tua:
1785 2806 2063 2858 ratiuncu-

496 2913 582 2971 lae.
615 2909 702 2962 illa
744 2917 924 2960 autem
970 2903 1182 2972 rejicio,
1218 2909 1271 2953 et
1296 2896 1795 2963 demonstrationes
1857 2912 1922 2949 ex
1959 2895 2063 2949 Pa-

499 3001 673 3055 tribus
689 3009 990 3064 eorumque
1006 2991 1350 3048 sermonibus
1369 3003 1713 3058 componam.
1742 2988 1822 3040 'l‘u
1843 2985 2059 3056 quidem

2170 536 2286 598 νίας
2328 536 2781 604 ὲπεκδικήσωσιν.
2821 531 3134 601 Ἄνθρωπε,
3165 529 3367 590 πάντες
3409 529 3545 596 ὁμυῦ
3575 547 3730 586 συνι-

2168 623 2427 696 φὼνησαν
2451 626 2500 678 οί
2528 623 2792 693 Πατέρες,
2821 622 2913 674 καὶ
2942 621 3002 672 οὑ
3029 620 3159 689 μίαν
3185 619 3217 688 ἦ
3248 619 3328 682 δὶς
3349 618 3510 682 μόνον
3534 621 3568 692 ἢ
3589 623 3732 692 τρὶς,

2167 715 2302 768 ἀλλὰ
2331 717 2425 766 καὶ
2471 715 2725 779 ἑπτάκις,
2759 714 2833 774 ὼς
2883 705 3063 764 οἶσθα.
3120 710 3230 764 Kal.
3275 712 3336 762 τὸ
3371 712 3503 781 παρ’
3553 715 3730 768 αὐτῶν

2167 803 2298 866 Θεὸς
2340 803 2752 873 μεμαρτύρηκε.
2786 803 2860 854 Σὺ
2895 802 2950 854 δὲ
2988 801 3242 866 κλέπτεις
3275 803 3438 872 ῥητόν
3485 821 3537 856 τι
3587 803 3730 858 θεῖον

2165 894 2486 963 κακουργῶν
2527 895 2684 962 ἁγίου
2728 893 2961 964 Πατρὸς,
2999 893 3313 961 ἀναγκαίως
3351 893 3490 964 ὑπὲρ
3539 896 3729 966 ἑτέρου

2167 986 2501 1057 ζητήματος,
2537 987 2629 1039 καὶ
2663 983 2761 1057 ούχ
2813 986 2953 1056 ὑπὲρ
3006 984 3198 1037 τούτου
3253 985 3403 1054 αύτῷ
3447 986 3726 1056 ῥηθέντος,

2166 1081 2259 1135 καὶ
2293 1082 2414 1136 καθ’
2449 1081 2640 1147 ἑτέραν
2693 1079 2923 1141 ἔννοιαν,
2958 1078 3053 1132 καὶ
3083 1081 3240 1130 τοῦτο
3275 1077 3440 1151 βιάζῃ
3471 1081 3608 1132 νοεῖν
3635 1080 3728 1133 καὶ

2166 1172 2402 1226 νοεῖσθαι
2453 1170 2591 1224 κατὰ
2627 1170 2725 1239 τὴν
2778 1169 3207 1238 πεπλανημένην
3242 1168 3401 1234 δόξαν
3433 1169 3532 1238 τὴν
3582 1169 3730 1238 σήν;

2165 1263 2517 1334 Φρεναπατᾷς
2550 1259 2644 1314 οὖν
2679 1259 2891 1315 ἑαυτόν.
2918 1260 3026 1311 Kal
3059 1262 3107 1311 si
3133 1260 3430 1330 προφέρεις
3461 1260 3732 1330 Κύριλλον

2165 1355 2198 1425 ἢ
2244 1353 2542 1418 Βασίλειον,
2575 1353 2606 1422 ἢ
2641 1351 2964 1405 Ἀθανάσιον
3009 1350 3101 1404 τδν
3138 1350 3354 1420 ἀληθῶς
3403 1349 3596 1421 μέγαν,
3633 1355 3729 1406 καὶ

2164 1446 2526 1515 Ᾱύγουστϊνόν
2561 1462 2620 1499 τε
2653 1445 2750 1499 καὶ
2779 1443 3104 1515 ’Λμϐρόσιον
3123 1458 3138 1474 ο
3172 1444 3268 1496 καὶ
3295 1425 3478 1506 ἀὑτός
3508 1457 3592 1496 σοι
3619 1443 3730 1515 γὰρ

2165 1539 2386 1601 τούτους
2439 1541 2544 1608 πρὸ
2578 1538 2674 1590 σοῦ
2729 1538 3013 1608 προφέρω,
3046 1537 3142 1590 καὶ
3177 1535 3258 1589 ἔτι
3296 1535 3422 1599 τοὺς
3452 1535 3729 1599 πλείονας,

2164 1633 2287 1685 ἐπεὶ
2313 1632 2406 1685 καὶ
2435 1631 2531 1683 ἐπὶ
2551 1629 2760 1692 τούτοις
2795 1628 2998 1699 μᾶλλον
3020 1627 3247 1699 ’θαρῥῶν
3277 1625 3388 1693 έγὼ
3406 1625 3726 1695 καυχῶμαι.

2168 1723 2276 1776 Kal
2329 1723 2396 1776 τὰ
2447 1722 2736 1793 Ἑλληνικά
2790 1738 2886 1775 σου
2946 1720 3256 1790 σοφίσματα
3306 1715 3388 1782 οἷς
3440 1719 3600 1782 αὐτὸς
3633 1719 3728 1786 ἑγ-

2165 1815 2362 1885 καυχᾷ,
2397 1815 2814 1884 ἀποστρέφομαι
2840 1814 2903 1865 ὲκ
2933 1812 3132 1882 ψυχῆς.
3177 1809 3477 1881 Προσθήσω
3504 1809 3559 1862 δὲ
3589 1807 3733 1880 ὑπέρ

2167 1906 2299 1976 ἐμοῦ
2342 1906 2591 1968 καὶτοὺς
2637 1905 2744 1977 πρὸ
2795 1901 2902 1956 τῶν
2947 1904 3252 1973 εἰρημένων
3298 1903 3490 1966 ἄλλους
3538 1903 3732 1968 ἁγίων⁹

2163 1995 2441 2050 Διονύσιόν
2489 2014 2656 2067 φημι,
2697 1995 2791 2048 καὶ
2849 1993 3113 2065 Ἰερὸθεον
3163 1995 3260 2046 σὺν
3299 1991 3470 2062 αύτῷ,
3512 1993 3602 2046 καὶ
3639 1993 3732 2045 τὶν

2163 2088 2590 2158 Θαυματουργδν
2639 2088 2856 2158 Πατέρα
2895 2087 3216 2156 Γρηγόριον,
3261 2085 3477 2138 καὶτὸν
3512 2084 3730 2152 φιλόσο-

2166 2182 2584 2248 φονίουστῖνον
2636 2177 2731 2230 καὶ
2770 2176 3046 2247 μάρτυρα,
3082 2176 3175 2229 καὶ
3221 2176 3348 2238 τοὺς
3400 2175 3508 2244 πρὸ
3535 2175 3734 2226 τούτου

2165 2271 2260 2325 καὶ
2315 2271 2413 2322 σὺν
2461 2269 2675 2338 τούτῳο
2708 2268 2786 2321 ἔτι
2820 2285 2877 2321 τε
2913 2268 3214 2338 Γρηγὸριον
3263 2266 3357 2320 καὶ
3407 2266 3738 2336 Γρηγόριον,

2162 2361 2416 2431 Ἰωάννην
2450 2377 2508 2413 τε
2539 2361 2628 2412 τὸν
2663 2358 2920 2428 χρυσοῦν,
2952 2359 3046 2412 καὶ
3078 2357 3332 2426 Μάξιμον
3357 2358 3450 2409 καὶ
3473 2357 3736 2424 Ἰωάννην

2162 2451 2286 2513 τοὺς
2316 2451 2665 2520 φιλοσόφους,
2696 2450 2791 2502 καὶ
2827 2449 2925 2502 σὺν
2966 2450 3151 2511 αὐτοῖς
3183 2448 3358 2501 πάντα
3384 2447 3472 2502 τὸν
3493 2448 3599 2501 τῶν
3622 2448 3737 2500 Πα-

2163 2542 2550 2611 τέρωψχορόν.
2585 2541 2694 2594 Kal
2747 2543 2810 2594 σὺ
2876 2541 2980 2606 μὲν
3029 2540 3201 2612 στήσῃ
3253 2538 3598 2606 φιλονεικῶν,
3633 2538 3736 2590 καὶ

2166 2630 2546 2702 συλλογισμοῖς
2604 2630 3014 2702 φρυαττόμενος
3047 2646 3061 2660 ο
3099 2631 3272 2698 ἔγωγε
3310 2631 3366 2684 δὲ
3408 2631 3483 2695 ὡς
3517 2647 3732 2701 παρερ-

2169 2723 2422 2793 μηνεύεις
2457 2725 2551 2775 καὶ
2586 2723 2895 2785 διαϐάλλεις
2940 2723 3050 2792 ἐρῶ
3097 2724 3195 2784 τὰς
3237 2721 3459 2792 Γραφὰς
3487 2721 3735 2783 καὶτοὺς

2166 2817 2440 2884 Πατέρας,
2465 2817 2560 2867 καὶ
2585 2814 2658 2875 ὡς
2686 2815 2797 2868 τῶν
2833 2817 3105 2886 Ἑλλήνων
3135 2821 3229 2870 καὶ
3259 2817 3318 2868 ού
3342 2815 3448 2868 τῶν
3474 2815 3736 2886 Πατέρων

2169 2907 2417 2976 μαθητὴς
2465 2901 2534 2960 εί.
2588 2906 2782 2959 Καίτοι
2814 2921 2876 2974 γε
2913 2907 2961 2958 εί
3001 2905 3316 2976 βουλοίμην,
3358 2906 3453 2959 καὶ
3484 2905 3736 2973 συλλογι-

2169 2999 2336 3066 σμοὺς
2373 2998 2512 3067 ὑπὲρ
2541 2999 2671 3060 τοὺς
2705 2999 2828 3060 σοὺς
2872 2997 3011 3050 κατὰ
3036 2996 3144 3050 τῶν
3173 2998 3280 3050 σῶν
3315 2997 3593 3066 λογισμῶν
3620 2997 3735 3050 τῶν

495 3091 841 3150 Aristotelem
903 3097 955 3140 et
999 3085 1282 3139 Platonem
1337 3082 1417 3136 vel
1461 3081 1626 3135 etiam
1664 3071 1957 3148 quemdam
1993 3093 2056 3132 ex

2169 3091 2496 3156 σοφιστικῶν
2550 3091 2846 3157 κέκτημαι.
2899 3088 3250 3159 Ἀπορρίπτω
3279 3088 3332 3141 δὲ
3362 3088 3604 3152 τούτους,
3653 3087 3735 3150 ὡς

499 3186 655 3240 novis
697 3183 806 3237 tuis
836 3179 1154 3235 doctoribus
1179 3189 1440 3244 repones;
1475 3173 1568 3226 sed
1614 3188 1712 3244 ego
1759 3171 1851 3225 tibi
1884 3171 2062 3240 pisca-

499 3288 645 3331 tores
681 3285 953 3343 opponam
986 3281 1286 3336 eorumque
1317 3263 1723 3334 praedicationis
1777 3262 2066 3320 sincerita-

493 3377 628 3430 tem,
667 3374 720 3418 et
757 3377 939 3417 veram
974 3360 1294 3428 sapientiam
1319 3372 1481 3426 quam
1519 3364 1573 3408 tu
1599 3353 1882 3409 stultitiam
1912 3353 2060 3420 judi-

498 3469 618 3520 cas,
676 3452 758 3505 vel
828 3451 993 3504 etiam
1063 3445 1384 3514 simpliciter
1444 3444 1662 3513 pietatis
1739 3439 2059 3513 mysterium

495 3541 865 3615 quodPaulus
890 3549 1146 3608 magnum
1169 3551 1293 3590 esse
1310 3543 1458 3589 recte
1478 3533 1756 3604 praedicat,
1774 3541 1828 3585 et
1843 3533 2062 3600 sapien-

501 3639 624 3698 tiam
649 3644 794 3687 tuam
828 3631 1048 3685 stultam
1079 3628 1298 3692 faciam,
1329 3636 1382 3681 et
1404 3627 1579 3680 dicam
1618 3643 1630 3678 :
1667 3644 1686 3675 ι
1714 3624 1880 3677 Deum
1909 3636 2064 3676 nemo

499 3729 635 3781 vidit
677 3738 956 3794 unquam;
985 3719 1213 3775 manein
1244 3720 1323 3774 eis
1358 3733 1479 3788 quae
1508 3717 1746 3772 didicisti
1776 3725 1830 3770 et
1878 3716 2061 3770 consi-

501 3821 654 3881 dera,
713 3819 892 3869 sciens
944 3827 973 3866 a
1017 3827 1126 3881 quo
1187 3811 1460 3878 didicisti;
1503 3810 1694 3864 stultas
1739 3807 2064 3878 quaestiones

502 3908 721 3970 devita;
755 3902 1010 3973 praecipio
1042 3900 1140 3954 tibi
1194 3913 1376 3953 coram
1436 3899 1654 3952 Christo
1707 3894 1858 3962 Jesu,
1910 3909 2063 3950 serva

500 3999 699 4050 bonam
721 3992 1119 4046 confessionem
1145 4004 1164 4055 ;
1190 3997 1244 4042 et
1265 3987 1676 4041 fundamentum
1708 3983 1854 4039 aliud
1907 3999 2063 4038 nemo

499 4090 680 4153 potest
717 4096 918 4150 ponere
942 4087 1137 4148 praeter
1177 4077 1230 4130 id
1257 4075 1404 4145 quod
1433 4076 1666 4144 positum
1707 4083 1825 4138 est;
1851 4073 1896 4128 si
1943 4073 2064 4142 quis

495 4173 956 4243 .evangt-ltzaverit
1008 4168 1160 4222 vobis
1215 4175 1411 4238 praeter
1460 4167 1513 4220 id
1565 4166 1709 4236 quod
1752 4166 2063 4236 accepistis,

499 4269 789 4320 anathema
816 4267 906 4317 sit.
937 4279 956 4312 ι
999 4263 1060 4314 Et
1085 4271 1138 4314 tu
1164 4259 1383 4330 quidem
1412 4261 1487 4312 ita
1510 4259 1800 4312 reverteris
1830 4273 2062 4319 vacuus,

499 4371 603 4426 ego
634 4369 760 4408 vero
781 4353 1057 4424 gloriabor
1102 4352 1156 4406 in
1178 4352 1347 4422 gloria
1394 4350 1614 4404 Patrum
1647 4364 1916 4412 meorum,
1955 4363 2064 4401 non

2171 3179 2245 3246 μὴ
2274 3178 2362 3230 διὰ
2393 3176 2492 3244 τῆς
2524 3176 2693 3245 θύρας
2719 3176 3156 3246 εἰσερχομένους,
3185 3179 3277 3229 καὶ
3303 3179 3399 3240 τὰς
3428 3177 3738 3241 ἀποδείξεις

2166 3271 2230 3321 ἐκ
2263 3268 2370 3320 τῶν
2406 3267 2662 3337 Πατέρων
2694 3267 2789 3319 καὶ
2823 3268 2929 3320 τῶν
2977 3269 3199 3320 ἐκείνων
3236 3287 3317 3321 σοι
3351 3270 3522 3338 λόγων
3571 3270 3732 3340 ποιή-

2169 3375 2353 3428 σομαι.
2384 3359 2494 3411 Καὶ
2525 3359 2589 3410 σὺ
2623 3359 2724 3428 μὲν
2754 3359 3069 3430 ἁντιφήσεις
3093 3361 3158 3413 τὰ
3190 3360 3607 3434 Ἀριστοτέλους
3636 3366 3737 3418 καὶ

2168 3448 2476 3511 Πλάτωνος.
2506 3449 2584 3501 ἔτι
2629 3449 2683 3500 δὲ
2729 3451 2823 3502 καὶ
2869 3449 2976 3502 τῶν
3029 3453 3162 3502 νέων
3205 3468 3299 3504 σου
3351 3453 3728 3508 διδασκάλωνο

2165 3537 2273 3607 ἐγὼ
2301 3540 2356 3594 δέ
2387 3558 2468 3594 σοι
2505 3540 2631 3603 τοὺς
2666 3540 2834 3602 ἁλιεῖς
2866 3540 3166 3610 ἀντιθήσω,
3190 3545 3277 3595 καὶ
3314 3544 3374 3596 τὸ
3401 3544 3607 3599 ἁπλοῦν
3635 3547 3736 3600 αύ-

2167 3630 2273 3682 τῶν
2302 3631 2394 3682 τοῦ
2427 3631 2803 3699 κηρύγματος,
2835 3631 2925 3684 καὶ
2956 3631 3055 3700 τὴν
3091 3633 3257 3695 διτως
3296 3635 3513 3701 σοφίαν,
3542 3636 3736 3690 δοκοῦ-

2167 3738 2264 3773 σιν
2293 3721 2349 3773 δέ
2382 3739 2464 3773 σοι
2499 3722 2730 3788 μωρίαν.
2758 3722 2866 3773 Kal
2896 3721 2974 3774 ἔτι
3003 3723 3062 3774 τὸ
3085 3726 3181 3792 τῆς
3215 3723 3496 3789 εὐσεϐείας
3525 3729 3737 3796 μυστή-

2165 3831 2284 3883 ριον
2315 3816 2371 3865 ὲν
2405 3813 2687 3874 ἁπλότητι,
2718 3814 2854 3881 ὅπερ
2885 3815 2912 3864 ὁ
2943 3813 3150 3878 Παῦλος
3198 3817 3339 3884 μέγα
3373 3814 3513 3872 εἶναι
3539 3819 3735 3890 ὁμολο-

2165 3909 2451 3986 γουμένως
2489 3911 2777 3978 μαρτυρεῖ.
2821 3908 2927 3960 Kal
2956 3907 3055 3976 τὴν
3091 3910 3283 3974 σοφίαν
3324 3927 3414 3963 σου
3471 3911 3730 3980 μωρανῶ.

2167 3999 2294 4065 Kal,
2329 4019 2346 4050 ι
2377 3999 2477 4051 Τὸν
2506 3999 2639 4052 Θεὸν
2662 4001 2836 4061 εὐδεὶς
2872 4000 3084 4070 ἑώρακε
3108 4001 3382 4066 rubuere,»
3416 4003 3730 4074 προσθήσω.

2166 4091 2296 4158 Kal,
2324 4109 2342 4141 ι
2365 4090 2510 4143 Μένε
2533 4093 2589 4143 ὲν
2610 4085 2690 4154 οἷς
2719 4090 2916 4159 ἔμαθες
2939 4094 3031 4142 καὶ
3055 4092 3382 4160 ἐπιστώθης,
3402 4095 3558 4159 εἰδὼς
3581 4096 3736 4166 παρὰ

2164 4182 2306 4242 tivo;
2342 4179 2561 4250 ἔμαθες.
2590 4199 2609 4232 ι
2642 4181 2748 4233 Kal
2773 4180 2854 4246 τὸ,
2901 4199 2919 4231 ι
2943 4179 3051 4243 Τάς
3087 4181 3274 4254 μωρὰς
3307 4182 3560 4254 ζητήσεις
3577 4204 3735 4257 «ap-

2165 4271 2343 4324 αιτοῦ.
2383 4289 2402 4322 ι
2449 4271 2557 4325 Kal
2591 4271 2958 4342 παραγγέλλω
2989 4288 3069 4325 σοι
3100 4274 3330 4326 ἐνώπιον
3380 4275 3560 4346 Ἰησοῦ
3597 4278 3728 4344 Χρι-

2170 4361 2319 4426 στοῦ,
2346 4361 2578 4430 φύλαξον
2627 4361 2724 4433 τὴν
2757 4361 2927 4432 καλὴν
2979 4365 3292 4433 ὁμολογίαν.
3339 4367 3451 4420 Καὶ
3480 4367 3733 4436 θεμέλιον

504 4449 650 4500 enim
687 4454 945 4500 evacuata
974 4442 1078 4496 fuit
1101 4457 1234 4497 crux
1274 4440 1496 4504 Christi,
1531 4441 1633 4494 etsi
1664 4440 1783 4510 ejus
1809 4441 2067 4507 pradica-

2172 4451 2329 4507 ἄλλον
2357 4452 2531 4514 οὐδεὶς
2559 4451 2782 4505 δύναται
2811 4453 2984 4506 θεῖναι
3018 4455 3168 4523 παρὰ
3194 4456 3284 4508 τὸν
3316 4458 3588 4526 κείμενον.
3626 4462 3734 4511 Καὶ

502 4539 578 4592 tio
607 4534 928 4607 quibusdam
961 4532 1189 4587 stultitia
1239 4532 1510 4585 videatur.
1545 4529 1700 4585 Umle
1753 4531 2065 4598 accepimus

505 4627 650 4693 quod
675 4619 1028 4691 accepimus?
1055 4619 1100 4675 Α
1141 4620 1366 4689 Spiritu.
1398 4615 1462 4672 Et
1498 4621 1813 4689 quicunque
1857 4619 2064 4689 Spiritu

507 4717 600 4770 Dei
629 4724 889 4783 aguntur,
920 4714 955 4766 ii
982 4721 1110 4766 sunt
1135 4712 1228 4766 lilii
1263 4711 1380 4778 Dei,
1403 4727 1636 4781 quarum
1669 4712 2063 4767 sententiarum

506 4808 641 4861 fines
669 4808 988 4875 protrahere
1021 4817 1127 4856 non
1154 4814 1389 4873 oportet.
1433 4805 1564 4858 Vide
1591 4804 1756 4873 igitur
1780 4819 1845 4857 ne
1868 4805 2066 4858 stultus

507 4901 607 4952 tias
639 4899 807 4959 illius,
833 4897 923 4964 qui
951 4909 1116 4949 natus
1145 4911 1205 4948 es
1231 4911 1294 4948 ex
1321 4898 1574 4951 Patribus
1607 4899 1699 4965 qui
1726 4906 1778 4951 te
1803 4899 1852 4950 in
1890 4897 2066 4969 Spiri-

506 5000 564 5044 tu
599 4998 921 5058 genuerunt,
947 5003 1123 5056 neque
1149 4986 1384 5043 videaris
1409 4991 1690 5056 generatio
1717 5006 1883 5058 prava
1904 5003 2066 5061 atque

503 5097 760 5153 perversa
788 5095 975 5135 eorum
1009 5080 1102 5148 qui
1138 5079 1356 5133 minime
1384 5095 1504 5148 quae
1533 5080 1744 5135 Dentini
1778 5094 1927 5146 sunt,
1972 5086 2066 5140 sed

506 5189 627 5244 quae
657 5187 754 5226 sua
792 5179 920 5224 sunt
957 5178 1229 5238 quaerunt,
1261 5171 1352 5238 qui
1401 5186 1503 5223 non
1540 5170 1594 5222 in
1627 5173 2064 5240 aedificationem,

505 5265 598 5320 sed
625 5263 680 5316 in
715 5262 1141 5315 destructionem
1178 5257 1475 5312 ambulant.
1513 5259 1618 5312 Sed
1645 5263 1775 5329 quid
1810 5263 1901 5316 tibi
1954 5265 2069 5318 vult

511 5355 682 5409 multa
712 5354 827 5407 haec
855 5348 1172 5406 contentio?
1209 5350 1374 5403 Deum
1428 5352 1697 5404 noscere?
1723 5351 1898 5406 Nosce
1924 5354 2067 5407 sicut

505 5445 765 5500 didicisti.
793 5442 926 5496 Eum
957 5443 1119 5497 sicuti
1148 5452 1232 5496 est
1251 5441 1617 5511 cognoscere?
1656 5444 1762 5496 Sed
1790 5459 2064 5512 nunquam

508 5537 652 5590 istud
685 5535 896 5588 discere
943 5533 1188 5602 poteris;
1218 5541 1301 5586 est
1335 5534 1481 5586 enim
1530 5533 2068 5602 incomprehensibi-

507 5628 600 5691 lis,
636 5635 818 5680 etnon
845 5625 939 5678 tihi
963 5633 1198 5691 tantum,
1256 5625 1351 5678 sed
1395 5637 1448 5678 et
1492 5626 1724 5693 angelis,
1773 5627 1917 5694 quod
1968 5624 2065 5679 tibi

508 5714 745 5770 ostendit
768 5715 954 5769 doctor
986 5713 1166 5778 lingua
1193 5728 1431 5780 aureus;
1462 5717 1506 5768 si
1537 5716 1701 5768 istum
1726 5713 1883 5780 eique
1902 5715 2062 5771 simi-

2174 4544 2334 4607 εἴτις
2371 4544 2793 4610 εὐαγγελίζεται
2831 4544 2959 4613 ὑμῖν
2995 4543 3122 4613 παρ’
3151 4543 3178 4596 ὃ
3219 4546 3573 4614 παρελάϐετε,
3600 4549 3738 4600 ἀνά-

2174 4638 2312 4702 θεμα
2351 4635 2512 4689 ἔστω.
2545 4636 2654 4688 Kal
2685 4632 2826 4686 οὕτω
2868 4635 2930 4686 σὺ
2981 4634 3078 4704 μὲν
3108 4634 3383 4706 ἁπελεύσῃ
3417 4637 3590 4702 κενὸς,
3625 4636 3739 4704 ἐγὼ

2172 4727 2227 4780 δὲ
2253 4725 2647 4795 δοξασθήσομαι
2681 4727 2739 4778 έν
2771 4727 2838 4795 τῇ
2872 4725 2981 4776 τῶν
3036 4725 3292 4794 Πατέρων
3326 4743 3428 4793 μου
3475 4727 3626 4800 δόξῃ.
3658 4731 3734 4781 Ut)

2174 4819 2282 4886 γὰρ
2315 4818 2389 4886 μὴ
2425 4815 2638 4885 κενωθῇ
2670 4831 2799 4870 ποτε
2825 4817 2851 4867 ὁ
2881 4815 3113 4883 σταυρὸς
3156 4816 3248 4867 τοῦ
3284 4817 3542 4887 Χριστοῦ,
3566 4821 3614 4872 εί
3641 4823 3737 4874 καὶ

2178 4911 2359 4980 μωρία
2393 4909 2533 4973 δόξει
2562 4908 2674 4958 τισὶ
2713 4907 2774 4960 τὸ
2817 4908 3097 4976 κήρυγμα.
3148 4907 3318 4960 Πόθεν
3345 4908 3402 4961 δὲ
3430 4911 3737 4979 παρελάϐοο

2178 5019 2278 5072 μεν
2307 5001 2334 5052 ὃ
2365 4999 2749 5070 παρελάϐομεν
2771 5014 2789 5065 ;
2813 5000 2948 5051 Ἀπὸ
2970 5000 3080 5050 τῶν
3111 4998 3206 5052 τοῦ
3235 5000 3571 5070 Πνεύματος,
3599 5005 3732 5071 Καὶ,

2182 5110 2200 5142 ι
2251 5091 2404 5142 Ὅσοι
2457 5088 2736 5151 Πνεύματι
2789 5087 2927 5140 Θεοῦ
2981 5089 3228 5156 ἄγονται,
3264 5084 3408 5143 οὗτοί
3454 5094 3596 5145 εἰσιν
3629 5098 3735 5147 υἱοὶ

2175 5178 2331 5232 Θεοῦ.
2371 5196 2390 5230 ι
2424 5178 2531 5230 Kal
2563 5178 2622 5230 οὐ
2655 5177 2736 5230 δεῖ
2770 5178 3049 5246 μεταίρειν
3075 5182 3277 5233 τούτων
3313 5181 3379 5233 τὰ
3414 5181 3561 5248 ὅρια.
3595 5183 3735 5251 Ὀρα

2175 5275 2358 5324 τοίνυν
2389 5271 2463 5340 μὴ
2497 5269 2758 5338 μωμητὸν
2791 5270 2920 5339 γένῃ
2940 5269 3148 5334 τέκνον,
3176 5272 3313 5323 κατὰ
3335 5271 3440 5323 τῶν
3473 5289 3734 5342 γεγεννη-

2175 5363 2350 5414 κότων
2383 5361 2440 5412 έν
2471 5359 2747 5428 Πνεύματι
2788 5358 3047 5426 γεγονὼς,
3089 5362 3182 5412 καὶ
3217 5363 3376 5429 γενεὰ
3421 5348 3608 5418 σκολιά
3642 5370 3736 5418 καὶ

2174 5451 2581 5521 διεστραμμένη
2605 5452 2796 5520 ὀφθῇς,
2823 5453 2914 5505 καὶ
2961 5453 3068 5506 τῶν
3099 5456 3173 5524 μὴ
3203 5454 3508 5524 ζητούντων
3538 5459 3606 5511 τὰ
3639 5460 3731 5512 τοῦ

2177 5541 2404 5612 Κυρίου,
2425 5541 2560 5596 ἀλλὰ
2591 5543 2653 5593 τὰ
2682 5543 2910 5611 ἑαυτῶν,
2943 5545 3036 5598 καὶ
3064 5545 3172 5598 τῶν
3205 5546 3302 5599 οὐκ
3336 5551 3413 5610 εἰς
3445 5549 3734 5618 οἰκοδομὴν

2177 5630 2642 5701 περιπατούντων,
2689 5632 2803 5685 ἀλλ’
2852 5638 2933 5695 εις
2984 5635 3324 5704 καθαίρεσιν.
3375 5636 3534 5690 Ἀλλά
3563 5640 3618 5691 τί
3651 5657 3734 5693 σοι

2179 5719 2424 5786 βούλεται
2457 5721 2517 5775 τὸ
2564 5723 2698 5776 πολὺ
2746 5723 2846 5791 τῆς
2899 5724 3266 5791 φιλονεικίας;
3309 5726 3440 5779 Θεὸν
3491 5727 3735 5791 εἰδέναι;
