4076 6268
314 352 410 418 iii

1358 349 1739 414 DIALOGUS
1784 347 2088 411 CONTRA
2129 349 2519 410 Il/ERESES.

3444 347 3548 412 112

314 466 484 522 Γνῶθι
513 465 840 537 ὡςέμαθες.
889 464 1030 519 Ἀλλ’
1075 464 1150 527 ὡς
1198 463 1344 517 ἐστιν
1370 480 1386 532 ;
1417 464 1490 517 Οὐ
1527 462 1602 533 μὴ
1644 460 1880 532 δυνηθῇς

1995 463 2062 516 les
2095 461 2148 516 in
2183 478 2412 518 numero
2453 462 2751 531 putaveris,
2785 461 2896 517 noli
2943 464 3134 517 saltem
3168 462 3220 517 in
3255 475 3435 520 mente
3461 477 3551 520 tua

317 559 528 628 μαθεῖν.
583 558 691 612 Καὶ
739 559 849 627 γὰρ
900 555 1284 626 ἀκατάληπτος
1310 572 1323 585 ·
1354 556 1448 608 καὶ
1477 555 1539 608 οὐ
1577 555 1658 607 σοὶ
1691 554 1875 622 μόνον.

292 651 447 718 ,ἀλλὰ
486 651 580 706 καὶ
609 652 721 715 τοῖς
744 651 1016 718 ἀγγέλοις.
1043 651 1153 703 Καὶ
1181 651 1210 702 ό
1241 647 1474 721 χρυσοῦς
1504 646 1604 717 τὴν
1628 646 1878 715 γλῶτταν

314 743 440 812 περὶ
472 743 661 795 τούτου
690 741 931 794 διδάσκει
971 757 1052 805 σε,
1085 739 1145 792 εἴ
1169 757 1230 808 γε
1261 739 1352 793 καὶ
1389 738 1542 806 μέλει
1578 754 1661 789 σοι
1687 736 1878 789 τούτου

311 835 409 889 καὶ
437 836 544 888 τῶν
574 835 776 904 ὁμοίων
811 833 980 903 αὐτῷ,
1014 835 1109 886 καὶ
1149 833 1223 901 μὴ
1255 835 1349 885 καὶ
1377 831 1521 901 ὑπὲρ
1547 831 1768 906 τούτους
1794 829 1879 882 δο-

311 929 428 990 κεῖς
464 926 617 995 παρὰ
657 924 870 992 σεαυτῷ
913 925 1147 994 φρονεῖν.
1173 923 1334 976 ’Λλλά
1365 922 1447 986 τίς
1480 907 1615 976 Θεοῦ
1646 919 1754 975 οἶδε
1783 922 1882 990 φύ-

311 1035 422 1084 σιν,
452 1017 487 1089 ἢ
531 1017 859 1086 ἐξηγόρευσε
880 1033 896 1084 ;
930 1015 1186 1086 Πείσθητι
1235 1015 1426 1068 λοιπὸν
1470 1018 1581 1077 τοῖς
1613 1014 1707 1068 τοῦ
1743 1015 1880 1067 θεοῦ

308 1108 509 1176 φίλοις,
536 1103 616 1170 οἷς
652 1106 812 1169 αὐτὸς
865 1105 1087 1176 ἑωράθη
1132 1105 1258 1158 ὅσον
1303 1105 1530 1159 δυνατὸν
1557 1101 1645 1175 ἦν,
1681 1104 1754 1166 ὡς
1791 1105 1881 1156 καὶ

306 1200 522 1271 Μωῦσῇ
558 1198 841 1270 πρότερον,
874 1193 957 1261 οἷς
1006 1197 1393 1267 ἀπεκαλύφθη,
1429 1197 1504 1260 ὠς
1537 1195 1737 1264 καὶτῷ
1780 1195 1882 1250 Πέ-

310 1307 446 1361 τρῳ,
499 1285 582 1354 οἷς
627 1293 879 1361 ἐμφανὴς
917 1291 1160 1358 γέγονεν,
1185 1289 1264 1353 ὡς
1300 1290 1380 1361 τῷ
1411 1289 1612 1360 Παύλῳ
1641 1290 1736 1342 καὶ
1768 1290 1882 1350 τοῖς

306 1380 515 1449 ὁμοίοις
553 1380 770 1450 Παύλῳ.
814 1381 924 1433 Καὶ
971 1379 1223 1448 πείσθητι
1256 1379 1435 1448 τούτῳ
1469 1379 1543 1449 τῷ
1581 1377 1779 1448 Παύλῳ
1807 1377 1882 1439 ὡς

309 1474 390 1536 εἰς
418 1472 676 1542 οὐρανοὺς
707 1473 983 1526 ἀνελθόντι
1015 1469 1154 1542 ὑπὲρ
1185 1471 1245 1523 σὲ
1281 1471 1490 1543 (θαρρῶ
1527 1470 1753 1540 λέγειν),
1784 1467 1882 1520 καὶ

309 1563 421 1617 τῶν
458 1565 789 1636 ἀπορρήτων
825 1565 1122 1618 ἀκούσαντι
1152 1561 1403 1633 κρεῖττόν
1433 1579 1529 1615 σου
1554 1562 1651 1616 καὶ
1675 1561 1882 1632 κηρύσ-

313 1669 477 1719 σοντι,
511 1673 529 1706 ι
577 1655 838 1708 Πείθεσθε
886 1655 998 1717 τοῖς
1047 1653 1375 1723 ἡγουμένοις
1418 1653 1573 1722 ὑμῶν
1619 1651 1726 1723 47
1789 1654 1884 1705 καὶ

1981 551 2227 622 cogitare
2254 563 2307 608 te
2342 552 2452 608 illis
2478 552 2680 622 majora
2713 567 3069 622 cognoscere.
3101 552 3208 609 Sed
3245 555 3369 624 quis
3397 567 3554 609 natu-

1983 657 2098 696 ram
2133 639 2226 697 Dei
2262 644 2394 699 vidit
2413 645 2492 697 vel
2528 643 3118 714 patefecit?Ca:terum
3143 649 3303 704 crede
3355 649 3552 704 amicis

1985 736 2295 808 Deiquibus
2323 739 2437 808 ipse
2461 749 2723 808 quantum
2756 738 2868 792 fieri
2921 748 3131 809 poterat
3183 743 3456 810 apparuit,
3492 754 3551 796 ut

1983 831 2134 900 prius
2164 828 2354 900 Moysi,
2382 832 2582 900 quibus
2611 831 2880 886 revelatus
2907 841 3014 896 est,
3039 842 3098 886 ut
3131 831 3312 898 Petro,
3349 837 3546 902 quibm

1985 919 2310 977 manifestus
2333 921 2508 976 fartus
2539 930 2642 985 est,
2677 931 2734 975 ut
2759 921 2924 976 Paulo
2957 930 3010 976 et
3037 923 3203 978 Paulo
3235 925 3546 993 similibus;

1982 1013 2142 1067 crede
2175 1013 2304 1066 huic
2327 1010 2497 1066 Paulo
2529 1013 2621 1081 qui
2646 1013 2774 1068 licet
2809 1013 2860 1067 in
2882 1015 3080 1068 cmlnm
3111 1016 3273 1070 altius
3295 1032 3456 1086 quam
3483 1028 3538 1072 tu

1985 1101 2344 1173 (confidenter
2375 1103 2518 1170 dico)
2561 1105 2887 1167 ascenderit,
2941 1113 2994 1159 et
3043 1107 3334 1162 ineffabilia
3372 1110 3546 1178 magis

1985 1195 2232 1265 quam‘tu
2265 1194 2536 1249 audiverit
2577 1211 2592 1248 :
2655 1213 2674 1246 ι
2705 1195 2958 1261 Obedite,
3009 1195 3210 1267 inquit,
3249 1200 3551 1268 praepositis

1984 1286 2184 1341 vestris
2228 1293 2282 1339 et
2330 1285 2606 1354 subiacete
2646 1286 2747 1340 eis.
2783 1305 2800 1338 ι
2855 1284 3186 1356 Prarpositus
3238 1289 3545 1344 animarum

1986 1386 2297 1430 nostrarum
2343 1377 2432 1429 ille
2493 1385 2575 1430 est
2606 1391 2908 1447 omnesque
2960 1379 3178 1447 pietatis
3205 1379 3416 1447 Patres,
3459 1382 3552 1452 qui

1984 1480 2175 1522 omnes
2218 1467 2380 1522 simul
2429 1467 2552 1520 tidei
2602 1468 2923 1537 Symbolum
2985 1471 3410 1538 constituerunt,
3460 1477 3554 1544 qui

1986 1559 2117 1613 illud
2151 1558 2390 1615 confessi
2416 1567 2566 1622 sunt,
2597 1561 2690 1629 qui
2722 1559 2854 1614 illud
2913 1561 3074 1615 simul
3103 1563 3550 1632 obsignaverunt.

1987 1651 2157 1722 Igitur
2197 1653 2242 1707 sl
2269 1652 2403 1708 istos
2433 1666 2753 1722 aspernans,
2807 1653 3052 1722 istosque
3087 1655 3364 1724 rejiciens,
3395 1655 3554 1710 Chri-

315 1743 593 1799 ὑπείκετε.
616 1763 640 1795 ο
678 1747 1008 1814 Ἠγούμενος
1037 1745 1093 1797 δὲ
1123 1745 1232 1797 τῶν
1255 1743 1444 1814 ψυχῶν
1465 1744 1619 1813 ἡμῶν
1640 1736 1794 1804 οὗτός
1821 1755 1880 1794 τε

1995 1752 2132 1797 stum
2187 1743 2519 1813 aspernaris,
2585 1753 2644 1798 ut
2701 1745 2779 1798 ait
2823 1745 3099 1811 Christus,
3159 1745 3555 1817 Christumque

315 1838 414 1887 καὶ
439 1835 487 1887 oi
512 1837 615 1903 τῆς
641 1835 924 1892 εύσεδείας
955 1835 1218 1909 Πατέρες,
1245 1836 1294 1888 οἱ
1317 1834 1455 1906 ὁμοῦ
1479 1835 1680 1896 πάντες
1710 1837 1769 1886 τὸ
1787 1834 1886 1902 τῆς

315 1928 553 1990 πίστεως
589 1927 834 1991 ἐξέθεντο
860 1927 1161 1997 Σύμϐολον,
1189 1928 1285 1980 καὶ
1312 1927 1362 1980 οἳ
1388 1927 1550 1980 τοῦτο
1571 1925 1890 1996 καθωμολό-

315 2032 464 2084 γουν,
488 2018 583 2070 καὶ
614 2016 667 2069 οἳ
693 2019 828 2087 ὁμοῦ
878 2018 1307 2088 ὲπεσφράγιζον.
1358 2018 1420 2070 Ei
1469 2017 1516 2069 δ’
1567 2013 1681 2080 οὖν,
1709 2015 1890 2070 αὐτῶν

316 2111 669 2182 παρακούων,
697 2110 793 2164 καὶ
821 2111 1018 2174 αὐτοὺς
1059 2109 1290 2173 ἀθετῶν,
1314 2109 1554 2180 Χριστὸν
1583 2108 1818 2174 ἀθετεῖς,
1859 2110 1890 2161 ό

312 2202 548 2273 Χριστος
580 2203 708 2272 ἔφη,
750 2201 990 2276 Χριστοῢ
1028 2198 1386 2272 παρακούεις,
1413 2203 1509 2254 καὶ
1537 2200 1645 2253 τῶν
1687 2201 1892 2253 Πεντα-

315 2293 552 2349 πολιτῶν
600 2296 778 2348 ἐκεῖσε
831 2295 1018 2365 χεῖρον
1055 2294 1462 2367 κατακριθήσῃ.
1501 2291 1890 2362 Ἀνεκτότερον

311 2388 420 2460 γὰρ
455 2389 610 2442 ἔσται
658 2387 914 2458 Σοδόμοις
941 2387 976 2458 ἢ
1005 2386 1330 2458 Γομόρροις,
1377 2386 1566 2455 φησὶν,
1612 2386 1671 2438 ὲν
1709 2385 1894 2452 ἡμέρᾳ

313 2481 555 2551 κρίσεως
581 2479 616 2546 ἢ
645 2479 758 2542 τοῖς
797 2479 873 2546 μὴ
916 2477 1236 2546 δεξαμένοις
1267 2476 1328 2526 τδ
1357 2476 1646 2544 κήρυγμα.
1673 2473 1897 2540 Κήρυγ-

313 2588 398 2640 μα
431 2570 491 2623 δὶ
523 2568 789 2637 Χριστοῦ,
833 2567 907 2630 ὡς
935 2568 996 2620 τὸ
1037 2568 1148 2618 τῶν
1177 2566 1497 2620 ἀποστόλων
1527 2564 1756 2618 καὶτῶν
1793 2565 1899 2616 [Ια-

316 2663 523 2730 τόρων.
545 2659 655 2709 Καὶ
684 2658 733 2709 εί
772 2659 800 2709 ό
827 2655 1196 2730 σκανδαλίξων
1223 2656 1320 2710 ἕνα
1353 2655 1462 2708 τῶν
1497 2655 1709 2727 μικρῶν
1750 2653 1900 2707 ἀδελ-

318 2750 465 2821 φῶν,
492 2741 675 2818 ἔνοχος
719 2749 1128 2819 κατακρίματος
1173 2745 1525 2818 τηλικούτου,
1551 2748 1578 2800 ό
1607 2745 1899 2810 τοσούτους

327 2839 696 2905 σκανδαλίζων
725 2841 820 2894 καὶ
846 2839 1094 2895 διασπῶν
1117 2842 1305 2894 ὁποίου
1331 2856 1350 2907 ;
1383 2839 1598 2893 Γένοιτο
1621 2838 1678 2892 δὲ
1705 2853 1897 2891 ταπει-

327 2931 567 2986 νωθέντα
607 2948 667 2985 σε
699 2933 766 3003 τῇ
802 2933 1038 3002 μιμήσει
1065 2930 1162 2986 τοῦ
1188 2929 1471 3002 εἰρηνικοῦ
1502 2946 1561 2984 τε
1599 2931 1691 2983 καὶ
1719 2931 1894 2998 πράου

322 3021 645 3076 ἐπανελθεῖν
673 3022 768 3074 καὶ
798 3021 1066 3091 ἑνωθῆναι
1113 3022 1227 3084 τοῖς
1275 3021 1417 3074 κατὰ
1459 3019 1594 3074 Θεὸν
1621 3020 1895 3088 ἀδελφοῖς,

1990 1835 2193 1904 rejicis,
2220 1835 2371 1904 pejus
2388 1835 2815 1905 Pentapolitanis
2837 1836 3109 1906 judicium
3143 1839 3393 1905 habebis;
3425 1855 3550 1894 naui

1991 1925 2333 1981 tolerabilius
2352 1927 2458 1980 erit
2485 1934 2644 1980 terrae
2671 1925 3037 1982 Sodomorum
3082 1938 3134 1982 et
3177 1928 3558 1985 Gomorrbaau-

1993 2033 2136 2084 rum,
2166 2018 2360 2088 inquit,
2383 2018 2437 2072 in
2463 2021 2554 2075 die
2575 2017 2766 2092 judicii
2797 2036 2960 2092 quam
2983 2023 3064 2079 eis
3083 2025 3178 2093 qui
3208 2040 3314 2079 non
3338 2040 3559 2097 recepe—

1987 2117 2119 2164 runt
2146 2110 2609 2179 praedicationem,
2647 2125 2842 2182 nempe
2867 2113 3306 2182 praedicationem
3332 2117 3562 2181 Christi,

1991 2215 2116 2254 cum
2155 2202 2223 2255 ab
2247 2201 2526 2273 Apostolis
2575 2211 2633 2257 et
2684 2201 2942 2282 l’atribus
2982 2205 3125 2261 facta
3170 2206 3354 2262 fuerit.
3405 2209 3469 2265 Et
3519 2212 3564 2266 si

1993 2293 2121 2361 quis
2179 2294 2636 2350 scandalizaverit
2703 2313 2875 2352 unum
2931 2313 2996 2351 es
3033 2299 3246 2369 pusillis
3307 2301 3570 2360 fratribus

1994 2399 2122 2438 reus
2145 2384 2250 2438 erit
2270 2394 2434 2439 tanta:
2451 2384 2847 2454 damnationis,
2873 2403 3090 2459 quanta:
3107 2393 3199 2461 qui
3231 2402 3308 2447 tot
3329 2395 3562 2449 scanda-

1997 2474 2245 2527 lizaverit
2280 2484 2335 2528 et
2380 2475 2435 2528 iu
2493 2490 2661 2544 prava
2711 2479 3046 2536 distraxerit.
3102 2481 3319 2539 Utinam
3368 2495 3566 2542 temet-

2002 2565 2178 2632 ipsum
2233 2564 2526 2621 humilians
2559 2566 2625 2620 ad
2661 2570 2969 2635 exemplum
3012 2573 3221 2641 paciﬁci
3268 2579 3570 2632 mansueti-

1996 2669 2106 2724 que
2133 2651 2455 2720 Saivatoris,
2483 2658 2654 2712 redux
2689 2662 2983 2718 convenias
3013 2663 3077 2718 ad
3114 2679 3210 2721 eos
3238 2669 3330 2736 qui
3367 2681 3570 2722 secun-

1999 2746 2129 2799 dum
2168 2745 2333 2800 Deum
2365 2747 2561 2803 fratres
2595 2759 2745 2813 sunt.
2774 2746 2826 2806 et
2861 2769 3028 2808 unum
3065 2756 3162 2812 tias
3197 2771 3318 2812 cum
3352 2758 3574 2814 Christo

1998 2846 2054 2892 et
2078 2837 2187 2893 illis
2215 2837 2534 2910 Christique
2561 2839 2784 2896 famulis
2807 2842 3064 2902 Patribus
3100 2851 3321 2911 nostris.
3375 2851 3572 2906 deli-ui-

1998 2933 2114 2980 tum
2152 2926 2220 2980 ab
2249 2927 2328 2982 eis
2351 2929 2511 2996 quale
2569 2931 2991 2988 declaraverunt
3047 2937 3366 3008 Symbolum
3423 2953 3569 2996 recta

2002 3015 2106 3071 ﬁde
2139 3015 2444 3083 confessus,
2483 3027 2541 3073 ut
2571 3021 2659 3076 hic
2689 3033 2742 3076 et
2783 3023 2893 3078 illic
2921 3042 3089 3081 unum
3123 3030 3294 3086 simus
3329 3033 3381 3084 in
3413 3031 3576 3087 Chri-

323 3113 420 3167 xai.
445 3111 504 3164 ἓν
532 3113 786 3182 γενέσθαι
835 3113 974 3182 μετά
1012 3111 1253 3183 Χριστοῦ
1289 3111 1383 3165 καὶ
1433 3110 1637 3177 αὐτῶν,
1663 3111 1755 3163 καὶ
1786 3110 1891 3164 τῶν

2001 3119 2084 3165 sto
2113 3107 2264 3172 Jesu,
2294 3120 2459 3178 prout
2477 3109 2804 3179 deprecatus
2830 3124 2912 3170 est
2937 3114 3213 3173 Christus.

319 3209 414 3264 τοῦ
468 3209 703 3281 Χριστοῦ
763 3209 1132 3279 θεραπόντων,
1182 3207 1341 3278 ἡμῶν
1376 3207 1434 3261 δὲ
1492 3206 1774 3276 Πατέρων,
1821 3207 1883 3261 is
1919 3207 2052 3278 παρ’
2078 3203 2304 3260 ἐκείνων
2343 3206 2587 3273 ἐκτεθὲν,
2633 3208 2708 3272 ὡς
2759 3209 3027 3280 ἐξέθεντο,
3091 3215 3573 3289 ἀνομολογήσαντα

316 3307 602 3376 Σύμϐολον
629 3303 945 3376 όρθοδόξως,
999 3303 1085 3357 ῐνα
1121 3305 1217 3358 καὶ
1249 3296 1348 3356 ὧδε
1379 3303 1540 3358 κάκεῖ
1573 3299 1632 3355 ἓν
1665 3297 1816 3370 ὦμεν
1858 3304 1917 3356 ὲν
1956 3299 2178 3374 Χριστῷ
2207 3299 2407 3373 Ἰησοῦ,
2435 3302 2506 3366 ὡς
2540 3304 2568 3356 ό
2597 3303 2833 3376 Χριστὸς
2865 3306 3090 3376 ηὔξατο.

396 3425 714 3492 Κληρικός.
741 3423 914 3494 Χάρις
942 3423 1021 3492 τῷ
1049 3423 1189 3492 Θεῷ,
1232 3422 1486 3475 δέσποτα.
1535 3419 1757 3482 Ἱκανῶς
1788 3421 1895 3492 γάρ

320 3518 390 3571 τὰ
419 3517 548 3586 περὶ⁵
593 3517 694 3586 τῆς
725 3515 1021 3584 Λατινικῆς
1072 3513 1420 3586 καινοτομίας
1471 3514 1771 3584 ἐμάθομεν,
1805 3513 1900 3567 καὶ

319 3610 398 3672 ὡς
427 3610 488 3662 ού
516 3609 659 3662 κατὰ
687 3609 872 3661 πίστιν
903 3605 1042 3676 αὕτη
1069 3607 1367 3674 σφάλλεται
1399 3607 1582 3675 μόνον,
1607 3605 1730 3657 ἐπεὶ
1760 3603 1898 3657 κατά

319 3699 418 3755 τοῦ
455 3698 600 3770 ίεροῦ
629 3703 861 3753 κινεῖται
893 3698 1172 3764 Συμϐόλου
1206 3698 1304 3768 τῆς
1338 3697 1594 3762 πίστεως,
1637 3697 1773 3751 ἀλλά
1806 3695 1899 3750 καὶ

321 3795 469 3849 κατὰ
505 3793 725 3849 πάντων
756 3791 943 3862 σχεδὸν
988 3791 1099 3844 τῶν
1124 3789 1266 3844 ἐθῶν
1311 3807 1372 3843 τε
1421 3789 1514 3842 καὶ
1545 3789 1898 3860 παραδόσεων

319 3889 423 3954 τῆς
448 3887 600 3955 ἱερᾶς
637 3885 983 3955 Ἐκκλησὶας.
1011 3884 1220 3955 Λοιπὸν.
1235 3883 1568 3951 προσεκτέον
1591 3882 1744 3934 ἔσται
1765 3882 1896 3950 ἡμῖν

323 3980 385 4030 τὸ
414 3980 543 4047 περὶ
563 3977 660 4047 τῆς
689 3975 973 4038 κοινωνίας
1001 3974 1206 4037 αὐτῶν,
1238 3975 1331 4026 καὶ
1364 3973 1424 4027 τὸ
1448 3971 1578 4040 περὶ
1616 3972 1713 4040 τῆς
1744 3969 1897 4036 λεγοο

325 4070 496 4142 μένης
528 4067 771 4130 ὲνὼσεως
803 4067 922 4120 δέον
953 4066 1133 4130 καλῶς
1164 4065 1437 4131 ἐξετάσαι.

408 4160 760 4229 Ἀρχιερεύς.
792 4158 944 4225 Δέον,
978 4157 1197 4226 aenos,
1244 4159 1366 4210 ἐπεὶ
1410 4155 1520 4209 οὐδ’
1552 4155 1738 4229 ἁπλῶς
1786 4153 1901 4214 τοῖς

322 4257 432 4324 πρὸ
463 4252 621 4323 ήμῶν
657 4254 683 4323 ἡ
713 4251 994 4316 διάστασις
1029 4253 1276 4319 γέγονεν.
1306 4245 1467 4311 Οἶδας
1490 4248 1618 4316 γὰρ,
1647 4245 1722 4308 ὡς
1757 4246 1850 4299 καὶ
1869 4244 1898 4294 ό

319 4347 420 4415 τῆς
447 4345 692 4405 ἑνώσεως
739 4343 888 4411 δηλοῖ
916 4343 1114 4412 Τόμος,
1140 4343 1289 4403 ὃπως
1321 4341 1478 4411 χάριν
1505 4337 1756 4407 δευτέρου
1803 4336 1898 4388 καὶ

321 4438 511 4508 τρίτου
544 4437 744 4506 γάμου,
774 4436 850 4489 ἔτι
878 4436 933 4488 δὲ
960 4436 1055 4488 καὶ
1103 4438 1386 4504 τετάρτου,
1428 4425 1540 4484 οἷον
1577 4431 1780 4499 σχίσμα
1808 4443 1899 4494 γε·

322 4529 549 4597 γένηται
576 4527 668 4578 καὶ
696 4526 788 4577 ἐπὶ
822 4525 1058 4588 πολλοῖς,
1089 4523 1162 4586 ὡς
1198 4521 1559 4591 μανθάνομεν,
1591 4520 1739 4572 ἔτεσι
1760 4557 1775 4582 ,
1803 4517 1898 4572 καὶ

2069 3420 2330 3476 Clericus.
2363 3424 2470 3478 Deo
2496 3424 2720 3492 gratias,
2750 3426 2988 3484 domine.
3035 3430 3166 3485 Nam
3193 3435 3328 3490 satis
3358 3451 3422 3492 ea
3451 3454 3571 3505 quas

1998 3527 2027 3565 a
2069 3510 2275 3566 Latinis
2309 3524 2504 3568 novata
2556 3526 2684 3570 sunt
2712 3518 3032 3584 didicimus,
3073 3533 3128 3578 et
3188 3529 3440 3583 novimus
3478 3544 3574 3586 eos

2001 3621 2108 3660 non
2165 3593 2515 3662 solummodo
2562 3612 2864 3666 secundum
2936 3613 3096 3669 fidem
3167 3631 3385 3684 nutare,
3443 3616 3590 3676 cuni

1997 3707 2215 3750 sacrum
2247 3695 2367 3748 lidel
2401 3697 2720 3766 Symbolum
2753 3705 3100 3770 violaverim,
3135 3711 3228 3760 sed
3258 3710 3420 3762 etiam
3454 3710 3566 3764 fer-

2004 3800 2089 3839 me
2109 3787 2408 3842 secunduin
2451 3804 2642 3845 omnes
2692 3801 2897 3848 sanctae
2929 3793 3187 3850 Ecclesia:
3216 3802 3575 3854 consuetudi-

2001 3890 2101 3930 nes
2134 3886 2186 3930 et
2211 3877 2553 3936 traditiones.
2606 3882 2868 3952 Superest
2905 3895 2962 3939 ut
2991 3885 3058 3940 de
3089 3903 3278 3941 eorum
3331 3903 3576 3943 commu-

2006 3968 2170 4022 nione
2219 3969 2584 4040 instruamur,
2621 3983 2674 4028 et
2699 3975 2987 4046 diligenter
3025 3987 3269 4048 ,oportet
3319 3979 3389 4036 de
3431 3983 3576 4041 dicta

2005 4055 2340 4115 adunatione
2372 4062 2682 4130 inquirere.

2078 4143 2355 4219 Pontifex.
2405 4156 2520 4210 Hoc
2576 4173 2730 4223 sane,
2787 4159 2975 4226 frater,
3029 4172 3112 4217 est
3173 4167 3570 4232 necessarium,

2008 4259 2130 4298 cum
2158 4260 2262 4299 non
2293 4247 2462 4301 semel
2494 4249 2772 4316 prioribus
2809 4256 3018 4307 nostris
3052 4254 3195 4309 facta
3223 4260 3297 4310 sit
3325 4257 3575 4328 disjunc-

2010 4333 2120 4402 tio;
2179 4335 2288 4390 scis
2334 4336 2502 4402 enim,
2561 4349 2728 4408 prout
2758 4341 2930 4408 aperit
2967 4342 3107 4398 iiber
3157 4346 3389 4406 unionis,
3435 4363 3576 4418 quo-

2008 4426 2156 4478 niam
2204 4427 2500 4484 occasione
2548 4431 2777 4486 secundi
2823 4443 2875 4488 et
2908 4435 3053 4489 tertii
3085 4435 3168 4490 vel
3198 4437 3366 4492 etiam
3393 4441 3575 4508 quarti

2003 4515 2246 4588 conjugii
2279 4521 2553 4588 quoddam
2583 4523 2820 4579 schisma
2846 4539 2942 4594 per
2971 4527 3189 4593 multos,
3211 4537 3270 4581 ut
3289 4527 3575 4598 discimus,

323 4621 455 4689 περὶ
481 4618 812 4687 ζητημάτων
844 4617 900 4670 δέ
931 4633 1089 4668 τινων
1120 4614 1294 4670 ἄλλων
1330 4611 1544 4683 μικρῶν
1595 4611 1891 4665 δοκούντων

2005 4625 2182 4666 annos
2211 4622 2397 4668 ortum
2422 4623 2532 4679 est,
2563 4625 2617 4668 et
2645 4615 2789 4670 circa
2818 4614 2956 4672 alias
2985 4619 3254 4686 quasdam
3312 4624 3571 4691 quastiov

326 4710 496 4772 πολὺς
531 4709 690 4777 ζῆλος
720 4709 964 4776 ἐγεγόνει
997 4707 1178 4761 τινῶν.
1223 4706 1286 4758 Εί
1315 4701 1408 4758 οὖν
1433 4704 1562 4772 περὶ
1611 4703 1708 4774 τῆς
1755 4698 1896 4757 κατά

324 4803 425 4872 τὴν
466 4801 744 4855 πολιτείαν
768 4799 876 4853 τῶν
908 4796 1146 4851 εύσεόῶν
1182 4796 1338 4867 ήμῶν
1381 4793 1636 4861 εὐταξίας
1667 4793 1831 4855 πολὺς
1870 4795 1898 4844 ό

324 4895 486 4962 λόγος
521 4893 779 4955 πολλάκις
819 4893 1063 4961 γέγονεν,
1097 4889 1179 4942 ὅτι
1213 4889 1306 4942 καὶ
1341 4887 1454 4959 βίος
1493 4886 1625 4958 παρ’
1663 4887 1795 4956 ἡμῖν
1824 4885 1899 4947 ὡς

324 4988 424 5045 καὶ
455 4988 488 5056 ἡ
522 4986 703 5048 πίστις
730 4987 1094 5055 κηρύττεται,υ
1140 4981 1320 5050 πολλῷ
1372 4981 1436 5050 δὴ
1494 4968 1697 5049 μᾶλλον
1743 4977 1900 5032 ἔσται

327 5079 573 5150 περὶτῆς
594 5077 852 5140 πίστεως.

400 5258 716 5326 Κληρικός.
746 5257 997 5329 Οὓτωςὴ
1040 5256 1268 5324 ἀλήθεια
1319 5255 1454 5326 ἔχει,
1503 5255 1702 5326 Πάτερ.
1755 5254 1900 5325 Πλὴν

325 5349 411 5409 ἔτι
441 5348 693 5416 δεόμεθα,
724 5350 936 5415 δίδαξον
963 5351 1109 5420 ἡμᾶς
1127 5352 1174 5400 εί
1199 5348 1406 5418 ἀνεφύη
1431 5349 1524 5401 καὶ
1550 5348 1677 5403 ἄλλο
1692 5366 1742 5400 τι
1761 5347 1902 5400 κατὰ

329 5443 430 5510 τῆς
473 5441 755 5510 ὁρθοδόξου
802 5441 1045 5510 ζιζάνιον
1082 5441 1312 5504 πίστεως
1374 5440 1516 5512 μετά
1569 5439 1725 5496 τοῦτο
1755 5440 1818 5511 δὴ
1843 5438 1903 5492 τὸ

329 5537 595 5590 Λατίνων.

2006 4718 2101 4757 nes
2129 4719 2250 4772 qum
2277 4695 2425 4759 leves
2464 4705 2734 4769 videntur,
2762 4708 3009 4763 nonnulli
3034 4725 3288 4781 magnqu
3313 4728 3574 4783 exprom-

2005 4809 2160 4864 psere
2184 4796 2448 4850 studium.
2496 4795 2668 4866 igitur
2704 4798 2751 4851 si
2779 4812 3003 4869 propter
3034 4801 3379 4874 disciplinam
3403 4807 3576 4874 piam-

2006 4901 2114 4955 que
2144 4891 2621 4942 conversationem
2664 4899 2906 4945 nostram
2958 4892 3127 4947 multa
3188 4897 3391 4965 pluries
3447 4897 3571 4952 data

2008 4987 2094 5032 est
2116 4993 2305 5047 opera.
2335 4980 2594 5048 quoniam
2624 4982 2825 5050 agendi
2857 4985 3044 5053 regula
3071 4984 3214 5040 sicut
3237 4993 3291 5040 et
3319 4987 3576 5041 credendi

2007 5068 2150 5138 apud
2181 5084 2280 5123 nos
2311 5069 2660 5138 praedicatur,
2691 5086 2898 5142 quanto
2927 5077 3101 5146 magis
3123 5076 3189 5129 de
3240 5075 3344 5130 (ide
3378 5089 3578 5130 curan-

2010 5160 2135 5214 dum
2168 5169 2275 5214 est.

2080 5249 2334 5308 Clericus.
2393 5253 2495 5321 Ita,
2553 5255 2757 5323 Pater,
2789 5273 2910 5312 sese
2975 5256 3138 5310 habet
3192 5255 3411 5309 veritas.
3471 5252 3576 5310 Sed

2011 5346 2189 5402 adhuc
2247 5347 2626 5417 deprecamur,
2659 5350 2793 5404 doce
2820 5363 2918 5402 nos
2951 5363 3017 5400 an
3066 5354 3188 5416 post
3228 5346 3492 5402 zizaniam
3546 5364 3576 5402 a

2010 5438 2217 5496 Latinis
2243 5442 2563 5496 seminatam
2593 5441 2698 5496 alia
2717 5443 2878 5496 etiam
2901 5448 3089 5495 contra
3116 5439 3386 5498 sinceram
3412 5456 3577 5497 sanc-

2011 5541 2231 5603 tamque
2291 5530 2453 5588 fidem
2510 5531 2768 5588 creverit.
