4050 6266
497 335 603 405 143

1059 449 1287 507 CAPUT
1315 450 1482 505 XXX.

494 565 696 621 Contra
730 565 1077 620 Barlaamum
1108 575 1158 620 et
1183 566 1518 635 Acindynum
1551 566 1844 635 horumque
1868 564 2073 618 similes

568 636 804 690 divinam
828 645 1189 691 sacrosancti?
1215 634 1493 691 Trinitatis
1540 635 1773 705 gratiam
1800 634 1961 705 impie
1992 649 2075 687 re-

565 707 886 771 probantes.)

567 818 838 886 Pontifex.
870 817 1068 882 Etiam,
1099 816 1292 886 frater,
1324 816 1490 872 variae
1518 824 1652 871 orta:
1678 822 1806 870 sunt
1838 813 2073 869 haereses

492 925 617 987 qua:
648 911 796 965 velut
825 910 953 964 mali
980 909 1248 964 carbones
1271 923 1394 964 rore
1414 908 1610 963 divinae
1639 906 1825 978 gratia:
1850 904 2075 961 fuerunt

495 1002 798 1061 exstinctae.
828 1000 1094 1056 Ultimum
1117 1016 1244 1056 vero
1270 1000 1581 1055 incendium
1610 997 1948 1054 idololatrica
1964 995 2069 1050 Na.

494 1094 914 1149 buchodonosor
933 1091 1154 1147 fornace
1174 1091 1490 1147 damnosius
1509 1091 1579 1146 ab
1607 1089 1789 1159 impiis
1820 1088 2069 1142 Barlaam

484 1193 550 1238 et
578 1183 864 1253 Acindyno
894 1182 997 1237 fuit
1018 1180 1335 1247 conﬂatum,
1367 1182 1481 1252 qui,
1513 1181 1640 1235 dum
1674 1194 1825 1235 more
1850 1179 2071 1233 Graeco-

498 1290 617 1329 rum
666 1275 742 1346 (t)
794 1276 1175 1345 opinarentur,
1226 1290 1414 1330 eorum
1456 1288 1673 1328 errores
1704 1272 2071 1327 exsuscitave-

498 1377 649 1431 runt,
700 1375 757 1421 et
800 1367 993 1421 falsam
1024 1366 1384 1435 sapientiam,
1438 1379 1605 1434 quam
1662 1363 1854 1418 melius
1883 1363 2069 1420 stulti-

498 1459 631 1513 tiam
664 1458 1041 1527 appellaveris,
1066 1464 1486 1512 renovaverunt.

569 1546 835 1602 Clericus.
893 1547 969 1601 De
1010 1548 1113 1600 hac
1151 1547 1372 1613 haeresi,
1425 1547 1668 1615 domine,
1708 1547 2067 1603 disserentem

495 1638 727 1694 libenter
759 1638 1069 1695 audiemus.
1106 1638 1365 1705 Qtnenatn
1409 1640 1482 1695 sit
1510 1649 1566 1697 et
1604 1640 1884 1710 quomodo
1919 1640 2070 1696 ince-

492 1732 635 1800 perit
669 1729 878 1785 discere
906 1729 1295 1785 desideramus.

569 1821 843 1890 Pontifex.
868 1820 1129 1887 Quaenam
1173 1821 1245 1875 sit
1270 1827 1321 1876 et
1350 1823 1624 1891 quomodo
1659 1820 1937 1891 inceperit,
1970 1834 2069 1877 nos

486 1912 719 1983 quidem
763 1913 945 1966 dicere
984 1927 1090 1965 non
1127 1917 1379 1981 oportet;
1436 1925 1593 1965 sacra
1634 1925 1762 1965 vero
1791 1910 2068 1964 annalium

501 2011 854 2058 monumenta
912 2000 1005 2072 qui
1068 2001 1245 2070 legere
1305 2001 1540 2056 voluerit
1604 2016 1726 2071 quae
1766 2001 2066 2056 orthodoxa

498 2095 700 2151 Christi
740 2094 915 2149 erexit
978 2092 1251 2158 Ecclesia;
1287 2092 1469 2146 omnia
1507 2106 1732 2162 prorsus
1789 2100 2067 2163 agnoscet,

494 2189 737 2259 primum
787 2186 1009 2257 quidem
1069 2186 1162 2239 illa
1223 2200 1345 2254 qua:
1383 2194 1576 2239 contra
1632 2184 1860 2254 impium
1916 2184 2066 2238 illum

501 2280 743 2332 Barlaam
775 2278 1066 2333 Calabrum
1108 2285 1307 2331 statuta
1349 2286 1510 2344 sunt;
1550 2276 1747 2331 deinde
1778 2290 1908 2330 vero
1949 2290 2069 2344 quae

500 2384 687 2424 contra
730 2368 1088 2439 periclitatum
1133 2368 1186 2421 in
1227 2369 1412 2422 eadem
1465 2382 1530 2421 ac
1556 2367 1804 2421 Barlaam
1839 2367 2067 2420 materia

498 2463 760 2530 valdeque
799 2460 1167 2530 periculosum
1222 2458 1608 2529 Acindynum;
1677 2459 1836 2512 tertio
1888 2469 2067 2512 autem

493 2568 619 2621 qua:
659 2559 852 2605 contra
917 2549 1137 2603 tertium
1191 2557 1244 2602 et
1280 2548 1487 2618 pluries
1545 2548 1826 2618 (quoniam
1867 2550 2070 2617 pluries

496 2659 594 2714 per
631 2658 754 2697 eum
795 2640 1044 2709 aliosque
1082 2639 1289 2695 similes
1325 2640 1504 2695 varios
1534 2639 1928 2695 haeresiarchas
1981 2650 2068 2695 tu-

500 2734 703 2788 multus
744 2748 903 2801 passa
952 2740 1036 2785 est
1086 2729 1328 2786 Ecclesia
1381 2729 1662 2801 Christi),
1706 2730 1930 2799 pluries,
1990 2731 2065 2785 ins

498 2837 686 2892 quam,
713 2810 990 2888 nimisque
1019 2820 1317 2875 secundum
1338 2820 1577 2873 animam
1608 2830 1917 2875 emortuum
1947 2836 2072 2877 nec-

494 2928 607 2966 non
666 2910 963 2981 impietatis
1021 2910 1259 2980 pondere
1297 2911 1557 2980 gravique
1591 2926 1788 2967 somno
1839 2926 2069 2982 oppres-

498 3017 617 3056 sum
651 3000 949 3071 Gregoratn
992 3010 1250 3070 apparata
1308 3011 1471 3069 sunt;
1523 3000 1612 3056 hic
1672 3013 1865 3058 noscet
1903 3017 2066 3072 quam

1364 334 1736 397 SYMEUNiS
1763 334 2507 399 THESSALONICENSIS
2540 337 2889 400 AtiCHlE'r‘.

2098 455 2147 510 Α

3650 329 3749 391 144

2774 449 3025 508 ΚΕΦΔΔ.
3083 447 3165 504 A'.

2175 563 2337 617 Κατὰ
2366 564 2651 631 Βαρλαὰμ
2688 562 2787 616 καί
2834 561 3212 628 Ἀκινδύνου,
3263 559 3362 615 καί
3387 557 3750 629 tereth

2244 633 2469 701 αὐτοῖς.
2495 631 2605 700 τῆς
2624 634 2797 700 ἁγίας
2819 633 3056 700 Τριὰδος
3074 632 3190 701 τὴν
3209 632 3377 688 θείαν
3394 631 3573 701 χάριν
3602 631 3751 685 δυσ-

2245 700 2438 767 σεϐῶς
2478 704 2872 757 ἁθετούντων.

2256 815 2615 883 Ἀρχιερέὐς,
2648 815 2775 881 Ναὶ,
2829 814 3046 887 ἀδελφέ,
3083 816 3179 870 καὶ
3207 814 3464 885 διάφορα,
3494 814 3625 883 περὶ
3671 807 3749 866 ὧν

2171 906 2230 959 οὗ
2266 907 2372 977 χρὴ
2393 907 2593 977 λέγειν,
2629 906 3109 961 κατασϐεσθέντων
3143 905 3220 969 ὡς
3251 904 3506 976 πονηρῶν
3542 903 3751 974 ἀνθρά-

2174 1014 2285 1050 κων
2317 996 2393 1067 τῷ
2410 997 2503 1051 τοῦ
2528 998 2666 1057 Θεοῦ
2682 999 2783 1066 τῆς
2806 999 3026 1068 χάριτος
3057 996 3217 1068 ὐετῷ.
3249 995 3551 1050 Τελευταία
3582 995 3638 1048 δέ
3663 1012 3751 1058 τις

2173 1089 2438 1158 πυρκαϊὰ,
2466 1091 2563 1143 καὶ
2597 1091 2695 1160 τῆς
2720 1090 3005 1160 εἰδωλικῆς
3034 1089 3252 1159 ἐκείνης
3278 1089 3373 1142 τοῦ
3402 1088 3747 1158 Ναϐουχοδοο

2171 1181 2328 1248 νόσορ
2375 1181 2605 1251 καμίνου
2641 1181 3024 1252 χαλεπωτέρα,
3054 1183 3088 1252 ἡ
3115 1180 3209 1234 τοῦ
3258 1180 3526 1251 Βαρλαάμ
3553 1196 3611 1233 τε
3644 1180 3741 1232 καὶ

2169 1270 2479 1325 ’Δκινδύνου
2494 1271 2895 1344 δυσσέϐειαλὼς
2913 1274 3255 1344 ὲλληνόφρων
3271 1273 3426 1337 οὖσα,
3442 1276 3536 1326 καὶ
3551 1272 3618 1326 τὰ
3634 1270 3746 1327 τῶν

2183 1365 2452 1434 Ἑλλήνων
2473 1364 2922 1437 ἀναρριπίζουσα,
2943 1367 3038 1419 καὶ
3066 1366 3134 1418 τὰ
3156 1365 3591 1435 τῆςΈλληνικῆς
3610 1365 3745 1417 ἀσό-

2102 1494 2107 1499 η
2170 1474 2272 1526 (pou
2305 1458 2517 1527 σοφίας,
2537 1460 2749 1529 μωρίας
2778 1458 2834 1510 δὲ
2862 1457 3064 1528 μᾶλλον
3095 1458 3291 1520 εἰπεῖν,
3323 1457 3736 1511 ὑπανάπτουσα.

2240 1552 2563 1619 Κληρικόβ
2623 1547 2931 1604 Ἥκουσται
2988 1551 3120 1620 ἡμῖν
3174 1548 3303 1619 περὶ
3361 1548 3583 1618 ταύτης,
3645 1547 3740 1599 δέ·

2172 1660 2367 1697 σποτα.
2398 1643 2495 1706 Τίς
2524 1640 2581 1695 δὲ
2604 1642 2743 1712 αὕτη
2775 1641 2870 1697 καὶ
2893 1641 3040 1703 ὅπως
3085 1639 3312 1710 ἤρξατο,
3371 1637 3741 1709 ἐπιζητοῦμεν

2179 1735 2392 1807 μαθεῖν.

2242 1824 2603 1895 Ἀρχιερεύς.
2634 1823 2732 1887 Τίς
2769 1822 2868 1894 μὲν
2920 1820 3081 1889 αῦτη,
3128 1823 3222 1874 καὶ
3263 1821 3384 1875 ὅθεν
3427 1818 3651 1889 ἧρξατο,
3679 1817 3742 1871 οὐ

2170 1918 2277 1989 χρὴ
2307 1917 2489 1985 λέγειν
2518 1917 2663 1987 ἡμᾶς
2684 1933 2699 1948 ο
2749 1916 2863 1979 τοῖς
2895 1915 3059 1986 ἱεροῖς
3107 1913 3165 1967 δὲ
3209 1914 3409 1981 Τόμοις
3442 1911 3688 1982 ἐντυχὼν
3714 1915 3744 1965 ὁ

2168 2005 2282 2077 48
2315 2003 2658 2074 βουλόμενος,
2681 2002 2777 2069 οὓς
2819 2004 2854 2075 η
2882 2004 2978 2055 τοῦ
3008 2001 3246 2074 Χριστοῦ
3285 2003 3566 2073 ὀρθόδοξος
3618 2003 3743 2054 άνε-
3772 2024 3783 2033 ι

2171 2097 2447 2168 στήλωσεν
2489 2095 2807 2166 Ἐκκλησία,
2842 2096 3049 2150 τίσεται
3078 2094 3325 2166 ἀκριϐῶς
3372 2093 3576 2157 πάντα,
3608 2092 3741 2162 πρό-

2168 2205 2329 2258 τερον
2361 2187 2463 2257 μὲν
2514 2187 2594 2256 τῷ
2651 2186 2926 2241 ὲκτεθέντι
2958 2186 3099 2240 κατὰ
3127 2183 3223 2239 τοῦ
3270 2182 3562 2248 δυσσεϐοῦς
3596 2183 3744 2236 ὲκεί-

2171 2297 2264 2334 νου
2299 2278 2563 2349 Βαρλαάμ
2589 2279 2683 2332 τοῦ
2727 2277 3045 2348 Καλαϐροῦ,
3094 2278 3347 2347 δεύτερον
3375 2275 3435 2330 δὲ
3480 2276 3559 2346 τῷ
3603 2274 3744 2329 κατὰ

2169 2373 2265 2425 τοῦ
2298 2369 2740 2430 κινδυνεύσαντος
2797 2369 2856 2420 ὲν
2911 2366 3119 2436 ὁμοίοις
3151 2367 3229 2436 τῷ
3272 2364 3541 2436 Βαρλαὰμ
3573 2365 3744 2418 πολυ-

2169 2461 2419 2514 κινδύνου
2465 2460 2777 2514 ’Δκινδύνου
2800 2475 2814 2489 ·
2849 2460 3020 2530 τρίτῳ
3046 2459 3100 2511 δέ
3135 2474 3201 2527 γε
3239 2458 3381 2512 κατὰ
3420 2455 3516 2510 τοῦ
3557 2456 3743 2526 τρίτον

2170 2556 2266 2607 καὶ
2286 2552 2548 2615 πολλάκις
2581 2551 2726 2621 (ἐπεὶ
2757 2553 2851 2606 καὶ
2882 2551 3140 2615 πολλάκις
3181 2548 3313 2621 παρ’
3361 2548 3526 2604 αὐτοῦ
3554 2565 3615 2602 τε
3647 2546 3742 2601 καὶ

2170 2644 2444 2714 διαφόρων
2473 2643 2648 2697 ἄλλων
2696 2641 3081 2713 αἱρετιζόντων
3108 2641 3311 2710 ὁμοίως
3344 2640 3469 2710 ἔσχε
3516 2639 3615 2701 τὰς
3643 2654 3743 2690 τα-

2174 2737 2345 2808 ραχὰς
2366 2739 2399 2807 ἡ
2428 2732 2722 2806 Ἐκκλησία
2746 2734 3035 2805 Χριστοῦ),
3064 2724 3205 2804 ᾦημὶ
3232 2734 3290 2787 δὲ
3318 2731 3413 2786 τοῦ
3447 2731 3566 2784 λίαν
3591 2747 3742 2784 νενε-

2172 2830 2455 2901 κρωμένου
2486 2828 2587 2899 τὴν
2606 2828 2786 2899 ψυχὴν
2808 2828 2904 2882 καὶ
2930 2828 3085 2898 κάρῳ
3108 2826 3427 2889 δυσσεϐείας
3454 2825 3550 2878 καὶ⁵
3582 2823 3737 2891 ὕπνῳ

2172 2921 2330 2991 βαρεῖ
2353 2920 2720 2990 κατεχομένου
2756 2919 3013 2989 Γρηγορᾶ
3045 2918 3369 2972 συντεθέντι.
3403 2918 3509 2970 Καὶ
3535 2915 3755 2996 γνεῦοεο.

2171 3029 2262 3066 ται
2288 3004 2397 3065 οἷον
2426 3011 2489 3063 τὸ
2512 3011 2612 3078 τῆς
2637 3010 2902 3081 αἱρέσεως
2933 3010 3136 3080 ταύτης
3159 3010 3406 3063 ποικίλον
3447 3025 3507 3063 τε
3528 3008 3625 3062 καὶ
3652 3009 3744 3062 δο-

498 3091 734 3160 diversa,
771 3107 930 3162 quam
972 3092 1181 3158 dolosa,
1220 3107 1383 3163 quam
1426 3093 1589 3147 simul
1625 3093 1790 3162 impia
1829 3102 1884 3148 et
1915 3095 2068 3149 dam-

2174 3104 2347 3175 λερὸν,
2376 3105 2471 3158 καὶ
2523 3105 2640 3171 ἅμα
2671 3103 2731 3157 τὸ
2758 3103 2917 3166 ἄθεον
2967 3102 3060 3157 καὶ
3098 3103 3410 3168 ὲπιϐλαϐὲς,
3469 3104 3562 3155 καὶ
3582 3102 3667 3164 τίς
3713 3102 3742 3154 ὁ

498 3199 633 3240 nosa
669 3184 832 3240 fuerit
871 3185 1094 3239 haeresis
1128 3185 1255 3249 ista,
1300 3184 1424 3253 quis
1457 3182 1617 3237 fuerit
1661 3183 1822 3254 (ejus)
1862 3184 2067 3239 machi-

500 3294 682 3349 nator,
720 3281 942 3349 quinam
979 3293 1044 3332 ex
1084 3291 1146 3331 ea
1203 3275 1472 3331 creverint
1517 3276 1653 3330 rami
1694 3291 1800 3330 non
1856 3276 2069 3330 steriles

503 3383 714 3429 tantum
769 3379 1079 3436 terramque
1134 3365 1805 3436 pietatis-exinanientes,
1865 3364 1960 3419 sed
2018 3373 2071 3419 et.

487 3459 710 3532 spinosi
745 3457 1016 3526 nimisque
1049 3456 1225 3523 asperi
1262 3468 1475 3509 necnon
1500 3452 1713 3508 molesti
1737 3464 1792 3510 et.
1820 3452 2072 3509 Ecclesiae

483 3551 895 3623 splantationem
937 3546 1330 3601 dilacerantes.

1064 3677 1293 3738 CAPUT
1322 3676 1513 3733 XXXI.

574 3776 678 3831 rDe
704 3776 763 3832 S.
801 3775 1051 3846 Gregorio
1083 3772 1533 3828 ﬂressalonicensi
1560 3770 1977 3841 Tltaumaturgo.

532 3933 667 4001 “Qui
692 3941 869 3987 tamen
893 3930 1121 3986 voluerit
1140 3944 1251 3985 rem
1272 3928 1493 3997 planius
1513 3943 1862 4000 cognoscere,
1884 3930 2077 3987 melius

488 4025 676 4080 discet
715 4040 779 4079 ex
815 4024 1034 4091 scriptis
1083 4023 1229 4076 illius
1274 4023 1367 4091 qui
1397 4021 1549 4076 velut
1578 4022 1658 4075 sol
1689 4020 1826 4078 alius
1846 4021 1899 4076 in
1934 4029 2076 4077 terra

504 4115 560 4170 in
589 4115 680 4170 illo
708 4123 949 4183 tempore
977 4122 1131 4168 ortus
1153 4120 1256 4179 est,
1288 4127 1458 4182 capax
1484 4112 1576 4183 qui
1606 4114 1773 4170 verbo
1809 4126 1863 4170 et
1896 4128 2079 4169 exem-

490 4208 594 4280 plo
644 4212 954 4262 *obscuram
1017 4205 1570 4275 impietatismoctem
1616 4204 1849 4276 fugaret.
1876 4204 1977 4262 Iste
1997 4217 2081 4262 est

488 4284 801 4369 Gregorius
848 4296 1285 4368 sapientissimus
1329 4298 1422 4368 qui
1455 4306 1639 4368 postea
1672 4297 2079 4355 Thessalonicae

506 4389 722 4458 praefuit
755 4387 1032 4451 Ecclesiae,
1072 4387 1252 4442 lumen
1284 4401 1539 4455 magnum
1563 4389 1616 4441 in
1640 4385 1849 4441 lucenti
1880 4386 2078 4442 cande-

509 4484 662 4538 labro
696 4480 957 4551 positum,
999 4479 1091 4532 ius
1144 4478 1360 4545 pietatis
1400 4492 1594 4546 magna
1616 4478 1731 4547 jam
1768 4485 1898 4531 ante
1938 4493 2105 4548 pou--

511 4575 773 4630 tiﬁcatum
804 4574 1118 4642 conspicua.
1154 4571 1254 4637 Qui
1279 4586 1306 4623 ιι
1327 4569 1611 4639 iuventute
1635 4570 1745 4624 Deo
1768 4570 2075 4636 adhaerens,

508 4665 682 4735 patria
747 4662 963 4730 quidem
1005 4661 1139 4717 urbe
1184 4661 1369 4730 regina
1397 4658 1604 4723 relicta,
1660 4659 1866 4715 relictis
1912 4660 2077 4714 etiam

510 4768 729 4824 genere,
770 4764 824 4808 et
852 4753 1224 4818 institutione,
1266 4760 1320 4807 et
1349 4751 1615 4820 sapientia
1651 4751 1880 4821 aulaque
1904 4750 2078 4820 impe-

500 4848 738 4910 ratoria,
774 4843 943 4898 Deum
976 4860 1227 4913 quaerens
1257 4845 1310 4896 in
1345 4858 1547 4909 eremo,
1588 4843 1822 4913 primum
1858 4838 2078 4913 quidem

512 4952 684 5009 genus
718 4935 827 4991 Deo
857 4937 1153 4999 devovens,
1186 4935 1495 4991 ohedientia
1531 4945 1712 4990 autem
1736 4935 1967 5006 vitaeque
1998 4937 2081 4990 in-

492 5031 764 5100 tegritate
802 5029 878 5083 ad
912 5027 1386 5096 contemplationis
1420 5029 1626 5098 apicem
1663 5027 1975 5101 pertingens
2026 5039 2080 5084 ct

492 5129 818 5179 intercessu
849 5120 1164 5193 purissimae
1197 5122 1438 5192 Dcipara
1475 5138 1639 5193 quam
1675 5124 1728 5177 in
1776 5128 1947 5178 multa
1991 5124 2077 5178 di-

510 5222 743 5276 lectione
770 5218 1010 5274 habebat
1046 5224 1106 5270 et
1156 5216 1226 5270 ab
1254 5230 1314 5269 ea
1362 5232 1522 5285 quam
1557 5231 1615 5271 ut
1663 5233 1721 5272 se
1752 5217 2083 5272 illuminaret

511 5312 837 5384 precabatur
875 5310 1249 5371 collustratus,
1277 5308 1510 5376 acceptis
1542 5309 1665 5363 inde
1692 5308 1859 5363 futuri
1896 5310 2078 5364 saeculi

512 5404 834 5475 pignoribus
882 5403 934 5456 vi
983 5402 1148 5456 istius
1168 5400 1611 5465 .illuminationis,
1660 5401 1825 5454 modo
1857 5401 2076 5469 quidem

512 5499 669 5567 quasi
698 5496 922 5551 beatum
964 5496 1067 5549 hoc
1104 5508 1300 5547 munus
1349 5499 1588 5545 tentaret
1648 5491 1848 5546 eximie
1890 5494 2079 5561 dispu-

510 5590 680 5653 tabat,
726 5587 888 5641 modo
951 5598 1128 5639 autem
1175 5585 1241 5638 ad
1293 5578 1395 5638 alia
1439 5598 1735 5638 conversus
1785 5598 1891 5637 una
1949 5599 2074 5638 cum

498 5679 711 5762 angelis
783 5681 838 5733 in
897 5693 1131 5748 quorum
1193 5679 1509 5734 societatem
1581 5676 1833 5733 veniebat.
1893 5679 2079 5736 lumen

559 5794 643 5862 (i)
668 5793 721 5847 ld
743 5799 823 5846 est
846 5793 1130 5859 gentilium.

2169 3196 2373 3264 ταύτης
2399 3195 2734 3266 προστάτης,
2767 3196 2859 3249 καὶ
2887 3195 3031 3257 τίνες
3058 3195 3109 3247 oi
3146 3193 3205 3260 ἐξ
3239 3194 3447 3247 ἐκείνου
3484 3194 3740 3262 φυέντες,

2171 3286 2270 3340 οὐκ
2303 3288 2542 3357 ἄκαρποι
2586 3288 2746 3356 μόνον
2779 3287 2877 3338 καὶ
2923 3284 3328 3353 καταργοῦντες
3360 3285 3457 3353 τὴν
3489 3282 3597 3354 γῆν
3641 3284 3741 3352 τῆς

2172 3380 2453 3444 εὐσεϐείας
2485 3379 2732 3449 βλαστοὶ,
2781 3377 2917 3430 ἀλλὰ
2960 3378 3056 3432 καὶ
3115 3375 3444 3438 ἀκανθώδεις
3470 3376 3564 3431 καὶ
3622 3376 3744 3429 λίαν

2170 3472 2415 3543 τραχεῖς,
2450 3467 2895 3541 παραλυποῦντες
2917 3469 3014 3522 καὶ
3029 3467 3365 3530 διασπῶντες
3390 3466 3458 3520 τὰ
3486 3467 3587 3536 τῆς
3619 3467 3744 3521 Ἐκ-

2175 3561 2403 3632 κλησίας
2434 3563 2772 3631 γεννήματα.

2734 3698 2988 3752 ΚΕΦᾹΛ.
3028 3696 3154 3752 AA'.

2176 3788 2316 3856 Περὶ
2373 3787 2482 3841 τοῦ
2527 3789 2686 3857 ἱεροῦ
2730 3791 3063 3856 Γρηγορίιω
3124 3789 3580 3860 Θεσσαλονίκης
3628 3790 3744 3845 τοῦ

2720 3860 3179 3929 Θαυματουργοῦ
3199 3897 3215 3914 .

2257 3945 2318 4000 ’0
2340 3947 2394 4000 δέ
2418 3965 2479 4015 γε
2496 3949 2889 4019 ἀκριϐέστερον
2915 3948 3237 4020 βουλόμενος
3260 3950 3519 4018 ἐκμαθεῖν
3538 3951 3745 4020 γνώσε-

2176 4056 2266 4093 ται
2301 4040 2503 4108 μᾶλλον
2529 4041 2622 4111 ἀφ’
2666 4033 2740 4096 ὧν
2772 4042 2977 4104 ἐκεῖνος
3017 4042 3416 4111 συνεγράψατο,
3445 4042 3505 4107 ὃς
3544 4037 3744 4112 οἷάπερ

2179 4129 2335 4195 ἄλλος
2363 4150 2444 4196 τις
2466 4133 2615 4204 ἥλιος
2640 4136 2706 4204 τῇ
2732 4134 3024 4206 οἱκουμένῃ
3044 4131 3283 4188 άνέτειλε
3312 4135 3388 4204 τῷ
3415 4137 3535 4190 τότε
3562 4137 3739 4207 καιρῷ

2182 4220 2365 4286 ἱκανὸς
2393 4221 2735 4291 ἀποσοϐῆσαι
2767 4220 2912 4291 λόγῳ
2943 4239 3000 4274 τε
3037 4223 3129 4275 καὶ
3162 4222 3240 4292 τῷ
3270 4222 3373 4292 βίῳ
3405 4226 3585 4280 πᾶσαν
3614 4244 3745 4281 σκο-

2180 4314 2444 4382 τόμαιναν
2468 4315 2679 4376 ἁθεῖας.
2708 4314 3004 4385 Γρηγόριος
3033 4308 3188 4377 οὗτος
3210 4313 3275 4385 ἦν
3304 4317 3332 4370 ὁ
3362 4317 3744 4386 σοφώτατος,ὁ

2186 4404 2283 4473 τῆς
2325 4403 2764 4459 Θεσσαλονικέων
2810 4402 3036 4473 ὕστερον
3087 4406 3329 4474 προστὰς
3387 4405 3744 4479 Ἑκκλησίας,

2182 4492 2278 4545 καὶ
2312 4492 2426 4562 φῶς
2457 4493 2601 4564 μέγα
2635 4493 2728 4545 ἐπὶ
2769 4491 3029 4563 λαμπρὰν
3060 4496 3281 4566 λυχνίαν
3319 4496 3517 4565 τεθεὶς,
3542 4501 3747 4569 ’μέγας

2179 4594 2238 4637 τε
2270 4583 2494 4655 φωστὴρ
2515 4582 2798 4647 εὐσεϐείας
2823 4585 2913 4637 καὶ
2941 4585 3045 4656 πρὸ
3079 4586 3179 4655 τῆς
3202 4589 3612 4661 ἀρχιερωσύνης
3640 4591 3745 4645 δει-

2174 4678 2348 4748 χθείς.
2388 4680 2484 4741 Ὃς
2510 4679 2793 4742 ἀνατεθεὶς
2822 4680 2928 4732 ἀπὸ
2953 4680 3203 4749 νεότητος
3232 4681 3312 4750 τῷ
3337 4682 3478 4752 Θεῷ,
3515 4685 3607 4736 καὶ
3645 4686 3748 4756 τὴν

2178 4768 2414 4839 πατρίδα
2447 4768 2545 4838 μὲν
2576 4769 2905 4839 καταλείψας
2929 4771 3029 4840 τὴν
3062 4770 3470 4840 βασιλεύουσαν,
3500 4775 3657 4841 γένος
3686 4794 3745 4829 τε

2182 4861 2274 4913 καὶ
2305 4862 2615 4930 ἀναγωγὴν,
2649 4862 2741 4915 καὶ
2773 4864 2967 4929 σοφίαν
3012 4863 3104 4914 καὶ
3134 4864 3419 4930 βασιλικὰς
3461 4865 3657 4933 αὐλὰς,
3690 4869 3747 4920 ἐν

2182 4950 2413 5020 ἐρήμοις
2436 4966 2496 5002 τε
2530 4949 2769 5020 ζητήσας
2820 4950 2912 5002 τὸν
2940 4947 3166 5020 Κύριον,
3197 4950 3294 5003 καὶ
3343 4952 3404 5003 τὺ
3434 4951 3590 5022 γένος
3645 4953 3747 5023 μὲν

2183 5042 2445 5112 πρότερον
2473 5042 2783 5111 ἀφιερώσας
2820 5041 2958 5110 Θεῷ,
3002 5040 3069 5094 δι’
3101 5040 3381 5112 ὑποταγῆς
3426 5043 3481 5095 δὲ
3514 5044 3609 5096 καλ⁴
3643 5061 3746 5099 κα-

2183 5135 2430 5203 θάρσεως
2458 5133 2574 5204 βίου
2605 5134 2740 5203 πρὸς
2772 5134 3001 5204 θεωρίας
3034 5134 3167 5204 ὕψος
3198 5134 3496 5203 ἐληλακὼς,
3529 5138 3624 5191 καὶ¹
3654 5154 3749 5209 με·

2185 5228 2360 5299 σιτείᾳ
2405 5228 2504 5296 τῆς
2538 5228 2818 5295 Πανάγνου
2867 5228 2962 5281 καὶ
3005 5220 3350 5298 Θεομήτορος
3379 5229 3512 5296 πρὸς
3541 5228 3608 5300 ἢν
3655 5230 3747 5283 τὸν

2185 5320 2351 5374 πολὺν
2383 5319 2506 5389 ἔσχε
2540 5319 2726 5381 πόθον,
2760 5322 2852 5372 καὶ
2895 5319 3026 5386 παρ’
3078 5315 3146 5391 ἦς
3198 5318 3370 5391 ἐξῄτει
3412 5322 3748 5390 φωτισθῆνκι

2185 5410 2608 5479 καταυγασθεὶς,
2667 5414 2761 5463 καὶ
2802 5412 2928 5473 τοὺς
2958 5410 3286 5480 ἀρραϐῶνας
3329 5408 3423 5462 τοῦ
3461 5410 3749 5480 μέλλοντος

2184 5502 2379 5562 αίῶνος
2416 5498 2665 5553 ἐντεῦθεν
2697 5499 3008 5564 ἀπολαϐὼν,
3041 5502 3181 5570 ὑπὲρ
3232 5495 3294 5554 οῦ
3343 5500 3408 5570 δὴ
3442 5505 3747 5573 φωτισμοῦ,

2186 5594 2281 5649 καὶ
2314 5593 2549 5646 ἐνταῦθα
2577 5593 2675 5662 μὲν
2707 5592 2781 5657 ὼς
2809 5596 3005 5663 πεῖραν
3029 5592 3170 5663 ἔχων
3190 5590 3284 5645 τοῦ
3309 5596 3579 5663 μακαρίου
3607 5596 3752 5649 ὲκεί-

2186 5703 2281 5741 νου
2315 5685 2544 5751 πάθους,
2574 5686 2842 5756 λαμπρῶς
2887 5687 3215 5757 ἠγωνίσατο,
3264 5685 3442 5740 ἐκεῖσε
3483 5686 3542 5741 δὲ
3572 5702 3746 5758 μετα-
