  <div class='ocr_page' id='page_1' title='image "/cluster/home/n/w/nwhite01/storage/ocr_20150623/155/mdp.39015022213998/080.png"; bbox 0 0 4050 6266; ppageno 0'>
   <div class='ocr_carea' id='block_1_1' title="bbox 277 389 378 456">
    <p class='ocr_par' dir='ltr' id='par_1_1' title="bbox 277 389 378 456">
     <span class='ocr_line' id='line_1_1' title="bbox 277 389 378 456; baseline 0 -1"><span class='ocrx_word' id='word_1_1' title='bbox 277 389 378 456; x_wconf 77' lang='lat' dir='ltr'><strong>H5</strong></span> 
     </span>
    </p>
   </div>
   <div class='ocr_carea' id='block_1_2' title="bbox 1288 400 2437 471">
    <p class='ocr_par' dir='ltr' id='par_1_2' title="bbox 1288 400 2437 471">
     <span class='ocr_line' id='line_1_2' title="bbox 1288 400 2437 471; baseline 0.006 -7"><span class='ocrx_word' id='word_1_2' title='bbox 1288 400 1669 465; x_wconf 84' lang='lat' dir='ltr'><strong>DIALOGUS</strong></span> <span class='ocrx_word' id='word_1_3' title='bbox 1709 402 2007 464; x_wconf 79' lang='lat' dir='ltr'><strong>CONTRA</strong></span> <span class='ocrx_word' id='word_1_4' title='bbox 2050 406 2437 471; x_wconf 57' lang='lat' dir='ltr'><strong>HERESES.</strong></span> 
     </span>
    </p>
   </div>
   <div class='ocr_carea' id='block_1_3' title="bbox 3418 406 3552 471">
    <p class='ocr_par' dir='ltr' id='par_1_3' title="bbox 3418 406 3552 471">
     <span class='ocr_line' id='line_1_3' title="bbox 3418 406 3552 471; baseline -0.03 0"><span class='ocrx_word' id='word_1_5' title='bbox 3418 406 3552 471; x_wconf 69' lang='lat'><strong>1467</strong></span> 
     </span>
    </p>
   </div>
   <div class='ocr_carea' id='block_1_4' title="bbox 275 510 1850 598">
    <p class='ocr_par' dir='ltr' id='par_1_4' title="bbox 275 510 1834 591">
     <span class='ocr_line' id='line_1_4' title="bbox 275 510 1834 591; baseline 0.017 -32"><span class='ocrx_word' id='word_1_6' title='bbox 275 512 429 575; x_wconf 66' lang='grc' dir='ltr'>στὰς,</span> <span class='ocrx_word' id='word_1_7' title='bbox 455 510 838 584; x_wconf 82' lang='grc' dir='ltr'>καθαρώτερον</span> <span class='ocrx_word' id='word_1_8' title='bbox 876 515 1092 586; x_wconf 80' lang='grc' dir='ltr'>μετέχει</span> <span class='ocrx_word' id='word_1_9' title='bbox 1140 519 1238 573; x_wconf 81' lang='grc' dir='ltr'>σὺν</span> <span class='ocrx_word' id='word_1_10' title='bbox 1287 524 1397 583; x_wconf 84' lang='grc' dir='ltr'>τοῖς</span> <span class='ocrx_word' id='word_1_11' title='bbox 1433 520 1685 590; x_wconf 68' lang='grc' dir='ltr'>ἀγγέλοις</span> <span class='ocrx_word' id='word_1_12' title='bbox 1735 525 1834 591; x_wconf 71' lang='grc' dir='ltr'>τῆς</span> 
     </span>
    </p>
   </div>
   <div class='ocr_carea' id='block_1_5' title="bbox 1950 510 3512 598">
    <p class='ocr_par' dir='ltr' id='par_1_5' title="bbox 1950 523 3512 598">
     <span class='ocr_line' id='line_1_5' title="bbox 1950 523 3512 598; baseline 0.003 -25"><span class='ocrx_word' id='word_1_13' title='bbox 1950 523 2243 577; x_wconf 76' lang='lat' dir='ltr'><strong>immortale</strong></span> <span class='ocrx_word' id='word_1_14' title='bbox 2286 534 2341 580; x_wconf 89' lang='lat' dir='ltr'><strong>ct</strong></span> <span class='ocrx_word' id='word_1_15' title='bbox 2408 540 2689 597; x_wconf 81' lang='lat' dir='ltr'><strong>nunquam</strong></span> <span class='ocrx_word' id='word_1_16' title='bbox 2788 528 3047 585; x_wconf 82' lang='lat' dir='ltr'><strong>deﬁciens</strong></span> <span class='ocrx_word' id='word_1_17' title='bbox 3133 526 3512 598; x_wconf 65' lang='lat' dir='ltr'><strong>participabat.</strong></span> 
     </span>
    </p>
   </div>
   <div class='ocr_carea' id='block_1_6' title="bbox 273 603 1841 685">
    <p class='ocr_par' dir='ltr' id='par_1_6' title="bbox 273 603 1841 685">
     <span class='ocr_line' id='line_1_6' title="bbox 273 603 1841 685; baseline 0.011 -30"><span class='ocrx_word' id='word_1_18' title='bbox 273 603 547 657; x_wconf 78' lang='grc' dir='ltr'><strong>ἀθανάτου</strong></span> <span class='ocrx_word' id='word_1_19' title='bbox 578 606 853 660; x_wconf 85' lang='grc' dir='ltr'>κοινωνῶν</span> <span class='ocrx_word' id='word_1_20' title='bbox 881 608 1064 672; x_wconf 76' lang='grc' dir='ltr'>αὐτοῖς</span> <span class='ocrx_word' id='word_1_21' title='bbox 1094 612 1189 664; x_wconf 76' lang='grc' dir='ltr'><strong>καὶ</strong></span> <span class='ocrx_word' id='word_1_22' title='bbox 1216 612 1290 682; x_wconf 81' lang='grc' dir='ltr'>μὴ</span> <span class='ocrx_word' id='word_1_23' title='bbox 1319 613 1633 684; x_wconf 84' lang='grc' dir='ltr'>παυομένης</span> <span class='ocrx_word' id='word_1_24' title='bbox 1664 635 1841 685; x_wconf 84' lang='grc' dir='ltr'>φωτο-</span> 
     </span>
    </p>
   </div>
   <div class='ocr_carea' id='block_1_7' title="bbox 270 690 1840 774">
    <p class='ocr_par' dir='ltr' id='par_1_7' title="bbox 270 690 1840 774">
     <span class='ocr_line' id='line_1_7' title="bbox 270 690 1840 774; baseline 0.01 -30"><span class='ocrx_word' id='word_1_25' title='bbox 270 694 490 759; x_wconf 76' lang='grc' dir='ltr'>χυσίας.</span> <span class='ocrx_word' id='word_1_26' title='bbox 529 690 697 758; x_wconf 71' lang='grc' dir='ltr'>Οὗτος</span> <span class='ocrx_word' id='word_1_27' title='bbox 726 692 844 763; x_wconf 80' lang='grc' dir='ltr'>οὖν,</span> <span class='ocrx_word' id='word_1_28' title='bbox 876 697 1044 764; x_wconf 80' lang='grc' dir='ltr'>ἀξίως</span> <span class='ocrx_word' id='word_1_29' title='bbox 1066 696 1232 755; x_wconf 71' lang='grc' dir='ltr'>αὐτοῦ</span> <span class='ocrx_word' id='word_1_30' title='bbox 1260 703 1360 770; x_wconf 78' lang='grc' dir='ltr'>τῆς</span> <span class='ocrx_word' id='word_1_31' title='bbox 1385 701 1618 774; x_wconf 75' lang='grc' dir='ltr'><strong>θεωρίας</strong></span> <span class='ocrx_word' id='word_1_32' title='bbox 1646 723 1705 759; x_wconf 92' lang='grc' dir='ltr'>τε</span> <span class='ocrx_word' id='word_1_33' title='bbox 1749 708 1840 760; x_wconf 77' lang='grc' dir='ltr'>καὶ</span> 
     </span>
    </p>
   </div>
   <div class='ocr_carea' id='block_1_8' title="bbox 268 781 1842 861">
    <p class='ocr_par' dir='ltr' id='par_1_8' title="bbox 268 781 1842 861">
     <span class='ocr_line' id='line_1_8' title="bbox 268 781 1842 861; baseline 0.01 -27"><span class='ocrx_word' id='word_1_34' title='bbox 268 781 658 854; x_wconf 77' lang='grc' dir='ltr'><strong>λαμπρότητος</strong></span> <span class='ocrx_word' id='word_1_35' title='bbox 678 787 773 839; x_wconf 79' lang='grc' dir='ltr'>καὶ</span> <span class='ocrx_word' id='word_1_36' title='bbox 802 786 941 855; x_wconf 73' lang='grc' dir='ltr'>ἔγνω</span> <span class='ocrx_word' id='word_1_37' title='bbox 966 790 1061 842; x_wconf 76' lang='grc' dir='ltr'>καὶ</span> <span class='ocrx_word' id='word_1_38' title='bbox 1086 790 1482 861; x_wconf 79' lang='grc' dir='ltr'>συνεγράψατο·</span> <span class='ocrx_word' id='word_1_39' title='bbox 1516 796 1611 847; x_wconf 74' lang='grc' dir='ltr'>καὶ</span> <span class='ocrx_word' id='word_1_40' title='bbox 1636 795 1700 849; x_wconf 78' lang='grc' dir='ltr'>ὲκ</span> <span class='ocrx_word' id='word_1_41' title='bbox 1732 796 1842 851; x_wconf 84' lang='grc' dir='ltr'>τῶν</span> 
     </span>
    </p>
   </div>
   <div class='ocr_carea' id='block_1_9' title="bbox 266 874 1844 958">
    <p class='ocr_par' dir='ltr' id='par_1_9' title="bbox 266 874 1844 958">
     <span class='ocr_line' id='line_1_9' title="bbox 266 874 1844 958; baseline 0.01 -31"><span class='ocrx_word' id='word_1_42' title='bbox 266 874 420 946; x_wconf 84' lang='grc' dir='ltr'><strong>αύτῷ</strong></span> <span class='ocrx_word' id='word_1_43' title='bbox 451 877 634 939; x_wconf 87' lang='grc' dir='ltr'>καλῶς</span> <span class='ocrx_word' id='word_1_44' title='bbox 663 877 786 932; x_wconf 90' lang='grc' dir='ltr'>λίαν</span> <span class='ocrx_word' id='word_1_45' title='bbox 815 884 1210 950; x_wconf 82' lang='grc' dir='ltr'><strong>πεπονημένων</strong></span> <span class='ocrx_word' id='word_1_46' title='bbox 1239 884 1509 951; x_wconf 80' lang='grc' dir='ltr'>γνώσεται</span> <span class='ocrx_word' id='word_1_47' title='bbox 1553 889 1661 951; x_wconf 79' lang='grc' dir='ltr'><strong>πᾶς</strong></span> <span class='ocrx_word' id='word_1_48' title='bbox 1691 890 1719 942; x_wconf 86' lang='grc' dir='ltr'><strong>ό</strong></span> <span class='ocrx_word' id='word_1_49' title='bbox 1746 888 1844 958; x_wconf 79' lang='grc' dir='ltr'><strong>ζη-</strong></span> 
     </span>
    </p>
   </div>
   <div class='ocr_carea' id='block_1_10' title="bbox 266 967 1842 1052">
    <p class='ocr_par' dir='ltr' id='par_1_10' title="bbox 266 967 1842 1052">
     <span class='ocr_line' id='line_1_10' title="bbox 266 967 1842 1052; baseline 0.009 -33"><span class='ocrx_word' id='word_1_50' title='bbox 266 967 398 1022; x_wconf 82' lang='grc' dir='ltr'>τῶν.</span> <span class='ocrx_word' id='word_1_51' title='bbox 433 969 558 1021; x_wconf 81' lang='grc' dir='ltr'>Ἔτι</span> <span class='ocrx_word' id='word_1_52' title='bbox 588 970 646 1024; x_wconf 83' lang='grc' dir='ltr'>δὲ</span> <span class='ocrx_word' id='word_1_53' title='bbox 692 971 788 1024; x_wconf 76' lang='grc' dir='ltr'><strong>καὶ</strong></span> <span class='ocrx_word' id='word_1_54' title='bbox 843 972 993 1041; x_wconf 82' lang='grc' dir='ltr'><strong>παρά</strong></span> <span class='ocrx_word' id='word_1_55' title='bbox 1025 973 1132 1025; x_wconf 84' lang='grc' dir='ltr'>τῶν</span> <span class='ocrx_word' id='word_1_56' title='bbox 1192 978 1663 1047; x_wconf 85' lang='grc' dir='ltr'>συμπονησάντων</span> <span class='ocrx_word' id='word_1_57' title='bbox 1691 981 1842 1052; x_wconf 82' lang='grc' dir='ltr'>αὐτῷ</span> 
     </span>
    </p>
   </div>
   <div class='ocr_carea' id='block_1_11' title="bbox 267 1060 1845 1141">
    <p class='ocr_par' dir='ltr' id='par_1_11' title="bbox 267 1060 1845 1141">
     <span class='ocr_line' id='line_1_11' title="bbox 267 1060 1845 1141; baseline 0.008 -28"><span class='ocrx_word' id='word_1_58' title='bbox 267 1060 544 1114; x_wconf 74' lang='grc' dir='ltr'><strong>πλείστων</strong></span> <span class='ocrx_word' id='word_1_59' title='bbox 578 1062 679 1131; x_wconf 77' lang='grc' dir='ltr'>μὲν</span> <span class='ocrx_word' id='word_1_60' title='bbox 710 1066 806 1117; x_wconf 73' lang='grc' dir='ltr'><strong>καὶ</strong></span> <span class='ocrx_word' id='word_1_61' title='bbox 839 1064 1035 1131; x_wconf 79' lang='grc' dir='ltr'>ἄλλων,</span> <span class='ocrx_word' id='word_1_62' title='bbox 1066 1067 1358 1135; x_wconf 76' lang='grc' dir='ltr'><strong>ἐξαιρέτως</strong></span> <span class='ocrx_word' id='word_1_63' title='bbox 1387 1069 1444 1122; x_wconf 78' lang='grc' dir='ltr'>δὲ</span> <span class='ocrx_word' id='word_1_64' title='bbox 1479 1069 1575 1124; x_wconf 81' lang='grc' dir='ltr'><strong>τοῦ</strong></span> <span class='ocrx_word' id='word_1_65' title='bbox 1614 1073 1845 1141; x_wconf 84' lang='grc' dir='ltr'>πεφιλη-</span> 
     </span>
    </p>
   </div>
   <div class='ocr_carea' id='block_1_12' title="bbox 266 1152 1844 1226">
    <p class='ocr_par' dir='ltr' id='par_1_12' title="bbox 266 1152 1844 1226">
     <span class='ocr_line' id='line_1_12' title="bbox 266 1152 1844 1226; baseline 0.009 -23"><span class='ocrx_word' id='word_1_66' title='bbox 266 1153 436 1221; x_wconf 83' lang='grc' dir='ltr'>μένου</span> <span class='ocrx_word' id='word_1_67' title='bbox 472 1152 592 1224; x_wconf 85' lang='grc' dir='ltr'><strong>Θεῷ</strong></span> <span class='ocrx_word' id='word_1_68' title='bbox 622 1154 895 1222; x_wconf 68' lang='grc' dir='ltr'><strong>⁶Ιιιλοθέου,</strong></span> <span class='ocrx_word' id='word_1_69' title='bbox 945 1156 1040 1210; x_wconf 82' lang='grc' dir='ltr'>τοῦ</span> <span class='ocrx_word' id='word_1_70' title='bbox 1069 1159 1170 1226; x_wconf 87' lang='grc' dir='ltr'>τῆς</span> <span class='ocrx_word' id='word_1_71' title='bbox 1216 1161 1844 1225; x_wconf 85' lang='grc' dir='ltr'>Κωνσταντινουπόλεὼς</span> 
     </span>
    </p>
   </div>
   <div class='ocr_carea' id='block_1_13' title="bbox 265 1243 1842 1327">
    <p class='ocr_par' dir='ltr' id='par_1_13' title="bbox 265 1243 1842 1327">
     <span class='ocr_line' id='line_1_13' title="bbox 265 1243 1842 1327; baseline 0.007 -32"><span class='ocrx_word' id='word_1_72' title='bbox 265 1260 418 1312; x_wconf 77' lang='grc' dir='ltr'>φημι</span> <span class='ocrx_word' id='word_1_73' title='bbox 446 1243 704 1314; x_wconf 84' lang='grc' dir='ltr'>λαμπροῦ</span> <span class='ocrx_word' id='word_1_74' title='bbox 732 1250 1097 1319; x_wconf 83' lang='grc' dir='ltr'><strong>πατριάρχου,</strong></span> <span class='ocrx_word' id='word_1_75' title='bbox 1130 1250 1226 1327; x_wconf 53' lang='grc' dir='ltr'>καὶ.</span> <span class='ocrx_word' id='word_1_76' title='bbox 1264 1251 1360 1304; x_wconf 85' lang='grc' dir='ltr'><strong>τοῦ</strong></span> <span class='ocrx_word' id='word_1_77' title='bbox 1392 1251 1514 1320; x_wconf 86' lang='grc' dir='ltr'>μετ’</span> <span class='ocrx_word' id='word_1_78' title='bbox 1563 1253 1723 1305; x_wconf 74' lang='grc' dir='ltr'>αὑτὸν</span> <span class='ocrx_word' id='word_1_79' title='bbox 1751 1271 1842 1307; x_wconf 87' lang='grc' dir='ltr'>σο-</span> 
     </span>
    </p>
   </div>
   <div class='ocr_carea' id='block_1_14' title="bbox 263 1336 1845 1415">
    <p class='ocr_par' dir='ltr' id='par_1_14' title="bbox 263 1336 1845 1415">
     <span class='ocr_line' id='line_1_14' title="bbox 263 1336 1845 1415; baseline 0.007 -28"><span class='ocrx_word' id='word_1_80' title='bbox 263 1336 518 1403; x_wconf 79' lang='grc' dir='ltr'>φωτάτου</span> <span class='ocrx_word' id='word_1_81' title='bbox 546 1337 764 1402; x_wconf 85' lang='grc' dir='ltr'>Νείλου,</span> <span class='ocrx_word' id='word_1_82' title='bbox 794 1341 896 1408; x_wconf 79' lang='grc' dir='ltr'>τῆς</span> <span class='ocrx_word' id='word_1_83' title='bbox 943 1339 1116 1410; x_wconf 78' lang='grc' dir='ltr'>αὐτῆς</span> <span class='ocrx_word' id='word_1_84' title='bbox 1148 1341 1295 1410; x_wconf 75' lang='grc' dir='ltr'>αὗτῷ</span> <span class='ocrx_word' id='word_1_85' title='bbox 1322 1338 1845 1415; x_wconf 82' lang='grc' dir='ltr'>ἀρχιερᾶτεύσαντος</span> 
     </span>
    </p>
   </div>
   <div class='ocr_carea' id='block_1_15' title="bbox 275 1424 1839 1506">
    <p class='ocr_par' dir='ltr' id='par_1_15' title="bbox 275 1424 1839 1506">
     <span class='ocr_line' id='line_1_15' title="bbox 275 1424 1839 1506; baseline 0.008 -29"><span class='ocrx_word' id='word_1_86' title='bbox 275 1424 632 1496; x_wconf 77' lang='grc' dir='ltr'>Ἑκκλησίας.</span> <span class='ocrx_word' id='word_1_87' title='bbox 665 1429 774 1482; x_wconf 80' lang='grc' dir='ltr'>Καὶ</span> <span class='ocrx_word' id='word_1_88' title='bbox 801 1430 881 1484; x_wconf 78' lang='grc' dir='ltr'><strong>ἔτι</strong></span> <span class='ocrx_word' id='word_1_89' title='bbox 904 1432 1089 1500; x_wconf 82' lang='grc' dir='ltr'>ἑτέρου</span> <span class='ocrx_word' id='word_1_90' title='bbox 1113 1433 1308 1487; x_wconf 79' lang='grc' dir='ltr'><strong>Νείλου</strong></span> <span class='ocrx_word' id='word_1_91' title='bbox 1329 1434 1607 1489; x_wconf 83' lang='grc' dir='ltr'><strong>θειοτάτου</strong></span> <span class='ocrx_word' id='word_1_92' title='bbox 1628 1436 1839 1506; x_wconf 75' lang='grc' dir='ltr'>ἀνδρὸς,</span> 
     </span>
    </p>
   </div>
   <div class='ocr_carea' id='block_1_16' title="bbox 261 1516 1844 1598">
    <p class='ocr_par' dir='ltr' id='par_1_16' title="bbox 261 1516 1844 1598">
     <span class='ocr_line' id='line_1_16' title="bbox 261 1516 1844 1598; baseline 0.008 -28"><span class='ocrx_word' id='word_1_93' title='bbox 261 1516 361 1571; x_wconf 82' lang='grc' dir='ltr'><strong>τοῦ</strong></span> <span class='ocrx_word' id='word_1_94' title='bbox 384 1519 489 1588; x_wconf 83' lang='grc' dir='ltr'>τῆς</span> <span class='ocrx_word' id='word_1_95' title='bbox 520 1520 966 1575; x_wconf 81' lang='grc' dir='ltr'><strong>Θεσσαλονικέων</strong></span> <span class='ocrx_word' id='word_1_96' title='bbox 1008 1525 1109 1594; x_wconf 83' lang='grc' dir='ltr'>τὴν</span> <span class='ocrx_word' id='word_1_97' title='bbox 1142 1527 1434 1597; x_wconf 77' lang='grc' dir='ltr'>προεδρίαν</span> <span class='ocrx_word' id='word_1_98' title='bbox 1471 1528 1571 1596; x_wconf 85' lang='grc' dir='ltr'><strong>μὲν</strong></span> <span class='ocrx_word' id='word_1_99' title='bbox 1626 1530 1844 1598; x_wconf 78' lang='grc' dir='ltr'>είληφόο</span> 
     </span>
    </p>
   </div>
   <div class='ocr_carea' id='block_1_17' title="bbox 262 1610 1843 1685">
    <p class='ocr_par' dir='ltr' id='par_1_17' title="bbox 262 1610 1843 1685">
     <span class='ocr_line' id='line_1_17' title="bbox 262 1610 1843 1685; baseline 0.008 -25"><span class='ocrx_word' id='word_1_100' title='bbox 262 1624 377 1674; x_wconf 86' lang='grc' dir='ltr'>τος,</span> <span class='ocrx_word' id='word_1_101' title='bbox 416 1610 492 1679; x_wconf 81' lang='grc' dir='ltr'>μὴ</span> <span class='ocrx_word' id='word_1_102' title='bbox 528 1611 666 1679; x_wconf 79' lang='grc' dir='ltr'>πρὸς</span> <span class='ocrx_word' id='word_1_103' title='bbox 699 1611 871 1682; x_wconf 81' lang='grc' dir='ltr'>αὐτὴν</span> <span class='ocrx_word' id='word_1_104' title='bbox 898 1612 955 1666; x_wconf 81' lang='grc' dir='ltr'>δὲ</span> <span class='ocrx_word' id='word_1_105' title='bbox 1012 1615 1319 1683; x_wconf 84' lang='grc' dir='ltr'>φθάσαντος</span> <span class='ocrx_word' id='word_1_106' title='bbox 1372 1616 1566 1685; x_wconf 70' lang='grc' dir='ltr'>ἐλθεῖν,</span> <span class='ocrx_word' id='word_1_107' title='bbox 1615 1620 1756 1673; x_wconf 77' lang='grc' dir='ltr'>κατὰ</span> <span class='ocrx_word' id='word_1_108' title='bbox 1787 1620 1843 1673; x_wconf 76' lang='grc' dir='ltr'>δὲ</span> 
     </span>
    </p>
   </div>
   <div class='ocr_carea' id='block_1_18' title="bbox 260 1697 1844 1780">
    <p class='ocr_par' dir='ltr' id='par_1_18' title="bbox 260 1697 1844 1780">
     <span class='ocr_line' id='line_1_18' title="bbox 260 1697 1844 1780; baseline 0.004 -31"><span class='ocrx_word' id='word_1_109' title='bbox 260 1700 365 1766; x_wconf 82' lang='grc' dir='ltr'>τῆς</span> <span class='ocrx_word' id='word_1_110' title='bbox 396 1697 507 1750; x_wconf 86' lang='grc' dir='ltr'>τῶν</span> <span class='ocrx_word' id='word_1_111' title='bbox 539 1699 788 1753; x_wconf 79' lang='grc' dir='ltr'>Λατίνων</span> <span class='ocrx_word' id='word_1_112' title='bbox 838 1705 1198 1774; x_wconf 82' lang='grc' dir='ltr'>καινοτομίας</span> <span class='ocrx_word' id='word_1_113' title='bbox 1251 1706 1484 1777; x_wconf 73' lang='grc' dir='ltr'>λαμπρὰ</span> <span class='ocrx_word' id='word_1_114' title='bbox 1519 1710 1614 1761; x_wconf 82' lang='grc' dir='ltr'>καὶ</span> <span class='ocrx_word' id='word_1_115' title='bbox 1668 1708 1844 1780; x_wconf 80' lang='grc' dir='ltr'><strong>ἀληθῆ</strong></span> 
     </span>
    </p>
   </div>
   <div class='ocr_carea' id='block_1_19' title="bbox 263 1783 1844 1868">
    <p class='ocr_par' dir='ltr' id='par_1_19' title="bbox 263 1783 1844 1868">
     <span class='ocr_line' id='line_1_19' title="bbox 263 1783 1844 1868; baseline 0.012 -33"><span class='ocrx_word' id='word_1_116' title='bbox 263 1783 385 1836; x_wconf 89' lang='grc' dir='ltr'>λίαν</span> <span class='ocrx_word' id='word_1_117' title='bbox 410 1786 508 1838; x_wconf 73' lang='grc' dir='ltr'>καὶ</span> <span class='ocrx_word' id='word_1_118' title='bbox 541 1785 740 1859; x_wconf 76' lang='grc' dir='ltr'>ίσχυρὰ</span> <span class='ocrx_word' id='word_1_119' title='bbox 771 1792 1255 1863; x_wconf 73' lang='grc' dir='ltr'>συγγραψαμένου,</span> <span class='ocrx_word' id='word_1_120' title='bbox 1292 1795 1386 1850; x_wconf 77' lang='grc' dir='ltr'><strong>καὶ</strong></span> <span class='ocrx_word' id='word_1_121' title='bbox 1415 1799 1557 1851; x_wconf 88' lang='grc' dir='ltr'><strong>κατά</strong></span> <span class='ocrx_word' id='word_1_122' title='bbox 1582 1799 1682 1868; x_wconf 86' lang='grc' dir='ltr'><strong>τῆς</strong></span> <span class='ocrx_word' id='word_1_123' title='bbox 1716 1800 1844 1854; x_wconf 73' lang='grc' dir='ltr'>δυσσ</span> 
     </span>
    </p>
   </div>
   <div class='ocr_carea' id='block_1_20' title="bbox 1952 609 3519 689">
    <p class='ocr_par' dir='ltr' id='par_1_20' title="bbox 1952 609 3519 689">
     <span class='ocr_line' id='line_1_20' title="bbox 1952 609 3519 689; baseline 0.004 -25"><span class='ocrx_word' id='word_1_124' title='bbox 1952 609 2050 665; x_wconf 84' lang='lat' dir='ltr'><strong>Hic</strong></span> <span class='ocrx_word' id='word_1_125' title='bbox 2103 627 2232 682; x_wconf 85' lang='lat' dir='ltr'><strong>ergo</strong></span> <span class='ocrx_word' id='word_1_126' title='bbox 2286 615 2444 684; x_wconf 80' lang='lat' dir='ltr'><strong>digne</strong></span> <span class='ocrx_word' id='word_1_127' title='bbox 2502 632 2600 686; x_wconf 89' lang='lat' dir='ltr'><strong>pro</strong></span> <span class='ocrx_word' id='word_1_128' title='bbox 2659 633 2756 674; x_wconf 88' lang='lat' dir='ltr'><strong>sua</strong></span> <span class='ocrx_word' id='word_1_129' title='bbox 2812 618 3269 689; x_wconf 75' lang='lat' dir='ltr'><strong>contemplatione</strong></span> <span class='ocrx_word' id='word_1_130' title='bbox 3293 629 3345 674; x_wconf 89' lang='lat' dir='ltr'><strong>et</strong></span> <span class='ocrx_word' id='word_1_131' title='bbox 3393 618 3519 671; x_wconf 88' lang='lat' dir='ltr'><strong>iliu-</strong></span> 
     </span>
    </p>
   </div>
   <div class='ocr_carea' id='block_1_21' title="bbox 1951 700 3521 778">
    <p class='ocr_par' dir='ltr' id='par_1_21' title="bbox 1951 700 3521 778">
     <span class='ocr_line' id='line_1_21' title="bbox 1951 700 3521 778; baseline 0.004 -22"><span class='ocrx_word' id='word_1_132' title='bbox 1951 700 2218 758; x_wconf 83' lang='lat' dir='ltr'><strong>stratione</strong></span> <span class='ocrx_word' id='word_1_133' title='bbox 2250 706 2591 773; x_wconf 88' lang='lat' dir='ltr'><strong>pereruditus</strong></span> <span class='ocrx_word' id='word_1_134' title='bbox 2637 709 2876 778; x_wconf 84' lang='lat' dir='ltr'><strong>scripsit,</strong></span> <span class='ocrx_word' id='word_1_135' title='bbox 2918 711 3076 778; x_wconf 89' lang='lat' dir='ltr'><strong>cujus</strong></span> <span class='ocrx_word' id='word_1_136' title='bbox 3120 710 3376 777; x_wconf 87' lang='lat' dir='ltr'><strong>operibus</strong></span> <span class='ocrx_word' id='word_1_137' title='bbox 3421 709 3521 763; x_wconf 80' lang='lat' dir='ltr'><strong>ad-</strong></span> 
     </span>
    </p>
   </div>
   <div class='ocr_carea' id='block_1_22' title="bbox 1948 789 3521 868">
    <p class='ocr_par' dir='ltr' id='par_1_22' title="bbox 1948 789 3521 868">
     <span class='ocr_line' id='line_1_22' title="bbox 1948 789 3521 868; baseline 0.006 -26"><span class='ocrx_word' id='word_1_138' title='bbox 1948 789 2169 845; x_wconf 90' lang='lat' dir='ltr'><strong>modum</strong></span> <span class='ocrx_word' id='word_1_139' title='bbox 2190 794 2496 861; x_wconf 86' lang='lat' dir='ltr'><strong>perspicuis</strong></span> <span class='ocrx_word' id='word_1_140' title='bbox 2521 797 2699 853; x_wconf 90' lang='lat' dir='ltr'><strong>omnis</strong></span> <span class='ocrx_word' id='word_1_141' title='bbox 2726 799 2816 868; x_wconf 89' lang='lat' dir='ltr'><strong>qui</strong></span> <span class='ocrx_word' id='word_1_142' title='bbox 2845 799 3365 868; x_wconf 64' lang='lat' dir='ltr'><strong>quaeritcognoscet,</strong></span> <span class='ocrx_word' id='word_1_143' title='bbox 3395 812 3521 852; x_wconf 81' lang='lat' dir='ltr'><strong>nec-</strong></span> 
     </span>
    </p>
   </div>
   <div class='ocr_carea' id='block_1_23' title="bbox 1949 881 3522 956">
    <p class='ocr_par' dir='ltr' id='par_1_23' title="bbox 1949 881 3522 956">
     <span class='ocr_line' id='line_1_23' title="bbox 1949 881 3522 956; baseline 0.006 -24"><span class='ocrx_word' id='word_1_144' title='bbox 1949 892 2055 933; x_wconf 91' lang='lat' dir='ltr'><strong>non</strong></span> <span class='ocrx_word' id='word_1_145' title='bbox 2096 895 2164 934; x_wconf 74' lang='lat' dir='ltr'><strong>ex</strong></span> <span class='ocrx_word' id='word_1_146' title='bbox 2196 881 2382 937; x_wconf 83' lang='lat' dir='ltr'><strong>multis</strong></span> <span class='ocrx_word' id='word_1_147' title='bbox 2412 883 2533 940; x_wconf 90' lang='lat' dir='ltr'><strong>aliis</strong></span> <span class='ocrx_word' id='word_1_148' title='bbox 2555 887 2645 956; x_wconf 90' lang='lat' dir='ltr'><strong>qui</strong></span> <span class='ocrx_word' id='word_1_149' title='bbox 2675 903 2796 941; x_wconf 90' lang='lat' dir='ltr'><strong>cum</strong></span> <span class='ocrx_word' id='word_1_150' title='bbox 2824 904 2890 944; x_wconf 92' lang='lat' dir='ltr'><strong>eo</strong></span> <span class='ocrx_word' id='word_1_151' title='bbox 2941 889 3345 951; x_wconf 87' lang='lat' dir='ltr'><strong>laboraverunt,</strong></span> <span class='ocrx_word' id='word_1_152' title='bbox 3385 903 3522 956; x_wconf 61' lang='lat' dir='ltr'><strong>pras-</strong></span> 
     </span>
    </p>
   </div>
   <div class='ocr_carea' id='block_1_24' title="bbox 1944 969 3519 1046">
    <p class='ocr_par' dir='ltr' id='par_1_24' title="bbox 1944 969 3519 1046">
     <span class='ocr_line' id='line_1_24' title="bbox 1944 969 3519 1046; baseline 0.007 -24"><span class='ocrx_word' id='word_1_153' title='bbox 1944 969 2130 1023; x_wconf 89' lang='lat' dir='ltr'><strong>sertim</strong></span> <span class='ocrx_word' id='word_1_154' title='bbox 2155 985 2282 1025; x_wconf 89' lang='lat' dir='ltr'><strong>vero</strong></span> <span class='ocrx_word' id='word_1_155' title='bbox 2310 986 2373 1026; x_wconf 84' lang='lat' dir='ltr'><strong>ex</strong></span> <span class='ocrx_word' id='word_1_156' title='bbox 2408 977 2664 1044; x_wconf 88' lang='lat' dir='ltr'><strong>operibus</strong></span> <span class='ocrx_word' id='word_1_157' title='bbox 2723 977 2989 1034; x_wconf 84' lang='lat' dir='ltr'><strong>Philotbei</strong></span> <span class='ocrx_word' id='word_1_158' title='bbox 3016 980 3126 1035; x_wconf 89' lang='lat' dir='ltr'><strong>Deo</strong></span> <span class='ocrx_word' id='word_1_159' title='bbox 3155 979 3358 1046; x_wconf 89' lang='lat' dir='ltr'><strong>dilecti,</strong></span> <span class='ocrx_word' id='word_1_160' title='bbox 3387 978 3519 1034; x_wconf 90' lang='lat' dir='ltr'><strong>clari</strong></span> 
     </span>
    </p>
   </div>
   <div class='ocr_carea' id='block_1_25' title="bbox 1944 1061 3517 1140">
    <p class='ocr_par' dir='ltr' id='par_1_25' title="bbox 1944 1061 3517 1140">
     <span class='ocr_line' id='line_1_25' title="bbox 1944 1061 3517 1140; baseline 0.006 -25"><span class='ocrx_word' id='word_1_161' title='bbox 1944 1061 2155 1117; x_wconf 81' lang='lat' dir='ltr'><strong>scilicet</strong></span> <span class='ocrx_word' id='word_1_162' title='bbox 2188 1062 2687 1137; x_wconf 84' lang='lat' dir='ltr'><strong>Constantinopolis</strong></span> <span class='ocrx_word' id='word_1_163' title='bbox 2734 1071 3077 1138; x_wconf 72' lang='lat' dir='ltr'><strong>patriarchm,</strong></span> <span class='ocrx_word' id='word_1_164' title='bbox 3116 1069 3220 1125; x_wconf 84' lang='lat' dir='ltr'><strong>Nili</strong></span> <span class='ocrx_word' id='word_1_165' title='bbox 3248 1079 3369 1140; x_wconf 88' lang='lat' dir='ltr'><strong>post</strong></span> <span class='ocrx_word' id='word_1_166' title='bbox 3391 1085 3517 1125; x_wconf 91' lang='lat' dir='ltr'><strong>eum</strong></span> 
     </span>
    </p>
   </div>
   <div class='ocr_carea' id='block_1_26' title="bbox 1944 1153 3517 1230">
    <p class='ocr_par' dir='ltr' id='par_1_26' title="bbox 1944 1153 3517 1230">
     <span class='ocr_line' id='line_1_26' title="bbox 1944 1153 3517 1230; baseline 0.005 -24"><span class='ocrx_word' id='word_1_167' title='bbox 1944 1153 2336 1221; x_wconf 87' lang='lat' dir='ltr'><strong>sapientissimi</strong></span> <span class='ocrx_word' id='word_1_168' title='bbox 2363 1158 2455 1226; x_wconf 89' lang='lat' dir='ltr'><strong>qui</strong></span> <span class='ocrx_word' id='word_1_169' title='bbox 2480 1160 2726 1213; x_wconf 88' lang='lat' dir='ltr'><strong>eamdem</strong></span> <span class='ocrx_word' id='word_1_170' title='bbox 2763 1161 3004 1230; x_wconf 82' lang='lat' dir='ltr'><strong>pontifex</strong></span> <span class='ocrx_word' id='word_1_171' title='bbox 3030 1163 3167 1216; x_wconf 81' lang='lat' dir='ltr'><strong>rexit</strong></span> <span class='ocrx_word' id='word_1_172' title='bbox 3193 1161 3517 1224; x_wconf 83' lang='lat' dir='ltr'><strong>Ecclesiam,</strong></span> 
     </span>
    </p>
   </div>
   <div class='ocr_carea' id='block_1_27' title="bbox 1944 1243 3516 1321">
    <p class='ocr_par' dir='ltr' id='par_1_27' title="bbox 1944 1243 3516 1321">
     <span class='ocr_line' id='line_1_27' title="bbox 1944 1243 3516 1321; baseline 0.004 -23"><span class='ocrx_word' id='word_1_173' title='bbox 1944 1243 2168 1300; x_wconf 83' lang='lat' dir='ltr'><strong>alterius</strong></span> <span class='ocrx_word' id='word_1_174' title='bbox 2200 1262 2418 1316; x_wconf 89' lang='lat' dir='ltr'><strong>quoque</strong></span> <span class='ocrx_word' id='word_1_175' title='bbox 2457 1248 2561 1303; x_wconf 89' lang='lat' dir='ltr'><strong>Nili</strong></span> <span class='ocrx_word' id='word_1_176' title='bbox 2590 1251 2681 1318; x_wconf 92' lang='lat' dir='ltr'><strong>qui</strong></span> <span class='ocrx_word' id='word_1_177' title='bbox 2710 1250 3282 1308; x_wconf 84' lang='lat' dir='ltr'><strong>Thcssaloniceusium</strong></span> <span class='ocrx_word' id='word_1_178' title='bbox 3311 1253 3516 1321; x_wconf 83' lang='lat' dir='ltr'><strong>prima-</strong></span> 
     </span>
    </p>
   </div>
   <div class='ocr_carea' id='block_1_28' title="bbox 1944 1337 3514 1413">
    <p class='ocr_par' dir='ltr' id='par_1_28' title="bbox 1944 1337 3514 1413">
     <span class='ocr_line' id='line_1_28' title="bbox 1944 1337 3514 1413; baseline 0.009 -23"><span class='ocrx_word' id='word_1_179' title='bbox 1944 1337 2073 1391; x_wconf 89' lang='lat' dir='ltr'><strong>tiam</strong></span> <span class='ocrx_word' id='word_1_180' title='bbox 2121 1340 2326 1410; x_wconf 85' lang='lat' dir='ltr'><strong>accepit</strong></span> <span class='ocrx_word' id='word_1_181' title='bbox 2374 1357 2536 1410; x_wconf 89' lang='lat' dir='ltr'><strong>quam</strong></span> <span class='ocrx_word' id='word_1_182' title='bbox 2593 1352 2773 1398; x_wconf 89' lang='lat' dir='ltr'><strong>tamen</strong></span> <span class='ocrx_word' id='word_1_183' title='bbox 2813 1345 3088 1400; x_wconf 90' lang='lat' dir='ltr'><strong>declinare</strong></span> <span class='ocrx_word' id='word_1_184' title='bbox 3137 1346 3387 1409; x_wconf 79' lang='lat' dir='ltr'><strong>tentavit,</strong></span> <span class='ocrx_word' id='word_1_185' title='bbox 3419 1345 3514 1413; x_wconf 84' lang='lat' dir='ltr'><strong>qui</strong></span> 
     </span>
    </p>
   </div>
   <div class='ocr_carea' id='block_1_29' title="bbox 1945 1427 3515 1503">
    <p class='ocr_par' dir='ltr' id='par_1_29' title="bbox 1945 1427 3515 1503">
     <span class='ocr_line' id='line_1_29' title="bbox 1945 1427 3515 1503; baseline 0.002 -23"><span class='ocrx_word' id='word_1_186' title='bbox 1945 1436 2133 1481; x_wconf 82' lang='lat' dir='ltr'><strong>contra</strong></span> <span class='ocrx_word' id='word_1_187' title='bbox 2169 1427 2488 1487; x_wconf 82' lang='lat' dir='ltr'><strong>Latinorum</strong></span> <span class='ocrx_word' id='word_1_188' title='bbox 2529 1432 2800 1488; x_wconf 76' lang='lat' dir='ltr'><strong>novitates</strong></span> <span class='ocrx_word' id='word_1_189' title='bbox 2821 1434 3019 1487; x_wconf 80' lang='lat' dir='ltr'><strong>eximia</strong></span> <span class='ocrx_word' id='word_1_190' title='bbox 3057 1433 3331 1503; x_wconf 90' lang='lat' dir='ltr'><strong>nimisque</strong></span> <span class='ocrx_word' id='word_1_191' title='bbox 3390 1431 3515 1486; x_wconf 83' lang='lat' dir='ltr'><strong>vera</strong></span> 
     </span>
    </p>
   </div>
   <div class='ocr_carea' id='block_1_30' title="bbox 1944 1520 3517 1593">
    <p class='ocr_par' dir='ltr' id='par_1_30' title="bbox 1944 1520 3517 1593">
     <span class='ocr_line' id='line_1_30' title="bbox 1944 1520 3517 1593; baseline 0.003 -21"><span class='ocrx_word' id='word_1_192' title='bbox 1944 1527 1998 1572; x_wconf 90' lang='lat' dir='ltr'><strong>et</strong></span> <span class='ocrx_word' id='word_1_193' title='bbox 2047 1520 2385 1575; x_wconf 79' lang='lat' dir='ltr'><strong>vehementia</strong></span> <span class='ocrx_word' id='word_1_194' title='bbox 2427 1524 2772 1592; x_wconf 87' lang='lat' dir='ltr'><strong>conscripsit,</strong></span> <span class='ocrx_word' id='word_1_195' title='bbox 2833 1532 2996 1593; x_wconf 88' lang='lat' dir='ltr'><strong>atque</strong></span> <span class='ocrx_word' id='word_1_196' title='bbox 3029 1524 3291 1579; x_wconf 86' lang='lat' dir='ltr'><strong>adversus</strong></span> <span class='ocrx_word' id='word_1_197' title='bbox 3323 1525 3517 1579; x_wconf 81' lang='lat' dir='ltr'><strong>exitio-</strong></span> 
     </span>
    </p>
   </div>
   <div class='ocr_carea' id='block_1_31' title="bbox 1945 1610 3514 1685">
    <p class='ocr_par' dir='ltr' id='par_1_31' title="bbox 1945 1610 3514 1685">
     <span class='ocr_line' id='line_1_31' title="bbox 1945 1610 3514 1685; baseline 0.001 -21"><span class='ocrx_word' id='word_1_198' title='bbox 1945 1625 2059 1664; x_wconf 86' lang='lat' dir='ltr'><strong>sam</strong></span> <span class='ocrx_word' id='word_1_199' title='bbox 2095 1610 2254 1665; x_wconf 92' lang='lat' dir='ltr'><strong>istam</strong></span> <span class='ocrx_word' id='word_1_200' title='bbox 2282 1610 2525 1666; x_wconf 88' lang='lat' dir='ltr'><strong>Barlaam</strong></span> <span class='ocrx_word' id='word_1_201' title='bbox 2576 1623 2632 1669; x_wconf 91' lang='lat' dir='ltr'><strong>et</strong></span> <span class='ocrx_word' id='word_1_202' title='bbox 2662 1614 2931 1685; x_wconf 84' lang='lat' dir='ltr'><strong>Acindyni</strong></span> <span class='ocrx_word' id='word_1_203' title='bbox 2970 1613 3241 1680; x_wconf 81' lang='lat' dir='ltr'><strong>haeresim,</strong></span> <span class='ocrx_word' id='word_1_204' title='bbox 3280 1628 3514 1682; x_wconf 89' lang='lat' dir='ltr'><strong>quorum</strong></span> 
     </span>
    </p>
   </div>
   <div class='ocr_carea' id='block_1_32' title="bbox 1943 1697 3513 1771">
    <p class='ocr_par' dir='ltr' id='par_1_32' title="bbox 1943 1697 3513 1771">
     <span class='ocr_line' id='line_1_32' title="bbox 1943 1697 3513 1771; baseline 0.002 -19"><span class='ocrx_word' id='word_1_205' title='bbox 1943 1697 2162 1753; x_wconf 85' lang='lat' dir='ltr'><strong>Patrum</strong></span> <span class='ocrx_word' id='word_1_206' title='bbox 2217 1702 2467 1771; x_wconf 83' lang='lat' dir='ltr'><strong>beatique</strong></span> <span class='ocrx_word' id='word_1_207' title='bbox 2530 1705 2692 1758; x_wconf 91' lang='lat' dir='ltr'><strong>etiam</strong></span> <span class='ocrx_word' id='word_1_208' title='bbox 2749 1704 2889 1759; x_wconf 93' lang='lat' dir='ltr'><strong>illius</strong></span> <span class='ocrx_word' id='word_1_209' title='bbox 2958 1703 3249 1760; x_wconf 62' lang='lat' dir='ltr'><strong>Cahassila</strong></span> <span class='ocrx_word' id='word_1_210' title='bbox 3302 1701 3513 1757; x_wconf 75' lang='lat' dir='ltr'><strong>Nirolai</strong></span> 
     </span>
    </p>
   </div>
   <div class='ocr_carea' id='block_1_33' title="bbox 1946 1794 3519 1866">
    <p class='ocr_par' dir='ltr' id='par_1_33' title="bbox 1946 1794 3519 1866">
     <span class='ocr_line' id='line_1_33' title="bbox 1946 1794 3519 1866; baseline 0.001 -18"><span class='ocrx_word' id='word_1_211' title='bbox 1946 1795 2163 1849; x_wconf 87' lang='lat' dir='ltr'><strong>nomine</strong></span> <span class='ocrx_word' id='word_1_212' title='bbox 2186 1794 2277 1861; x_wconf 89' lang='lat' dir='ltr'><strong>qui</strong></span> <span class='ocrx_word' id='word_1_213' title='bbox 2323 1796 2521 1849; x_wconf 86' lang='lat' dir='ltr'><strong>bonam</strong></span> <span class='ocrx_word' id='word_1_214' title='bbox 2608 1795 2892 1849; x_wconf 78' lang='lat' dir='ltr'><strong>victoriam</strong></span> <span class='ocrx_word' id='word_1_215' title='bbox 2921 1796 3124 1866; x_wconf 87' lang='lat' dir='ltr'><strong>pietate</strong></span> <span class='ocrx_word' id='word_1_216' title='bbox 3156 1810 3255 1850; x_wconf 83' lang='lat' dir='ltr'><strong>sua</strong></span> <span class='ocrx_word' id='word_1_217' title='bbox 3289 1795 3519 1864; x_wconf 81' lang='lat' dir='ltr'><strong>vitaeque</strong></span> 
     </span>
    </p>
   </div>
   <div class='ocr_carea' id='block_1_34' title="bbox 259 1875 1850 1960">
    <p class='ocr_par' dir='ltr' id='par_1_34' title="bbox 259 1875 1843 1954">
     <span class='ocr_line' id='line_1_34' title="bbox 259 1875 1843 1954; baseline 0.011 -28"><span class='ocrx_word' id='word_1_218' title='bbox 259 1875 425 1947; x_wconf 81' lang='grc' dir='ltr'>τήνου</span> <span class='ocrx_word' id='word_1_219' title='bbox 483 1881 718 1948; x_wconf 82' lang='grc' dir='ltr'>ταυτησῖ</span> <span class='ocrx_word' id='word_1_220' title='bbox 761 1880 853 1933; x_wconf 82' lang='grc' dir='ltr'><strong>τοῦ</strong></span> <span class='ocrx_word' id='word_1_221' title='bbox 881 1882 1147 1954; x_wconf 85' lang='grc' dir='ltr'>Βαρλαάμ</span> <span class='ocrx_word' id='word_1_222' title='bbox 1175 1901 1234 1938; x_wconf 87' lang='grc' dir='ltr'>τε</span> <span class='ocrx_word' id='word_1_223' title='bbox 1265 1888 1358 1939; x_wconf 79' lang='grc' dir='ltr'><strong>καὶ</strong></span> <span class='ocrx_word' id='word_1_224' title='bbox 1413 1887 1723 1944; x_wconf 83' lang='grc' dir='ltr'>Ἀκινδύνου</span> <span class='ocrx_word' id='word_1_225' title='bbox 1759 1892 1843 1944; x_wconf 72' lang='lat' dir='ltr'><strong>ati-</strong></span> 
     </span>
    </p>
   </div>
   <div class='ocr_carea' id='block_1_35' title="bbox 1950 1875 3520 1960">
    <p class='ocr_par' dir='ltr' id='par_1_35' title="bbox 1950 1885 3520 1957">
     <span class='ocr_line' id='line_1_35' title="bbox 1950 1885 3520 1957; baseline 0.001 -18"><span class='ocrx_word' id='word_1_226' title='bbox 1950 1886 2208 1941; x_wconf 90' lang='lat' dir='ltr'><strong>munditia</strong></span> <span class='ocrx_word' id='word_1_227' title='bbox 2278 1888 2486 1951; x_wconf 84' lang='lat' dir='ltr'><strong>retulit,</strong></span> <span class='ocrx_word' id='word_1_228' title='bbox 2514 1896 2567 1942; x_wconf 89' lang='lat' dir='ltr'><strong>et</strong></span> <span class='ocrx_word' id='word_1_229' title='bbox 2597 1885 2943 1956; x_wconf 87' lang='lat' dir='ltr'><strong>Theophanis</strong></span> <span class='ocrx_word' id='word_1_230' title='bbox 2998 1887 3139 1942; x_wconf 91' lang='lat' dir='ltr'><strong>alius</strong></span> <span class='ocrx_word' id='word_1_231' title='bbox 3172 1887 3366 1942; x_wconf 61' lang='lat' dir='ltr'><strong>Nicaeae</strong></span> <span class='ocrx_word' id='word_1_232' title='bbox 3400 1889 3520 1957; x_wconf 87' lang='lat' dir='ltr'><strong>phi-</strong></span> 
     </span>
    </p>
   </div>
   <div class='ocr_carea' id='block_1_36' title="bbox 262 1963 1846 2050">
    <p class='ocr_par' dir='ltr' id='par_1_36' title="bbox 262 1963 1846 2050">
     <span class='ocr_line' id='line_1_36' title="bbox 262 1963 1846 2050; baseline 0.012 -34"><span class='ocrx_word' id='word_1_233' title='bbox 262 1968 491 2035; x_wconf 77' lang='grc' dir='ltr'>ρέσιως.</span> <span class='ocrx_word' id='word_1_234' title='bbox 518 1963 616 2021; x_wconf 86' lang='grc' dir='ltr'>Ὧν</span> <span class='ocrx_word' id='word_1_235' title='bbox 639 1970 702 2040; x_wconf 81' lang='grc' dir='ltr'>δὴ</span> <span class='ocrx_word' id='word_1_236' title='bbox 726 1970 985 2041; x_wconf 83' lang='grc' dir='ltr'>Πατέρων</span> <span class='ocrx_word' id='word_1_237' title='bbox 1008 1975 1062 2027; x_wconf 85' lang='grc' dir='ltr'><strong>αί</strong></span> <span class='ocrx_word' id='word_1_238' title='bbox 1085 1974 1359 2032; x_wconf 87' lang='grc' dir='ltr'>θειόταται</span> <span class='ocrx_word' id='word_1_239' title='bbox 1384 1984 1720 2050; x_wconf 74' lang='grc' dir='ltr'>συγγραφαὶ,</span> <span class='ocrx_word' id='word_1_240' title='bbox 1749 1983 1846 2037; x_wconf 57' lang='grc' dir='ltr'><strong>καὶ⁹</strong></span> 
     </span>
    </p>
   </div>
   <div class='ocr_carea' id='block_1_37' title="bbox 261 2055 1850 2143">
    <p class='ocr_par' dir='ltr' id='par_1_37' title="bbox 261 2055 1850 2143">
     <span class='ocr_line' id='line_1_37' title="bbox 261 2055 1850 2143; baseline 0.015 -36"><span class='ocrx_word' id='word_1_241' title='bbox 261 2055 345 2109; x_wconf 72' lang='grc' dir='ltr'><strong>ἔτι</strong></span> <span class='ocrx_word' id='word_1_242' title='bbox 376 2057 475 2110; x_wconf 81' lang='grc' dir='ltr'><strong>τοῦ</strong></span> <span class='ocrx_word' id='word_1_243' title='bbox 514 2061 826 2130; x_wconf 82' lang='grc' dir='ltr'>μακαρίτου</span> <span class='ocrx_word' id='word_1_244' title='bbox 859 2064 1080 2119; x_wconf 69' lang='grc' dir='ltr'>ἐκείνου</span> <span class='ocrx_word' id='word_1_245' title='bbox 1109 2067 1453 2138; x_wconf 79' lang='grc' dir='ltr'>Κασάσσιλα,</span> <span class='ocrx_word' id='word_1_246' title='bbox 1478 2073 1572 2127; x_wconf 83' lang='grc' dir='ltr'><strong>τοῦ</strong></span> <span class='ocrx_word' id='word_1_247' title='bbox 1614 2075 1714 2143; x_wconf 81' lang='grc' dir='ltr'>τὴν</span> <span class='ocrx_word' id='word_1_248' title='bbox 1749 2093 1850 2130; x_wconf 85' lang='grc' dir='ltr'>κα-</span> 
     </span>
    </p>
   </div>
   <div class='ocr_carea' id='block_1_38' title="bbox 258 2147 1848 2238">
    <p class='ocr_par' dir='ltr' id='par_1_38' title="bbox 258 2147 1848 2238">
     <span class='ocr_line' id='line_1_38' title="bbox 258 2147 1848 2238; baseline 0.014 -39"><span class='ocrx_word' id='word_1_249' title='bbox 258 2147 362 2218; x_wconf 79' lang='grc' dir='ltr'>λὴν</span> <span class='ocrx_word' id='word_1_250' title='bbox 387 2148 550 2217; x_wconf 88' lang='grc' dir='ltr'>νίκην</span> <span class='ocrx_word' id='word_1_251' title='bbox 574 2151 664 2205; x_wconf 72' lang='grc' dir='ltr'>ἐπ’</span> <span class='ocrx_word' id='word_1_252' title='bbox 698 2152 955 2227; x_wconf 74' lang='grc' dir='ltr'>εὐσεϐείᾳ</span> <span class='ocrx_word' id='word_1_253' title='bbox 998 2158 1090 2210; x_wconf 75' lang='grc' dir='ltr'>καὶ</span> <span class='ocrx_word' id='word_1_254' title='bbox 1126 2160 1384 2233; x_wconf 79' lang='grc' dir='ltr'>ἁγνότητι</span> <span class='ocrx_word' id='word_1_255' title='bbox 1422 2161 1539 2235; x_wconf 86' lang='grc' dir='ltr'>βίου</span> <span class='ocrx_word' id='word_1_256' title='bbox 1573 2182 1848 2238; x_wconf 85' lang='grc' dir='ltr'>συστησα-</span> 
     </span>
    </p>
   </div>
   <div class='ocr_carea' id='block_1_39' title="bbox 264 2239 1847 2328">
    <p class='ocr_par' dir='ltr' id='par_1_39' title="bbox 264 2239 1847 2328">
     <span class='ocr_line' id='line_1_39' title="bbox 264 2239 1847 2328; baseline 0.015 -38"><span class='ocrx_word' id='word_1_257' title='bbox 264 2239 456 2307; x_wconf 80' lang='grc' dir='ltr'>μένου,</span> <span class='ocrx_word' id='word_1_258' title='bbox 504 2241 777 2298; x_wconf 80' lang='grc' dir='ltr'>Νικολάου</span> <span class='ocrx_word' id='word_1_259' title='bbox 813 2247 953 2300; x_wconf 86' lang='grc' dir='ltr'>κατὰ</span> <span class='ocrx_word' id='word_1_260' title='bbox 985 2250 1085 2320; x_wconf 76' lang='grc' dir='ltr'>τὴν</span> <span class='ocrx_word' id='word_1_261' title='bbox 1131 2251 1350 2322; x_wconf 79' lang='grc' dir='ltr'>κλῆσιν,</span> <span class='ocrx_word' id='word_1_262' title='bbox 1392 2255 1489 2309; x_wconf 76' lang='grc' dir='ltr'><strong>καὶ</strong></span> <span class='ocrx_word' id='word_1_263' title='bbox 1537 2257 1847 2328; x_wconf 80' lang='grc' dir='ltr'>Θεοφάνους</span> 
     </span>
    </p>
   </div>
   <div class='ocr_carea' id='block_1_40' title="bbox 259 2329 1845 2418">
    <p class='ocr_par' dir='ltr' id='par_1_40' title="bbox 259 2329 1845 2418">
     <span class='ocr_line' id='line_1_40' title="bbox 259 2329 1845 2418; baseline 0.015 -36"><span class='ocrx_word' id='word_1_264' title='bbox 259 2329 317 2383; x_wconf 85' lang='grc' dir='ltr'>δὲ</span> <span class='ocrx_word' id='word_1_265' title='bbox 343 2331 440 2384; x_wconf 84' lang='grc' dir='ltr'><strong>τοῦ</strong></span> <span class='ocrx_word' id='word_1_266' title='bbox 469 2332 720 2405; x_wconf 32' lang='grc' dir='ltr'>Νικαίας,</span> <span class='ocrx_word' id='word_1_267' title='bbox 759 2336 922 2390; x_wconf 70' lang='grc' dir='ltr'>ἄλλων</span> <span class='ocrx_word' id='word_1_268' title='bbox 960 2340 1126 2409; x_wconf 80' lang='grc' dir='ltr'>σοφοῦ</span> <span class='ocrx_word' id='word_1_269' title='bbox 1175 2343 1269 2397; x_wconf 82' lang='grc' dir='ltr'><strong>καὶ</strong></span> <span class='ocrx_word' id='word_1_270' title='bbox 1312 2346 1648 2416; x_wconf 87' lang='grc' dir='ltr'>όμολογητοῦ</span> <span class='ocrx_word' id='word_1_271' title='bbox 1700 2351 1845 2418; x_wconf 90' lang='grc' dir='ltr'>νέου,</span> 
     </span>
    </p>
   </div>
   <div class='ocr_carea' id='block_1_41' title="bbox 258 2424 1847 2511">
    <p class='ocr_par' dir='ltr' id='par_1_41' title="bbox 258 2424 1847 2511">
     <span class='ocr_line' id='line_1_41' title="bbox 258 2424 1847 2511; baseline 0.013 -36"><span class='ocrx_word' id='word_1_272' title='bbox 258 2424 359 2476; x_wconf 77' lang='grc' dir='ltr'><strong>καὶ</strong></span> <span class='ocrx_word' id='word_1_273' title='bbox 401 2424 682 2498; x_wconf 81' lang='grc' dir='ltr'>’Ῐσιδὼρου</span> <span class='ocrx_word' id='word_1_274' title='bbox 732 2430 1155 2503; x_wconf 71' lang='grc' dir='ltr'>Θεσσαλονίκης,</span> <span class='ocrx_word' id='word_1_275' title='bbox 1207 2434 1364 2489; x_wconf 77' lang='grc' dir='ltr'>οὐδὲν</span> <span class='ocrx_word' id='word_1_276' title='bbox 1411 2437 1847 2511; x_wconf 74' lang='grc' dir='ltr'>ἀπολειπομένου</span> 
     </span>
    </p>
   </div>
   <div class='ocr_carea' id='block_1_42' title="bbox 259 2514 1850 2603">
    <p class='ocr_par' dir='ltr' id='par_1_42' title="bbox 259 2514 1850 2603">
     <span class='ocr_line' id='line_1_42' title="bbox 259 2514 1850 2603; baseline 0.012 -35"><span class='ocrx_word' id='word_1_277' title='bbox 259 2514 358 2569; x_wconf 83' lang='grc' dir='ltr'>τοῦ</span> <span class='ocrx_word' id='word_1_278' title='bbox 392 2519 563 2588; x_wconf 78' lang='grc' dir='ltr'>σοφοῦ</span> <span class='ocrx_word' id='word_1_279' title='bbox 590 2522 660 2574; x_wconf 78' lang='grc' dir='ltr'>τὰ</span> <span class='ocrx_word' id='word_1_280' title='bbox 698 2521 820 2576; x_wconf 83' lang='grc' dir='ltr'>θεία</span> <span class='ocrx_word' id='word_1_281' title='bbox 852 2524 1236 2594; x_wconf 84' lang='grc' dir='ltr'>ῐῐηλουσιὼτου</span> <span class='ocrx_word' id='word_1_282' title='bbox 1271 2529 1483 2584; x_wconf 77' lang='grc' dir='ltr'>ἐκείνου</span> <span class='ocrx_word' id='word_1_283' title='bbox 1516 2532 1610 2584; x_wconf 72' lang='grc' dir='ltr'>καὶ</span> <span class='ocrx_word' id='word_1_284' title='bbox 1639 2533 1850 2603; x_wconf 77' lang='grc' dir='ltr'>ὁμωνύ-</span> 
     </span>
    </p>
   </div>
   <div class='ocr_carea' id='block_1_43' title="bbox 265 2612 1848 2698">
    <p class='ocr_par' dir='ltr' id='par_1_43' title="bbox 265 2612 1848 2698">
     <span class='ocr_line' id='line_1_43' title="bbox 265 2612 1848 2698; baseline 0.013 -36"><span class='ocrx_word' id='word_1_285' title='bbox 265 2627 396 2679; x_wconf 84' lang='grc' dir='ltr'>μου,</span> <span class='ocrx_word' id='word_1_286' title='bbox 427 2612 495 2665; x_wconf 65' lang='grc' dir='ltr'>τὰ</span> <span class='ocrx_word' id='word_1_287' title='bbox 522 2615 653 2684; x_wconf 80' lang='grc' dir='ltr'>περὶ</span> <span class='ocrx_word' id='word_1_288' title='bbox 681 2615 778 2685; x_wconf 86' lang='grc' dir='ltr'>τῆς</span> <span class='ocrx_word' id='word_1_289' title='bbox 811 2618 1107 2689; x_wconf 79' lang='grc' dir='ltr'>εἰρημένης</span> <span class='ocrx_word' id='word_1_290' title='bbox 1136 2616 1404 2691; x_wconf 78' lang='grc' dir='ltr'>αἱρέσεως</span> <span class='ocrx_word' id='word_1_291' title='bbox 1431 2623 1678 2693; x_wconf 78' lang='grc' dir='ltr'>ἀκριϐῶς</span> <span class='ocrx_word' id='word_1_292' title='bbox 1706 2643 1848 2698; x_wconf 81' lang='grc' dir='ltr'>παρ-</span> 
     </span>
    </p>
   </div>
   <div class='ocr_carea' id='block_1_44' title="bbox 262 2700 1847 2786">
    <p class='ocr_par' dir='ltr' id='par_1_44' title="bbox 262 2700 1847 2786">
     <span class='ocr_line' id='line_1_44' title="bbox 262 2700 1847 2786; baseline 0.014 -34"><span class='ocrx_word' id='word_1_293' title='bbox 262 2700 508 2757; x_wconf 83' lang='grc' dir='ltr'>ιστῶσιν.</span> <span class='ocrx_word' id='word_1_294' title='bbox 568 2704 665 2759; x_wconf 86' lang='grc' dir='ltr'>Ἐκ</span> <span class='ocrx_word' id='word_1_295' title='bbox 687 2706 798 2761; x_wconf 85' lang='grc' dir='ltr'>τῶν</span> <span class='ocrx_word' id='word_1_296' title='bbox 840 2710 1051 2773; x_wconf 80' lang='grc' dir='ltr'>τούτοις</span> <span class='ocrx_word' id='word_1_297' title='bbox 1072 2713 1252 2766; x_wconf 84' lang='grc' dir='ltr'>τοίνυν</span> <span class='ocrx_word' id='word_1_298' title='bbox 1277 2718 1677 2786; x_wconf 82' lang='grc' dir='ltr'>πεπονημένων</span> <span class='ocrx_word' id='word_1_299' title='bbox 1693 2719 1847 2774; x_wconf 78' lang='grc' dir='ltr'>ἔσται</span> 
     </span>
    </p>
   </div>
   <div class='ocr_carea' id='block_1_45' title="bbox 265 2794 1843 2881">
    <p class='ocr_par' dir='ltr' id='par_1_45' title="bbox 265 2794 1843 2881">
     <span class='ocr_line' id='line_1_45' title="bbox 265 2794 1843 2881; baseline 0.015 -38"><span class='ocrx_word' id='word_1_300' title='bbox 265 2794 610 2855; x_wconf 84' lang='grc' dir='ltr'>καταμαθεῖν</span> <span class='ocrx_word' id='word_1_301' title='bbox 635 2796 673 2850; x_wconf 81' lang='grc' dir='ltr'><em>ἃ.</em></span> <span class='ocrx_word' id='word_1_302' title='bbox 716 2796 891 2867; x_wconf 80' lang='grc' dir='ltr'>ζητεῖ,</span> <span class='ocrx_word' id='word_1_303' title='bbox 930 2802 1111 2856; x_wconf 79' lang='grc' dir='ltr'>πίστει</span> <span class='ocrx_word' id='word_1_304' title='bbox 1140 2805 1210 2858; x_wconf 83' lang='grc' dir='ltr'>τὰ</span> <span class='ocrx_word' id='word_1_305' title='bbox 1240 2805 1444 2859; x_wconf 90' lang='grc' dir='ltr'>τούτων</span> <span class='ocrx_word' id='word_1_306' title='bbox 1494 2808 1843 2881; x_wconf 76' lang='grc' dir='ltr'>ἀνεγνωκὼς,</span> 
     </span>
    </p>
   </div>
   <div class='ocr_carea' id='block_1_46' title="bbox 263 2882 1852 2965">
    <p class='ocr_par' dir='ltr' id='par_1_46' title="bbox 263 2882 1852 2965">
     <span class='ocr_line' id='line_1_46' title="bbox 263 2882 1852 2965; baseline 0.013 -30"><span class='ocrx_word' id='word_1_307' title='bbox 263 2883 359 2935; x_wconf 73' lang='grc' dir='ltr'>καὶ</span> <span class='ocrx_word' id='word_1_308' title='bbox 380 2882 486 2952; x_wconf 81' lang='grc' dir='ltr'>τῆς</span> <span class='ocrx_word' id='word_1_309' title='bbox 510 2886 942 2960; x_wconf 80' lang='grc' dir='ltr'>Βαρλααμίτιδος</span> <span class='ocrx_word' id='word_1_310' title='bbox 971 2894 1235 2962; x_wconf 73' lang='grc' dir='ltr'>αἱρέσεως</span> <span class='ocrx_word' id='word_1_311' title='bbox 1259 2897 1622 2965; x_wconf 69' lang='grc' dir='ltr'>ἐπιγνώσεται</span> <span class='ocrx_word' id='word_1_312' title='bbox 1653 2903 1710 2954; x_wconf 79' lang='grc' dir='ltr'><strong>τὸ</strong></span> <span class='ocrx_word' id='word_1_313' title='bbox 1730 2903 1852 2955; x_wconf 68' lang='grc' dir='ltr'>όλέο</span> 
     </span>
    </p>
   </div>
   <div class='ocr_carea' id='block_1_47' title="bbox 265 2972 1848 3054">
    <p class='ocr_par' dir='ltr' id='par_1_47' title="bbox 265 2972 1848 3054">
     <span class='ocr_line' id='line_1_47' title="bbox 265 2972 1848 3054; baseline 0.013 -30"><span class='ocrx_word' id='word_1_314' title='bbox 265 2972 440 3041; x_wconf 87' lang='grc' dir='ltr'>θριον,</span> <span class='ocrx_word' id='word_1_315' title='bbox 489 2975 590 3045; x_wconf 84' lang='grc' dir='ltr'>τῆς</span> <span class='ocrx_word' id='word_1_316' title='bbox 621 2976 1009 3034; x_wconf 86' lang='grc' dir='ltr'>πολυκινδύνου</span> <span class='ocrx_word' id='word_1_317' title='bbox 1055 3001 1112 3036; x_wconf 89' lang='grc' dir='ltr'>τε</span> <span class='ocrx_word' id='word_1_318' title='bbox 1146 2984 1421 3054; x_wconf 86' lang='grc' dir='ltr'>ληρωδίας</span> <span class='ocrx_word' id='word_1_319' title='bbox 1469 2993 1562 3043; x_wconf 81' lang='grc' dir='ltr'>καὶ</span> <span class='ocrx_word' id='word_1_320' title='bbox 1591 2992 1848 3046; x_wconf 82' lang='grc' dir='ltr'>κινδυνώ-</span> 
     </span>
    </p>
   </div>
   <div class='ocr_carea' id='block_1_48' title="bbox 264 3065 1847 3154">
    <p class='ocr_par' dir='ltr' id='par_1_48' title="bbox 264 3065 1847 3154">
     <span class='ocr_line' id='line_1_48' title="bbox 264 3065 1847 3154; baseline 0.014 -36"><span class='ocrx_word' id='word_1_321' title='bbox 264 3065 393 3129; x_wconf 76' lang='grc' dir='ltr'>δους</span> <span class='ocrx_word' id='word_1_322' title='bbox 420 3067 777 3138; x_wconf 62' lang='grc' dir='ltr'>βλασςοημίας</span> <span class='ocrx_word' id='word_1_323' title='bbox 824 3073 920 3126; x_wconf 80' lang='grc' dir='ltr'>τοῦ</span> <span class='ocrx_word' id='word_1_324' title='bbox 994 3076 1304 3133; x_wconf 80' lang='grc' dir='ltr'>Ἀκινδύνου</span> <span class='ocrx_word' id='word_1_325' title='bbox 1350 3082 1411 3134; x_wconf 82' lang='grc' dir='ltr'>τὸ</span> <span class='ocrx_word' id='word_1_326' title='bbox 1464 3083 1748 3154; x_wconf 77' lang='grc' dir='ltr'>βλαὸερόν.</span> <span class='ocrx_word' id='word_1_327' title='bbox 1789 3087 1847 3141; x_wconf 92' lang='lat'><strong>&#39;0</strong></span> 
     </span>
    </p>
   </div>
   <div class='ocr_carea' id='block_1_49' title="bbox 269 3159 1846 3242">
    <p class='ocr_par' dir='ltr' id='par_1_49' title="bbox 269 3159 1846 3242">
     <span class='ocr_line' id='line_1_49' title="bbox 269 3159 1846 3242; baseline 0.015 -32"><span class='ocrx_word' id='word_1_328' title='bbox 269 3159 373 3227; x_wconf 69' lang='grc' dir='ltr'>μὶν</span> <span class='ocrx_word' id='word_1_329' title='bbox 427 3163 540 3231; x_wconf 83' lang='grc' dir='ltr'><strong>γὰρ</strong></span> <span class='ocrx_word' id='word_1_330' title='bbox 591 3164 881 3234; x_wconf 78' lang='grc' dir='ltr'>Βαρλαὰμ,</span> <span class='ocrx_word' id='word_1_331' title='bbox 928 3166 1004 3231; x_wconf 84' lang='grc' dir='ltr'>ὡς</span> <span class='ocrx_word' id='word_1_332' title='bbox 1055 3171 1113 3222; x_wconf 85' lang='grc' dir='ltr'>ὲν</span> <span class='ocrx_word' id='word_1_333' title='bbox 1162 3171 1331 3242; x_wconf 78' lang='grc' dir='ltr'>ὀλίγῳ</span> <span class='ocrx_word' id='word_1_334' title='bbox 1383 3175 1569 3241; x_wconf 83' lang='grc' dir='ltr'>φάναι,</span> <span class='ocrx_word' id='word_1_335' title='bbox 1615 3176 1846 3242; x_wconf 81' lang='grc' dir='ltr'>πλάναις</span> 
     </span>
    </p>
   </div>
   <div class='ocr_carea' id='block_1_50' title="bbox 266 3238 1918 3345">
    <p class='ocr_par' dir='ltr' id='par_1_50' title="bbox 266 3238 1918 3345">
     <span class='ocr_line' id='line_1_50' title="bbox 266 3238 1918 3345; baseline 0.015 -43"><span class='ocrx_word' id='word_1_336' title='bbox 266 3250 379 3345; x_wconf 51' lang='grc'><strong>49</strong></span> <span class='ocrx_word' id='word_1_337' title='bbox 418 3252 763 3323; x_wconf 81' lang='grc' dir='ltr'>Ἑλληνικαῖς</span> <span class='ocrx_word' id='word_1_338' title='bbox 795 3260 1180 3329; x_wconf 71' lang='grc' dir='ltr'>κατεχόμενος,</span> <span class='ocrx_word' id='word_1_339' title='bbox 1210 3238 1312 3316; x_wconf 35' lang='grc' dir='ltr'>καὶ.</span> <span class='ocrx_word' id='word_1_340' title='bbox 1338 3238 1503 3335; x_wconf 81' lang='grc' dir='ltr'>μηδὲν</span> <span class='ocrx_word' id='word_1_341' title='bbox 1533 3238 1847 3345; x_wconf 68' lang='grc' dir='ltr'>περαιτέρω</span> <span class='ocrx_word' id='word_1_342' title='bbox 1873 3238 1918 3294; x_wconf 70' lang='lat' dir='ltr'><strong><em>C</em></strong></span> 
     </span>
    </p>
   </div>
   <div class='ocr_carea' id='block_1_51' title="bbox 267 3339 1845 3430">
    <p class='ocr_par' dir='ltr' id='par_1_51' title="bbox 267 3339 1845 3430">
     <span class='ocr_line' id='line_1_51' title="bbox 267 3339 1845 3430; baseline 0.012 -33"><span class='ocrx_word' id='word_1_343' title='bbox 267 3339 412 3398; x_wconf 74' lang='grc' dir='ltr'>εἶναι</span> <span class='ocrx_word' id='word_1_344' title='bbox 442 3347 553 3401; x_wconf 86' lang='grc' dir='ltr'>τῶν</span> <span class='ocrx_word' id='word_1_345' title='bbox 576 3350 633 3401; x_wconf 75' lang='grc' dir='ltr'><strong>ἐν</strong></span> <span class='ocrx_word' id='word_1_346' title='bbox 667 3351 920 3422; x_wconf 73' lang='grc' dir='ltr'>αἰσθήσει</span> <span class='ocrx_word' id='word_1_347' title='bbox 962 3355 1544 3428; x_wconf 74' lang='grc' dir='ltr'>οἰόμενος,ιφωτισμδν</span> <span class='ocrx_word' id='word_1_348' title='bbox 1574 3363 1673 3430; x_wconf 84' lang='grc' dir='ltr'>μὲν</span> <span class='ocrx_word' id='word_1_349' title='bbox 1696 3339 1845 3416; x_wconf 66' lang='grc' dir='ltr'><strong>⁷Θεοῦ</strong></span> 
     </span>
    </p>
   </div>
   <div class='ocr_carea' id='block_1_52' title="bbox 267 3437 1848 3527">
    <p class='ocr_par' dir='ltr' id='par_1_52' title="bbox 267 3437 1848 3527">
     <span class='ocr_line' id='line_1_52' title="bbox 267 3437 1848 3527; baseline 0.012 -35"><span class='ocrx_word' id='word_1_350' title='bbox 267 3437 368 3492; x_wconf 78' lang='grc' dir='ltr'><strong>καὶ</strong></span> <span class='ocrx_word' id='word_1_351' title='bbox 380 3439 584 3506; x_wconf 84' lang='grc' dir='ltr'>γνῶσιν</span> <span class='ocrx_word' id='word_1_352' title='bbox 605 3441 773 3513; x_wconf 89' lang='grc' dir='ltr'>μόνην</span> <span class='ocrx_word' id='word_1_353' title='bbox 797 3445 891 3497; x_wconf 61' lang='grc' dir='ltr'><strong>καί⁵</strong></span> <span class='ocrx_word' id='word_1_354' title='bbox 918 3446 1110 3512; x_wconf 82' lang='grc' dir='ltr'>σοφίαν</span> <span class='ocrx_word' id='word_1_355' title='bbox 1131 3449 1316 3518; x_wconf 81' lang='grc' dir='ltr'>ἠγεῖτο</span> <span class='ocrx_word' id='word_1_356' title='bbox 1341 3452 1368 3504; x_wconf 86' lang='grc' dir='ltr'><strong>ό</strong></span> <span class='ocrx_word' id='word_1_357' title='bbox 1389 3452 1574 3516; x_wconf 86' lang='grc' dir='ltr'>άθλιος</span> <span class='ocrx_word' id='word_1_358' title='bbox 1590 3457 1691 3525; x_wconf 79' lang='grc' dir='ltr'>τὴν</span> <span class='ocrx_word' id='word_1_359' title='bbox 1718 3459 1848 3527; x_wconf 74' lang='grc' dir='ltr'>περὶ</span> 
     </span>
    </p>
   </div>
   <div class='ocr_carea' id='block_1_53' title="bbox 267 3528 1852 3613">
    <p class='ocr_par' dir='ltr' id='par_1_53' title="bbox 267 3528 1852 3613">
     <span class='ocr_line' id='line_1_53' title="bbox 267 3528 1852 3613; baseline 0.014 -32"><span class='ocrx_word' id='word_1_360' title='bbox 267 3528 339 3583; x_wconf 78' lang='grc' dir='ltr'>τὰ</span> <span class='ocrx_word' id='word_1_361' title='bbox 362 3529 621 3600; x_wconf 82' lang='grc' dir='ltr'>ὁρώμενα</span> <span class='ocrx_word' id='word_1_362' title='bbox 649 3537 745 3586; x_wconf 84' lang='grc' dir='ltr'><strong>καὶ</strong></span> <span class='ocrx_word' id='word_1_363' title='bbox 778 3537 1065 3606; x_wconf 84' lang='grc' dir='ltr'>ποιήματα</span> <span class='ocrx_word' id='word_1_364' title='bbox 1097 3541 1448 3613; x_wconf 86' lang='grc' dir='ltr'>κατανόησιν.</span> <span class='ocrx_word' id='word_1_365' title='bbox 1480 3545 1591 3599; x_wconf 69' lang='grc' dir='ltr'>Καὶ</span> <span class='ocrx_word' id='word_1_366' title='bbox 1617 3545 1677 3600; x_wconf 83' lang='grc' dir='ltr'>τὸ</span> <span class='ocrx_word' id='word_1_367' title='bbox 1714 3548 1852 3603; x_wconf 76' lang='grc' dir='ltr'>είδέῖ-</span> 
     </span>
    </p>
   </div>
   <div class='ocr_carea' id='block_1_54' title="bbox 272 3625 1849 3710">
    <p class='ocr_par' dir='ltr' id='par_1_54' title="bbox 272 3625 1849 3710">
     <span class='ocr_line' id='line_1_54' title="bbox 272 3625 1849 3710; baseline 0.013 -36"><span class='ocrx_word' id='word_1_368' title='bbox 272 3638 362 3676; x_wconf 90' lang='grc' dir='ltr'><strong>ναι</strong></span> <span class='ocrx_word' id='word_1_369' title='bbox 393 3625 524 3686; x_wconf 78' lang='grc' dir='ltr'>τοὺς</span> <span class='ocrx_word' id='word_1_370' title='bbox 544 3625 781 3695; x_wconf 85' lang='grc' dir='ltr'>δρόμους</span> <span class='ocrx_word' id='word_1_371' title='bbox 807 3628 961 3697; x_wconf 84' lang='grc' dir='ltr'>ἡλίου</span> <span class='ocrx_word' id='word_1_372' title='bbox 997 3647 1053 3683; x_wconf 89' lang='grc' dir='ltr'>τε</span> <span class='ocrx_word' id='word_1_373' title='bbox 1099 3633 1192 3686; x_wconf 80' lang='grc' dir='ltr'>καὶ</span> <span class='ocrx_word' id='word_1_374' title='bbox 1223 3634 1455 3706; x_wconf 85' lang='grc' dir='ltr'>σελήνης</span> <span class='ocrx_word' id='word_1_375' title='bbox 1490 3639 1584 3691; x_wconf 79' lang='grc' dir='ltr'>καὶ</span> <span class='ocrx_word' id='word_1_376' title='bbox 1635 3653 1849 3710; x_wconf 87' lang='grc' dir='ltr'>σχημα-</span> 
     </span>
    </p>
   </div>
   <div class='ocr_carea' id='block_1_55' title="bbox 270 3718 1852 3803">
    <p class='ocr_par' dir='ltr' id='par_1_55' title="bbox 270 3718 1852 3803">
     <span class='ocr_line' id='line_1_55' title="bbox 270 3718 1852 3803; baseline 0.01 -35"><span class='ocrx_word' id='word_1_377' title='bbox 270 3718 503 3786; x_wconf 81' lang='grc' dir='ltr'>τισμοὺς</span> <span class='ocrx_word' id='word_1_378' title='bbox 530 3720 623 3773; x_wconf 74' lang='grc' dir='ltr'>καὶ</span> <span class='ocrx_word' id='word_1_379' title='bbox 656 3720 936 3792; x_wconf 82' lang='grc' dir='ltr'>δυνάμεις,</span> <span class='ocrx_word' id='word_1_380' title='bbox 974 3722 1042 3788; x_wconf 77' lang='grc' dir='ltr'>ἃς</span> <span class='ocrx_word' id='word_1_381' title='bbox 1095 3725 1128 3795; x_wconf 79' lang='grc' dir='ltr'><strong>ἠ</strong></span> <span class='ocrx_word' id='word_1_382' title='bbox 1174 3726 1284 3780; x_wconf 82' lang='grc' dir='ltr'>τῶν</span> <span class='ocrx_word' id='word_1_383' title='bbox 1313 3726 1418 3793; x_wconf 76' lang='grc' dir='ltr'><strong>ἔξω</strong></span> <span class='ocrx_word' id='word_1_384' title='bbox 1450 3728 1630 3798; x_wconf 81' lang='grc' dir='ltr'>σοφῶν</span> <span class='ocrx_word' id='word_1_385' title='bbox 1690 3733 1852 3803; x_wconf 79' lang='grc' dir='ltr'>μωρὰ</span> 
     </span>
    </p>
   </div>
   <div class='ocr_carea' id='block_1_56' title="bbox 272 3810 1849 3893">
    <p class='ocr_par' dir='ltr' id='par_1_56' title="bbox 272 3810 1849 3893">
     <span class='ocr_line' id='line_1_56' title="bbox 272 3810 1849 3893; baseline 0.01 -31"><span class='ocrx_word' id='word_1_386' title='bbox 272 3810 519 3865; x_wconf 79' lang='grc' dir='ltr'>διδάσκει</span> <span class='ocrx_word' id='word_1_387' title='bbox 571 3815 882 3883; x_wconf 86' lang='grc' dir='ltr'>περιεργία,</span> <span class='ocrx_word' id='word_1_388' title='bbox 950 3816 1154 3885; x_wconf 85' lang='grc' dir='ltr'>γνῶσιν</span> <span class='ocrx_word' id='word_1_389' title='bbox 1204 3818 1299 3872; x_wconf 74' lang='grc' dir='ltr'><strong>καὶ</strong></span> <span class='ocrx_word' id='word_1_390' title='bbox 1314 3821 1614 3891; x_wconf 63' lang='grc' dir='ltr'>’φωτισμδν</span> <span class='ocrx_word' id='word_1_391' title='bbox 1664 3824 1849 3893; x_wconf 82' lang='grc' dir='ltr'>ἡγεῖτο</span> 
     </span>
    </p>
   </div>
   <div class='ocr_carea' id='block_1_57' title="bbox 274 3902 1849 3982">
    <p class='ocr_par' dir='ltr' id='par_1_57' title="bbox 274 3902 1849 3982">
     <span class='ocr_line' id='line_1_57' title="bbox 274 3902 1849 3982; baseline 0.01 -28"><span class='ocrx_word' id='word_1_392' title='bbox 274 3902 367 3955; x_wconf 74' lang='grc' dir='ltr'><strong>καὶ</strong></span> <span class='ocrx_word' id='word_1_393' title='bbox 412 3902 591 3972; x_wconf 78' lang='grc' dir='ltr'>ἔλεγε.</span> <span class='ocrx_word' id='word_1_394' title='bbox 644 3906 753 3959; x_wconf 76' lang='grc' dir='ltr'><strong>Καὶ</strong></span> <span class='ocrx_word' id='word_1_395' title='bbox 804 3907 1057 3977; x_wconf 79' lang='grc' dir='ltr'>ἀριθμῶν</span> <span class='ocrx_word' id='word_1_396' title='bbox 1109 3910 1163 3962; x_wconf 84' lang='grc' dir='ltr'>δὲ</span> <span class='ocrx_word' id='word_1_397' title='bbox 1208 3911 1306 3975; x_wconf 73' lang='grc' dir='ltr'><strong>τὰς</strong></span> <span class='ocrx_word' id='word_1_398' title='bbox 1368 3912 1694 3982; x_wconf 86' lang='grc' dir='ltr'>ἀναλογίας,</span> <span class='ocrx_word' id='word_1_399' title='bbox 1756 3915 1849 3969; x_wconf 71' lang='grc' dir='ltr'><strong>καὶ</strong></span> 
     </span>
    </p>
   </div>
   <div class='ocr_carea' id='block_1_58' title="bbox 273 3994 1853 4073">
    <p class='ocr_par' dir='ltr' id='par_1_58' title="bbox 273 3994 1853 4073">
     <span class='ocr_line' id='line_1_58' title="bbox 273 3994 1853 4073; baseline 0.009 -29"><span class='ocrx_word' id='word_1_400' title='bbox 273 3994 621 4063; x_wconf 75' lang='grc' dir='ltr'>γεωμετρίας</span> <span class='ocrx_word' id='word_1_401' title='bbox 648 3995 708 4048; x_wconf 82' lang='grc' dir='ltr'>τὸ</span> <span class='ocrx_word' id='word_1_402' title='bbox 743 3996 1097 4068; x_wconf 83' lang='grc' dir='ltr'>πολύσχημον</span> <span class='ocrx_word' id='word_1_403' title='bbox 1118 4000 1212 4054; x_wconf 66' lang='grc' dir='ltr'><strong>καλ⁸</strong></span> <span class='ocrx_word' id='word_1_404' title='bbox 1243 4002 1509 4066; x_wconf 89' lang='grc' dir='ltr'>ποικίλον,</span> <span class='ocrx_word' id='word_1_405' title='bbox 1539 4006 1632 4067; x_wconf 81' lang='grc' dir='ltr'>καὶ</span> <span class='ocrx_word' id='word_1_406' title='bbox 1664 4022 1853 4073; x_wconf 89' lang='grc' dir='ltr'>μουσι-</span> 
     </span>
    </p>
   </div>
   <div class='ocr_carea' id='block_1_59' title="bbox 274 4087 1851 4166">
    <p class='ocr_par' dir='ltr' id='par_1_59' title="bbox 274 4087 1851 4166">
     <span class='ocr_line' id='line_1_59' title="bbox 274 4087 1851 4166; baseline 0.007 -28"><span class='ocrx_word' id='word_1_407' title='bbox 274 4087 378 4152; x_wconf 83' lang='grc' dir='ltr'><strong>κῆς</strong></span> <span class='ocrx_word' id='word_1_408' title='bbox 409 4087 509 4156; x_wconf 81' lang='grc' dir='ltr'>τὴν</span> <span class='ocrx_word' id='word_1_409' title='bbox 539 4087 811 4157; x_wconf 83' lang='grc' dir='ltr'>ἁρμονίαν</span> <span class='ocrx_word' id='word_1_410' title='bbox 854 4091 952 4143; x_wconf 75' lang='grc' dir='ltr'>καὶ</span> <span class='ocrx_word' id='word_1_411' title='bbox 985 4091 1277 4160; x_wconf 86' lang='grc' dir='ltr'>φθόγγους,</span> <span class='ocrx_word' id='word_1_412' title='bbox 1329 4094 1423 4146; x_wconf 80' lang='grc' dir='ltr'>καὶ</span> <span class='ocrx_word' id='word_1_413' title='bbox 1457 4093 1557 4166; x_wconf 78' lang='grc' dir='ltr'>τὴν</span> <span class='ocrx_word' id='word_1_414' title='bbox 1606 4113 1851 4166; x_wconf 83' lang='grc' dir='ltr'>σοφιστι-</span> 
     </span>
    </p>
   </div>
   <div class='ocr_carea' id='block_1_60' title="bbox 273 4181 1852 4256">
    <p class='ocr_par' dir='ltr' id='par_1_60' title="bbox 273 4181 1852 4256">
     <span class='ocr_line' id='line_1_60' title="bbox 273 4181 1852 4256; baseline 0.006 -23"><span class='ocrx_word' id='word_1_415' title='bbox 273 4181 377 4251; x_wconf 75' lang='grc' dir='ltr'>κήν</span> <span class='ocrx_word' id='word_1_416' title='bbox 404 4181 657 4246; x_wconf 88' lang='grc' dir='ltr'>ἀλογίαν,</span> <span class='ocrx_word' id='word_1_417' title='bbox 680 4184 746 4251; x_wconf 85' lang='grc' dir='ltr'>ῆν</span> <span class='ocrx_word' id='word_1_418' title='bbox 771 4183 836 4251; x_wconf 81' lang='grc' dir='ltr'>δὴ</span> <span class='ocrx_word' id='word_1_419' title='bbox 867 4184 961 4236; x_wconf 77' lang='grc' dir='ltr'>καὶ</span> <span class='ocrx_word' id='word_1_420' title='bbox 991 4182 1218 4254; x_wconf 80' lang='grc' dir='ltr'>λογικὴν</span> <span class='ocrx_word' id='word_1_421' title='bbox 1255 4185 1625 4256; x_wconf 81' lang='grc' dir='ltr'>ψευδωνύμως</span> <span class='ocrx_word' id='word_1_422' title='bbox 1652 4188 1852 4243; x_wconf 83' lang='grc' dir='ltr'>καλοῦ-</span> 
     </span>
    </p>
   </div>
   <div class='ocr_carea' id='block_1_61' title="bbox 278 4269 1854 4345">
    <p class='ocr_par' dir='ltr' id='par_1_61' title="bbox 278 4269 1854 4345">
     <span class='ocr_line' id='line_1_61' title="bbox 278 4269 1854 4345; baseline 0.006 -23"><span class='ocrx_word' id='word_1_423' title='bbox 278 4287 366 4323; x_wconf 88' lang='grc' dir='ltr'><strong>σιν</strong></span> <span class='ocrx_word' id='word_1_424' title='bbox 399 4269 686 4340; x_wconf 85' lang='grc' dir='ltr'>Ἕλληνες,</span> <span class='ocrx_word' id='word_1_425' title='bbox 717 4271 921 4337; x_wconf 79' lang='grc' dir='ltr'>γνῶσιν</span> <span class='ocrx_word' id='word_1_426' title='bbox 951 4272 1104 4327; x_wconf 92' lang='grc' dir='ltr'>θείαν</span> <span class='ocrx_word' id='word_1_427' title='bbox 1141 4277 1235 4328; x_wconf 67' lang='grc' dir='ltr'>καὶ</span> <span class='ocrx_word' id='word_1_428' title='bbox 1267 4275 1548 4345; x_wconf 79' lang='grc' dir='ltr'>φωτισμὸν</span> <span class='ocrx_word' id='word_1_429' title='bbox 1578 4276 1854 4343; x_wconf 80' lang='grc' dir='ltr'>δυσσεὸὦς</span> 
     </span>
    </p>
   </div>
   <div class='ocr_carea' id='block_1_62' title="bbox 276 4364 1854 4439">
    <p class='ocr_par' dir='ltr' id='par_1_62' title="bbox 276 4364 1854 4439">
     <span class='ocr_line' id='line_1_62' title="bbox 276 4364 1854 4439; baseline 0.006 -24"><span class='ocrx_word' id='word_1_430' title='bbox 276 4364 659 4434; x_wconf 73' lang='grc' dir='ltr'>κατωνόμαζεο</span> <span class='ocrx_word' id='word_1_431' title='bbox 691 4368 783 4418; x_wconf 69' lang='grc' dir='ltr'>καὶ</span> <span class='ocrx_word' id='word_1_432' title='bbox 809 4367 902 4418; x_wconf 60' lang='grc' dir='ltr'>τὸν</span> <span class='ocrx_word' id='word_1_433' title='bbox 957 4366 1031 4437; x_wconf 81' lang='grc' dir='ltr'>μὴ</span> <span class='ocrx_word' id='word_1_434' title='bbox 1080 4366 1260 4421; x_wconf 86' lang='grc' dir='ltr'>εἰδότα</span> <span class='ocrx_word' id='word_1_435' title='bbox 1305 4370 1402 4439; x_wconf 83' lang='grc' dir='ltr'>τὴν</span> <span class='ocrx_word' id='word_1_436' title='bbox 1435 4368 1544 4422; x_wconf 82' lang='grc' dir='ltr'><strong>τῶν</strong></span> <span class='ocrx_word' id='word_1_437' title='bbox 1594 4370 1854 4426; x_wconf 84' lang='grc' dir='ltr'>τοιούτων</span> 
     </span>
    </p>
   </div>
   <div class='ocr_carea' id='block_1_63' title="bbox 279 4458 1856 4536">
    <p class='ocr_par' dir='ltr' id='par_1_63' title="bbox 279 4458 1856 4536">
     <span class='ocr_line' id='line_1_63' title="bbox 279 4458 1856 4536; baseline 0.006 -26"><span class='ocrx_word' id='word_1_438' title='bbox 279 4458 506 4528; x_wconf 85' lang='grc' dir='ltr'>μύησιν,</span> <span class='ocrx_word' id='word_1_439' title='bbox 545 4458 677 4527; x_wconf 71' lang='grc' dir='ltr'>μηδὲ</span> <span class='ocrx_word' id='word_1_440' title='bbox 716 4460 814 4528; x_wconf 77' lang='grc' dir='ltr'>τὴν</span> <span class='ocrx_word' id='word_1_441' title='bbox 860 4460 1175 4531; x_wconf 75' lang='grc' dir='ltr'>ἐπιστήμην</span> <span class='ocrx_word' id='word_1_442' title='bbox 1204 4463 1312 4516; x_wconf 75' lang='grc' dir='ltr'>τῶν</span> <span class='ocrx_word' id='word_1_443' title='bbox 1358 4463 1557 4528; x_wconf 79' lang='grc' dir='ltr'>ἔξωθεν</span> <span class='ocrx_word' id='word_1_444' title='bbox 1597 4467 1856 4536; x_wconf 79' lang='grc' dir='ltr'>μαθημά·</span> 
     </span>
    </p>
   </div>
   <div class='ocr_carea' id='block_1_64' title="bbox 1945 1965 3512 2048">
    <p class='ocr_par' dir='ltr' id='par_1_64' title="bbox 1945 1965 3512 2048">
     <span class='ocr_line' id='line_1_64' title="bbox 1945 1965 3512 2048; baseline -0.001 -16"><span class='ocrx_word' id='word_1_445' title='bbox 1945 1978 2158 2048; x_wconf 90' lang='lat' dir='ltr'><strong>losophi</strong></span> <span class='ocrx_word' id='word_1_446' title='bbox 2225 1980 2460 2048; x_wconf 88' lang='lat' dir='ltr'><strong>novique</strong></span> <span class='ocrx_word' id='word_1_447' title='bbox 2516 1980 2877 2041; x_wconf 84' lang='lat' dir='ltr'><strong>confessoris,</strong></span> <span class='ocrx_word' id='word_1_448' title='bbox 2928 1988 3094 2048; x_wconf 86' lang='lat' dir='ltr'><strong>atque</strong></span> <span class='ocrx_word' id='word_1_449' title='bbox 3151 1965 3512 2035; x_wconf 70' lang='lat' dir='ltr'><strong>Thessaloni-</strong></span> 
     </span>
    </p>
   </div>
   <div class='ocr_carea' id='block_1_65' title="bbox 1948 2067 3519 2139">
    <p class='ocr_par' dir='ltr' id='par_1_65' title="bbox 1948 2067 3519 2139">
     <span class='ocr_line' id='line_1_65' title="bbox 1948 2067 3519 2139; baseline -0.001 -16"><span class='ocrx_word' id='word_1_450' title='bbox 1948 2069 2131 2124; x_wconf 87' lang='lat' dir='ltr'><strong>censis</strong></span> <span class='ocrx_word' id='word_1_451' title='bbox 2177 2067 2369 2125; x_wconf 89' lang='lat' dir='ltr'><strong>lsidori</strong></span> <span class='ocrx_word' id='word_1_452' title='bbox 2411 2068 2505 2138; x_wconf 88' lang='lat' dir='ltr'><strong>qui</strong></span> <span class='ocrx_word' id='word_1_453' title='bbox 2555 2070 2802 2125; x_wconf 87' lang='lat' dir='ltr'><strong>doctrina</strong></span> <span class='ocrx_word' id='word_1_454' title='bbox 2835 2070 3134 2139; x_wconf 86' lang='lat' dir='ltr'><strong>theologica</strong></span> <span class='ocrx_word' id='word_1_455' title='bbox 3173 2084 3519 2139; x_wconf 87' lang='lat' dir='ltr'><strong>nequaquam</strong></span> 
     </span>
    </p>
   </div>
   <div class='ocr_carea' id='block_1_66' title="bbox 1946 2161 3543 2233">
    <p class='ocr_par' dir='ltr' id='par_1_66' title="bbox 1946 2161 3543 2233">
     <span class='ocr_line' id='line_1_66' title="bbox 1946 2161 3543 2233; baseline -0.001 -16"><span class='ocrx_word' id='word_1_456' title='bbox 1946 2162 2178 2231; x_wconf 86' lang='lat' dir='ltr'><strong>sapienti</strong></span> <span class='ocrx_word' id='word_1_457' title='bbox 2204 2178 2305 2217; x_wconf 90' lang='lat' dir='ltr'><strong>suo</strong></span> <span class='ocrx_word' id='word_1_458' title='bbox 2326 2161 2612 2217; x_wconf 71' lang='lat' dir='ltr'><strong>Pelusiotae</strong></span> <span class='ocrx_word' id='word_1_459' title='bbox 2638 2162 2966 2233; x_wconf 82' lang='lat' dir='ltr'><strong>homonyma</strong></span> <span class='ocrx_word' id='word_1_460' title='bbox 2983 2162 3234 2229; x_wconf 85' lang='lat' dir='ltr'><strong>cedebat,</strong></span> <span class='ocrx_word' id='word_1_461' title='bbox 3255 2176 3517 2231; x_wconf 87' lang='lat' dir='ltr'><strong>quorum,</strong></span> <span class='ocrx_word' id='word_1_462' title='bbox 3540 2200 3543 2203; x_wconf 85' lang='lat'><strong><em>-</em></strong></span> 
     </span>
    </p>
   </div>
   <div class='ocr_carea' id='block_1_67' title="bbox 1949 2254 3520 2324">
    <p class='ocr_par' dir='ltr' id='par_1_67' title="bbox 1949 2254 3520 2324">
     <span class='ocr_line' id='line_1_67' title="bbox 1949 2254 3520 2324; baseline -0.001 -16"><span class='ocrx_word' id='word_1_463' title='bbox 1949 2255 2194 2324; x_wconf 89' lang='lat' dir='ltr'><strong>inquam,</strong></span> <span class='ocrx_word' id='word_1_464' title='bbox 2226 2254 2429 2323; x_wconf 83' lang='lat' dir='ltr'><strong>scripta</strong></span> <span class='ocrx_word' id='word_1_465' title='bbox 2473 2254 2814 2309; x_wconf 87' lang='lat' dir='ltr'><strong>divinissima</strong></span> <span class='ocrx_word' id='word_1_466' title='bbox 2863 2254 3021 2310; x_wconf 64' lang='lat' dir='ltr'><strong>dictae</strong></span> <span class='ocrx_word' id='word_1_467' title='bbox 3062 2255 3333 2309; x_wconf 78' lang='lat' dir='ltr'><strong>haereseos</strong></span> <span class='ocrx_word' id='word_1_468' title='bbox 3369 2262 3520 2323; x_wconf 88' lang='lat' dir='ltr'><strong>gesta</strong></span> 
     </span>
    </p>
   </div>
   <div class='ocr_carea' id='block_1_68' title="bbox 1950 2342 3521 2413">
    <p class='ocr_par' dir='ltr' id='par_1_68' title="bbox 1950 2342 3521 2413">
     <span class='ocr_line' id='line_1_68' title="bbox 1950 2342 3521 2413; baseline 0 -17"><span class='ocrx_word' id='word_1_469' title='bbox 1950 2358 2173 2410; x_wconf 84' lang='lat' dir='ltr'><strong>prorsus</strong></span> <span class='ocrx_word' id='word_1_470' title='bbox 2226 2343 2486 2399; x_wconf 82' lang='lat' dir='ltr'><strong>referunt.</strong></span> <span class='ocrx_word' id='word_1_471' title='bbox 2518 2343 2688 2412; x_wconf 86' lang='lat' dir='ltr'><strong>lgitur</strong></span> <span class='ocrx_word' id='word_1_472' title='bbox 2712 2360 2775 2398; x_wconf 84' lang='lat' dir='ltr'><strong>ex</strong></span> <span class='ocrx_word' id='word_1_473' title='bbox 2828 2345 3083 2413; x_wconf 85' lang='lat' dir='ltr'><strong>operibus</strong></span> <span class='ocrx_word' id='word_1_474' title='bbox 3147 2344 3377 2398; x_wconf 87' lang='lat' dir='ltr'><strong>istorum</strong></span> <span class='ocrx_word' id='word_1_475' title='bbox 3438 2342 3521 2396; x_wconf 85' lang='lat' dir='ltr'><strong>di-</strong></span> 
     </span>
    </p>
   </div>
   <div class='ocr_carea' id='block_1_69' title="bbox 1949 2434 3520 2505">
    <p class='ocr_par' dir='ltr' id='par_1_69' title="bbox 1949 2434 3520 2505">
     <span class='ocr_line' id='line_1_69' title="bbox 1949 2434 3520 2505; baseline -0.001 -15"><span class='ocrx_word' id='word_1_476' title='bbox 1949 2438 2145 2490; x_wconf 77' lang='lat' dir='ltr'><strong>scenda</strong></span> <span class='ocrx_word' id='word_1_477' title='bbox 2188 2445 2315 2490; x_wconf 88' lang='lat' dir='ltr'><strong>sunt</strong></span> <span class='ocrx_word' id='word_1_478' title='bbox 2361 2450 2484 2505; x_wconf 76' lang='lat' dir='ltr'><strong>quae</strong></span> <span class='ocrx_word' id='word_1_479' title='bbox 2521 2436 2834 2490; x_wconf 81' lang='lat' dir='ltr'><strong>sciscitatur</strong></span> <span class='ocrx_word' id='word_1_480' title='bbox 2873 2437 2956 2489; x_wconf 88' lang='lat' dir='ltr'><strong>vir</strong></span> <span class='ocrx_word' id='word_1_481' title='bbox 2981 2436 3280 2500; x_wconf 86' lang='lat' dir='ltr'><strong>studiosus,</strong></span> <span class='ocrx_word' id='word_1_482' title='bbox 3317 2434 3520 2503; x_wconf 87' lang='lat' dir='ltr'><strong>quibus</strong></span> 
     </span>
    </p>
   </div>
   <div class='ocr_carea' id='block_1_70' title="bbox 1948 2524 3518 2596">
    <p class='ocr_par' dir='ltr' id='par_1_70' title="bbox 1948 2524 3518 2596">
     <span class='ocr_line' id='line_1_70' title="bbox 1948 2524 3518 2596; baseline -0.003 -15"><span class='ocrx_word' id='word_1_483' title='bbox 1948 2527 2280 2582; x_wconf 80' lang='lat' dir='ltr'><strong>confidenter</strong></span> <span class='ocrx_word' id='word_1_484' title='bbox 2297 2526 2551 2596; x_wconf 89' lang='lat' dir='ltr'><strong>perlectis</strong></span> <span class='ocrx_word' id='word_1_485' title='bbox 2569 2535 2622 2581; x_wconf 91' lang='lat' dir='ltr'><strong>et</strong></span> <span class='ocrx_word' id='word_1_486' title='bbox 2644 2542 2806 2595; x_wconf 90' lang='lat' dir='ltr'><strong>quam</strong></span> <span class='ocrx_word' id='word_1_487' title='bbox 2834 2528 3058 2581; x_wconf 80' lang='lat' dir='ltr'><strong>exitiosa</strong></span> <span class='ocrx_word' id='word_1_488' title='bbox 3088 2525 3253 2581; x_wconf 89' lang='lat' dir='ltr'><strong>fuerit</strong></span> <span class='ocrx_word' id='word_1_489' title='bbox 3272 2524 3518 2578; x_wconf 85' lang='lat' dir='ltr'><strong>Barlaam</strong></span> 
     </span>
    </p>
   </div>
   <div class='ocr_carea' id='block_1_71' title="bbox 1951 2615 3518 2687">
    <p class='ocr_par' dir='ltr' id='par_1_71' title="bbox 1951 2615 3518 2687">
     <span class='ocr_line' id='line_1_71' title="bbox 1951 2615 3518 2687; baseline -0.002 -17"><span class='ocrx_word' id='word_1_490' title='bbox 1951 2616 2210 2682; x_wconf 67' lang='lat' dir='ltr'><strong>haeresis,</strong></span> <span class='ocrx_word' id='word_1_491' title='bbox 2268 2632 2541 2687; x_wconf 87' lang='lat' dir='ltr'><strong>quamque</strong></span> <span class='ocrx_word' id='word_1_492' title='bbox 2597 2616 2872 2671; x_wconf 78' lang='lat' dir='ltr'><strong>damnosae</strong></span> <span class='ocrx_word' id='word_1_493' title='bbox 2920 2617 3187 2687; x_wconf 81' lang='lat' dir='ltr'><strong>Acindyni</strong></span> <span class='ocrx_word' id='word_1_494' title='bbox 3240 2615 3518 2685; x_wconf 60' lang='lat' dir='ltr'><strong>periculo.</strong></span> 
     </span>
    </p>
   </div>
   <div class='ocr_carea' id='block_1_72' title="bbox 1950 2708 3520 2779">
    <p class='ocr_par' dir='ltr' id='par_1_72' title="bbox 1950 2708 3520 2779">
     <span class='ocr_line' id='line_1_72' title="bbox 1950 2708 3520 2779; baseline -0.001 -16"><span class='ocrx_word' id='word_1_495' title='bbox 1950 2709 2183 2764; x_wconf 78' lang='lat' dir='ltr'><strong>slssimae</strong></span> <span class='ocrx_word' id='word_1_496' title='bbox 2211 2710 2426 2778; x_wconf 61' lang='lat' dir='ltr'><strong>ineptia:</strong></span> <span class='ocrx_word' id='word_1_497' title='bbox 2465 2710 2745 2779; x_wconf 62' lang='lat' dir='ltr'><strong>plenaeque</strong></span> <span class='ocrx_word' id='word_1_498' title='bbox 2797 2708 3135 2763; x_wconf 83' lang='lat' dir='ltr'><strong>discriminis</strong></span> <span class='ocrx_word' id='word_1_499' title='bbox 3158 2708 3520 2776; x_wconf 65' lang='lat' dir='ltr'><strong>blasphemia:</strong></span> 
     </span>
    </p>
   </div>
   <div class='ocr_carea' id='block_1_73' title="bbox 1949 2802 3558 2874">
    <p class='ocr_par' dir='ltr' id='par_1_73' title="bbox 1949 2802 3558 2874">
     <span class='ocr_line' id='line_1_73' title="bbox 1949 2802 3558 2874; baseline -0.002 -17"><span class='ocrx_word' id='word_1_500' title='bbox 1949 2813 2231 2873; x_wconf 83' lang='lat' dir='ltr'><strong>agnoscet.</strong></span> <span class='ocrx_word' id='word_1_501' title='bbox 2266 2804 2478 2858; x_wconf 78' lang='lat' dir='ltr'><strong>Etenim</strong></span> <span class='ocrx_word' id='word_1_502' title='bbox 2506 2802 2751 2859; x_wconf 87' lang='lat' dir='ltr'><strong>Barlaam</strong></span> <span class='ocrx_word' id='word_1_503' title='bbox 2784 2805 3025 2874; x_wconf 83' lang='lat' dir='ltr'><strong>quidem,</strong></span> <span class='ocrx_word' id='word_1_504' title='bbox 3063 2811 3118 2854; x_wconf 91' lang='lat' dir='ltr'><strong>ut</strong></span> <span class='ocrx_word' id='word_1_505' title='bbox 3142 2802 3332 2872; x_wconf 90' lang='lat' dir='ltr'><strong>paucis</strong></span> <span class='ocrx_word' id='word_1_506' title='bbox 3354 2816 3521 2871; x_wconf 80' lang='lat' dir='ltr'><strong>expe—</strong></span> <span class='ocrx_word' id='word_1_507' title='bbox 3548 2805 3558 2813; x_wconf 85' lang='lat'><strong><em>‘</em></strong></span> 
     </span>
    </p>
   </div>
   <div class='ocr_carea' id='block_1_74' title="bbox 1951 2892 3523 2970">
    <p class='ocr_par' dir='ltr' id='par_1_74' title="bbox 1951 2892 3523 2970">
     <span class='ocr_line' id='line_1_74' title="bbox 1951 2892 3523 2970; baseline -0.003 -21"><span class='ocrx_word' id='word_1_508' title='bbox 1951 2895 2117 2959; x_wconf 88' lang='lat' dir='ltr'><strong>diam,</strong></span> <span class='ocrx_word' id='word_1_509' title='bbox 2146 2895 2429 2949; x_wconf 88' lang='lat' dir='ltr'><strong>erroribus</strong></span> <span class='ocrx_word' id='word_1_510' title='bbox 2449 2894 2761 2951; x_wconf 72' lang='lat' dir='ltr'><strong>Graecorum</strong></span> <span class='ocrx_word' id='word_1_511' title='bbox 2785 2895 3045 2958; x_wconf 86' lang='lat' dir='ltr'><strong>imbutus,</strong></span> <span class='ocrx_word' id='word_1_512' title='bbox 3069 2905 3122 2948; x_wconf 89' lang='lat' dir='ltr'><strong>et</strong></span> <span class='ocrx_word' id='word_1_513' title='bbox 3137 2894 3415 2970; x_wconf 67' lang='lat' dir='ltr'><strong>aestimans</strong></span> <span class='ocrx_word' id='word_1_514' title='bbox 3439 2892 3523 2945; x_wconf 89' lang='lat' dir='ltr'><strong>ni-</strong></span> 
     </span>
    </p>
   </div>
   <div class='ocr_carea' id='block_1_75' title="bbox 1950 2985 3522 3054">
    <p class='ocr_par' dir='ltr' id='par_1_75' title="bbox 1950 2985 3522 3054">
     <span class='ocr_line' id='line_1_75' title="bbox 1950 2985 3522 3054; baseline -0.001 -16"><span class='ocrx_word' id='word_1_515' title='bbox 1950 2986 2025 3039; x_wconf 90' lang='lat' dir='ltr'><strong>hil</strong></span> <span class='ocrx_word' id='word_1_516' title='bbox 2054 3000 2176 3041; x_wconf 91' lang='lat' dir='ltr'><strong>esse</strong></span> <span class='ocrx_word' id='word_1_517' title='bbox 2209 2995 2400 3054; x_wconf 51' lang='lat' dir='ltr'><strong>praeter</strong></span> <span class='ocrx_word' id='word_1_518' title='bbox 2432 3002 2497 3041; x_wconf 86' lang='lat' dir='ltr'><strong>ea</strong></span> <span class='ocrx_word' id='word_1_519' title='bbox 2522 3001 2642 3054; x_wconf 73' lang='lat' dir='ltr'><strong>qua:</strong></span> <span class='ocrx_word' id='word_1_520' title='bbox 2668 2987 2771 3041; x_wconf 89' lang='lat' dir='ltr'><strong>sub</strong></span> <span class='ocrx_word' id='word_1_521' title='bbox 2814 3001 3010 3040; x_wconf 73' lang='lat' dir='ltr'><strong>sensus</strong></span> <span class='ocrx_word' id='word_1_522' title='bbox 3037 2986 3256 3048; x_wconf 86' lang='lat' dir='ltr'><strong>cadunt,</strong></span> <span class='ocrx_word' id='word_1_523' title='bbox 3288 2985 3522 3038; x_wconf 86' lang='lat' dir='ltr'><strong>ducebat</strong></span> 
     </span>
    </p>
   </div>
   <div class='ocr_carea' id='block_1_76' title="bbox 1949 3075 3529 3146">
    <p class='ocr_par' dir='ltr' id='par_1_76' title="bbox 1949 3075 3529 3146">
     <span class='ocr_line' id='line_1_76' title="bbox 1949 3075 3529 3146; baseline -0.001 -18"><span class='ocrx_word' id='word_1_524' title='bbox 1949 3076 2039 3130; x_wconf 90' lang='lat' dir='ltr'><strong>ille</strong></span> <span class='ocrx_word' id='word_1_525' title='bbox 2062 3092 2297 3146; x_wconf 89' lang='lat' dir='ltr'><strong>nequam</strong></span> <span class='ocrx_word' id='word_1_526' title='bbox 2335 3078 2505 3131; x_wconf 86' lang='lat' dir='ltr'><strong>solam</strong></span> <span class='ocrx_word' id='word_1_527' title='bbox 2542 3077 2633 3131; x_wconf 89' lang='lat' dir='ltr'><strong>Dei</strong></span> <span class='ocrx_word' id='word_1_528' title='bbox 2661 3077 3109 3131; x_wconf 81' lang='lat' dir='ltr'><strong>illuminationem</strong></span> <span class='ocrx_word' id='word_1_529' title='bbox 3157 3083 3216 3129; x_wconf 83' lang='lat' dir='ltr'><strong>et</strong></span> <span class='ocrx_word' id='word_1_530' title='bbox 3236 3075 3529 3129; x_wconf 85' lang='lat' dir='ltr'><strong>scientiam-</strong></span> 
     </span>
    </p>
   </div>
   <div class='ocr_carea' id='block_1_77' title="bbox 1952 3166 3521 3238">
    <p class='ocr_par' dir='ltr' id='par_1_77' title="bbox 1952 3166 3521 3238">
     <span class='ocr_line' id='line_1_77' title="bbox 1952 3166 3521 3238; baseline -0.003 -17"><span class='ocrx_word' id='word_1_531' title='bbox 1952 3177 2116 3236; x_wconf 87' lang='lat' dir='ltr'><strong>atque</strong></span> <span class='ocrx_word' id='word_1_532' title='bbox 2144 3168 2465 3238; x_wconf 89' lang='lat' dir='ltr'><strong>sapientiam</strong></span> <span class='ocrx_word' id='word_1_533' title='bbox 2491 3168 2636 3222; x_wconf 86' lang='lat' dir='ltr'><strong>circa</strong></span> <span class='ocrx_word' id='word_1_534' title='bbox 2654 3182 2715 3222; x_wconf 90' lang='lat' dir='ltr'><strong>ea</strong></span> <span class='ocrx_word' id='word_1_535' title='bbox 2745 3185 2866 3236; x_wconf 77' lang='lat' dir='ltr'><strong>qua:</strong></span> <span class='ocrx_word' id='word_1_536' title='bbox 2903 3166 3040 3221; x_wconf 89' lang='lat' dir='ltr'><strong>facta</strong></span> <span class='ocrx_word' id='word_1_537' title='bbox 3088 3175 3216 3221; x_wconf 84' lang='lat' dir='ltr'><strong>sunt</strong></span> <span class='ocrx_word' id='word_1_538' title='bbox 3274 3174 3328 3219; x_wconf 90' lang='lat' dir='ltr'><strong>et</strong></span> <span class='ocrx_word' id='word_1_539' title='bbox 3391 3179 3521 3218; x_wconf 81' lang='lat' dir='ltr'><strong>con—</strong></span> 
     </span>
    </p>
   </div>
   <div class='ocr_carea' id='block_1_78' title="bbox 1950 3255 3523 3345">
    <p class='ocr_par' dir='ltr' id='par_1_78' title="bbox 1950 3255 3523 3345">
     <span class='ocr_line' id='line_1_78' title="bbox 1950 3255 3523 3345; baseline -0.004 -30"><span class='ocrx_word' id='word_1_540' title='bbox 1950 3260 2259 3330; x_wconf 86' lang='lat' dir='ltr'><strong>spiciuntur</strong></span> <span class='ocrx_word' id='word_1_541' title='bbox 2295 3260 2499 3345; x_wconf 66' lang='lat' dir='ltr'><strong>versari</strong></span> <span class='ocrx_word' id='word_1_542' title='bbox 2528 3276 2544 3328; x_wconf 88' lang='lat'><strong>;</strong></span> <span class='ocrx_word' id='word_1_543' title='bbox 2583 3261 2806 3330; x_wconf 90' lang='lat' dir='ltr'><strong>insuper</strong></span> <span class='ocrx_word' id='word_1_544' title='bbox 2857 3259 2999 3314; x_wconf 90' lang='lat' dir='ltr'><strong>scire</strong></span> <span class='ocrx_word' id='word_1_545' title='bbox 3045 3272 3268 3314; x_wconf 89' lang='lat' dir='ltr'><strong>cursum</strong></span> <span class='ocrx_word' id='word_1_546' title='bbox 3305 3255 3438 3311; x_wconf 90' lang='lat' dir='ltr'><strong>solis</strong></span> <span class='ocrx_word' id='word_1_547' title='bbox 3467 3266 3523 3309; x_wconf 89' lang='lat' dir='ltr'><strong>ct</strong></span> 
     </span>
    </p>
   </div>
   <div class='ocr_carea' id='block_1_79' title="bbox 1950 3348 3520 3421">
    <p class='ocr_par' dir='ltr' id='par_1_79' title="bbox 1950 3348 3520 3421">
     <span class='ocr_line' id='line_1_79' title="bbox 1950 3348 3520 3421; baseline -0.003 -16"><span class='ocrx_word' id='word_1_548' title='bbox 1950 3350 2093 3405; x_wconf 63' lang='lat' dir='ltr'><strong>lunae</strong></span> <span class='ocrx_word' id='word_1_549' title='bbox 2120 3351 2323 3405; x_wconf 80' lang='lat' dir='ltr'><strong>formas</strong></span> <span class='ocrx_word' id='word_1_550' title='bbox 2348 3359 2512 3419; x_wconf 87' lang='lat' dir='ltr'><strong>atque</strong></span> <span class='ocrx_word' id='word_1_551' title='bbox 2537 3350 2857 3407; x_wconf 83' lang='lat' dir='ltr'><strong>aﬂ&#39;ectiones</strong></span> <span class='ocrx_word' id='word_1_552' title='bbox 2885 3365 3022 3421; x_wconf 92' lang='lat' dir='ltr'><strong>quas</strong></span> <span class='ocrx_word' id='word_1_553' title='bbox 3053 3351 3202 3405; x_wconf 85' lang='lat' dir='ltr'><strong>fatua</strong></span> <span class='ocrx_word' id='word_1_554' title='bbox 3244 3348 3404 3403; x_wconf 84' lang='lat' dir='ltr'><strong>docet</strong></span> <span class='ocrx_word' id='word_1_555' title='bbox 3431 3363 3520 3402; x_wconf 88' lang='lat' dir='ltr'><strong>sa-</strong></span> 
     </span>
    </p>
   </div>
   <div class='ocr_carea' id='block_1_80' title="bbox 1948 3437 3523 3514">
    <p class='ocr_par' dir='ltr' id='par_1_80' title="bbox 1948 3437 3523 3514">
     <span class='ocr_line' id='line_1_80' title="bbox 1948 3437 3523 3514; baseline -0.001 -17"><span class='ocrx_word' id='word_1_556' title='bbox 1948 3443 2217 3512; x_wconf 87' lang='lat' dir='ltr'><strong>pientium</strong></span> <span class='ocrx_word' id='word_1_557' title='bbox 2278 3443 2641 3514; x_wconf 85' lang='lat' dir='ltr'><strong>profanorum</strong></span> <span class='ocrx_word' id='word_1_558' title='bbox 2699 3437 3051 3510; x_wconf 82' lang='lat' dir='ltr'><strong>observatio,</strong></span> <span class='ocrx_word' id='word_1_559' title='bbox 3114 3442 3398 3498; x_wconf 89' lang='lat' dir='ltr'><strong>scientiam</strong></span> <span class='ocrx_word' id='word_1_560' title='bbox 3467 3449 3523 3495; x_wconf 83' lang='lat' dir='ltr'><strong>et</strong></span> 
     </span>
    </p>
   </div>
   <div class='ocr_carea' id='block_1_81' title="bbox 1952 3534 3523 3597">
    <p class='ocr_par' dir='ltr' id='par_1_81' title="bbox 1952 3534 3523 3597">
     <span class='ocr_line' id='line_1_81' title="bbox 1952 3534 3523 3597; baseline -0.001 -7"><span class='ocrx_word' id='word_1_561' title='bbox 1952 3534 2403 3591; x_wconf 86' lang='lat' dir='ltr'><strong>illuminationem</strong></span> <span class='ocrx_word' id='word_1_562' title='bbox 2435 3535 2522 3590; x_wconf 91' lang='lat' dir='ltr'><strong>ille</strong></span> <span class='ocrx_word' id='word_1_563' title='bbox 2547 3534 2777 3591; x_wconf 88' lang='lat' dir='ltr'><strong>ducebat</strong></span> <span class='ocrx_word' id='word_1_564' title='bbox 2807 3550 2870 3590; x_wconf 90' lang='lat' dir='ltr'><strong>ac</strong></span> <span class='ocrx_word' id='word_1_565' title='bbox 2896 3534 3144 3597; x_wconf 84' lang='lat' dir='ltr'><strong>dicebat;</strong></span> <span class='ocrx_word' id='word_1_566' title='bbox 3178 3534 3393 3590; x_wconf 84' lang='lat' dir='ltr'><strong>necnon</strong></span> <span class='ocrx_word' id='word_1_567' title='bbox 3420 3551 3523 3590; x_wconf 64' lang='lat' dir='ltr'><strong>nuo</strong></span> 
     </span>
    </p>
   </div>
   <div class='ocr_carea' id='block_1_82' title="bbox 1951 3630 3522 3701">
    <p class='ocr_par' dir='ltr' id='par_1_82' title="bbox 1951 3630 3522 3701">
     <span class='ocr_line' id='line_1_82' title="bbox 1951 3630 3522 3701; baseline -0.001 -17"><span class='ocrx_word' id='word_1_568' title='bbox 1951 3644 2229 3685; x_wconf 88' lang='lat' dir='ltr'><strong>merorum</strong></span> <span class='ocrx_word' id='word_1_569' title='bbox 2278 3630 2711 3701; x_wconf 72' lang='lat' dir='ltr'><strong>convenientias,</strong></span> <span class='ocrx_word' id='word_1_570' title='bbox 2777 3631 3040 3700; x_wconf 81' lang='lat' dir='ltr'><strong>variaque</strong></span> <span class='ocrx_word' id='word_1_571' title='bbox 3061 3637 3116 3685; x_wconf 89' lang='lat' dir='ltr'><strong>et</strong></span> <span class='ocrx_word' id='word_1_572' title='bbox 3167 3631 3522 3686; x_wconf 78' lang='lat' dir='ltr'><strong>multiformia</strong></span> 
     </span>
    </p>
   </div>
   <div class='ocr_carea' id='block_1_83' title="bbox 1951 3720 3527 3794">
    <p class='ocr_par' dir='ltr' id='par_1_83' title="bbox 1951 3720 3527 3794">
     <span class='ocr_line' id='line_1_83' title="bbox 1951 3720 3527 3794; baseline -0.001 -18"><span class='ocrx_word' id='word_1_573' title='bbox 1951 3723 2265 3794; x_wconf 75' lang='lat' dir='ltr'><strong>geometriae</strong></span> <span class='ocrx_word' id='word_1_574' title='bbox 2296 3723 2660 3784; x_wconf 87' lang='lat' dir='ltr'><strong>theoremata,</strong></span> <span class='ocrx_word' id='word_1_575' title='bbox 2701 3722 2930 3776; x_wconf 76' lang='lat' dir='ltr'><strong>musicae</strong></span> <span class='ocrx_word' id='word_1_576' title='bbox 2988 3720 3333 3775; x_wconf 90' lang='lat' dir='ltr'><strong>harmoniam</strong></span> <span class='ocrx_word' id='word_1_577' title='bbox 3360 3731 3527 3789; x_wconf 80' lang='lat' dir='ltr'><strong>atque</strong></span> 
     </span>
    </p>
   </div>
   <div class='ocr_carea' id='block_1_84' title="bbox 1952 3813 3523 3885">
    <p class='ocr_par' dir='ltr' id='par_1_84' title="bbox 1952 3813 3523 3885">
     <span class='ocr_line' id='line_1_84' title="bbox 1952 3813 3523 3885; baseline -0.002 -16"><span class='ocrx_word' id='word_1_578' title='bbox 1952 3823 2133 3879; x_wconf 87' lang='lat' dir='ltr'><strong>tonos,</strong></span> <span class='ocrx_word' id='word_1_579' title='bbox 2155 3814 2622 3885; x_wconf 88' lang='lat' dir='ltr'><strong>sophisticamque</strong></span> <span class='ocrx_word' id='word_1_580' title='bbox 2648 3814 2933 3869; x_wconf 86' lang='lat' dir='ltr'><strong>stultitiam</strong></span> <span class='ocrx_word' id='word_1_581' title='bbox 2965 3827 3130 3882; x_wconf 85' lang='lat' dir='ltr'><strong>quam</strong></span> <span class='ocrx_word' id='word_1_582' title='bbox 3167 3813 3307 3867; x_wconf 88' lang='lat' dir='ltr'><strong>falso</strong></span> <span class='ocrx_word' id='word_1_583' title='bbox 3332 3813 3523 3882; x_wconf 69' lang='lat' dir='ltr'><strong>logica:</strong></span> 
     </span>
    </p>
   </div>
   <div class='ocr_carea' id='block_1_85' title="bbox 1951 3903 3524 3976">
    <p class='ocr_par' dir='ltr' id='par_1_85' title="bbox 1951 3903 3524 3976">
     <span class='ocr_line' id='line_1_85' title="bbox 1951 3903 3524 3976; baseline -0.004 -15"><span class='ocrx_word' id='word_1_584' title='bbox 1951 3908 2217 3962; x_wconf 89' lang='lat' dir='ltr'><strong>vocabulo</strong></span> <span class='ocrx_word' id='word_1_585' title='bbox 2265 3906 2439 3962; x_wconf 73' lang='lat' dir='ltr'><strong>Graeci</strong></span> <span class='ocrx_word' id='word_1_586' title='bbox 2493 3905 2792 3976; x_wconf 83' lang='lat' dir='ltr'><strong>appellant,</strong></span> <span class='ocrx_word' id='word_1_587' title='bbox 2837 3904 3079 3959; x_wconf 81' lang='lat' dir='ltr'><strong>divinam</strong></span> <span class='ocrx_word' id='word_1_588' title='bbox 3141 3903 3424 3958; x_wconf 89' lang='lat' dir='ltr'><strong>scientiam</strong></span> <span class='ocrx_word' id='word_1_589' title='bbox 3470 3914 3524 3956; x_wconf 85' lang='lat' dir='ltr'><strong>et</strong></span> 
     </span>
    </p>
   </div>
   <div class='ocr_carea' id='block_1_86' title="bbox 1952 3994 3524 4067">
    <p class='ocr_par' dir='ltr' id='par_1_86' title="bbox 1952 3994 3524 4067">
     <span class='ocr_line' id='line_1_86' title="bbox 1952 3994 3524 4067; baseline -0.004 -14"><span class='ocrx_word' id='word_1_590' title='bbox 1952 3998 2409 4053; x_wconf 84' lang='lat' dir='ltr'><strong>illuminationem</strong></span> <span class='ocrx_word' id='word_1_591' title='bbox 2460 3999 2628 4067; x_wconf 90' lang='lat' dir='ltr'><strong>impie</strong></span> <span class='ocrx_word' id='word_1_592' title='bbox 2662 3996 3026 4063; x_wconf 70' lang='lat' dir='ltr'><strong>nominabat;</strong></span> <span class='ocrx_word' id='word_1_593' title='bbox 3086 3995 3372 4063; x_wconf 88' lang='lat' dir='ltr'><strong>virumque</strong></span> <span class='ocrx_word' id='word_1_594' title='bbox 3426 3994 3524 4047; x_wconf 87' lang='lat' dir='ltr'><strong>ho-</strong></span> 
     </span>
    </p>
   </div>
   <div class='ocr_carea' id='block_1_87' title="bbox 1921 4088 3526 4163">
    <p class='ocr_par' dir='ltr' id='par_1_87' title="bbox 1921 4088 3526 4163">
     <span class='ocr_line' id='line_1_87' title="bbox 1921 4088 3526 4163; baseline -0.004 -15"><span class='ocrx_word' id='word_1_595' title='bbox 1921 4108 2075 4148; x_wconf 84' lang='lat' dir='ltr'><strong>-rum</strong></span> <span class='ocrx_word' id='word_1_596' title='bbox 2128 4092 2282 4146; x_wconf 86' lang='lat' dir='ltr'><strong>initia</strong></span> <span class='ocrx_word' id='word_1_597' title='bbox 2336 4093 2689 4158; x_wconf 86' lang='lat' dir='ltr'><strong>nescientem,</strong></span> <span class='ocrx_word' id='word_1_598' title='bbox 2751 4107 2927 4163; x_wconf 90' lang='lat' dir='ltr'><strong>neque</strong></span> <span class='ocrx_word' id='word_1_599' title='bbox 2978 4088 3332 4161; x_wconf 89' lang='lat' dir='ltr'><strong>profanarum</strong></span> <span class='ocrx_word' id='word_1_600' title='bbox 3382 4088 3526 4143; x_wconf 64' lang='lat' dir='ltr'><strong>noti.</strong></span> 
     </span>
    </p>
   </div>
   <div class='ocr_carea' id='block_1_88' title="bbox 1956 4184 3649 4259">
    <p class='ocr_par' dir='ltr' id='par_1_88' title="bbox 1956 4184 3649 4259">
     <span class='ocr_line' id='line_1_88' title="bbox 1956 4184 3649 4259; baseline -0.004 -19"><span class='ocrx_word' id='word_1_601' title='bbox 1956 4187 2087 4259; x_wconf 81' lang='lat' dir='ltr'><strong>tiam</strong></span> <span class='ocrx_word' id='word_1_602' title='bbox 2140 4185 2422 4239; x_wconf 85' lang='lat' dir='ltr'><strong>habentem</strong></span> <span class='ocrx_word' id='word_1_603' title='bbox 2477 4185 2848 4238; x_wconf 85' lang='lat' dir='ltr'><strong>doctrinarum</strong></span> <span class='ocrx_word' id='word_1_604' title='bbox 2894 4184 3148 4239; x_wconf 88' lang='lat' dir='ltr'><strong>insanum</strong></span> <span class='ocrx_word' id='word_1_605' title='bbox 3201 4185 3429 4238; x_wconf 82' lang='lat' dir='ltr'><strong>vocabat</strong></span> <span class='ocrx_word' id='word_1_606' title='bbox 3473 4190 3528 4235; x_wconf 89' lang='lat' dir='ltr'><strong>et</strong></span> <span class='ocrx_word' id='word_1_607' title='bbox 3634 4243 3649 4256; x_wconf 29' lang='grc' dir='ltr'><strong>κ</strong></span> 
     </span>
    </p>
   </div>
   <div class='ocr_carea' id='block_1_89' title="bbox 1954 4273 3529 4344">
    <p class='ocr_par' dir='ltr' id='par_1_89' title="bbox 1954 4273 3529 4344">
     <span class='ocr_line' id='line_1_89' title="bbox 1954 4273 3529 4344; baseline -0.002 -13"><span class='ocrx_word' id='word_1_608' title='bbox 1954 4277 2313 4338; x_wconf 72' lang='lat' dir='ltr'><strong>obcaecatum,</strong></span> <span class='ocrx_word' id='word_1_609' title='bbox 2348 4274 2618 4344; x_wconf 71' lang='lat' dir='ltr'><strong>prazcipne</strong></span> <span class='ocrx_word' id='word_1_610' title='bbox 2667 4277 2710 4329; x_wconf 91' lang='lat' dir='ltr'><strong>si</strong></span> <span class='ocrx_word' id='word_1_611' title='bbox 2744 4275 3023 4344; x_wconf 87' lang='lat' dir='ltr'><strong>ignoraret</strong></span> <span class='ocrx_word' id='word_1_612' title='bbox 3062 4273 3313 4329; x_wconf 89' lang='lat' dir='ltr'><strong>stolidam</strong></span> <span class='ocrx_word' id='word_1_613' title='bbox 3348 4275 3529 4330; x_wconf 80' lang='lat' dir='ltr'><strong>scien-</strong></span> 
     </span>
    </p>
   </div>
   <div class='ocr_carea' id='block_1_90' title="bbox 1957 4366 3525 4436">
    <p class='ocr_par' dir='ltr' id='par_1_90' title="bbox 1957 4366 3525 4436">
     <span class='ocr_line' id='line_1_90' title="bbox 1957 4366 3525 4436; baseline -0.001 -17"><span class='ocrx_word' id='word_1_614' title='bbox 1957 4369 2087 4421; x_wconf 90' lang='lat' dir='ltr'><strong>tiam</strong></span> <span class='ocrx_word' id='word_1_615' title='bbox 2152 4375 2205 4419; x_wconf 90' lang='lat' dir='ltr'><strong>et</strong></span> <span class='ocrx_word' id='word_1_616' title='bbox 2262 4366 2567 4421; x_wconf 87' lang='lat' dir='ltr'><strong>doctrinam</strong></span> <span class='ocrx_word' id='word_1_617' title='bbox 2625 4382 2746 4436; x_wconf 62' lang='lat' dir='ltr'><strong>quae</strong></span> <span class='ocrx_word' id='word_1_618' title='bbox 2802 4367 2947 4420; x_wconf 90' lang='lat' dir='ltr'><strong>circa</strong></span> <span class='ocrx_word' id='word_1_619' title='bbox 3008 4374 3188 4420; x_wconf 83' lang='lat' dir='ltr'><strong>motus</strong></span> <span class='ocrx_word' id='word_1_620' title='bbox 3250 4376 3525 4420; x_wconf 82' lang='lat' dir='ltr'><strong>astrorum</strong></span> 
     </span>
    </p>
   </div>
   <div class='ocr_carea' id='block_1_91' title="bbox 1958 4457 3527 4529">
    <p class='ocr_par' dir='ltr' id='par_1_91' title="bbox 1958 4457 3527 4529">
     <span class='ocr_line' id='line_1_91' title="bbox 1958 4457 3527 4529; baseline 0 -17"><span class='ocrx_word' id='word_1_621' title='bbox 1958 4468 2226 4525; x_wconf 87' lang='lat' dir='ltr'><strong>versatur,</strong></span> <span class='ocrx_word' id='word_1_622' title='bbox 2251 4458 2393 4526; x_wconf 84' lang='lat' dir='ltr'><strong>quod</strong></span> <span class='ocrx_word' id='word_1_623' title='bbox 2421 4458 2743 4529; x_wconf 82' lang='lat' dir='ltr'><strong>theologiam</strong></span> <span class='ocrx_word' id='word_1_624' title='bbox 2770 4459 2916 4513; x_wconf 87' lang='lat' dir='ltr'><strong>cient</strong></span> <span class='ocrx_word' id='word_1_625' title='bbox 2935 4457 3107 4512; x_wconf 52' lang='lat' dir='ltr'><strong>Graeci</strong></span> <span class='ocrx_word' id='word_1_626' title='bbox 3131 4458 3233 4528; x_wconf 79' lang='lat' dir='ltr'><strong>qui</strong></span> <span class='ocrx_word' id='word_1_627' title='bbox 3247 4466 3527 4513; x_wconf 84' lang='lat' dir='ltr'><strong>creaturas</strong></span> 
     </span>
    </p>
   </div>
   <div class='ocr_carea' id='block_1_92' title="bbox 276 4541 1850 4631">
    <p class='ocr_par' dir='ltr' id='par_1_92' title="bbox 276 4551 1850 4631">
     <span class='ocr_line' id='line_1_92' title="bbox 276 4551 1850 4631; baseline 0.008 -29"><span class='ocrx_word' id='word_1_628' title='bbox 276 4568 402 4614; x_wconf 79' lang='grc' dir='ltr'>των,</span> <span class='ocrx_word' id='word_1_629' title='bbox 443 4551 642 4618; x_wconf 78' lang='grc' dir='ltr'>ἄλογον</span> <span class='ocrx_word' id='word_1_630' title='bbox 671 4552 854 4605; x_wconf 69' lang='grc' dir='ltr'>ἐκάλει</span> <span class='ocrx_word' id='word_1_631' title='bbox 889 4554 981 4605; x_wconf 73' lang='grc' dir='ltr'>καὶ</span> <span class='ocrx_word' id='word_1_632' title='bbox 1010 4556 1307 4627; x_wconf 61' lang='grc' dir='ltr'>σκοτεινόν</span> <span class='ocrx_word' id='word_1_633' title='bbox 1339 4556 1630 4627; x_wconf 80' lang='grc' dir='ltr'>ἐξαιρέτως</span> <span class='ocrx_word' id='word_1_634' title='bbox 1658 4560 1715 4614; x_wconf 84' lang='grc' dir='ltr'>δὲ</span> <span class='ocrx_word' id='word_1_635' title='bbox 1754 4562 1850 4631; x_wconf 79' lang='grc' dir='ltr'>τὴν</span> 
     </span>
    </p>
   </div>
   <div class='ocr_carea' id='block_1_93' title="bbox 1950 4541 3526 4631">
    <p class='ocr_par' dir='ltr' id='par_1_93' title="bbox 1961 4541 3526 4619">
     <span class='ocr_line' id='line_1_93' title="bbox 1961 4541 3526 4619; baseline -0.001 -16"><span class='ocrx_word' id='word_1_636' title='bbox 1961 4551 2103 4605; x_wconf 89' lang='lat' dir='ltr'><strong>inter</strong></span> <span class='ocrx_word' id='word_1_637' title='bbox 2162 4552 2387 4605; x_wconf 86' lang='lat' dir='ltr'><strong>numina</strong></span> <span class='ocrx_word' id='word_1_638' title='bbox 2453 4550 2773 4615; x_wconf 84' lang='lat' dir='ltr'><strong>ascribunt,</strong></span> <span class='ocrx_word' id='word_1_639' title='bbox 2829 4559 3202 4619; x_wconf 71' lang='lat' dir='ltr'><strong>creaturteque</strong></span> <span class='ocrx_word' id='word_1_640' title='bbox 3264 4541 3526 4604; x_wconf 85' lang='lat' dir='ltr'><strong>honorem</strong></span> 
     </span>
    </p>
   </div>
   <div class='ocr_carea' id='block_1_94' title="bbox 278 4640 1855 4723">
    <p class='ocr_par' dir='ltr' id='par_1_94' title="bbox 278 4640 1855 4723">
     <span class='ocr_line' id='line_1_94' title="bbox 278 4640 1855 4723; baseline 0.008 -29"><span class='ocrx_word' id='word_1_641' title='bbox 278 4643 411 4712; x_wconf 70' lang='grc' dir='ltr'>περὶ</span> <span class='ocrx_word' id='word_1_642' title='bbox 443 4640 512 4695; x_wconf 85' lang='grc' dir='ltr'>τὰ</span> <span class='ocrx_word' id='word_1_643' title='bbox 543 4643 722 4711; x_wconf 83' lang='grc' dir='ltr'>ἄστρα</span> <span class='ocrx_word' id='word_1_644' title='bbox 754 4645 971 4713; x_wconf 88' lang='grc' dir='ltr'>κίνησιν</span> <span class='ocrx_word' id='word_1_645' title='bbox 1004 4646 1103 4705; x_wconf 79' lang='grc' dir='ltr'>τὴν</span> <span class='ocrx_word' id='word_1_646' title='bbox 1147 4648 1371 4716; x_wconf 84' lang='grc' dir='ltr'>ἀνόητον</span> <span class='ocrx_word' id='word_1_647' title='bbox 1406 4655 1733 4723; x_wconf 59' lang='grc' dir='ltr'>περιεργίαν</span> <span class='ocrx_word' id='word_1_648' title='bbox 1759 4655 1855 4709; x_wconf 80' lang='grc' dir='ltr'><strong>καὶ</strong></span> 
     </span>
    </p>
   </div>
   <div class='ocr_carea' id='block_1_95' title="bbox 278 4728 1857 4813">
    <p class='ocr_par' dir='ltr' id='par_1_95' title="bbox 278 4728 1857 4813">
     <span class='ocr_line' id='line_1_95' title="bbox 278 4728 1857 4813; baseline 0.01 -29"><span class='ocrx_word' id='word_1_649' title='bbox 278 4733 632 4804; x_wconf 82' lang='grc' dir='ltr'>κατανόησιν,</span> <span class='ocrx_word' id='word_1_650' title='bbox 647 4734 673 4786; x_wconf 85' lang='grc' dir='ltr'><strong>ὃ</strong></span> <span class='ocrx_word' id='word_1_651' title='bbox 693 4734 785 4787; x_wconf 73' lang='grc' dir='ltr'><strong>καὶ</strong></span> <span class='ocrx_word' id='word_1_652' title='bbox 806 4735 1082 4805; x_wconf 86' lang='grc' dir='ltr'>θεολογίαν</span> <span class='ocrx_word' id='word_1_653' title='bbox 1102 4739 1267 4808; x_wconf 78' lang='grc' dir='ltr'>φασὶν</span> <span class='ocrx_word' id='word_1_654' title='bbox 1289 4743 1338 4794; x_wconf 83' lang='grc' dir='ltr'>οἱ</span> <span class='ocrx_word' id='word_1_655' title='bbox 1358 4743 1424 4794; x_wconf 82' lang='grc' dir='ltr'><strong>τὰ</strong></span> <span class='ocrx_word' id='word_1_656' title='bbox 1442 4743 1719 4813; x_wconf 82' lang='grc' dir='ltr'>κτίσματα</span> <span class='ocrx_word' id='word_1_657' title='bbox 1743 4728 1857 4801; x_wconf 59' lang='grc' dir='ltr'>θεολ</span> 
     </span>
    </p>
   </div>
   <div class='ocr_carea' id='block_1_96' title="bbox 279 4823 1855 4909">
    <p class='ocr_par' dir='ltr' id='par_1_96' title="bbox 279 4823 1855 4909">
     <span class='ocr_line' id='line_1_96' title="bbox 279 4823 1855 4909; baseline 0.009 -33"><span class='ocrx_word' id='word_1_658' title='bbox 279 4824 597 4894; x_wconf 86' lang='grc' dir='ltr'>ποιούμενοι</span> <span class='ocrx_word' id='word_1_659' title='bbox 618 4823 901 4909; x_wconf 49' lang='grc' dir='ltr'>Ἕλληνες,</span> <span class='ocrx_word' id='word_1_660' title='bbox 917 4828 1011 4880; x_wconf 74' lang='grc' dir='ltr'>καὶ</span> <span class='ocrx_word' id='word_1_661' title='bbox 1027 4830 1093 4898; x_wconf 82' lang='grc' dir='ltr'>τῇ</span> <span class='ocrx_word' id='word_1_662' title='bbox 1117 4832 1288 4882; x_wconf 87' lang='grc' dir='ltr'>κτίσει</span> <span class='ocrx_word' id='word_1_663' title='bbox 1308 4832 1460 4900; x_wconf 77' lang='grc' dir='ltr'>παρὰ</span> <span class='ocrx_word' id='word_1_664' title='bbox 1483 4834 1574 4885; x_wconf 78' lang='grc' dir='ltr'>τὸν</span> <span class='ocrx_word' id='word_1_665' title='bbox 1594 4835 1855 4890; x_wconf 84' lang='grc' dir='ltr'>κτίσαντα</span> 
     </span>
    </p>
   </div>
   <div class='ocr_carea' id='block_1_97' title="bbox 276 4917 1859 4993">
    <p class='ocr_par' dir='ltr' id='par_1_97' title="bbox 276 4917 1859 4993">
     <span class='ocr_line' id='line_1_97' title="bbox 276 4917 1859 4993; baseline 0.006 -22"><span class='ocrx_word' id='word_1_666' title='bbox 276 4919 380 4987; x_wconf 85' lang='grc' dir='ltr'>τὴν</span> <span class='ocrx_word' id='word_1_667' title='bbox 398 4918 566 4989; x_wconf 78' lang='grc' dir='ltr'>τιμὴν</span> <span class='ocrx_word' id='word_1_668' title='bbox 596 4917 985 4988; x_wconf 80' lang='grc' dir='ltr'>ἀπονέμοντες.</span> <span class='ocrx_word' id='word_1_669' title='bbox 1032 4920 1115 4972; x_wconf 85' lang='grc' dir='ltr'>Ἐν</span> <span class='ocrx_word' id='word_1_670' title='bbox 1137 4920 1348 4983; x_wconf 79' lang='grc' dir='ltr'>τούτοις</span> <span class='ocrx_word' id='word_1_671' title='bbox 1381 4918 1477 4977; x_wconf 80' lang='grc' dir='ltr'><strong>οὖν</strong></span> <span class='ocrx_word' id='word_1_672' title='bbox 1505 4924 1692 4993; x_wconf 82' lang='grc' dir='ltr'>ἔλεγεν</span> <span class='ocrx_word' id='word_1_673' title='bbox 1720 4929 1859 4980; x_wconf 76' lang='grc' dir='ltr'>ἐκεῖ·</span> 
     </span>
    </p>
   </div>
   <div class='ocr_carea' id='block_1_98' title="bbox 278 5008 1855 5085">
    <p class='ocr_par' dir='ltr' id='par_1_98' title="bbox 278 5008 1855 5085">
     <span class='ocr_line' id='line_1_98' title="bbox 278 5008 1855 5085; baseline 0.003 -20"><span class='ocrx_word' id='word_1_674' title='bbox 278 5030 371 5074; x_wconf 79' lang='grc' dir='ltr'><strong>νος</strong></span> <span class='ocrx_word' id='word_1_675' title='bbox 398 5013 429 5065; x_wconf 80' lang='grc' dir='ltr'><strong><em>ὁ</em></strong></span> <span class='ocrx_word' id='word_1_676' title='bbox 452 5011 576 5071; x_wconf 85' lang='grc' dir='ltr'>λίαν</span> <span class='ocrx_word' id='word_1_677' title='bbox 606 5011 807 5079; x_wconf 81' lang='grc' dir='ltr'>άσοιρος</span> <span class='ocrx_word' id='word_1_678' title='bbox 839 5011 941 5079; x_wconf 83' lang='grc' dir='ltr'><strong>τήν</strong></span> <span class='ocrx_word' id='word_1_679' title='bbox 963 5028 1023 5063; x_wconf 89' lang='grc' dir='ltr'>τε</span> <span class='ocrx_word' id='word_1_680' title='bbox 1054 5011 1335 5080; x_wconf 88' lang='grc' dir='ltr'>θεολογίαν</span> <span class='ocrx_word' id='word_1_681' title='bbox 1365 5008 1505 5068; x_wconf 82' lang='grc' dir='ltr'>εἶναι</span> <span class='ocrx_word' id='word_1_682' title='bbox 1530 5019 1618 5068; x_wconf 79' lang='grc' dir='ltr'>καὶ</span> <span class='ocrx_word' id='word_1_683' title='bbox 1642 5017 1739 5085; x_wconf 78' lang='grc' dir='ltr'>τὴν</span> <span class='ocrx_word' id='word_1_684' title='bbox 1767 5035 1855 5070; x_wconf 84' lang='grc' dir='ltr'>σο-</span> 
     </span>
    </p>
   </div>
   <div class='ocr_carea' id='block_1_99' title="bbox 279 5103 1853 5172">
    <p class='ocr_par' dir='ltr' id='par_1_99' title="bbox 279 5103 1853 5172">
     <span class='ocr_line' id='line_1_99' title="bbox 279 5103 1853 5172; baseline 0.004 -16"><span class='ocrx_word' id='word_1_685' title='bbox 279 5103 434 5171; x_wconf 77' lang='grc' dir='ltr'>φίαν,</span> <span class='ocrx_word' id='word_1_686' title='bbox 468 5103 565 5155; x_wconf 77' lang='grc' dir='ltr'>καὶ</span> <span class='ocrx_word' id='word_1_687' title='bbox 595 5104 693 5171; x_wconf 71' lang='grc' dir='ltr'>τῆν</span> <span class='ocrx_word' id='word_1_688' title='bbox 722 5104 1030 5171; x_wconf 81' lang='grc' dir='ltr'>κατάληψιν</span> <span class='ocrx_word' id='word_1_689' title='bbox 1059 5104 1238 5156; x_wconf 86' lang='grc' dir='ltr'>αὐτῶν</span> <span class='ocrx_word' id='word_1_690' title='bbox 1268 5103 1510 5172; x_wconf 72' lang='grc' dir='ltr'>ἔντευξιν</span> <span class='ocrx_word' id='word_1_691' title='bbox 1547 5106 1687 5162; x_wconf 78' lang='grc' dir='ltr'>εἶναι</span> <span class='ocrx_word' id='word_1_692' title='bbox 1717 5111 1853 5163; x_wconf 81' lang='grc' dir='ltr'>Θεοῦ</span> 
     </span>
    </p>
   </div>
   <div class='ocr_carea' id='block_1_100' title="bbox 280 5194 1856 5271">
    <p class='ocr_par' dir='ltr' id='par_1_100' title="bbox 280 5194 1856 5271">
     <span class='ocr_line' id='line_1_100' title="bbox 280 5194 1856 5271; baseline 0.004 -23"><span class='ocrx_word' id='word_1_693' title='bbox 280 5194 378 5248; x_wconf 73' lang='grc' dir='ltr'><strong>καὶ</strong></span> <span class='ocrx_word' id='word_1_694' title='bbox 401 5194 569 5256; x_wconf 75' lang='grc' dir='ltr'>ὅντως</span> <span class='ocrx_word' id='word_1_695' title='bbox 603 5194 907 5262; x_wconf 76' lang='grc' dir='ltr'>φωτισμὸν,</span> <span class='ocrx_word' id='word_1_696' title='bbox 934 5197 960 5245; x_wconf 83' lang='grc' dir='ltr'><strong>ὁ</strong></span> <span class='ocrx_word' id='word_1_697' title='bbox 985 5194 1372 5266; x_wconf 84' lang='grc' dir='ltr'>ὲσκοτισμένος</span> <span class='ocrx_word' id='word_1_698' title='bbox 1402 5197 1497 5252; x_wconf 75' lang='grc' dir='ltr'>καὶ</span> <span class='ocrx_word' id='word_1_699' title='bbox 1537 5199 1744 5271; x_wconf 88' lang='grc' dir='ltr'>κτίσμα</span> <span class='ocrx_word' id='word_1_700' title='bbox 1780 5201 1856 5254; x_wconf 86' lang='grc' dir='ltr'>ὣν</span> 
     </span>
    </p>
   </div>
   <div class='ocr_carea' id='block_1_101' title="bbox 279 5286 1858 5361">
    <p class='ocr_par' dir='ltr' id='par_1_101' title="bbox 279 5286 1858 5361">
     <span class='ocr_line' id='line_1_101' title="bbox 279 5286 1858 5361; baseline 0.002 -19"><span class='ocrx_word' id='word_1_701' title='bbox 279 5286 544 5350; x_wconf 81' lang='grc' dir='ltr'>ἑκουσίως</span> <span class='ocrx_word' id='word_1_702' title='bbox 575 5287 832 5357; x_wconf 85' lang='grc' dir='ltr'>πονηρόν.</span> <span class='ocrx_word' id='word_1_703' title='bbox 880 5288 991 5341; x_wconf 66' lang='grc' dir='ltr'><strong>Καὶ</strong></span> <span class='ocrx_word' id='word_1_704' title='bbox 1022 5286 1257 5357; x_wconf 90' lang='grc' dir='ltr'>θεωρίαν</span> <span class='ocrx_word' id='word_1_705' title='bbox 1306 5288 1681 5361; x_wconf 82' lang='grc' dir='ltr'>ἀληθεστάτην</span> <span class='ocrx_word' id='word_1_706' title='bbox 1725 5292 1858 5345; x_wconf 77' lang='grc' dir='ltr'>ὠνό-</span> 
     </span>
    </p>
   </div>
   <div class='ocr_carea' id='block_1_102' title="bbox 284 5376 1856 5449">
    <p class='ocr_par' dir='ltr' id='par_1_102' title="bbox 284 5376 1856 5449">
     <span class='ocr_line' id='line_1_102' title="bbox 284 5376 1856 5449; baseline 0.003 -18"><span class='ocrx_word' id='word_1_707' title='bbox 284 5377 429 5449; x_wconf 79' lang='grc' dir='ltr'>μαζε</span> <span class='ocrx_word' id='word_1_708' title='bbox 488 5376 588 5446; x_wconf 79' lang='grc' dir='ltr'>τὴν</span> <span class='ocrx_word' id='word_1_709' title='bbox 631 5378 728 5430; x_wconf 70' lang='grc' dir='ltr'><strong>καὶ</strong></span> <span class='ocrx_word' id='word_1_710' title='bbox 769 5376 1015 5447; x_wconf 78' lang='grc' dir='ltr'>δυνατὴν“</span> <span class='ocrx_word' id='word_1_711' title='bbox 1034 5377 1114 5447; x_wconf 83' lang='grc' dir='ltr'>τῷ</span> <span class='ocrx_word' id='word_1_712' title='bbox 1168 5377 1481 5449; x_wconf 84' lang='grc' dir='ltr'>βουλομένῳ</span> <span class='ocrx_word' id='word_1_713' title='bbox 1530 5380 1856 5446; x_wconf 79' lang='grc' dir='ltr'>σκέψασθαι,</span> 
     </span>
    </p>
   </div>
   <div class='ocr_carea' id='block_1_103' title="bbox 280 5467 1858 5540">
    <p class='ocr_par' dir='ltr' id='par_1_103' title="bbox 280 5467 1858 5540">
     <span class='ocr_line' id='line_1_103' title="bbox 280 5467 1858 5540; baseline 0.002 -19"><span class='ocrx_word' id='word_1_714' title='bbox 280 5469 380 5521; x_wconf 79' lang='grc' dir='ltr'>καὶ</span> <span class='ocrx_word' id='word_1_715' title='bbox 403 5467 841 5538; x_wconf 83' lang='grc' dir='ltr'>ἀκαθαρτοτάτῳ</span> <span class='ocrx_word' id='word_1_716' title='bbox 872 5467 984 5521; x_wconf 85' lang='grc' dir='ltr'>τῶν</span> <span class='ocrx_word' id='word_1_717' title='bbox 1012 5467 1315 5539; x_wconf 87' lang='grc' dir='ltr'>ἀνθρώπων</span> <span class='ocrx_word' id='word_1_718' title='bbox 1346 5470 1449 5523; x_wconf 76' lang='grc' dir='ltr'>νοῒ.</span> <span class='ocrx_word' id='word_1_719' title='bbox 1483 5469 1579 5533; x_wconf 87' lang='grc' dir='ltr'>Ὃς</span> <span class='ocrx_word' id='word_1_720' title='bbox 1617 5471 1682 5540; x_wconf 82' lang='grc' dir='ltr'>δὴ</span> <span class='ocrx_word' id='word_1_721' title='bbox 1732 5472 1858 5536; x_wconf 83' lang='grc' dir='ltr'>νοῦς</span> 
     </span>
    </p>
   </div>
   <div class='ocr_carea' id='block_1_104' title="bbox 281 5558 1858 5632">
    <p class='ocr_par' dir='ltr' id='par_1_104' title="bbox 281 5558 1858 5632">
     <span class='ocr_line' id='line_1_104' title="bbox 281 5558 1858 5632; baseline 0.002 -20"><span class='ocrx_word' id='word_1_722' title='bbox 281 5558 632 5630; x_wconf 81' lang='grc' dir='ltr'>ἀνθρώπινος</span> <span class='ocrx_word' id='word_1_723' title='bbox 656 5560 750 5612; x_wconf 75' lang='grc' dir='ltr'>καὶ</span> <span class='ocrx_word' id='word_1_724' title='bbox 775 5562 1104 5629; x_wconf 85' lang='grc' dir='ltr'>τιμιώτερος</span> <span class='ocrx_word' id='word_1_725' title='bbox 1138 5560 1354 5629; x_wconf 80' lang='grc' dir='ltr'>δρᾶται,</span> <span class='ocrx_word' id='word_1_726' title='bbox 1386 5561 1481 5613; x_wconf 81' lang='grc' dir='ltr'>καὶ</span> <span class='ocrx_word' id='word_1_727' title='bbox 1524 5561 1858 5632; x_wconf 77' lang='grc' dir='ltr'>ὑψηλότερος</span> 
     </span>
    </p>
   </div>
   <div class='ocr_carea' id='block_1_105' title="bbox 282 5648 1858 5721">
    <p class='ocr_par' dir='ltr' id='par_1_105' title="bbox 282 5648 1858 5721">
     <span class='ocr_line' id='line_1_105' title="bbox 282 5648 1858 5721; baseline 0.002 -18"><span class='ocrx_word' id='word_1_728' title='bbox 282 5654 383 5717; x_wconf 77' lang='grc' dir='ltr'>τῆς</span> <span class='ocrx_word' id='word_1_729' title='bbox 416 5648 627 5702; x_wconf 88' lang='grc' dir='ltr'>τούτων</span> <span class='ocrx_word' id='word_1_730' title='bbox 659 5649 948 5719; x_wconf 80' lang='grc' dir='ltr'>κινήσεως,</span> <span class='ocrx_word' id='word_1_731' title='bbox 996 5648 1068 5712; x_wconf 77' lang='grc' dir='ltr'>ὡς</span> <span class='ocrx_word' id='word_1_732' title='bbox 1119 5649 1293 5703; x_wconf 82' lang='grc' dir='ltr'>ταῦτα</span> <span class='ocrx_word' id='word_1_733' title='bbox 1338 5651 1708 5721; x_wconf 83' lang='grc' dir='ltr'>κατειληφὼς,</span> <span class='ocrx_word' id='word_1_734' title='bbox 1764 5655 1858 5708; x_wconf 77' lang='grc' dir='ltr'>καὶ</span> 
     </span>
    </p>
   </div>
   <div class='ocr_carea' id='block_1_106' title="bbox 281 5739 1858 5813">
    <p class='ocr_par' dir='ltr' id='par_1_106' title="bbox 281 5739 1858 5813">
     <span class='ocr_line' id='line_1_106' title="bbox 281 5739 1858 5813; baseline 0.001 -19"><span class='ocrx_word' id='word_1_735' title='bbox 281 5739 582 5811; x_wconf 80' lang='grc' dir='ltr'>δυνάμενος</span> <span class='ocrx_word' id='word_1_736' title='bbox 611 5740 861 5811; x_wconf 77' lang='grc' dir='ltr'>θεωρεῖνο</span> <span class='ocrx_word' id='word_1_737' title='bbox 892 5739 1093 5809; x_wconf 78' lang='grc' dir='ltr'>μᾶλλον</span> <span class='ocrx_word' id='word_1_738' title='bbox 1118 5740 1178 5793; x_wconf 68' lang='grc' dir='ltr'>δὲ</span> <span class='ocrx_word' id='word_1_739' title='bbox 1204 5742 1390 5811; x_wconf 85' lang='grc' dir='ltr'>κύριος</span> <span class='ocrx_word' id='word_1_740' title='bbox 1415 5742 1508 5795; x_wconf 76' lang='grc' dir='ltr'>καὶ</span> <span class='ocrx_word' id='word_1_741' title='bbox 1528 5741 1732 5812; x_wconf 79' lang='grc' dir='ltr'>θεωρὸς</span> <span class='ocrx_word' id='word_1_742' title='bbox 1757 5744 1858 5813; x_wconf 83' lang='grc' dir='ltr'>τῆς</span> 
     </span>
    </p>
   </div>
   <div class='ocr_carea' id='block_1_107' title="bbox 282 5832 1854 5909">
    <p class='ocr_par' dir='ltr' id='par_1_107' title="bbox 282 5832 1854 5909">
     <span class='ocr_line' id='line_1_107' title="bbox 282 5832 1854 5909; baseline 0.002 -22"><span class='ocrx_word' id='word_1_743' title='bbox 282 5835 573 5904; x_wconf 81' lang='grc' dir='ltr'>ὁρωμένης</span> <span class='ocrx_word' id='word_1_744' title='bbox 604 5832 834 5896; x_wconf 80' lang='grc' dir='ltr'>κτίσεως</span> <span class='ocrx_word' id='word_1_745' title='bbox 882 5833 1145 5902; x_wconf 80' lang='grc' dir='ltr'>γεγονώς.</span> <span class='ocrx_word' id='word_1_746' title='bbox 1191 5834 1341 5888; x_wconf 81' lang='grc' dir='ltr'>Ἐπεὶ</span> <span class='ocrx_word' id='word_1_747' title='bbox 1372 5836 1465 5889; x_wconf 78' lang='grc' dir='ltr'>καὶ</span> <span class='ocrx_word' id='word_1_748' title='bbox 1511 5836 1576 5890; x_wconf 82' lang='grc' dir='ltr'>δι’</span> <span class='ocrx_word' id='word_1_749' title='bbox 1624 5836 1854 5909; x_wconf 78' lang='grc' dir='ltr'>αὐτὺνή</span> 
     </span>
    </p>
   </div>
   <div class='ocr_carea' id='block_1_108' title="bbox 1957 4641 3533 4712">
    <p class='ocr_par' dir='ltr' id='par_1_108' title="bbox 1957 4641 3533 4712">
     <span class='ocr_line' id='line_1_108' title="bbox 1957 4641 3533 4712; baseline 0 -14"><span class='ocrx_word' id='word_1_750' title='bbox 1957 4644 2201 4698; x_wconf 86' lang='lat' dir='ltr'><strong>Creatori</strong></span> <span class='ocrx_word' id='word_1_751' title='bbox 2255 4643 2495 4698; x_wconf 87' lang='lat' dir='ltr'><strong>debitum</strong></span> <span class='ocrx_word' id='word_1_752' title='bbox 2549 4643 2892 4709; x_wconf 83' lang='lat' dir='ltr'><strong>attribuunt;</strong></span> <span class='ocrx_word' id='word_1_753' title='bbox 2940 4643 2990 4696; x_wconf 90' lang='lat' dir='ltr'><strong>in</strong></span> <span class='ocrx_word' id='word_1_754' title='bbox 3022 4641 3105 4696; x_wconf 85' lang='lat' dir='ltr'><strong>bis</strong></span> <span class='ocrx_word' id='word_1_755' title='bbox 3181 4642 3344 4711; x_wconf 83' lang='lat' dir='ltr'><strong>igitur</strong></span> <span class='ocrx_word' id='word_1_756' title='bbox 3406 4658 3533 4712; x_wconf 72' lang='lat' dir='ltr'><strong>qua:</strong></span> 
     </span>
    </p>
   </div>
   <div class='ocr_carea' id='block_1_109' title="bbox 1956 4733 3533 4805">
    <p class='ocr_par' dir='ltr' id='par_1_109' title="bbox 1956 4733 3533 4805">
     <span class='ocr_line' id='line_1_109' title="bbox 1956 4733 3533 4805; baseline -0.002 -12"><span class='ocrx_word' id='word_1_757' title='bbox 1956 4738 2196 4793; x_wconf 83' lang='lat' dir='ltr'><strong>diximus</strong></span> <span class='ocrx_word' id='word_1_758' title='bbox 2242 4736 2326 4789; x_wconf 88' lang='lat' dir='ltr'><strong>vir</strong></span> <span class='ocrx_word' id='word_1_759' title='bbox 2398 4735 2489 4789; x_wconf 87' lang='lat' dir='ltr'><strong>ille</strong></span> <span class='ocrx_word' id='word_1_760' title='bbox 2537 4734 2801 4802; x_wconf 82' lang='lat' dir='ltr'><strong>insipiens</strong></span> <span class='ocrx_word' id='word_1_761' title='bbox 2859 4733 3027 4790; x_wconf 90' lang='lat' dir='ltr'><strong>nimis</strong></span> <span class='ocrx_word' id='word_1_762' title='bbox 3089 4734 3418 4805; x_wconf 83' lang='lat' dir='ltr'><strong>theologiam</strong></span> <span class='ocrx_word' id='word_1_763' title='bbox 3475 4747 3533 4790; x_wconf 76' lang='lat' dir='ltr'><strong>et</strong></span> 
     </span>
    </p>
   </div>
   <div class='ocr_carea' id='block_1_110' title="bbox 1955 4823 3528 4896">
    <p class='ocr_par' dir='ltr' id='par_1_110' title="bbox 1955 4823 3528 4896">
     <span class='ocr_line' id='line_1_110' title="bbox 1955 4823 3528 4896; baseline -0.001 -14"><span class='ocrx_word' id='word_1_764' title='bbox 1955 4827 2277 4892; x_wconf 80' lang='lat' dir='ltr'><strong>sapientiam</strong></span> <span class='ocrx_word' id='word_1_765' title='bbox 2321 4825 2581 4893; x_wconf 88' lang='lat' dir='ltr'><strong>ponebat;</strong></span> <span class='ocrx_word' id='word_1_766' title='bbox 2641 4823 2947 4893; x_wconf 90' lang='lat' dir='ltr'><strong>horumque</strong></span> <span class='ocrx_word' id='word_1_767' title='bbox 2980 4826 3528 4896; x_wconf 90' lang='lat' dir='ltr'><strong>comprehensionem</strong></span> 
     </span>
    </p>
   </div>
   <div class='ocr_carea' id='block_1_111' title="bbox 1953 4917 3533 4977">
    <p class='ocr_par' dir='ltr' id='par_1_111' title="bbox 1953 4917 3533 4977">
     <span class='ocr_line' id='line_1_111' title="bbox 1953 4917 3533 4977; baseline -0.002 -3"><span class='ocrx_word' id='word_1_768' title='bbox 1953 4920 2154 4974; x_wconf 89' lang='lat' dir='ltr'><strong>donum</strong></span> <span class='ocrx_word' id='word_1_769' title='bbox 2200 4932 2322 4973; x_wconf 88' lang='lat' dir='ltr'><strong>esse</strong></span> <span class='ocrx_word' id='word_1_770' title='bbox 2357 4917 2446 4970; x_wconf 86' lang='lat' dir='ltr'><strong>Dei</strong></span> <span class='ocrx_word' id='word_1_771' title='bbox 2498 4930 2797 4977; x_wconf 66' lang='lat' dir='ltr'><strong>veramque</strong></span> <span class='ocrx_word' id='word_1_772' title='bbox 2842 4917 3265 4975; x_wconf 81' lang='lat' dir='ltr'><strong>illustrationem</strong></span> <span class='ocrx_word' id='word_1_773' title='bbox 3305 4918 3533 4974; x_wconf 78' lang='lat' dir='ltr'><strong>dicebat</strong></span> 
     </span>
    </p>
   </div>
   <div class='ocr_carea' id='block_1_112' title="bbox 1957 5007 3533 5081">
    <p class='ocr_par' dir='ltr' id='par_1_112' title="bbox 1957 5007 3533 5081">
     <span class='ocr_line' id='line_1_112' title="bbox 1957 5007 3533 5081; baseline -0.003 -16"><span class='ocrx_word' id='word_1_774' title='bbox 1957 5011 2046 5065; x_wconf 90' lang='lat' dir='ltr'><strong>ille</strong></span> <span class='ocrx_word' id='word_1_775' title='bbox 2077 5009 2387 5064; x_wconf 68' lang='lat' dir='ltr'><strong>obcaecatus</strong></span> <span class='ocrx_word' id='word_1_776' title='bbox 2420 5009 2580 5061; x_wconf 93' lang='lat' dir='ltr'><strong>homo</strong></span> <span class='ocrx_word' id='word_1_777' title='bbox 2622 5007 2827 5078; x_wconf 78' lang='lat' dir='ltr'><strong>Deique</strong></span> <span class='ocrx_word' id='word_1_778' title='bbox 2863 5020 3113 5065; x_wconf 89' lang='lat' dir='ltr'><strong>creatura</strong></span> <span class='ocrx_word' id='word_1_779' title='bbox 3145 5010 3378 5081; x_wconf 55' lang='lat' dir='ltr'><strong>libegter</strong></span> <span class='ocrx_word' id='word_1_780' title='bbox 3408 5023 3533 5078; x_wconf 77' lang='lat' dir='ltr'><strong>per-</strong></span> 
     </span>
    </p>
   </div>
   <div class='ocr_carea' id='block_1_113' title="bbox 1958 5102 3530 5171">
    <p class='ocr_par' dir='ltr' id='par_1_113' title="bbox 1958 5102 3530 5171">
     <span class='ocr_line' id='line_1_113' title="bbox 1958 5102 3530 5171; baseline 0 -17"><span class='ocrx_word' id='word_1_781' title='bbox 1958 5117 2134 5165; x_wconf 86' lang='lat' dir='ltr'><strong>versa,</strong></span> <span class='ocrx_word' id='word_1_782' title='bbox 2166 5110 2219 5155; x_wconf 91' lang='lat' dir='ltr'><strong>et</strong></span> <span class='ocrx_word' id='word_1_783' title='bbox 2273 5115 2452 5153; x_wconf 73' lang='lat' dir='ltr'><strong>veram</strong></span> <span class='ocrx_word' id='word_1_784' title='bbox 2541 5102 3063 5171; x_wconf 85' lang='lat' dir='ltr'><strong>contemplationem</strong></span> <span class='ocrx_word' id='word_1_785' title='bbox 3116 5103 3345 5156; x_wconf 83' lang='lat' dir='ltr'><strong>vocabat</strong></span> <span class='ocrx_word' id='word_1_786' title='bbox 3406 5114 3530 5155; x_wconf 83' lang='lat' dir='ltr'><strong>eam</strong></span> 
     </span>
    </p>
   </div>
   <div class='ocr_carea' id='block_1_114' title="bbox 1957 5191 3535 5265">
    <p class='ocr_par' dir='ltr' id='par_1_114' title="bbox 1957 5191 3535 5265">
     <span class='ocr_line' id='line_1_114' title="bbox 1957 5191 3535 5265; baseline -0.003 -16"><span class='ocrx_word' id='word_1_787' title='bbox 1957 5211 2065 5265; x_wconf 88' lang='lat' dir='ltr'><strong>qua</strong></span> <span class='ocrx_word' id='word_1_788' title='bbox 2114 5191 2349 5263; x_wconf 81' lang='lat' dir='ltr'><strong>gaudere</strong></span> <span class='ocrx_word' id='word_1_789' title='bbox 2419 5200 2605 5262; x_wconf 87' lang='lat' dir='ltr'><strong>potest</strong></span> <span class='ocrx_word' id='word_1_790' title='bbox 2661 5195 2977 5259; x_wconf 77' lang='lat' dir='ltr'><strong>quicunque</strong></span> <span class='ocrx_word' id='word_1_791' title='bbox 3034 5192 3307 5256; x_wconf 84' lang='lat' dir='ltr'><strong>voluerit,</strong></span> <span class='ocrx_word' id='word_1_792' title='bbox 3369 5205 3535 5246; x_wconf 90' lang='lat' dir='ltr'><strong>mens</strong></span> 
     </span>
    </p>
   </div>
   <div class='ocr_carea' id='block_1_115' title="bbox 1957 5285 3528 5355">
    <p class='ocr_par' dir='ltr' id='par_1_115' title="bbox 1957 5285 3528 5355">
     <span class='ocr_line' id='line_1_115' title="bbox 1957 5285 3528 5355; baseline -0.003 -11"><span class='ocrx_word' id='word_1_793' title='bbox 1957 5289 2121 5344; x_wconf 89' lang='lat' dir='ltr'><strong>etiam</strong></span> <span class='ocrx_word' id='word_1_794' title='bbox 2154 5287 2438 5339; x_wconf 87' lang='lat' dir='ltr'><strong>hominum</strong></span> <span class='ocrx_word' id='word_1_795' title='bbox 2469 5286 2929 5350; x_wconf 72' lang='lat' dir='ltr'><strong>immundissima,</strong></span> <span class='ocrx_word' id='word_1_796' title='bbox 2960 5300 3081 5355; x_wconf 84' lang='lat' dir='ltr'><strong>quae</strong></span> <span class='ocrx_word' id='word_1_797' title='bbox 3103 5298 3257 5339; x_wconf 86' lang='lat' dir='ltr'><strong>mens</strong></span> <span class='ocrx_word' id='word_1_798' title='bbox 3288 5285 3528 5339; x_wconf 86' lang='lat' dir='ltr'><strong>humana</strong></span> 
     </span>
    </p>
   </div>
   <div class='ocr_carea' id='block_1_116' title="bbox 1959 5363 3615 5449">
    <p class='ocr_par' dir='ltr' id='par_1_116' title="bbox 1959 5363 3615 5449">
     <span class='ocr_line' id='line_1_116' title="bbox 1959 5363 3615 5449; baseline -0.003 -18"><span class='ocrx_word' id='word_1_799' title='bbox 1959 5377 2253 5449; x_wconf 86' lang='lat' dir='ltr'><strong>pretiosior</strong></span> <span class='ocrx_word' id='word_1_800' title='bbox 2287 5376 2502 5431; x_wconf 83' lang='lat' dir='ltr'><strong>videtur</strong></span> <span class='ocrx_word' id='word_1_801' title='bbox 2523 5383 2578 5430; x_wconf 92' lang='lat' dir='ltr'><strong>et</strong></span> <span class='ocrx_word' id='word_1_802' title='bbox 2643 5376 2915 5431; x_wconf 84' lang='lat' dir='ltr'><strong>sideribus</strong></span> <span class='ocrx_word' id='word_1_803' title='bbox 2962 5389 3084 5444; x_wconf 82' lang='lat' dir='ltr'><strong>quae</strong></span> <span class='ocrx_word' id='word_1_804' title='bbox 3110 5383 3398 5429; x_wconf 86' lang='lat' dir='ltr'><strong>moventur</strong></span> <span class='ocrx_word' id='word_1_805' title='bbox 3431 5389 3528 5430; x_wconf 89' lang='lat' dir='ltr'><strong>sn-</strong></span> <span class='ocrx_word' id='word_1_806' title='bbox 3611 5363 3615 5367; x_wconf 71' lang='grc'><em>’</em></span> 
     </span>
    </p>
   </div>
   <div class='ocr_carea' id='block_1_117' title="bbox 1961 5467 3526 5538">
    <p class='ocr_par' dir='ltr' id='par_1_117' title="bbox 1961 5467 3526 5538">
     <span class='ocr_line' id='line_1_117' title="bbox 1961 5467 3526 5538; baseline -0.002 -12"><span class='ocrx_word' id='word_1_807' title='bbox 1961 5471 2198 5535; x_wconf 88' lang='lat' dir='ltr'><strong>blimior,</strong></span> <span class='ocrx_word' id='word_1_808' title='bbox 2230 5485 2353 5526; x_wconf 92' lang='lat' dir='ltr'><strong>cum</strong></span> <span class='ocrx_word' id='word_1_809' title='bbox 2387 5469 2490 5525; x_wconf 88' lang='lat' dir='ltr'><strong>ista</strong></span> <span class='ocrx_word' id='word_1_810' title='bbox 2532 5468 2962 5538; x_wconf 88' lang='lat' dir='ltr'><strong>comprehendat</strong></span> <span class='ocrx_word' id='word_1_811' title='bbox 3007 5477 3061 5522; x_wconf 91' lang='lat' dir='ltr'><strong>et</strong></span> <span class='ocrx_word' id='word_1_812' title='bbox 3091 5467 3294 5523; x_wconf 88' lang='lat' dir='ltr'><strong>intueri</strong></span> <span class='ocrx_word' id='word_1_813' title='bbox 3328 5468 3526 5537; x_wconf 84' lang='lat' dir='ltr'><strong>possit.</strong></span> 
     </span>
    </p>
   </div>
   <div class='ocr_carea' id='block_1_118' title="bbox 1959 5558 3532 5629">
    <p class='ocr_par' dir='ltr' id='par_1_118' title="bbox 1959 5558 3532 5629">
     <span class='ocr_line' id='line_1_118' title="bbox 1959 5558 3532 5629; baseline -0.001 -12"><span class='ocrx_word' id='word_1_814' title='bbox 1959 5563 2071 5619; x_wconf 86' lang='lat' dir='ltr'><strong>imo</strong></span> <span class='ocrx_word' id='word_1_815' title='bbox 2112 5578 2236 5618; x_wconf 89' lang='lat' dir='ltr'><strong>cum</strong></span> <span class='ocrx_word' id='word_1_816' title='bbox 2286 5563 2449 5616; x_wconf 91' lang='lat' dir='ltr'><strong>homo</strong></span> <span class='ocrx_word' id='word_1_817' title='bbox 2505 5559 2762 5616; x_wconf 88' lang='lat' dir='ltr'><strong>dominus</strong></span> <span class='ocrx_word' id='word_1_818' title='bbox 2813 5566 2867 5614; x_wconf 91' lang='lat' dir='ltr'><strong>et</strong></span> <span class='ocrx_word' id='word_1_819' title='bbox 2922 5558 3234 5629; x_wconf 82' lang='lat' dir='ltr'><strong>speculator</strong></span> <span class='ocrx_word' id='word_1_820' title='bbox 3297 5559 3532 5616; x_wconf 71' lang='lat' dir='ltr'><strong>visibilis</strong></span> 
     </span>
    </p>
   </div>
   <div class='ocr_carea' id='block_1_119' title="bbox 1960 5651 3527 5721">
    <p class='ocr_par' dir='ltr' id='par_1_119' title="bbox 1960 5651 3527 5721">
     <span class='ocr_line' id='line_1_119' title="bbox 1960 5651 3527 5721; baseline -0.004 -10"><span class='ocrx_word' id='word_1_821' title='bbox 1960 5655 2257 5711; x_wconf 84' lang='lat' dir='ltr'><strong>creationis</strong></span> <span class='ocrx_word' id='word_1_822' title='bbox 2312 5654 2487 5708; x_wconf 82' lang='lat' dir='ltr'><strong>factus</strong></span> <span class='ocrx_word' id='word_1_823' title='bbox 2548 5651 2731 5716; x_wconf 87' lang='lat' dir='ltr'><strong>fuerit,</strong></span> <span class='ocrx_word' id='word_1_824' title='bbox 2761 5651 3017 5720; x_wconf 88' lang='lat' dir='ltr'><strong>quoniam</strong></span> <span class='ocrx_word' id='word_1_825' title='bbox 3050 5651 3168 5720; x_wconf 85' lang='lat' dir='ltr'><strong>ejus</strong></span> <span class='ocrx_word' id='word_1_826' title='bbox 3196 5651 3372 5721; x_wconf 75' lang='lat' dir='ltr'><strong>gratia</strong></span> <span class='ocrx_word' id='word_1_827' title='bbox 3408 5652 3527 5719; x_wconf 84' lang='lat' dir='ltr'><strong>ipsa</strong></span> 
     </span>
    </p>
   </div>
   <div class='ocr_carea' id='block_1_120' title="bbox 1963 5744 3527 5815">
    <p class='ocr_par' dir='ltr' id='par_1_120' title="bbox 1963 5744 3527 5815">
     <span class='ocr_line' id='line_1_120' title="bbox 1963 5744 3527 5815; baseline -0.003 -15"><span class='ocrx_word' id='word_1_828' title='bbox 1963 5745 2101 5802; x_wconf 86' lang='lat' dir='ltr'><strong>facta</strong></span> <span class='ocrx_word' id='word_1_829' title='bbox 2132 5754 2216 5803; x_wconf 88' lang='lat' dir='ltr'><strong>est</strong></span> <span class='ocrx_word' id='word_1_830' title='bbox 2249 5745 2458 5801; x_wconf 89' lang='lat' dir='ltr'><strong>creatio</strong></span> <span class='ocrx_word' id='word_1_831' title='bbox 2486 5754 2542 5801; x_wconf 90' lang='lat' dir='ltr'><strong>et</strong></span> <span class='ocrx_word' id='word_1_832' title='bbox 2596 5753 2817 5815; x_wconf 88' lang='lat' dir='ltr'><strong>propter</strong></span> <span class='ocrx_word' id='word_1_833' title='bbox 2849 5760 2972 5799; x_wconf 89' lang='lat' dir='ltr'><strong>eum</strong></span> <span class='ocrx_word' id='word_1_834' title='bbox 3019 5744 3355 5814; x_wconf 89' lang='lat' dir='ltr'><strong>corruptioni</strong></span> <span class='ocrx_word' id='word_1_835' title='bbox 3394 5744 3527 5797; x_wconf 44' lang='lat' dir='ltr'><strong>sub?</strong></span> 
     </span>
    </p>
   </div>
   <div class='ocr_carea' id='block_1_121' title="bbox 1966 5828 3526 5905">
    <p class='ocr_par' dir='ltr' id='par_1_121' title="bbox 1966 5828 3526 5905">
     <span class='ocr_line' id='line_1_121' title="bbox 1966 5828 3526 5905; baseline -0.005 -14"><span class='ocrx_word' id='word_1_836' title='bbox 1966 5836 2177 5902; x_wconf 88' lang='lat' dir='ltr'><strong>missa,</strong></span> <span class='ocrx_word' id='word_1_837' title='bbox 2252 5845 2415 5905; x_wconf 85' lang='lat' dir='ltr'><strong>prout</strong></span> <span class='ocrx_word' id='word_1_838' title='bbox 2494 5835 2651 5890; x_wconf 88' lang='lat' dir='ltr'><strong>docet</strong></span> <span class='ocrx_word' id='word_1_839' title='bbox 2718 5833 2917 5889; x_wconf 85' lang='lat' dir='ltr'><strong>Paulus</strong></span> <span class='ocrx_word' id='word_1_840' title='bbox 2983 5833 3225 5889; x_wconf 83' lang='lat' dir='ltr'><strong>dicens:</strong></span> <span class='ocrx_word' id='word_1_841' title='bbox 3288 5850 3306 5885; x_wconf 80' lang='grc' dir='ltr'><strong>ι</strong></span> <span class='ocrx_word' id='word_1_842' title='bbox 3362 5828 3526 5884; x_wconf 85' lang='lat' dir='ltr'><strong>Vani-</strong></span> 
     </span>
    </p>
   </div>
  </div>
