  <div class='ocr_page' id='page_1' title='image "/cluster/home/n/w/nwhite01/storage/ocr_20150623/155/mdp.39015022213998/081.png"; bbox 0 0 4076 6268; ppageno 0'>
   <div class='ocr_carea' id='block_1_1' title="bbox 515 395 615 457">
    <p class='ocr_par' dir='ltr' id='par_1_1' title="bbox 515 395 615 457">
     <span class='ocr_line' id='line_1_1' title="bbox 515 395 615 457; baseline 0 -1"><span class='ocrx_word' id='word_1_1' title='bbox 515 395 615 457; x_wconf 77' lang='lat' dir='ltr'><strong>M7</strong></span> 
     </span>
    </p>
   </div>
   <div class='ocr_carea' id='block_1_2' title="bbox 1366 376 2935 453">
    <p class='ocr_par' dir='ltr' id='par_1_2' title="bbox 1366 376 2935 453">
     <span class='ocr_line' id='line_1_2' title="bbox 1366 376 2935 453; baseline -0.004 -2"><span class='ocrx_word' id='word_1_2' title='bbox 1366 389 1744 453; x_wconf 83' lang='lat' dir='ltr'><strong>SYMEONIS</strong></span> <span class='ocrx_word' id='word_1_3' title='bbox 1778 384 2530 449; x_wconf 78' lang='lat' dir='ltr'><strong>THESSALONICENSIS</strong></span> <span class='ocrx_word' id='word_1_4' title='bbox 2580 376 2935 446; x_wconf 79' lang='lat' dir='ltr'><strong>ARCHIEP.</strong></span> 
     </span>
    </p>
   </div>
   <div class='ocr_carea' id='block_1_3' title="bbox 3657 379 3756 444">
    <p class='ocr_par' dir='ltr' id='par_1_3' title="bbox 3657 379 3756 444">
     <span class='ocr_line' id='line_1_3' title="bbox 3657 379 3756 444; baseline -0.02 -1"><span class='ocrx_word' id='word_1_5' title='bbox 3657 379 3756 444; x_wconf 65' lang='lat'><strong>158</strong></span> 
     </span>
    </p>
   </div>
   <div class='ocr_carea' id='block_1_4' title="bbox 509 498 2126 581">
    <p class='ocr_par' dir='ltr' id='par_1_4' title="bbox 509 503 2126 581">
     <span class='ocr_line' id='line_1_4' title="bbox 509 503 2126 581; baseline -0.008 -11"><span class='ocrx_word' id='word_1_6' title='bbox 509 519 608 572; x_wconf 83' lang='lat' dir='ltr'><strong>tati</strong></span> <span class='ocrx_word' id='word_1_7' title='bbox 639 517 784 573; x_wconf 88' lang='lat' dir='ltr'><strong>enim</strong></span> <span class='ocrx_word' id='word_1_8' title='bbox 839 526 1086 570; x_wconf 74' lang='lat' dir='ltr'><strong>creatura</strong></span> <span class='ocrx_word' id='word_1_9' title='bbox 1135 512 1381 581; x_wconf 81' lang='lat' dir='ltr'><strong>subjecta</strong></span> <span class='ocrx_word' id='word_1_10' title='bbox 1438 517 1544 576; x_wconf 89' lang='lat' dir='ltr'><strong>est,</strong></span> <span class='ocrx_word' id='word_1_11' title='bbox 1581 525 1689 565; x_wconf 91' lang='lat' dir='ltr'><strong>non</strong></span> <span class='ocrx_word' id='word_1_12' title='bbox 1730 507 1940 568; x_wconf 86' lang='lat' dir='ltr'><strong>volens,</strong></span> <span class='ocrx_word' id='word_1_13' title='bbox 1980 503 2075 559; x_wconf 85' lang='lat' dir='ltr'><strong>scd</strong></span> <span class='ocrx_word' id='word_1_14' title='bbox 2109 505 2126 564; x_wconf 69' lang='grc' dir='ltr'><em>Α</em></span> 
     </span>
    </p>
   </div>
   <div class='ocr_carea' id='block_1_5' title="bbox 2212 498 3754 581">
    <p class='ocr_par' dir='ltr' id='par_1_5' title="bbox 2212 498 3754 574">
     <span class='ocr_line' id='line_1_5' title="bbox 2212 498 3754 574; baseline -0.002 -19"><span class='ocrx_word' id='word_1_15' title='bbox 2212 505 2358 567; x_wconf 80' lang='grc' dir='ltr'><strong>τίσις</strong></span> <span class='ocrx_word' id='word_1_16' title='bbox 2386 504 2530 574; x_wconf 85' lang='grc' dir='ltr'><strong>αῦτη</strong></span> <span class='ocrx_word' id='word_1_17' title='bbox 2578 503 2893 572; x_wconf 83' lang='grc' dir='ltr'><strong>γεγένηται,</strong></span> <span class='ocrx_word' id='word_1_18' title='bbox 2948 501 3042 558; x_wconf 77' lang='grc' dir='ltr'><strong>καὶ</strong></span> <span class='ocrx_word' id='word_1_19' title='bbox 3093 499 3162 554; x_wconf 83' lang='grc' dir='ltr'><strong>δι’</strong></span> <span class='ocrx_word' id='word_1_20' title='bbox 3209 498 3371 553; x_wconf 76' lang='grc' dir='ltr'><strong>αὐτὸν</strong></span> <span class='ocrx_word' id='word_1_21' title='bbox 3407 498 3656 569; x_wconf 81' lang='grc' dir='ltr'><strong>ὑπέκυψε</strong></span> <span class='ocrx_word' id='word_1_22' title='bbox 3684 501 3754 569; x_wconf 77' lang='grc' dir='ltr'><strong>τῇ</strong></span> 
     </span>
    </p>
   </div>
   <div class='ocr_carea' id='block_1_6' title="bbox 507 591 2126 678">
    <p class='ocr_par' dir='ltr' id='par_1_6' title="bbox 507 597 2079 678">
     <span class='ocr_line' id='line_1_6' title="bbox 507 597 2079 678; baseline -0.006 -19"><span class='ocrx_word' id='word_1_23' title='bbox 507 615 731 678; x_wconf 81' lang='lat' dir='ltr'><strong>propter</strong></span> <span class='ocrx_word' id='word_1_24' title='bbox 776 621 900 660; x_wconf 91' lang='lat' dir='ltr'><strong>eum</strong></span> <span class='ocrx_word' id='word_1_25' title='bbox 934 606 1026 676; x_wconf 86' lang='lat' dir='ltr'><strong>qui</strong></span> <span class='ocrx_word' id='word_1_26' title='bbox 1089 605 1320 670; x_wconf 79' lang='lat' dir='ltr'><strong>subiecit</strong></span> <span class='ocrx_word' id='word_1_27' title='bbox 1371 617 1490 658; x_wconf 91' lang='lat' dir='ltr'><strong>eam</strong></span> <span class='ocrx_word' id='word_1_28' title='bbox 1543 603 1597 655; x_wconf 91' lang='lat' dir='ltr'><strong>in</strong></span> <span class='ocrx_word' id='word_1_29' title='bbox 1649 615 1765 671; x_wconf 86' lang='lat' dir='ltr'><strong>spe.</strong></span> <span class='ocrx_word' id='word_1_30' title='bbox 1810 617 1828 650; x_wconf 75' lang='grc' dir='ltr'>ι</span> <span class='ocrx_word' id='word_1_31' title='bbox 1865 597 2079 651; x_wconf 77' lang='lat' dir='ltr'><strong>Stultus</strong></span> 
     </span>
    </p>
   </div>
   <div class='ocr_carea' id='block_1_7' title="bbox 2212 591 3756 678">
    <p class='ocr_par' dir='ltr' id='par_1_7' title="bbox 2212 591 3756 667">
     <span class='ocr_line' id='line_1_7' title="bbox 2212 591 3756 667; baseline -0.001 -21"><span class='ocrx_word' id='word_1_32' title='bbox 2212 596 2383 667; x_wconf 73' lang='grc' dir='ltr'><strong>ιθορᾷ,</strong></span> <span class='ocrx_word' id='word_1_33' title='bbox 2415 595 2560 650; x_wconf 89' lang='grc' dir='ltr'><strong>καθά</strong></span> <span class='ocrx_word' id='word_1_34' title='bbox 2592 611 2696 648; x_wconf 88' lang='grc' dir='ltr'><strong>που</strong></span> <span class='ocrx_word' id='word_1_35' title='bbox 2735 594 2830 647; x_wconf 61' lang='grc' dir='ltr'><strong>καὶ⁵</strong></span> <span class='ocrx_word' id='word_1_36' title='bbox 2879 593 3094 655; x_wconf 79' lang='grc' dir='ltr'><strong>Παῦλος</strong></span> <span class='ocrx_word' id='word_1_37' title='bbox 3141 593 3272 662; x_wconf 77' lang='grc' dir='ltr'><strong>περὶ</strong></span> <span class='ocrx_word' id='word_1_38' title='bbox 3316 591 3508 646; x_wconf 80' lang='grc' dir='ltr'><strong>τούτου</strong></span> <span class='ocrx_word' id='word_1_39' title='bbox 3575 592 3714 662; x_wconf 69' lang='grc' dir='ltr'><strong>φησι</strong></span> <span class='ocrx_word' id='word_1_40' title='bbox 3738 633 3756 656; x_wconf 90' lang='grc'><strong>,</strong></span> 
     </span>
    </p>
   </div>
   <div class='ocr_carea' id='block_1_8' title="bbox 513 685 2077 760">
    <p class='ocr_par' dir='ltr' id='par_1_8' title="bbox 513 685 2077 760">
     <span class='ocr_line' id='line_1_8' title="bbox 513 685 2077 760; baseline -0.006 -13"><span class='ocrx_word' id='word_1_41' title='bbox 513 704 696 748; x_wconf 89' lang='lat' dir='ltr'><strong>autem</strong></span> <span class='ocrx_word' id='word_1_42' title='bbox 725 693 970 748; x_wconf 86' lang='lat' dir='ltr'><strong>Barlaam</strong></span> <span class='ocrx_word' id='word_1_43' title='bbox 1014 703 1251 747; x_wconf 89' lang='lat' dir='ltr'><strong>mentem</strong></span> <span class='ocrx_word' id='word_1_44' title='bbox 1281 691 1334 744; x_wconf 89' lang='lat' dir='ltr'><strong>iu</strong></span> <span class='ocrx_word' id='word_1_45' title='bbox 1371 689 1682 760; x_wconf 84' lang='lat' dir='ltr'><strong>disciplinis</strong></span> <span class='ocrx_word' id='word_1_46' title='bbox 1713 703 1834 758; x_wconf 66' lang='lat' dir='ltr'><strong>quae</strong></span> <span class='ocrx_word' id='word_1_47' title='bbox 1877 685 1941 741; x_wconf 91' lang='lat' dir='ltr'><strong>ad</strong></span> <span class='ocrx_word' id='word_1_48' title='bbox 1985 702 2077 738; x_wconf 82' lang='lat' dir='ltr'><strong>ar-</strong></span> 
     </span>
    </p>
   </div>
   <div class='ocr_carea' id='block_1_9' title="bbox 510 783 2081 854">
    <p class='ocr_par' dir='ltr' id='par_1_9' title="bbox 510 783 2081 854">
     <span class='ocr_line' id='line_1_9' title="bbox 510 783 2081 854; baseline -0.004 -13"><span class='ocrx_word' id='word_1_49' title='bbox 510 797 615 841; x_wconf 89' lang='lat' dir='ltr'><strong>tem</strong></span> <span class='ocrx_word' id='word_1_50' title='bbox 656 786 930 854; x_wconf 87' lang='lat' dir='ltr'><strong>pertinent</strong></span> <span class='ocrx_word' id='word_1_51' title='bbox 959 787 1145 840; x_wconf 90' lang='lat' dir='ltr'><strong>rudem</strong></span> <span class='ocrx_word' id='word_1_52' title='bbox 1171 791 1404 840; x_wconf 80' lang='lat' dir='ltr'><strong>mentem</strong></span> <span class='ocrx_word' id='word_1_53' title='bbox 1436 783 1807 838; x_wconf 89' lang='lat' dir='ltr'><strong>irrationalem</strong></span> <span class='ocrx_word' id='word_1_54' title='bbox 1839 788 1895 834; x_wconf 89' lang='lat' dir='ltr'><strong>et</strong></span> <span class='ocrx_word' id='word_1_55' title='bbox 1930 791 2081 834; x_wconf 88' lang='lat' dir='ltr'><strong>tene-</strong></span> 
     </span>
    </p>
   </div>
   <div class='ocr_carea' id='block_1_10' title="bbox 509 873 2083 948">
    <p class='ocr_par' dir='ltr' id='par_1_10' title="bbox 509 873 2083 948">
     <span class='ocr_line' id='line_1_10' title="bbox 509 873 2083 948; baseline -0.004 -16"><span class='ocrx_word' id='word_1_56' title='bbox 509 881 726 934; x_wconf 83' lang='lat' dir='ltr'><strong>brosam</strong></span> <span class='ocrx_word' id='word_1_57' title='bbox 757 879 984 934; x_wconf 78' lang='lat' dir='ltr'><strong>vocabat</strong></span> <span class='ocrx_word' id='word_1_58' title='bbox 1043 878 1130 933; x_wconf 89' lang='lat' dir='ltr'><strong>ille</strong></span> <span class='ocrx_word' id='word_1_59' title='bbox 1175 877 1572 948; x_wconf 83' lang='lat' dir='ltr'><strong>nequissimus,</strong></span> <span class='ocrx_word' id='word_1_60' title='bbox 1622 873 1872 932; x_wconf 82' lang='lat' dir='ltr'><strong>nesciens</strong></span> <span class='ocrx_word' id='word_1_61' title='bbox 1917 873 2083 926; x_wconf 89' lang='lat' dir='ltr'><strong>homo</strong></span> 
     </span>
    </p>
   </div>
   <div class='ocr_carea' id='block_1_11' title="bbox 2189 682 3755 759">
    <p class='ocr_par' dir='ltr' id='par_1_11' title="bbox 2189 682 3755 759">
     <span class='ocr_line' id='line_1_11' title="bbox 2189 682 3755 759; baseline -0.004 -18"><span class='ocrx_word' id='word_1_62' title='bbox 2189 707 2208 741; x_wconf 78' lang='grc' dir='ltr'><strong>ι</strong></span> <span class='ocrx_word' id='word_1_63' title='bbox 2246 689 2325 759; x_wconf 78' lang='grc' dir='ltr'><strong>Τῇ</strong></span> <span class='ocrx_word' id='word_1_64' title='bbox 2360 688 2470 757; x_wconf 85' lang='grc' dir='ltr'><strong>γάρ</strong></span> <span class='ocrx_word' id='word_1_65' title='bbox 2523 686 2846 758; x_wconf 78' lang='grc' dir='ltr'><strong>ματαιότητι</strong></span> <span class='ocrx_word' id='word_1_66' title='bbox 2873 687 2906 755; x_wconf 79' lang='grc' dir='ltr'><strong>ἡ</strong></span> <span class='ocrx_word' id='word_1_67' title='bbox 2936 685 3114 746; x_wconf 87' lang='grc' dir='ltr'><strong>κτίσις</strong></span> <span class='ocrx_word' id='word_1_68' title='bbox 3167 683 3439 754; x_wconf 82' lang='grc' dir='ltr'><strong>ὑπετάγη.</strong></span> <span class='ocrx_word' id='word_1_69' title='bbox 3478 702 3496 734; x_wconf 78' lang='grc' dir='ltr'><strong>ι</strong></span> <span class='ocrx_word' id='word_1_70' title='bbox 3556 682 3755 751; x_wconf 83' lang='grc' dir='ltr'><strong>λέγων,</strong></span> 
     </span>
    </p>
   </div>
   <div class='ocr_carea' id='block_1_12' title="bbox 2189 774 3754 849">
    <p class='ocr_par' dir='ltr' id='par_1_12' title="bbox 2189 774 3754 849">
     <span class='ocr_line' id='line_1_12' title="bbox 2189 774 3754 849; baseline -0.001 -17"><span class='ocrx_word' id='word_1_71' title='bbox 2189 799 2208 832; x_wconf 77' lang='grc' dir='ltr'><strong>ι</strong></span> <span class='ocrx_word' id='word_1_72' title='bbox 2241 779 2339 849; x_wconf 79' lang='grc' dir='ltr'><strong>οὐχ</strong></span> <span class='ocrx_word' id='word_1_73' title='bbox 2372 778 2596 844; x_wconf 74' lang='grc' dir='ltr'><strong>ἑκοῦσα,</strong></span> <span class='ocrx_word' id='word_1_74' title='bbox 2627 777 2763 832; x_wconf 86' lang='grc' dir='ltr'><strong>άλλά</strong></span> <span class='ocrx_word' id='word_1_75' title='bbox 2783 779 2871 832; x_wconf 75' lang='grc' dir='ltr'><strong>διὰ</strong></span> <span class='ocrx_word' id='word_1_76' title='bbox 2897 779 2986 832; x_wconf 71' lang='grc' dir='ltr'><strong>τδν</strong></span> <span class='ocrx_word' id='word_1_77' title='bbox 3009 777 3355 842; x_wconf 78' lang='grc' dir='ltr'><strong>ὑποτάξαντα</strong></span> <span class='ocrx_word' id='word_1_78' title='bbox 3385 776 3472 829; x_wconf 77' lang='grc' dir='ltr'><strong>ἐπ’</strong></span> <span class='ocrx_word' id='word_1_79' title='bbox 3498 774 3678 829; x_wconf 70' lang='grc' dir='ltr'><strong>ἐλπίδι</strong></span> <span class='ocrx_word' id='word_1_80' title='bbox 3707 795 3754 831; x_wconf 76' lang='grc' dir='ltr'><strong>ι.</strong></span> 
     </span>
    </p>
   </div>
   <div class='ocr_carea' id='block_1_13' title="bbox 2194 866 3761 939">
    <p class='ocr_par' dir='ltr' id='par_1_13' title="bbox 2194 866 3761 939">
     <span class='ocr_line' id='line_1_13' title="bbox 2194 866 3761 939; baseline -0.005 -14"><span class='ocrx_word' id='word_1_81' title='bbox 2194 873 2256 925; x_wconf 89' lang='lat'><strong>&#39;0</strong></span> <span class='ocrx_word' id='word_1_82' title='bbox 2287 871 2345 924; x_wconf 80' lang='grc' dir='ltr'><strong>δέ</strong></span> <span class='ocrx_word' id='word_1_83' title='bbox 2384 888 2448 939; x_wconf 90' lang='grc' dir='ltr'><strong>γε</strong></span> <span class='ocrx_word' id='word_1_84' title='bbox 2483 871 2742 935; x_wconf 79' lang='grc' dir='ltr'><strong>ἀσύνετος</strong></span> <span class='ocrx_word' id='word_1_85' title='bbox 2771 869 3040 939; x_wconf 83' lang='grc' dir='ltr'><strong>Βαρλαάμ</strong></span> <span class='ocrx_word' id='word_1_86' title='bbox 3068 867 3193 922; x_wconf 80' lang='grc' dir='ltr'><strong>νοῦν</strong></span> <span class='ocrx_word' id='word_1_87' title='bbox 3247 868 3339 922; x_wconf 65' lang='grc' dir='ltr'><strong>τὴν</strong></span> <span class='ocrx_word' id='word_1_88' title='bbox 3373 867 3450 937; x_wconf 82' lang='grc' dir='ltr'><strong>μὴ</strong></span> <span class='ocrx_word' id='word_1_89' title='bbox 3485 867 3613 938; x_wconf 76' lang='grc' dir='ltr'><strong>περὶ</strong></span> <span class='ocrx_word' id='word_1_90' title='bbox 3648 866 3761 920; x_wconf 85' lang='grc' dir='ltr'><strong>τῶν</strong></span> 
     </span>
    </p>
   </div>
   <div class='ocr_carea' id='block_1_14' title="bbox 508 964 2080 1038">
    <p class='ocr_par' dir='ltr' id='par_1_14' title="bbox 508 964 2080 1038">
     <span class='ocr_line' id='line_1_14' title="bbox 508 964 2080 1038; baseline -0.001 -19"><span class='ocrx_word' id='word_1_91' title='bbox 508 984 682 1024; x_wconf 75' lang='lat' dir='ltr'><strong>vanus</strong></span> <span class='ocrx_word' id='word_1_92' title='bbox 707 971 963 1038; x_wconf 82' lang='lat' dir='ltr'><strong>quoniam</strong></span> <span class='ocrx_word' id='word_1_93' title='bbox 995 969 1092 1023; x_wconf 79' lang='lat' dir='ltr'><strong>iSta</strong></span> <span class='ocrx_word' id='word_1_94' title='bbox 1125 969 1342 1038; x_wconf 86' lang='lat' dir='ltr'><strong>quidem</strong></span> <span class='ocrx_word' id='word_1_95' title='bbox 1389 979 1612 1038; x_wconf 84' lang='lat' dir='ltr'><strong>propter</strong></span> <span class='ocrx_word' id='word_1_96' title='bbox 1644 982 1746 1022; x_wconf 90' lang='lat' dir='ltr'><strong>nos</strong></span> <span class='ocrx_word' id='word_1_97' title='bbox 1778 976 1837 1021; x_wconf 90' lang='lat' dir='ltr'><strong>ut</strong></span> <span class='ocrx_word' id='word_1_98' title='bbox 1864 964 2080 1032; x_wconf 84' lang='lat' dir='ltr'><strong>corpori</strong></span> 
     </span>
    </p>
   </div>
   <div class='ocr_carea' id='block_1_15' title="bbox 512 1057 2079 1132">
    <p class='ocr_par' dir='ltr' id='par_1_15' title="bbox 512 1057 2079 1132">
     <span class='ocr_line' id='line_1_15' title="bbox 512 1057 2079 1132; baseline -0.003 -17"><span class='ocrx_word' id='word_1_99' title='bbox 512 1061 866 1130; x_wconf 71' lang='lat' dir='ltr'><strong>providentur</strong></span> <span class='ocrx_word' id='word_1_100' title='bbox 901 1062 1262 1132; x_wconf 69' lang='lat' dir='ltr'><strong>praesentique</strong></span> <span class='ocrx_word' id='word_1_101' title='bbox 1297 1062 1418 1116; x_wconf 74' lang='lat' dir='ltr'><strong>vita:</strong></span> <span class='ocrx_word' id='word_1_102' title='bbox 1464 1071 1661 1116; x_wconf 79' lang='lat' dir='ltr'><strong>nostrae</strong></span> <span class='ocrx_word' id='word_1_103' title='bbox 1699 1060 1911 1130; x_wconf 90' lang='lat' dir='ltr'><strong>prosint</strong></span> <span class='ocrx_word' id='word_1_104' title='bbox 1941 1057 2079 1114; x_wconf 81' lang='lat' dir='ltr'><strong>facta</strong></span> 
     </span>
    </p>
   </div>
   <div class='ocr_carea' id='block_1_16' title="bbox 515 1153 2084 1222">
    <p class='ocr_par' dir='ltr' id='par_1_16' title="bbox 515 1153 2084 1222">
     <span class='ocr_line' id='line_1_16' title="bbox 515 1153 2084 1222; baseline -0.002 -16"><span class='ocrx_word' id='word_1_105' title='bbox 515 1162 663 1218; x_wconf 86' lang='lat' dir='ltr'><strong>sunt,</strong></span> <span class='ocrx_word' id='word_1_106' title='bbox 713 1155 816 1208; x_wconf 86' lang='lat' dir='ltr'><strong>alia</strong></span> <span class='ocrx_word' id='word_1_107' title='bbox 868 1169 1000 1208; x_wconf 91' lang='lat' dir='ltr'><strong>vero</strong></span> <span class='ocrx_word' id='word_1_108' title='bbox 1054 1163 1235 1210; x_wconf 91' lang='lat' dir='ltr'><strong>sunta</strong></span> <span class='ocrx_word' id='word_1_109' title='bbox 1269 1155 1377 1210; x_wconf 91' lang='lat' dir='ltr'><strong>Deo</strong></span> <span class='ocrx_word' id='word_1_110' title='bbox 1425 1153 1580 1209; x_wconf 87' lang='lat' dir='ltr'><strong>nobis</strong></span> <span class='ocrx_word' id='word_1_111' title='bbox 1623 1161 1923 1222; x_wconf 76' lang='lat' dir='ltr'><strong>prteparata</strong></span> <span class='ocrx_word' id='word_1_112' title='bbox 1959 1159 2084 1204; x_wconf 89' lang='lat' dir='ltr'><strong>ante</strong></span> 
     </span>
    </p>
   </div>
   <div class='ocr_carea' id='block_1_17' title="bbox 2189 959 3764 1038">
    <p class='ocr_par' dir='ltr' id='par_1_17' title="bbox 2189 959 3764 1038">
     <span class='ocr_line' id='line_1_17' title="bbox 2189 959 3764 1038; baseline -0.004 -18"><span class='ocrx_word' id='word_1_113' title='bbox 2189 959 2529 1038; x_wconf 79' lang='grc' dir='ltr'><strong>μαθημάτων</strong></span> <span class='ocrx_word' id='word_1_114' title='bbox 2585 965 2695 1019; x_wconf 86' lang='grc' dir='ltr'><strong>τῶν</strong></span> <span class='ocrx_word' id='word_1_115' title='bbox 2749 964 3014 1034; x_wconf 75' lang='grc' dir='ltr'><strong>ἐντέχνων</strong></span> <span class='ocrx_word' id='word_1_116' title='bbox 3067 962 3248 1016; x_wconf 75' lang='grc' dir='ltr'><strong>εἰδότα</strong></span> <span class='ocrx_word' id='word_1_117' title='bbox 3307 960 3433 1016; x_wconf 94' lang='grc' dir='ltr'><strong>νοῦν</strong></span> <span class='ocrx_word' id='word_1_118' title='bbox 3487 961 3679 1027; x_wconf 77' lang='grc' dir='ltr'><strong>ἄλογον</strong></span> <span class='ocrx_word' id='word_1_119' title='bbox 3733 961 3764 1014; x_wconf 89' lang='lat'><strong>6</strong></span> 
     </span>
    </p>
   </div>
   <div class='ocr_carea' id='block_1_18' title="bbox 2184 1050 3760 1124">
    <p class='ocr_par' dir='ltr' id='par_1_18' title="bbox 2184 1050 3760 1124">
     <span class='ocr_line' id='line_1_18' title="bbox 2184 1050 3760 1124; baseline -0.007 -10"><span class='ocrx_word' id='word_1_120' title='bbox 2184 1060 2414 1123; x_wconf 85' lang='grc' dir='ltr'><strong>δείλαιος</strong></span> <span class='ocrx_word' id='word_1_121' title='bbox 2435 1057 2701 1113; x_wconf 80' lang='grc' dir='ltr'><strong>ἀπεκάλει</strong></span> <span class='ocrx_word' id='word_1_122' title='bbox 2727 1058 2819 1112; x_wconf 56' lang='grc' dir='ltr'><strong>καὶ⁵</strong></span> <span class='ocrx_word' id='word_1_123' title='bbox 2842 1055 3138 1113; x_wconf 71' lang='grc' dir='ltr'><strong>σκοτεινὸν,</strong></span> <span class='ocrx_word' id='word_1_124' title='bbox 3166 1056 3242 1124; x_wconf 78' lang='grc' dir='ltr'><strong>μὴ</strong></span> <span class='ocrx_word' id='word_1_125' title='bbox 3267 1050 3421 1115; x_wconf 73' lang='grc' dir='ltr'><strong>εἰδὼς</strong></span> <span class='ocrx_word' id='word_1_126' title='bbox 3446 1055 3472 1106; x_wconf 98' lang='lat'><strong>6</strong></span> <span class='ocrx_word' id='word_1_127' title='bbox 3505 1053 3760 1120; x_wconf 69' lang='grc' dir='ltr'><strong>μάταιος,</strong></span> 
     </span>
    </p>
   </div>
   <div class='ocr_carea' id='block_1_19' title="bbox 2184 1140 3762 1216">
    <p class='ocr_par' dir='ltr' id='par_1_19' title="bbox 2184 1140 3762 1216">
     <span class='ocr_line' id='line_1_19' title="bbox 2184 1140 3762 1216; baseline -0.005 -14"><span class='ocrx_word' id='word_1_128' title='bbox 2184 1149 2261 1212; x_wconf 81' lang='grc' dir='ltr'><strong>ὡς</strong></span> <span class='ocrx_word' id='word_1_129' title='bbox 2291 1150 2463 1201; x_wconf 85' lang='grc' dir='ltr'><strong>ταῦτα</strong></span> <span class='ocrx_word' id='word_1_130' title='bbox 2505 1147 2606 1216; x_wconf 77' lang='grc' dir='ltr'><strong>μὲν</strong></span> <span class='ocrx_word' id='word_1_131' title='bbox 2658 1147 2725 1200; x_wconf 87' lang='grc' dir='ltr'><strong>δι’</strong></span> <span class='ocrx_word' id='word_1_132' title='bbox 2756 1147 2924 1216; x_wconf 79' lang='grc' dir='ltr'><strong>ἡμᾶς,</strong></span> <span class='ocrx_word' id='word_1_133' title='bbox 2959 1146 3055 1198; x_wconf 72' lang='grc' dir='ltr'><strong>καὶ</strong></span> <span class='ocrx_word' id='word_1_134' title='bbox 3107 1144 3194 1198; x_wconf 82' lang='grc' dir='ltr'><strong>ἵνα</strong></span> <span class='ocrx_word' id='word_1_135' title='bbox 3250 1143 3320 1196; x_wconf 82' lang='grc' dir='ltr'><strong>τὰ</strong></span> <span class='ocrx_word' id='word_1_136' title='bbox 3360 1142 3455 1197; x_wconf 89' lang='grc' dir='ltr'><strong>τοῦ</strong></span> <span class='ocrx_word' id='word_1_137' title='bbox 3508 1140 3762 1210; x_wconf 79' lang='grc' dir='ltr'><strong>σώματος</strong></span> 
     </span>
    </p>
   </div>
   <div class='ocr_carea' id='block_1_20' title="bbox 2185 1229 3761 1310">
    <p class='ocr_par' dir='ltr' id='par_1_20' title="bbox 2185 1229 3761 1310">
     <span class='ocr_line' id='line_1_20' title="bbox 2185 1229 3761 1310; baseline -0.006 -15"><span class='ocrx_word' id='word_1_138' title='bbox 2185 1241 2476 1310; x_wconf 80' lang='grc' dir='ltr'><strong>διοικῆται,</strong></span> <span class='ocrx_word' id='word_1_139' title='bbox 2506 1240 2598 1295; x_wconf 71' lang='grc' dir='ltr'><strong>καὶ</strong></span> <span class='ocrx_word' id='word_1_140' title='bbox 2631 1240 2707 1301; x_wconf 87' lang='grc' dir='ltr'><strong>είς</strong></span> <span class='ocrx_word' id='word_1_141' title='bbox 2740 1238 2939 1309; x_wconf 83' lang='grc' dir='ltr'><strong>χρῆσιν</strong></span> <span class='ocrx_word' id='word_1_142' title='bbox 2984 1229 3086 1290; x_wconf 81' lang='grc' dir='ltr'><strong>ὧσι</strong></span> <span class='ocrx_word' id='word_1_143' title='bbox 3121 1236 3220 1306; x_wconf 86' lang='grc' dir='ltr'><strong>τῆς</strong></span> <span class='ocrx_word' id='word_1_144' title='bbox 3274 1235 3559 1304; x_wconf 78' lang='grc' dir='ltr'><strong>παρούσης</strong></span> <span class='ocrx_word' id='word_1_145' title='bbox 3601 1232 3761 1304; x_wconf 79' lang='grc' dir='ltr'><strong>ἡμῶν</strong></span> 
     </span>
    </p>
   </div>
   <div class='ocr_carea' id='block_1_21' title="bbox 2188 1325 3764 1402">
    <p class='ocr_par' dir='ltr' id='par_1_21' title="bbox 2188 1325 3764 1402">
     <span class='ocr_line' id='line_1_21' title="bbox 2188 1325 3764 1402; baseline -0.006 -17"><span class='ocrx_word' id='word_1_146' title='bbox 2188 1331 2355 1402; x_wconf 79' lang='grc' dir='ltr'><strong>ζωῆς,</strong></span> <span class='ocrx_word' id='word_1_147' title='bbox 2387 1332 2551 1401; x_wconf 75' lang='grc' dir='ltr'><strong>ἕτερα</strong></span> <span class='ocrx_word' id='word_1_148' title='bbox 2576 1330 2622 1384; x_wconf 85' lang='grc' dir='ltr'><strong>δ’</strong></span> <span class='ocrx_word' id='word_1_149' title='bbox 2649 1331 2757 1383; x_wconf 75' lang='lat' dir='ltr'><strong>sict</strong></span> <span class='ocrx_word' id='word_1_150' title='bbox 2787 1329 2856 1382; x_wconf 85' lang='grc' dir='ltr'><strong>τά</strong></span> <span class='ocrx_word' id='word_1_151' title='bbox 2888 1328 2994 1395; x_wconf 85' lang='grc' dir='ltr'><strong>πρὸ</strong></span> <span class='ocrx_word' id='word_1_152' title='bbox 3027 1325 3338 1396; x_wconf 77' lang='grc' dir='ltr'><strong>καταϐολῆς</strong></span> <span class='ocrx_word' id='word_1_153' title='bbox 3362 1325 3566 1394; x_wconf 81' lang='grc' dir='ltr'><strong>κόσμου</strong></span> <span class='ocrx_word' id='word_1_154' title='bbox 3615 1326 3764 1394; x_wconf 78' lang='grc' dir='ltr'><strong>ἡτοι-</strong></span> 
     </span>
    </p>
   </div>
   <div class='ocr_carea' id='block_1_22' title="bbox 2192 1416 3760 1494">
    <p class='ocr_par' dir='ltr' id='par_1_22' title="bbox 2192 1416 3760 1494">
     <span class='ocr_line' id='line_1_22' title="bbox 2192 1416 3760 1494; baseline -0.005 -19"><span class='ocrx_word' id='word_1_155' title='bbox 2192 1423 2445 1494; x_wconf 83' lang='grc' dir='ltr'><strong>μασμένα</strong></span> <span class='ocrx_word' id='word_1_156' title='bbox 2473 1421 2602 1492; x_wconf 84' lang='grc' dir='ltr'><strong>ἡμῖν</strong></span> <span class='ocrx_word' id='word_1_157' title='bbox 2651 1421 2803 1493; x_wconf 85' lang='grc' dir='ltr'><strong>παρά</strong></span> <span class='ocrx_word' id='word_1_158' title='bbox 2829 1418 2925 1474; x_wconf 85' lang='grc' dir='ltr'><strong>τοῦ</strong></span> <span class='ocrx_word' id='word_1_159' title='bbox 2955 1418 3115 1486; x_wconf 88' lang='grc' dir='ltr'><strong>Θεοῦ,</strong></span> <span class='ocrx_word' id='word_1_160' title='bbox 3143 1418 3219 1482; x_wconf 84' lang='grc' dir='ltr'><strong>ὡς</strong></span> <span class='ocrx_word' id='word_1_161' title='bbox 3255 1417 3418 1480; x_wconf 78' lang='grc' dir='ltr'><strong>αὐτὸς</strong></span> <span class='ocrx_word' id='word_1_162' title='bbox 3447 1416 3564 1486; x_wconf 73' lang='grc' dir='ltr'><strong>ἐρεῖ</strong></span> <span class='ocrx_word' id='word_1_163' title='bbox 3587 1417 3712 1469; x_wconf 87' lang='grc' dir='ltr'><strong>τότε</strong></span> <span class='ocrx_word' id='word_1_164' title='bbox 3744 1431 3760 1447; x_wconf 77' lang='grc' dir='ltr'><strong>ο</strong></span> 
     </span>
    </p>
   </div>
   <div class='ocr_carea' id='block_1_23' title="bbox 2195 1501 3767 1584">
    <p class='ocr_par' dir='ltr' id='par_1_23' title="bbox 2195 1501 3767 1584">
     <span class='ocr_line' id='line_1_23' title="bbox 2195 1501 3767 1584; baseline -0.004 -18"><span class='ocrx_word' id='word_1_165' title='bbox 2195 1531 2215 1566; x_wconf 79' lang='grc' dir='ltr'><strong>ι</strong></span> <span class='ocrx_word' id='word_1_166' title='bbox 2240 1501 2427 1580; x_wconf 74' lang='grc' dir='ltr'><strong>Δεῦτέ,</strong></span> <span class='ocrx_word' id='word_1_167' title='bbox 2449 1515 2496 1566; x_wconf 82' lang='lat' dir='ltr'><strong>oi</strong></span> <span class='ocrx_word' id='word_1_168' title='bbox 2525 1512 2882 1584; x_wconf 82' lang='grc' dir='ltr'><strong>εὐλογημένοι</strong></span> <span class='ocrx_word' id='word_1_169' title='bbox 2912 1511 3006 1563; x_wconf 86' lang='grc' dir='ltr'><strong>τοῦ</strong></span> <span class='ocrx_word' id='word_1_170' title='bbox 3035 1510 3247 1578; x_wconf 78' lang='grc' dir='ltr'><strong>Πατρός</strong></span> <span class='ocrx_word' id='word_1_171' title='bbox 3275 1525 3400 1579; x_wconf 86' lang='grc' dir='ltr'><strong>μου,</strong></span> <span class='ocrx_word' id='word_1_172' title='bbox 3425 1507 3767 1578; x_wconf 82' lang='grc' dir='ltr'><strong>κληρονομή-</strong></span> 
     </span>
    </p>
   </div>
   <div class='ocr_carea' id='block_1_24' title="bbox 2191 1598 3762 1673">
    <p class='ocr_par' dir='ltr' id='par_1_24' title="bbox 2191 1598 3762 1673">
     <span class='ocr_line' id='line_1_24' title="bbox 2191 1598 3762 1673; baseline -0.004 -19"><span class='ocrx_word' id='word_1_173' title='bbox 2191 1620 2320 1655; x_wconf 86' lang='grc' dir='ltr'><strong>σατε</strong></span> <span class='ocrx_word' id='word_1_174' title='bbox 2373 1601 2472 1673; x_wconf 79' lang='grc' dir='ltr'><strong>τὴν</strong></span> <span class='ocrx_word' id='word_1_175' title='bbox 2520 1601 2936 1672; x_wconf 80' lang='grc' dir='ltr'><strong>ἡτοιμασμένην</strong></span> <span class='ocrx_word' id='word_1_176' title='bbox 2969 1601 3097 1670; x_wconf 81' lang='grc' dir='ltr'><strong>ὑμῖν</strong></span> <span class='ocrx_word' id='word_1_177' title='bbox 3135 1599 3412 1669; x_wconf 84' lang='grc' dir='ltr'><strong>βασιλείαν</strong></span> <span class='ocrx_word' id='word_1_178' title='bbox 3446 1598 3553 1652; x_wconf 77' lang='grc' dir='ltr'><strong>ἀπὸ</strong></span> <span class='ocrx_word' id='word_1_179' title='bbox 3593 1615 3762 1650; x_wconf 80' lang='grc' dir='ltr'><strong>κατα·</strong></span> 
     </span>
    </p>
   </div>
   <div class='ocr_carea' id='block_1_25' title="bbox 2191 1687 3762 1767">
    <p class='ocr_par' dir='ltr' id='par_1_25' title="bbox 2191 1687 3762 1767">
     <span class='ocr_line' id='line_1_25' title="bbox 2191 1687 3762 1767; baseline -0.006 -18"><span class='ocrx_word' id='word_1_180' title='bbox 2191 1695 2355 1767; x_wconf 75' lang='grc' dir='ltr'><strong>ϐολῆς</strong></span> <span class='ocrx_word' id='word_1_181' title='bbox 2387 1695 2613 1764; x_wconf 72' lang='grc' dir='ltr'><strong>κόσμου.</strong></span> <span class='ocrx_word' id='word_1_182' title='bbox 2645 1713 2664 1746; x_wconf 71' lang='grc' dir='ltr'><strong>ι</strong></span> <span class='ocrx_word' id='word_1_183' title='bbox 2705 1695 2786 1749; x_wconf 75' lang='lat' dir='ltr'><strong>Td:</strong></span> <span class='ocrx_word' id='word_1_184' title='bbox 2813 1694 2869 1748; x_wconf 83' lang='grc' dir='ltr'><strong>δὲ</strong></span> <span class='ocrx_word' id='word_1_185' title='bbox 2901 1693 3000 1763; x_wconf 85' lang='grc' dir='ltr'><strong>τῆς</strong></span> <span class='ocrx_word' id='word_1_186' title='bbox 3024 1691 3300 1764; x_wconf 78' lang='grc' dir='ltr'><strong>βασιλείας</strong></span> <span class='ocrx_word' id='word_1_187' title='bbox 3320 1689 3531 1760; x_wconf 65' lang='grc' dir='ltr'><strong>ἐκείνης</strong></span> <span class='ocrx_word' id='word_1_188' title='bbox 3560 1687 3762 1755; x_wconf 65' lang='grc' dir='ltr'><strong>ἀγαθὰ,</strong></span> 
     </span>
    </p>
   </div>
   <div class='ocr_carea' id='block_1_26' title="bbox 2193 1779 3765 1856">
    <p class='ocr_par' dir='ltr' id='par_1_26' title="bbox 2193 1779 3765 1856">
     <span class='ocr_line' id='line_1_26' title="bbox 2193 1779 3765 1856; baseline -0.006 -15"><span class='ocrx_word' id='word_1_189' title='bbox 2193 1789 2330 1856; x_wconf 69' lang='grc' dir='ltr'><strong>φησι</strong></span> <span class='ocrx_word' id='word_1_190' title='bbox 2365 1786 2602 1849; x_wconf 82' lang='grc' dir='ltr'><strong>Παῦλος,</strong></span> <span class='ocrx_word' id='word_1_191' title='bbox 2628 1785 2878 1848; x_wconf 86' lang='grc' dir='ltr'><strong>τοιαῦτα,</strong></span> <span class='ocrx_word' id='word_1_192' title='bbox 2905 1785 2987 1836; x_wconf 85' lang='grc' dir='ltr'><strong>ὅτι</strong></span> <span class='ocrx_word' id='word_1_193' title='bbox 3022 1802 3042 1836; x_wconf 79' lang='grc' dir='ltr'><strong>ε</strong></span> <span class='ocrx_word' id='word_1_194' title='bbox 3091 1781 3403 1852; x_wconf 78' lang='grc' dir='ltr'><strong>Ὀφθαλμδς</strong></span> <span class='ocrx_word' id='word_1_195' title='bbox 3455 1779 3630 1834; x_wconf 85' lang='grc' dir='ltr'><strong>ταῦτα</strong></span> <span class='ocrx_word' id='word_1_196' title='bbox 3663 1781 3765 1832; x_wconf 78' lang='grc' dir='ltr'><strong>οὐκ</strong></span> 
     </span>
    </p>
   </div>
   <div class='ocr_carea' id='block_1_27' title="bbox 2194 1870 3768 1950">
    <p class='ocr_par' dir='ltr' id='par_1_27' title="bbox 2194 1870 3768 1950">
     <span class='ocr_line' id='line_1_27' title="bbox 2194 1870 3768 1950; baseline -0.008 -16"><span class='ocrx_word' id='word_1_197' title='bbox 2194 1877 2323 1944; x_wconf 80' lang='grc' dir='ltr'><strong>οἶδε,</strong></span> <span class='ocrx_word' id='word_1_198' title='bbox 2357 1881 2451 1934; x_wconf 78' lang='grc' dir='ltr'><strong>καὶ</strong></span> <span class='ocrx_word' id='word_1_199' title='bbox 2478 1875 2570 1944; x_wconf 80' lang='grc' dir='ltr'><strong>οῦς</strong></span> <span class='ocrx_word' id='word_1_200' title='bbox 2607 1879 2708 1931; x_wconf 84' lang='grc' dir='ltr'><strong>οὐκ</strong></span> <span class='ocrx_word' id='word_1_201' title='bbox 2737 1878 2962 1950; x_wconf 72' lang='grc' dir='ltr'><strong>ἢκουσε,</strong></span> <span class='ocrx_word' id='word_1_202' title='bbox 3013 1877 3108 1930; x_wconf 77' lang='grc' dir='ltr'><strong>καὶ</strong></span> <span class='ocrx_word' id='word_1_203' title='bbox 3167 1875 3260 1927; x_wconf 74' lang='grc' dir='ltr'><strong>ἐπὶ</strong></span> <span class='ocrx_word' id='word_1_204' title='bbox 3292 1872 3516 1941; x_wconf 75' lang='grc' dir='ltr'><strong>καρδίαν</strong></span> <span class='ocrx_word' id='word_1_205' title='bbox 3555 1870 3768 1940; x_wconf 82' lang='grc' dir='ltr'><strong>ἀνθρὼ-</strong></span> 
     </span>
    </p>
   </div>
   <div class='ocr_carea' id='block_1_28' title="bbox 2195 1964 3768 2042">
    <p class='ocr_par' dir='ltr' id='par_1_28' title="bbox 2195 1964 3768 2042">
     <span class='ocr_line' id='line_1_28' title="bbox 2195 1964 3768 2042; baseline -0.008 -14"><span class='ocrx_word' id='word_1_206' title='bbox 2195 1989 2298 2028; x_wconf 87' lang='grc' dir='ltr'><strong>που</strong></span> <span class='ocrx_word' id='word_1_207' title='bbox 2329 1975 2430 2027; x_wconf 77' lang='grc' dir='ltr'><strong>οὐκ</strong></span> <span class='ocrx_word' id='word_1_208' title='bbox 2454 1972 2643 2042; x_wconf 81' lang='grc' dir='ltr'><strong>άνέὄη.</strong></span> <span class='ocrx_word' id='word_1_209' title='bbox 2675 1970 2710 2024; x_wconf 78' lang='grc' dir='ltr'>ἃ</span> <span class='ocrx_word' id='word_1_210' title='bbox 2744 1970 3045 2040; x_wconf 79' lang='grc' dir='ltr'><strong>ἡτοίμασεν</strong></span> <span class='ocrx_word' id='word_1_211' title='bbox 3091 1970 3118 2021; x_wconf 91' lang='lat'><strong>6</strong></span> <span class='ocrx_word' id='word_1_212' title='bbox 3164 1966 3299 2028; x_wconf 75' lang='grc' dir='ltr'><strong>Θεὸς</strong></span> <span class='ocrx_word' id='word_1_213' title='bbox 3334 1968 3447 2025; x_wconf 83' lang='grc' dir='ltr'><strong>τοῖς</strong></span> <span class='ocrx_word' id='word_1_214' title='bbox 3475 1964 3768 2031; x_wconf 79' lang='grc' dir='ltr'><strong>ἀγαπῶσιν</strong></span> 
     </span>
    </p>
   </div>
   <div class='ocr_carea' id='block_1_29' title="bbox 2197 2057 3765 2131">
    <p class='ocr_par' dir='ltr' id='par_1_29' title="bbox 2197 2057 3765 2131">
     <span class='ocr_line' id='line_1_29' title="bbox 2197 2057 3765 2131; baseline -0.008 -11"><span class='ocrx_word' id='word_1_215' title='bbox 2197 2066 2354 2120; x_wconf 81' lang='grc' dir='ltr'><strong>αὐτόν</strong></span> <span class='ocrx_word' id='word_1_216' title='bbox 2395 2084 2438 2120; x_wconf 75' lang='grc' dir='ltr'><strong>ι.</strong></span> <span class='ocrx_word' id='word_1_217' title='bbox 2478 2064 2586 2119; x_wconf 71' lang='grc' dir='ltr'><strong>Καὶ</strong></span> <span class='ocrx_word' id='word_1_218' title='bbox 2605 2064 2685 2116; x_wconf 83' lang='grc' dir='ltr'><strong>ὅτι</strong></span> <span class='ocrx_word' id='word_1_219' title='bbox 2714 2062 2741 2114; x_wconf 88' lang='lat'><strong>6</strong></span> <span class='ocrx_word' id='word_1_220' title='bbox 2783 2061 3012 2130; x_wconf 77' lang='grc' dir='ltr'><strong>οὐρανὸς</strong></span> <span class='ocrx_word' id='word_1_221' title='bbox 3046 2061 3196 2131; x_wconf 74' lang='grc' dir='ltr'><strong>καὶὴ</strong></span> <span class='ocrx_word' id='word_1_222' title='bbox 3224 2061 3292 2128; x_wconf 83' lang='grc' dir='ltr'><strong>γῆ</strong></span> <span class='ocrx_word' id='word_1_223' title='bbox 3330 2057 3765 2127; x_wconf 67' lang='grc' dir='ltr'><strong>παρελεύσονται</strong></span> 
     </span>
    </p>
   </div>
   <div class='ocr_carea' id='block_1_30' title="bbox 2197 2146 3768 2227">
    <p class='ocr_par' dir='ltr' id='par_1_30' title="bbox 2197 2146 3768 2227">
     <span class='ocr_line' id='line_1_30' title="bbox 2197 2146 3768 2227; baseline -0.008 -15"><span class='ocrx_word' id='word_1_224' title='bbox 2197 2160 2438 2212; x_wconf 76' lang='grc' dir='ltr'><strong>διδάσκει</strong></span> <span class='ocrx_word' id='word_1_225' title='bbox 2464 2157 2490 2208; x_wconf 86' lang='lat'><strong>6</strong></span> <span class='ocrx_word' id='word_1_226' title='bbox 2516 2156 2740 2227; x_wconf 80' lang='grc' dir='ltr'><strong>Κύριος.</strong></span> <span class='ocrx_word' id='word_1_227' title='bbox 2770 2156 2883 2208; x_wconf 80' lang='grc' dir='ltr'><strong>Καὶ</strong></span> <span class='ocrx_word' id='word_1_228' title='bbox 2910 2155 2971 2206; x_wconf 84' lang='grc' dir='ltr'><strong>οὑ</strong></span> <span class='ocrx_word' id='word_1_229' title='bbox 3001 2151 3081 2206; x_wconf 87' lang='grc' dir='ltr'><strong>δεῖ</strong></span> <span class='ocrx_word' id='word_1_230' title='bbox 3103 2152 3232 2220; x_wconf 69' lang='lat' dir='ltr'><strong>napi.</strong></span> <span class='ocrx_word' id='word_1_231' title='bbox 3255 2149 3364 2206; x_wconf 88' lang='grc' dir='ltr'><strong>τῶν</strong></span> <span class='ocrx_word' id='word_1_232' title='bbox 3415 2146 3768 2219; x_wconf 67' lang='grc' dir='ltr'><strong>βλεπομένων</strong></span> 
     </span>
    </p>
   </div>
   <div class='ocr_carea' id='block_1_31' title="bbox 2197 2239 3770 2320">
    <p class='ocr_par' dir='ltr' id='par_1_31' title="bbox 2197 2239 3770 2320">
     <span class='ocr_line' id='line_1_31' title="bbox 2197 2239 3770 2320; baseline -0.01 -15"><span class='ocrx_word' id='word_1_233' title='bbox 2197 2252 2369 2320; x_wconf 78' lang='grc' dir='ltr'><strong>ἡμᾶς,</strong></span> <span class='ocrx_word' id='word_1_234' title='bbox 2405 2247 2614 2310; x_wconf 83' lang='grc' dir='ltr'><strong>Παῦλός</strong></span> <span class='ocrx_word' id='word_1_235' title='bbox 2649 2263 2804 2316; x_wconf 86' lang='grc' dir='ltr'><strong>φησι,</strong></span> <span class='ocrx_word' id='word_1_236' title='bbox 2847 2245 3140 2314; x_wconf 85' lang='grc' dir='ltr'><strong>μεριμνᾷν.</strong></span> <span class='ocrx_word' id='word_1_237' title='bbox 3175 2243 3256 2297; x_wconf 83' lang='grc' dir='ltr'><strong>Τά</strong></span> <span class='ocrx_word' id='word_1_238' title='bbox 3309 2240 3418 2312; x_wconf 77' lang='grc' dir='ltr'><strong>γάρ</strong></span> <span class='ocrx_word' id='word_1_239' title='bbox 3458 2239 3770 2309; x_wconf 79' lang='grc' dir='ltr'><strong>βλεπόμενα</strong></span> 
     </span>
    </p>
   </div>
   <div class='ocr_carea' id='block_1_32' title="bbox 2199 2331 3772 2413">
    <p class='ocr_par' dir='ltr' id='par_1_32' title="bbox 2199 2331 3772 2413">
     <span class='ocr_line' id='line_1_32' title="bbox 2199 2331 3772 2413; baseline -0.009 -17"><span class='ocrx_word' id='word_1_240' title='bbox 2199 2343 2530 2413; x_wconf 80' lang='grc' dir='ltr'><strong>πρόσκαιρα,</strong></span> <span class='ocrx_word' id='word_1_241' title='bbox 2556 2340 2623 2392; x_wconf 80' lang='grc' dir='ltr'><strong>τὰ</strong></span> <span class='ocrx_word' id='word_1_242' title='bbox 2651 2339 2707 2393; x_wconf 81' lang='grc' dir='ltr'><strong>δὲ</strong></span> <span class='ocrx_word' id='word_1_243' title='bbox 2741 2337 2816 2407; x_wconf 82' lang='grc' dir='ltr'><strong>μὴ</strong></span> <span class='ocrx_word' id='word_1_244' title='bbox 2855 2337 3164 2407; x_wconf 78' lang='grc' dir='ltr'><strong>βλεπόμενα</strong></span> <span class='ocrx_word' id='word_1_245' title='bbox 3211 2333 3427 2388; x_wconf 81' lang='grc' dir='ltr'><strong>αἰώνια.</strong></span> <span class='ocrx_word' id='word_1_246' title='bbox 3463 2332 3573 2386; x_wconf 78' lang='grc' dir='ltr'><strong>Καὶ</strong></span> <span class='ocrx_word' id='word_1_247' title='bbox 3625 2331 3772 2390; x_wconf 77' lang='grc' dir='ltr'><strong>6ρύ-</strong></span> 
     </span>
    </p>
   </div>
   <div class='ocr_carea' id='block_1_33' title="bbox 2206 2424 3769 2506">
    <p class='ocr_par' dir='ltr' id='par_1_33' title="bbox 2206 2424 3769 2506">
     <span class='ocr_line' id='line_1_33' title="bbox 2206 2424 3769 2506; baseline -0.009 -18"><span class='ocrx_word' id='word_1_248' title='bbox 2206 2435 2363 2506; x_wconf 82' lang='grc' dir='ltr'><strong>ρανὺς</strong></span> <span class='ocrx_word' id='word_1_249' title='bbox 2393 2433 2745 2503; x_wconf 83' lang='grc' dir='ltr'><strong>είληθήσεται</strong></span> <span class='ocrx_word' id='word_1_250' title='bbox 2772 2430 2851 2492; x_wconf 82' lang='grc' dir='ltr'><strong>ὡς</strong></span> <span class='ocrx_word' id='word_1_251' title='bbox 2897 2427 3121 2500; x_wconf 81' lang='grc' dir='ltr'><strong>βιῦλίον.</strong></span> <span class='ocrx_word' id='word_1_252' title='bbox 3183 2426 3291 2479; x_wconf 80' lang='grc' dir='ltr'><strong>Καὶ</strong></span> <span class='ocrx_word' id='word_1_253' title='bbox 3319 2424 3527 2494; x_wconf 79' lang='grc' dir='ltr'><strong>Πέτρος</strong></span> <span class='ocrx_word' id='word_1_254' title='bbox 3581 2425 3769 2492; x_wconf 68' lang='grc' dir='ltr'><strong>φησιν,</strong></span> 
     </span>
    </p>
   </div>
   <div class='ocr_carea' id='block_1_34' title="bbox 2209 2513 3773 2600">
    <p class='ocr_par' dir='ltr' id='par_1_34' title="bbox 2209 2513 3773 2600">
     <span class='ocr_line' id='line_1_34' title="bbox 2209 2513 3773 2600; baseline -0.009 -18"><span class='ocrx_word' id='word_1_255' title='bbox 2209 2549 2227 2582; x_wconf 78' lang='grc' dir='ltr'><strong>ι</strong></span> <span class='ocrx_word' id='word_1_256' title='bbox 2261 2527 2497 2600; x_wconf 73' lang='grc' dir='ltr'><strong>Οὐρανοὶ</strong></span> <span class='ocrx_word' id='word_1_257' title='bbox 2531 2525 2631 2594; x_wconf 80' lang='grc' dir='ltr'><strong>μὲν</strong></span> <span class='ocrx_word' id='word_1_258' title='bbox 2666 2521 2914 2594; x_wconf 67' lang='grc' dir='ltr'><strong>ῥοιζηδὸν</strong></span> <span class='ocrx_word' id='word_1_259' title='bbox 2951 2518 3406 2589; x_wconf 86' lang='grc' dir='ltr'><strong>παρελεύσονται,</strong></span> <span class='ocrx_word' id='word_1_260' title='bbox 3451 2519 3690 2586; x_wconf 88' lang='grc' dir='ltr'><strong>στοιχεῖα</strong></span> <span class='ocrx_word' id='word_1_261' title='bbox 3715 2513 3773 2569; x_wconf 81' lang='grc' dir='ltr'><strong>δὲ</strong></span> 
     </span>
    </p>
   </div>
   <div class='ocr_carea' id='block_1_35' title="bbox 2202 2609 3768 2688">
    <p class='ocr_par' dir='ltr' id='par_1_35' title="bbox 2202 2609 3768 2688">
     <span class='ocr_line' id='line_1_35' title="bbox 2202 2609 3768 2688; baseline -0.008 -14"><span class='ocrx_word' id='word_1_262' title='bbox 2202 2619 2556 2688; x_wconf 80' lang='grc' dir='ltr'><strong>καυσούμενα</strong></span> <span class='ocrx_word' id='word_1_263' title='bbox 2611 2613 2974 2684; x_wconf 80' lang='grc' dir='ltr'><strong>λ.υθήσονται’</strong></span> <span class='ocrx_word' id='word_1_264' title='bbox 3013 2613 3108 2664; x_wconf 76' lang='grc' dir='ltr'><strong>καὶ</strong></span> <span class='ocrx_word' id='word_1_265' title='bbox 3155 2612 3353 2680; x_wconf 78' lang='grc' dir='ltr'><strong>γῆκαὶ</strong></span> <span class='ocrx_word' id='word_1_266' title='bbox 3397 2611 3469 2662; x_wconf 75' lang='grc' dir='ltr'><strong>τὰ</strong></span> <span class='ocrx_word' id='word_1_267' title='bbox 3517 2610 3576 2663; x_wconf 75' lang='grc' dir='ltr'><strong>ὲν</strong></span> <span class='ocrx_word' id='word_1_268' title='bbox 3631 2609 3768 2677; x_wconf 83' lang='grc' dir='ltr'><strong>αὐτῇ</strong></span> 
     </span>
    </p>
   </div>
   <div class='ocr_carea' id='block_1_36' title="bbox 2203 2701 3770 2778">
    <p class='ocr_par' dir='ltr' id='par_1_36' title="bbox 2203 2701 3770 2778">
     <span class='ocr_line' id='line_1_36' title="bbox 2203 2701 3770 2778; baseline -0.008 -12"><span class='ocrx_word' id='word_1_269' title='bbox 2203 2713 2382 2768; x_wconf 82' lang='grc' dir='ltr'><strong>πάντα</strong></span> <span class='ocrx_word' id='word_1_270' title='bbox 2407 2709 2842 2778; x_wconf 82' lang='grc' dir='ltr'><strong>κατακαήσεται.</strong></span> <span class='ocrx_word' id='word_1_271' title='bbox 2873 2725 2891 2757; x_wconf 76' lang='grc' dir='ltr'>ι</span> <span class='ocrx_word' id='word_1_272' title='bbox 2931 2705 3151 2758; x_wconf 86' lang='grc' dir='ltr'><strong>Τούτων</strong></span> <span class='ocrx_word' id='word_1_273' title='bbox 3171 2704 3227 2757; x_wconf 83' lang='grc' dir='ltr'><strong>δὲ</strong></span> <span class='ocrx_word' id='word_1_274' title='bbox 3253 2702 3473 2756; x_wconf 88' lang='grc' dir='ltr'><strong>πάντων</strong></span> <span class='ocrx_word' id='word_1_275' title='bbox 3491 2701 3770 2771; x_wconf 75' lang='grc' dir='ltr'><strong>λυομένων</strong></span> 
     </span>
    </p>
   </div>
   <div class='ocr_carea' id='block_1_37' title="bbox 2205 2794 3773 2868">
    <p class='ocr_par' dir='ltr' id='par_1_37' title="bbox 2205 2794 3773 2868">
     <span class='ocr_line' id='line_1_37' title="bbox 2205 2794 3773 2868; baseline -0.008 -12"><span class='ocrx_word' id='word_1_276' title='bbox 2205 2802 2479 2866; x_wconf 77' lang='grc' dir='ltr'><strong>ποταποὺς</strong></span> <span class='ocrx_word' id='word_1_277' title='bbox 2505 2802 2584 2855; x_wconf 86' lang='grc' dir='ltr'><strong>δεῖ</strong></span> <span class='ocrx_word' id='word_1_278' title='bbox 2617 2796 2755 2854; x_wconf 77' lang='grc' dir='ltr'><strong>εἷναι</strong></span> <span class='ocrx_word' id='word_1_279' title='bbox 2799 2799 2987 2868; x_wconf 74' lang='grc' dir='ltr'><strong>ἠμᾶς;</strong></span> <span class='ocrx_word' id='word_1_280' title='bbox 3028 2795 3119 2848; x_wconf 84' lang='grc' dir='ltr'><strong>Ἑν</strong></span> <span class='ocrx_word' id='word_1_281' title='bbox 3169 2795 3358 2863; x_wconf 80' lang='grc' dir='ltr'><strong>ἁγίαις</strong></span> <span class='ocrx_word' id='word_1_282' title='bbox 3407 2794 3773 2862; x_wconf 80' lang='grc' dir='ltr'><strong>ἀναστροφαῖς</strong></span> 
     </span>
    </p>
   </div>
   <div class='ocr_carea' id='block_1_38' title="bbox 515 1242 2080 1324">
    <p class='ocr_par' dir='ltr' id='par_1_38' title="bbox 515 1242 2080 1324">
     <span class='ocr_line' id='line_1_38' title="bbox 515 1242 2080 1324; baseline -0.004 -22"><span class='ocrx_word' id='word_1_283' title='bbox 515 1247 986 1308; x_wconf 81' lang='lat' dir='ltr'><strong>constitutionem,</strong></span> <span class='ocrx_word' id='word_1_284' title='bbox 1029 1259 1191 1318; x_wconf 87' lang='lat' dir='ltr'><strong>prout</strong></span> <span class='ocrx_word' id='word_1_285' title='bbox 1243 1248 1361 1316; x_wconf 89' lang='lat' dir='ltr'><strong>ipse</strong></span> <span class='ocrx_word' id='word_1_286' title='bbox 1409 1247 1537 1301; x_wconf 87' lang='lat' dir='ltr'><strong>olim</strong></span> <span class='ocrx_word' id='word_1_287' title='bbox 1586 1246 1767 1324; x_wconf 64' lang='lat' dir='ltr'><strong>dixit:</strong></span> <span class='ocrx_word' id='word_1_288' title='bbox 1813 1265 1832 1298; x_wconf 79' lang='grc' dir='ltr'><strong>ι</strong></span> <span class='ocrx_word' id='word_1_289' title='bbox 1868 1242 2080 1306; x_wconf 83' lang='lat' dir='ltr'><strong>Venite,</strong></span> 
     </span>
    </p>
   </div>
   <div class='ocr_carea' id='block_1_39' title="bbox 513 1336 2093 1410">
    <p class='ocr_par' dir='ltr' id='par_1_39' title="bbox 513 1336 2093 1410">
     <span class='ocr_line' id='line_1_39' title="bbox 513 1336 2093 1410; baseline -0.001 -18"><span class='ocrx_word' id='word_1_290' title='bbox 513 1338 791 1394; x_wconf 79' lang='lat' dir='ltr'><strong>benedicti</strong></span> <span class='ocrx_word' id='word_1_291' title='bbox 823 1336 1002 1394; x_wconf 84' lang='lat' dir='ltr'><strong>Patris</strong></span> <span class='ocrx_word' id='word_1_292' title='bbox 1043 1341 1170 1403; x_wconf 88' lang='lat' dir='ltr'><strong>mei,</strong></span> <span class='ocrx_word' id='word_1_293' title='bbox 1221 1340 1492 1407; x_wconf 90' lang='lat' dir='ltr'><strong>possidete</strong></span> <span class='ocrx_word' id='word_1_294' title='bbox 1527 1349 1774 1409; x_wconf 88' lang='lat' dir='ltr'><strong>paratum</strong></span> <span class='ocrx_word' id='word_1_295' title='bbox 1811 1337 1966 1392; x_wconf 85' lang='lat' dir='ltr'><strong>vobis</strong></span> <span class='ocrx_word' id='word_1_296' title='bbox 2001 1352 2093 1410; x_wconf 2' lang='lat' dir='ltr'><strong>re-q</strong></span> 
     </span>
    </p>
   </div>
   <div class='ocr_carea' id='block_1_40' title="bbox 515 1427 2085 1498">
    <p class='ocr_par' dir='ltr' id='par_1_40' title="bbox 515 1427 2085 1498">
     <span class='ocr_line' id='line_1_40' title="bbox 515 1427 2085 1498; baseline 0.001 -18"><span class='ocrx_word' id='word_1_297' title='bbox 515 1445 679 1498; x_wconf 76' lang='lat' dir='ltr'><strong>gnum</strong></span> <span class='ocrx_word' id='word_1_298' title='bbox 713 1445 741 1484; x_wconf 90' lang='lat' dir='ltr'><strong>a</strong></span> <span class='ocrx_word' id='word_1_299' title='bbox 775 1429 1172 1484; x_wconf 86' lang='lat' dir='ltr'><strong>constitutione</strong></span> <span class='ocrx_word' id='word_1_300' title='bbox 1215 1431 1423 1484; x_wconf 86' lang='lat' dir='ltr'><strong>mundi.</strong></span> <span class='ocrx_word' id='word_1_301' title='bbox 1473 1449 1492 1484; x_wconf 75' lang='grc' dir='ltr'>ι</span> <span class='ocrx_word' id='word_1_302' title='bbox 1534 1431 1680 1484; x_wconf 91' lang='lat' dir='ltr'><strong>Bona</strong></span> <span class='ocrx_word' id='word_1_303' title='bbox 1720 1437 1903 1482; x_wconf 90' lang='lat' dir='ltr'><strong>autem</strong></span> <span class='ocrx_word' id='word_1_304' title='bbox 1937 1427 2085 1482; x_wconf 85' lang='lat' dir='ltr'><strong>illius</strong></span> 
     </span>
    </p>
   </div>
   <div class='ocr_carea' id='block_1_41' title="bbox 520 1519 2087 1589">
    <p class='ocr_par' dir='ltr' id='par_1_41' title="bbox 520 1519 2087 1589">
     <span class='ocr_line' id='line_1_41' title="bbox 520 1519 2087 1589; baseline 0.001 -18"><span class='ocrx_word' id='word_1_305' title='bbox 520 1521 690 1589; x_wconf 74' lang='lat' dir='ltr'><strong>regni,</strong></span> <span class='ocrx_word' id='word_1_306' title='bbox 721 1521 794 1573; x_wconf 87' lang='lat' dir='ltr'><strong>ait</strong></span> <span class='ocrx_word' id='word_1_307' title='bbox 819 1519 1036 1584; x_wconf 85' lang='lat' dir='ltr'><strong>Paulus,</strong></span> <span class='ocrx_word' id='word_1_308' title='bbox 1093 1521 1215 1574; x_wconf 83' lang='lat' dir='ltr'><strong>talia</strong></span> <span class='ocrx_word' id='word_1_309' title='bbox 1273 1531 1401 1575; x_wconf 90' lang='lat' dir='ltr'><strong>sunt</strong></span> <span class='ocrx_word' id='word_1_310' title='bbox 1447 1531 1506 1575; x_wconf 92' lang='lat' dir='ltr'><strong>ut</strong></span> <span class='ocrx_word' id='word_1_311' title='bbox 1544 1540 1562 1572; x_wconf 81' lang='grc' dir='ltr'><strong>ι</strong></span> <span class='ocrx_word' id='word_1_312' title='bbox 1600 1535 1697 1575; x_wconf 87' lang='lat' dir='ltr'><strong>occ</strong></span> <span class='ocrx_word' id='word_1_313' title='bbox 1749 1521 1944 1576; x_wconf 85' lang='lat' dir='ltr'><strong>oculus</strong></span> <span class='ocrx_word' id='word_1_314' title='bbox 1974 1519 2087 1574; x_wconf 80' lang='lat' dir='ltr'><strong>haec</strong></span> 
     </span>
    </p>
   </div>
   <div class='ocr_carea' id='block_1_42' title="bbox 518 1609 2086 1666">
    <p class='ocr_par' dir='ltr' id='par_1_42' title="bbox 518 1609 2086 1666">
     <span class='ocr_line' id='line_1_42' title="bbox 518 1609 2086 1666; baseline 0.001 -3"><span class='ocrx_word' id='word_1_315' title='bbox 518 1611 713 1666; x_wconf 89' lang='lat' dir='ltr'><strong>viderit</strong></span> <span class='ocrx_word' id='word_1_316' title='bbox 775 1626 876 1666; x_wconf 87' lang='lat' dir='ltr'><strong>nec</strong></span> <span class='ocrx_word' id='word_1_317' title='bbox 935 1612 1084 1666; x_wconf 85' lang='lat' dir='ltr'><strong>auris</strong></span> <span class='ocrx_word' id='word_1_318' title='bbox 1143 1612 1416 1666; x_wconf 82' lang='lat' dir='ltr'><strong>audiverit</strong></span> <span class='ocrx_word' id='word_1_319' title='bbox 1457 1627 1559 1666; x_wconf 90' lang='lat' dir='ltr'><strong>nec</strong></span> <span class='ocrx_word' id='word_1_320' title='bbox 1600 1612 1654 1666; x_wconf 94' lang='lat' dir='ltr'><strong>in</strong></span> <span class='ocrx_word' id='word_1_321' title='bbox 1711 1626 1807 1665; x_wconf 91' lang='lat' dir='ltr'><strong>cor</strong></span> <span class='ocrx_word' id='word_1_322' title='bbox 1844 1609 2086 1664; x_wconf 86' lang='lat' dir='ltr'><strong>hominis</strong></span> 
     </span>
    </p>
   </div>
   <div class='ocr_carea' id='block_1_43' title="bbox 518 1703 2081 1774">
    <p class='ocr_par' dir='ltr' id='par_1_43' title="bbox 518 1703 2081 1774">
     <span class='ocr_line' id='line_1_43' title="bbox 518 1703 2081 1774; baseline -0.003 -16"><span class='ocrx_word' id='word_1_323' title='bbox 518 1706 824 1759; x_wconf 77' lang='lat' dir='ltr'><strong>ascenderit</strong></span> <span class='ocrx_word' id='word_1_324' title='bbox 863 1721 983 1774; x_wconf 73' lang='lat' dir='ltr'><strong>quae</strong></span> <span class='ocrx_word' id='word_1_325' title='bbox 1014 1706 1341 1774; x_wconf 63' lang='lat' dir='ltr'><strong>praeparavit</strong></span> <span class='ocrx_word' id='word_1_326' title='bbox 1374 1703 1517 1759; x_wconf 82' lang='lat' dir='ltr'><strong>Deus</strong></span> <span class='ocrx_word' id='word_1_327' title='bbox 1552 1703 1907 1772; x_wconf 78' lang='lat' dir='ltr'><strong>diligentibus</strong></span> <span class='ocrx_word' id='word_1_328' title='bbox 1937 1717 2018 1758; x_wconf 87' lang='lat' dir='ltr'><strong>se.</strong></span> <span class='ocrx_word' id='word_1_329' title='bbox 2061 1720 2081 1753; x_wconf 76' lang='grc' dir='ltr'>ι</span> 
     </span>
    </p>
   </div>
   <div class='ocr_carea' id='block_1_44' title="bbox 520 1793 2089 1852">
    <p class='ocr_par' dir='ltr' id='par_1_44' title="bbox 520 1793 2089 1852">
     <span class='ocr_line' id='line_1_44' title="bbox 520 1793 2089 1852; baseline -0.002 -2"><span class='ocrx_word' id='word_1_330' title='bbox 520 1798 643 1851; x_wconf 81' lang='grc' dir='ltr'><strong>Ι,1‹·ο</strong></span> <span class='ocrx_word' id='word_1_331' title='bbox 701 1799 860 1852; x_wconf 80' lang='lat' dir='ltr'><strong>docet</strong></span> <span class='ocrx_word' id='word_1_332' title='bbox 899 1797 1159 1852; x_wconf 81' lang='lat' dir='ltr'><strong>Dominus</strong></span> <span class='ocrx_word' id='word_1_333' title='bbox 1204 1817 1218 1851; x_wconf 88' lang='lat'><strong>:</strong></span> <span class='ocrx_word' id='word_1_334' title='bbox 1265 1815 1282 1848; x_wconf 84' lang='grc' dir='ltr'><strong>ι</strong></span> <span class='ocrx_word' id='word_1_335' title='bbox 1319 1797 1526 1851; x_wconf 60' lang='lat' dir='ltr'><strong>Caelum</strong></span> <span class='ocrx_word' id='word_1_336' title='bbox 1581 1805 1635 1850; x_wconf 86' lang='lat' dir='ltr'><strong>et</strong></span> <span class='ocrx_word' id='word_1_337' title='bbox 1683 1803 1822 1850; x_wconf 88' lang='lat' dir='ltr'><strong>terra</strong></span> <span class='ocrx_word' id='word_1_338' title='bbox 1882 1793 2089 1848; x_wconf 85' lang='lat' dir='ltr'><strong>transi-</strong></span> 
     </span>
    </p>
   </div>
   <div class='ocr_carea' id='block_1_45' title="bbox 508 1882 2091 1960">
    <p class='ocr_par' dir='ltr' id='par_1_45' title="bbox 508 1882 2091 1960">
     <span class='ocr_line' id='line_1_45' title="bbox 508 1882 2091 1960; baseline -0.003 -15"><span class='ocrx_word' id='word_1_339' title='bbox 508 1882 692 1958; x_wconf 70' lang='lat' dir='ltr'><strong>‘bunt;</strong></span> <span class='ocrx_word' id='word_1_340' title='bbox 724 1911 740 1943; x_wconf 78' lang='grc' dir='ltr'><strong>ι</strong></span> <span class='ocrx_word' id='word_1_341' title='bbox 774 1891 1129 1960; x_wconf 76' lang='lat' dir='ltr'><strong>prohibetque</strong></span> <span class='ocrx_word' id='word_1_342' title='bbox 1161 1889 1460 1946; x_wconf 74' lang='lat' dir='ltr'><strong>Paulus&#39;ne</strong></span> <span class='ocrx_word' id='word_1_343' title='bbox 1483 1890 1549 1943; x_wconf 90' lang='lat' dir='ltr'><strong>de</strong></span> <span class='ocrx_word' id='word_1_344' title='bbox 1579 1888 1663 1944; x_wconf 87' lang='lat' dir='ltr'><strong>his</strong></span> <span class='ocrx_word' id='word_1_345' title='bbox 1697 1903 1817 1957; x_wconf 62' lang='lat' dir='ltr'><strong>quae</strong></span> <span class='ocrx_word' id='word_1_346' title='bbox 1843 1889 2091 1944; x_wconf 88' lang='lat' dir='ltr'><strong>videntur</strong></span> 
     </span>
    </p>
   </div>
   <div class='ocr_carea' id='block_1_46' title="bbox 525 1981 2089 2053">
    <p class='ocr_par' dir='ltr' id='par_1_46' title="bbox 525 1981 2089 2053">
     <span class='ocr_line' id='line_1_46' title="bbox 525 1981 2089 2053; baseline -0.001 -17"><span class='ocrx_word' id='word_1_347' title='bbox 525 1983 743 2038; x_wconf 82' lang='lat' dir='ltr'><strong>solliciti</strong></span> <span class='ocrx_word' id='word_1_348' title='bbox 774 1983 983 2050; x_wconf 83' lang='lat' dir='ltr'><strong>simus;</strong></span> <span class='ocrx_word' id='word_1_349' title='bbox 1018 1999 1140 2036; x_wconf 86' lang='lat' dir='ltr'><strong>nam</strong></span> <span class='ocrx_word' id='word_1_350' title='bbox 1173 1997 1293 2053; x_wconf 75' lang='lat' dir='ltr'><strong>qua:</strong></span> <span class='ocrx_word' id='word_1_351' title='bbox 1315 1983 1574 2038; x_wconf 85' lang='lat' dir='ltr'><strong>videntur</strong></span> <span class='ocrx_word' id='word_1_352' title='bbox 1601 1981 1920 2051; x_wconf 89' lang='lat' dir='ltr'><strong>temporalia</strong></span> <span class='ocrx_word' id='word_1_353' title='bbox 1943 1989 2089 2046; x_wconf 90' lang='lat' dir='ltr'><strong>sunt,</strong></span> 
     </span>
    </p>
   </div>
   <div class='ocr_carea' id='block_1_47' title="bbox 522 2072 2093 2141">
    <p class='ocr_par' dir='ltr' id='par_1_47' title="bbox 522 2072 2093 2141">
     <span class='ocr_line' id='line_1_47' title="bbox 522 2072 2093 2141; baseline 0 -15"><span class='ocrx_word' id='word_1_354' title='bbox 522 2091 646 2141; x_wconf 71' lang='grc' dir='ltr'><strong>ιμιαι</strong></span> <span class='ocrx_word' id='word_1_355' title='bbox 675 2085 853 2129; x_wconf 90' lang='lat' dir='ltr'><strong>autem</strong></span> <span class='ocrx_word' id='word_1_356' title='bbox 886 2089 991 2129; x_wconf 93' lang='lat' dir='ltr'><strong>non</strong></span> <span class='ocrx_word' id='word_1_357' title='bbox 1024 2076 1276 2131; x_wconf 83' lang='lat' dir='ltr'><strong>videntur</strong></span> <span class='ocrx_word' id='word_1_358' title='bbox 1314 2086 1515 2130; x_wconf 73' lang='lat' dir='ltr'><strong>aeterna</strong></span> <span class='ocrx_word' id='word_1_359' title='bbox 1551 2085 1698 2130; x_wconf 89' lang='lat' dir='ltr'><strong>sunt.</strong></span> <span class='ocrx_word' id='word_1_360' title='bbox 1747 2073 1851 2128; x_wconf 80' lang='lat' dir='ltr'><strong>Et:</strong></span> <span class='ocrx_word' id='word_1_361' title='bbox 1897 2092 1916 2124; x_wconf 84' lang='grc' dir='ltr'><strong>ι</strong></span> <span class='ocrx_word' id='word_1_362' title='bbox 1956 2072 2093 2128; x_wconf 72' lang='grc' dir='ltr'><strong>ϐαείί</strong></span> 
     </span>
    </p>
   </div>
   <div class='ocr_carea' id='block_1_48' title="bbox 525 2165 2092 2236">
    <p class='ocr_par' dir='ltr' id='par_1_48' title="bbox 525 2165 2092 2236">
     <span class='ocr_line' id='line_1_48' title="bbox 525 2165 2092 2236; baseline -0.002 -15"><span class='ocrx_word' id='word_1_363' title='bbox 525 2167 667 2222; x_wconf 89' lang='lat' dir='ltr'><strong>sicut</strong></span> <span class='ocrx_word' id='word_1_364' title='bbox 691 2168 825 2221; x_wconf 89' lang='lat' dir='ltr'><strong>liber</strong></span> <span class='ocrx_word' id='word_1_365' title='bbox 851 2167 1345 2236; x_wconf 84' lang='lat' dir='ltr'><strong>complicabuntur;</strong></span> <span class='ocrx_word' id='word_1_366' title='bbox 1367 2186 1385 2219; x_wconf 75' lang='grc' dir='ltr'>ι</span> <span class='ocrx_word' id='word_1_367' title='bbox 1410 2167 1657 2236; x_wconf 76' lang='lat' dir='ltr'><strong>dixitque</strong></span> <span class='ocrx_word' id='word_1_368' title='bbox 1680 2166 1903 2222; x_wconf 86' lang='lat' dir='ltr'><strong>Petrus:</strong></span> <span class='ocrx_word' id='word_1_369' title='bbox 1930 2165 2092 2222; x_wconf 58' lang='lat' dir='ltr'><strong>«Caeli</strong></span> 
     </span>
    </p>
   </div>
   <div class='ocr_carea' id='block_1_49' title="bbox 525 2259 2097 2332">
    <p class='ocr_par' dir='ltr' id='par_1_49' title="bbox 525 2259 2097 2332">
     <span class='ocr_line' id='line_1_49' title="bbox 525 2259 2097 2332; baseline -0.001 -21"><span class='ocrx_word' id='word_1_370' title='bbox 525 2261 741 2332; x_wconf 83' lang='lat' dir='ltr'><strong>quidem</strong></span> <span class='ocrx_word' id='word_1_371' title='bbox 779 2275 974 2330; x_wconf 83' lang='lat' dir='ltr'><strong>magno</strong></span> <span class='ocrx_word' id='word_1_372' title='bbox 1001 2259 1234 2314; x_wconf 88' lang='lat' dir='ltr'><strong>stridore</strong></span> <span class='ocrx_word' id='word_1_373' title='bbox 1265 2259 1604 2322; x_wconf 89' lang='lat' dir='ltr'><strong>transibunt,</strong></span> <span class='ocrx_word' id='word_1_374' title='bbox 1647 2259 1914 2314; x_wconf 83' lang='lat' dir='ltr'><strong>elementa</strong></span> <span class='ocrx_word' id='word_1_375' title='bbox 1967 2273 2097 2312; x_wconf 81' lang='lat' dir='ltr'><strong>vero</strong></span> 
     </span>
    </p>
   </div>
   <div class='ocr_carea' id='block_1_50' title="bbox 525 2350 2098 2422">
    <p class='ocr_par' dir='ltr' id='par_1_50' title="bbox 525 2350 2098 2422">
     <span class='ocr_line' id='line_1_50' title="bbox 525 2350 2098 2422; baseline 0.001 -20"><span class='ocrx_word' id='word_1_376' title='bbox 525 2353 706 2404; x_wconf 84' lang='lat' dir='ltr'><strong>calore</strong></span> <span class='ocrx_word' id='word_1_377' title='bbox 750 2351 1062 2417; x_wconf 87' lang='lat' dir='ltr'><strong>solventur;</strong></span> <span class='ocrx_word' id='word_1_378' title='bbox 1096 2360 1238 2407; x_wconf 85' lang='lat' dir='ltr'><strong>terra</strong></span> <span class='ocrx_word' id='word_1_379' title='bbox 1285 2359 1464 2405; x_wconf 84' lang='lat' dir='ltr'><strong>autem</strong></span> <span class='ocrx_word' id='word_1_380' title='bbox 1503 2359 1557 2405; x_wconf 93' lang='lat' dir='ltr'><strong>et</strong></span> <span class='ocrx_word' id='word_1_381' title='bbox 1585 2365 1707 2422; x_wconf 68' lang='lat' dir='ltr'><strong>quae</strong></span> <span class='ocrx_word' id='word_1_382' title='bbox 1737 2351 1788 2404; x_wconf 91' lang='lat' dir='ltr'><strong>in</strong></span> <span class='ocrx_word' id='word_1_383' title='bbox 1821 2350 1932 2419; x_wconf 89' lang='lat' dir='ltr'><strong>ipsa</strong></span> <span class='ocrx_word' id='word_1_384' title='bbox 1969 2359 2098 2404; x_wconf 90' lang='lat' dir='ltr'><strong>sunt</strong></span> 
     </span>
    </p>
   </div>
   <div class='ocr_carea' id='block_1_51' title="bbox 529 2443 2096 2512">
    <p class='ocr_par' dir='ltr' id='par_1_51' title="bbox 529 2443 2096 2512">
     <span class='ocr_line' id='line_1_51' title="bbox 529 2443 2096 2512; baseline 0.001 -16"><span class='ocrx_word' id='word_1_385' title='bbox 529 2459 693 2512; x_wconf 83' lang='lat' dir='ltr'><strong>opera</strong></span> <span class='ocrx_word' id='word_1_386' title='bbox 746 2453 1068 2498; x_wconf 78' lang='lat' dir='ltr'><strong>exurentur.</strong></span> <span class='ocrx_word' id='word_1_387' title='bbox 1106 2463 1124 2494; x_wconf 82' lang='grc'><strong>›</strong></span> <span class='ocrx_word' id='word_1_388' title='bbox 1159 2445 1226 2498; x_wconf 85' lang='lat' dir='ltr'><strong>At</strong></span> <span class='ocrx_word' id='word_1_389' title='bbox 1283 2444 1366 2498; x_wconf 81' lang='lat' dir='ltr'><strong>his</strong></span> <span class='ocrx_word' id='word_1_390' title='bbox 1413 2443 1669 2499; x_wconf 88' lang='lat' dir='ltr'><strong>onmibus</strong></span> <span class='ocrx_word' id='word_1_391' title='bbox 1707 2444 2096 2506; x_wconf 87' lang='lat' dir='ltr'><strong>dissolvemlis,</strong></span> 
     </span>
    </p>
   </div>
   <div class='ocr_carea' id='block_1_52' title="bbox 529 2534 2100 2608">
    <p class='ocr_par' dir='ltr' id='par_1_52' title="bbox 529 2534 2100 2608">
     <span class='ocr_line' id='line_1_52' title="bbox 529 2534 2100 2608; baseline 0.001 -21"><span class='ocrx_word' id='word_1_392' title='bbox 529 2537 720 2608; x_wconf 81' lang='lat' dir='ltr'><strong>quales</strong></span> <span class='ocrx_word' id='word_1_393' title='bbox 745 2551 844 2591; x_wconf 89' lang='lat' dir='ltr'><strong>nos</strong></span> <span class='ocrx_word' id='word_1_394' title='bbox 870 2551 989 2592; x_wconf 80' lang='lat' dir='ltr'><strong>esse</strong></span> <span class='ocrx_word' id='word_1_395' title='bbox 1018 2536 1274 2606; x_wconf 88' lang='lat' dir='ltr'><strong>oportet?</strong></span> <span class='ocrx_word' id='word_1_396' title='bbox 1297 2534 1547 2589; x_wconf 78' lang='lat' dir='ltr'><strong>Profecto</strong></span> <span class='ocrx_word' id='word_1_397' title='bbox 1579 2535 1632 2590; x_wconf 92' lang='lat' dir='ltr'><strong>in</strong></span> <span class='ocrx_word' id='word_1_398' title='bbox 1661 2545 1850 2590; x_wconf 89' lang='lat' dir='ltr'><strong>sancta</strong></span> <span class='ocrx_word' id='word_1_399' title='bbox 1873 2550 2100 2590; x_wconf 79' lang='lat' dir='ltr'><strong>conver-</strong></span> 
     </span>
    </p>
   </div>
   <div class='ocr_carea' id='block_1_53' title="bbox 530 2627 2098 2700">
    <p class='ocr_par' dir='ltr' id='par_1_53' title="bbox 530 2627 2098 2700">
     <span class='ocr_line' id='line_1_53' title="bbox 530 2627 2098 2700; baseline -0.002 -17"><span class='ocrx_word' id='word_1_400' title='bbox 530 2630 745 2685; x_wconf 89' lang='lat' dir='ltr'><strong>satione</strong></span> <span class='ocrx_word' id='word_1_401' title='bbox 797 2630 1167 2700; x_wconf 88' lang='lat' dir='ltr'><strong>operibusque</strong></span> <span class='ocrx_word' id='word_1_402' title='bbox 1203 2629 1436 2699; x_wconf 64' lang='lat' dir='ltr'><strong>pietatisj</strong></span> <span class='ocrx_word' id='word_1_403' title='bbox 1470 2636 1851 2698; x_wconf 82' lang='lat' dir='ltr'><strong>exspectantes</strong></span> <span class='ocrx_word' id='word_1_404' title='bbox 1887 2627 2098 2682; x_wconf 89' lang='lat' dir='ltr'><strong>Domini</strong></span> 
     </span>
    </p>
   </div>
   <div class='ocr_carea' id='block_1_54' title="bbox 533 2717 2095 2786">
    <p class='ocr_par' dir='ltr' id='par_1_54' title="bbox 533 2717 2095 2786">
     <span class='ocr_line' id='line_1_54' title="bbox 533 2717 2095 2786; baseline -0.004 -10"><span class='ocrx_word' id='word_1_405' title='bbox 533 2722 701 2776; x_wconf 89' lang='lat' dir='ltr'><strong>nostri</strong></span> <span class='ocrx_word' id='word_1_406' title='bbox 736 2718 867 2776; x_wconf 78' lang='lat' dir='ltr'><strong>Jesu</strong></span> <span class='ocrx_word' id='word_1_407' title='bbox 893 2720 1098 2776; x_wconf 84' lang='lat' dir='ltr'><strong>Christi</strong></span> <span class='ocrx_word' id='word_1_408' title='bbox 1130 2719 1444 2781; x_wconf 77' lang='lat' dir='ltr'><strong>adventum,</strong></span> <span class='ocrx_word' id='word_1_409' title='bbox 1477 2717 1545 2771; x_wconf 85' lang='lat' dir='ltr'><strong>de</strong></span> <span class='ocrx_word' id='word_1_410' title='bbox 1579 2732 1686 2786; x_wconf 88' lang='lat' dir='ltr'><strong>quo</strong></span> <span class='ocrx_word' id='word_1_411' title='bbox 1715 2732 1816 2772; x_wconf 88' lang='lat' dir='ltr'><strong>nos</strong></span> <span class='ocrx_word' id='word_1_412' title='bbox 1847 2732 1968 2772; x_wconf 87' lang='lat' dir='ltr'><strong>esse</strong></span> <span class='ocrx_word' id='word_1_413' title='bbox 1993 2717 2095 2772; x_wconf 77' lang='lat' dir='ltr'><strong>80i-</strong></span> 
     </span>
    </p>
   </div>
   <div class='ocr_carea' id='block_1_55' title="bbox 517 2808 2104 2881">
    <p class='ocr_par' dir='ltr' id='par_1_55' title="bbox 517 2808 2104 2881">
     <span class='ocr_line' id='line_1_55' title="bbox 517 2808 2104 2881; baseline -0.004 -15"><span class='ocrx_word' id='word_1_414' title='bbox 517 2813 712 2867; x_wconf 73' lang='lat' dir='ltr'><strong>liritos</strong></span> <span class='ocrx_word' id='word_1_415' title='bbox 739 2819 976 2881; x_wconf 90' lang='lat' dir='ltr'><strong>oportet.</strong></span> <span class='ocrx_word' id='word_1_416' title='bbox 1012 2810 1270 2875; x_wconf 62' lang='lat' dir='ltr'><strong>Quanam</strong></span> <span class='ocrx_word' id='word_1_417' title='bbox 1315 2812 1460 2863; x_wconf 84' lang='lat' dir='ltr'><strong>enim</strong></span> <span class='ocrx_word' id='word_1_418' title='bbox 1512 2808 1721 2862; x_wconf 87' lang='lat' dir='ltr'><strong>utilitas</strong></span> <span class='ocrx_word' id='word_1_419' title='bbox 1750 2823 1814 2862; x_wconf 82' lang='lat' dir='ltr'><strong>ex</strong></span> <span class='ocrx_word' id='word_1_420' title='bbox 1863 2817 2104 2862; x_wconf 86' lang='lat' dir='ltr'><strong>contem-</strong></span> 
     </span>
    </p>
   </div>
   <div class='ocr_carea' id='block_1_56' title="bbox 535 2883 2126 2973">
    <p class='ocr_par' dir='ltr' id='par_1_56' title="bbox 535 2900 2100 2973">
     <span class='ocr_line' id='line_1_56' title="bbox 535 2900 2100 2973; baseline -0.003 -16"><span class='ocrx_word' id='word_1_421' title='bbox 535 2907 774 2973; x_wconf 75' lang='lat' dir='ltr'><strong>platione</strong></span> <span class='ocrx_word' id='word_1_422' title='bbox 804 2903 1226 2958; x_wconf 87' lang='lat' dir='ltr'><strong>creaturarum?</strong></span> <span class='ocrx_word' id='word_1_423' title='bbox 1246 2904 1522 2968; x_wconf 84' lang='lat' dir='ltr'><strong>Quantum</strong></span> <span class='ocrx_word' id='word_1_424' title='bbox 1551 2901 1672 2954; x_wconf 89' lang='lat' dir='ltr'><strong>inde</strong></span> <span class='ocrx_word' id='word_1_425' title='bbox 1690 2908 1870 2968; x_wconf 82' lang='lat' dir='ltr'><strong>torpet</strong></span> <span class='ocrx_word' id='word_1_426' title='bbox 1889 2900 2066 2954; x_wconf 85' lang='lat' dir='ltr'><strong>anima</strong></span> <span class='ocrx_word' id='word_1_427' title='bbox 2088 2901 2100 2952; x_wconf 84' lang='grc' dir='ltr'><strong>ί</strong></span> 
     </span>
    </p>
   </div>
   <div class='ocr_carea' id='block_1_57' title="bbox 2212 2883 3774 2973">
    <p class='ocr_par' dir='ltr' id='par_1_57' title="bbox 2212 2883 3774 2958">
     <span class='ocr_line' id='line_1_57' title="bbox 2212 2883 3774 2958; baseline -0.01 -7"><span class='ocrx_word' id='word_1_428' title='bbox 2212 2900 2300 2951; x_wconf 75' lang='grc' dir='ltr'><strong>καὶ</strong></span> <span class='ocrx_word' id='word_1_429' title='bbox 2355 2894 2686 2957; x_wconf 78' lang='grc' dir='ltr'><strong>εὐσεϐείαις,</strong></span> <span class='ocrx_word' id='word_1_430' title='bbox 2746 2888 3220 2958; x_wconf 81' lang='grc' dir='ltr'><strong>ἀπεκδεχομένους</strong></span> <span class='ocrx_word' id='word_1_431' title='bbox 3269 2889 3370 2955; x_wconf 83' lang='grc' dir='ltr'><strong>τὴν</strong></span> <span class='ocrx_word' id='word_1_432' title='bbox 3420 2885 3516 2938; x_wconf 88' lang='grc' dir='ltr'><strong>τοῦ</strong></span> <span class='ocrx_word' id='word_1_433' title='bbox 3567 2883 3774 2954; x_wconf 81' lang='grc' dir='ltr'><strong>Κυρίου</strong></span> 
     </span>
    </p>
   </div>
   <div class='ocr_carea' id='block_1_58' title="bbox 537 2973 2126 3062">
    <p class='ocr_par' dir='ltr' id='par_1_58' title="bbox 537 2990 2106 3061">
     <span class='ocr_line' id='line_1_58' title="bbox 537 2990 2106 3061; baseline -0.003 -13"><span class='ocrx_word' id='word_1_434' title='bbox 537 2995 810 3061; x_wconf 85' lang='lat' dir='ltr'><strong>Quantum</strong></span> <span class='ocrx_word' id='word_1_435' title='bbox 845 2995 968 3050; x_wconf 89' lang='lat' dir='ltr'><strong>inde</strong></span> <span class='ocrx_word' id='word_1_436' title='bbox 1001 2993 1344 3048; x_wconf 84' lang='lat' dir='ltr'><strong>conteritur!</strong></span> <span class='ocrx_word' id='word_1_437' title='bbox 1381 2994 1483 3047; x_wconf 87' lang='lat' dir='ltr'><strong>nisi</strong></span> <span class='ocrx_word' id='word_1_438' title='bbox 1525 2993 1688 3046; x_wconf 90' lang='lat' dir='ltr'><strong>etiam</strong></span> <span class='ocrx_word' id='word_1_439' title='bbox 1725 2990 1852 3045; x_wconf 89' lang='lat' dir='ltr'><strong>inde</strong></span> <span class='ocrx_word' id='word_1_440' title='bbox 1891 2999 2106 3046; x_wconf 82' lang='lat' dir='ltr'><strong>crescat</strong></span> 
     </span>
    </p>
   </div>
   <div class='ocr_carea' id='block_1_59' title="bbox 2212 2973 3778 3062">
    <p class='ocr_par' dir='ltr' id='par_1_59' title="bbox 2212 2973 3778 3062">
     <span class='ocr_line' id='line_1_59' title="bbox 2212 2973 3778 3062; baseline -0.01 -18"><span class='ocrx_word' id='word_1_441' title='bbox 2212 2989 2365 3062; x_wconf 76' lang='grc' dir='ltr'><strong>ἡμῶν</strong></span> <span class='ocrx_word' id='word_1_442' title='bbox 2409 2987 2586 3058; x_wconf 86' lang='grc' dir='ltr'><strong>’ῐησοῦ</strong></span> <span class='ocrx_word' id='word_1_443' title='bbox 2618 2982 2858 3052; x_wconf 78' lang='grc' dir='ltr'><strong>Χριστοῦ</strong></span> <span class='ocrx_word' id='word_1_444' title='bbox 2907 2981 3238 3052; x_wconf 86' lang='grc' dir='ltr'><strong>παρουσίαν,</strong></span> <span class='ocrx_word' id='word_1_445' title='bbox 3291 2981 3421 3050; x_wconf 69' lang='grc' dir='ltr'><strong>περὶ</strong></span> <span class='ocrx_word' id='word_1_446' title='bbox 3462 2973 3530 3048; x_wconf 79' lang='grc' dir='ltr'><strong>ἦς</strong></span> <span class='ocrx_word' id='word_1_447' title='bbox 3577 2977 3644 3046; x_wconf 82' lang='grc' dir='ltr'><strong>δὴ</strong></span> <span class='ocrx_word' id='word_1_448' title='bbox 3681 2977 3778 3030; x_wconf 80' lang='grc' dir='ltr'><strong>καὶ</strong></span> 
     </span>
    </p>
   </div>
   <div class='ocr_carea' id='block_1_60' title="bbox 537 3069 2126 3161">
    <p class='ocr_par' dir='ltr' id='par_1_60' title="bbox 537 3085 2109 3161">
     <span class='ocr_line' id='line_1_60' title="bbox 537 3085 2109 3161; baseline -0.003 -18"><span class='ocrx_word' id='word_1_449' title='bbox 537 3087 914 3161; x_wconf 66' lang='lat' dir='ltr'><strong>praesumptio,</strong></span> <span class='ocrx_word' id='word_1_450' title='bbox 939 3087 1216 3158; x_wconf 90' lang='lat' dir='ltr'><strong>impiaque</strong></span> <span class='ocrx_word' id='word_1_451' title='bbox 1250 3086 1468 3156; x_wconf 88' lang='lat' dir='ltr'><strong>superbi</strong></span> <span class='ocrx_word' id='word_1_452' title='bbox 1502 3085 1849 3141; x_wconf 83' lang='lat' dir='ltr'><strong>tenebrarum</strong></span> <span class='ocrx_word' id='word_1_453' title='bbox 1880 3085 2109 3156; x_wconf 84' lang='lat' dir='ltr'><strong>spiritus</strong></span> 
     </span>
    </p>
   </div>
   <div class='ocr_carea' id='block_1_61' title="bbox 2212 3069 3784 3161">
    <p class='ocr_par' dir='ltr' id='par_1_61' title="bbox 2213 3069 3784 3158">
     <span class='ocr_line' id='line_1_61' title="bbox 2213 3069 3784 3158; baseline -0.01 -20"><span class='ocrx_word' id='word_1_454' title='bbox 2213 3083 2520 3158; x_wconf 71' lang='grc' dir='ltr'><strong>φροντίζειν</strong></span> <span class='ocrx_word' id='word_1_455' title='bbox 2545 3080 2693 3150; x_wconf 80' lang='grc' dir='ltr'><strong>ἡμᾶς</strong></span> <span class='ocrx_word' id='word_1_456' title='bbox 2719 3075 2916 3148; x_wconf 85' lang='grc' dir='ltr'><strong>χρεῶν.</strong></span> <span class='ocrx_word' id='word_1_457' title='bbox 2975 3073 3042 3128; x_wconf 87' lang='grc' dir='ltr'><strong>Τί</strong></span> <span class='ocrx_word' id='word_1_458' title='bbox 3070 3072 3180 3142; x_wconf 79' lang='grc' dir='ltr'><strong>γὰρ</strong></span> <span class='ocrx_word' id='word_1_459' title='bbox 3234 3073 3293 3124; x_wconf 80' lang='grc' dir='ltr'><strong>τὸ</strong></span> <span class='ocrx_word' id='word_1_460' title='bbox 3317 3071 3508 3140; x_wconf 77' lang='grc' dir='ltr'><strong>δφελος</strong></span> <span class='ocrx_word' id='word_1_461' title='bbox 3562 3073 3630 3123; x_wconf 77' lang='grc' dir='ltr'><strong>ὲκ</strong></span> <span class='ocrx_word' id='word_1_462' title='bbox 3682 3069 3784 3140; x_wconf 79' lang='grc' dir='ltr'><strong>τῆς</strong></span> 
     </span>
    </p>
   </div>
   <div class='ocr_carea' id='block_1_62' title="bbox 537 3162 2126 3254">
    <p class='ocr_par' dir='ltr' id='par_1_62' title="bbox 537 3178 2110 3254">
     <span class='ocr_line' id='line_1_62' title="bbox 537 3178 2110 3254; baseline -0.001 -21"><span class='ocrx_word' id='word_1_463' title='bbox 537 3182 724 3254; x_wconf 87' lang='lat' dir='ltr'><strong>opinio</strong></span> <span class='ocrx_word' id='word_1_464' title='bbox 753 3182 1026 3236; x_wconf 85' lang='lat' dir='ltr'><strong>tuentibus</strong></span> <span class='ocrx_word' id='word_1_465' title='bbox 1065 3180 1276 3236; x_wconf 86' lang='lat' dir='ltr'><strong>insanis</strong></span> <span class='ocrx_word' id='word_1_466' title='bbox 1307 3180 1602 3235; x_wconf 85' lang='lat' dir='ltr'><strong>inseratur.</strong></span> <span class='ocrx_word' id='word_1_467' title='bbox 1646 3179 1802 3245; x_wconf 82' lang='lat' dir='ltr'><strong>Quod</strong></span> <span class='ocrx_word' id='word_1_468' title='bbox 1838 3193 1946 3234; x_wconf 86' lang='lat' dir='ltr'><strong>non</strong></span> <span class='ocrx_word' id='word_1_469' title='bbox 1976 3178 2110 3248; x_wconf 69' lang='lat' dir='ltr'><strong>ipsa:</strong></span> 
     </span>
    </p>
   </div>
   <div class='ocr_carea' id='block_1_63' title="bbox 2212 3162 3781 3254">
    <p class='ocr_par' dir='ltr' id='par_1_63' title="bbox 2212 3162 3781 3242">
     <span class='ocr_line' id='line_1_63' title="bbox 2212 3162 3781 3242; baseline -0.011 -10"><span class='ocrx_word' id='word_1_470' title='bbox 2212 3177 2320 3231; x_wconf 86' lang='grc' dir='ltr'><strong>τῶν</strong></span> <span class='ocrx_word' id='word_1_471' title='bbox 2349 3174 2669 3242; x_wconf 84' lang='grc' dir='ltr'><strong>κτισμάτων</strong></span> <span class='ocrx_word' id='word_1_472' title='bbox 2697 3167 2930 3239; x_wconf 81' lang='grc' dir='ltr'><strong>θεωρίας</strong></span> <span class='ocrx_word' id='word_1_473' title='bbox 2955 3182 2972 3235; x_wconf 85' lang='grc'><strong>;</strong></span> <span class='ocrx_word' id='word_1_474' title='bbox 3006 3166 3137 3218; x_wconf 88' lang='grc' dir='ltr'><strong>ποία</strong></span> <span class='ocrx_word' id='word_1_475' title='bbox 3169 3165 3233 3218; x_wconf 77' lang='grc' dir='ltr'><strong>ὲκ</strong></span> <span class='ocrx_word' id='word_1_476' title='bbox 3272 3162 3477 3217; x_wconf 81' lang='grc' dir='ltr'><strong>τούτων</strong></span> <span class='ocrx_word' id='word_1_477' title='bbox 3505 3162 3781 3230; x_wconf 60' lang='lat' dir='ltr'><strong>ancillam;</strong></span> 
     </span>
    </p>
   </div>
   <div class='ocr_carea' id='block_1_64' title="bbox 542 3271 2111 3340">
    <p class='ocr_par' dir='ltr' id='par_1_64' title="bbox 542 3271 2111 3340">
     <span class='ocr_line' id='line_1_64' title="bbox 542 3271 2111 3340; baseline -0.003 -10"><span class='ocrx_word' id='word_1_478' title='bbox 542 3278 744 3332; x_wconf 88' lang='lat' dir='ltr'><strong>I&#39;aciunt</strong></span> <span class='ocrx_word' id='word_1_479' title='bbox 769 3284 1033 3331; x_wconf 68' lang='lat' dir='ltr'><strong>creaturae</strong></span> <span class='ocrx_word' id='word_1_480' title='bbox 1058 3289 1182 3329; x_wconf 89' lang='lat' dir='ltr'><strong>cum</strong></span> <span class='ocrx_word' id='word_1_481' title='bbox 1206 3274 1362 3328; x_wconf 81' lang='lat' dir='ltr'><strong>home</strong></span> <span class='ocrx_word' id='word_1_482' title='bbox 1385 3271 1496 3326; x_wconf 86' lang='lat' dir='ltr'><strong>sint</strong></span> <span class='ocrx_word' id='word_1_483' title='bbox 1519 3278 1706 3340; x_wconf 91' lang='lat' dir='ltr'><strong>utpote</strong></span> <span class='ocrx_word' id='word_1_484' title='bbox 1730 3285 1761 3326; x_wconf 84' lang='lat' dir='ltr'><strong>a</strong></span> <span class='ocrx_word' id='word_1_485' title='bbox 1789 3272 1934 3326; x_wconf 87' lang='lat' dir='ltr'><strong>bono</strong></span> <span class='ocrx_word' id='word_1_486' title='bbox 1960 3285 2111 3327; x_wconf 89' lang='lat' dir='ltr'><strong>crea-</strong></span> 
     </span>
    </p>
   </div>
   <div class='ocr_carea' id='block_1_65' title="bbox 542 3359 2112 3432">
    <p class='ocr_par' dir='ltr' id='par_1_65' title="bbox 542 3359 2112 3432">
     <span class='ocr_line' id='line_1_65' title="bbox 542 3359 2112 3432; baseline -0.003 -9"><span class='ocrx_word' id='word_1_487' title='bbox 542 3380 679 3424; x_wconf 84' lang='lat' dir='ltr'><strong>turae</strong></span> <span class='ocrx_word' id='word_1_488' title='bbox 716 3368 972 3432; x_wconf 81' lang='lat' dir='ltr'><strong>conditae,</strong></span> <span class='ocrx_word' id='word_1_489' title='bbox 1030 3370 1122 3420; x_wconf 84' lang='lat' dir='ltr'><strong>sed</strong></span> <span class='ocrx_word' id='word_1_490' title='bbox 1189 3359 1426 3418; x_wconf 81' lang='lat' dir='ltr'><strong>sollicita</strong></span> <span class='ocrx_word' id='word_1_491' title='bbox 1486 3379 1671 3419; x_wconf 89' lang='lat' dir='ltr'><strong>earum</strong></span> <span class='ocrx_word' id='word_1_492' title='bbox 1718 3363 2112 3429; x_wconf 88' lang='lat' dir='ltr'><strong>consideratio,</strong></span> 
     </span>
    </p>
   </div>
   <div class='ocr_carea' id='block_1_66' title="bbox 542 3453 2113 3532">
    <p class='ocr_par' dir='ltr' id='par_1_66' title="bbox 542 3453 2113 3532">
     <span class='ocr_line' id='line_1_66' title="bbox 542 3453 2113 3532; baseline -0.003 -19"><span class='ocrx_word' id='word_1_493' title='bbox 542 3477 705 3532; x_wconf 85' lang='lat' dir='ltr'><strong>quam</strong></span> <span class='ocrx_word' id='word_1_494' title='bbox 765 3458 1193 3527; x_wconf 80' lang='lat' dir='ltr'><strong>contemplatum</strong></span> <span class='ocrx_word' id='word_1_495' title='bbox 1269 3463 1574 3525; x_wconf 89' lang='lat' dir='ltr'><strong>apostatam</strong></span> <span class='ocrx_word' id='word_1_496' title='bbox 1635 3453 1824 3512; x_wconf 89' lang='lat' dir='ltr'><strong>dicunt</strong></span> <span class='ocrx_word' id='word_1_497' title='bbox 1888 3455 2113 3524; x_wconf 88' lang='lat' dir='ltr'><strong>quidam</strong></span> 
     </span>
    </p>
   </div>
   <div class='ocr_carea' id='block_1_67' title="bbox 546 3546 2116 3619">
    <p class='ocr_par' dir='ltr' id='par_1_67' title="bbox 546 3546 2116 3619">
     <span class='ocr_line' id='line_1_67' title="bbox 546 3546 2116 3619; baseline -0.006 -10"><span class='ocrx_word' id='word_1_498' title='bbox 546 3553 891 3618; x_wconf 85' lang='lat' dir='ltr'><strong>(sublimiore</strong></span> <span class='ocrx_word' id='word_1_499' title='bbox 939 3551 1085 3606; x_wconf 87' lang='lat' dir='ltr'><strong>enim</strong></span> <span class='ocrx_word' id='word_1_500' title='bbox 1125 3549 1588 3618; x_wconf 87' lang='lat' dir='ltr'><strong>contemplatione</strong></span> <span class='ocrx_word' id='word_1_501' title='bbox 1628 3548 1826 3619; x_wconf 76' lang='lat' dir='ltr'><strong>dignus</strong></span> <span class='ocrx_word' id='word_1_502' title='bbox 1872 3561 1980 3600; x_wconf 89' lang='lat' dir='ltr'><strong>non</strong></span> <span class='ocrx_word' id='word_1_503' title='bbox 2013 3546 2116 3600; x_wconf 81' lang='lat' dir='ltr'><strong>fuit</strong></span> 
     </span>
    </p>
   </div>
   <div class='ocr_carea' id='block_1_68' title="bbox 549 3639 2117 3714">
    <p class='ocr_par' dir='ltr' id='par_1_68' title="bbox 549 3639 2117 3714">
     <span class='ocr_line' id='line_1_68' title="bbox 549 3639 2117 3714; baseline -0.005 -12"><span class='ocrx_word' id='word_1_504' title='bbox 549 3649 638 3702; x_wconf 87' lang='lat' dir='ltr'><strong>ille</strong></span> <span class='ocrx_word' id='word_1_505' title='bbox 685 3647 757 3703; x_wconf 85' lang='lat' dir='ltr'><strong>ab</strong></span> <span class='ocrx_word' id='word_1_506' title='bbox 813 3645 972 3700; x_wconf 89' lang='lat' dir='ltr'><strong>initio</strong></span> <span class='ocrx_word' id='word_1_507' title='bbox 1001 3644 1396 3714; x_wconf 75' lang='lat' dir='ltr'><strong>gloriabundus</strong></span> <span class='ocrx_word' id='word_1_508' title='bbox 1444 3651 1497 3698; x_wconf 89' lang='lat' dir='ltr'><strong>et</strong></span> <span class='ocrx_word' id='word_1_509' title='bbox 1526 3640 1992 3698; x_wconf 82' lang='lat' dir='ltr'><strong>insolentissimus</strong></span> <span class='ocrx_word' id='word_1_510' title='bbox 2022 3639 2117 3708; x_wconf 92' lang='lat' dir='ltr'><strong>qui</strong></span> 
     </span>
    </p>
   </div>
   <div class='ocr_carea' id='block_1_69' title="bbox 550 3714 2119 3808">
    <p class='ocr_par' dir='ltr' id='par_1_69' title="bbox 550 3714 2119 3808">
     <span class='ocr_line' id='line_1_69' title="bbox 550 3714 2119 3808; baseline -0.006 -13"><span class='ocrx_word' id='word_1_511' title='bbox 550 3753 732 3796; x_wconf 77' lang='lat' dir='ltr'><strong>tamen</strong></span> <span class='ocrx_word' id='word_1_512' title='bbox 759 3752 975 3792; x_wconf 86' lang='lat' dir='ltr'><strong>summo</strong></span> <span class='ocrx_word' id='word_1_513' title='bbox 1000 3736 1321 3808; x_wconf 75' lang='lat' dir='ltr'><strong>angelorum</strong></span> <span class='ocrx_word' id='word_1_514' title='bbox 1359 3714 1538 3792; x_wconf 77' lang='lat' dir='ltr'><strong>ordini</strong></span> <span class='ocrx_word' id='word_1_515' title='bbox 1568 3729 1845 3804; x_wconf 59' lang='lat' dir='ltr'><strong>proferat),</strong></span> <span class='ocrx_word' id='word_1_516' title='bbox 1869 3732 1995 3788; x_wconf 91' lang='lat' dir='ltr'><strong>dum</strong></span> <span class='ocrx_word' id='word_1_517' title='bbox 2033 3734 2119 3787; x_wconf 90' lang='lat' dir='ltr'><strong>in-</strong></span> 
     </span>
    </p>
   </div>
   <div class='ocr_carea' id='block_1_70' title="bbox 550 3827 2119 3900">
    <p class='ocr_par' dir='ltr' id='par_1_70' title="bbox 550 3827 2119 3900">
     <span class='ocr_line' id='line_1_70' title="bbox 550 3827 2119 3900; baseline -0.006 -14"><span class='ocrx_word' id='word_1_518' title='bbox 550 3841 797 3888; x_wconf 78' lang='lat' dir='ltr'><strong>tueretur</strong></span> <span class='ocrx_word' id='word_1_519' title='bbox 813 3829 1195 3900; x_wconf 83' lang='lat' dir='ltr'><strong>superbivisse,</strong></span> <span class='ocrx_word' id='word_1_520' title='bbox 1211 3844 1377 3898; x_wconf 84' lang='lat' dir='ltr'><strong>seque</strong></span> <span class='ocrx_word' id='word_1_521' title='bbox 1390 3829 1671 3897; x_wconf 85' lang='lat' dir='ltr'><strong>jactitasse</strong></span> <span class='ocrx_word' id='word_1_522' title='bbox 1688 3827 1946 3882; x_wconf 86' lang='lat' dir='ltr'><strong>thronum</strong></span> <span class='ocrx_word' id='word_1_523' title='bbox 1961 3839 2119 3881; x_wconf 84' lang='lat' dir='ltr'><strong>suum</strong></span> 
     </span>
    </p>
   </div>
   <div class='ocr_carea' id='block_1_71' title="bbox 551 3918 2124 3998">
    <p class='ocr_par' dir='ltr' id='par_1_71' title="bbox 551 3918 2124 3998">
     <span class='ocr_line' id='line_1_71' title="bbox 551 3918 2124 3998; baseline -0.007 -15"><span class='ocrx_word' id='word_1_524' title='bbox 551 3942 717 3998; x_wconf 88' lang='lat' dir='ltr'><strong>super</strong></span> <span class='ocrx_word' id='word_1_525' title='bbox 746 3925 918 3980; x_wconf 86' lang='lat' dir='ltr'><strong>nubes</strong></span> <span class='ocrx_word' id='word_1_526' title='bbox 935 3932 988 3977; x_wconf 88' lang='lat' dir='ltr'><strong>et</strong></span> <span class='ocrx_word' id='word_1_527' title='bbox 1005 3933 1148 3979; x_wconf 89' lang='lat' dir='ltr'><strong>astra</strong></span> <span class='ocrx_word' id='word_1_528' title='bbox 1172 3924 1500 3992; x_wconf 85' lang='lat' dir='ltr'><strong>positurum,</strong></span> <span class='ocrx_word' id='word_1_529' title='bbox 1527 3922 1869 3990; x_wconf 88' lang='lat' dir='ltr'><strong>similemque</strong></span> <span class='ocrx_word' id='word_1_530' title='bbox 1892 3918 2010 3974; x_wconf 75' lang='lat' dir='ltr'><strong>fore</strong></span> <span class='ocrx_word' id='word_1_531' title='bbox 2031 3919 2124 3973; x_wconf 81' lang='lat' dir='ltr'><strong>Al-</strong></span> 
     </span>
    </p>
   </div>
   <div class='ocr_carea' id='block_1_72' title="bbox 553 4012 2126 4088">
    <p class='ocr_par' dir='ltr' id='par_1_72' title="bbox 553 4012 2126 4088">
     <span class='ocr_line' id='line_1_72' title="bbox 553 4012 2126 4088; baseline -0.005 -14"><span class='ocrx_word' id='word_1_532' title='bbox 553 4022 785 4084; x_wconf 88' lang='lat' dir='ltr'><strong>tissimo,</strong></span> <span class='ocrx_word' id='word_1_533' title='bbox 805 4017 896 4088; x_wconf 90' lang='lat' dir='ltr'><strong>qui</strong></span> <span class='ocrx_word' id='word_1_534' title='bbox 911 4016 1251 4072; x_wconf 85' lang='lat' dir='ltr'><strong>Altissimum</strong></span> <span class='ocrx_word' id='word_1_535' title='bbox 1269 4030 1375 4070; x_wconf 85' lang='lat' dir='ltr'><strong>non</strong></span> <span class='ocrx_word' id='word_1_536' title='bbox 1396 4015 1777 4086; x_wconf 78' lang='lat' dir='ltr'><strong>cognoscebat.</strong></span> <span class='ocrx_word' id='word_1_537' title='bbox 1798 4012 1952 4066; x_wconf 89' lang='lat' dir='ltr'><strong>Hunc</strong></span> <span class='ocrx_word' id='word_1_538' title='bbox 1972 4026 2126 4068; x_wconf 88' lang='lat' dir='ltr'><strong>mens</strong></span> 
     </span>
    </p>
   </div>
   <div class='ocr_carea' id='block_1_73' title="bbox 551 4104 2125 4180">
    <p class='ocr_par' dir='ltr' id='par_1_73' title="bbox 551 4104 2125 4180">
     <span class='ocr_line' id='line_1_73' title="bbox 551 4104 2125 4180; baseline -0.008 -12"><span class='ocrx_word' id='word_1_539' title='bbox 551 4113 730 4169; x_wconf 86' lang='lat' dir='ltr'><strong>otunis</strong></span> <span class='ocrx_word' id='word_1_540' title='bbox 749 4124 964 4180; x_wconf 85' lang='lat' dir='ltr'><strong>semper</strong></span> <span class='ocrx_word' id='word_1_541' title='bbox 984 4107 1342 4176; x_wconf 64' lang='lat' dir='ltr'><strong>contemplari</strong></span> <span class='ocrx_word' id='word_1_542' title='bbox 1362 4107 1520 4161; x_wconf 87' lang='lat' dir='ltr'><strong>debet</strong></span> <span class='ocrx_word' id='word_1_543' title='bbox 1542 4104 1690 4160; x_wconf 85' lang='lat' dir='ltr'><strong>velut</strong></span> <span class='ocrx_word' id='word_1_544' title='bbox 1719 4112 1952 4158; x_wconf 88' lang='lat' dir='ltr'><strong>mentem</strong></span> <span class='ocrx_word' id='word_1_545' title='bbox 1969 4111 2125 4158; x_wconf 84' lang='lat' dir='ltr'><strong>acter-</strong></span> 
     </span>
    </p>
   </div>
   <div class='ocr_carea' id='block_1_74' title="bbox 552 4198 2124 4268">
    <p class='ocr_par' dir='ltr' id='par_1_74' title="bbox 552 4198 2124 4268">
     <span class='ocr_line' id='line_1_74' title="bbox 552 4198 2124 4268; baseline -0.008 -8"><span class='ocrx_word' id='word_1_546' title='bbox 552 4222 675 4260; x_wconf 86' lang='lat' dir='ltr'><strong>nam</strong></span> <span class='ocrx_word' id='word_1_547' title='bbox 701 4205 912 4259; x_wconf 84' lang='lat' dir='ltr'><strong>Patrem</strong></span> <span class='ocrx_word' id='word_1_548' title='bbox 939 4218 1064 4256; x_wconf 88' lang='lat' dir='ltr'><strong>cum</strong></span> <span class='ocrx_word' id='word_1_549' title='bbox 1085 4198 1264 4255; x_wconf 77' lang='lat' dir='ltr'><strong>Verbo</strong></span> <span class='ocrx_word' id='word_1_550' title='bbox 1287 4208 1342 4252; x_wconf 93' lang='lat' dir='ltr'><strong>et</strong></span> <span class='ocrx_word' id='word_1_551' title='bbox 1368 4198 1596 4268; x_wconf 86' lang='lat' dir='ltr'><strong>Spiritu,</strong></span> <span class='ocrx_word' id='word_1_552' title='bbox 1624 4208 1676 4252; x_wconf 90' lang='lat' dir='ltr'><strong>et</strong></span> <span class='ocrx_word' id='word_1_553' title='bbox 1700 4213 1822 4250; x_wconf 79' lang='lat' dir='ltr'><strong>eum</strong></span> <span class='ocrx_word' id='word_1_554' title='bbox 1847 4205 2124 4266; x_wconf 86' lang='lat' dir='ltr'><strong>appetere,</strong></span> 
     </span>
    </p>
   </div>
   <div class='ocr_carea' id='block_1_75' title="bbox 553 4292 2127 4367">
    <p class='ocr_par' dir='ltr' id='par_1_75' title="bbox 553 4292 2127 4367">
     <span class='ocr_line' id='line_1_75' title="bbox 553 4292 2127 4367; baseline -0.006 -18"><span class='ocrx_word' id='word_1_555' title='bbox 553 4311 713 4367; x_wconf 79' lang='lat' dir='ltr'><strong>atque</strong></span> <span class='ocrx_word' id='word_1_556' title='bbox 725 4298 792 4352; x_wconf 86' lang='lat' dir='ltr'><strong>ad</strong></span> <span class='ocrx_word' id='word_1_557' title='bbox 807 4313 930 4352; x_wconf 88' lang='lat' dir='ltr'><strong>eum</strong></span> <span class='ocrx_word' id='word_1_558' title='bbox 949 4303 1320 4350; x_wconf 86' lang='lat' dir='ltr'><strong>creaturarum</strong></span> <span class='ocrx_word' id='word_1_559' title='bbox 1341 4295 1598 4346; x_wconf 79' lang='lat' dir='ltr'><strong>factorem</strong></span> <span class='ocrx_word' id='word_1_560' title='bbox 1615 4292 1871 4345; x_wconf 88' lang='lat' dir='ltr'><strong>continua</strong></span> <span class='ocrx_word' id='word_1_561' title='bbox 1891 4303 2127 4358; x_wconf 81' lang='lat' dir='ltr'><strong>prepen-</strong></span> 
     </span>
    </p>
   </div>
   <div class='ocr_carea' id='block_1_76' title="bbox 554 4381 2132 4452">
    <p class='ocr_par' dir='ltr' id='par_1_76' title="bbox 554 4381 2132 4452">
     <span class='ocr_line' id='line_1_76' title="bbox 554 4381 2132 4452; baseline -0.007 -8"><span class='ocrx_word' id='word_1_562' title='bbox 554 4392 710 4445; x_wconf 86' lang='lat' dir='ltr'><strong>sione</strong></span> <span class='ocrx_word' id='word_1_563' title='bbox 731 4391 1039 4452; x_wconf 86' lang='lat' dir='ltr'><strong>tendere,et</strong></span> <span class='ocrx_word' id='word_1_564' title='bbox 1060 4401 1183 4440; x_wconf 89' lang='lat' dir='ltr'><strong>eum</strong></span> <span class='ocrx_word' id='word_1_565' title='bbox 1210 4387 1261 4440; x_wconf 91' lang='lat' dir='ltr'><strong>iu</strong></span> <span class='ocrx_word' id='word_1_566' title='bbox 1286 4385 1502 4439; x_wconf 89' lang='lat' dir='ltr'><strong>silentio</strong></span> <span class='ocrx_word' id='word_1_567' title='bbox 1527 4384 1758 4438; x_wconf 86' lang='lat' dir='ltr'><strong>adorare</strong></span> <span class='ocrx_word' id='word_1_568' title='bbox 1778 4381 2132 4450; x_wconf 86' lang='lat' dir='ltr'><strong>quemadmo-</strong></span> 
     </span>
    </p>
   </div>
   <div class='ocr_carea' id='block_1_77' title="bbox 554 4449 2126 4560">
    <p class='ocr_par' dir='ltr' id='par_1_77' title="bbox 554 4471 2126 4552">
     <span class='ocr_line' id='line_1_77' title="bbox 554 4471 2126 4552; baseline -0.009 -14"><span class='ocrx_word' id='word_1_569' title='bbox 554 4486 681 4538; x_wconf 90' lang='lat' dir='ltr'><strong>dum</strong></span> <span class='ocrx_word' id='word_1_570' title='bbox 703 4482 901 4552; x_wconf 88' lang='lat' dir='ltr'><strong>angeli;</strong></span> <span class='ocrx_word' id='word_1_571' title='bbox 922 4479 1125 4549; x_wconf 84' lang='lat' dir='ltr'><strong>Deique</strong></span> <span class='ocrx_word' id='word_1_572' title='bbox 1140 4492 1302 4547; x_wconf 87' lang='lat' dir='ltr'><strong>opera</strong></span> <span class='ocrx_word' id='word_1_573' title='bbox 1323 4490 1572 4544; x_wconf 62' lang='lat' dir='ltr'><strong>quaenam</strong></span> <span class='ocrx_word' id='word_1_574' title='bbox 1591 4474 1701 4528; x_wconf 92' lang='lat' dir='ltr'><strong>sint</strong></span> <span class='ocrx_word' id='word_1_575' title='bbox 1721 4471 1948 4526; x_wconf 88' lang='lat' dir='ltr'><strong>intuitus</strong></span> <span class='ocrx_word' id='word_1_576' title='bbox 1963 4472 2126 4525; x_wconf 89' lang='lat' dir='ltr'><strong>homo</strong></span> 
     </span>
    </p>
   </div>
   <div class='ocr_carea' id='block_1_78' title="bbox 2212 4449 3248 4560">
    <p class='ocr_par' dir='ltr' id='par_1_78' title="bbox 2236 4449 3248 4529">
     <span class='ocr_line' id='line_1_78' title="bbox 2236 4449 3248 4529; baseline -0.019 -11"><span class='ocrx_word' id='word_1_577' title='bbox 2236 4465 2329 4518; x_wconf 74' lang='grc' dir='ltr'><strong>σὺν</strong></span> <span class='ocrx_word' id='word_1_578' title='bbox 2359 4462 2437 4529; x_wconf 86' lang='grc' dir='ltr'>τῷ</span> <span class='ocrx_word' id='word_1_579' title='bbox 2467 4461 2626 4529; x_wconf 81' lang='grc' dir='ltr'><strong>Λόγῳ</strong></span> <span class='ocrx_word' id='word_1_580' title='bbox 2673 4457 2768 4510; x_wconf 55' lang='grc' dir='ltr'><strong>καὶ⁵</strong></span> <span class='ocrx_word' id='word_1_581' title='bbox 2818 4452 3120 4521; x_wconf 83' lang='grc' dir='ltr'><strong>Πνεύματι,</strong></span> <span class='ocrx_word' id='word_1_582' title='bbox 3155 4449 3248 4502; x_wconf 72' lang='grc' dir='ltr'><strong>καὶ</strong></span> 
     </span>
    </p>
   </div>
   <div class='ocr_carea' id='block_1_79' title="bbox 2214 3252 3783 3334">
    <p class='ocr_par' dir='ltr' id='par_1_79' title="bbox 2214 3252 3783 3334">
     <span class='ocr_line' id='line_1_79' title="bbox 2214 3252 3783 3334; baseline -0.01 -13"><span class='ocrx_word' id='word_1_583' title='bbox 2214 3267 2343 3321; x_wconf 85' lang='grc' dir='ltr'><strong>ποία</strong></span> <span class='ocrx_word' id='word_1_584' title='bbox 2366 3263 2546 3334; x_wconf 81' lang='grc' dir='ltr'><strong>ψυχῆς</strong></span> <span class='ocrx_word' id='word_1_585' title='bbox 2578 3258 2873 3331; x_wconf 69' lang='grc' dir='ltr'><strong>συντριϐή,</strong></span> <span class='ocrx_word' id='word_1_586' title='bbox 2905 3258 2954 3311; x_wconf 85' lang='grc' dir='ltr'><strong>εί</strong></span> <span class='ocrx_word' id='word_1_587' title='bbox 3009 3257 3084 3326; x_wconf 81' lang='grc' dir='ltr'><strong>μὴ</strong></span> <span class='ocrx_word' id='word_1_588' title='bbox 3124 3255 3215 3309; x_wconf 74' lang='grc' dir='ltr'><strong>καὶ</strong></span> <span class='ocrx_word' id='word_1_589' title='bbox 3247 3252 3426 3319; x_wconf 76' lang='grc' dir='ltr'><strong>οἴησιν</strong></span> <span class='ocrx_word' id='word_1_590' title='bbox 3457 3253 3783 3323; x_wconf 86' lang='grc' dir='ltr'><strong>προστίθησι</strong></span> 
     </span>
    </p>
   </div>
   <div class='ocr_carea' id='block_1_80' title="bbox 2219 3345 3788 3432">
    <p class='ocr_par' dir='ltr' id='par_1_80' title="bbox 2219 3345 3788 3432">
     <span class='ocr_line' id='line_1_80' title="bbox 2219 3345 3788 3432; baseline -0.02 -16"><span class='ocrx_word' id='word_1_591' title='bbox 2219 3361 2440 3432; x_wconf 77' lang='grc' dir='ltr'><strong>μᾶλλον.</strong></span> <span class='ocrx_word' id='word_1_592' title='bbox 2467 3357 2563 3411; x_wconf 78' lang='grc' dir='ltr'><strong>καὶ</strong></span> <span class='ocrx_word' id='word_1_593' title='bbox 2590 3357 2712 3417; x_wconf 87' lang='grc' dir='ltr'><strong>ταῖς</strong></span> <span class='ocrx_word' id='word_1_594' title='bbox 2744 3352 2854 3406; x_wconf 87' lang='grc' dir='ltr'><strong>τῶν</strong></span> <span class='ocrx_word' id='word_1_595' title='bbox 2884 3349 3138 3419; x_wconf 85' lang='grc' dir='ltr'><strong>ἀφρόνων</strong></span> <span class='ocrx_word' id='word_1_596' title='bbox 3179 3347 3377 3415; x_wconf 78' lang='grc' dir='ltr'><strong>ψυχαῖς</strong></span> <span class='ocrx_word' id='word_1_597' title='bbox 3404 3345 3502 3414; x_wconf 85' lang='grc' dir='ltr'><strong>τὴν</strong></span> <span class='ocrx_word' id='word_1_598' title='bbox 3535 3345 3631 3398; x_wconf 89' lang='grc' dir='ltr'><strong>τοῦ</strong></span> <span class='ocrx_word' id='word_1_599' title='bbox 3659 3362 3788 3398; x_wconf 84' lang='grc' dir='ltr'><strong>σκο-</strong></span> 
     </span>
    </p>
   </div>
   <div class='ocr_carea' id='block_1_81' title="bbox 2216 3434 3785 3514">
    <p class='ocr_par' dir='ltr' id='par_1_81' title="bbox 2216 3434 3785 3514">
     <span class='ocr_line' id='line_1_81' title="bbox 2216 3434 3785 3514; baseline -0.014 -6"><span class='ocrx_word' id='word_1_600' title='bbox 2216 3452 2395 3509; x_wconf 89' lang='grc' dir='ltr'><strong>τεινοῦ</strong></span> <span class='ocrx_word' id='word_1_601' title='bbox 2422 3449 2541 3512; x_wconf 75' lang='grc' dir='ltr'><strong>νοὸς</strong></span> <span class='ocrx_word' id='word_1_602' title='bbox 2565 3447 2660 3500; x_wconf 74' lang='grc' dir='ltr'><strong>καὶ</strong></span> <span class='ocrx_word' id='word_1_603' title='bbox 2676 3443 3029 3514; x_wconf 80' lang='grc' dir='ltr'><strong>ὑπερηφάνου</strong></span> <span class='ocrx_word' id='word_1_604' title='bbox 3051 3439 3292 3493; x_wconf 83' lang='grc' dir='ltr'><strong>ἀντίθεον</strong></span> <span class='ocrx_word' id='word_1_605' title='bbox 3315 3434 3542 3505; x_wconf 81' lang='grc' dir='ltr'><strong>γνώμην</strong></span> <span class='ocrx_word' id='word_1_606' title='bbox 3564 3437 3750 3504; x_wconf 87' lang='grc' dir='ltr'><strong>ὲντίθη</strong></span> <span class='ocrx_word' id='word_1_607' title='bbox 3765 3465 3785 3478; x_wconf 75' lang='grc' dir='ltr'><strong><em>ο</em></strong></span> 
     </span>
    </p>
   </div>
   <div class='ocr_carea' id='block_1_82' title="bbox 2221 3528 3787 3608">
    <p class='ocr_par' dir='ltr' id='par_1_82' title="bbox 2221 3528 3787 3608">
     <span class='ocr_line' id='line_1_82' title="bbox 2221 3528 3787 3608; baseline -0.014 -7"><span class='ocrx_word' id='word_1_608' title='bbox 2221 3563 2325 3608; x_wconf 87' lang='grc' dir='ltr'><strong>σιν.</strong></span> <span class='ocrx_word' id='word_1_609' title='bbox 2355 3545 2428 3597; x_wconf 82' lang='grc' dir='ltr'><strong>Οὐ</strong></span> <span class='ocrx_word' id='word_1_610' title='bbox 2468 3542 2536 3595; x_wconf 84' lang='grc' dir='ltr'><strong>τὰ</strong></span> <span class='ocrx_word' id='word_1_611' title='bbox 2567 3540 2844 3608; x_wconf 82' lang='grc' dir='ltr'><strong>κτίσματα</strong></span> <span class='ocrx_word' id='word_1_612' title='bbox 2869 3536 2924 3589; x_wconf 82' lang='grc' dir='ltr'><strong>δὲ</strong></span> <span class='ocrx_word' id='word_1_613' title='bbox 2967 3533 3126 3588; x_wconf 89' lang='grc' dir='ltr'><strong>τοῦτο</strong></span> <span class='ocrx_word' id='word_1_614' title='bbox 3157 3534 3319 3594; x_wconf 84' lang='grc' dir='ltr'><strong>ποιεῖ,</strong></span> <span class='ocrx_word' id='word_1_615' title='bbox 3353 3529 3492 3584; x_wconf 80' lang='grc' dir='ltr'><strong>καλά</strong></span> <span class='ocrx_word' id='word_1_616' title='bbox 3541 3531 3651 3598; x_wconf 86' lang='grc' dir='ltr'><strong>γὰρ</strong></span> <span class='ocrx_word' id='word_1_617' title='bbox 3707 3528 3787 3592; x_wconf 85' lang='grc' dir='ltr'><strong>ὡς</strong></span> 
     </span>
    </p>
   </div>
   <div class='ocr_carea' id='block_1_83' title="bbox 2219 3621 3791 3710">
    <p class='ocr_par' dir='ltr' id='par_1_83' title="bbox 2219 3621 3791 3710">
     <span class='ocr_line' id='line_1_83' title="bbox 2219 3621 3791 3710; baseline -0.013 -17"><span class='ocrx_word' id='word_1_618' title='bbox 2219 3640 2315 3710; x_wconf 73' lang='grc' dir='ltr'><strong>καὶ</strong></span> <span class='ocrx_word' id='word_1_619' title='bbox 2349 3634 2515 3692; x_wconf 89' lang='grc' dir='ltr'><strong>καλοῦ</strong></span> <span class='ocrx_word' id='word_1_620' title='bbox 2564 3633 2861 3698; x_wconf 86' lang='grc' dir='ltr'><strong>κτίσματα,</strong></span> <span class='ocrx_word' id='word_1_621' title='bbox 2891 3627 3010 3682; x_wconf 86' lang='grc' dir='ltr'><strong>ἀλλ’</strong></span> <span class='ocrx_word' id='word_1_622' title='bbox 3065 3629 3098 3697; x_wconf 75' lang='grc' dir='ltr'><strong>ἡ</strong></span> <span class='ocrx_word' id='word_1_623' title='bbox 3137 3625 3427 3695; x_wconf 87' lang='grc' dir='ltr'><strong>περίεργος</strong></span> <span class='ocrx_word' id='word_1_624' title='bbox 3467 3621 3692 3692; x_wconf 82' lang='grc' dir='ltr'><strong>Θεωρία,</strong></span> <span class='ocrx_word' id='word_1_625' title='bbox 3721 3623 3791 3690; x_wconf 78' lang='grc' dir='ltr'><strong>ἢν</strong></span> 
     </span>
    </p>
   </div>
   <div class='ocr_carea' id='block_1_84' title="bbox 2221 3714 3792 3797">
    <p class='ocr_par' dir='ltr' id='par_1_84' title="bbox 2221 3714 3792 3797">
     <span class='ocr_line' id='line_1_84' title="bbox 2221 3714 3792 3797; baseline -0.011 -14"><span class='ocrx_word' id='word_1_626' title='bbox 2221 3730 2318 3783; x_wconf 73' lang='grc' dir='ltr'><strong>καὶ</strong></span> <span class='ocrx_word' id='word_1_627' title='bbox 2345 3729 2701 3797; x_wconf 85' lang='grc' dir='ltr'><strong>θεωρήσαντα</strong></span> <span class='ocrx_word' id='word_1_628' title='bbox 2731 3722 2823 3776; x_wconf 76' lang='grc' dir='ltr'><strong>τὸν</strong></span> <span class='ocrx_word' id='word_1_629' title='bbox 2847 3719 3162 3788; x_wconf 81' lang='grc' dir='ltr'><strong>ἀποστάτην</strong></span> <span class='ocrx_word' id='word_1_630' title='bbox 3211 3717 3344 3784; x_wconf 78' lang='grc' dir='ltr'><strong>φασί</strong></span> <span class='ocrx_word' id='word_1_631' title='bbox 3391 3733 3538 3777; x_wconf 89' lang='grc' dir='ltr'><strong>τινες</strong></span> <span class='ocrx_word' id='word_1_632' title='bbox 3571 3714 3653 3785; x_wconf 80' lang='grc' dir='ltr'><strong>(οὐ</strong></span> <span class='ocrx_word' id='word_1_633' title='bbox 3673 3714 3792 3783; x_wconf 82' lang='grc' dir='ltr'><strong>γὰρ</strong></span> 
     </span>
    </p>
   </div>
   <div class='ocr_carea' id='block_1_85' title="bbox 2223 3805 3796 3892">
    <p class='ocr_par' dir='ltr' id='par_1_85' title="bbox 2223 3805 3796 3892">
     <span class='ocr_line' id='line_1_85' title="bbox 2223 3805 3796 3892; baseline -0.011 -17"><span class='ocrx_word' id='word_1_634' title='bbox 2223 3821 2558 3892; x_wconf 81' lang='grc' dir='ltr'><strong>ὑψηλοτέρας</strong></span> <span class='ocrx_word' id='word_1_635' title='bbox 2581 3816 2781 3887; x_wconf 69' lang='grc' dir='ltr'><strong>ἠξίωτο</strong></span> <span class='ocrx_word' id='word_1_636' title='bbox 2822 3811 3078 3882; x_wconf 87' lang='grc' dir='ltr'><strong>θεωρίας,</strong></span> <span class='ocrx_word' id='word_1_637' title='bbox 3107 3808 3204 3862; x_wconf 83' lang='grc' dir='ltr'><strong>ἀπ’</strong></span> <span class='ocrx_word' id='word_1_638' title='bbox 3236 3809 3413 3878; x_wconf 84' lang='grc' dir='ltr'><strong>ἀρχῆς</strong></span> <span class='ocrx_word' id='word_1_639' title='bbox 3464 3809 3541 3861; x_wconf 84' lang='grc' dir='ltr'><strong>ὢν</strong></span> <span class='ocrx_word' id='word_1_640' title='bbox 3579 3805 3796 3869; x_wconf 80' lang='grc' dir='ltr'><strong>ἀλαζὼν</strong></span> 
     </span>
    </p>
   </div>
   <div class='ocr_carea' id='block_1_86' title="bbox 2225 3896 3795 3980">
    <p class='ocr_par' dir='ltr' id='par_1_86' title="bbox 2225 3896 3795 3980">
     <span class='ocr_line' id='line_1_86' title="bbox 2225 3896 3795 3980; baseline -0.013 -10"><span class='ocrx_word' id='word_1_641' title='bbox 2225 3917 2320 3970; x_wconf 75' lang='grc' dir='ltr'><strong>καὶ</strong></span> <span class='ocrx_word' id='word_1_642' title='bbox 2378 3912 2713 3980; x_wconf 82' lang='grc' dir='ltr'><strong>ὑπέροφρυς,</strong></span> <span class='ocrx_word' id='word_1_643' title='bbox 2766 3905 2868 3973; x_wconf 84' lang='grc' dir='ltr'><strong>τῆς</strong></span> <span class='ocrx_word' id='word_1_644' title='bbox 2913 3901 3231 3962; x_wconf 82' lang='grc' dir='ltr'><strong>τελευταίας</strong></span> <span class='ocrx_word' id='word_1_645' title='bbox 3281 3901 3337 3953; x_wconf 83' lang='grc' dir='ltr'><strong>δὲ</strong></span> <span class='ocrx_word' id='word_1_646' title='bbox 3385 3899 3493 3951; x_wconf 83' lang='grc' dir='ltr'><strong>τῶν</strong></span> <span class='ocrx_word' id='word_1_647' title='bbox 3543 3896 3795 3966; x_wconf 74' lang='grc' dir='ltr'><strong>ἀγγέλων</strong></span> 
     </span>
    </p>
   </div>
   <div class='ocr_carea' id='block_1_87' title="bbox 2227 3987 3796 4075">
    <p class='ocr_par' dir='ltr' id='par_1_87' title="bbox 2227 3987 3796 4075">
     <span class='ocr_line' id='line_1_87' title="bbox 2227 3987 3796 4075; baseline -0.013 -16"><span class='ocrx_word' id='word_1_648' title='bbox 2227 4005 2441 4075; x_wconf 79' lang='grc' dir='ltr'><strong>ὑπῆρχε</strong></span> <span class='ocrx_word' id='word_1_649' title='bbox 2489 3997 2720 4068; x_wconf 83' lang='grc' dir='ltr'><strong>τάξεως)</strong></span> <span class='ocrx_word' id='word_1_650' title='bbox 2772 3990 3186 4062; x_wconf 72' lang='grc' dir='ltr'><strong>ὑπερφρονῆσαι</strong></span> <span class='ocrx_word' id='word_1_651' title='bbox 3244 3992 3302 4042; x_wconf 72' lang='grc' dir='ltr'><strong>ἐν</strong></span> <span class='ocrx_word' id='word_1_652' title='bbox 3353 3988 3431 4055; x_wconf 84' lang='grc' dir='ltr'><strong>τῷ</strong></span> <span class='ocrx_word' id='word_1_653' title='bbox 3485 3988 3638 4049; x_wconf 86' lang='grc' dir='ltr'><strong>ίδεῖν,</strong></span> <span class='ocrx_word' id='word_1_654' title='bbox 3702 3987 3796 4039; x_wconf 74' lang='grc' dir='ltr'><strong>καὶ</strong></span> 
     </span>
    </p>
   </div>
   <div class='ocr_carea' id='block_1_88' title="bbox 2227 4079 3795 4164">
    <p class='ocr_par' dir='ltr' id='par_1_88' title="bbox 2227 4079 3795 4162">
     <span class='ocr_line' id='line_1_88' title="bbox 2227 4079 3795 4162; baseline -0.016 -8"><span class='ocrx_word' id='word_1_655' title='bbox 2227 4100 2400 4156; x_wconf 81' lang='grc' dir='ltr'><strong>θεῖναι</strong></span> <span class='ocrx_word' id='word_1_656' title='bbox 2432 4088 2815 4162; x_wconf 82' lang='grc' dir='ltr'><strong>καυχήσασθαι</strong></span> <span class='ocrx_word' id='word_1_657' title='bbox 2858 4085 3043 4140; x_wconf 76' lang='grc' dir='ltr'><strong>ἐπάνω</strong></span> <span class='ocrx_word' id='word_1_658' title='bbox 3089 4081 3199 4135; x_wconf 88' lang='grc' dir='ltr'><strong>τῶν</strong></span> <span class='ocrx_word' id='word_1_659' title='bbox 3245 4080 3482 4148; x_wconf 70' lang='grc' dir='ltr'><strong>νεφελῶν</strong></span> <span class='ocrx_word' id='word_1_660' title='bbox 3537 4081 3632 4132; x_wconf 57' lang='grc' dir='ltr'><strong>καὶ⁸</strong></span> <span class='ocrx_word' id='word_1_661' title='bbox 3686 4079 3795 4130; x_wconf 91' lang='grc' dir='ltr'><strong>τῶν</strong></span> 
     </span>
    </p>
   </div>
   <div class='ocr_carea' id='block_1_89' title="bbox 2230 4167 3801 4260">
    <p class='ocr_par' dir='ltr' id='par_1_89' title="bbox 2230 4167 3801 4260">
     <span class='ocr_line' id='line_1_89' title="bbox 2230 4167 3801 4260; baseline -0.016 -15"><span class='ocrx_word' id='word_1_662' title='bbox 2230 4191 2447 4260; x_wconf 80' lang='grc' dir='ltr'><strong>ἄστρων</strong></span> <span class='ocrx_word' id='word_1_663' title='bbox 2509 4185 2602 4238; x_wconf 81' lang='grc' dir='ltr'><strong>τὸν</strong></span> <span class='ocrx_word' id='word_1_664' title='bbox 2657 4180 2849 4250; x_wconf 86' lang='grc' dir='ltr'><strong>θρόνον</strong></span> <span class='ocrx_word' id='word_1_665' title='bbox 2912 4174 3100 4236; x_wconf 82' lang='grc' dir='ltr'><strong>αὐτοῦ,</strong></span> <span class='ocrx_word' id='word_1_666' title='bbox 3160 4176 3256 4227; x_wconf 80' lang='grc' dir='ltr'><strong>καὶ</strong></span> <span class='ocrx_word' id='word_1_667' title='bbox 3285 4173 3470 4240; x_wconf 82' lang='grc' dir='ltr'><strong>ὅμοιον</strong></span> <span class='ocrx_word' id='word_1_668' title='bbox 3527 4167 3670 4223; x_wconf 79' lang='grc' dir='ltr'><strong>εἶναι</strong></span> <span class='ocrx_word' id='word_1_669' title='bbox 3722 4169 3801 4237; x_wconf 81' lang='grc' dir='ltr'><strong>τῷ</strong></span> 
     </span>
    </p>
   </div>
   <div class='ocr_carea' id='block_1_90' title="bbox 2241 4260 3799 4350">
    <p class='ocr_par' dir='ltr' id='par_1_90' title="bbox 2241 4260 3799 4350">
     <span class='ocr_line' id='line_1_90' title="bbox 2241 4260 3799 4350; baseline -0.014 -15"><span class='ocrx_word' id='word_1_670' title='bbox 2241 4281 2502 4350; x_wconf 78' lang='grc' dir='ltr'><strong>’Υψίστῳ,</strong></span> <span class='ocrx_word' id='word_1_671' title='bbox 2546 4273 2621 4344; x_wconf 81' lang='grc' dir='ltr'><strong>μὴ</strong></span> <span class='ocrx_word' id='word_1_672' title='bbox 2653 4271 2830 4325; x_wconf 82' lang='grc' dir='ltr'><strong>εἰδότα</strong></span> <span class='ocrx_word' id='word_1_673' title='bbox 2858 4267 2950 4321; x_wconf 83' lang='grc' dir='ltr'><strong>τὸν</strong></span> <span class='ocrx_word' id='word_1_674' title='bbox 2983 4265 3270 4336; x_wconf 74' lang='grc' dir='ltr'><strong>’Υψιστον.</strong></span> <span class='ocrx_word' id='word_1_675' title='bbox 3326 4265 3423 4316; x_wconf 89' lang='grc' dir='ltr'><strong>Ὃν</strong></span> <span class='ocrx_word' id='word_1_676' title='bbox 3461 4262 3544 4316; x_wconf 80' lang='grc' dir='ltr'><strong>δεῖ</strong></span> <span class='ocrx_word' id='word_1_677' title='bbox 3574 4260 3799 4330; x_wconf 80' lang='grc' dir='ltr'><strong>θεωρεῖν</strong></span> 
     </span>
    </p>
   </div>
   <div class='ocr_carea' id='block_1_91' title="bbox 2236 4353 3799 4431">
    <p class='ocr_par' dir='ltr' id='par_1_91' title="bbox 2236 4353 3799 4431">
     <span class='ocr_line' id='line_1_91' title="bbox 2236 4353 3799 4431; baseline -0.015 -5"><span class='ocrx_word' id='word_1_678' title='bbox 2236 4372 2411 4427; x_wconf 83' lang='grc' dir='ltr'><strong>πάντα</strong></span> <span class='ocrx_word' id='word_1_679' title='bbox 2439 4367 2565 4421; x_wconf 87' lang='grc' dir='ltr'><strong>νοῦν</strong></span> <span class='ocrx_word' id='word_1_680' title='bbox 2585 4365 2673 4418; x_wconf 68' lang='grc' dir='ltr'><strong>άει</strong></span> <span class='ocrx_word' id='word_1_681' title='bbox 2696 4363 2769 4426; x_wconf 84' lang='grc' dir='ltr'><strong>ὡς</strong></span> <span class='ocrx_word' id='word_1_682' title='bbox 2790 4360 2896 4431; x_wconf 81' lang='lat'><strong>50</strong></span> <span class='ocrx_word' id='word_1_683' title='bbox 2912 4360 3148 4428; x_wconf 73' lang='grc' dir='ltr'><strong>ἄναρχον</strong></span> <span class='ocrx_word' id='word_1_684' title='bbox 3169 4355 3296 4408; x_wconf 79' lang='grc' dir='ltr'><strong>ὄντα</strong></span> <span class='ocrx_word' id='word_1_685' title='bbox 3325 4355 3448 4408; x_wconf 91' lang='grc' dir='ltr'><strong>νοῦν</strong></span> <span class='ocrx_word' id='word_1_686' title='bbox 3474 4354 3566 4406; x_wconf 74' lang='grc' dir='ltr'><strong>τὸν</strong></span> <span class='ocrx_word' id='word_1_687' title='bbox 3585 4353 3799 4422; x_wconf 86' lang='grc' dir='ltr'><strong>Πατέρα</strong></span> 
     </span>
    </p>
   </div>
   <div class='ocr_carea' id='block_1_92' title="bbox 3303 4446 3799 4516">
    <p class='ocr_par' dir='ltr' id='par_1_92' title="bbox 3303 4446 3799 4516">
     <span class='ocr_line' id='line_1_92' title="bbox 3303 4446 3799 4516; baseline -0.012 -16"><span class='ocrx_word' id='word_1_688' title='bbox 3303 4447 3434 4516; x_wconf 73' lang='grc' dir='ltr'><strong>πρὸς</strong></span> <span class='ocrx_word' id='word_1_689' title='bbox 3485 4446 3647 4498; x_wconf 81' lang='grc' dir='ltr'><strong>αὑτὸν</strong></span> <span class='ocrx_word' id='word_1_690' title='bbox 3710 4447 3799 4512; x_wconf 74' lang='grc' dir='ltr'><strong>τὴν</strong></span> 
     </span>
    </p>
   </div>
   <div class='ocr_carea' id='block_1_93' title="bbox 557 4535 2126 4642">
    <p class='ocr_par' dir='ltr' id='par_1_93' title="bbox 557 4564 2126 4642">
     <span class='ocr_line' id='line_1_93' title="bbox 557 4564 2126 4642; baseline -0.01 -11"><span class='ocrx_word' id='word_1_691' title='bbox 557 4580 715 4633; x_wconf 85' lang='lat' dir='ltr'><strong>debet</strong></span> <span class='ocrx_word' id='word_1_692' title='bbox 732 4573 1028 4632; x_wconf 88' lang='lat' dir='ltr'><strong>secundum</strong></span> <span class='ocrx_word' id='word_1_693' title='bbox 1048 4571 1268 4642; x_wconf 80' lang='lat' dir='ltr'><strong>angelos</strong></span> <span class='ocrx_word' id='word_1_694' title='bbox 1287 4582 1470 4639; x_wconf 79' lang='lat' dir='ltr'><strong>agere,</strong></span> <span class='ocrx_word' id='word_1_695' title='bbox 1486 4580 1679 4634; x_wconf 79' lang='lat' dir='ltr'><strong>nempe</strong></span> <span class='ocrx_word' id='word_1_696' title='bbox 1698 4579 1819 4619; x_wconf 89' lang='lat' dir='ltr'><strong>eum</strong></span> <span class='ocrx_word' id='word_1_697' title='bbox 1841 4564 2057 4633; x_wconf 81' lang='lat' dir='ltr'><strong>hymnis</strong></span> <span class='ocrx_word' id='word_1_698' title='bbox 2074 4574 2126 4618; x_wconf 89' lang='lat' dir='ltr'><strong>et</strong></span> 
     </span>
    </p>
   </div>
   <div class='ocr_carea' id='block_1_94' title="bbox 2212 4535 3801 4642">
    <p class='ocr_par' dir='ltr' id='par_1_94' title="bbox 2236 4535 3801 4625">
     <span class='ocr_line' id='line_1_94' title="bbox 2236 4535 3801 4625; baseline -0.015 -15"><span class='ocrx_word' id='word_1_699' title='bbox 2236 4557 2422 4625; x_wconf 76' lang='grc' dir='ltr'><strong>ἔφεσιν</strong></span> <span class='ocrx_word' id='word_1_700' title='bbox 2457 4553 2623 4622; x_wconf 78' lang='grc' dir='ltr'><strong>ἔχειν,</strong></span> <span class='ocrx_word' id='word_1_701' title='bbox 2663 4551 2754 4602; x_wconf 77' lang='grc' dir='ltr'><strong>καὶ</strong></span> <span class='ocrx_word' id='word_1_702' title='bbox 2788 4546 2926 4616; x_wconf 79' lang='grc' dir='ltr'><strong>πρὸς</strong></span> <span class='ocrx_word' id='word_1_703' title='bbox 2959 4543 3122 4596; x_wconf 83' lang='grc' dir='ltr'><strong>αὐτὸν</strong></span> <span class='ocrx_word' id='word_1_704' title='bbox 3158 4542 3246 4594; x_wconf 76' lang='grc' dir='ltr'><strong>ἀεὶ</strong></span> <span class='ocrx_word' id='word_1_705' title='bbox 3276 4539 3675 4598; x_wconf 85' lang='grc' dir='ltr'><strong>ἀνατείνεσθαι,</strong></span> <span class='ocrx_word' id='word_1_706' title='bbox 3709 4535 3801 4588; x_wconf 76' lang='grc' dir='ltr'><strong>τὸν</strong></span> 
     </span>
    </p>
   </div>
   <div class='ocr_carea' id='block_1_95' title="bbox 559 4629 2126 4723">
    <p class='ocr_par' dir='ltr' id='par_1_95' title="bbox 559 4629 2126 4723">
     <span class='ocr_line' id='line_1_95' title="bbox 559 4629 2126 4723; baseline -0.009 -1"><span class='ocrx_word' id='word_1_707' title='bbox 559 4668 810 4723; x_wconf 89' lang='lat' dir='ltr'><strong>laudibus</strong></span> <span class='ocrx_word' id='word_1_708' title='bbox 830 4629 1254 4720; x_wconf 41' lang='lat' dir='ltr'><strong>celebrarefAit</strong></span> <span class='ocrx_word' id='word_1_709' title='bbox 1289 4629 1470 4714; x_wconf 66' lang='lat' dir='ltr'><strong>enim:</strong></span> <span class='ocrx_word' id='word_1_710' title='bbox 1504 4676 1522 4708; x_wconf 83' lang='grc' dir='ltr'><strong>ι</strong></span> <span class='ocrx_word' id='word_1_711' title='bbox 1560 4655 1791 4720; x_wconf 81' lang='lat' dir='ltr'><strong>Quando</strong></span> <span class='ocrx_word' id='word_1_712' title='bbox 1821 4629 1962 4708; x_wconf 71' lang='lat' dir='ltr'><strong>facta</strong></span> <span class='ocrx_word' id='word_1_713' title='bbox 2003 4664 2126 4709; x_wconf 89' lang='lat' dir='ltr'><strong>sunt</strong></span> 
     </span>
    </p>
   </div>
   <div class='ocr_carea' id='block_1_96' title="bbox 2212 4629 3806 4723">
    <p class='ocr_par' dir='ltr' id='par_1_96' title="bbox 2236 4629 3806 4718">
     <span class='ocr_line' id='line_1_96' title="bbox 2236 4629 3806 4718; baseline -0.017 -14"><span class='ocrx_word' id='word_1_714' title='bbox 2236 4650 2466 4718; x_wconf 78' lang='grc' dir='ltr'><strong>ποιητὴν</strong></span> <span class='ocrx_word' id='word_1_715' title='bbox 2519 4644 2631 4698; x_wconf 88' lang='grc' dir='ltr'><strong>τῶν</strong></span> <span class='ocrx_word' id='word_1_716' title='bbox 2682 4641 3020 4708; x_wconf 85' lang='grc' dir='ltr'><strong>κτισμάτων.</strong></span> <span class='ocrx_word' id='word_1_717' title='bbox 3079 4634 3173 4687; x_wconf 69' lang='grc' dir='ltr'><strong>καὶ</strong></span> <span class='ocrx_word' id='word_1_718' title='bbox 3229 4631 3475 4697; x_wconf 75' lang='grc' dir='ltr'><strong>δοξάζειν</strong></span> <span class='ocrx_word' id='word_1_719' title='bbox 3529 4629 3806 4696; x_wconf 84' lang='grc' dir='ltr'><strong>ἀσιγήτως</strong></span> 
     </span>
    </p>
   </div>
   <div class='ocr_carea' id='block_1_97' title="bbox 560 4720 2126 4827">
    <p class='ocr_par' dir='ltr' id='par_1_97' title="bbox 560 4746 2126 4827">
     <span class='ocr_line' id='line_1_97' title="bbox 560 4746 2126 4827; baseline -0.011 -11"><span class='ocrx_word' id='word_1_720' title='bbox 560 4769 731 4827; x_wconf 89' lang='lat' dir='ltr'><strong>astra,</strong></span> <span class='ocrx_word' id='word_1_721' title='bbox 760 4758 1161 4814; x_wconf 82' lang='lat' dir='ltr'><strong>laudabantme</strong></span> <span class='ocrx_word' id='word_1_722' title='bbox 1199 4768 1330 4808; x_wconf 80' lang='lat' dir='ltr'><strong>voce</strong></span> <span class='ocrx_word' id='word_1_723' title='bbox 1356 4767 1550 4822; x_wconf 84' lang='lat' dir='ltr'><strong>magna</strong></span> <span class='ocrx_word' id='word_1_724' title='bbox 1583 4763 1773 4804; x_wconf 85' lang='lat' dir='ltr'><strong>omnes</strong></span> <span class='ocrx_word' id='word_1_725' title='bbox 1810 4747 1988 4817; x_wconf 82' lang='lat' dir='ltr'><strong>angeli</strong></span> <span class='ocrx_word' id='word_1_726' title='bbox 2028 4746 2126 4800; x_wconf 90' lang='lat' dir='ltr'><strong>mei</strong></span> 
     </span>
    </p>
   </div>
   <div class='ocr_carea' id='block_1_98' title="bbox 2212 4720 3805 4827">
    <p class='ocr_par' dir='ltr' id='par_1_98' title="bbox 2236 4720 3805 4803">
     <span class='ocr_line' id='line_1_98' title="bbox 2236 4720 3805 4803; baseline -0.019 -7"><span class='ocrx_word' id='word_1_727' title='bbox 2236 4743 2397 4796; x_wconf 81' lang='grc' dir='ltr'><strong>αὑτὸν</strong></span> <span class='ocrx_word' id='word_1_728' title='bbox 2427 4738 2499 4800; x_wconf 85' lang='grc' dir='ltr'><strong>ὼς</strong></span> <span class='ocrx_word' id='word_1_729' title='bbox 2518 4737 2566 4789; x_wconf 79' lang='grc' dir='ltr'><strong>οἱ</strong></span> <span class='ocrx_word' id='word_1_730' title='bbox 2597 4733 2840 4803; x_wconf 80' lang='grc' dir='ltr'><strong>ἄγγελοι,</strong></span> <span class='ocrx_word' id='word_1_731' title='bbox 2867 4730 2960 4783; x_wconf 68' lang='grc' dir='ltr'><strong>καὶ</strong></span> <span class='ocrx_word' id='word_1_732' title='bbox 2986 4725 3128 4780; x_wconf 77' lang='grc' dir='ltr'><strong>κατὰ</strong></span> <span class='ocrx_word' id='word_1_733' title='bbox 3161 4724 3287 4787; x_wconf 79' lang='grc' dir='ltr'><strong>τοὺς</strong></span> <span class='ocrx_word' id='word_1_734' title='bbox 3312 4721 3576 4788; x_wconf 79' lang='grc' dir='ltr'><strong>ἀγγέλους</strong></span> <span class='ocrx_word' id='word_1_735' title='bbox 3608 4720 3805 4781; x_wconf 85' lang='grc' dir='ltr'><strong>ποιεῖν,</strong></span> 
     </span>
    </p>
   </div>
   <div class='ocr_carea' id='block_1_99' title="bbox 565 4809 2126 4921">
    <p class='ocr_par' dir='ltr' id='par_1_99' title="bbox 565 4839 2126 4921">
     <span class='ocr_line' id='line_1_99' title="bbox 565 4839 2126 4921; baseline -0.01 -15"><span class='ocrx_word' id='word_1_736' title='bbox 565 4856 890 4921; x_wconf 84' lang='lat' dir='ltr'><strong>hytnnisque</strong></span> <span class='ocrx_word' id='word_1_737' title='bbox 921 4848 1213 4901; x_wconf 88' lang='lat' dir='ltr'><strong>ornabant.</strong></span> <span class='ocrx_word' id='word_1_738' title='bbox 1254 4865 1272 4895; x_wconf 77' lang='grc' dir='ltr'><strong>ι</strong></span> <span class='ocrx_word' id='word_1_739' title='bbox 1305 4844 1530 4899; x_wconf 80' lang='lat' dir='ltr'><strong>Vidcn’?</strong></span> <span class='ocrx_word' id='word_1_740' title='bbox 1562 4839 1860 4896; x_wconf 85' lang='lat' dir='ltr'><strong>humilitati</strong></span> <span class='ocrx_word' id='word_1_741' title='bbox 1905 4848 2052 4900; x_wconf 83' lang='lat' dir='ltr'><strong>sunt,</strong></span> <span class='ocrx_word' id='word_1_742' title='bbox 2085 4849 2126 4891; x_wconf 87' lang='lat' dir='ltr'><strong>et</strong></span> 
     </span>
    </p>
   </div>
   <div class='ocr_carea' id='block_1_100' title="bbox 2212 4809 3810 4921">
    <p class='ocr_par' dir='ltr' id='par_1_100' title="bbox 2238 4809 3810 4921">
     <span class='ocr_line' id='line_1_100' title="bbox 2238 4809 3810 4900; baseline -0.017 -14"><span class='ocrx_word' id='word_1_743' title='bbox 2238 4829 2548 4900; x_wconf 83' lang='grc' dir='ltr'><strong>θεωροῦντα</strong></span> <span class='ocrx_word' id='word_1_744' title='bbox 2575 4825 2694 4878; x_wconf 80' lang='grc' dir='ltr'><strong>τίνα</strong></span> <span class='ocrx_word' id='word_1_745' title='bbox 2725 4823 2792 4874; x_wconf 83' lang='grc' dir='ltr'><strong>τά</strong></span> <span class='ocrx_word' id='word_1_746' title='bbox 2815 4820 2907 4874; x_wconf 91' lang='grc' dir='ltr'><strong>τοῦ</strong></span> <span class='ocrx_word' id='word_1_747' title='bbox 2938 4816 3071 4871; x_wconf 86' lang='grc' dir='ltr'><strong>Θεοῦ</strong></span> <span class='ocrx_word' id='word_1_748' title='bbox 3102 4815 3400 4884; x_wconf 86' lang='grc' dir='ltr'><strong>κτίσματα,</strong></span> <span class='ocrx_word' id='word_1_749' title='bbox 3430 4812 3617 4879; x_wconf 80' lang='grc' dir='ltr'><strong>ὓμνεῖν</strong></span> <span class='ocrx_word' id='word_1_750' title='bbox 3647 4809 3810 4861; x_wconf 77' lang='grc' dir='ltr'><strong>αὐτὸν</strong></span> 
     </span>
     <span class='ocr_line' id='line_1_101' title="bbox 2741 4894 3781 4921; baseline -0.013 14"><span class='ocrx_word' id='word_1_751' title='bbox 2741 4917 2796 4921; x_wconf 79' lang='grc'><strong>··-</strong></span> <span class='ocrx_word' id='word_1_752' title='bbox 2994 4912 3003 4921; x_wconf 90' lang='lat'><strong><em>-</em></strong></span> <span class='ocrx_word' id='word_1_753' title='bbox 3197 4894 3226 4921; x_wconf 55' lang='grc' dir='ltr'><strong>λ</strong></span> <span class='ocrx_word' id='word_1_754' title='bbox 3373 4906 3386 4921; x_wconf 68' lang='grc' dir='ltr'><strong>ι</strong></span> <span class='ocrx_word' id='word_1_755' title='bbox 3450 4905 3460 4918; x_wconf 75' lang='grc' dir='ltr'><em>ο</em></span> <span class='ocrx_word' id='word_1_756' title='bbox 3507 4919 3578 4921; x_wconf 24' lang='grc' dir='ltr'><strong>κίε</strong></span> <span class='ocrx_word' id='word_1_757' title='bbox 3616 4901 3781 4921; x_wconf 39' lang='grc' dir='ltr'><strong>ι-ᾼ-μ</strong></span> 
     </span>
    </p>
   </div>
   <div class='ocr_carea' id='block_1_101' title="bbox 565 4894 2126 5007">
    <p class='ocr_par' dir='ltr' id='par_1_101' title="bbox 565 4894 2126 5007">
     <span class='ocr_line' id='line_1_102' title="bbox 565 4894 2051 4921; baseline -0.007 -16"><span class='ocrx_word' id='word_1_758' title='bbox 565 4894 890 4921; x_wconf 69' lang='lat'><strong>..,......-.,.._</strong></span> <span class='ocrx_word' id='word_1_759' title='bbox 926 4894 1213 4901; x_wconf 60' lang='grc' dir='ltr'><strong>-.πη-η--</strong></span> <span class='ocrx_word' id='word_1_760' title='bbox 1255 4894 1264 4895; x_wconf 34' lang='grc' dir='ltr'><em>κ</em></span> <span class='ocrx_word' id='word_1_761' title='bbox 1515 4894 1522 4895; x_wconf 32' lang='grc' dir='ltr'><em>κ</em></span> <span class='ocrx_word' id='word_1_762' title='bbox 1567 4894 1590 4896; x_wconf 50' lang='grc' dir='ltr'>η</span> <span class='ocrx_word' id='word_1_763' title='bbox 2041 4894 2051 4900; x_wconf 64' lang='lat'><strong>,</strong></span> 
     </span>
     <span class='ocr_line' id='line_1_103' title="bbox 565 4927 2126 5007; baseline -0.013 -6"><span class='ocrx_word' id='word_1_764' title='bbox 565 4944 751 5002; x_wconf 85' lang='lat' dir='ltr'><strong>statim</strong></span> <span class='ocrx_word' id='word_1_765' title='bbox 778 4942 844 4997; x_wconf 89' lang='lat' dir='ltr'><strong>ad</strong></span> <span class='ocrx_word' id='word_1_766' title='bbox 876 4938 1391 5007; x_wconf 67' lang='lat' dir='ltr'><strong>contemplationem</strong></span> <span class='ocrx_word' id='word_1_767' title='bbox 1448 4945 1502 4990; x_wconf 83' lang='lat' dir='ltr'><strong>et</strong></span> <span class='ocrx_word' id='word_1_768' title='bbox 1544 4931 1993 5001; x_wconf 77' lang='lat' dir='ltr'><strong>gloriﬁcationem</strong></span> <span class='ocrx_word' id='word_1_769' title='bbox 2045 4927 2126 4981; x_wconf 75' lang='lat' dir='ltr'><strong>Dei</strong></span> 
     </span>
    </p>
   </div>
   <div class='ocr_carea' id='block_1_102' title="bbox 2212 4894 3805 5007">
    <p class='ocr_par' dir='ltr' id='par_1_102' title="bbox 2241 4894 3805 5007">
     <span class='ocr_line' id='line_1_104' title="bbox 2241 4894 3805 5007; baseline -0.018 -28"><span class='ocrx_word' id='word_1_770' title='bbox 2241 4894 2673 4989; x_wconf 77' lang='grc' dir='ltr'><strong>καὶδοξολογεῖν.</strong></span> <span class='ocrx_word' id='word_1_771' title='bbox 2707 4917 2869 4968; x_wconf 85' lang='grc' dir='ltr'><strong>ι”Οτε</strong></span> <span class='ocrx_word' id='word_1_772' title='bbox 2900 4933 2918 4965; x_wconf 76' lang='grc' dir='ltr'>ι</span> <span class='ocrx_word' id='word_1_773' title='bbox 2944 4912 3076 4981; x_wconf 81' lang='grc' dir='ltr'><strong>γὰρ,</strong></span> <span class='ocrx_word' id='word_1_774' title='bbox 3102 4894 3290 4979; x_wconf 63' lang='grc' dir='ltr'><strong>φηῶν,</strong></span> <span class='ocrx_word' id='word_1_775' title='bbox 3321 4925 3340 4958; x_wconf 79' lang='grc' dir='ltr'><strong>ι</strong></span> <span class='ocrx_word' id='word_1_776' title='bbox 3371 4905 3588 4971; x_wconf 76' lang='grc' dir='ltr'><strong>ἐγένετο</strong></span> <span class='ocrx_word' id='word_1_777' title='bbox 3609 4901 3805 5007; x_wconf 60' lang='grc' dir='ltr'><strong>ἄστραἰ</strong></span> 
     </span>
    </p>
   </div>
   <div class='ocr_carea' id='block_1_103' title="bbox 568 4990 2126 5114">
    <p class='ocr_par' dir='ltr' id='par_1_103' title="bbox 568 5020 2126 5114">
     <span class='ocr_line' id='line_1_105' title="bbox 568 5020 2126 5114; baseline -0.013 -20"><span class='ocrx_word' id='word_1_778' title='bbox 568 5041 1155 5114; x_wconf 58' lang='grc' dir='ltr'><strong>ιηθιιῑοιηριθιοιυιιι,</strong></span> <span class='ocrx_word' id='word_1_779' title='bbox 1205 5030 1466 5100; x_wconf 76' lang='lat' dir='ltr'><strong>quoniam</strong></span> <span class='ocrx_word' id='word_1_780' title='bbox 1526 5026 1644 5094; x_wconf 88' lang='lat' dir='ltr'><strong>ipse</strong></span> <span class='ocrx_word' id='word_1_781' title='bbox 1675 5024 1920 5078; x_wconf 89' lang='lat' dir='ltr'><strong>omnium</strong></span> <span class='ocrx_word' id='word_1_782' title='bbox 1957 5020 2126 5075; x_wconf 89' lang='lat' dir='ltr'><strong>Domi-</strong></span> 
     </span>
    </p>
   </div>
   <div class='ocr_carea' id='block_1_104' title="bbox 2212 4990 3812 5114">
    <p class='ocr_par' dir='ltr' id='par_1_104' title="bbox 2240 4990 3812 5114">
     <span class='ocr_line' id='line_1_106' title="bbox 2240 4990 3812 5088; baseline -0.018 -17"><span class='ocrx_word' id='word_1_783' title='bbox 2240 5016 2439 5088; x_wconf 75' lang='grc' dir='ltr'><strong>ᾔνεσάν</strong></span> <span class='ocrx_word' id='word_1_784' title='bbox 2465 5031 2530 5084; x_wconf 82' lang='grc' dir='ltr'><strong>με</strong></span> <span class='ocrx_word' id='word_1_785' title='bbox 2573 5011 2722 5080; x_wconf 67' lang='grc' dir='ltr'><strong>φωνῇ</strong></span> <span class='ocrx_word' id='word_1_786' title='bbox 2790 5003 3006 5077; x_wconf 80' lang='grc' dir='ltr'><strong>μεγάλῃ</strong></span> <span class='ocrx_word' id='word_1_787' title='bbox 3038 5002 3239 5062; x_wconf 86' lang='grc' dir='ltr'><strong>πάντες</strong></span> <span class='ocrx_word' id='word_1_788' title='bbox 3297 4997 3520 5065; x_wconf 80' lang='grc' dir='ltr'><strong>ἄγγελοί</strong></span> <span class='ocrx_word' id='word_1_789' title='bbox 3581 5010 3685 5062; x_wconf 88' lang='grc' dir='ltr'><strong>μου</strong></span> <span class='ocrx_word' id='word_1_790' title='bbox 3717 4990 3812 5044; x_wconf 75' lang='grc' dir='ltr'><strong>καὶ</strong></span> 
     </span>
     <span class='ocr_line' id='line_1_107' title="bbox 2247 5084 3812 5114; baseline -0.019 25"><span class='ocrx_word' id='word_1_791' title='bbox 2247 5109 2268 5114; x_wconf 75' lang='lat'><em>‘</em></span> <span class='ocrx_word' id='word_1_792' title='bbox 2611 5102 2675 5114; x_wconf 62' lang='grc' dir='ltr'><strong>Ἀ</strong></span> <span class='ocrx_word' id='word_1_793' title='bbox 2727 5101 2752 5114; x_wconf 81' lang='grc'><strong>·’</strong></span> <span class='ocrx_word' id='word_1_794' title='bbox 2857 5097 2899 5114; x_wconf 75' lang='grc' dir='ltr'><strong>η’</strong></span> <span class='ocrx_word' id='word_1_795' title='bbox 2944 5113 2947 5114; x_wconf 53' lang='grc' dir='ltr'><strong>ν</strong></span> <span class='ocrx_word' id='word_1_796' title='bbox 3009 5095 3142 5114; x_wconf 56' lang='grc' dir='ltr'><strong>--εη</strong></span> <span class='ocrx_word' id='word_1_797' title='bbox 3180 5109 3294 5114; x_wconf 55' lang='grc' dir='ltr'><strong>η-μ-</strong></span> <span class='ocrx_word' id='word_1_798' title='bbox 3382 5093 3471 5114; x_wconf 68' lang='grc' dir='ltr'><strong>-.-ι</strong></span> <span class='ocrx_word' id='word_1_799' title='bbox 3526 5086 3663 5114; x_wconf 73' lang='grc' dir='ltr'><strong>..-λ-</strong></span> <span class='ocrx_word' id='word_1_800' title='bbox 3717 5084 3812 5114; x_wconf 70' lang='lat' dir='ltr'><strong>-a...</strong></span> 
     </span>
    </p>
   </div>
   <div class='ocr_carea' id='block_1_105' title="bbox 569 5084 2126 5202">
    <p class='ocr_par' dir='ltr' id='par_1_105' title="bbox 569 5085 2126 5202">
     <span class='ocr_line' id='line_1_108' title="bbox 569 5085 2126 5202; baseline -0.014 -13"><span class='ocrx_word' id='word_1_801' title='bbox 569 5149 709 5202; x_wconf 83' lang='lat' dir='ltr'><strong>nus;</strong></span> <span class='ocrx_word' id='word_1_802' title='bbox 746 5085 920 5200; x_wconf 61' lang='lat' dir='ltr'><strong>neque</strong></span> <span class='ocrx_word' id='word_1_803' title='bbox 957 5133 1174 5197; x_wconf 81' lang='lat' dir='ltr'><strong>preptcr</strong></span> <span class='ocrx_word' id='word_1_804' title='bbox 1201 5138 1349 5186; x_wconf 88' lang='lat' dir='ltr'><strong>eum,</strong></span> <span class='ocrx_word' id='word_1_805' title='bbox 1387 5120 1482 5175; x_wconf 91' lang='lat' dir='ltr'><strong>sed</strong></span> <span class='ocrx_word' id='word_1_806' title='bbox 1520 5127 1738 5188; x_wconf 83' lang='lat' dir='ltr'><strong>propter</strong></span> <span class='ocrx_word' id='word_1_807' title='bbox 1779 5131 1898 5183; x_wconf 91' lang='lat' dir='ltr'><strong>nos,</strong></span> <span class='ocrx_word' id='word_1_808' title='bbox 1937 5125 1998 5169; x_wconf 93' lang='lat' dir='ltr'><strong>ut</strong></span> <span class='ocrx_word' id='word_1_809' title='bbox 2039 5129 2126 5167; x_wconf 92' lang='lat' dir='ltr'><strong>no-</strong></span> 
     </span>
    </p>
   </div>
   <div class='ocr_carea' id='block_1_106' title="bbox 2212 5084 3814 5202">
    <p class='ocr_par' dir='ltr' id='par_1_106' title="bbox 2246 5084 3814 5202">
     <span class='ocr_line' id='line_1_109' title="bbox 2246 5084 3814 5179; baseline -0.016 -19"><span class='ocrx_word' id='word_1_810' title='bbox 2246 5109 2514 5179; x_wconf 78' lang='grc' dir='ltr'><strong>ὕμνησαν.</strong></span> <span class='ocrx_word' id='word_1_811' title='bbox 2549 5123 2566 5156; x_wconf 75' lang='grc' dir='ltr'><strong>ι</strong></span> <span class='ocrx_word' id='word_1_812' title='bbox 2611 5101 2823 5172; x_wconf 75' lang='grc' dir='ltr'><strong>Ὀρᾷς;</strong></span> <span class='ocrx_word' id='word_1_813' title='bbox 2857 5095 3322 5157; x_wconf 82' lang='grc' dir='ltr'><strong>Τεταπείνωνται,</strong></span> <span class='ocrx_word' id='word_1_814' title='bbox 3382 5093 3476 5142; x_wconf 75' lang='grc' dir='ltr'><strong>καὶ</strong></span> <span class='ocrx_word' id='word_1_815' title='bbox 3526 5086 3663 5156; x_wconf 80' lang='grc' dir='ltr'><strong>πρὸς</strong></span> <span class='ocrx_word' id='word_1_816' title='bbox 3717 5084 3814 5151; x_wconf 77' lang='grc' dir='ltr'><strong>τὴν</strong></span> 
     </span>
     <span class='ocr_line' id='line_1_110' title="bbox 2315 5171 3814 5202; baseline -0.012 18"><span class='ocrx_word' id='word_1_817' title='bbox 2315 5199 2338 5202; x_wconf 54' lang='grc' dir='ltr'><strong>’λ</strong></span> <span class='ocrx_word' id='word_1_818' title='bbox 2388 5199 2409 5202; x_wconf 85' lang='grc'><strong>-</strong></span> <span class='ocrx_word' id='word_1_819' title='bbox 2486 5195 2512 5202; x_wconf 71' lang='grc'><strong><em>-</em></strong></span> <span class='ocrx_word' id='word_1_820' title='bbox 2577 5193 2597 5202; x_wconf 77' lang='lat'><strong><em>-</em></strong></span> <span class='ocrx_word' id='word_1_821' title='bbox 2727 5193 2738 5202; x_wconf 84' lang='lat'><strong><em>-</em></strong></span> <span class='ocrx_word' id='word_1_822' title='bbox 2914 5190 2926 5202; x_wconf 75' lang='grc' dir='ltr'><strong>ι</strong></span> <span class='ocrx_word' id='word_1_823' title='bbox 2991 5187 3015 5202; x_wconf 74' lang='grc' dir='ltr'><strong>οι</strong></span> <span class='ocrx_word' id='word_1_824' title='bbox 3053 5184 3159 5202; x_wconf 31' lang='grc' dir='ltr'><strong>’κέ</strong></span> <span class='ocrx_word' id='word_1_825' title='bbox 3216 5184 3228 5202; x_wconf 75' lang='lat' dir='ltr'><strong>r</strong></span> <span class='ocrx_word' id='word_1_826' title='bbox 3274 5201 3297 5202; x_wconf 51' lang='grc' dir='ltr'>η</span> <span class='ocrx_word' id='word_1_827' title='bbox 3335 5180 3492 5202; x_wconf 60' lang='grc' dir='ltr'><strong>-)Λδ.,</strong></span> <span class='ocrx_word' id='word_1_828' title='bbox 3545 5180 3638 5202; x_wconf 74' lang='grc' dir='ltr'><strong>-ι..</strong></span> <span class='ocrx_word' id='word_1_829' title='bbox 3690 5171 3814 5202; x_wconf 58' lang='grc' dir='ltr'><strong>..λαμ</strong></span> 
     </span>
    </p>
   </div>
   <div class='ocr_carea' id='block_1_107' title="bbox 568 5180 2126 5296">
    <p class='ocr_par' dir='ltr' id='par_1_107' title="bbox 568 5180 2126 5296">
     <span class='ocr_line' id='line_1_111' title="bbox 568 5180 2126 5296; baseline -0.018 -10"><span class='ocrx_word' id='word_1_830' title='bbox 568 5180 978 5296; x_wconf 48' lang='lat' dir='ltr'><strong>stra’rega‘ntu;</strong></span> <span class='ocrx_word' id='word_1_831' title='bbox 1003 5180 1233 5290; x_wconf 72' lang='lat' dir='ltr'><strong>corpora</strong></span> <span class='ocrx_word' id='word_1_832' title='bbox 1276 5213 1512 5270; x_wconf 79' lang='lat' dir='ltr'><strong>visibilia</strong></span> <span class='ocrx_word' id='word_1_833' title='bbox 1573 5211 1840 5274; x_wconf 83' lang='lat' dir='ltr'><strong>condidit,</strong></span> <span class='ocrx_word' id='word_1_834' title='bbox 1889 5208 2126 5263; x_wconf 87' lang='lat' dir='ltr'><strong>invisibi-</strong></span> 
     </span>
    </p>
   </div>
   <div class='ocr_carea' id='block_1_108' title="bbox 2212 5180 3816 5296">
    <p class='ocr_par' dir='ltr' id='par_1_108' title="bbox 2246 5180 3816 5296">
     <span class='ocr_line' id='line_1_112' title="bbox 2246 5180 3816 5296; baseline -0.018 -43"><span class='ocrx_word' id='word_1_835' title='bbox 2246 5199 2340 5254; x_wconf 88' lang='grc' dir='ltr'><strong>τοῦ</strong></span> <span class='ocrx_word' id='word_1_836' title='bbox 2379 5195 2514 5252; x_wconf 88' lang='grc' dir='ltr'><strong>Θεοῦ</strong></span> <span class='ocrx_word' id='word_1_837' title='bbox 2575 5193 2809 5263; x_wconf 84' lang='grc' dir='ltr'><strong>θεωρίαν</strong></span> <span class='ocrx_word' id='word_1_838' title='bbox 2839 5190 2937 5243; x_wconf 72' lang='grc' dir='ltr'><strong>καὶ</strong></span> <span class='ocrx_word' id='word_1_839' title='bbox 2987 5184 3299 5252; x_wconf 79' lang='grc' dir='ltr'><strong>δοξολογίαν</strong></span> <span class='ocrx_word' id='word_1_840' title='bbox 3331 5180 3492 5242; x_wconf 84' lang='grc' dir='ltr'><strong>εὐθὺς</strong></span> <span class='ocrx_word' id='word_1_841' title='bbox 3545 5180 3638 5230; x_wconf 79' lang='grc' dir='ltr'><strong>τὸν</strong></span> <span class='ocrx_word' id='word_1_842' title='bbox 3690 5180 3816 5296; x_wconf 47' lang='grc' dir='ltr'><strong>νὶουν</strong></span> 
     </span>
    </p>
   </div>
   <div class='ocr_carea' id='block_1_109' title="bbox 569 5301 2146 5377">
    <p class='ocr_par' dir='ltr' id='par_1_109' title="bbox 569 5301 2146 5377">
     <span class='ocr_line' id='line_1_113' title="bbox 569 5301 2146 5377; baseline -0.016 0"><span class='ocrx_word' id='word_1_843' title='bbox 569 5323 640 5377; x_wconf 82' lang='lat' dir='ltr'><strong>lio</strong></span> <span class='ocrx_word' id='word_1_844' title='bbox 672 5329 852 5375; x_wconf 89' lang='lat' dir='ltr'><strong>autem</strong></span> <span class='ocrx_word' id='word_1_845' title='bbox 885 5326 943 5370; x_wconf 88' lang='lat' dir='ltr'><strong>ut</strong></span> <span class='ocrx_word' id='word_1_846' title='bbox 975 5313 1174 5370; x_wconf 85' lang='lat' dir='ltr'><strong>animis</strong></span> <span class='ocrx_word' id='word_1_847' title='bbox 1225 5308 1431 5368; x_wconf 77' lang='lat' dir='ltr'><strong>nostris</strong></span> <span class='ocrx_word' id='word_1_848' title='bbox 1468 5305 1779 5376; x_wconf 76' lang='lat' dir='ltr'><strong>proﬁciant.</strong></span> <span class='ocrx_word' id='word_1_849' title='bbox 1811 5303 1944 5368; x_wconf 61' lang='lat' dir='ltr'><strong>Qua}</strong></span> <span class='ocrx_word' id='word_1_850' title='bbox 1979 5301 2146 5369; x_wconf 78' lang='lat' dir='ltr'><strong>igitur</strong></span> 
     </span>
    </p>
   </div>
   <div class='ocr_carea' id='block_1_110' title="bbox 572 5392 2147 5472">
    <p class='ocr_par' dir='ltr' id='par_1_110' title="bbox 572 5392 2147 5472">
     <span class='ocr_line' id='line_1_114' title="bbox 572 5392 2147 5472; baseline -0.015 -1"><span class='ocrx_word' id='word_1_851' title='bbox 572 5415 785 5472; x_wconf 82' lang='lat' dir='ltr'><strong>utilitas</strong></span> <span class='ocrx_word' id='word_1_852' title='bbox 849 5417 892 5467; x_wconf 91' lang='lat' dir='ltr'><strong>si</strong></span> <span class='ocrx_word' id='word_1_853' title='bbox 949 5408 1017 5462; x_wconf 91' lang='lat' dir='ltr'><strong>de</strong></span> <span class='ocrx_word' id='word_1_854' title='bbox 1074 5405 1159 5461; x_wconf 88' lang='lat' dir='ltr'><strong>his</strong></span> <span class='ocrx_word' id='word_1_855' title='bbox 1209 5398 1662 5470; x_wconf 84' lang='lat' dir='ltr'><strong>corruptibilibus</strong></span> <span class='ocrx_word' id='word_1_856' title='bbox 1709 5393 1932 5451; x_wconf 88' lang='lat' dir='ltr'><strong>solliciti</strong></span> <span class='ocrx_word' id='word_1_857' title='bbox 1975 5392 2147 5447; x_wconf 89' lang='lat' dir='ltr'><strong>simus</strong></span> 
     </span>
    </p>
   </div>
   <div class='ocr_carea' id='block_1_111' title="bbox 574 5486 2151 5580">
    <p class='ocr_par' dir='ltr' id='par_1_111' title="bbox 574 5486 2151 5580">
     <span class='ocr_line' id='line_1_115' title="bbox 574 5486 2151 5580; baseline -0.018 -14"><span class='ocrx_word' id='word_1_858' title='bbox 574 5523 699 5580; x_wconf 64' lang='lat' dir='ltr'><strong>quae</strong></span> <span class='ocrx_word' id='word_1_859' title='bbox 725 5503 1072 5561; x_wconf 86' lang='lat' dir='ltr'><strong>studentibus</strong></span> <span class='ocrx_word' id='word_1_860' title='bbox 1126 5514 1238 5555; x_wconf 90' lang='lat' dir='ltr'><strong>non</strong></span> <span class='ocrx_word' id='word_1_861' title='bbox 1295 5504 1549 5567; x_wconf 84' lang='lat' dir='ltr'><strong>prosunt,</strong></span> <span class='ocrx_word' id='word_1_862' title='bbox 1607 5489 1710 5545; x_wconf 89' lang='lat' dir='ltr'><strong>nisi</strong></span> <span class='ocrx_word' id='word_1_863' title='bbox 1768 5487 1892 5558; x_wconf 91' lang='lat' dir='ltr'><strong>quis</strong></span> <span class='ocrx_word' id='word_1_864' title='bbox 1945 5486 2036 5539; x_wconf 85' lang='lat' dir='ltr'><strong>illa</strong></span> <span class='ocrx_word' id='word_1_865' title='bbox 2061 5499 2151 5539; x_wconf 88' lang='lat' dir='ltr'><strong>so-</strong></span> 
     </span>
    </p>
   </div>
   <div class='ocr_carea' id='block_1_112' title="bbox 577 5576 2153 5664">
    <p class='ocr_par' dir='ltr' id='par_1_112' title="bbox 577 5576 2153 5664">
     <span class='ocr_line' id='line_1_116' title="bbox 577 5576 2153 5664; baseline -0.016 -7"><span class='ocrx_word' id='word_1_866' title='bbox 577 5576 859 5659; x_wconf 78' lang='lat' dir='ltr'><strong>lummodo</strong></span> <span class='ocrx_word' id='word_1_867' title='bbox 899 5595 1152 5664; x_wconf 81' lang='lat' dir='ltr'><strong>inspiciat</strong></span> <span class='ocrx_word' id='word_1_868' title='bbox 1204 5599 1265 5646; x_wconf 91' lang='lat' dir='ltr'><strong>ut</strong></span> <span class='ocrx_word' id='word_1_869' title='bbox 1318 5589 1426 5644; x_wconf 87' lang='lat' dir='ltr'><strong>Deo</strong></span> <span class='ocrx_word' id='word_1_870' title='bbox 1472 5584 1678 5657; x_wconf 78' lang='lat' dir='ltr'><strong>gratias</strong></span> <span class='ocrx_word' id='word_1_871' title='bbox 1735 5591 1790 5635; x_wconf 88' lang='lat' dir='ltr'><strong>et</strong></span> <span class='ocrx_word' id='word_1_872' title='bbox 1835 5577 2023 5634; x_wconf 84' lang='lat' dir='ltr'><strong>laudes</strong></span> <span class='ocrx_word' id='word_1_873' title='bbox 2055 5576 2153 5632; x_wconf 84' lang='lat' dir='ltr'><strong>tri-</strong></span> 
     </span>
    </p>
   </div>
   <div class='ocr_carea' id='block_1_113' title="bbox 580 5667 2150 5758">
    <p class='ocr_par' dir='ltr' id='par_1_113' title="bbox 580 5667 2150 5758">
     <span class='ocr_line' id='line_1_117' title="bbox 580 5667 2150 5758; baseline -0.017 -11"><span class='ocrx_word' id='word_1_874' title='bbox 580 5699 732 5758; x_wconf 82' lang='lat' dir='ltr'><strong>buat,</strong></span> <span class='ocrx_word' id='word_1_875' title='bbox 776 5701 834 5746; x_wconf 90' lang='lat' dir='ltr'><strong>ut</strong></span> <span class='ocrx_word' id='word_1_876' title='bbox 863 5689 1042 5746; x_wconf 89' lang='lat' dir='ltr'><strong>solent</strong></span> <span class='ocrx_word' id='word_1_877' title='bbox 1075 5684 1273 5746; x_wconf 85' lang='lat' dir='ltr'><strong>sancti,</strong></span> <span class='ocrx_word' id='word_1_878' title='bbox 1310 5691 1366 5736; x_wconf 91' lang='lat' dir='ltr'><strong>et</strong></span> <span class='ocrx_word' id='word_1_879' title='bbox 1413 5677 1583 5735; x_wconf 81' lang='lat' dir='ltr'><strong>David</strong></span> <span class='ocrx_word' id='word_1_880' title='bbox 1638 5673 1784 5733; x_wconf 84' lang='lat' dir='ltr'><strong>istud</strong></span> <span class='ocrx_word' id='word_1_881' title='bbox 1823 5677 2052 5726; x_wconf 87' lang='lat' dir='ltr'><strong>testatur</strong></span> <span class='ocrx_word' id='word_1_882' title='bbox 2095 5667 2150 5720; x_wconf 94' lang='lat' dir='ltr'><strong>in</strong></span> 
     </span>
    </p>
   </div>
   <div class='ocr_carea' id='block_1_114' title="bbox 582 5761 2151 5854">
    <p class='ocr_par' dir='ltr' id='par_1_114' title="bbox 582 5761 2151 5854">
     <span class='ocr_line' id='line_1_118' title="bbox 582 5761 2151 5854; baseline -0.02 -12"><span class='ocrx_word' id='word_1_883' title='bbox 582 5786 767 5842; x_wconf 87' lang='lat' dir='ltr'><strong>multis</strong></span> <span class='ocrx_word' id='word_1_884' title='bbox 798 5781 1021 5854; x_wconf 84' lang='lat' dir='ltr'><strong>psalmis</strong></span> <span class='ocrx_word' id='word_1_885' title='bbox 1047 5791 1211 5848; x_wconf 77' lang='lat' dir='ltr'><strong>opera</strong></span> <span class='ocrx_word' id='word_1_886' title='bbox 1268 5773 1361 5829; x_wconf 86' lang='lat' dir='ltr'><strong>Dei</strong></span> <span class='ocrx_word' id='word_1_887' title='bbox 1413 5766 1778 5840; x_wconf 70' lang='lat' dir='ltr'><strong>praedicando.</strong></span> <span class='ocrx_word' id='word_1_888' title='bbox 1845 5761 1940 5817; x_wconf 90' lang='lat' dir='ltr'><strong>llle</strong></span> <span class='ocrx_word' id='word_1_889' title='bbox 1971 5767 2151 5854; x_wconf 85' lang='lat' dir='ltr'><strong>autem</strong></span> 
     </span>
    </p>
   </div>
   <div class='ocr_carea' id='block_1_115' title="bbox 584 5853 2151 5950">
    <p class='ocr_par' dir='ltr' id='par_1_115' title="bbox 584 5853 2151 5950">
     <span class='ocr_line' id='line_1_119' title="bbox 584 5853 2151 5950; baseline -0.018 -13"><span class='ocrx_word' id='word_1_890' title='bbox 584 5878 900 5950; x_wconf 63' lang='lat' dir='ltr'><strong>immundus</strong></span> <span class='ocrx_word' id='word_1_891' title='bbox 936 5875 1048 5931; x_wconf 71' lang='lat' dir='ltr'><strong>iure</strong></span> <span class='ocrx_word' id='word_1_892' title='bbox 1085 5870 1310 5927; x_wconf 86' lang='lat' dir='ltr'><strong>omnino</strong></span> <span class='ocrx_word' id='word_1_893' title='bbox 1345 5866 1546 5922; x_wconf 86' lang='lat' dir='ltr'><strong>oblitus</strong></span> <span class='ocrx_word' id='word_1_894' title='bbox 1578 5853 2151 5935; x_wconf 80' lang='lat' dir='ltr'><strong>Graecorumiucptias</strong></span> 
     </span>
    </p>
   </div>
   <div class='ocr_carea' id='block_1_116' title="bbox 2247 5261 3818 5358">
    <p class='ocr_par' dir='ltr' id='par_1_116' title="bbox 2247 5261 3818 5358">
     <span class='ocr_line' id='line_1_120' title="bbox 2247 5261 3818 5358; baseline -0.018 -16"><span class='ocrx_word' id='word_1_895' title='bbox 2247 5289 2504 5358; x_wconf 61' lang='grc' dir='ltr'><strong>ἔστησαν</strong></span> <span class='ocrx_word' id='word_1_896' title='bbox 2536 5283 2618 5336; x_wconf 83' lang='grc' dir='ltr'><strong>ὅτι</strong></span> <span class='ocrx_word' id='word_1_897' title='bbox 2647 5261 2742 5335; x_wconf 78' lang='grc' dir='ltr'><strong>καὶ</strong></span> <span class='ocrx_word' id='word_1_898' title='bbox 2771 5277 2934 5340; x_wconf 85' lang='grc' dir='ltr'><strong>αὐτὸς</strong></span> <span class='ocrx_word' id='word_1_899' title='bbox 2971 5277 3190 5328; x_wconf 89' lang='grc' dir='ltr'><strong>πάντων</strong></span> <span class='ocrx_word' id='word_1_900' title='bbox 3224 5268 3615 5342; x_wconf 78' lang='grc' dir='ltr'><strong>παραγωγεὺς,</strong></span> <span class='ocrx_word' id='word_1_901' title='bbox 3639 5263 3736 5317; x_wconf 79' lang='grc' dir='ltr'><strong>καὶ</strong></span> <span class='ocrx_word' id='word_1_902' title='bbox 3757 5261 3818 5315; x_wconf 81' lang='grc' dir='ltr'><strong>οὐ</strong></span> 
     </span>
    </p>
   </div>
   <div class='ocr_carea' id='block_1_117' title="bbox 2248 5355 3820 5440">
    <p class='ocr_par' dir='ltr' id='par_1_117' title="bbox 2248 5355 3820 5440">
     <span class='ocr_line' id='line_1_121' title="bbox 2248 5355 3820 5440; baseline -0.017 -7"><span class='ocrx_word' id='word_1_903' title='bbox 2248 5381 2314 5433; x_wconf 84' lang='grc' dir='ltr'><strong>δι’</strong></span> <span class='ocrx_word' id='word_1_904' title='bbox 2346 5355 2510 5436; x_wconf 74' lang='grc' dir='ltr'><strong>αὐτὸν</strong></span> <span class='ocrx_word' id='word_1_905' title='bbox 2547 5375 2614 5427; x_wconf 88' lang='grc' dir='ltr'><strong>τὰ</strong></span> <span class='ocrx_word' id='word_1_906' title='bbox 2643 5372 2943 5440; x_wconf 86' lang='grc' dir='ltr'><strong>κτίσματα,</strong></span> <span class='ocrx_word' id='word_1_907' title='bbox 2974 5367 3107 5420; x_wconf 75' lang='grc' dir='ltr'><strong>ἀλλὰ</strong></span> <span class='ocrx_word' id='word_1_908' title='bbox 3129 5365 3196 5420; x_wconf 80' lang='grc' dir='ltr'><strong>δι’</strong></span> <span class='ocrx_word' id='word_1_909' title='bbox 3226 5364 3398 5434; x_wconf 81' lang='grc' dir='ltr'><strong>ἡμᾶς,</strong></span> <span class='ocrx_word' id='word_1_910' title='bbox 3426 5360 3513 5412; x_wconf 80' lang='grc' dir='ltr'><strong>ἴνα</strong></span> <span class='ocrx_word' id='word_1_911' title='bbox 3549 5355 3820 5425; x_wconf 79' lang='grc' dir='ltr'><strong>κυϐερνᾶ-</strong></span> 
     </span>
    </p>
   </div>
   <div class='ocr_carea' id='block_1_118' title="bbox 2251 5445 3826 5542">
    <p class='ocr_par' dir='ltr' id='par_1_118' title="bbox 2251 5445 3826 5542">
     <span class='ocr_line' id='line_1_122' title="bbox 2251 5445 3826 5542; baseline -0.019 -15"><span class='ocrx_word' id='word_1_912' title='bbox 2251 5492 2340 5528; x_wconf 83' lang='grc' dir='ltr'><strong>ται</strong></span> <span class='ocrx_word' id='word_1_913' title='bbox 2373 5470 2530 5542; x_wconf 79' lang='grc' dir='ltr'><strong>ἡμῶν</strong></span> <span class='ocrx_word' id='word_1_914' title='bbox 2557 5466 2626 5520; x_wconf 87' lang='grc' dir='ltr'><strong>τὰ</strong></span> <span class='ocrx_word' id='word_1_915' title='bbox 2664 5468 2909 5534; x_wconf 84' lang='grc' dir='ltr'><strong>σώματα.</strong></span> <span class='ocrx_word' id='word_1_916' title='bbox 2945 5462 3026 5515; x_wconf 79' lang='grc' dir='ltr'><strong>Τά</strong></span> <span class='ocrx_word' id='word_1_917' title='bbox 3081 5459 3137 5513; x_wconf 76' lang='grc' dir='ltr'><strong>δὲ</strong></span> <span class='ocrx_word' id='word_1_918' title='bbox 3165 5458 3306 5528; x_wconf 80' lang='grc' dir='ltr'><strong>ὑπὲρ</strong></span> <span class='ocrx_word' id='word_1_919' title='bbox 3325 5455 3433 5508; x_wconf 84' lang='grc' dir='ltr'><strong>τῶν</strong></span> <span class='ocrx_word' id='word_1_920' title='bbox 3455 5449 3645 5521; x_wconf 81' lang='grc' dir='ltr'><strong>ψυχῶν</strong></span> <span class='ocrx_word' id='word_1_921' title='bbox 3667 5445 3826 5518; x_wconf 75' lang='grc' dir='ltr'><strong>ἡμῶν</strong></span> 
     </span>
    </p>
   </div>
   <div class='ocr_carea' id='block_1_119' title="bbox 2253 5541 3830 5634">
    <p class='ocr_par' dir='ltr' id='par_1_119' title="bbox 2253 5541 3830 5634">
     <span class='ocr_line' id='line_1_123' title="bbox 2253 5541 3830 5634; baseline -0.02 -11"><span class='ocrx_word' id='word_1_922' title='bbox 2253 5541 2619 5634; x_wconf 85' lang='grc' dir='ltr'><strong>ἀκατανόητα.</strong></span> <span class='ocrx_word' id='word_1_923' title='bbox 2652 5559 2750 5623; x_wconf 80' lang='grc' dir='ltr'><strong>Τίς</strong></span> <span class='ocrx_word' id='word_1_924' title='bbox 2805 5553 2896 5611; x_wconf 78' lang='grc' dir='ltr'><strong>οὖν</strong></span> <span class='ocrx_word' id='word_1_925' title='bbox 2930 5555 2964 5624; x_wconf 74' lang='grc' dir='ltr'><strong>ἡ</strong></span> <span class='ocrx_word' id='word_1_926' title='bbox 2999 5551 3164 5622; x_wconf 84' lang='grc' dir='ltr'><strong>χρεία</strong></span> <span class='ocrx_word' id='word_1_927' title='bbox 3225 5546 3494 5618; x_wconf 78' lang='grc' dir='ltr'><strong>μεριμνᾷν</strong></span> <span class='ocrx_word' id='word_1_928' title='bbox 3555 5542 3685 5610; x_wconf 69' lang='grc' dir='ltr'><strong>περὶ</strong></span> <span class='ocrx_word' id='word_1_929' title='bbox 3719 5541 3830 5593; x_wconf 91' lang='grc' dir='ltr'><strong>τῶν</strong></span> 
     </span>
    </p>
   </div>
   <div class='ocr_carea' id='block_1_120' title="bbox 2257 5635 3830 5731">
    <p class='ocr_par' dir='ltr' id='par_1_120' title="bbox 2257 5635 3830 5731">
     <span class='ocr_line' id='line_1_124' title="bbox 2257 5635 3830 5731; baseline -0.02 -17"><span class='ocrx_word' id='word_1_930' title='bbox 2257 5657 2534 5731; x_wconf 77' lang='grc' dir='ltr'><strong>φθαρτῶν,</strong></span> <span class='ocrx_word' id='word_1_931' title='bbox 2569 5653 2666 5708; x_wconf 72' lang='grc' dir='ltr'><strong>καὶ</strong></span> <span class='ocrx_word' id='word_1_932' title='bbox 2698 5650 2865 5722; x_wconf 80' lang='grc' dir='ltr'><strong>μηδὲν</strong></span> <span class='ocrx_word' id='word_1_933' title='bbox 2897 5642 3253 5715; x_wconf 81' lang='grc' dir='ltr'><strong>ὠφελούντων</strong></span> <span class='ocrx_word' id='word_1_934' title='bbox 3301 5643 3358 5692; x_wconf 77' lang='grc' dir='ltr'><strong>ὲν</strong></span> <span class='ocrx_word' id='word_1_935' title='bbox 3389 5636 3467 5706; x_wconf 84' lang='grc' dir='ltr'><strong>τῷ</strong></span> <span class='ocrx_word' id='word_1_936' title='bbox 3515 5635 3830 5696; x_wconf 82' lang='grc' dir='ltr'><strong>κατανοεῖν,</strong></span> 
     </span>
    </p>
   </div>
   <div class='ocr_carea' id='block_1_121' title="bbox 2258 5724 3831 5822">
    <p class='ocr_par' dir='ltr' id='par_1_121' title="bbox 2258 5724 3831 5822">
     <span class='ocr_line' id='line_1_125' title="bbox 2258 5724 3831 5822; baseline -0.019 -15"><span class='ocrx_word' id='word_1_937' title='bbox 2258 5724 2306 5806; x_wconf 71' lang='grc' dir='ltr'>ἐξ</span> <span class='ocrx_word' id='word_1_938' title='bbox 2341 5724 2414 5822; x_wconf 23' lang='grc' dir='ltr'><strong>μῂή</strong></span> <span class='ocrx_word' id='word_1_939' title='bbox 2447 5767 2529 5812; x_wconf 87' lang='grc' dir='ltr'><strong>τις</strong></span> <span class='ocrx_word' id='word_1_940' title='bbox 2558 5744 2916 5813; x_wconf 83' lang='grc' dir='ltr'><strong>κατανοήσειε</strong></span> <span class='ocrx_word' id='word_1_941' title='bbox 2948 5735 3144 5809; x_wconf 82' lang='grc' dir='ltr'><strong>μικρὸν</strong></span> <span class='ocrx_word' id='word_1_942' title='bbox 3163 5735 3251 5788; x_wconf 84' lang='grc' dir='ltr'><strong>διὰ</strong></span> <span class='ocrx_word' id='word_1_943' title='bbox 3275 5733 3442 5803; x_wconf 82' lang='grc' dir='ltr'><strong>μόνην</strong></span> <span class='ocrx_word' id='word_1_944' title='bbox 3472 5724 3831 5822; x_wconf 80' lang='grc' dir='ltr'><strong>εὐχαριστίαν</strong></span> 
     </span>
    </p>
   </div>
   <div class='ocr_carea' id='block_1_122' title="bbox 2261 5820 3830 5905">
    <p class='ocr_par' dir='ltr' id='par_1_122' title="bbox 2261 5820 3830 5905">
     <span class='ocr_line' id='line_1_126' title="bbox 2261 5820 3830 5905; baseline -0.021 -3"><span class='ocrx_word' id='word_1_945' title='bbox 2261 5820 2516 5902; x_wconf 68' lang='grc' dir='ltr'><strong>Θεοῦκαὶ</strong></span> <span class='ocrx_word' id='word_1_946' title='bbox 2547 5837 2874 5905; x_wconf 79' lang='grc' dir='ltr'><strong>δοξολογίαν,</strong></span> <span class='ocrx_word' id='word_1_947' title='bbox 2909 5833 2983 5896; x_wconf 86' lang='grc' dir='ltr'><strong>ὠς</strong></span> <span class='ocrx_word' id='word_1_948' title='bbox 3013 5831 3109 5884; x_wconf 69' lang='grc' dir='ltr'><strong>καὶ</strong></span> <span class='ocrx_word' id='word_1_949' title='bbox 3153 5829 3265 5891; x_wconf 82' lang='grc' dir='ltr'><strong>τοῖς</strong></span> <span class='ocrx_word' id='word_1_950' title='bbox 3296 5823 3470 5890; x_wconf 82' lang='grc' dir='ltr'><strong>ἁγίοις</strong></span> <span class='ocrx_word' id='word_1_951' title='bbox 3509 5821 3630 5884; x_wconf 78' lang='grc' dir='ltr'><strong>ἔθος</strong></span> <span class='ocrx_word' id='word_1_952' title='bbox 3674 5820 3792 5872; x_wconf 77' lang='grc' dir='ltr'><strong>ἐστί</strong></span> <span class='ocrx_word' id='word_1_953' title='bbox 3810 5832 3830 5884; x_wconf 81' lang='lat'><strong>;</strong></span> 
     </span>
    </p>
   </div>
  </div>
