4050 6266
280 368 376 430 liii

1338 372 1716 434 DIALOGUS
1749 371 2045 434 CONTRA
2078 362 2467 434 l-IzERESES.

3427 373 3526 432 15‘.)

276 484 384 536 Kal.
415 479 576 534 Δαϐὶό
615 478 774 533 τοῦτο
810 486 1105 554 μαρτυρεῖ,
1139 484 1197 537 ιν
1226 486 1442 550 πολλοῖς
1468 487 1577 540 τῶν
1618 485 1854 556 ψαλμῶν

1976 484 2313 553 ’laton'rsque
2357 483 2637 540 doctrinas
2693 496 2748 540 et
2791 485 3076 556 opiniones
3132 499 3272 553 quas
3325 491 3527 537 vocant

274 575 342 626 τὰ
397 572 494 626 τοῦ
523 573 659 626 Θεοῦ
718 573 1102 644 διηγούμενος.
1166 577 1329 630 Ἀλλὰ
1361 575 1564 631 τούτων
1618 575 1850 647 μηδενὸς

281 665 542 734 μνησθεὶς
575 666 783 728 ἑκείνος
816 668 845 719 6
879 667 1101 738 μιαρὸς.
1141 668 1240 733 τὰς
1294 668 1620 738 Ἑλληνικὰς
1647 669 1852 739 φληνα-

284 756 411 823 φίας
435 756 532 810 καὶ
558 757 654 818 τὰς
679 758 772 809 τοῦ
803 757 1092 820 Πλάτωνος
1120 759 1431 829 είσηγήσεις
1459 776 1518 812 τε
1549 760 1644 814 καὶ
1670 759 1849 825 δόξας,

282 845 373 901 καὶ
399 848 468 916 ἃς
494 847 753 901 καλοῦσιν
779 867 797 900 ε
836 850 1000 915 ίδέας,
1031 869 1050 901 ι
1085 851 1369 920 φωτισμὸν
1390 854 1572 922 ἠγεῖτο
1592 855 1685 905 καὶ
1713 851 1855 919 γνῶ-

284 955 365 989 σιν
391 939 489 991 καὶ
518 938 791 1007 κάθαρσιν
818 939 848 992 6
889 939 1218 1010 ἀκάθαρτος.
1257 941 1324 997 Ἀ
1347 925 1420 1011 ’δὴ
1467 943 1562 996 καὶ
1595 942 1853 996 ἐλάττονα

281 1030 376 1098 τῆς
410 1029 761 1098 ἀνθρωπίνης
791 1031 901 1084 elei
939 1031 1199 1096 διανοίας,
1233 1032 1325 1086 ὑπ’
1372 1032 1544 1102 αὐτῆς
1575 1031 1854 1101 καταλαμ-

280 1118 589 1186 ϐανόμεναι
639 1121 734 1172 καὶ
785 1123 1088 1188 μετρεῖται,
1141 1120 1240 1174 καὶ
1291 1121 1537 1188 ἐξετάσει
1601 1122 1855 1192 διδόμενα

284 1207 693 1275 ὲφευρίσκεται.
725 1209 821 1261 καὶ
869 1209 1104 1278 μάλιστα
1137 1212 1208 1263 τὰ
1241 1213 1368 1282 περὶ
1413 1213 1512 1281 τῆς
1555 1213 1665 1265 τῶν
1696 1215 1854 1267 ἀστέ-

285 1317 389 1369 ρων
422 1300 722 1369 κινήσεως·
756 1301 852 1354 καὶ
878 1301 1036 1355 οὐδὲν
1080 1304 1143 1358 ἐκ
1174 1304 1382 1359 τούτων
1427 1306 1620 1375 ὄφελος
1658 1307 1735 1378 τῷ
1767 1308 1856 1359 ἀν-

283 1390 507 1460 θρώπῳ.
565 1390 630 1444 τί
663 1390 776 1462 γὰρ
810 1391 962 1464 παρᾶ
1009 1395 1074 1448 τὸ
1124 1397 1325 1452 ειδέναι
1370 1395 1473 1452 ποῦ
1505 1399 1606 1468 τὴν
1638 1400 1858 1467 κίνησιν

281 1484 393 1551 ἔχει
425 1483 454 1534 6
485 1483 638 1552 ἥλιος
672 1483 767 1537 καὶ
798 1487 996 1557 σελήνη
1029 1487 1127 1540 καὶ
1160 1489 1228 1541 τὰ
1261 1488 1424 1542 λοιπέι
1465 1489 1575 1544 τῶν
1601 1485 1855 1558 ἅστρων;

281 1576 328 1626 εί
359 1574 434 1644 μὴ
475 1575 564 1630 διά
593 1591 719 1629 τινα
753 1580 944 1648 χρείαν
977 1579 1178 1647 σαρκὸς
1229 1581 1306 1643 ὡς
1350 1582 1594 1636 ναυτικοὶ
1629 1583 1859 1652 κέχρην-

281 1676 386 1720 ται.
413 1668 523 1720 Καὶ
547 1669 869 1740 παχυτέρως
889 1670 1038 1724 οῦτοι
1055 1673 1124 1726 τὰ
1152 1673 1263 1727 τῶν
1290 1673 1508 1746 ἄστρων
1537 1677 1860 1730 κατανοοῦσι

286 1759 613 1826 κρειττόνως
649 1762 910 1825 πολλάκις
937 1762 1035 1816 καὶ
1065 1764 1172 1818 τῶν
1194 1765 1536 1837 λεπτοτέρων
1559 1767 1860 1820 δοκούντων

1955 576 2106 631 ideas
2140 577 2563 633 illustrationem
2595 587 2648 631 et
2695 578 2986 633 scientiam
3021 585 3188 646 atque
3221 576 3521 645 puritatem

1953 669 2206 736 impurus
2230 668 2506 736 ducebat;
2544 685 2665 739 quae
2719 670 2972 725 humanae
3013 669 3332 739 cogitationi
3389 666 3528 721 iule-

1954 756 2099 810 riora
2130 767 2280 823 sunt,
2316 773 2440 812 cum
2482 760 2550 813 ab
2582 774 2644 814 ea
2685 762 3077 828 comprehensa
3111 767 3522 821 mensurentur,

1954 856 2008 901 et
2036 847 2410 903 observationi
2475 849 2601 904 data
2669 852 3038 920 reperiantur,
3096 851 3370 920 praecipue
3403 864 3530 918 quae

1954 941 2099 994 circa
2129 950 2309 994 motus
2361 950 2634 995 astrorum
2690 952 2997 1010 versantur,
3054 959 3121 998 ex
3179 942 3378 1012 quibus
3411 941 3531 995 nul-

1956 1032 2065 1086 lum
2093 1032 2300 1086 homini
2329 1031 2702 1097 commodum,
2737 1032 2881 1100 Quid
2928 1034 3072 1090 enim
3105 1035 3326 1103 prodest
3355 1033 3400 1087 si
3435 1048 3531 1087 n0.

1955 1123 2134 1180 verint
2161 1124 2437 1192 quomodo
2468 1134 2789 1180 moveantur
2847 1127 2930 1180 sol
2981 1135 3037 1180 et
3091 1127 3218 1180 luna
3269 1136 3527 1194 astraque

1957 1215 2194 1268 caetera?
2225 1212 2338 1268 Nisi
2381 1215 2506 1269 inde
2534 1215 2824 1284 quamdam
2856 1217 3038 1271 carnis
3069 1217 3356 1270 utilitatem
3385 1218 3530 1270 sicut

1959 1315 2138 1360 nautae
2171 1307 2475 1376 percipiant
2504 1325 2518 1374 ;
2555 1308 2758 1377 istiqnc
2815 1315 2997 1363 mente
3053 1308 3361 1363 hebetiores
3387 1323 3530 1376 saepe

1960 1397 2157 1452 melius
2185 1407 2524 1468 cognoscunt
2554 1414 2616 1454 ea
2641 1416 2761 1468 quae
2785 1403 2851 1454 ad
2879 1401 3060 1456 sidera
3087 1410 3337 1470 spectant
3363 1414 3527 1468 quam

1962 1488 2035 1543 illi
2063 1489 2154 1558 qui
2189 1491 2528 1560 sapientibus
2557 1493 2838 1547 acutiores
2877 1494 3151 1548 videntur.
3181 1493 3235 1546 Si
3261 1502 3441 1545 autem
3468 1493 3534 1545 de

1961 1579 2169 1649 origine
2197 1596 2382 1634 rerum
2409 1581 2652 1646 disserit,
2678 1583 2813 1637 heu!
2853 1599 3014 1652 quam
3047 1598 3190 1636 caeca
3221 1581 3529 1636 aberratio!

1963 1687 2126 1741 quam
2171 1673 2336 1739 impie
2381 1673 2620 1741 loquitur
2671 1673 2918 1727 divinum
2964 1675 3227 1726 honorem
3265 1671 3537 1726 creaturis

1965 1762 2262 1816 exhibens!
2309 1761 2426 1815 Non
2460 1765 2601 1816 enim
2637 1763 2727 1818 Dei
2757 1765 3099 1830 providentia
3129 1774 3312 1818 nostra
3341 1764 3540 1832 guber-

291 1849 442 1918 παρὰ
484 1852 692 1919 σοφοῖς.
747 1853 808 1906 Et
839 1855 895 1908 δὲ
944 1856 1075 1925 περὶ
1107 1857 1380 1924 γενέσεως
1409 1858 1438 1909 6
1465 1857 1621 1925 λόγος
1645 1857 1858 1926 ἐκείνῳ.

1976 1853 2084 1907 nari
2121 1853 2424 1920 existimat,
2451 1855 2544 1909 sed
2590 1855 2702 1910 {ato
2740 1855 3070 1924 fortunaque
3107 1864 3163 1910 et
3188 1864 3383 1925 sponte
3415 1869 3537 1917 sua,

286 1938 386 2006 φεῦ
414 1939 515 2009 τῆς
546 1941 764 2013 ἀπάτης
791 1947 803 1997 !
843 1947 918 2009 ὡς
943 1949 1418 2017 κτισματολὰτρης
1439 1948 1548 2017 γὰρ
1580 1950 1672 2002 καὶ
1714 1949 1859 2001 ἀντί-

286 2032 427 2094 θεος.
460 2035 537 2086 Οὐ
567 2035 679 2106 γὰρ
705 2038 773 2107 τῇ
808 2036 905 2090 τοῦ
929 2037 1065 2091 Θεοῦ
1101 2039 1328 2111 προνοίᾳ
1353 2037 1453 2110 τὴν
1475 2041 1633 2112 ἡμῶν
1661 2040 1863 2110 διοίκη-

285 2141 368 2178 σιν
394 2127 737 2198 ἀνατίθησιν,
762 2129 897 2184 ἀλλὰ
919 2133 986 2200 τῇ
1017 2131 1336 2203 εἱμαρμένῃ
1383 2133 1476 2186 καὶ
1503 2133 1638 2205 τύχῃ
1665 2135 1756 2186 καὶ
1785 2134 1862 2205 τῷ

284 2218 582 2290 αὐτομάτῳ
607 2220 747 2274 κατὰ
775 2222 866 2274 τὸν
906 2223 1249 2294 Ἐπίκουρον,
1286 2223 1318 2292 ἦ
1358 2227 1477 2288 ταῖς
1501 2226 1608 2278 τῶν
1643 2225 1864 2294 ἄστρων

283 2307 570 2376 δυνάμεσι,
603 2311 696 2362 καὶ
729 2309 887 2365 τοῦτο
909 2313 972 2366 τὸ
1005 2313 1159 2378 τέλος
1200 2315 1302 2384 τῆς
1335 2315 1547 2377 άθεῖας.
1585 2317 1698 2370 Καὶ
1727 2318 1865 2370 Πτο-

285 2394 509 2464 λεμαῖος
532 2394 692 2463 ἄλλος
744 2401 772 2452 6
798 2400 1087 2474 Βαρλαὰμ,
1117 2405 1184 2459 τὰ
1219 2406 1340 2459 θεῖα
1388 2408 1488 2476 μὲν
1517 2405 1680 2475 δῆθεν
1716 2408 1866 2476 δεχό-

290 2503 449 2553 μενος
480 2488 638 2555 λόγια
679 2490 755 2552 ὡς
803 2491 1010 2557 ἐκεῖνος
1063 2495 1130 2548 τὰ
1177 2496 1287 2549 τῶν
1350 2495 1638 2566 Ἐϐραίων,
1687 2497 1722 2551 ἃ
1771 2500 1863 2551 καὶ

284 2577 588 2648 ἑρμηνείας
621 2580 844 2651 ἠξίωσε,
896 2583 994 2655 τὴν
1032 2585 1197 2640 αὐτοῦ
1229 2587 1285 2640 δὲ
1336 2587 1700 2658 Τετράόιόλον
1726 2589 1868 2641 κατὰ

286 2668 389 2736 τῆς
418 2671 679 2738 προνοίας
713 2673 948 2739 συνθεὶς,
978 2677 1054 2738 ὡς
1091 2680 1187 2732 καὶ
1213 2670 1368 2741 οὗτος
1389 2679 1457 2731 τὰ
1504 2679 1602 2747 τῆς
1642 2678 1869 2748 Ἐκκλη-

289 2756 534 2828 σίας’μὲν
567 2761 741 2829 λέγων
760 2762 1034 2834 δέχεσθαι,
1089 2769 1184 2820 καὶ
1215 2767 1626 2822 κατὰ-Λατίνων
1654 2769 1708 2822 δὲ
1737 2787 1867 2838 συγ-

282 2849 662 2918 γραφόμενος,
692 2849 784 2904 τὸν
826 2853 1186 2924 Ἐλληνισμὸν
1218 2855 1275 2910 δὲ
1303 2857 1559 2925 εἰσάγων.
1597 2857 1658 2912 Et
1687 2858 1741 2912 δὲ
1776 2859 1867 2912 καὶ

288 2943 345 2992 ab
379 2941 479 2994 τοῦ
504 2943 721 2998 Παύλου
755 2945 998 3018 ἀντιθείη
1037 2965 1121 3012 τις
1149 2952 1302 3018 ἡμῖν,
1352 2968 1372 3002 ε
1401 2951 1480 3004 Τὰ
1503 2951 1612 3021 γὰρ
1659 2952 1867 3020 ἀόρατα

287 3033 455 3086 αὐτοῦ
485 3036 596 3087 ἀπὸ
621 3035 852 3100 κτίσεως
881 3040 1088 3108 κόσμου
1130 3041 1242 3104 τοῖς
1276 3043 1546 3114 ποιήμασι
1598 3043 1868 3112 νοούμενα

289 3125 619 3193 καθορᾶται,
661 3147 680 3179 ι
717 3131 810 3183 καὶ
859 3131 920 3184 τὸ
954 3132 1048 3184 τοῦ
1091 3131 1275 3199 Δασὶδ,
1338 3151 1357 3184 ι
1387 3135 1448 3186 Οί
1484 3135 1705 3204 οὐρανοὶ
1751 3135 1866 3206 διη-

290 3214 516 3282 γοῦνται
537 3217 698 3282 δόξαν
749 3220 907 3285 Θεοῦ,
950 3240 969 3274 ι
1010 3222 1125 3277 ἀλλ’
1173 3223 1318 3277 οὕτω
1359 3225 1464 3295 χρὴ
1513 3224 1672 3279 τοῦτο
1707 3231 1866 3293 νοεῖν,

291 3307 366 3368 ὡς
393 3309 552 3360 αὐτοὶ
577 3308 740 3363 τοῦτο
773 3313 1250 3382 παραδεδώκασιν,
1284 3319 1363 3379 είς
1398 3319 1459 3370 τὸ
1504 3319 1748 3385 εὐλογεῖν
1780 3319 1870 3371 τὸν

294 3397 504 3465 Κύριον
534 3401 630 3452 καὶ
686 3401 874 3469 ὑμνεῖν
923 3406 987 3456 ὲκ
1024 3405 1136 3457 τῶν
1168 3406 1462 3476 ὁρωμένων
1512 3408 1695 3474 αὑτὸν,
1754 3411 1871 3470 καὶ,

299 3507 317 3539 ι
349 3488 602 3557 Εὒλόγει,
641 3509 662 3542 ι
702 3492 903 3560 λέγειν,
943 3515 958 3545 ι
999 3495 1208 3566 ἡψυχὴ
1267 3515 1388 3564 μου,
1437 3499 1527 3551 τὸν
1575 3499 1802 3572 Κύριονο
1849 3521 1868 3554 ι

295 3581 412 3642 καὶ,
452 3597 473 3630 ε
514 3579 603 3644 Ὠς
627 3584 973 3655 ὲμεγαλύνθη
1001 3587 1067 3638 τὰ
1089 3587 1225 3656 ἔργα
1248 3605 1365 3654 σου,
1391 3589 1586 3660 Κύριε,
1609 3592 1783 3646 πάντα
1815 3595 1873 3646 ὲν

297 3675 463 3744 σοφίᾳ
495 3676 782 3746 ἑτοοιήσας
814 3696 833 3730 ι
877 3681 992 3741 καὶ,
1035 3698 1054 3732 ι
1107 3680 1536 3754 Ἐθαυμαστώθη
1583 3685 1616 3754 ή
1674 3686 1874 3752 γνῶσίς

298 3781 394 3817 σου
431 3765 492 3830 ἐξ
524 3766 682 3835 ἐμοῦ,
711 3770 1087 3840 ὲκραταιὼθη,
1117 3770 1178 3822 ού
1217 3773 1292 3842 μὴ
1334 3771 1582 3842 δύνωμαι
1607 3773 1744 3844 πρὸς
1775 3775 1873 3827 αύ-

294 3857 420 3926 τήνο
455 3875 476 3907 ι
511 3857 630 3922 καὶ,
667 3876 686 3910 ι
732 3860 858 3912 Ἐὰν
911 3861 1097 3914 ἀναῖῶ
1125 3865 1202 3922 el;
1249 3862 1340 3915 τὸν
1371 3865 1621 3934 οὐρανὸν,
1649 3867 1713 3919 σὺ
1765 3869 1878 3919 ἐκεῖ

298 3945 366 4015 εἴ,
395 3950 492 4002 ἰὰν
523 3951 750 4004 καταϐῶ
783 3953 864 4015 είς
892 3954 981 4006 τὸν
1002 3952 1161 4025 ᾅδην,
1197 3956 1382 4024 πάρει,
1417 3976 1435 4008 ι
1472 3960 1566 4011 καὶ
1593 3959 1660 4012 τὰ
1688 3959 1875 4013 λοιπά.

303 4042 372 4094 ’Δ
429 4043 582 4109 λέγει
640 4046 746 4114 τὴν
799 4047 1060 4115 πρόνοιαν
1102 4050 1390 4118 κηρύττων
1467 4050 1632 4104 αὐτοῦ
1694 4051 1876 4106 Δαδεδ.

305 4136 406 4196 ὀς
438 4135 583 4188 κατὰ
608 4138 734 4199 τοὺς
755 4138 923 4199 ἁλιεῖς
959 4140 1293 4202 ἀποστόλους
1323 4142 1419 4194 καὶ
1445 4141 1541 4194 τοῦ
1579 4143 1882 4212 ἀγραμμά-

298 4241 396 4277 του
428 4225 725 4296 κληθέντος
755 4229 896 4280 κατὰ
934 4229 1111 4298 σάρκα
1143 4232 1320 4298 Λόγου
1355 4233 1544 4302 Πατὴρ
1579 4233 1786 4302 φανεὶς,
1826 4233 1883 4287 ὲν

304 4317 547 4388 ἰδιωτείᾳ
595 4320 890 4388 καυχᾶται,
928 4321 1028 4374 οὐκ
1064 4323 1122 4374 ὲν
1155 4323 1335 4394 σοφίᾳ·
1373 4341 1392 4376 ι
1425 4325 1548 4378 Ὀτι
1583 4322 1680 4379 οῦκ
1710 4325 1882 4393 ἔγνων

302 4411 720 4478 γραμματείας,
757 4428 776 4463 ι
808 4411 962 4481 φησί’
1008 4415 1123 4478 καὶ,
1177 4432 1195 4466 ι
1239 4415 1494 4470 ’Δνέλαόἑ
1547 4434 1612 4486 με
1665 4419 1728 4469 ἐκ
1774 4417 1884 4470 τῶν

1965 1953 2126 2012 prout
2181 1940 2340 1998 docet
2391 1941 2681 2014 Epicurus,
2741 1945 2825 1999 vel
2877 1944 2995 2012 ipso
3039 1944 3278 1998 siderum
3311 1942 3538 2009 inﬂuxu,

1965 2032 2106 2097 quod
2146 2043 2231 2088 est
2257 2048 2486 2090 summae
2527 2035 2846 2103 impietatis,
2879 2035 3018 2088 unde
3046 2035 3186 2088 alius
3212 2033 3540 2087 Ptolemieus

1966 2122 2209 2176 Barlaam
2242 2123 2425 2177 divina
2477 2125 2784 2193 suscipiens
2812 2123 3033 2177 oracula
3078 2123 3540 2194 quemadmodum

1967 2212 2058 2267 ille
2119 2228 2308 2269 sacros
2358 2214 2574 2284 quidem
2649 2213 3006 2270 llebraaorum
3069 2215 3286 2270 codices
3332 2213 3543 2281 accepit

1966 2319 2105 2374 quos
2137 2306 2596 2375 interpretatione
2625 2306 2820 2376 dignos
2860 2307 3153 2376 judicavit,
3185 2305 3416 2359 Bibliam
3443 2319 3543 2358 au-

1967 2404 2073 2448 tem
2139 2410 2292 2450 suam
2338 2396 2698 2466 quadruplam
2750 2398 3053 2452 secundum
3111 2397 3304 2451 insitas
3353 2396 3540 2449 animo

1966 2486 2254 2555 Opiniones
2285 2489 2616 2556 composuit,
2661 2488 2734 2542 ita
2772 2489 2860 2543 hic
2898 2490 3117 2558 quidem
3157 2487 3413 2542 Ecclesiae
3450 2488 3538 2540 in-

1967 2579 2151 2633 stituta
2186 2593 2246 2633 se
2278 2578 2416 2633 dixit
2441 2578 2691 2649 accipere
2741 2579 2959 2649 imoque
3004 2581 3269 2636 adversus
3317 2577 3541 2633 Latinos

1968 2667 2206 2736 scripsit,
2261 2667 2456 2738 impias
2509 2683 2638 2724 vero
2671 2668 2986 2725 Grazcorum
3029 2670 3330 2726 sententias
3365 2670 3546 2724 immi-

1967 2756 2133 2812 scuit.
2161 2757 2230 2810 At
2265 2758 2310 2811 si
2352 2757 2477 2828 quis
2504 2757 2634 2811 illud
2671 2757 2824 2811 Pauli
2870 2758 3026 2813 nobis
3078 2767 3318 2827 opponat
3351 2775 3366 2811 :
3405 2776 3428 2811 ι
3464 2757 3547 2810 lii-

1968 2846 2197 2902 visibilia
2235 2847 2378 2902 enim
2439 2848 2612 2918 ipsius
2637 2863 2666 2902 a
2698 2857 2952 2903 creatura
2988 2849 3173 2902 mundi
3208 2863 3305 2918 per
3333 2863 3397 2904 ea
3425 2864 3546 2919 quae

1969 2935 2111 2992 facta
2140 2945 2270 2992 sunt
2318 2939 2586 2995 intellecta
2617 2943 3070 3012 conspiciuntur;
3111 2963 3128 2994 ι
3169 2942 3252 2998 vel
3283 2941 3412 2997 illud
3445 2941 3548 2997 Da-

1968 3029 2056 3083 vid
2123 3047 2136 3082 :
2178 3048 2198 3081 ι
2234 3028 2373 3086 ϐωιί
2407 3044 2667 3087 enarrant
2701 3034 2928 3104 gloriam
2975 3036 3088 3100 Dei,
3133 3053 3152 3087 ι
3193 3035 3310 3090 haec
3362 3045 3544 3088 autem

1970 3119 2262 3189 intelligas,
2301 3132 2467 3190 prout
2514 3123 2619 3192 ipsi
2671 3126 3034 3190 tradiderunt,
3087 3125 3342 3195 quoniam
3382 3139 3552 3192 Opor-

1974 3217 2085 3264 teat
2118 3208 2408 3266 Dominum
2440 3212 2765 3268 benedicere
2814 3223 2978 3284 atque
3021 3232 3088 3270 ex
3123 3213 3431 3270 visibilibus
3463 3227 3551 3267 ce-

1973 3301 2186 3358 lebrare
2237 3303 2470 3360 dicendo
2514 3321 2529 3358 :
2572 3323 2591 3356 ι
2643 3304 2899 3372 Benedic,
2941 3308 3122 3362 anima
3176 3320 3318 3374 mea,
3363 3304 3552 3358 Domi-

1975 3408 2146 3459 num;
2185 3413 2204 3445 ι
2235 3402 2288 3448 et
2324 3411 2340 3448 :
2381 3413 2399 3446 ι
2441 3395 2615 3460 Quam
2658 3396 3006 3468 inagnilicata
3065 3404 3198 3450 sunt
3241 3411 3408 3466 opera
3437 3403 3550 3456 tua,

1977 3483 2242 3552 Domine;
2271 3489 2453 3540 omnia
2485 3488 2539 3541 in
2566 3489 2833 3557 sapientia
2869 3489 3086 3556 fecisti;
3133 3510 3150 3542 ι
3185 3497 3240 3544 et
3278 3508 3291 3542 ε
3329 3507 3350 3540 ι
3388 3486 3555 3542 Mira-

1976 3575 2100 3628 bilis
2138 3575 2278 3630 facta
2319 3585 2402 3631 est
2433 3577 2660 3632 scientia
2715 3588 2806 3632 tua
2845 3594 2908 3632 ex
2945 3595 3050 3642 me,
3101 3578 3406 3634 confortata
3447 3584 3558 3644 est,

1976 3678 2032 3720 et
2068 3681 2173 3719 non
2209 3677 2399 3736 potero
2455 3666 2527 3721 ad
2586 3683 2706 3722 eam
2737 3686 2752 3736 ;
2795 3688 2813 3722 ι
2851 3678 2905 3722 et
2939 3685 2952 3722 :
2985 3687 3003 3720 ι
3050 3668 3104 3722 Si
3160 3669 3460 3724 ascendero
3494 3667 3550 3721 in

1977 3759 2198 3822 malum,
2261 3766 2318 3810 tu
2384 3757 2493 3810 illic
2527 3771 2610 3824 es,
2665 3758 2709 3812 si
2764 3757 3099 3812 descendero
3151 3759 3203 3811 in
3270 3757 3558 3812 infernum

1980 3849 2150 3915 ades;
2181 3868 2200 3900 ι
2231 3858 2283 3903 et
2316 3860 2510 3903 caetera
2550 3863 2671 3918 quae
2731 3849 2864 3904 dicit
2923 3847 3094 3904 David
3147 3849 3553 3918 praescientiam

1980 3939 2099 4006 ejus
2135 3939 2462 4008 praedicans,
2520 3941 2614 4008 qui
2668 3939 2976 3994 secundum
3007 3937 3309 4007 piscatores
3338 3948 3554 4004 aposto-

1982 4029 2088 4094 los,
2118 4045 2241 4083 cum
2273 4039 2420 4084 esset
2441 4038 2594 4099 pater
2623 4010 2928 4084 secundum
2958 4042 3182 4082 carnem
3212 4025 3378 4081 Verbi
3410 4027 3581 4097 quod.

1984 4120 2160 4189 ipsum
2191 4120 2532 4175 illitteratum
2567 4119 2669 4176 fuit
2700 4128 2980 4188 vocatum,
3005 4121 3072 4174 de
3107 4119 3418 4181 inscientia,
3459 4134 3556 4173 ne-

1984 4227 2258 4282 quaquam
2305 4212 2372 4266 de
2429 4212 2693 4282 sapientia
2745 4214 3010 4282 gloriatur
3061 4213 3251 4268 dicens
3291 4229 3305 4266 :
3352 4230 3371 4264 ι
3409 4213 3559 4278 Quo-

1987 4307 2133 4360 niam
2167 4320 2272 4361 non
2329 4305 2557 4373 cognovi
2612 4305 3026 4372 litteraturam;
3065 4323 3084 4358 ι
3121 4314 3176 4360 et
3209 4324 3222 4359 ;
3265 4324 3284 4356 ι
3328 4303 3562 4360 Sustulit

1989 4413 2076 4452 me
2107 4397 2174 4453 de
2213 4397 2470 4468 gregibus
2520 4399 2703 4453 ovium
2755 4399 2926 4468 patris
2970 4399 3117 4467 mei;
3151 4419 3170 4452 ι
3213 4408 3268 4454 et
3317 4399 3560 4454 Paulus:

308 4504 584 4571 ποιμνίων
634 4504 745 4556 τῶν
775 4506 1066 4573 προϐάτων
1104 4503 1198 4560 τοῦ
1239 4509 1452 4576 Πατρός
1501 4525 1624 4578 μου.
1662 4529 1680 4560 ι
1721 4511 1828 4562 Kal.
1860 4514 1872 4562 ί

2000 4508 2018 4542 ι
2062 4488 2182 4544 Non
2213 4489 2334 4544 veni
2362 4494 2662 4546 secundum
2721 4491 3110 4545 sublimitatem
3165 4493 3436 4548 sermonis
3472 4501 3568 4544 aut

307 4595 548 4662 Παῦλος,
587 4615 606 4648 ‹
635 4596 751 4649 Οὐκ
778 4591 944 4668 ἦλθον
970 4597 1095 4651 καθ’
1125 4599 1400 4670 ὑπεροχὴν
1428 4601 1588 4668 λόγου
1613 4601 1644 4673 ἢ
1672 4601 1883 4672 σοφίας.

307 4689 420 4741 Καὶ
446 4689 547 4740 οὐκ
579 4689 771 4758 ἔκρινα
803 4689 898 4742 τοῦ
932 4690 1133 4743 εἰδέναι
1158 4708 1210 4743 τι
1251 4693 1309 4743 ὲν
1363 4692 1514 4762 ἡμῖν,
1575 4694 1623 4746 εί
1662 4693 1736 4764 μὴ
1784 4693 1888 4766 ’1η-

309 4778 439 4830 σοῦν
493 4780 754 4846 Χριστὸν,
817 4779 913 4832 καὶ
965 4779 1154 4834 τοῦτον
1213 4783 1647 4853 ἐσταυρωμένον
1689 4805 1706 4837 ι
1776 4787 1888 4850 καὶ,

315 4887 335 4920 ε
377 4871 501 4923 Ἔτι
567 4873 774 4941 (φησὶν)
825 4871 931 4925 ὑπὸ
968 4874 1037 4925 τὰ
1082 4878 1323 4944 στοιχεῖα
1368 4875 1462 4927 τοῦ
1512 4877 1719 4945 κόσμου
1771 4877 1892 4930 ἐστὲ

311 4961 810 5032 δεδουλωμένοι;)
873 4966 990 5028 καὶ,
1059 4983 1076 5016 ι
1108 4965 1186 5034 Τῇ
1255 4967 1580 5037 ματαιότητι
1633 4967 1667 5036 ἡ
1717 4967 1893 5029 κτίσις

314 5055 590 5124 ὑπετάγη·
631 5072 648 5104 ι
689 5054 805 5116 καὶ,
855 5072 872 5106 ι
915 5056 1161 5123 Παράγει
1214 5055 1274 5107 τὸ
1311 5056 1496 5125 σχῆμα
1538 5057 1632 5109 τοῦ
1687 5057 1893 5127 κόσμου

311 5146 532 5198 τούτουο
567 5163 585 5196 ι
619 5146 736 5210 καὶ,
775 5165 793 5196 ι
851 5147 1300 5217 Ἐμωράνθησαν,
1335 5149 1426 5201 καὶ
1467 5149 1797 5218 ἐλάτρευσαν
1827 5152 1895 5220 τῇ

316 5238 496 5290 κτίσει
533 5238 684 5307 παρὰ
715 5238 810 5290 τὸν
867 5237 1154 5296 κτίσαντα.
1194 5259 1212 5291 ι
1263 5242 1453 5310 Ὀρᾷς,
1504 5241 1578 5303 ὡς
1609 5240 1705 5311 οὐχ
1760 5236 1896 5312 ὑπὲρ

319 5331 532 5382 τούτων
591 5330 822 5400 μελετᾷν
855 5331 1004 5398 ἡμᾶς
1053 5337 1198 5401 χρή;
1237 5351 1256 5382 ι
1285 5333 1367 5384 Τὰ
1424 5333 1536 5386 ἄνω
1569 5336 1838 5403 φρονεῖτε,
1875 5353 1894 5385 ι

319 5425 477 5492 φησὶ,
519 5441 539 5474 ε
575 5422 645 5475 τὰ
672 5423 784 5477 ἄνω
808 5422 1046 5492 ζητεῖτε,
1079 5423 1216 5477 ὅπου
1247 5424 1558 5495 πρόδρομος
1585 5425 1724 5494 ὑπὲρ
1745 5427 1901 5495 ἡμῶν

320 5513 545 5582 εἰσῆλθε
565 5513 821 5585 Χριστός·
844 5533 862 5566 ι
884 5515 996 5580 καὶ,
1018 5532 1034 5565 ι
1062 5513 1124 5566 ’Β
1135 5515 1250 5584 μῶν
1271 5516 1327 5566 τὸ
1350 5516 1650 5584 πολίτευμα
1669 5517 1726 5568 ἐν
1744 5517 1903 5586 ούρα-

323 5607 434 5668 νοῖ;
457 5605 717 5674 ὑπάρχει.
739 5623 757 5656 ι
783 5605 878 5669 Τίς
901 5607 1011 5676 ἄρα
1028 5608 1188 5676 χρεία
1205 5599 1455 5676 περὶτῶν
1475 5609 1908 5680 ἀλλοιωθησομὲ·

326 5714 432 5749 νων
463 5697 615 5766 ἡμᾶς
653 5695 754 5766 51
767 5700 1038 5770 μεριμνᾷν
1090 5717 1147 5752 τε
1174 5700 1268 5753 καὶ
1288 5700 1540 5771 μελετᾷν,
1562 5701 1657 5755 καὶ
1680 5702 1756 5772 μὴ
1778 5703 1904 5772 περὶ

331 5788 443 5842 τῶν
486 5787 731 5843 αἰωνίων
757 5807 771 5856 ;
803 5789 911 5844 Kal.
929 5789 1098 5844 ταῦτα
1121 5790 1221 5861 μὲν
1239 5793 1304 5844 τὰ
1325 5793 1421 5860 τῆς
1464 5791 1622 5862 δόξης
1644 5791 1736 5844 τοῦ
1768 5793 1905 5860 Βαρ-

1989 4583 2319 4654 sapientiae;
2353 4601 2372 4635 ι
2406 4591 2462 4637 et
2492 4602 2506 4638 :
2543 4602 2561 4635 ι
2599 4584 2716 4638 Non
2771 4584 3012 4654 judicavi
3042 4598 3127 4638 me
3178 4583 3322 4639 scire
3359 4583 3579 4653 aliquid.

1991 4677 2135 4732 inter
2164 4691 2262 4730 vos
2286 4675 2392 4730 nisi
2449 4673 2634 4730 Jesum
2695 4677 2997 4739 Christum,
3059 4685 3114 4729 et
3174 4677 3321 4731 hunc
3352 4675 3566 4730 crucib-

1992 4785 2118 4824 xum
2145 4785 2162 4837 ;
2203 4789 2222 4820 ι
2261 4778 2318 4823 ει
2356 4784 2369 4820 :
2404 4785 2422 4818 ι
2451 4767 2666 4831 Adhuc,
2692 4769 2891 4836 inquit,
2923 4768 3027 4823 sub
3058 4768 3347 4823 elementis
3377 4768 3568 4823 mundi

1993 4863 2126 4916 estis
2167 4861 2512 4917 servientes?
2556 4878 2574 4910 ι
2615 4867 2670 4912 et
2719 4877 2732 4913 :
2789 4877 2807 4910 ε
2847 4857 3083 4914 Vanitati
3127 4867 3379 4914 creatura
3432 4858 3566 4914 sub—

1993 4953 2136 5020 jecta
2171 4963 2295 5020 est;
2331 4969 2350 5004 ι
2381 4961 2474 5006 et:
2518 4969 2536 5003 ι
2579 4949 2828 5005 Praeterit
2875 4952 3048 5022 ﬁgura
3079 4951 3245 5020 hujus
3277 4952 3508 5017 mundi;
3547 4972 3563 5000 ι

1996 5052 2052 5098 et
2089 5063 2101 5097 :
2134 5060 2153 5093 ι
2187 5041 2348 5097 Stulti
2379 5041 2510 5097 facti
2544 5051 2696 5110 sunt,
2728 5049 2780 5097 et
2814 5043 3106 5097 coluerunt
3133 5052 3442 5096 creaturam
3474 5057 3571 5112 p0-

2001 5135 2110 5190 tius
2161 5149 2327 5204 quam
2383 5133 2721 5190 Creatorem.
2765 5152 2784 5185 »
2819 5131 3009 5188 Viden’
3060 5133 3320 5203 quoniam
3357 5141 3572 5198 oportet

1999 5242 2102 5284 nos
2131 5226 2197 5280 de
2258 5225 2344 5280 his
2403 5227 2628 5282 minime
2676 5240 2798 5282 esse
2843 5224 3154 5282 sollicitos?
3193 5224 3324 5289 Qua:
3350 5237 3568 5277 sursum

2004 5328 2152 5386 sunt,
2188 5318 2385 5388 inquit,
2427 5319 2622 5386 sapite,
2680 5332 2800 5388 qua:
2855 5331 3075 5372 sursum
3132 5322 3263 5368 sunt
3321 5314 3578 5384 qiizerite,
3635 5350 3638 5354 ί

2005 5417 2095 5470 ubi
2134 5427 2445 5484 praecursor
2489 5427 2587 5482 pro
2621 5411 2781 5466 nobis
2817 5409 3061 5463 introivit
3090 5407 3383 5474 Christus;
3419 5424 3437 5457 ι
3474 5415 3530 5462 et
3558 5424 3584 5463 ε

2011 5527 2030 5560 ι
2066 5507 2264 5564 Nostra
2329 5504 2671 5561 conversatio
2739 5501 2797 5555 in
2845 5499 2998 5554 ccelis
3027 5507 3131 5555 est.
3175 5519 3194 5553 ι
3231 5499 3372 5565 Quid
3413 5499 3582 5569 igitur

2007 5608 2221 5671 oportet
2260 5613 2360 5654 nos
2416 5597 2486 5654 de
2543 5595 2632 5650 his
2670 5607 2792 5662 qua
2853 5591 3115 5645 mutanda
3166 5601 3295 5646 sunt
3349 5591 3502 5645 curis
3530 5600 3587 5645 ct

2009 5693 2280 5747 anxietate
2309 5688 2580 5752 consumi,
2613 5685 2852 5739 minime
2897 5699 3028 5738 vero
3057 5685 3124 5738 de
3161 5682 3426 5739 uternis?
3461 5682 3584 5736 lla-c

2011 5793 2093 5840 est
2159 5782 2401 5837 Barlaani
2451 5781 2702 5835 doctrina
2771 5793 2914 5833 verae
2975 5776 3249 5831 contraria
3308 5774 3586 5844 sapientia;
