4076 6268
497 349 592 418 151
1329 361 1707 422 SYMEONIS
1758 360 2526 422 THESSALONlCENSlS~
2548 363 2893 424 ABCHIEP.
3614 349 3714 417 152

490 480 654 532 quam
687 465 986 535 piscatores
1018 469 1217 522 mundo
1263 471 1708 540 praedicaverunt,
1741 486 1845 523 non
1879 470 1930 522 in
1966 484 2052 522 sa-

2178 469 2303 538 .αᾶμ
2362 470 2502 524 κατὰ
2565 469 2666 540 τῆς
2715 471 2975 542 ἀληθινῆς
3032 469 3244 540 σοφίας,
3299 467 3366 539 ἢν
3421 467 3589 529 ἁλιεῖς
3636 465 3715 533 τῷ

491 559 693 626 pientia
725 574 1058 627 sermonum,
1081 575 1149 614 ne
1173 569 1523 616 evacuarctur
1545 577 1672 616 crux
1700 562 1924 622 Christi,
1952 560 2048 616 sed

491 650 545 702 in
577 649 760 704 divino
784 651 986 718 Spiritu
1014 669 1028 719 ;
1077 655 1168 722 qui
1227 655 1386 707 etiam
1423 664 1573 708 tanto
1616 653 1802 706 mundi
1835 654 2048 720 sapien-

492 741 640 795 tibus
673 744 1068 810 pmstiterunt,
1101 746 1288 814 quanti
1347 744 1536 799 Patres
1587 746 1638 798 in
1675 744 1846 814 gratia
1880 743 2047 796 divini

493 830 729 897 Spiritus
779 832 1026 888 Barlaam
1088 838 1480 891 excelluerunt.
1512 836 1751 906 Nequam
1786 837 1888 891 iste
1918 836 2049 888 Bar-

491 921 634 974 laam
666 923 818 990 plura
842 927 1002 980 etiam
1046 938 1234 980 contra
1294 943 1503 983 sacram
1559 928 1854 981 orationem
1909 915 2050 980 Idas;

492 1015 762 1080 pltemans
797 1019 1144 1088 conscripsit,
1178 1035 1391 1074 necnon
1435 1022 1660 1090 gratiam
1703 1019 1793 1073 Dei
1826 1029 1878 1073 et
1907 1018 2054 1088 ejus-

493 1103 614 1156 dem
645 1106 1120 1176 illuminationem,
1171 1111 1267 1164 bas
1315 1127 1496 1178 voces,
1555 1132 1571 1163 ι
1612 1110 1741 1165 Sine
1777 1109 2051 1164 intermis-

495 1195 651 1249 sione
676 1209 849 1262 orale,
897 1219 915 1251 ι
961 1215 1059 1255 nec
1090 1201 1390 1271 intelligens
1430 1218 1524 1256 nec
1553 1204 1598 1258 is
1634 1204 1724 1272 qui
1761 1201 1928 1270 possit
1958 1214 2053 1255 eas

497 1283 818 1356 intelligere.
853 1289 985 1343 Nam
1052 1295 1324 1360 quomodo
1383 1294 1703 1362 intelligeret
1763 1293 1852 1346 ille
1901 1290 2054 1359 cujus

501 1390 657 1431 mens
684 1381 910 1433 vanitati
937 1383 1202 1450 suhjacet,
1235 1385 1325 1450 qui
1385 1385 1578 1438 animae
1624 1383 2052 1452 cogitationibus

501 1468 694 1536 angelo
735 1471 1002 1538 superbiae
1028 1472 1303 1527 adhaeret?
1341 1471 1524 1542 Neque
1554 1474 1748 1528 melius
1775 1474 2052 1542 sequentia

500 1558 708 1625 accepit
743 1575 756 1612 :
797 1577 816 1610 ‹
856 1560 1088 1614 Psallam
1137 1563 1367 1632 ’spiritu,
1431 1563 1654 1632 psallam
1687 1573 1741 1618 et
1782 1571 1997 1627 mente;
2032 1580 2049 1610 ι

499 1647 580 1698 vel
613 1665 627 1701 :
667 1666 686 1699 ι
719 1648 1013 1708 Cantantes
1042 1661 1096 1706 et
1128 1655 1419 1720 psallentes
1455 1655 1506 1706 in
1528 1655 1692 1709 corde
1725 1661 1906 1708 vestro
1947 1653 2057 1707 Do-

501 1739 684 1807 mino;
741 1761 758 1792 »
819 1736 903 1797 vel
955 1763 1028 1799 τι
1080 1745 1225 1800 Misit
1286 1749 1425 1800 Deus
1483 1747 1744 1816 Spiritum
1808 1744 1927 1798 Filii
1973 1744 2054 1798 sui

2156 561 2346 628 κόσμῳ
2379 559 2668 630 ἐκήρυξαν,
2699 561 2758 614 οὐ
2811 563 2975 631 σοφίᾳ
3014 560 3208 628 λόγων,
3248 559 3335 612 ἴνα
3377 558 3452 628 μὴ
3502 559 3713 626 κενωθῇ

2156 651 2183 702 6
2219 650 2446 718 σταυρὸς
2489 652 2582 704 τοῦ
2632 653 2890 724 Χριστοῦ,
2923 652 3059 706 ἀλλὰ
3110 650 3388 720 Πνεύμίατι
3425 648 3590 716 θείῳο
3624 649 3718 700 καὶ

2156 741 2265 793 τῶν
2316 741 2412 795 τοῦ
2469 743 2676 807 κόσμου
2731 744 2912 812 σοφῶν
2960 742 3374 812 ὑπερήρθησαν,
3409 741 3484 803 ὡς
3531 741 3629 793 καὶ
3669 740 3718 791 οἱ

2158 831 2397 900 Πατέρες
2432 832 2489 886 ἐν
2529 833 2711 902 χάριτι
2765 832 3080 903 Πνεύματος
3119 833 3266 885 θείου
3310 829 3406 883 τοῦ
3456 827 3720 897 Βαρλαάμ

2159 922 2564 993 ὑπερήρθησαν.
2596 919 2765 987 Οὗτος
2793 927 2818 978 6
2849 925 3110 994 δύστηνος
3138 922 3405 992 Βαρλαὰμ
3434 919 3532 973 καὶ
3573 918 3727 971 πλεῖ-

2161 1031 2258 1066 στα
2308 1015 2447 1068 κατὰ
2491 1016 2589 1081 τῆς
2650 1016 2800 1085 ἱερᾶς
2851 1015 3168 1085 προσευχῆς
3212 1010 3605 1081 ἐϐλασφήμησέ
3662 1025 3722 1060 τε

2159 1104 2252 1157 καὶ
2284 1106 2684 1176 συνεγράψατο,
2714 1109 2811 1160 καὶ
2850 1108 2950 1177 τῆς
2977 1105 3073 1159 τοῦ
3121 1105 3258 1158 Θεοῦ
3290 1102 3511 1174 χάριτός
3541 1117 3601 1154 τε
3629 1099 3724 1152 καὶ

2159 1195 2496 1265 ἐλλάμψεως,
2532 1198 2612 1264 τὸ,
2655 1217 2673 1250 ι
2725 1197 3112 1257 Ἀδιαλείπτως
3153 1193 3549 1264 προσεύχεσθε,
3583 1210 3602 1243 ι
3645 1191 3724 1258 μὴ

2135 1288 2361 1353 συνεὶς,
2399 1289 2533 1358 μηδέ
2567 1289 2864 1358 δυνάμενος
2895 1291 3100 1358 γνῶναι
3125 1305 3140 1321 ·
3169 1287 3288 1349 πῶς
3324 1288 3433 1355 γὰρ
3476 1286 3503 1337 6
3535 1283 3609 1353 τῷ
3642 1280 3726 1334 νοῒ

2164 1378 2515 1446 ματαιάζων,
2567 1380 2660 1434 καὶ
2707 1381 2784 1448 τῷ
2837 1379 3173 1450 ὑπερηφάνῳ
3219 1379 3340 1439 ταῖς
3402 1375 3727 1445 φαντασίαις

2160 1470 2258 1539 τῆς
2282 1468 2518 1534 διανοίας
2553 1471 2872 1541 ἑνούμενος;
2918 1470 3052 1541 μηδὲ
3083 1469 3164 1531 τὸ,
3196 1487 3216 1519 ι
3247 1465 3621 1537 Προσεύξομαι
3650 1463 3730 1534 τῷ

2161 1565 2454 1633 πνεύματι,
2495 1563 2871 1634 προσεύξομαι
2913 1563 2970 1615 δὲ
3011 1563 3104 1614 καὶ
3135 1559 3213 1629 τῷ
3260 1560 3379 1612 νοΐ·
3417 1575 3437 1608 ι
3480 1557 3614 1624 μηδέ
3642 1557 3728 1616 τὸ,

2169 1674 2187 1705 ι
2224 1655 2471 1725 ’ᾼδοντες
2512 1657 2605 1708 καὶ
2657 1653 2951 1722 ψάλλοντες
3001 1653 3058 1705 ἐν
3093 1654 3160 1720 τῇ
3207 1650 3408 1718 καρδίᾳ
3456 1646 3611 1715 ὑμῶν
3649 1645 3728 1714 τῷ

2164 1745 2372 1812 Κυρίῳ,
2406 1762 2423 1795 ι
2462 1742 2555 1795 καὶ
2580 1743 2661 1796 ὅτι
2695 1760 2712 1793 t
2747 1740 3161 1806 Ἐξαπέστειλεν
3195 1740 3223 1791 6
3249 1739 3380 1800 Θεὸς
3409 1737 3469 1790 τὸ
3505 1736 3729 1802 Πνεῦμα

501 1834 719 1902 (nempe
753 1835 1002 1905 gratiam)
1060 1835 1114 1887 in
1157 1836 1408 1890 cordibus
1451 1838 1674 1900 nostris,
1726 1838 1777 1889 in
1810 1850 1916 1904 quo
1952 1835 2062 1888 cla—

2178 1834 2256 1888 τοῦ
2278 1832 2407 1888 Υἱοῦ
2443 1833 2632 1897 αὑτοῦ,
2659 1852 2676 1884 ι
2697 1835 2794 1903 τὴν
2816 1834 2976 1904 χάριν
2999 1831 3240 1902 δηλονότι
3262 1831 3318 1882 ἐν
3341 1831 3456 1891 ταῖς
3481 1826 3730 1895 καρδίαις

504 1937 719 1979 mamus
750 1943 764 1979 :
809 1926 985 1991 Abba,
1020 1925 1212 1994 Pater;
1247 1946 1264 1978 ι
1300 1929 1382 1981 vel
1425 1929 1588 1982 etiam
1632 1944 1647 1981 :
1685 1947 1703 1978 ι
1741 1926 1798 1980 1η
1822 1926 2056 1982 ecclesia

506 2016 650 2068 malo
680 2016 923 2085 quinque
955 2019 1114 2071 verba
1149 2034 1312 2074 sensu
1343 2033 1462 2073 meo
1495 2019 1641 2086 loqui
1683 2033 1842 2088 quam
1868 2017 2055 2071 decem

506 2106 674 2160 millia
734 2108 1020 2161 verborum
1095 2109 1149 2162 in
1225 2111 1426 2179 lingua.
1476 2128 1495 2159 ι
1540 2109 1826 2177 Propterea
1879 2117 2060 2160 mente

505 2205 828 2265 conceptam
873 2201 1174 2253 orationem
1214 2200 1511 2268 prohibuit,
1556 2208 1609 2253 et
1651 2198 1947 2268 praesertim
1979 2197 2060 2250 in-

509 2289 846 2344 vocationem
878 2290 1116 2356 Domini,
1180 2308 1338 2360 quem
1397 2292 1684 2346 conl'essus
1735 2298 1818 2344 est
1869 2287 2061 2341 Petrus

511 2385 686 2447 palam
718 2385 906 2440 dicens
936 2405 948 2439 :
982 2404 1001 2436 ι
1045 2387 1121 2439 Tu
1155 2402 1213 2440 es
1243 2385 1513 2451 Christus,
1538 2387 1710 2440 Filius
1738 2384 1828 2438 Dei
1863 2384 1996 2437 vivi.
2037 2402 2055 2434 ι

510 2474 693 2545 Itaque
767 2487 850 2532 est
914 2475 1128 2532 Domini
1185 2478 1444 2533 traditio:
1483 2495 1501 2528 ι
1547 2477 1601 2530 Si
1632 2459 2066 2546 quidkpetieritis

510 2563 721 2619 Patrem
761 2565 814 2619 in
848 2565 1066 2621 nomine
1110 2581 1258 2630 meo,
1301 2567 1498 2635 inquit,
1557 2566 1852 2635 accipietis.
1896 2584 1914 2616 ι
1951 2562 2014 2619 Et
2047 2580 2059 2614 :

515 2677 530 2706 ι
565 2659 625 2712 1η
657 2659 872 2713 nomine
918 2673 1037 2711 meo
1092 2660 1361 2717 daemonia
1413 2661 1654 2729 ejicient,
1697 2681 1713 2712 ι
1744 2670 1796 2714 et
1845 2669 2062 2726 caetera,

2157 1927 2332 1997 ἡμῶν,
2367 1927 2593 1994 κράζον,
2638 1947 2657 1978 ι
2711 1926 2880 1978 Ἀϐϐά
2905 1928 2933 1979 6
2968 1925 3156 1993 Πατήρ
3187 1939 3200 1953 ³
3247 1941 3265 1973 ι
3310 1922 3424 1985 καὶ,
3463 1938 3480 1970 ι
3530 1919 3731 1986 Κρεῖσ-

2161 2033 2248 2070 σον
2289 2017 2445 2069 πέντε
2478 2017 2671 2084 λόγους
2700 2017 2777 2084 τῷ
2822 2017 2903 2068 νοῒ
2946 2033 3046 2084 μου
3095 2016 3152 2066 ἐν
3192 2010 3464 2080 ἐκκλησίᾳ
3496 2008 3732 2076 λαλῆσαι

2159 2108 2191 2176 ἦ
2228 2108 2457 2178 μυρίους
2497 2109 2691 2173 λόγους
2728 2108 2786 2159 ἐν
2821 2108 3066 2177 γλώσσῃ.
3107 2125 3125 2156 ›
3169 2105 3259 2156 Διὸ
3283 2103 3378 2156 καὶ
3410 2101 3506 2170 τὴν
3541 2097 3734 2168 νοεράν

2161 2197 2469 2267 προσευχὴν
2515 2199 2848 2267 ἀπηγόρευε,
2891 2197 2983 2250 καὶ
3033 2195 3267 2264 μάλιστα
3307 2191 3408 2260 τὴν
3442 2189 3733 2257 ἐπίκλησιν

2160 2289 2252 2341 τοῦ
2295 2289 2523 2360 Κυρίου.
2563 2291 2627 2342 Ὃ
2671 2290 2734 2358 δὴ
2779 2289 2874 2341 καὶ
2911 2287 3171 2356 ὁμολογία
3216 2285 3313 2338 τοῦ
3373 2284 3604 2350 Πέτρου,
3651 2279 3731 2342 τὸ,

2168 2398 2186 2431 ι
2221 2380 2290 2434 Σὺ
2325 2378 2377 2434 εἳ
2411 2383 2439 2434 6
2492 2380 2720 2448 Χριστὸς
2753 2382 2780 2432 6
2819 2379 2946 2440 Υἱὸς
3003 2377 3095 2431 τοῦ
3123 2375 3260 2430 Θεοῦ
3313 2375 3404 2428 τοῦ
3445 2373 3668 2438 ζῶντος,
3706 2388 3727 2422 ι

2163 2468 2520 2539 κηρύξαντος.
2588 2467 2701 2520 Καὶ
2757 2467 2854 2519 τοῦ
2899 2465 3137 2534 ,Κυρίου
3195 2460 3493 2532 παράδοσις
3545 2459 3731 2520 ἐστιν,

2173 2578 2191 2610 ι
2241 2560 2304 2613 '0
2339 2577 2392 2612 τι
2433 2559 2500 2612 ἂν
2549 2560 2809 2629 αἰτήσητε
2863 2559 2952 2610 τὸν
2997 2557 3214 2626 Πατέρα
3269 2557 3327 2606 ἐν
3380 2551 3459 2620 τῷ
3507 2547 3731 2618 ὀνόματί
3787 2554 3804 2566 “

2171 2667 2291 2729 μου,
2315 2669 2334 2703 ›
2356 2651 2622 2715 λέγοντος,
2650 2649 2928 2718 «λήψεσθε.
2951 2648 3082 2712 Καὶ,
3124 2665 3142 2698 ι
3167 2647 3254 2698 Ἐν
3281 2644 3356 2713 τῷ
3377 2642 3603 2712 ὀνόματί
3630 2658 3731 2710 μου

509 2751 767 2816 quoniam
826 2764 1022 2804 nomen
1090 2751 1209 2818 ejus
1265 2751 1371 2805 vita
1426 2761 1644 2805 aeterna.
1703 2768 1720 2800 ι
1765 2748 1888 2804 Haec
1920 2753 2063 2802 en‘m

2178 2743 2418 2811 Βαιμόνια
2447 2742 2744 2796 ἐκϐαλοῦσι
2777 2757 2791 2772 ⁸
2833 2761 2852 2794 ι
2891 2742 2984 2792 καὶ
3015 2742 3083 2794 τὰ
3124 2738 3308 2792 λοιπά.
3349 2736 3503 2790 Ἐπεὶ
3537 2735 3632 2787 καὶ
3674 2733 3734 2784 τὸ

513 2840 714 2907 scripta
747 2847 898 2904 sunt,
958 2840 1032 2892 ait
1087 2838 1346 2902 Joannes,
1398 2850 1456 2894 ut
1509 2840 1748 2894 credatis
1807 2839 2065 2907 quoniam

2178 2835 2338 2904 5νομα
2391 2835 2554 2888 αὐτοῦ
2607 2835 2721 2904 ζωὴ
2775 2833 2991 2894 αἰώνιός
3052 2834 3190 2885 ἐστι.
3237 2848 3257 2881 ι
3301 2827 3490 2882 Ταῦτα
3538 2845 3558 2878 ι
3602 2825 3730 2891 γὰρ,

511 2925 671 2979 Jesus
708 2934 789 2980 est
822 2925 1069 2979 Christus
1118 2925 1286 2980 Filius
1343 2927 1454 2991 Dei,
1502 2936 1556 2980 et
1590 2934 1646 2979 ut
1683 2926 1964 2980 credentes
1993 2925 2068 2977 vi-

2178 2929 2356 2994 Ῥησῖνη
2412 2945 2430 2976 ι
2497 2927 2826 2993 γέγραπται,
2880 2925 2967 2978 ἵνα
3023 2921 3354 2989 πιστεύσητε
3409 2921 3490 2972 ὅτι
3530 2915 3735 2984 Ἰησοῦς

517 3025 625 3067 tam
661 3025 918 3068 aeternam
980 3014 1223 3069 habeatis
1266 3015 1319 3069 in
1357 3015 1575 3070 nomine
1605 3016 1744 3085 ejus.
1788 3035 1806 3068 ι
1845 3017 2070 3084 insuper

2178 3023 2320 3072 ἐστιν
2347 3021 2374 3073 ὁ
2406 3021 2638 3088 Χριστὸς
2668 3023 2695 3073 6
2731 3022 2858 3082 Υίδς
2885 3019 2979 3072 τοῦ
3012 3018 3170 3082 Θεοῦ,
3209 3017 3305 3089 καὶ
3333 3016 3422 3068 ἵνα
3453 3008 3738 3063 πιστεύον-

518 3102 781 3171 Spiritum
839 3112 1088 3156 sanctum
1151 3103 1389 3158 infundit
1455 3104 1726 3158 invocatio
1795 3103 1995 3158 Christi
2052 3120 2066 3157 :

529 3192 747 3248 «Nemo
794 3203 972 3263 potest
1042 3195 1226 3249 dicere
1299 3193 1575 3248 Christum
1627 3192 1833 3261 Jesnm,
1897 3181 2071 3263 inquit

2183 3156 2351 3271 ματῦς
2377 3156 2533 3271 άγίοῦ
2559 3163 2866 3272 παρεκτικὴ
2896 3205 2928 3274 ἠ
2960 3156 3246 3270 ιἐπίκλησις
3278 3197 3536 3268 Χριστοῦ.
3585 3214 3605 3246 ι
3637 3193 3740 3247 06-

514 3290 738 3352 Paulus,
805 3291 912 3344 nisi
968 3291 1020 3343 in
1089 3289 1296 3359 Spiritu
1354 3300 1578 3356 sancto;
1637 3308 1656 3340 ι
1711 3296 2071 3358 sexcentaque

2180 3293 2288 3352 δεὶς
2325 3293 2543 3347 δύναται
2571 3294 2747 3346 εἰπεῖν
2779 3295 2979 3364 Κύριον
3017 3292 3244 3361 Ἰησοῦν,
3283 3292 3330 3342 εί
3366 3289 3440 3358 μὴ
3481 3290 3540 3340 ἐν
3567 3284 3743 3340 Πνεύ-

2173 3129 2260 3173 τες
2291 3111 2434 3179 ζωὴν
2473 3111 2633 3181 ἔχητε
2666 3112 2723 3164 ἐν
2760 3111 2836 3181 τῷ
2867 3113 3089 3180 ὀνόματι
3138 3109 3329 3164 αὐτοῦ.
3366 3127 3386 3159 ›
3421 3102 3534 3159 Καὶ
3565 3103 3736 3158 Πνεύο

4059 1847 4076 2460 J

517 3382 619 3434 alia
649 3384 713 3435 de
760 3395 820 3433 re
879 3379 1068 3433 eadem
1131 3380 1332 3447 scripta
1413 3391 1561 3433 sunt.
1613 3379 1807 3434 Verum
1873 3388 2073 3448 quanta

517 3473 608 3525 ille
641 3471 949 3526 obcaacatus
997 3479 1184 3524 contra
1239 3471 1483 3524 divinum
1516 3470 1696 3524 lumen
1746 3472 1971 3538 protulit
2002 3479 2076 3524 te-

520 3565 750 3619 nebrosa
781 3563 988 3617 scilicet
1029 3571 1082 3615 et
1118 3563 1352 3617 obscura
1400 3561 1662 3630 valdeque
1691 3560 1961 3615 contraria
1990 3561 2076 3615 di-

523 3661 658 3713 vina:
689 3657 766 3712 illi
793 3672 913 3727 quae
941 3671 1219 3724 vesperam
1270 3657 1441 3710 nescit
1472 3662 1522 3708 et
1563 3669 1659 3722 per
1687 3662 1899 3708 noctem
1937 3653 2080 3707 lucet

522 3747 908 3804 illuminationi
943 3746 1102 3814 cujus
1157 3744 1369 3800 Iuciferi
1409 3744 1724 3814 angelorum
1778 3743 1931 3798 chori
1992 3743 2083 3796 lae-

522 3851 708 3895 tantur
766 3838 1074 3907 participes,
1137 3837 1392 3906 quoniam
1442 3839 1632 3890 horum
1699 3835 1946 3906 voluptas
2000 3835 2083 3888 di-

519 3933 683 3986 vinus
718 3929 993 3998 Splendor,
1035 3927 1395 3996 eamdemque
1450 3928 1776 3996 participant
1806 3929 1899 3996 qui
1937 3928 2082 3981 inter

525 4023 773 4076 homines
806 4029 934 4074 sunt
959 4018 1144 4072 mundi
1181 4017 1364 4072 corde.
1405 4015 1530 4071 Ideo
1576 4018 1840 4073 adversus
1861 4033 1956 4072 eos
1989 4016 2081 4087 qui

522 4116 688 4167 vitam
729 4113 781 4165 in
817 4111 1109 4165 sanctitate
1140 4109 1473 4163 reconditam
1505 4116 1670 4176 agunt
1705 4108 1848 4162 velut
1871 4109 2081 4164 daemon

523 4205 661 4258 alius
691 4209 808 4257 crat
836 4215 1090 4268 grassans
1121 4199 1174 4252 in
1214 4213 1309 4254 eos
1351 4197 1443 4267 qui
1501 4212 1531 4250 a
1564 4197 1897 4253 tumultuosa
1932 4197 2084 4266 plebe

525 4297 786 4350 recedunt
817 4293 1029 4362 solique
1086 4291 1196 4344 Deo
1253 4291 1529 4345 adhaerere
1561 4289 1904 4353 desiderant,
1939 4303 2081 4358 quos

527 4387 728 4455 saepius
783 4384 1203 4440 contritionibus
1265 4384 1449 4438 multis
1513 4382 1664 4449 pravi
1711 4382 1986 4450 invidique
2032 4392 2086 4435 et

2184 3399 2314 3447 ματι
2369 3383 2528 3452 ἁγίῳ,
2591 3402 2608 3434 ι
2659 3385 2826 3451 φησί·
2863 3387 2955 3439 καὶ
3005 3385 3171 3454 μυρία
3220 3380 3290 3433 τά
3335 3380 3473 3447 ὑπὲρ
3523 3377 3738 3430 τούτου.

2197 3474 2386 3528 Ὀποῖα
2419 3475 2475 3528 δὲ
2526 3476 2554 3527 6
2608 3476 2994 3544 ἐσκοτισμένος
3040 3475 3176 3528 κατὰ
3223 3472 3315 3526 τοῦ
3358 3471 3502 3523 θείου
3560 3466 3740 3534 φωτὸς

2185 3566 2436 3635 ἐλάλησε,
2469 3568 2717 3620 σκοτεινά
2754 3582 2882 3620 τινα
2912 3568 3010 3619 καὶ
3048 3565 3264 3633 ζοφώδη
3296 3566 3390 3618 καὶ
3421 3561 3609 3632 πόρρω
3643 3557 3740 3609 καὶ

2186 3659 2400 3712 ἐναντία
2423 3659 2521 3726 τῆς
2545 3659 2849 3726 ἀνεσπέρου
2887 3659 3101 3726 ἐκείνης
3131 3654 3520 3726 φρυκτωρικῆς
3553 3669 3612 3704 τε
3651 3649 3744 3703 καὶ

2187 3752 2334 3814 θείας
2384 3750 2726 3819 ἐλλάμψεως,
2759 3746 2824 3822 ἧς
2862 3752 2955 3804 καὶ
2992 3749 3102 3802 τῶν
3131 3749 3382 3816 ἀγγέλων
3424 3747 3472 3800 oi
3506 3742 3747 3813 φαεσφό-

2192 3858 2272 3910 ροι
2307 3842 2454 3911 χορο⁴ο¹
2500 3842 2812 3912 άκορέστως
2853 3842 3138 3910 μετέχουσι
3187 3840 3281 3891 καὶ
3316 3837 3743 3906 εὐφραίνονται·

2189 3932 2269 3984 ὅτι
2313 3933 2405 3984 καὶ
2458 3932 2756 3994 ἀπόλαυσις
2796 3931 3004 3993 τούτοις
3054 3931 3086 4000 ή
3128 3929 3243 3981 θεία
3269 3926 3611 3996 λαμπρότης,
3649 3922 3743 3978 καὶ

2188 4023 2295 4075 τῶν
2319 4021 2621 4093 ἀνθρώπων
2646 4025 2694 4076 oi
2726 4022 2957 4091 καθαροὶ
2989 4021 3086 4089 τὴν
3121 4019 3354 4090 καρδίαν
3402 4018 3742 4088 μετέχουσιν.

2203 4115 2354 4170 Ἐπεὶ
2386 4115 2492 4184 γὰρ
2518 4116 2658 4168 κατὰ
2689 4115 2794 4168 τῶν
2825 4115 2984 4182 ίερῶς
3014 4113 3397 4182 ἡσυχαζόντων
3426 4108 3747 4178 κινούμενος

2189 4204 2257 4277 ἦν
2289 4209 2361 4269 ὡς
2416 4207 2542 4261 ἄλλο
2593 4206 2891 4274 δαιμόνιον,
2926 4204 3218 4273 βασκαῖνον
3265 4203 3374 4264 τοῖς
3405 4197 3746 4268 ἀναχωροῦσι

2190 4297 2298 4350 τῶν
2341 4299 2398 4350 ἐν
2448 4295 2716 4365 θορύϐοις,
2745 4296 2836 4348 καὶ
2875 4294 2995 4362 Θεῷ
3047 4297 3206 4358 μόνον
3241 4291 3521 4360 σχολάζειν
3560 4287 3750 4341 ἐπιθυ-

2197 4387 2410 4456 μοῦσιν,
2455 4383 2535 4450 οἷς
2575 4389 2668 4443 καὶ
2712 4387 2939 4440 πλεῖστα
2996 4384 3258 4446 πολλάκις
3307 4384 3355 4435 οί
3391 4381 3620 4448 πονηροὶ
3659 4379 3752 4431 καὶ

525 4477 799 4532 maledicti
829 4479 1105 4531 daemones
1138 4474 1378 4529 alliciunt
1407 4473 1802 4541 erroribusque
1829 4472 2071 4525 imbuum

2194 4476 2446 4546 φθονεροὶ
2484 4481 2578 4531 καὶ
2624 4477 2920 4546 κατάρατοι
2964 4475 3224 4544 δαίμονες
3269 4473 3476 4541 ἐπῆγον
3521 4471 3590 4523 τὰ
3639 4469 3754 4522 θλι-

526 4571 715 4638 ετοιὶατ
780 4567 872 4621 Dei
921 4567 1227 4635 divinaeque
1296 4563 1678 4617 illuminationi
1734 4562 2084 4631 adversariis,

532 4665 624 4733 qui
659 4678 782 4717 cum
811 4661 1045 4715 tenebrae
1081 4659 1191 4712 sint
1244 4656 1298 4710 in
1348 4656 1600 4722 angelum
1633 4653 1769 4707 lucis
1811 4662 2088 4708 transmu-

537 4761 745 4812 tantur,
777 4751 1021 4804 volentes
1060 4748 1181 4804 illos
1225 4761 1253 4800 a
1307 4745 1450 4800 bono
1507 4744 1787 4814 pr0posito
1822 4754 2090 4810 avertere,

535 4860 605 4899 ne
649 4843 754 4899 sint
784 4857 908 4896 cum
940 4840 1069 4904 Deo,
1108 4840 1362 4909 quoniam
1398 4838 1497 4906 ipsi
1551 4852 1580 4890 a
1635 4837 1745 4890 Deo
1785 4835 1942 4905 longe
1966 4834 2091 4890 facti

533 4946 684 5000 sunt,
712 4952 778 4990 ne
812 4935 1048 4988 humana
1078 4941 1268 4986 natura
1321 4930 1588 4984 materiali
1635 4943 1865 4997 corpore
1895 4930 2092 4982 donata

531 5026 763 5095 spiritali
799 5039 985 5078 eorum
1023 5031 1231 5076 naturae
1293 5020 1616 5090 praecelleat.
1672 5017 1915 5072 Invidum
1947 5023 2092 5073 enim

533 5121 838 5174 daemonum
872 5129 1044 5187 genus
1090 5129 1200 5182 prae
1248 5111 1499 5181 superbia
1549 5111 1706 5181 cujus
1735 5111 1907 5181 gratia
1928 5126 1958 5164 a
1986 5110 2094 5164 Deo

532 5210 850 5266 defecerunt
879 5216 933 5263 et
959 5207 1176 5262 ctelitus
1208 5204 1512 5274 praecipites
1541 5203 1734 5272 dejecti
1779 5214 1928 5267 sunt,
1962 5219 2090 5258 nec-

534 5317 643 5356 non
673 5316 842 5372 usque
866 5299 1071 5354 invidet
1119 5298 1187 5353 iis
1235 5311 1326 5364 qun
1357 5295 1465 5350 Deo
1501 5296 1688 5349 volunt
1720 5310 1816 5362 per
1847 5294 2094 5350 solitudi-

535 5409 661 5447 nem
687 5401 741 5446 et
768 5390 1089 5446 munditiam
1130 5397 1292 5458 atque
1316 5387 1615 5441 orationem
1652 5387 1878 5441 ﬁrmiter
1917 5385 2098 5440 adhae-

537 5498 680 5545 rere,
713 5482 964 5551 ideoque,
1013 5490 1168 5549 prout
1225 5480 1482 5543 diximus,
1519 5487 1792 5532 certantes
1823 5479 2094 5532 sexcentis

535 5573 850 5630 incursibus
875 5573 1286 5642 aggrediuntur,
1312 5578 1364 5625 ct
1397 5584 1706 5639 quanquam
1727 5569 1964 5622 tenebrae
1984 5567 2096 5622 sint

537 5682 600 5720 ac
634 5666 780 5719 velut
809 5665 988 5734 fulgur
1019 5664 1086 5720 de
1109 5665 1248 5718 coelo
1283 5662 1603 5724 ceciderint,
1632 5662 1684 5713 in
1733 5659 1982 5728 angelum
2013 5659 2093 5712 lu—

538 5762 618 5816 cis
649 5767 1088 5815 transmutantur
1133 5767 1188 5811 ut
1236 5755 1529 5812 nonnullos
1561 5751 1851 5820 decipiant.
1883 5750 1974 5805 llic
1999 5765 2092 5804 au-

2197 4568 2349 4636 ϐερὰ,
2382 4569 2478 4621 καὶ
2512 4568 2654 4621 κατὰ
2695 4568 2791 4636 τῆς
2821 4567 2913 4620 τοῦ
2967 4565 3104 4619 Θεοῦ
3160 4565 3379 4635 χάριτος
3414 4564 3508 4616 καὶ
3539 4560 3632 4614 τοῦ
3671 4563 3754 4613 ἐν-

2197 4662 2320 4714 θέου
2361 4661 2641 4731 φωτισμοῦ
2691 4660 2902 4723 πλάνας
2936 4661 3139 4729 ἐπῆγον
3167 4659 3370 4720 αὐτοῖς,
3405 4657 3484 4717 είς
3522 4654 3754 4721 ἄγγελον

2197 4753 2372 4821 φωτὸς
2417 4755 2465 4804 οἱ
2519 4752 2709 4814 σκότος
2761 4750 2912 4812 ὄντες
2958 4745 3578 4817 μετασχηματιζόμενοι,
3614 4743 3756 4795 ἀπα-

2198 4845 2387 4911 γαγεῖν
2438 4843 2539 4912 τῆς
2581 4843 2753 4912 καλῆς
2799 4842 2998 4903 αὐτοὺς
3053 4839 3363 4910 προθυμίας
3417 4834 3755 4906 βουλόμενοι,

2199 4937 2292 4987 καὶ
2321 4933 2415 4987 τοῦ
2449 4935 2585 5004 μετὰ
2632 4933 2765 4987 Θεοῦ
2796 4927 2933 4986 εἶναι
2976 4933 3050 4993 ὡς
3081 4931 3236 4984 αὐτοὶ
3281 4929 3470 4999 πόρῤω
3500 4926 3758 4994 γεγόνασι

2198 5025 2291 5078 τοῦ
2323 5025 2482 5089 Θεοῦ,
2522 5025 2610 5077 ἵνα
2667 5025 2740 5094 μὴ
2794 5021 3109 5092 ἀνθρωπίνη
3163 5019 3326 5088 φύσις
3362 5018 3542 5071 καὶτὸ
3575 5015 3759 5068 ὑλικὸν

2197 5119 2274 5187 τῷ
2314 5117 2525 5186 σώματι
2556 5114 2866 5184 κεκτημένη
2919 5113 3175 5180 ὑπεράνω
3205 5112 3304 5180 τῆς
3337 5109 3502 5163 ὰΰλου
3535 5107 3760 5160 ἐκείνων

2198 5212 2425 5280 γένηται
2480 5207 2732 5276 φύσεως’
2801 5205 3062 5274 φθονερὸν
3137 5203 3245 5272 γὰρ
3300 5199 3650 5269 ὑπερηφανίᾳ
3699 5198 3761 5249 τὸ

2199 5299 2473 5370 δαιμόνιον
2525 5297 2708 5364 φῦλον,
2747 5298 2815 5350 δι’
2870 5297 2935 5361 ἢν
2989 5297 3082 5348 καὶ
3131 5295 3266 5347 Θεοῦ
3301 5292 3632 5362 ἠστόχησαν,
3665 5291 3760 5340 καὶ

2197 5388 2488 5459 οὐρανόθεν
2534 5387 2858 5459 ἐρρίφησαν,
2895 5387 2988 5438 καὶ
3015 5386 3102 5437 ἀεὶ
3139 5381 3458 5451 φθονοῦντες
3500 5381 3606 5430 εισι
3648 5379 3761 5438 τοῖς

2197 5482 2276 5550 τῷ
2321 5480 2438 5549 Θεῷ
2486 5477 2921 5548 προσκολλᾶσθαι
2955 5478 3041 5530 διὰ
3078 5474 3370 5545 μονώσεως
3415 5471 3507 5524 καὶ
3553 5469 3762 5535 καθάρ-

2201 5587 2337 5634 σεως
2375 5570 2468 5623 καὶ
2499 5568 2804 5639 προσευχῆς
2835 5567 3181 5638 βουλομένοις
3207 5582 3220 5597 ·
3254 5563 3379 5617 ὅθεν
3429 5560 3522 5614 καὶ
3555 5559 3758 5628 μυρίας

2197 5663 2462 5729 ἐπάγουσι
2506 5663 2618 5723 τοῖς
2663 5660 3089 5730 ἀγωνιζομένοις
3118 5657 3214 5720 τὰς
3246 5653 3528 5722 ἐπηρείας,
3568 5649 3658 5702 ml
3685 5647 3761 5710 ὡς

2201 5754 2517 5823 εἰρήκαμεν,
2559 5754 2632 5815 εἱς
2668 5753 2894 5820 ἄγγελον
2949 5751 3123 5820 φωτὸς
3149 5749 3196 5802 oi
3227 5749 3416 5808 σκότος
3445 5742 3746 5805 τελοῦντες,

4067 1843 4070 1856 Ι

4067 1857 4072 1890 '.
