4076 6268
398 357 499 423 15⁸3

1426 368 1810 433 DIALOGUS
1848 367 2152 430 CONTRA
2193 372 2575 433 HJEBESES.

3529 365 3629 428 151

390 475 487 528 καὶ
527 473 603 539 ὡς
647 476 903 549 ἀστραπὴ
959 481 1214 546 πεσόντες
1255 483 1350 536 ἀπ’
1386 483 1642 554 ούρανοῦ,
1685 500 1958 554 μετασχη-

2071 497 2172 544 tem
2209 488 2454 545 Barlaam
2503 499 2563 544 ut
2613 489 2838 556 angelus
2868 502 2934 542 ex
2970 484 3090 541 istis
3119 479 3424 540 ordinibus,
3454 477 3632 531 lucem

396 564 730 633 ματίζονται,
764 568 829 622 ἵν’
879 571 1198 640 ἀπατήσωσί
1248 589 1418 636 τινας,
1445 574 1573 641 ίΚαὶ
1624 575 1652 626 ό
1695 573 1962 642 Βαρλαὰμ

392 653 566 720 οὗτος,
614 657 689 722 ὡς
749 661 979 729 ἅγγελος
1021 664 1192 716 τελῶν
1233 666 1478 729 ἐκείνων,
1523 667 1795 720 σκοτεινὸν
1843 665 1960 732 φῶς

392 743 835 818 ὑποκρινόμενος,
866 754 1006 808 κατὰ
1033 756 1140 809 τῶν
1186 757 1485 826 ίσαγγέλων
1516 758 1676 811 θείων
1723 757 1961 825 ἀνδρῶν,

392 838 486 890 καὶ
532 841 698 894 αὐτοῦ
729 844 824 896 τοῦ
860 845 1002 898 θείου
1048 848 1226 915 φωτὸς
1267 849 1621 912 ἀντετάξατο.
1676 848 1786 902 Καὶ
1835 849 1964 898 ἁκο-

391 930 631 998 λσύθως,
690 937 764 999 ὡς
814 937 922 991 ἔδει
969 939 1184 1006 αὐτοῖς,
1236 941 1394 993 τοῦτο
1440 941 1690 1009 διενοήθη
1747 955 1808 990 τε
1869 937 1963 990 καὶ

389 1023 693 1098 διεπράχθη
742 1031 852 1091 τοῖς
905 1031 1159 1101 δαίμοσι,
1219 1033 1312 1086 καὶ
1358 1033 1449 1085 τὸν
1499 1032 1710 1103 μύστην
1757 1029 1963 1083 τούτων

391 1117 549 1170 αὐτοὶ⁵
585 1119 724 1172 κατὰ
749 1122 843 1174 τοῦ
869 1121 1011 1175 θείου
1047 1124 1224 1191 φωτὸς
1253 1126 1346 1177 καὶ
1392 1127 1492 1194 τῆς
1527 1123 1801 1192 μακαρίας
1852 1122 1963 1175 τῶν

390 1211 639 1278 ἀγγέλων
687 1214 1024 1284 ὲλλάμψεως.
1065 1218 1114 1269 oi
1171 1219 1360 1278 σκότος
1412 1219 1696 1285 γεγονότες
1753 1233 1814 1269 τε
1869 1216 1963 1268 καὶ

390 1302 696 1370 λεγόμενοι,
725 1305 819 1358 τὸν
857 1305 947 1359 ίσα
976 1307 1188 1370 τούτοις
1237 1309 1622 1376 ὲσκοτισμὲνον
1661 1308 1960 1376 κεκινήκα-

394 1409 478 1444 σιν
511 1393 774 1462 ἀνοήτως.
818 1395 972 1448 Ἐπεὶ
1001 1396 1123 1448 οὐδὲ
1152 1398 1302 1451 ίσασι
1333 1398 1387 1449 τί
1419 1398 1481 1449 τὸ
1510 1398 1624 1464 φῶς
1657 1398 1855 1461 ἐκεῖνο,
1886 1395 1962 1465 μὴ

389 1483 576 1536 τούτου
611 1487 948 1554 μετέχοντες,
979 1488 1168 1556 πόρῤω
1197 1487 1256 1540 δὲ
1304 1485 1508 1556 μᾶλλον
1533 1487 1706 1551 ὄντες,
1735 1489 1828 1540 καὶ
1883 1489 1963 1549 είς

389 1573 449 1632 ττδ
475 1573 739 1643 ἐξώτερον
771 1577 959 1640 σκότος
993 1577 1098 1647 52
1139 1580 1642 1648 παραπεμπόμενοι
1700 1579 1801 1632 σὺν
1849 1580 1960 1640 τοῖς

389 1665 596 1734 ὁμοίοις
635 1667 837 1732 αὐτοῖς,
863 1671 979 1731 τοῖς
1025 1670 1118 1722 καὶ
1151 1670 1245 1723 ὑπ’
1274 1671 1453 1724 αὐτῶν
1485 1671 1831 1741 κινουμένοις
1857 1688 1869 1700 ·
1902 1670 1960 1732 ὃς

2069 583 2414 636 tenebrosam
2451 581 2710 643 referens,
2743 579 3003 634 adversus
3037 576 3188 630 viros
3220 571 3437 626 divinos
3462 581 3636 634 ange-

2066 673 2133 727 lis
2163 672 2368 727 similes
2420 671 2705 739 ipsamque
2757 668 2996 722 divinam
3056 665 3232 718 lucem
3267 658 3502 722 obstitit,
3535 669 3632 707 ea-

2065 766 2302 834 demque
2329 779 2391 818 ac
2418 763 2694 816 da-moues
2729 760 2827 822 illi,
2879 768 2936 810 ut
2985 747 3214 811 necesse
3245 759 3386 812 erat,
3427 747 3633 802 machi-

2065 865 2226 911 natus
2262 856 2509 918 tentavit,
2539 854 2654 923 qui,
2691 866 2815 906 eum
2843 848 3080 904 tenebrae
3116 845 3226 900 sint
3255 852 3418 908 atque
3449 839 3635 893 dican-

2065 957 2174 1013 tur,
2203 947 2412 1003 eisdem
2460 945 2698 1000 tenebris
2731 942 3052 1007 caligantem
3110 937 3350 990 animum
3383 930 3637 986 invisibi-

2067 1039 2188 1092 liter
2217 1037 2505 1090 movebant
2559 1035 2643 1089 his
2697 1033 2978 1088 erroribus
3029 1029 3321 1090 imbutum,
3374 1022 3638 1076 adversus

2064 1127 2305 1180 divinum
2346 1126 2525 1180 lumen
2566 1123 2908 1189 faustamque
2966 1120 3280 1188 angelorum
3315 1110 3640 1168 illustratio-

2067 1233 2211 1272 nem.
2249 1217 2446 1272 Verum
2479 1231 2602 1271 cum
2653 1215 2903 1270 nesciant
2934 1211 3085 1280 'quid
3125 1210 3195 1264 sit
3227 1208 3358 1260 illud
3399 1208 3577 1260 lumen
3608 1217 3638 1256 a

2067 1324 2177 1378 quo
2211 1311 2412 1363 nedum
2440 1308 2587 1362 illius
2639 1306 2766 1359 facti
2821 1306 2934 1358 Sint
2989 1301 3306 1370 participes,
3358 1299 3516 1363 longe
3541 1309 3636 1363 pu-

2068 1401 2179 1453 tius
2223 1405 2568 1453 recesseruut
2622 1397 2674 1448 in
2734 1393 2985 1448 tenebras
3045 1391 3349 1445 exteriores
3407 1384 3636 1440 immissi

2065 1507 2192 1547 cum
2235 1488 2588 1544 consortibus
2644 1488 2758 1541 suis
2820 1486 3130 1551 animisque
3156 1497 3294 1552 quas
3336 1480 3638 1542 duxerunt,

2065 1583 2154 1637 ille
2181 1581 2432 1635 etl‘utiens
2469 1579 2632 1646 impie
2667 1576 2924 1631 cantabat
2967 1574 3050 1628 vel
3096 1572 3334 1627 divinam
3380 1585 3488 1624 non
3520 1583 3642 1623 esse

2063 1674 2508 1735 illustrationem,
2567 1670 2650 1724 vel
2710 1669 2753 1722 si
2804 1681 3036 1736 prorsus
3112 1665 3206 1728 sit,
3285 1663 3433 1716 illam
3495 1675 3640 1723 esse,

391 1760 486 1811 καὶ
519 1760 796 1856 δυσσεϐῶς
843 1764 876 1832 ἢ
912 1762 988 1832 μὴ
1031 1759 1172 1818 εἶναι
1230 1765 1382 1820 θείαν
1431 1767 1700 1837 ἐλλαμψιν
1729 1767 1963 1835 ἐφληνά-

2071 1766 2235 1834 proh!
2271 1773 2520 1818 naturam
2556 1761 2644 1815 Dei
2672 1759 2962 1814 invisibilis
2988 1763 3041 1810 et
3071 1751 3639 1823 incomprehensibilis

392 1864 600 1918 φησεν,
648 1850 680 1919 ἢ
733 1852 892 1922 είπερ
952 1854 1089 1916 ὅλως
1148 1857 1288 1920 ἐστὶ,
1351 1858 1516 1924 φύσιν
1569 1854 1709 1910 εἶναι
1754 1857 1960 1923 ταύτην

391 1936 562 2004 Θεοῦ,
625 1939 872 2011 (βαϐαίί)
927 1941 1020 1995 τοῦ
1071 1945 1327 2012 ἀοράτου,
1388 1947 1482 1999 καὶ
1541 1946 1810 2015 ἀλήπτου,
1865 1948 1958 1997 καὶ

390 2029 707 2098 ἀπροσίτου.
745 2033 855 2085 Καὶ
898 2033 1060 2088 πάλιν
1089 2039 1482 2106 στρεφόμενος,
1512 2038 1587 2099 ὡς
1634 2037 1850 2104 ἀληθῶς
1880 2035 1956 2088 ὢν

392 2119 720 2189 παράφρων,
762 2140 781 2173 ι
834 2125 895 2176 Ei
922 2123 1078 2195 ὤφθη
1121 2127 1256 2194 φῶς,
1291 2129 1478 2196 φησιν,
1511 2128 1706 2196 ὁρατὸν
1738 2122 1828 2197 ἦν,
1863 2128 1958 2179 καὶ

391 2210 440 2262 εί
492 2213 702 2280 ὁρατὸν,
734 2213 796 2267 οὐ
831 2214 998 2280 Θεόςο
1036 2219 1131 2271 καὶ
1163 2221 1211 2271 εί
1240 2219 1516 2272 επαύσατο
1542 2220 1791 2289 ὁρᾶσθαι,
1821 2219 1955 2288 μηδδ

387 2301 642 2358 δύνασθαι
677 2301 818 2360 εἶναι
842 2323 858 2340 ο
887 2310 980 2362 καὶ
1008 2310 1095 2363 διά
1121 2310 1278 2364 τοῦτο
1305 2311 1500 2382 φάσμα
1531 2329 1584 2365 τι
1607 2308 1748 2366 εἶναι
1779 2311 1958 2368 τοῦτο.

392 2396 454 2448 Εί
498 2397 544 2451 δ’
600 2399 816 2469 άληθῶς
863 2403 1013 2454 ἐστιν
1065 2401 1352 2473 ἔλλαμψις,
1383 2405 1588 2472 κτίσμα
1636 2401 1777 2456 εἶναι
1818 2404 1961 2456 κατά

390 2488 616 2555 καιροὺς
667 2491 1080 2555 συνιστάμενον,
1134 2495 1421 2558 γινόμενόν
1451 2512 1510 2546 τε
1562 2495 1658 2546 καὶ
1704 2494 1964 2560 ἀπογινό-

399 2590 596 2640 μενον,
642 2576 740 2638 τὴν
783 2577 876 2628 τοῦ
913 2577 1050 2628 Θεοῦ
1099 2578 1261 2646 χάριν
1317 2580 1414 2631 καλ⁴
1453 2579 1650 2646 νοητὴν
1698 2577 1967 2644 ἑλλαμψιν

399 2664 628 2732 κτιστὴν
653 2660 818 2725 εἶναι,
859 2666 892 2735 ἢ
931 2666 1198 2735 μηδαμῶς
1241 2662 1383 2718 εἶναι
1425 2665 1761 2735 δογματίζων
1790 2671 1816 2720 ὁ
1841 2667 1969 2720 δυσ·

402 2751 588 2822 σεὸής.
637 2755 725 2808 Ἐν
779 2750 866 2820 αἶς
917 2756 1090 2827 δήπερ
1134 2757 1412 2820 ἀσεϐείαις
1449 2759 1544 2810 καὶ
1585 2758 1836 2820 ἀτοπίαις
1873 2757 1968 2810 καὶ

401 2844 644 2914 διάδοχον
673 2845 869 2898 ἑαυτοῦ
910 2847 999 2899 τὸν
1043 2847 1302 2915 δύστηνον
1345 2850 1553 2900 ἐκεῖνον
1583 2847 1741 2918 ἔσχεν
1791 2848 1966 2900 Ἀκίν-

399 2936 583 2988 δυνονο
627 2938 720 2990 καὶ
781 2937 862 2991 ἔτι
912 2939 1094 3004 Δεξιόν
1149 2956 1296 3001 τινα,
1356 2940 1449 2991 τὸν
1519 2939 1618 3007 τῆς
1671 2939 1967 3010 ἀριστερᾶς

402 3030 647 3098 μερίδοςο
687 3031 781 3082 καὶ
844 3031 1110 3101 Ἀργυρδν
1157 3032 1250 3084 τὸν
1306 3030 1387 3084 ίοῦ
1444 3030 1663 3100 μεστὸν,
1722 3030 1816 3083 τὸν
1875 3030 1968 3083 καὶ

2065 1869 2228 1927 atque
2282 1854 2704 1910 iuaccessibilis.
2744 1851 3093 1916 Rursumque
3153 1858 3479 1906 conversus,
3511 1858 3634 1895 cum

2062 1965 2189 2005 vere
2245 1949 2506 2009 insaniat,
2543 1947 2588 2000 si
2633 1947 2815 1998 lumen
2869 1938 3144 2010 apparuit,
3182 1938 3384 2000 aiebat,
3424 1935 3640 1989 visibile

2061 2049 2202 2103 erat,
2244 2042 2287 2096 si
2328 2054 2456 2094 vero
2493 2047 2612 2093 erat
2661 2036 2897 2099 visibile,
2931 2032 3075 2087 Deus
3103 2046 3209 2083 non
3242 2037 3382 2091 erat,
3413 2028 3640 2095 insuper

2063 2137 2107 2190 si
2135 2135 2201 2190 ab
2232 2135 2410 2188 oculis
2445 2131 2686 2192 evanuit,
2742 2145 2846 2181 non
2901 2136 3081 2179 tamen
3123 2137 3244 2178 csse
3290 2121 3472 2185 desiit,
3530 2122 3635 2174 hoc

2061 2237 2181 2283 erat
2221 2224 2587 2294 phantasmati
2641 2222 2842 2277 simile.
2877 2220 3016 2273 Vera
3068 2228 3249 2272 autem
3304 2213 3634 2268 illumiualio

2063 2329 2310 2376 creatura
2367 2326 2450 2372 est
2509 2332 2608 2384 pro
2664 2312 2930 2381 temporis
2989 2309 3402 2379 opportunitate
3432 2304 3637 2360 consti-

2066 2419 2178 2465 tuta
2205 2424 2328 2477 qua:
2356 2408 2517 2461 modo
2543 2408 2599 2459 lit
2625 2417 2680 2460 et
2711 2405 2872 2458 modo
2896 2402 3119 2462 desinit,
3153 2399 3244 2454 ille
3285 2414 3410 2451 vero
3440 2396 3640 2464 impius

2070 2501 2199 2553 falsa
2231 2511 2494 2564 spargens
2541 2498 2812 2563 dogmata,
2843 2495 3073 2561 gratiam
3111 2491 3202 2544 Dei
3233 2489 3644 2556 spiritalemque

2071 2587 2489 2644 illustrationem
2519 2593 2614 2638 aut
2646 2584 2992 2638 conditorem
3029 2596 3151 2635 esse
3194 2589 3287 2633 aut
3333 2580 3646 2632 nullatenus

2073 2695 2196 2736 esse
2225 2679 2530 2733 asserebat.
2595 2674 2650 2729 In
2693 2675 2896 2744 quibus
2928 2671 3303 2741 impietatibus
3348 2680 3400 2722 et
3430 2667 3648 2735 ineptiis

2073 2787 2448 2829 successorem
2502 2771 2697 2825 habuit
2745 2767 3148 2837 nequissimum
3193 2762 3559 2832 Acindynum,
3593 2768 3648 2813 et

2071 2867 2293 2933 insuper
2323 2862 2550 2916 Dexium
2583 2860 2874 2930 quemdam
2903 2857 2996 2926 qui
3028 2855 3094 2911 ad
3129 2854 3407 2910 sinistram
3432 2862 3641 2922 partem

2069 2955 2382 3016 declinavit,
2416 2962 2471 3008 et
2506 2954 2774 3022 Argyrum
2806 2963 3018 3003 veneno
3050 2947 3270 3015 plenum
3317 2945 3411 3014 qui
3458 2943 3645 2996 admo-

2073 3046 2200 3098 dum
2239 3049 2358 3098 erat
2393 3041 2600 3096 ditatus
2629 3054 2792 3109 prava
2841 3037 3154 3092 Graecorum
3209 3024 3537 3102 n‘ugacitate,
3590 3037 3648 3084 et

400 3122 536 3174 πολὺ
568 3122 628 3174 τὸ
669 3122 920 3192 κίῦδηλον
960 3126 1062 3194 τῆς
1103 3122 1380 3194 Ἑλλήνων
1415 3122 1687 3193 φλυαρίας
1730 3123 1965 3192 πλουτή-

2073 3143 2200 3191 ante
2229 3136 2352 3190 illos
2385 3133 2684 3202 Gregoram
2729 3131 2999 3184 famosum
3037 3134 3366 3196 apostatam,
3401 3125 3491 3191 qui
3522 3137 3646 3191 gra-

401 3233 568 3268 σαντα
593 3231 608 3248 ·
643 3219 735 3271 καὶ
766 3217 871 3286 πρὸ
900 3216 1081 3270 αὐτῶν
1109 3217 1400 3286 Γρηγορᾶν
1455 3217 1660 3268 ἐκείνον
1699 3215 1792 3267 τὸν
1827 3215 1966 3266 ἀπο-

402 3305 642 3373 στάτηνο
680 3307 732 3359 οἳ
780 3307 874 3359 καὶ
901 3307 1000 3376 τὴν
1047 3308 1207 3377 χάριν
1236 3306 1488 3371 καθάπαξ
1534 3305 1839 3375 ὴθετήκασι
1874 3303 1968 3356 τοῦ

399 3397 560 3460 Θεοῦ,
586 3399 682 3450 καὶ
705 3398 805 3468 τὴν
834 3399 1076 3468 φυσικὴν
1102 3400 1267 3452 αὑτοῦ
1293 3399 1525 3468 δύναμιν
1556 3401 1652 3452 καὶ
1685 3400 1970 3467 ἐνέργειαν

401 3489 783 3558 ὲξηρνήσαντο,
813 3490 1084 3559 μηδεμίαν
1135 3490 1363 3561 δύναμιν
1413 3493 1693 3561 προσεῖναι
1725 3491 1970 3560 λέγοντες

399 3581 477 3649 τῷ
508 3579 648 3649 Θεῷ,
671 3581 804 3650 μηδὲ
833 3581 1043 3650 δωρεάν
1071 3597 1130 3634 τε
1162 3584 1257 3635 καὶ
1285 3583 1445 3652 χάριν
1475 3584 1530 3648 ἐξ
1557 3582 1724 3635 αὑτοῦ
1755 3582 1972 3652 προϊοῦ-

405 3690 522 3734 σαν,
559 3674 891 3736 ἀπεναντίας
934 3673 1013 3743 τῷ
1056 3674 1375 3742 Εὑαγγελίῳ
1425 3691 1484 3727 τε
1520 3676 1614 3728 καὶ
1649 3678 1760 3738 τοῖς
1792 3674 1970 3743 λόγοις

405 3768 497 3819 καὶ
545 3766 795 3834 πράξεσι·
823 3767 932 3819 τῶν
989 3767 1250 3837 μαθητῶν
1300 3768 1394 3821 τοῦ
1445 3768 1683 3838 Χριστοῦ
1751 3770 1844 3823 καὶ
1893 3768 1972 3837 τῷ

400 3860 573 3930 λοιπῷ
605 3860 750 3931 χορῷ
796 3860 906 3912 τῶν
937 3861 1108 3928 ἀγίων
1151 3861 1308 3931 ἡμῶν
1369 3863 1632 3932 Πατέρων
1667 3863 1966 3931 βαίνοντες.

405 3953 469 4006 υἶ
497 3953 695 4016 πάντες
737 3953 874 4022 ὁμοῦ
903 3955 1068 4007 αὐτον
1094 3955 1194 4024 μὲν
1239 3955 1330 4008 τὸν
1358 3954 1560 4024 Κύριον
1594 3956 1686 4007 τὸν
1713 3956 1806 4007 τοῦ
1833 3955 1969 4008 Θεοῦ

407 4047 668 4116 μονογενῆ
721 4047 848 4099 Υίὸν
893 4048 988 4100 καὶ
1045 4048 1217 4114 Λόγον
1263 4050 1322 4100 ἐν
1377 4050 1445 4117 τῇ
1508 4047 1617 4116 ίδίᾳ
1672 4047 1970 4100 ὑποστάσει

403 4138 758 4206 σαρκωθῆναί
801 4154 956 4205 φασι,
1015 4138 1110 4191 καὶ
1153 4137 1439 4208 ἄνθρωπον
1489 4138 1768 4205 γενέσθαι,
1832 4148 1972 4193 κατά

401 4228 658 4296 ἀλήθειαν
717 4229 947 4297 μένοντα
1007 4228 1178 4293 Θεὸν,
1247 4230 1341 4281 καὶ
1398 4227 1756 4281 ἀναλλοίωτον
1810 4227 1970 4281 ὄντα·

403 4322 551 4390 ἡμᾶς
592 4321 648 4374 δὲ
691 4321 764 4390 μὴ
811 4321 943 4373 Θεὸν
985 4321 1371 4382 ἐνυποστάτως
1409 4320 1665 4384 δέξασθαι
1695 4323 1787 4375 καὶ
1833 4321 1972 4374 κατὰ

402 4414 565 4481 φύσιν
615 4412 906 4480 ὲνωθῆναι.
955 4415 1053 4466 Ἓν
1109 4413 1220 4481 γὰρ
1273 4415 1450 4465 ἐκεῖνο
1501 4413 1559 4464 τὸ
1610 4415 1968 4483 πρόσλημμα,

402 4508 540 4575 ὅπερ
599 4507 966 4577 προσείληφεν
1017 4505 1198 4575 ἐαυτῷ
1255 4507 1282 4558 ό
1334 4505 1428 4557 τοῦ
1483 4505 1619 4558 Θεοῦ
1677 4509 1970 4577 μονογενὴς

399 4599 595 4667 Λόγος,
647 4599 742 4683 καὶ
795 4591 950 4668 ᾧπερ
1013 4598 1198 4667 ἄκρως
1256 4597 1467 4668 ήνώθη,
1519 4599 1616 4651 καὶ
1669 4598 1973 4673 ἀδιαίρετον

402 4698 590 4744 τούτου
624 4695 775 4760 μένει
809 4691 884 4753 ὡς
917 4690 1008 4742 καὶ
1041 4690 1367 4758 ἀσύγχυτον.
1406 4689 1736 4759 Ἐπειδήπερ
1767 4692 1973 4762 ἑκάστη

402 4784 566 4850 φύσις
604 4783 672 4836 τὰ
723 4783 830 4834 ἴδια
872 4782 1169 4848 κέκτηται,
1201 4782 1234 4850 ἡ
1269 4779 1392 4833 θεία
1422 4781 1491 4833 τὰ
1523 4781 1722 4850 θεῖα,ἡ
1759 4782 1971 4854 ἀνθρω-

402 4879 529 4945 πίνη
591 4893 652 4928 τε
707 4875 775 4928 τὰ
825 4874 1125 4939 ἀδιάὸλητα
1192 4873 1302 4925 τῶν
1359 4872 1701 4943 ἀνθρώπωνο
1754 4877 1850 4928 κα)⁸
1915 4879 1974 4929 ὲν

399 4967 586 5038 ἐκείνῃ
642 4967 744 5036 μὲν
794 4966 855 5021 τὸ
925 4966 1362 5037 ἀπερίγραπτον,
1419 4965 1516 5018 καὶ
1559 4966 1967 5034 ἀκατάληπτον,

401 5059 497 5112 καὶ
531 5060 828 5128 ἄτρεπτον,
871 5059 965 5111 καὶ
1005 5056 1201 5123 ἁεὶῦν,
1234 5056 1329 5110 καὶ
1363 5056 1424 5109 τὸ
1455 5057 1885 5128 παντοδύναμον,
1914 5061 1971 5112 ἐν

401 5152 464 5216 τῇ
519 5148 837 5219 ἀνθρωπίνῃ
889 5148 946 5200 δὲ
993 5149 1052 5200 τὸ
1104 5146 1499 5215 περιγραπτὸν,
1553 5147 1613 5198 τὸ
1663 5149 1879 5216 ὁρατὸν,
1912 5148 1974 5200 τὺ

400 5241 742 5308 ψηλαφητδν,
772 5240 834 5291 τὸ
864 5237 1226 5295 ἀλλοιοῦσθαι.
1260 5237 1319 5288 τὸ
1345 5236 1632 5306 ἄρξασθαι.
1668 5239 1756 5290 Διὸ
1787 5239 1850 5306 δὴ
1879 5243 1972 5292 καὶ

405 5332 822 5402 σεσαρκωμὲνος
846 5335 873 5383 ό
907 5331 1078 5397 Λόγος
1118 5331 1348 5398 ἑωρᾶτο,
1380 5331 1470 5381 καὶ
1500 5327 1842 5398 ὲψηλτφᾶτο,
1877 5331 1972 5382 καὶ

401 5424 625 5491 ἔπασχε,
662 5425 757 5477 καὶ
788 5421 1039 5489 ἑθνησκε,
1066 5422 1159 5473 καὶ
1191 5420 1470 5481 ἀνίστατο,
1504 5419 1566 5472 οὐ
1592 5422 1655 5489 τῇ
1685 5419 1841 5487 φύσει
1873 5419 1971 5489 τῆς

403 5515 676 5581 Θεότητος,
715 5517 781 5584 τῇ
825 5514 882 5566 δὲ
929 5513 1088 5580 φύσει
1135 5511 1228 5564 τοῦ
1282 5511 1554 5580 σώματος.
1588 5511 1750 5564 Ὅθεν
1799 5513 1892 5564 καὶ
1945 5515 1972 5565 ὀ

399 5607 756 5676 ἠγαπημέκσος
787 5607 971 5673 φησ“.ν,
998 5623 1014 5655 ι
1049 5605 1116 5658 Ὃ
1139 5599 1204 5673 ἦν
1233 5603 1326 5656 ἀπ’
1355 5604 1545 5673 ἀρχῆς,
1565 5603 1592 5655 ὅ
1621 5603 1966 5672 ἑωράκαμεν,

399 5697 427 5749 ὃ
455 5697 800 5766 ἐθεασάμεθα
850 5700 960 5759 τοῖς
993 5695 1291 5766 ὀφθαλμοῖς
1348 5695 1525 5763 ἡμῶν,
1553 5696 1643 5747 καὶ
1685 5697 1741 5747 αἱ
1791 5698 1971 5765 χεῖρες

403 5788 558 5856 ἡμῶν
605 5788 980 5860 ἐψηλάφησαν,
1021 5807 1039 5839 ι
1077 5789 1201 5856 περὶ
1263 5785 1354 5838 τοῦ
1405 5788 1576 5854 Λόγου
1635 5788 1731 5857 τῆς
1788 5787 1964 5854 ζωῆςο

2077 3232 2203 3285 tiam
2242 3230 2332 3284 Dei
2384 3229 2604 3298 penitus
2638 3231 3002 3294 negaverunt,
3036 3224 3318 3291 ipsamque
3345 3218 3465 3286 ejus
3502 3216 3647 3269 nati-

2072 3337 2196 3379 vam
2229 3319 2532 3395 potentiam
2559 3327 2612 3372 et
2638 3315 3014 3385 operationem
3047 3311 3378 3371 abnuerunt,
3404 3307 3648 3361 dicentes

2076 3414 2276 3468 nullam
2319 3412 2428 3464 Deo
2490 3410 2672 3463 inesse
2705 3413 3056 3475 potestatem,
3097 3417 3274 3470 neque
3311 3400 3516 3453 donum
3551 3412 3648 3451 ne-

2073 3521 2178 3576 que
2208 3504 2436 3573 gratiam
2466 3503 2532 3555 ab
2562 3501 2680 3569 ipso
2711 3497 2951 3570 prodire,
2981 3496 3246 3549 adversus
3270 3489 3646 3557 Evangelium,

2075 3609 2470 3662 sermonesque
2522 3603 2575 3647 et
2623 3599 2781 3645 actus
2829 3588 3226 3657 discipulorum
3275 3581 3478 3638 Christi
3522 3579 3646 3633 reli-

2075 3701 2352 3756 quumque
2400 3684 2629 3738 chorum
2680 3691 2996 3736 sanctorum
3048 3677 3268 3732 Patrum
3331 3681 3643 3736 nostrorum

2075 3778 2439 3833 ambulantes.
2482 3775 2584 3840 Qui
2630 3788 2822 3828 omnes
2864 3770 3027 3824 simul
3063 3770 3242 3838 ipsum
3287 3766 3506 3834 quidem
3543 3762 3648 3814 Do-

2076 3871 2284 3923 minum
2323 3867 2522 3921 Filium
2557 3865 2649 3919 Dei
2697 3863 3036 3932 unigenitum
3079 3859 3428 3925 Verhumque
3462 3855 3644 3908 dicunt

2075 3961 2128 4014 in
2179 3958 2394 4028 propria
2449 3969 2682 4026 persona
2733 3955 3078 4007 iuearnatum
3129 3948 3300 4000 fuisse
3349 3945 3636 3997 hominem-

2074 4068 2179 4120 que
2211 4051 2414 4118 factum
2455 4061 2602 4111 esse,
2661 4050 2972 4098 manentem
3006 4039 3060 4092 iu
3109 4035 3337 4089 veritate
3376 4033 3544 4086 Deum
3593 4039 3643 4084 et

2075 4142 2128 4193 in
2148 4119 2591 4192 immutabilitate
2615 4142 2948 4204 perstantem
2976 4145 2990 4193 ;
3021 4144 3126 4182 nos
3154 4140 3282 4178 vero
3301 4136 3647 4192 nequaquam

2079 4233 2244 4285 Deum
2277 4227 2578 4283 secundum
2613 4223 2971 4279 substantiam
3026 4217 3309 4286 accepisse
3337 4228 3516 4282 neque
3565 4228 3652 4266 se-

2075 4323 2311 4378 cundum
2345 4327 2595 4374 naturam
2627 4315 2898 4369 adunatos
2934 4327 3097 4378 esse;
3146 4322 3315 4362 unum
3349 4306 3491 4360 enim
3527 4312 3646 4356 erat

2076 4414 2208 4469 illud
2243 4411 2387 4483 quod
2422 4408 2524 4464 sibi
2559 4403 2857 4473 assumpsit
2889 4399 3123 4454 Verbum
3163 4383 3255 4450 Dei
3285 4392 3650 4464 unigenitum,

2074 4516 2128 4561 et
2157 4505 2241 4560 cui
2266 4509 2416 4557 arcte
2443 4501 2794 4568 conjunctum
2822 4503 2926 4555 est,
2972 4505 3000 4544 a
3032 4504 3141 4560 quo
3173 4494 3352 4540 manet
3394 4483 3650 4538 ἰηιιὶνὶεἰ-

2077 4599 2184 4654 bile
2209 4597 2349 4653 sicut
2374 4604 2426 4650 et
2458 4587 2870 4646 inconfusibile.
2905 4585 3039 4638 Cum
3070 4579 3269 4646 cuique
3311 4583 3515 4629 natura:
3551 4587 3648 4626 sua

2076 4691 2208 4753 sint,
2246 4688 2443 4743 divinae
2488 4683 2691 4743 divina,
2734 4680 2982 4732 humana:
3021 4667 3450 4734 humaua,vitiis
3490 4677 3648 4718 exceo

2077 4780 2205 4849 ptis,
2239 4787 2293 4832 et
2327 4777 2380 4829 in
2427 4773 2518 4828 illa
2574 4769 2794 4840 quidem
2843 4760 3322 4829 incircumscripta
3367 4754 3648 4812 immensi-

2079 4847 2187 4933 tas,
2249 4859 2826 4934 incomprehensibilis
2888 4856 3150 4919 inﬁnitas,
3207 4847 3644 4906 immutabilitas,

2075 4958 2353 5014 aeternitas
2377 4966 2429 5009 et
2465 4950 2858 5021 omnipotentia
2888 4964 2902 5014 ;
2943 4947 2998 5000 in
3037 4947 3274 4998 humana
3307 4948 3487 4992 autem
3525 4947 3647 4989 esse

2076 5047 2515 5116 circumscripta,
2575 5042 2830 5104 visibilis,
2887 5037 3111 5101 tactilis,
3140 5030 3441 5091 mutabilis,
3479 5035 3532 5079 et
3567 5027 3648 5077 in-

2075 5140 2310 5209 cepisse,
2373 5115 2706 5206 quapropter
2777 5133 3124 5185 incarnatum
3179 5121 3418 5175 Verbum
3471 5115 3646 5168 visum

2078 5230 2179 5284 fuit
2227 5239 2280 5283 et
2329 5233 2726 5282 contrectatqu
2781 5230 3118 5290 pessumque.
3150 5217 3530 5267 et-mortuum,
3566 5209 3650 5254 at-

2076 5335 2182 5388 que
2221 5317 2542 5380 resurrexit,
2601 5329 2710 5368 non
2745 5311 2930 5364 divina
2986 5297 3239 5374 equidem
3276 5297 3370 5352 sed
3411 5295 3648 5348 humana

2075 5380 2270 5468 natura
2301 5427 2317 5475 -,
2349 5409 2490 5462 umle
2524 5405 2756 5459 dilectus
2785 5401 2860 5453 ait
2888 5393 3192 5464 discipulus
3223 5406 3237 5444 :
3268 5407 3287 5440 ι
3357 5384 3511 5453 Quod
3547 5380 3650 5435 fuit

2075 5509 2143 5563 ab
2175 5506 2354 5570 initio,
2386 5500 2531 5572 quod
2583 5495 2981 5568 perspeximus,
3035 5485 3275 5541 vidimus
3328 5477 3504 5534 oculis
3550 5488 3649 5528 no-

2078 5600 2232 5665 stris,
2269 5609 2322 5653 et
2345 5609 2541 5650 manus
2564 5597 2764 5644 nostra:
2816 5584 3295 5639 contrectaverunt
3351 5573 3416 5624 de
3469 5567 3648 5620 Verbo

2074 5692 2215 5755 vitae,
2240 5699 2294 5744 et
2319 5690 2432 5743 vita
2463 5681 2812 5739 manifestata
2852 5685 2937 5731 est
2971 5690 2985 5738 ;
3024 5681 3076 5727 et
3123 5665 3508 5722 annuntiamus
3557 5671 3650 5706 vo-

2074 5787 2156 5842 bis
2199 5787 2360 5843 vitam
2410 5793 2664 5838 :ctcrnam
2717 5791 2839 5846 qua:
2872 5779 2988 5829 crat
3015 5766 3156 5839 apud
3189 5764 3426 5819 Patrem.
3466 5759 3519 5806 ct
3551 5763 3650 5814 ap-
