4050 6266
399 315 498 378 με)

1248 308 1629 371 SYMEONIS
1653 298 2178 365 THESSALONIC
2191 297 2408 357 ENSIS
2449 303 2486 356 A
2500 297 2652 358 RCH
2668 300 2679 354 |
2693 297 2804 358 ΕΡ.

3528 285 3629 350 1:36

391 425 571 494 paruit
601 424 780 480 nobis.
822 444 840 475 ν
894 422 994 476 ilic
1025 430 1108 478 est
1165 423 1328 491 igitur
1359 435 1520 476 verus
1568 418 1714 474 Deus
1754 425 1810 472 et
1851 416 2008 470 vitai

2093 412 2175 470 ιαὶ.
2217 431 2236 462 ‹
2276 413 2342 464 'll
2379 411 2492 480 ζωὴ
2519 407 2858 479 ἐφανερώθη.
2902 426 2920 460 t
2967 406 3094 468 Καὶ,
3119 376 3634 473 ιχἍπαγγέλλομεν

392 531 594 575 aeterna
651 518 808 573 Jesus
851 516 1105 572 Christus
1138 517 1309 579 solus,
1363 514 1638 584 perlectus
1694 511 1837 566 Deus
1889 511 1958 565 de

397 612 530 678 Deo,
555 611 791 665 Verbum
823 619 876 661 et
909 609 1078 663 Filius
1103 606 1415 676 unigenitus
1439 621 1465 659 a
1495 605 1654 659 Patre
1706 617 1836 657 vere
1868 603 1956 656 in—

392 711 673 764 carnatus,
727 710 782 756 et
839 700 1110 770 perfectus
1162 700 1323 753 homo
1371 698 1547 753 factus
1595 705 1680 752 est
1739 703 1962 766 propter

395 807 498 847 nos
534 791 805 852 homines.
863 790 1005 843 idem
1075 789 1216 843 Deus
1247 789 1499 858 idemque
1550 789 1718 842 homo
1741 788 1794 841 in
1851 802 1959 841 una

394 896 650 949 persona,
690 895 831 935 unus
861 880 1002 934 idem
1037 880 1090 934 in
1124 861 1338 934 duabus
1395 879 1606 934 naturis
1662 887 1717 933 et
1763 879 1960 932 volun.

395 972 599 1025 tatibus
658 987 720 1024 ac
775 971 1186 1038 operationibus
1219 973 1509 1040 cognitus;
1562 981 1616 1026 et
1670 970 1810 1025 idem
1843 977 1964 1025 erat

394 1061 664 1116 miracula
697 1060 925 1124 faciens,
957 1071 1012 1117 et
1041 1061 1270 1130 pedibus
1327 1063 1605 1126 incedens.
1639 1069 1692 1116 et
1714 1061 1963 1115 esuriens

395 1161 450 1206 et
477 1167 728 1214 vesceris,
785 1161 840 1206 et
897 1165 1068 1221 panes
1123 1152 1511 1222 multiplicans,
1553 1158 1610 1206 et
1660 1150 1964 1210 dormiens.

396 1251 452 1298 et
503 1253 678 1298 motos
731 1244 992 1299 cohibens
1044 1252 1270 1308 ventos,
1325 1250 1378 1298 et
1433 1251 1678 1297 mortuos
1728 1240 1969 1296 resusci-

398 1342 550 1400 tans,
581 1342 635 1387 et
671 1335 787 1401 ipse
819 1343 1070 1390 mortuus
1097 1343 1285 1404 utpote
1313 1333 1580 1397 mortalis.
1616 1341 1670 1387 et
1719 1333 1968 1403 signatus

400 1425 454 1479 in
501 1435 880 1488 monumento,
933 1435 986 1480 et
1023 1441 1184 1481 suum
1246 1425 1422 1494 ipsius
1462 1439 1664 1493 corpus
1705 1440 1736 1480 a
1795 1432 1970 1480 morte

397 1518 634 1584 erigens,
673 1524 727 1570 et
767 1528 894 1585 post
921 1516 1376 1570 resurrectionem
1419 1524 1616 1580 tactus,
1654 1523 1708 1570 et
1765 1515 1969 1571 clausis

393 1604 580 1673 jannls
640 1605 940 1674 ingressus,
993 1604 1220 1674 perinde
1281 1619 1345 1659 ac
1385 1617 1415 1658 a
1469 1604 1722 1673 sepulcro
1775 1603 1971 1672 sigillis

2063 506 2191 571 ὑμῖν
2215 504 2316 574 τὴν
2348 501 2496 573 ζωὴν
2542 504 2640 570 τὴν
2669 501 2911 566 αἰώνιον,
2946 501 3068 571 ἥτις
3098 495 3166 570 ἦν
3211 499 3350 568 πρὸς
3382 497 3476 550 τὸν
3523 496 3636 550 Πα-

2061 595 2215 666 τέρα,
2243 598 2337 648 καὶ
2360 595 2681 665 ἐφανερώθη
2707 597 2859 664 ἡμῖν.
2889 611 2907 644 ι
2939 589 3107 654 Οὗτος
3133 590 3312 644 τοίνυν
3336 592 3362 643 6
3384 587 3637 656 ἀληθινὸς

2061 687 2195 751 Θεὸς
2226 690 2320 740 καὶ
2349 687 2463 756 («ob
2485 686 2701 748 αἰώνιος
2731 683 3187 755 ἸησοῦςΧριστὸς
3223 683 3404 751 μόνος,
3431 682 3638 741 τέλειος

2059 777 2138 830 ὢν
2185 779 2316 840 Θεὸς
2368 781 2434 831 ἐκ
2489 775 2623 829 Θεοῦ
2675 772 3008 850 Λόγοςκκαὶ
3057 774 3182 836 Υἱὸς
3234 771 3527 841 μονογενὴς
3577 773 3641 823 ἐκ

2065 870 2300 940 Πατρὸς,
2329 869 2544 938 άληθῶς
2571 869 3023 938 ὲνανθρωπήσας,
3053 867 3150 920 καὶ
3178 866 3380 927 τέλειος
3411 864 3638 930 γέγονεν

2062 963 2348 1034 ἄνθρωπος
2385 961 2528 1030 ὑπὲρ
2553 961 2710 1030 ἡμῶν
2744 961 2854 1013 τῶν
2894 957 3220 1034 ἀνθρώπων,
3242 958 3272 1010 6
3313 954 3478 1017 αὐτὸς
3506 952 3640 1015 Θεὸς

2063 1054 2141 1109 ὢν
2180 1055 2272 1108 καὶ
2302 1056 2330 1106 6
2375 1054 2535 1108 αὐτὸε
2563 1051 2846 1121 ἄνθρωπος
2871 1051 2945 1104 ὢν
2984 1053 3040 1103 ὲν
3092 1051 3190 1120 μιᾷ
3220 1049 3286 1118 τῇ
3323 1047 3641 1112 ὑποστάσει,
3706 1097 3717 1107 ,

2063 1141 2144 1210 εἷς
2177 1148 2205 1200 6
2233 1147 2395 1208 αὐτὸς
2437 1149 2496 1197 ιν
2540 1145 2660 1198 δυσὶ
2698 1144 2821 1208 ταῖς
2873 1143 3067 1210 φύσεσι
3117 1142 3212 1194 καὶ
3258 1140 3512 1210 θελήσεσι
3550 1135 3642 1190 καὶ

2065 1237 2366 1306 ἐνεργείαις
2413 1236 2836 1305 γνωριζόμενος.
2871 1237 2977 1289 Καὶ
3029 1236 3057 1287 6
3105 1233 3268 1296 αὐτὸς
3310 1227 3379 1300 ἦν
3428 1233 3644 1296 θαυμα-

2065 1327 2334 1398 τουργῶν,
2366 1328 2460 1380 καὶ
2513 1327 2858 1397 πεζοπορῶν,
2901 1327 2993 1378 καὶ
3024 1323 3231 1378 πεινῶν
3285 1322 3381 1376 καὶ
3438 1319 3641 1388 τρεφό-

2070 1435 2248 1489 μενος,
2281 1420 2377 1473 καὶ
2405 1419 2694 1488 πληθύνων
2729 1419 2858 1482 τοῦς
2888 1417 3109 1488 ἄρτους,
3139 1417 3234 1468 καὶ
3274 1415 3644 1484 κοιμώμενος,

2067 1511 2164 1568 καὶ
2212 1510 2376 1564 ἱστῶν
2429 1511 2678 1577 κινήσεις
2725 1509 2964 1575 ἀνέμων,
3001 1508 3097 1560 καὶ
3125 1506 3359 1560 άνιστῶν
3391 1506 3646 1574 νεκροὺς,

2071 1603 2161 1656 καὶ
2192 1600 2596 1667 θανιτούμενος
2624 1599 2698 1660 ὡς
2725 1597 2940 1668 θνητὸς,
2979 1599 3076 1649 καὶ
3104 1594 3545 1664 σφραγιζόμενος
3588 1593 3650 1643 ὲν

400 1696 626 1750 minime
665 1695 857 1750 fractis
905 1697 1164 1760 exierat;
1234 1710 1358 1749 cum
1413 1696 1552 1749 idem
1609 1695 1769 1750 simul
1823 1701 2008 1794 esset1

2093 1695 2344 1764 ινὴματι,
2377 1693 2473 1746 καὶ
2523 1691 2757 1745 ἀνιστῶν
2799 1688 3001 1743 ἑαυτοῦ
3028 1688 3088 1740 τὸ
3130 1688 3311 1756 σῶμα,
3348 1687 3440 1738 καὶ
3471 1683 3654 1752 ψηλαο

403 1787 544 1842 Dens
599 1796 654 1841 ct
701 1788 887 1850 homo,
938 1787 1069 1842 illud
1128 1789 1347 1857 quidem
1405 1789 1578 1859 prius,
1633 1789 1778 1843 istud
1839 1777 2008 1843 veru'

2093 1787 2309 1857 ρόμενος
2345 1785 2482 1853 μετὰ
2525 1785 2626 1852 τὴν
2673 1783 2917 1853 ἔγερσιν,
2955 1781 3050 1833 καὶ
3094 1778 3282 1833 είσιὼν
3325 1777 3652 1845 κεκλεισμέ-

403 1877 700 1945 posterius,
727 1879 831 1931 alia
869 1878 1088 1942 quidem
1116 1887 1174 1933 ut
1237 1880 1403 1934 homo
1451 1880 1687 1949 patiens,
1726 1879 1828 1935 alia
1878 1895 1973 1934 auv

403 1973 510 2019 tem
537 1975 597 2020 ut
639 1965 779 2020 Deus
816 1965 1079 2028 alliciens,
1144 1978 1427 2038 propterea
1482 1971 1573 2026 ille
1633 1971 1784 2026 solus
1830 1970 1978 2025 Deus

403 2065 486 2110 cst
519 2065 575 2112 et
601 2073 761 2112 nemo
788 2059 946 2123 alius.
971 2060 1070 2113 etsi
1121 2060 1282 2115 fuerit
1309 2063 1650 2124 incarnatus.
1716 2065 1980 2133 illiusque

405 2149 579 2204 solius
608 2151 903 2204 secundum
937 2159 1206 2206 naturam.
1250 2155 1409 2210 Pater
1448 2167 1524 2209 est
1579 2156 1741 2211 Pater
1784 2157 1980 2223 quisu-

2077 1893 2184 1930 νων
2231 1876 2340 1929 τῶν
2384 1875 2583 1944 θυρῶν,
2617 1875 2692 1937 ὡς
2722 1873 2817 1926 καὶ
2863 1871 3055 1940 ἐξῆλθε
3087 1869 3182 1924 τοῦ
3225 1871 3397 1938 τάφου
3443 1869 3517 1938 μὴ
3540 1867 3655 1920 δικ·-

2077 1969 2343 2023 λυθεισῶν
2386 1967 2498 2022 τῶν
2538 1966 2874 2037 σφραγίδων.
2922 1965 3077 2018 Ἐπεὶ
3130 1965 3226 2017 καὶ
3273 1963 3407 2024 Θεὸς
3438 1958 3524 2032 ἦν,
3561 1961 3656 2014 καὶ

2082 2061 2369 2132 ἄνθρωπος
2399 2062 2426 2113 6
2457 2059 2638 2121 αὐτὸς,
2667 2058 2729 2110 τὸ
2760 2058 2858 2126 μὲν
2889 2054 3095 2124 προὼν,
3125 2055 3187 2107 τὸ
3219 2055 3272 2107 δὲ
3308 2053 3534 2122 ὕστερον
3561 2068 3661 2118 γε-

2081 2154 2278 2224 γονὼς,
2302 2154 2397 2206 καὶ
2423 2151 2492 2205 τὰ
2529 2152 2628 2220 μὲν
2660 2153 2885 2218 πάσχων
2921 2148 2998 2212 ὼς
3043 2147 3351 2216 ἄνθρωπος,
3390 2145 3457 2196 τὰ
3489 2143 3545 2196 δὲ
3578 2144 3655 2204 ὡς

406 2255 502 2308 per
561 2242 742 2294 omnia
819 2242 962 2298 Deus
1011 2255 1138 2306 est,
1189 2257 1377 2300 noster
1432 2257 1612 2301 autem
1681 2249 1979 2303 secundum

2093 2247 2215 2311 Θεὸς
2249 2245 2506 2316 ἐνεργῶν.
2537 2243 2636 2297 Διὰ
2686 2243 2845 2294 τοῦτο
2897 2241 3110 2302 ἐκεῖνος’
3153 2240 3310 2307 μόνος
3347 2236 3479 2297 Θεό;
3516 2237 3658 2302 ἐστι⁹

406 2332 660 2400 gratiam.
688 2332 788 2398 Qui
817 2335 936 2403 ejus
967 2338 1228 2394 est,l)eus
1297 2347 1514 2408 propter
1546 2356 1667 2404 nos,
1721 2342 1980 2408 quatiant

2093 2341 2180 2392 καὶ
2228 2338 2402 2400 οὐδεὶς
2437 2336 2614 2401 ἄλλος,
2663 2336 2711 2387 εί
2766 2335 2857 2386 καὶ
2910 2331 3323 2401 ἑνηνθρώπησε.
3381 2328 3656 2383 Κάκείνου

407 2421 680 2485 primitias
736 2435 943 2478 natura:
974 2434 1172 2480 nostrae
1230 2430 1550 2495 assumpsit,
1617 2443 1802 2484 uoster
1854 2447 1983 2486 vero

2093 2431 2253 2502 μόνου
2286 2432 2362 2500 τῇ
2385 2428 2542 2497 φύσει
2577 2424 2768 2495 Πατὴρ
2793 2427 2820 2478 6
2856 2424 3067 2493 Πατὴρ,
3090 2425 3117 2476 6
3149 2422 3240 2475 καὶ
3259 2422 3351 2474 ἐπὶ
3385 2419 3494 2474 τῶν
3525 2419 3662 2473 πάν-

409 2511 574 2576 Deus,
625 2520 812 2580 utpote
871 2527 1090 2568 creator
1141 2526 1350 2580 noster,
1401 2533 1524 2572 cum
1580 2531 1842 2574 creatum
1913 2523 1987 2574 si-

2093 2535 2195 2572 των
2219 2517 2372 2583 Θεὸς,
2407 2515 2564 2586 ἡμῶν
2595 2515 2652 2568 δὲ
2680 2513 2822 2566 κατὰ
2856 2512 3039 2582 χάριν.
3077 2509 3174 2574 ’ος
3201 2510 3295 2564 καὶ
3329 2510 3464 2572 Θεὸς
3493 2505 3662 2561 αὐτοῦ

407 2616 552 2666 inus,
577 2617 683 2656 non
710 2613 892 2658 autem
929 2605 1048 2660 lilii.
1084 2606 1204 2660 Filii
1236 2609 1456 2677 quidem
1495 2620 1548 2664 et
1607 2626 1707 2665 nos
1768 2628 1982 2679 sumus,

2093 2610 2156 2662 δι’
2185 2609 2352 2677 ἡμᾶς,
2382 2607 2477 2659 καὶ
2501 2606 2530 2658 ὸ
2563 2605 2891 2674 προσείληφε
2927 2602 3288 2671 πρόσλημμα,
3316 2601 3411 2670 τῆς
3446 2600 3663 2669 φύσεως

408 2691 504 2747 sed
541 2709 637 2762 per
705 2697 1016 2766 adoptionis
1081 2700 1334 2768 gratiam,
1399 2701 1599 2755 eximia
1653 2703 1987 2772 benignitate

2093 2699 2247 2771 ἡμῶν
2277 2697 2551 2767 ἀπαρχὴν,
2575 2699 2668 2749 καὶ
2691 2694 2823 2756 Θεὸς
2848 2694 3007 2764 ἡμῶν
3025 2692 3104 2755 ὡς
3127 2691 3455 2762 δημιουργὸς
3481 2691 3513 2759 ὴ
3523 2689 3662 2760 μῶν,

406 2783 530 2838 Filii
600 2789 907 2842 secundum
968 2798 1224 2843 naturam
1283 2791 1448 2845 nobis
1509 2792 1756 2861 adunati,
1823 2806 1989 2866 atque

2093 2787 2408 2857 κτισμάτων
2459 2787 2629 2840 όντων
2671 2785 2849 2856 ἡμῶν,
2897 2783 2990 2836 καὶ
3039 2785 3138 2852 οὐχ
3182 2782 3335 2836 υἱῶν.
3373 2783 3431 2834 Ei
3477 2782 3532 2834 δὲ
3571 2780 3666 2833 καὶ

409 2875 548 2931 adeo
588 2888 746 2946 prout
773 2879 962 2947 gratiae
996 2880 1294 2950 participes
1326 2897 1542 2947 sumus,
1581 2886 1842 2954 quoniam
1873 2889 1989 2957 ipse

2093 2881 2201 2934 υἱοὶ
2249 2880 2428 2947 ἡμεῖς,
2467 2875 2602 2929 ἀλλὰ
2638 2875 2780 2928 κατὰ
2833 2874 2984 2927 θέσιν
3019 2875 3116 2926 καὶ
3141 2874 3231 2926 διά
3263 2873 3357 2925 τοῦ
3389 2873 3527 2924 κατὰ
3561 2871 3668 2938 φύ-

410 2968 630 3036 quidem
655 2984 774 3023 cum
823 2974 896 3026 sit
932 2981 1130 3026 natura
1154 2970 1348 3037 Filius,
1385 2976 1686 3031 secundum
1728 2986 1981 3034 naturam

2095 2986 2181 3022 σιν
2208 2967 2312 3038 53
2339 2964 2472 3018 Υίοῦ
2503 2965 2633 3035 ἡμῖν
2659 2962 2952 3024 ἕνωθέντος
2981 2961 3128 3033 ἄκρᾳ
3167 2963 3514 3032 χρηστότητι.
3543 2958 3670 3010 Τοί-

412 3060 576 3115 habet
597 3076 716 3129 quae
741 3071 869 3116 sunt
890 3061 1070 3117 Patris
1089 3075 1143 3119 et
1167 3064 1428 3134 Spiritus,
1447 3075 1504 3120 et
1530 3069 1987 3136 quemadmodum

2093 3079 2188 3112 νυν
2231 3056 2377 3110 οὕτω
2408 3057 2502 3109 καὶ
2545 3054 2685 3107 κατᾶ
2728 3055 2790 3106 τὸ
2823 3053 3069 3123 μετέχειν
3099 3053 3244 3122 ἡμᾶς
3273 3051 3376 3120 τῆς
3406 3051 3624 3120 χάριτος
3648 3064 3666 3081 ο

414 3153 546 3221 ipsis
583 3156 892 3210 communis
929 3165 1012 3211 est
1047 3171 1263 3226 unaque
1304 3167 1519 3222 natura,
1577 3163 1652 3214 ita
1683 3163 1991 3218 communis

2095 3153 2178 3204 ὅτι
2209 3149 2370 3210 αὐτὸς
2402 3146 2501 3217 μὲν
2529 3140 2617 3199 οἷα
2652 3147 2810 3214 φύσει
2860 3144 3011 3208 Υἱὸς,
3045 3146 3185 3196 κατὰ
3229 3144 3395 3211 φύσιν
3436 3142 3549 3211 ἔχει
3601 3141 3670 3193 τὰ

415 3253 496 3298 cst
529 3246 763 3311 po‘entia
796 3245 1051 3314 donaque
1078 3248 1412 3302 communia.
1443 3249 1657 3318 Corpus
1690 3267 1818 3305 vero
1847 3262 1994 3306 arcte

2093 3240 2189 3295 τοῦ
2219 3238 2431 3309 Πατρὸς
2459 3239 2550 3291 καὶ
2577 3237 2673 3290 τοῦ
2709 3237 3047 3305 Πνεύματος,
3072 3237 3168 3288 καὶ
3196 3234 3353 3305 κοινὴ
3382 3235 3564 3296 αὐτοῖς
3592 3235 3669 3295 ὼς

417 3337 576 3390 nobis
603 3339 956 3402 coniunctum
991 3339 1174 3393 omnia
1207 3341 1367 3394 habet
1397 3357 1520 3408 qua:
1568 3344 1864 3398 secundam
1895 3359 1995 3398 na-

419 3435 598 3480 turam
630 3439 757 3482 sunt
782 3429 942 3484 Verbi
976 3445 1004 3483 a
1055 3447 1162 3500 quo
1198 3441 1541 3501 assumptum
1581 3444 1666 3490 est
1719 3437 1998 3493 universa-

421 3533 525 3583 que
558 3517 736 3574 Patris
763 3528 816 3573 et
876 3521 1114 3590 Spiritus
1169 3523 1528 3588 charismata,
1561 3541 1682 3580 cum
1736 3545 1765 3582 a
1815 3531 1996 3585 Verbo

422 3605 633 3676 seiungi
671 3619 965 3677 nequeant,
1003 3621 1056 3664 et
1108 3623 1396 3681 propterea
1445 3613 1665 3668 Christo
1710 3616 1850 3669 inest
1879 3630 1997 3669 om-

423 3700 512 3752 nis
566 3699 848 3768 plenitudo
901 3701 1226 3757 divinitatis.
1287 3703 1345 3756 In
1415 3704 1573 3758 nobis
1620 3715 1801 3760 autem
1855 3706 1998 3760 dona

424 3801 553 3845 sunt
579 3791 879 3846 secundum
911 3803 1119 3861 partem
1150 3805 1204 3847 et
1229 3796 1558 3858 analogiam,
1614 3811 1738 3848 nam
1791 3811 1854 3849 ex
1887 3797 1997 3864 ple-

424 3879 673 3934 nitudine
724 3881 842 3950 ejus
893 3897 1084 3938 omnes
1142 3899 1241 3937 uos
1307 3886 1618 3952 accepimus
1678 3896 1732 3939 et
1771 3889 1997 3954 gratiam

424 3984 523 4040 pro
553 3971 724 4040 gratia
756 3971 1038 4039 majorem,
1102 3973 1303 4041 quippe
1339 3985 1435 4039 pro
1491 3976 1684 4028 umbra
1741 3975 1880 4028 lucis
1910 3991 2000 4030 lle-

429 4062 603 4116 ritatis
630 4063 804 4116 lucem
837 4066 1164 4130 accepimus.
1201 4063 1265 4118 Et
1297 4065 1409 4118 haec
1438 4074 1556 4119 erat
1585 4066 1672 4118 Ιυιι
1722 4081 1845 4118 vera
1879 4079 2000 4135 qua:

427 4151 695 4206 illuminat
731 4152 1004 4207 hominem
1055 4155 1358 4209 venientem
1412 4158 1463 4208 in
1516 4157 1658 4211 hunc
1713 4159 1997 4223 mundum,

429 4242 677 4296 Christus
705 4242 864 4297 Jesus
896 4245 1038 4298 Deus
1090 4256 1275 4298 noster
1300 4247 1392 4308 qui
1453 4247 1586 4301 dicit
1618 4266 1631 4301 :
1669 4267 1688 4299 ι
1733 4248 1840 4318 Ego
1879 4265 2000 4304 sum

430 4327 521 4382 lux
549 4331 774 4396 mundi;
810 4349 828 4382 ι
857 4344 911 4386 et
950 4353 962 4385 :
996 4353 1015 4383 ι
1050 4334 1152 4398 Qui
1181 4336 1428 4401 sequitur
1461 4351 1547 4391 me
1600 4352 1708 4391 non
1759 4338 1999 4392 ambulat

2096 3335 2194 3386 καὶ
2221 3334 2252 3400 ἠ
2284 3331 2448 3400 φύσις
2475 3330 2568 3383 καὶ
2598 3328 2716 3399 μία,
2749 3329 2846 3382 καὶ
2877 3330 2909 3397 ἡ
2936 3327 3168 3396 δύναμις
3203 3327 3297 3379 καὶ
3325 3327 3508 3396 δωρεά
3530 3341 3545 3356 ο
3573 3327 3674 3376 καὶ

2097 3429 2158 3480 τὸ
2186 3427 2346 3496 σῶμα
2373 3425 2430 3478 δὲ
2453 3425 2513 3478 τὸ
2547 3426 2731 3492 ἄκρως
2758 3421 3036 3491 ἡνωμένον
3060 3420 3206 3490 αὺτῷ
3237 3420 3418 3473 πάντα
3457 3418 3570 3488 ἔχει
3601 3417 3676 3470 τά

2100 3535 2160 3570 τε
2198 3518 2339 3570 κατὰ
2366 3514 2529 3581 φύσιν
2557 3515 2651 3568 τοῦ
2684 3515 2861 3580 Λόγου
2905 3511 3000 3565 τοῦ
3047 3511 3480 3581 προσειληφότος
3515 3509 3675 3572 αὐτὸ,

2100 3609 2196 3662 καὶ
2223 3607 2318 3661 τοῦ
2350 3605 2559 3676 Πατρὸς
2596 3607 2688 3658 καὶ
2720 3604 3041 3672 Πνεύματος
3062 3603 3129 3655 τὰ
3157 3602 3497 3672 χαρίσματα,
3525 3601 3675 3668 ἀχωο

2105 3700 2306 3771 ρίστων
2330 3699 2500 3751 ὅντων
2527 3696 2620 3750 τοῦ
2645 3697 2842 3764 Λόγου.
2872 3694 2979 3748 Καὶ
3008 3695 3095 3748 διὰ
3122 3694 3280 3747 τοῦτο
3309 3696 3419 3748 πᾶν
3445 3693 3508 3746 τὸ
3538 3693 3684 3763 πλή-

2105 3807 2265 3860 ρωμα
2307 3790 2365 3841 ἐν
2402 3787 2478 3856 τῷ
2521 3787 2742 3859 Χριστῷ
2792 3786 2895 3854 τῆς
2933 3787 3214 3857 θεότητος·
3242 3789 3299 3840 ὲν
3325 3787 3456 3855 ἡμῖν
3490 3786 3545 3838 δὲ
3581 3801 3682 3853 με-

2105 3881 2234 3952 ρικά
2270 3883 2366 3935 καὶ
2391 3879 2632 3947 ἀνάλογα
2664 3879 2730 3933 τὰ
2758 3879 3060 3949 δωρήματα
3108 3879 3342 3932 καθόσον
3373 3877 3677 3946 δυνάμεθα.

2114 3974 2206 4026 Ἐκ
2242 3971 2354 4042 γὰρ
2379 3971 2473 4025 τοῦ
2509 3969 2878 4041 πληρώματος
2898 3969 3061 4022 αὐτοῦ
3089 3971 3250 4039 ἡμεῖς
3270 3970 3468 4030 πάντες
3491 3969 3680 4021 ελαϐο-

2105 4081 2224 4132 μεν,
2262 4063 2357 4117 καὶ
2375 4065 2535 4132 χάριν
2561 4063 2681 4114 ἀντὶ
2707 4063 2926 4130 χάριτος
2972 4061 3212 4129 μείζονα.
3260 4061 3405 4112 Ἀντὶ
3435 4061 3546 4128 γὰρ
3581 4060 3682 4127 τῆς

2104 4156 2261 4217 σκιᾶς
2277 4154 2369 4207 τοῦ
2395 4155 2558 4221 νόμου
2579 4155 2643 4206 τὰ
2661 4153 2756 4221 τῆς
2779 4152 3032 4219 ἀληθείας
3064 4151 3354 4220 ἐλάϐομεν.
3390 4152 3498 4203 Καὶ
3520 4151 3683 4202 τοῦτ’)

2099 4241 2168 4314 ἦν
2187 4245 2246 4298 τὸ
2273 4245 2386 4314 φῶς
2407 4246 2467 4297 τὸ
2483 4243 2756 4312 ἀληθινὸν,
2779 4243 2808 4295 ὃ
2837 4241 3062 4311 φωτίζει
3093 4242 3267 4294 πάντα
3293 4242 3388 4296 ἄνθ
3399 4242 3685 4310 ρωπονξὲρ-

2101 4337 2331 4409 χύμενον
2381 4337 2460 4396 είς
2511 4336 2606 4387 τὸν
2673 4335 2879 4402 κόσμον
2931 4333 3139 4402 Ἰησοῦς
3191 4332 3427 4401 Χριστὸς
3472 4333 3500 4384 6
3549 4331 3684 4392 Θεὸς

432 4423 486 4476 in
517 4423 771 4490 tenebris,
808 4424 903 4478 sed
934 4425 1154 4480 habebit
1200 4428 1380 4481 lumen
1412 4427 1558 4493 vitae,
1594 4446 1611 4478 ι
1669 4428 1762 4495 qui
1811 4443 2004 4483 secun-

2110 4429 2341 4497 ἡμῶν,ό
2371 4427 2568 4494 λέγων,
2617 4445 2636 4477 ι
2684 4423 2829 4492 Ἐγώ
2874 4426 2991 4495 εἰμι
3039 4426 3101 4477 τὸ
3148 4425 3263 4490 φῶς
3309 4423 3403 4479 τοῦ
3452 4424 3679 4492 κόσμου.

435 4515 557 4565 dum
590 4528 690 4567 nos
724 4514 919 4578 iactus,
955 4523 1013 4569 ut
1064 4532 1162 4569 nos
1214 4516 1448 4585 duplicis
1483 4518 1804 4572 substantia:
1842 4535 2004 4573 sanc-

433 4603 687 4671 tiﬁcaret,
753 4607 1007 4676 mysteria
1071 4608 1338 4675 adhibuit,
1393 4617 1447 4661 ct
1507 4609 1794 4677 dupliciter
1857 4610 2009 4665 nobis

433 4696 662 4764 largitus
692 4705 774 4750 est
822 4700 1078 4766 gratiam.
1135 4698 1374 4753 Primum
1415 4702 1632 4769 quidem
1684 4702 2007 4769 baptismum

433 4787 861 4844 deditdonorum
931 4790 1278 4858 principium,
1345 4791 1541 4845 deinde
1596 4807 1724 4845 ver.)
1767 4808 2010 4860 unguen-

437 4890 552 4934 tum
596 4894 690 4949 per
741 4880 922 4933 oleum
975 4890 1029 4934 et
1085 4882 1483 4948 impositionem
1537 4899 1820 4949 manuum,
1869 4885 2010 4944 dona

436 4971 732 5042 gratiarum
767 4979 823 5023 et
855 4970 1170 5037 prophetiae,
1209 4975 1568 5041 apostolatus,
1607 4979 2012 5047 praedicationis

437 5072 491 5117 et
520 5063 807 5118 sacerdotii
831 5077 926 5132 per
949 5062 1351 5132 impositionem
1378 5082 1661 5134 tnauuum,
1688 5085 1782 5139 per
1809 5070 2011 5125 adven-

444 5167 553 5210 tum
583 5164 635 5210 et
652 5157 943 5210 stationem
981 5155 1220 5225 Spiritus
1247 5157 1302 5210 in
1335 5157 1530 5224 linguis
1594 5162 1786 5230 igneis,
1823 5178 2014 5230 opera-

444 5251 621 5303 tiones
686 5250 966 5313 virtutum,
1030 5251 1512 5320 interpretationes
1578 5265 1633 5308 et
1702 5257 2011 5318 linguarum

442 5342 777 5408 nrietates;
829 5351 990 5413 atque
1021 5342 1305 5398 ministerii
1371 5346 1696 5400 charismata
1757 5348 2016 5416 pluraque

445 5432 549 5486 alia
580 5448 802 5487 munera
836 5433 1124 5489 ineﬂ‘ahilia
1187 5451 1307 5504 quae
1363 5438 1544 5490 omnia
1597 5449 1724 5492 sunt
1773 5439 2018 5506 ejusdem

448 5535 507 5576 et
566 5526 731 5577 unius
790 5527 966 5580 sancti
1033 5527 1270 5596 Spiritus
1321 5529 1684 5596 operationes.
1742 5530 2016 5594 Quamob-

452 5632 566 5670 rem
620 5616 837 5672 diversa
885 5627 1014 5672 sunt
1065 5619 1396 5673 charismata
1454 5630 1508 5674 et
1548 5622 1599 5674 in
1658 5620 1842 5674 multis
1893 5635 2021 5688 ope—

455 5705 650 5772 rantizt,
691 5717 741 5762 et
775 5705 866 5762 alii
899 5708 1114 5776 quidem
1139 5709 1302 5774 istud,
1346 5708 1631 5762 ahiautcm
1662 5707 1805 5762 aliud
1837 5708 2014 5775 datur,

2113 4520 2224 4572 Καὶ
2276 4522 2304 4571 ὁ
2355 4517 2664 4572 ἀκολουθῶν
2694 4519 2817 4587 ἐμοὶ
2863 4517 2925 4569 οὐ
2977 4518 3054 4586 μὴ
3095 4516 3464 4586 περιπατήσει
3511 4517 3567 4567 ὲν
3612 4515 3679 4582 τῇ

2112 4609 2324 4680 σκοτίᾳ,
2351 4609 2466 4662 ἀλλ’
2506 4610 2614 4674 ἕξει
2641 4610 2700 4660 τὸ
2729 4606 2845 4676 φῶς
2883 4610 2982 4676 τῆς
3023 4606 3191 4675 ζωῆς.
3230 4626 3248 4658 ι
3297 4607 3393 4668 Ὃς
3435 4606 3528 4658 καὶ
3560 4604 3681 4656 καθ’

2112 4703 2261 4773 ἡμᾶς
2294 4701 2556 4770 γεγονὼς,
2592 4700 2657 4754 ἵν’
2681 4701 2887 4770 ἁγιάσῃ
2930 4700 3077 4768 ἡμᾶς
3113 4699 3333 4760 διπλοῦς
3365 4700 3548 4764 ὄντας,
3588 4696 3682 4749 καὶ

2115 4792 2428 4863 μυστηρίων
2477 4792 2694 4860 ἐδεήθη.
2747 4793 2856 4844 Καὶ
2919 4791 3122 4854 διπλῶς
3168 4792 3300 4860 ἡμῖν
3359 4792 3460 4860 τὴν
3521 4791 3682 4858 χάριν

2113 4885 2412 4954 ὲὸράὃευσε
2439 4901 2451 4913 ’
2478 4887 2572 4939 καὶ
2602 4885 2889 4954 βάπτισμα
2924 4885 3022 4953 μὲν
3053 4884 3308 4954 ἀπαρχὴν
3338 4883 3483 4950 δωρη
3494 4883 3678 4951 μάτων

2113 4976 2369 5038 δέδωκεν,
2400 4974 2590 5026 ἔπειτα
2641 4973 2833 5042 μύρον,
2884 4973 3052 5044 ἐλαίῳ
3093 4990 3153 5025 τε
3190 4973 3282 5026 καὶ
3324 4975 3391 5042 τῇ
3439 4972 3682 5025 ἐπιθέσει
3739 4977 3748 4990 ’

2113 5066 2224 5118 τῶν
2254 5066 2476 5136 χειρῶν,
2499 5065 2590 5117 καὶ
2610 5065 2908 5134 δωρήματα
2934 5066 3179 5132 ἰαμάτων
3207 5065 3299 5116 καὶ
3323 5063 3684 5132 προφητείας,

2117 5159 2212 5211 καὶ
2269 5157 2594 5221 ἀποστολῆς,
2638 5156 2734 5210 καὶ
2790 5156 3166 5234 κηρύγματος,
3218 5157 3314 5210 καὶ
3361 5155 3683 5225 ἱερωσύνης,

2117 5246 2360 5299 ὲπιθέσει
2387 5247 2611 5316 χειρῶν,
2639 5247 2734 5300 καὶ
2759 5247 3026 5316 ὲπιδημίᾳ
3059 5249 3155 5300 καὶ
3187 5246 3493 5299 ὲπικαθίσει
3517 5244 3689 5299 Πνεύ-

2125 5358 2289 5411 ματος
2323 5341 2410 5393 διὰ
2441 5339 2681 5409 πυρίνων
2707 5338 2989 5405 γλωσσῶν,
3024 5338 3119 5391 καὶ
3148 5337 3500 5406 ἐνεργήματα.
3530 5333 3690 5388 δυνά-

2124 5449 2289 5501 μεων,
2321 5433 2413 5485 καὶ
2462 5430 2780 5501 ἑρμηνείας,
2837 5431 2928 5483 καὶ
2969 5429 3231 5495 γλωσσῶν
3274 5427 3562 5498 διαφορὰς,
3595 5425 3691 5478 καὶ

2120 5524 2405 5578 διακονιῶν
2430 5523 2764 5594 χαρίσματα,
2796 5523 2886 5575 καὶ
2908 5521 3164 5582 πλείστοις
3183 5519 3346 5580 ἄλλας
3374 5519 3693 5587 ἁμυθήτους

2121 5616 2352 5686 δωρεὰς,
2377 5616 2414 5670 ἃ
2442 5617 2619 5670 πάντα
2644 5615 2749 5668 εἰσὶ
2770 5616 2866 5668 τοῦ
2892 5612 3057 5667 αὑτοῦ
3081 5613 3172 5666 καὶ
3197 5611 3315 5673 ἐνὸς
3342 5610 3497 5677 ἁγίου
3526 5607 3692 5662 lived-

2129 5725 2296 5779 ματος
2328 5709 2698 5779 ἐνεργήματα.
2743 5708 2853 5761 Καὶ
2900 5707 2986 5760 διὰ
3031 5704 3188 5759 τοῦτο
3225 5704 3466 5774 ,διάφορα
3502 5703 3591 5754 καὶ
3624 5700 3689 5752 τὰ
