4050 6266
412 371 517 439 ιδπ

1472 381 1856 445 DIALOGUS
1887 382 2190 444 CONTRA
2229 385 2621 451 ILERESES.

3545 386 3648 452 158

410 493 747 565 χαρίσματα,
773 491 874 575 καὶᾃ
900 491 960 544 ὲν
996 493 1211 556 πολλοῖς
1237 494 1630 565 ἐνεργούμενα.
1654 495 1762 549 Kal
1791 488 1836 563 ᾧ
1877 495 1975 561 μὲν

2087 499 2534 566 quetnadmndum
2575 504 2650 558 ait
2702 500 2901 559 Paulus
2956 505 3186 561 dicens:
3223 503 3364 559 «Alii
3425 505 3642 575 quidem
3675 492 3678 495 ’

412 581 614 636 δΐδοται
643 581 821 646 τοῦτο,
845 573 898 649 ᾧ
925 582 982 634 δὲ
1016 582 1228 654 ἐκείνῳ,
1257 583 1332 645 ὡς
1362 583 1570 644 Παῦλός
1598 601 1753 654 φησι,
1777 581 1972 650 λέγων,

418 693 437 725 ι
485 666 554 744 Ὦ
585 673 683 742 μὲν
714 674 822 742 γὰρ
845 671 932 728 διὰ
973 675 1066 727 τοῦ
1116 676 1432 744 Πνεύματος
1461 676 1665 729 δίδοται
1695 676 1852 744 λόγος
1886 692 1978 728 σο-

413 767 562 830 ςίας,
588 765 733 836 ἄλλῳ
763 767 820 820 δὲ
850 767 1005 835 λόγος
1034 769 1287 836 γνώσεως
1309 768 1452 822 κατὰ
1476 771 1536 822 τὸ
1567 770 1701 824 αὐτὸ
1730 771 1973 837 Πνεῦμα,

408 857 555 929 ἄλλῳ
591 859 647 911 δὲ
679 860 1030 929 ἐνεργήματα
1052 860 1352 928 δυνάμεων,
1379 861 1524 932 ἄλλῳ
1546 861 1604 914 δὲ
1628 863 1974 930 προφητεῖαι,

410 951 558 1020 ἄλλῳ
587 951 643 1004 δὲ
670 951 967 1020 διακρίσεις
997 954 1345 1022 πνευμάτων,
1369 953 1542 1024 ἑτέρῳ
1571 953 1625 1005 δὲ
1650 952 1779 1021 γένη
1803 951 1979 1020 γλωσ-

412 1044 542 1109 σῶν,
572 1043 716 1113 ᾰλλῳ
742 1043 799 1096 δὲ
830 1044 1119 1114 ἑρμηνεῖαι
1151 1046 1434 1114 γλωσσῶν.
1481 1047 1662 1100 Πάντα
1701 1045 1756 1100 δὲ
1804 1044 1978 1100 ταῦτα

411 1134 626 1203 ἐνεργεῖ
652 1135 710 1188 τὸ
740 1135 798 1187 ἓν
833 1136 926 1188 καὶ
957 1136 1017 1188 τὸ
1046 1137 1179 1190 αὐτὸ
1213 1137 1460 1206 Πνεῦμα,
1489 1137 1736 1206 διαιροῦν
1765 1139 1980 1207 ἑκάστῳ

415 1225 521 1294 ἰδίᾳ
551 1224 736 1287 καθὼς
767 1225 1039 1295 βούλεται.
1103 1230 1248 1282 Διότι
1295 1229 1390 1283 καὶ
1441 1229 1499 1282 ἓν
1529 1230 1629 1300 μὲν
1657 1231 1810 1296 αὐτδ,
1841 1231 1978 1283 διαι-

413 1319 502 1386 ρεῖ
529 1317 585 1368 δὲ
616 1319 828 1388 ἑκάστῳ
855 1319 920 1373 τὰ
941 1321 1278 1388 χαρίσματα,
1311 1319 1492 1384 καθὼς
1515 1320 1784 1391 βούλεται.
1807 1339 1830 1374 ›
1867 1322 1979 1376 Kal

412 1409 628 1473 Ποιῦλός
661 1427 824 1480 φησιν
848 1424 863 1440 ³
893 1429 912 1462 ι
949 1411 1113 1480 Ἡμῖν
1147 1411 1203 1465 δὲ
1231 1406 1313 1474 εἷς
1345 1413 1478 1476 Θεὸς
1508 1415 1601 1487 καὶ
1631 1415 1819 1485 Πατὴρ
1841 1413 1979 1468 πάνι-

408 1518 541 1564 των,
595 1501 690 1554 καὶ
737 1496 818 1564 εἷς
874 1501 1080 1572 Κύριος
1119 1501 1324 1572 Ἰησοῦς
1359 1503 1616 1574 Χριστός.
1652 1523 1670 1556 ι
1705 1507 1814 1559 Kal
1845 1507 1976 1578 περὶ

408 1592 504 1644 τοῦ
531 1592 847 1660 Πνεῦματος
867 1595 1066 1664 ὁμοίως
1089 1612 1105 1627 ο
1138 1613 1156 1646 ι
1197 1596 1294 1647 Ἐν
1319 1595 1376 1648 δὲ
1403 1599 1499 1651 καὶ
1517 1597 1576 1648 τὸ
1599 1597 1728 1650 αὐτὸ
1755 1597 1977 1668 Πνεῦμα

410 1680 654 1753 διαιροῦν
693 1682 799 1751 ίδίᾳ
827 1684 1045 1753 ἑκάστῳ
1076 1683 1260 1747 καθὼς
1293 1683 1565 1755 βούλεται.
1598 1703 1616 1736 ι

978 1796 1226 1850 ΚΕΦΑΛ.
1263 1797 1386 1850 AB'.

411 1886 576 1940 Κατὰ
629 1887 920 1949 Λατίνων,
967 1887 1172 2010 ὅτιιῗκ
1199 1891 1411 1969 μόνου
1477 1889 1584 1944 τοῦ
1633 1890 1865 1959 Πατρός
1907 1889 1976 1944 τὸ

1128 1975 1330 2010 rsvua.

1128 1975 1330 2026 νευμα.

485 2047 650 2100 Ὀοεν
684 2046 919 2117 φανερόν
949 2049 1118 2111 ἐστιν,
1143 2049 1215 2111 ὡς
1247 2049 1304 2102 ἓν
1335 2049 1435 2116 μὲν
1468 2051 1527 2102 τὸ
1557 2051 1698 2104 θεῖον
1728 2051 1976 2122 Πνεῦμα,

413 2143 507 2196 καὶ
536 2144 603 2206 ,ὲκ
630 2140 724 2194 τοῦ
765 2141 882 2202 ἑνὸς
913 2142 1007 2195 τοῦ
1039 2143 1271 2214 Πατρός.
1310 2143 1406 2196 Ἐν
1435 2144 1494 2198 τὺ
1527 2147 1754 2216 Πνεῦμα
1781 2147 1856 2210 ὡς
1888 2151 1981 2200 ὲκ-

413 2235 779 2302 πορευὸμενον
812 2233 870 2299 ἐξ
905 2234 1092 2296 αὐτοῦ,
1117 2235 1191 2297 ὡς
1220 2237 1310 2288 καὶ
1337 2229 1419 2298 εἷς
1446 2239 1474 2289 6
1507 2237 1708 2305 Κύριος
1743 2239 1835 2293 καὶ
1864 2241 1976 2294 Mo-

412 2324 658 2390 νογενὴς,
689 2326 749 2377 ὲκ
785 2325 949 2392 μόνου
1003 2323 1094 2377 τοῦ
1151 2327 1363 2394 Πατρδς
1421 2329 1697 2397 γεννητῶς
1758 2333 1907 2384 ἐστιν
1952 2333 1980 2384 6

413 2414 562 2473 Υἱός.
614 2415 722 2468 Kal
770 2413 862 2467 διὰ
891 2414 1051 2468 τοῦτο
1084 2416 1144 2467 οὐ
1192 2414 1417 2470 δυνατὸν
1448 2417 1508 2469 τὸ
1537 2418 1594 2470 ἓν
1627 2422 1722 2472 καὶ
1757 2421 1822 2472 τὸ
1850 2421 1980 2474 αὐτὸ

414 2508 477 2559 ὲκ
504 2507 601 2560 δύο
630 2505 774 2574 ἔχειν
805 2507 907 2574 τὴν
956 2508 1152 2576 ἀρχὴν,
1195 2509 1270 2571 ὡς
1303 2510 1352 2562 οἱ
1381 2511 1597 2563 Λατῖνοί
1647 2528 1828 2579 φασιν,
1861 2513 1980 2564 ἐπεὶ

414 2597 508 2655 καὶ
545 2598 574 2650 6
607 2597 918 2670 Μονογενὴς
957 2593 1038 2660 εἷς
1075 2600 1141 2652 ἐκ
1169 2598 1262 2652 τοῦ
1294 2601 1413 2664 ἑνός
1443 2602 1580 2655 ἐστι.
1605 2603 1714 2655 Kal
1736 2602 1894 2670 μόνος
1915 2604 1980 2657 lx

417 2689 582 2757 μόνου
615 2689 909 2756 γεννητῶς,
935 2689 1010 2753 ὡς
1058 2691 1155 2742 καὶ
1202 2689 1262 2742 τὸ
1317 2689 1459 2744 θεῖον
1519 2691 1744 2761 Πνεῦμα
1776 2693 1855 2757 ἓν,
1886 2695 1980 2748 καὶ

416 2780 578 2852 μόνον
607 2783 671 2835 ἐκ
707 2781 869 2851 μόνον
899 2781 993 2836 τοῦ
1029 2783 1242 2852 Πατρδς
1291 2785 1657 2854 ὲκπορευτῶς.
1691 2786 1800 2840 Kal
1833 2783 1914 2851 εἷς
1951 2790 1981 2843 ὀ

413 2873 587 2935 atrio;
613 2873 841 2940 τούτων,
869 2875 952 2928 ὅτι
981 2876 1076 2928 καὶ
1112 2875 1247 2945 πρὸς
1279 2875 1439 2930 αύτδν
1468 2877 1534 2930 τὰ
1564 2877 1624 2941 ἐξ
1658 2877 1824 2932 αὐτοῦ
1850 2880 1978 2932 ἀνα-

414 2965 662 3033 φέρεται.
692 2965 798 3020 Kal
823 2963 913 3018 διὰ
939 2963 1101 3017 τοῦτο
1125 2966 1395 3036 μοναρχία
1418 2966 1478 3019 τὸ
1499 2969 1981 3036 προσκυνούμενον

414 3058 568 3126 ἡμῖν,
607 3059 689 3112 ὅτι
727 3055 864 3127 πρὸς
914 3058 974 3111 τὸ
1016 3056 1074 3110 ἓν
1105 3056 1301 3126 αἴτιον,
1330 3060 1419 3112 τδν
1450 3060 1691 3132 Πατέρα,
1726 3060 1786 3114 τὺ
1823 3062 1982 3128 μόνον

2003 1825 2051 1885 Β

2081 604 2177 658 per
2233 589 2495 657 Spiritum
2547 591 2708 645 datur
2767 607 2946 651 sermo
2993 594 3287 663 sapientiae,
3323 594 3414 649 alii
3463 604 3644 650 autem

2080 694 2262 734 sermo
2289 682 2528 737 scientiae
2558 685 2852 739 secundum
2904 687 3148 740 eumdem
3177 685 3434 754 Spiritum
3471 704 3488 752 ;
3513 688 3650 741 alte-

2082 773 2124 827 ri
2159 773 2293 829 lides
2333 774 2386 828 in
2430 775 2620 829 eodem
2675 777 2877 843 Spiritu
2911 793 2925 842 ;
2958 778 3050 832 alii
3085 779 3332 846 opu-ratio
3361 780 3644 842 virtutum,

2081 863 2171 918 alii
2203 865 2509 934 prephetia,
2540 867 2629 920 alii
2663 865 2925 922 discretio
2979 869 3268 938 spirituum
3305 886 3322 933 ;
3362 870 3451 922 alii
3483 873 3646 937 genev

2079 968 2140 1010 ra
2171 954 2513 1023 linguarum;
2545 955 2634 1009 alii
2705 957 3076 1026 interpretatio
3129 973 3484 1025 sermonum;
3531 957 3649 1012 haec

2080 1056 2260 1101 autem
2299 1047 2480 1101 omnia
2509 1056 2767 1114 Operatur
2796 1065 2936 1102 unus
2986 1060 3148 1119 atque
3176 1050 3318 1105 idem
3385 1049 3644 1120 Spiritus,

2081 1137 2323 1193 dividens
2372 1136 2602 1208 singulis
2633 1148 2794 1207 prout
2843 1139 3004 1194 vult:
3048 1159 3068 1193 ι
3109 1141 3228 1196 ideo
3265 1142 3382 1210 ipse
3426 1141 3644 1210 quidem

2082 1243 2220 1285 unus
2242 1237 2362 1295 est,
2402 1229 2596 1284 dividit
2623 1240 2804 1285 autem
2842 1232 3072 1300 singulis
3128 1243 3284 1303 prout
3319 1232 3453 1286 vult.
3503 1231 3649 1284 Dixit

2078 1322 2240 1376 etiam
2268 1320 2468 1375 Paulus
2500 1335 2517 1374 :
2556 1339 2575 1372 ι
2605 1320 2771 1375 Nobis
2804 1337 2931 1376 vero
2968 1338 3110 1376 unus
3159 1333 3242 1376 est
3277 1322 3416 1376 Deus
3462 1333 3515 1374 ct
3544 1320 3649 1374 Pa-
3737 1377 3742 1384 ,

2080 1420 2162 1466 ter
2203 1411 2466 1477 omnium,
2501 1427 2746 1477 unusque
2794 1411 3050 1470 Dominus
3103 1411 3265 1468 Jesus
3306 1411 3558 1466 Christus
3590 1428 3645 1476 ,ι

2078 1511 2130 1558 et
2162 1503 2410 1557 similiter
2439 1503 2503 1556 de
2534 1501 2737 1569 Spiritu
2772 1523 2784 1556 :
2831 1521 2849 1554 ι
2888 1501 3036 1558 Unus
3085 1515 3246 1573 atque
3296 1504 3438 1559 idem
3479 1502 3649 1572 Spiri-

2081 1605 2166 1650 tus
2193 1594 2439 1650 dividens
2469 1594 2701 1664 singulis
2726 1602 2885 1662 prout
2920 1593 3049 1648 vult.
3090 1614 3109 1646 ι

2625 1793 2855 1850 CAPUT
2905 1793 3122 1850 XXXII.

2082 1888 2283 1945 Contra
2307 1889 2548 1956 Latinos,
2581 1889 2720 1958 quod
2751 1905 2818 1944 ex
2831 1889 2962 2010 ἔξω
2990 1886 3151 1943 Patre
3183 1888 3416 1958 Spiritus
3469 1906 3648 1958 proce-

2869 1976 2886 2010 2
2911 1972 2930 2010 ’-

2869 1967 2930 2012 ιι.

2155 2053 2308 2109 Unde
2338 2052 2692 2108 manifestum
2743 2062 2827 2107 est
2859 2065 3025 2106 unum
3059 2065 3180 2107 esse
3237 2051 3496 2119 Spiritum
3552 2051 3646 2121 qui

2083 2153 2223 2200 esta
2263 2144 2442 2200 Patre.
2482 2144 2630 2200 Urius
2689 2153 2774 2199 est
2803 2144 3039 2213 Spiritus
3106 2144 3362 2212 quoniam
3414 2143 3481 2196 ab
3530 2144 3650 2214 ipso

2083 2236 2346 2307 procedit,
2395 2235 2619 2306 perinde
2658 2250 2720 2289 ac
2753 2249 2893 2289 unus
2918 2243 3004 2290 est
3055 2232 3333 2288 Dominus
3366 2244 3420 2291 et
3453 2235 3653 2304 Unige-

2085 2339 2172 2384 tus
2202 2329 2346 2398 quia
2380 2327 2496 2384 solo
2523 2327 2682 2382 Patre
2709 2335 3005 2398 generatur
3028 2325 3222 2383 Filius.
3255 2326 3319 2380 Et
3369 2337 3648 2396 pmpterea

2083 2420 2420 2490 impossibile
2469 2428 2554 2474 est
2595 2433 2760 2472 unum
2820 2428 2872 2472 et
2923 2419 3062 2473 idem
3127 2433 3158 2473 a
3198 2419 3409 2473 duobus
3455 2419 3652 2472 habere

2081 2510 2226 2579 quod
2250 2511 2498 2577 exsistat,
2534 2510 2724 2566 ideoet
2751 2510 3074 2580 Unigenitus
3103 2527 3246 2565 unus
3283 2517 3366 2563 est
3397 2507 3648 2577 quoniam

2083 2601 2152 2657 ab
2202 2617 2308 2656 uno
2355 2609 2666 2672 generatur.
2723 2601 3189 2670 Quemadmodum
3244 2614 3384 2652 unus
3429 2613 3496 2652 ex
3542 2612 3652 2650 uno

2082 2695 2166 2750 via
2199 2693 2588 2764 generationis,
2651 2693 2725 2749 ita
2761 2709 2902 2749 unus
2931 2693 3144 2750 divinus
3189 2691 3425 2760 Spiritus
3477 2689 3654 2744 solus-

2082 2802 2190 2855 que
2241 2801 2308 2840 ει
2369 2788 2485 2841 solo
2533 2785 2693 2840 Patre
2757 2787 2846 2840 via
2893 2783 3275 2854 processionis.
3324 2782 3504 2840 Unum
3569 2790 3655 2834 est

2081 2892 2266 2934 eorum
2295 2877 2618 2954 principium
2647 2878 2923 2952 (quoniam
2944 2877 3011 2932 ad
3035 2877 3211 2946 ipsum
3244 2890 3366 2946 quae
3419 2875 3486 2929 ab
3533 2873 3653 2942 ipse

2082 2978 2209 3024 sunt
2236 2969 2565 3034 referuntur,
2620 2978 2678 3024 et
2729 2971 2850 3024 ideo
2905 2983 3013 3025 una
3065 2979 3147 3024 est
3203 2975 3444 3036 potestas
3485 2980 3649 3032 quam
3727 2977 3729 2980 ‘

2083 3047 2681 3132 adoramusquoniam
2733 3062 2799 3116 ad
2849 3077 3017 3116 unum
3073 3059 3421 3130 principium,
3457 3071 3650 3125 nempe

412 3150 673 3216 γεννητὸν
701 3150 729 3201 6
757 3149 909 3214 Υἱὸς,
953 3150 1030 3219 μὴ
1067 3149 1451 3221 ἀλλοιούμενον
1491 3152 1648 3218 ὅλως,
1675 3151 1768 3205 καὶ
1797 3151 1858 3204 τὸ
1886 3152 1985 3220 μό-

2091 3152 2330 3219 Patrem,
2364 3153 2457 3222 qui
2508 3153 2658 3208 solus
2691 3162 2982 3222 generatur
3010 3151 3179 3206 Filius
3204 3165 3427 3220 prorsus
3457 3150 3651 3201 immu-

415 3257 506 3294 νον
537 3241 867 3310 ἐκπορευτὸν
896 3241 1052 3308 ἅγιον
1075 3241 1320 3311 Πνεῦμα,
1343 3243 1417 3314 μὴ
1444 3243 1824 3311 ἀλλοιούμενον
1846 3244 1985 3307 ὅλως

415 3332 770 3402 ἀναφέρεται.
797 3333 872 3385 Οὐ
894 3333 1055 3400 φύσιν
1081 3332 1137 3386 δὲ
1165 3334 1224 3386 τὸ
1249 3334 1503 3403 γεννητὸν
1529 3335 1682 3404 δηλοί
1709 3336 1800 3388 καὶ
1825 3337 1985 3388 ἐκπο-

421 3424 631 3493 ρευτὸν,
665 3425 739 3486 ὡς
769 3425 817 3476 οἱ
864 3425 1108 3494 Πατέρες
1155 3430 1338 3492 φασὶν,
1373 3426 1489 3479 ἀλλ’
1523 3427 1760 3496 ἰδιότητα
1791 3429 1983 3496 μόνην.

417 3519 532 3573 Μία
568 3519 676 3587 γὰρ
705 3517 868 3584 φύσις
895 3519 1008 3580 τοῖς
1046 3519 1217 3587 τρισὶ,
1241 3517 1472 3586 τηροῦσι
1506 3518 1574 3570 τὰ
1605 3517 1816 3570 ἑαυτῶν
1843 3517 1987 3570 ίδιὼ-

421 3629 590 3681 ματα,
626 3610 708 3664 ὅτι
741 3611 834 3663 καὶ
867 3604 948 3671 εἷς
977 3611 1004 3661 6
1035 3609 1208 3672 αἴτιος
1235 3608 1330 3663 τοῦ
1363 3607 1717 3686 ’Μονογενοῦς
1762 3607 1858 3662 καὶ
1889 3609 1985 3663 τοῦ

417 3705 854 3776 ἐκπορευομένου
914 3702 1253 3772 Πνεύματος,
1283 3705 1310 3756 6
1339 3702 1529 3772 Πατὴρ
1576 3701 1762 3763 αὑτοῦ,
1796 3701 1856 3756 τὸ
1885 3703 1986 3772 μὲν

415 3799 717 3870 γεννῶντος
767 3797 1060 3866 ἀφράστως
1113 3797 1208 3848 καὶ
1264 3795 1589 3863 ἁσωμάτως,
1619 3795 1683 3848 τὸ
1735 3795 1788 3847 δὲ
1823 3796 1989 3848 ἔκπο-

421 3893 693 3960 ρεύοντος.
724 3891 824 3944 Διὰ
849 3890 1006 3942 τοῦτο
1039 3889 1130 3942 καὶ
1167 3889 1263 3955 μία
1310 3889 1510 3958 Θεότης
1542 3891 1601 3942 ἂν
1643 3889 1860 3958 Τριάδι,
1891 3889 1985 3942 καὶ

420 3985 656 4057 arma;
705 3984 1034 4050 ἀδιαίρετος.
1093 3979 1200 4053 54
1243 3981 1478 4046 Ἕνωσις
1537 3981 1648 4048 γὰρ
1706 3980 1837 4033 Υίοῦ
1892 3980 1987 4032 καὶ

423 4077 744 4147 Πνεύματος
790 4079 818 4130 6
846 4076 1058 4144 Πατὴρ,
1091 4076 1124 4142 ἡ
1172 4073 1424 4137 Θεολόγος
1463 4073 1596 4141 φησὶ
1646 4073 1827 4138 φωνή.
1877 4071 1983 4125 Τοῦ

421 4171 742 4240 Πνεύματος
776 4169 832 4223 δὲ
872 4168 1076 4235 καρποὶ
1098 4166 1366 4236 διάφοροι,
1395 4164 1540 4232 ἅπερ
1578 4162 1852 4232 ἐνέργειαι
1882 4163 1987 4215 εἱσι

423 4266 516 4317 καὶ
543 4264 824 4331 δυνάμεις.
852 4259 962 4312 Kal
993 4256 1149 4310 τοῦτο
1177 4255 1385 4317 Παῦλός
1415 4273 1602 4324 φησιν,
1629 4272 1648 4305 ι
1691 4255 1748 4308 Ὀ
1777 4255 1991 4322 καρπὸς

421 4357 516 4411 τοῦ
552 4355 891 4424 Ιινεύματος,
939 4369 957 4402 ι
995 4350 1188 4417 λέγων,
1227 4366 1246 4399 ι
1289 4346 1406 4400 ἐστι
1438 4347 1608 4416 χαρὰ,
1641 4346 1855 4413 εἰρήνη,
1887 4362 1994 4414 μα-

2089 3244 2292 3308 tabilis,
2350 3254 2404 3298 et
2465 3245 2560 3313 qui
2617 3245 2764 3300 solus
2832 3243 3071 3313 procedit
3133 3251 3358 3298 sanctus
3416 3239 3652 3307 Spiritus

2091 3335 2314 3388 omnino
2373 3332 2575 3402 pariter
2632 3331 2988 3386 immutabilis
3062 3329 3390 3384 referuntur.
3449 3323 3650 3378 Verum
3731 3365 3734 3368 .

2089 3423 2334 3493 generari
2365 3432 2419 3478 ct
2467 3422 2762 3494 procedere
2816 3436 2926 3476 non
2980 3428 3230 3476 naturam
3286 3417 3540 3480 ostendit,
3591 3424 3653 3466 ιιι

2090 3517 2242 3571 aiunt
2265 3514 2474 3581 Patres,
2505 3516 2598 3569 sed
2624 3513 2962 3569 solummodo
2990 3511 3402 3582 proprietatem;
3438 3520 3543 3561 una
3566 3513 3654 3559 est

2038 3674 2044 3676 Ἴ
2091 3608 2235 3662 enim
2299 3607 2474 3662 tribus
2506 3615 2696 3660 natura
2732 3605 2982 3676 personis
3032 3620 3151 3673 quae
3182 3602 3395 3674 propria
3439 3607 3650 3654 servant

2089 3701 2369 3762 idiomata,
2391 3698 2644 3768 quoniazn
2668 3712 2834 3750 unum
2856 3705 2940 3751 est
2962 3695 3284 3762 principium
3305 3689 3574 3760 llnigeniti
3599 3695 3656 3742 et

2089 3792 2431 3862 procedentis
2461 3789 2723 3857 Spiritus,
2755 3787 2964 3842 scilicet
2986 3785 3132 3840 illius
3157 3785 3337 3846 Pater,
3371 3783 3512 3836 alius
3537 3780 3657 3848 qni-

2089 3887 2211 3941 dem
2243 3883 2569 3954 principium
2600 3894 2695 3949 per
2726 3877 3052 3934 ineffabilem
3075 3884 3126 3954 et
3157 3877 3530 3940 incorpoream
3565 3886 3656 3939 ge-

2085 3978 2442 4054 nerationem,
2462 3973 2684 4028 alterius
2699 3985 2826 4026 vero
2846 3983 2941 4039 per
2956 3950 3374 4038 processionem.
3391 3961 3659 4028 Quamob-

2087 4050 2201 4122 rem
2225 4080 2327 4120 una
2351 4066 2528 4119 Deitas
2555 4063 2607 4116 in
2638 4061 2900 4115 Trinitate
2929 4065 2984 4112 et.
3007 4072 3112 4111 una
3138 4052 3374 4106 Trinitas
3409 4050 3655 4104 ἰηᾱίνίςί-

2089 4158 2244 4211 bilis:
2286 4154 2558 4210 vinculum
2593 4152 2736 4207 enim
2767 4149 2884 4204 Filii
2912 4157 2966 4203 et
2993 4144 3226 4216 Spiritus
3253 4142 3432 4205 Pater,
3479 4138 3656 4206 inquit

2091 4246 2415 4314 Theologus.
2453 4226 2686 4312 Spiritirs
2721 4241 2934 4294 fructus
2987 4235 3189 4292 diversi
3229 4243 3378 4296 sunt,
3408 4230 3658 4285 videlicet

2085 4334 2432 4409 bperationes
2451 4344 2504 4391 et
2535 4335 2786 4396 virtutes,
2815 4337 2956 4402 quod
2985 4331 3124 4386 dixit
3161 4327 3360 4382 Paulus
3400 4340 3415 4378 :
3454 4342 3472 4376 ι
3513 4321 3658 4376 Fru-

392 4470 395 4471 '
425 4416 718 4518 προθυμία,
746 4443 1112 4516 χρηστότης»
1147 4442 1243 4493 καλ⁸
1295 4440 1363 4492 τὰ
1393 4439 1576 4501 λοιπὰ,
1609 4437 1645 4490 ἃ
1678 4437 1770 4490 καὶ
1799 4439 1844 4489 ei
1877 4436 1985 4489 λοι-

2093 4441 2237 4496 ctus,
2264 4431 2360 4496 ait,
2391 4429 2625 4498 Spiritus
2652 4437 2731 4483 est
2767 4425 3044 4498 gaudium,
3090 4437 3216 4492 pax,
3245 4416 3656 4488 longanimitas,

425 4540 514 4591 πο).
554 4537 662 4588 τῶν
693 4534 1008 4588 ἀποστόλων
1066 4529 1576 4601 συμμαρτυροῦσιν,
1620 4528 1875 4595 Ἰωάννης
1905 4527 1989 4580 λέ-

425 4645 556 4696 γων,
599 4645 618 4676 ι
680 4624 737 4676 ’0
760 4622 813 4676 δὲ
840 4621 970 4684 Θεὸς
997 4620 1184 4703 ἀγάπη
1212 4619 1346 4672 ἐπί.
1382 4637 1398 4669 ι
1431 4619 1538 4670 Kal
1564 4615 1774 4680 Παῦλος
1803 4618 1986 4682 πάλιν,

431 4737 450 4769 ι
482 4716 718 4785 Χαίρετε
757 4716 814 4766 ὲν
865 4712 1079 4780 Κυρίῳ,
1129 4727 1146 4760 ι
1183 4709 1301 4772 κατ,
1347 4725 1364 4757 ι
1406 4707 1640 4777 Χριστός
1671 4706 1879 4773 ἐστινὴ
1917 4705 1993 4756 εἰ-

431 4812 566 4880 ρήνη
603 4807 778 4877 ἡμῶν.
819 4824 836 4855 ι
867 4805 978 4857 Kal
1026 4801 1210 4869 Δαϐὶδ,
1246 4818 1263 4851 ι
1309 4799 1561 4868 Χρηστὸς
1608 4797 1812 4868 Κύριος
1857 4798 1991 4850 πᾶσι
2032 4819 2036 4822 ν

427 4904 535 4964 τοῖς
567 4896 1020 4964 ἐπικαλουμένοις
1066 4893 1248 4947 αὐτόν.
1291 4911 1308 4942 ι
1360 4891 1489 4956 Kal,
1532 4909 1550 4942 ι
1596 4888 1870 4941 Γεύσασθε
1902 4888 1995 4942 καὶ

431 4994 567 5046 ῐδετε
595 4994 673 5045 ὅτι
715 4987 949 5058 χρηστὸς
978 4990 1004 5040 6
1040 4985 1264 5056 Κύριος.
1306 5001 1323 5034 ι
1378 4982 1509 5045 Kal,
1550 4999 1568 5032 ι
1623 4979 1996 5046 Ἐξομολογεϊ-

432 5086 518 5138 σοε
561 5083 638 5153 τῷ
694 5082 905 5151 Κυρίῳ,
934 5081 1017 5132 ὅτι
1048 5077 1248 5142 ἀγαθὸς
1290 5076 1376 5128 ea
1405 5075 1502 5144 τὴν
1548 5071 1927 5140 ἁγαθωσύνην.
1971 5088 1989 5121 ι

435 5179 563 5243 Kal,
603 5195 621 5228 ι
667 5173 865 5235 Πιστὸς
904 5170 1106 5240 Κύριος
1126 5172 1182 5223 ὲν
1217 5171 1348 5223 πᾶσι
1383 5169 1494 5229 τοῖς
1535 5165 1714 5235 ἔργοις
1745 5162 1932 5217 αὑτοῦ.
1969 5179 1991 5214 ο

435 5267 542 5320 Kal
571 5268 598 5318 6
629 5263 843 5332 Σωτὴρ,
887 5281 904 5313 ι
939 5260 1156 5314 Mallet:
1179 5259 1270 5313 ἀπ’
1296 5256 1450 5326 ἐμοῦ,
1481 5257 1561 5308 ὃτι
1590 5255 1762 5323 πρᾶός
1787 5255 1923 5320 εἰμι.
1971 5269 1990 5304 ι

433 5361 540 5414 Kal
554 5358 766 5429 καρπὸς
782 5354 874 5408 τοῦ
889 5353 1204 5420 Πνεύματος
1227 5349 1537 5419 ἡπραότης.
1563 5351 1691 5415 Kal,
1727 5367 1744 5400 ι
1771 5349 1866 5410 Σὺ,
1892 5346 2000 5400 Κύ-

435 5469 542 5524 ριε,
577 5469 597 5503 ι
628 5452 655 5503 6
678 5450 840 5502 Δαϐὶδ
870 5448 1030 5501 πάλιν
1047 5447 1197 5515 φησὶ,
1231 5463 1249 5495 ι
1297 5445 1645 5514 μακρόϐυμος
1670 5435 1769 5495 ’καὶ
1808 5441 1995 5494 πολυέ-

437 5546 576 5607 λεος.
614 5562 633 5594 ι
678 5543 807 5607 Kal,
845 5559 862 5592 ι
910 5542 1064 5594 Ὅσοι
1117 5539 1389 5606 Πνεύματι
1419 5534 1556 5588 Θεοῦ
1586 5536 1830 5602 ἄγονται,
1859 5527 2002 5586 οὗτοι

437 5635 574 5687 εἰσιν
603 5632 710 5685 υἱοὶ
747 5633 902 5698 Θεοῦ,
943 5650 960 5684 ι
1002 5631 1088 5683 διὰ
1121 5633 1219 5699 τὴν
1253 5631 1601 5696 ἐγκράτειαν.
1637 5626 1799 5677 Ὥστε
1834 5624 2003 5677 κο.ὶοὶ

440 5725 647 5793 καρποὶ
675 5724 770 5776 τοῦ
798 5723 1112 5792 Πνεύματος
1139 5724 1196 5774 ὲν
1237 5722 1315 5789 τῷ
1345 5719 1520 5788 Πατρὶ
1549 5715 1880 5786 θεωροῦνται
1908 5717 2004 5770 καὶ

441 5817 520 5884 τῷ
551 5812 684 5883 Υἱῷ.
712 5816 819 5869 Kal
849 5815 881 5884 ἡ
921 5814 1160 5869 υἱοθεσία
1190 5815 1318 5884 ἡμῖν
1349 5815 1404 5864 ὲν
1448 5807 1722 5878 Πνεύματι
1761 5805 1990 5875 γίνεται,

2092 4525 2405 4594 benignitas
2431 4532 2486 4578 et
2533 4530 2754 4586 caetera,
2794 4537 2812 4572 ι
2850 4533 2971 4587 quae
2998 4516 3175 4594 caeteri
3211 4517 3483 4566 testantur
3526 4521 3655 4573 apo.

2092 4620 2252 4684 stoli;
2281 4616 2514 4672 Joannes
2541 4615 2706 4669 dicit:
2741 4631 2759 4664 ι
2791 4612 2932 4667 Deus
2962 4618 3044 4662 est
3071 4607 3346 4670 charitas;
3380 4611 3434 4657 et
3458 4601 3654 4654 Paulus

2095 4712 2287 4766 iterum
2319 4727 2390 4761 τι
2420 4707 2664 4762 Gaudete
2698 4705 2751 4758 in
2794 4701 3041 4763 Domino,
3076 4717 3094 4751 ι
3131 4707 3206 4764 et,
3259 4716 3278 4749 ι
3304 4697 3554 4752 Christus
3571 4701 3658 4749 est

2096 4821 2197 4876 pax
2221 4811 2405 4857 nostra
2439 4817 2455 4864 ;
2484 4817 2502 4852 ι
2532 4797 2698 4851 David
2723 4804 2904 4849 autem
2954 4811 2968 4846 :
3002 4810 3020 4844 ι
3060 4791 3244 4846 Bonus
3281 4798 3362 4845 est
3399 4789 3656 4843 Dominus

2096 4895 2348 4950 omnibus
2388 4889 2761 4945 invocantibus
2813 4901 2984 4950 eum;
3023 4904 3041 4936 ι
3111 4891 3212 4939 et:
3255 4900 3275 4934 ι
3326 4879 3551 4935 Gustate
3602 4885 3661 4932 et

2097 4987 2273 5041 videte
2319 4983 2576 5053 quoniam
2611 4980 2794 5038 suavis
2809 4991 2890 5034 est
2921 4977 3180 5032 Dominus
3207 4993 3251 5039 ς»
3285 4982 3340 5028 et
3371 4989 3386 5026 :
3428 4991 3446 5022 ι
3477 4970 3657 5025 Conli-

2103 5077 2289 5133 temini
2320 5074 2548 5150 Domino
2571 5072 2828 5142 quoniam
2861 5071 3036 5125 bonus
3098 5077 3316 5136 propter
3357 5062 3653 5132 benignita-

2101 5180 2242 5234 tem;
2282 5186 2300 5220 ι
2337 5177 2391 5222 et
2423 5184 2437 5224 :
2471 5185 2489 5219 ι
2523 5163 2724 5219 Fidelis
2746 5171 2827 5217 est
2877 5161 3132 5216 Dominus
3164 5159 3216 5210 in
3246 5155 3498 5209 omnibus
3527 5165 3657 5218 ope-

2101 5264 2250 5317 r.bus
2279 5259 2428 5324 suis;
2460 5275 2479 5309 ι
2525 5256 2782 5311 Dominus
2835 5269 2962 5308 vero
3013 5250 3258 5306 Salvator
3292 5265 3307 5302 :
3344 5264 3362 5296 σ
3393 5245 3595 5299 Discite
3621 5257 3653 5296 a

2103 5367 2187 5407 me
2220 5351 2344 5421 quia
2377 5349 2523 5404 mitis
2558 5363 2677 5404 sum
2713 5353 2767 5402 et
2812 5343 3029 5399 humilis
3064 5340 3258 5405 corde;
3299 5357 3315 5389 ι
3346 5352 3506 5405 porro
3533 5335 3658 5414 Spi-

2104 5446 2239 5499 ritus
2271 5443 2480 5496 l‘ructns
2503 5437 2893 5502 mansuetudo;
2925 5445 2980 5489 et
3019 5453 3032 5488 :
3071 5452 3090 5486 ι
3117 5431 3220 5497 Τυ,
3252 5431 3495 5497 Domine,
3531 5446 3656 5483 rur-

2103 5548 2195 5588 sus
2229 5531 2305 5585 ait
2346 5527 2536 5594 David,
2596 5525 2918 5595 longanimis
2965 5532 3020 5577 et
3070 5521 3414 5584 misericors;
3465 5535 3486 5570 ι
3543 5527 3597 5572 et
3637 5535 3654 5574 :

2111 5642 2130 5675 ι
2155 5623 2472 5689 Quicunque
2499 5617 2703 5687 Spiritu
2757 5614 2848 5668 Dei
2869 5622 3120 5685 agnittur,
3148 5613 3183 5667 ii
3206 5618 3330 5666 sunt
3358 5610 3450 5666 lilii
3481 5609 3600 5671 Dei,
3630 5626 3652 5662 ι

2108 5729 2298 5783 nempe
2321 5719 2543 5782 propter
2577 5709 3008 5777 temperantiam.
3041 5705 3508 5771 Quemadmodum
3539 5702 3658 5756 fru-

2103 5817 2222 5862 ctus
2249 5804 2484 5875 Spiritus
2512 5804 2564 5856 in
2621 5801 2780 5856 Patre
2819 5809 2870 5856 et
2907 5798 3041 5854 Filio
3086 5796 3357 5865 videntur,
3395 5797 3470 5850 ita
3516 5794 3656 5848 titio-
