4050 6266
385 319 488 384 159

1215 326 1592 386 SYMEUNIS
1629 326 2390 390 THESSALONICENSIS
2423 329 2788 390 AliCi-IIEP.

3534 335 3639 398 160

383 456 502 493 rum
534 441 752 508 adoptio
794 442 948 495 nobis
1009 443 1060 498 in
1120 443 1320 514 Spiritu
1373 445 1514 500 facta
1560 456 1664 511 est,
1700 447 1992 515 quoniam.

2082 449 2144 501 ἑτι
2171 450 2264 501 καὶ
2295 451 2453 502 κοινά
2483 451 2551 504 τά
2585 451 2902 521 χαρίσματα
2938 449 3035 519 τῆς
3077 449 3328 518 Τριάδος.
3374 448 3501 504 Ὅτι
3549 449 3642 503 καὶ

383 533 688 585 cotnmunia
718 543 837 586 sunt
884 533 1166 588 Trinitatis
1214 537 1564 599 charismata,
1617 553 1833 608 unaque
1877 549 1962 592 est

361 631 648 688 potestas,
690 639 794 676 una
843 625 1128 680 Trinitatis
1171 631 1437 698 operatio.
1495 631 1786 700 Propterea
1815 635 1960 689 athei

387 725 515 766 sunt
546 715 634 781 qui
674 715 961 771 Trinitatis
989 721 1329 787 operationcs
1384 737 1493 776 non
1528 724 1830 789 celebrant,
1878 726 1962 779 vel

388 804 714 859 conﬁtentur
745 809 990 874 quidem,
1015 821 1296 866 creaturas
1320 822 1499 868 autem
1528 832 1620 871 eas
1667 818 1960 886 appellant.

389 897 522 952 Nam
551 901 595 954 si
621 901 722 954 illae
754 902 805 954 in
857 903 1014 958 nobis
1063 915 1187 958 sunt
1222 921 1507 971 creatum,
1545 910 1672 979 quid
1707 923 1814 967 tam
1846 917 1964 972 exi-

391 993 558 1045 mium
591 995 972 1051 habemus?Si
1031 1014 1161 1054 vero
1222 1011 1471 1056 naturam
1533 1005 1624 1060 Dei
1681 1007 1961 1076 habemus,

393 1095 450 1138 ut
473 1085 545 1139 illi
582 1086 836 1152 delirant,
877 1090 1040 1158 igitur
1073 1107 1168 1146 nos
1229 1111 1440 1165 qttoque
1471 1098 1720 1153 homines
1753 1101 1802 1152 in
1840 1117 1966 1166 per-

391 1191 522 1230 sona
555 1177 648 1231 Dei
681 1181 907 1246 erimus,
940 1183 1137 1252 aliique
1197 1186 1577 1255 Ilii-Immittes,
1615 1192 1757 1244 sicut
1811 1193 1970 1247 Chri-

391 1277 665 1332 stus,non
727 1276 954 1340 gratiam
1019 1277 1281 1332 habentes
1316 1282 1407 1335 sed
1471 1298 1754 1349 personam
1821 1285 1964 1346 Filii.

393 1361 476 1413 vel
501 1360 676 1417 Patris
707 1375 800 1416 aut
836 1366 1109 1435 Spiritus;
1149 1371 1278 1439 qttid
1310 1382 1488 1425 autem
1531 1375 1687 1443 pejus
1719 1377 1822 1431 hac
1853 1379 1968 1433 hla-

394 1454 636 1522 sphetnia
666 1459 959 1525 cxc0gitari
1004 1464 1222 1528 potest?
1250 1464 1305 1518 Si
1357 1477 1538 1521 autem
1575 1481 1879 1527 creaturam
1915 1477 1965 1528 in

395 1548 548 1600 nobis
581 1549 862 1616 habemus,
902 1553 1068 1608 Deum
1105 1570 1236 1624 ergo
1290 1574 1395 1612 non
1435 1559 1704 1616 habemus
1734 1582 1748 1628 ;
1777 1580 1965 1619 verum

394 1641 666 1706 quomodo
693 1643 975 1697 nobiscum
1006 1647 1188 1700 licus?
1244 1649 1523 1713 Quomodo
1558 1653 1820 1720 Spiritum
1875 1659 1967 1726 qui

395 1747 460 1784 ex
491 1733 597 1786 Deo
619 1743 700 1786 est
725 1738 1080 1802 accepimus?
1110 1737 1392 1804 Quomodo
1449 1743 1706 1808 Spiritum
1763 1748 1965 1803 Christi
2003 1765 2042 1818 Β

395 1821 708 1878 habemus?
738 1829 1012 1892 quomodo
1061 1830 1261 1884 donum
1329 1833 1568 1900 Spiritus
1614 1839 1970 1908 accepimus?

398 1917 683 1981 Quodnam
705 1921 1133 1986 estpromissum
1161 1923 1396 1991 Spiritus
1421 1927 1472 1980 in
1503 1929 1691 1984 nobis?
1717 1948 1966 1999 quasnam

397 2009 572 2062 virtus
612 2022 673 2062 ex
707 2010 817 2063 alto
849 2013 1100 2078 apostolis
1148 2018 1496 2082 supervenit?
1547 2021 1686 2084 Quid
1736 2023 1969 2092 Spiritus

400 2111 623 2156 sanctus
649 2100 906 2156 Cornelio
933 2104 1157 2171 ejusque
1181 2107 1344 2160 sociis
1377 2111 1800 2176 superveniens?
1829 2115 1969 2180 Quid

399 2204 731 2262 acceperunt
757 2195 854 2248 viri
889 2211 917 2249 a
952 2196 1199 2265 Philippo
1223 2199 1476 2267 baptizati
1497 2239 1515 2267 ,
1546 2202 1707 2259 Petro
1728 2217 1781 2260 et
1809 2205 1972 2262 Joan-

399 2299 468 2336 ne
493 2301 686 2339 manus
715 2287 1262 2353 eisimponentibus?
1313 2293 1449 2359 Quid
1503 2308 1831 2369 acceperunt
1871 2301 1971 2356 viri

400 2393 428 2428 a
467 2376 636 2431 Paulo
670 2379 947 2444 baptizati,
978 2384 1064 2447 qui
1091 2383 1240 2449 prius
1277 2399 1376 2438 nec
1439 2387 1682 2442 sciebant
1734 2406 1832 2446 nec
1875 2408 1973 2446 au-

400 2467 652 2521 diverant
678 2468 722 2521 si
758 2478 841 2523 est
865 2468 1102 2538 Spiritus
1153 2475 1414 2528 sanctus?
1445 2476 1581 2540 Quid
1627 2481 1972 2544 operationes

401 2557 710 2611 virtutum?
756 2559 884 2628 quid
941 2562 1128 2628 gratim
1176 2564 1515 2620 sanitatum?
1565 2567 1693 2636 quid
1746 2571 1973 2626 meliora

399 2649 1053 2716 charismata?Qua:nam
1084 2654 1309 2723 insuper
1365 2659 1538 2726 gratia
1597 2661 1808 2716 Domini
1875 2679 1973 2717 no-

401 2740 499 2794 stri
524 2739 655 2795 Jesu
685 2741 926 2796 Christi?
953 2742 1087 2808 Quid
1123 2746 1292 2798 illud:
1335 2766 1353 2798 ι
1384 2747 1569 2803 Gratia
1622 2753 1775 2808 vobis
1805 2769 1835 2808 a
1865 2753 1976 2808 Deo

403 2833 560 2885 Patre
583 2841 636 2885 et
663 2832 892 2886 Domino
923 2833 1046 2888 Jesu
1102 2835 1362 2892 Christo?
1403 2859 1420 2891 ι
1472 2840 1656 2906 Quare
1685 2843 1976 2901 invocatur

402 2921 584 2977 divina
610 2923 781 2992 gratia
813 2927 1028 2994 quando
1063 2927 1194 2982 [lunt
1243 2931 1660 2990 ordinationes?
1694 2935 1972 3007 Numquid

405 3015 552 3070 inani
617 3032 782 3072 sensu
828 3017 1030 3074 dicitur
1092 3023 1307 3089 gratia?
1363 3023 1546 3080 Probl
1600 3026 1870 3082 fallaciam
1923 3042 1976 3084 et

2069 539 2169 606 μία
2211 540 2439 609 δύναμις
2491 539 2616 594 xal’
2634 543 2882 611 ἐνέργεια
2922 543 3019 606 τῆς
3053 541 3303 610 Τριάδος.
3336 542 3432 594 Διὰ⁵
3481 541 3641 594 τοῦτο

2066 631 2214 685 ἄθεοι
2245 634 2292 684 οἱ
2326 632 2400 702 μὴ
2429 633 2524 695 τὰς
2562 634 2840 701 ἐνεργείας
2876 633 3192 699 δοξάζοντες
3219 633 3321 702 τῆς
3365 633 3597 701 Τριάδος
3622 649 3639 666 ’

2065 723 2099 793 ἢ
2126 723 2516 790 ὁμολογοῦντες
2551 727 2671 793 μὲν,
2700 725 2976 795 κτίσματα
3004 725 3060 777 δὲ
3092 725 3293 788 ταύτας
3320 716 3636 788 καλοῦντες.

2068 817 2130 870 Ei
2179 819 2288 886 γὰρ
2322 821 2379 871 ἐν
2409 821 2543 887 ἡμῖν
2580 820 2878 888 κτίσματα,
2915 819 2968 871 τί
3000 819 3261 890 περισσὸν
3293 818 3490 889 ἔχομεν
3521 836 3534 885 ;
3579 819 3643 872 El

2067 909 2122 962 δέ
2155 926 2216 977 γε
2247 910 2408 977 φύσιν
2453 912 2648 981 ἔχομεν
2676 911 2834 974 Θεοῦ,
2859 913 2933 975 ὡς
2961 904 3109 964 οῦτοι
3136 909 3389 980 ληροῦσι,
3414 909 3648 964 θεοῦπό-

2072 1017 2257 1054 στατοι
2284 1003 2375 1055 καὶ
2400 1005 2564 1070 ἡμεῖς
2589 1004 2827 1072 ἐσόμεθα
2848 1004 3148 1074 ἄνθρωποι,
3180 1005 3274 1057 καὶ
3297 1002 3643 1070 θεάνθρωποι

2070 1091 2221 1146 ἄλλοι
2251 1093 2324 1156 ὡς
2358 1095 2386 1145 6
2413 1093 2669 1162 Χριστὸς,
2720 1093 2814 1146 καὶ
2847 1094 2905 1146 ού
2965 1095 3128 1163 χάριν
3175 1093 3411 1163 ἔχοντες,
3439 1093 3576 1145 ἀλλὰ
3610 1092 3643 1162 ἦ

2070 1184 2170 1253 τὴν
2195 1184 2492 1238 ὑπόστασιν
2517 1184 2612 1237 τοῦ
2645 1184 2797 1250 Υίοῦ,
2826 1185 2858 1254 ἢ
2892 1185 2984 1238 τοῦ
3018 1188 3252 1253 Πατρδς,
3280 1188 3311 1254 ἢ
3344 1183 3440 1236 τοῦ
3471 1185 3644 1265 Πνεύ-

2074 1293 2264 1342 ματος.
2299 1277 2407 1328 Kal
2439 1276 2490 1328 τί
2519 1276 2587 1329 ἂν
2617 1276 2746 1330 ἄλλο
2778 1279 2960 1345 χεῖρον
2989 1277 3088 1346 τῆς
3137 1276 3484 1344 βλασφημίας
3516 1275 3646 1328 ταύ-

2072 1385 2171 1437 της
2197 1369 2408 1434 γένοιτό
2440 1385 2569 1422 ποτε
2597 1386 2611 1436 ;
2638 1370 2697 1422 Ei
2728 1369 2782 1422 δὲ
2813 1369 3020 1438 κτίσμα
3074 1371 3132 1421 ἐν
3176 1369 3390 1430 ἑαυτοῖς
3429 1367 3644 1437 ἔχομεν,

2072 1460 2206 1512 Θεὸν
2232 1461 2330 1512 οὐκ
2362 1461 2557 1528 ἔχομεν
2602 1463 2731 1531 άρα.
2775 1463 2882 1514 Kal
2919 1462 3036 1522 πῶς
3085 1461 3204 1526 μεθ’
3236 1461 3394 1529 ἡμῶν
3419 1463 3446 1513 6
3475 1460 3646 1529 856;;

2073 1552 2182 1604 Kal
2214 1551 2330 1613 πῶς
2367 1551 2428 1604 τὸ
2459 1553 2686 1620 Πνεῦμα
2717 1552 2775 1604 τὸ
2805 1553 2866 1604 ἐκ
2897 1551 2990 1604 τοῦ
3023 1551 3157 1603 Θεοῦ
3206 1551 3510 1618 ὲ).άϐομεν;
3541 1554 3648 1606 Kal

2075 1643 2193 1705 πῶς
2227 1642 2450 1712 Πνεῦμα
2481 1642 2720 1712 Χριστοῦ
2747 1643 2945 1712 ἔχομεν
2975 1661 2989 1710 ;
3027 1645 3138 1696 Kal
3168 1643 3284 1706 πῶς
3314 1644 3410 1712 τὴν
3439 1645 3650 1713 δωρεὰν

2072 1731 2166 1784 τοῦ
2203 1733 2521 1802 Πνεύματος
2548 1733 2815 1802 ἐλάϐομεν
2842 1751 2856 1800 ;
2883 1734 2994 1788 Kal
3047 1733 3132 1796 τίς
3163 1735 3196 1804 ἡ
3225 1735 3527 1803 ἐπαγγελία
3555 1735 3649 1789 τοῦ

2073 1823 2391 1893 Πνεύματος
2422 1827 2479 1878 ἐν
2522 1827 2698 1894 ἡμῖν;
2747 1826 2855 1878 Kal
2919 1825 3048 1878 ποία
3105 1827 3138 1896 ἡ
3185 1826 3489 1880 ἐπελθοῦσα
3537 1829 3652 1891 τοτς

2071 1915 2394 1979 ἀποστόλοις
2426 1917 2484 1983 ἐξ
2522 1917 2689 1987 ὕψους
2743 1918 3012 1988 δύναμις;
3049 1919 3159 1972 Kal
3206 1919 3259 1971 τί
3311 1919 3372 1971 τὸ
3424 1919 3651 1989 Πνεῦμα

2071 2009 2131 2060 τδ
2156 2009 2314 2075 ἅγιον
2346 2011 2406 2064 τὸ
2440 2010 2666 2063 ἐπελθὸν
2689 2011 2764 2079 τῷ
2791 2011 3078 2082 Κορνηλίῳ
3107 2013 3200 2064 καὶ
3223 2015 3334 2074 τοῖς
3358 2014 3456 2064 σὺν
3475 2013 3648 2083 αύτῷ;

2073 2099 2233 2151 Ποῖον
2255 2099 2309 2152 δὲ
2327 2101 2354 2152 ὃ
2378 2100 2685 2166 ἐλάμϐανον
2717 2102 2767 2153 οί
2803 2101 3198 2171 βαπτισθέντες
3225 2102 3329 2155 ὑπὸ
3352 2103 3646 2170 Φιλίππου;

2077 2189 2438 2243 ἐπιτιθέντων
2469 2192 2564 2253 τὰς
2595 2194 2785 2262 χεῖρας
2813 2194 2999 2254 αὐτοῖς
3021 2195 3231 2262 Πέτρου
3257 2197 3351 2246 καὶ
3372 2195 3647 2261 Ἰωάννου;

2074 2279 2234 2332 Ποῖον
2277 2280 2334 2333 δέ
2381 2279 2412 2332 6
2468 2281 2659 2334 ἔλαϐον
2712 2281 2760 2334 oi
2810 2280 3198 2350 βαπτισθέντες
3249 2281 3354 2333 ὑπὸ
3407 2281 3645 2346 Παύλου,

2077 2372 2342 2440 πρότερον
2379 2373 2453 2438 μὴ
2493 2372 2694 2435 εἰδότες
2748 2373 2780 2441 ἢ
2833 2373 3132 2441 ἀκηκοότες
3161 2373 3208 2425 εί
3263 2372 3377 2425 ἔστι
3427 2373 3650 2439 Πνεῦμα

2076 2466 2234 2531 ἅγιον
2267 2481 2280 2530 ;
2315 2465 2381 2517 Τί
2417 2466 2484 2518 τὰ
2519 2467 2874 2534 ἐνεργήματα
2903 2465 3011 2518 τῶν
3042 2466 3327 2548 δυνθάμεων
3353 2483 3368 2534 ;
3397 2468 3463 2519 τὰ
3493 2468 3653 2538 χαρίο

2078 2574 2264 2624 auara
2294 2557 2401 2610 τῶν
2435 2558 2682 2628 ἰαμάτων
2713 2574 2728 2625 ;
2755 2557 2824 2610 τὰ
2874 2558 3195 2628 χαρίσματα
3227 2559 3294 2612 τὰ
3321 2559 3604 2628 κρείττονα
3630 2574 3646 2624 ;

2075 2648 2169 2699 Τίς
2203 2648 2258 2700 δέ
2295 2649 2327 2716 ἡ
2376 2647 2538 2717 χάρις
2581 2647 2676 2702 τοῦ
2725 2650 2931 2718 Κυρίου
2965 2649 3125 2717 ἡμῶν
3153 2649 3331 2717 Ἰησου
3364 2648 3646 2718 Χριστοῦ;

2077 2743 2169 2792 καὶ
2194 2741 2274 2804 τὸ,
2309 2758 2328 2791 ι
2370 2741 2548 2808 Χάρις
2577 2741 2706 2810 ὑμῖν
2732 2741 2816 2810 εἴη
2844 2741 2951 2794 άπὸ
2979 2740 3118 2793 Θεοῦ
3152 2743 3389 2810 Πατρὺς,
3427 2742 3520 2795 καὶ
3546 2742 3654 2795 Κυ-

2082 2832 2196 2899 ρίου
2245 2831 2424 2900 Ἰησοῦ
2475 2832 2757 2899 Χριστοῦ;
2799 2851 2816 2884 ι
2850 2832 3006 2886 Διατί
3038 2833 3094 2886 δέ
3130 2835 3162 2903 ἡ
3213 2833 3502 2900 ἐπίκλησις
3552 2833 3655 2900 τῆς

2078 2925 2228 2989 θείας
2258 2927 2720 2997 χάριτοςγίνεται
2769 2931 2828 2979 ἐν
2881 2928 3005 2988 ταῖς
3045 2926 3363 2994 γινομέναις
3409 2943 3658 2998 χειροτο-

2079 3020 2217 3081 νίαις
2248 3037 2263 3087 ;
2291 3016 2440 3088 *Αρα
2471 3022 2551 3082 εἰς
2580 3021 2736 3072 κενὸν
2768 3019 2988 3088 λέγεται
3020 3019 3165 3087 ;Φεῦ
3193 3023 3288 3089 τῆς
3320 3019 3533 3087 ἀπάτης
3563 3019 3659 3072 καὶ

404 3110 800 3178 blasphemiam
833 3127 1019 3167 eorum
1074 3117 1163 3182 qui
1209 3115 1326 3169 sine
1370 3117 1541 3183 gratia
1593 3120 1824 3188 gratiam
1881 3121 1971 3176 Dei

2082 3109 2434 3180 βλασφημίας
2478 3109 2589 3168 τῶν
2637 3109 2782 3162 κατὰ
2833 3109 2933 3177 τῆς
2979 3109 3204 3179 χάριτος
3235 3107 3331 3161 τοῦ
3369 3107 3504 3160 Θεοῦ
3534 3107 3658 3176 δίχα

405 3205 822 3272 aggrediuntur!
849 3204 988 3272 Quid
1012 3214 1192 3261 autem
1239 3208 1436 3261 donum
1489 3211 1660 3264 sancti
1699 3212 1977 3280 Spiritus?

405 3298 683 3368 Numquid
740 3308 934 3354 natura
967 3288 1020 3353 in
1079 3303 1253 3356 tribus
1275 3303 1571 3371 personis?
1601 3303 1974 3375 Nequaquam,

409 3399 658 3441 naturam
687 3388 830 3440 enim
863 3388 952 3442 Dei
982 3403 1140 3444 nemo
1196 3393 1448 3462 suscipit.
1475 3391 1758 3463 Numquid
1807 3397 1977 3468 igitur

407 3478 702 3533 creatura?
741 3481 836 3534 sed
867 3483 1138 3549 quomodo
1167 3483 1334 3538 Deum
1384 3485 1440 3539 in
1479 3486 1636 3540 nobis
1668 3488 1979 3544 habemus?

409 3571 688 3640 quomodo
744 3572 1020 3627 Christum
1082 3577 1418 3643 portamus?
1482 3579 1758 3648 quomodo
1808 3578 1980 3650 Spiri-

413 3675 523 3718 tum
561 3676 810 3718 sanctum
845 3665 897 3718 in
933 3666 1192 3722 cordibus
1233 3684 1358 3723 vere
1419 3671 1771 3741 accepimus?
1813 3673 1982 3727 Idcir-

410 3771 474 3809 co
501 3753 784 3811 Trinitatis
809 3764 893 3810 est
923 3757 976 3810 in
1005 3757 1162 3813 nobis
1187 3761 1358 3828 gratia
1408 3776 1515 3830 qua
1562 3763 1722 3819 nobis
1747 3779 1776 3820 a
1818 3765 1982 3821 Patre

410 3861 506 3913 per
538 3845 735 3899 Filium
787 3847 1134 3900 incarnatum
1184 3850 1237 3902 in
1286 3859 1479 3905 sancto
1526 3851 1732 3920 Spiritu
1779 3854 1980 3923 imper-

412 3937 567 3992 titur.
599 3937 724 3992 ldeo
762 3939 878 4008 ipsa
904 3939 956 3993 in
999 3940 1161 3994 nobis
1189 3941 1408 3996 diverso
1465 3943 1627 3997 modo
1679 3955 1978 4013 operatur;

411 4039 464 4080 et
525 4028 690 4082 alium
753 4030 972 4098 quidem
1041 4031 1345 4087 sanctiﬁcat
1395 4043 1448 4090 et
1499 4050 1596 4102 per
1647 4036 1979 4104 baptismum

414 4129 720 4190 regener‘at,
749 4123 915 4176 alium
945 4139 1077 4178 vero
1134 4127 1290 4194 ungit
1339 4133 1393 4182 et
1429 4128 1693 4204 .obsignat
1741 4146 1837 4200 per
1877 4149 1981 4186 un-

413 4222 691 4276 gnentum,
739 4215 969 4268 alterum
1022 4226 1202 4271 autem
1245 4219 1462 4274 ordinat
1512 4223 1871 4287 sacerdotem,
1931 4234 1984 4279 et

414 4306 558 4359 hunc
605 4306 765 4358 etiam
823 4307 1037 4361 diversa
1080 4311 1330 4364 ratione:
1384 4313 1472 4366 hic
1506 4313 1725 4383 quidem
1781 4317 1982 4369 consti-

415 4396 586 4449 tuitur
634 4397 806 4450 lector
850 4397 1071 4466 populo,
1109 4398 1198 4454 ille
1250 4414 1376 4455 vero
1406 4401 1793 4468 subdiaconus,
1844 4404 1982 4457 alius

414 4501 594 4542 autem
649 4490 941 4552 diaconus,
1010 4491 1268 4545 sacerdos
1325 4492 1484 4557 alter,
1543 4494 1682 4547 alter
1748 4495 1986 4564 denique

416 4583 699 4648 pontifex;
765 4591 818 4636 et
875 4599 1020 4637 unus
1089 4583 1306 4652 quidem
1362 4591 1446 4638 est
1491 4585 1797 4652 apostolus,
1851 4586 1991 4640 alius

415 4681 597 4728 autem
656 4674 942 4742 propheta,
984 4675 1128 4730 alius
1169 4674 1381 4742 doctor,
1443 4675 1695 4746 aliusque
1759 4677 1992 4732 virtutes

415 4765 500 4817 vel
549 4765 750 4831 gratias
818 4765 1114 4820 sanitatum
1171 4765 1404 4829 habens,
1433 4777 1488 4822 ct
1519 4778 1738 4824 cmtera.
1799 4770 1861 4824 Et
1899 4770 1988 4823 alii

418 4855 638 4922 quidem
670 4869 764 4924 per
801 4853 1066 4923 Spiritum
1107 4856 1272 4910 datur
1308 4873 1494 4914 sermo
1556 4861 1859 4929 sapientiae,
1899 4861 1989 4915 alii

418 4962 547 4999 vero
573 4961 754 5001 sermo
781 4947 1024 5000 scientia:
1057 4949 1357 5002 secundum
1412 4952 1665 5005 eumdem
1702 4951 1989 5020 Spiritum,

417 5051 475 5094 et
501 5047 698 5093 caetera
723 5046 781 5092 ιιι
807 5036 1062 5092 diximus.
1090 5037 1244 5092 Unde
1267 5041 1318 5093 in
1346 5041 1502 5098 nobis
1537 5058 1646 5096 non
1705 5053 1785 5097 est
1812 5060 1993 5114 perso-

420 5147 487 5184 na
518 5131 778 5201 Spiritus,
809 5131 902 5184 sed
935 5130 989 5184 in
1029 5130 1235 5200 Spiritu
1295 5135 1604 5189 communis
1655 5138 1826 5204 gratia
1869 5136 1992 5191 Tria

422 5223 606 5277 nitatis
660 5233 713 5277 et
767 5224 996 5279 diversae
1047 5224 1423 5293 Operationes.
1484 5225 1608 5280 Ideo
1659 5243 1840 5296 neque
1893 5228 1986 5297 qui

421 5316 747 5384 baptismum
828 5315 1059 5385 suscipit
1113 5316 1300 5370 statim
1363 5318 1678 5372 sacerdotio
1733 5321 1990 5385 donatur,

424 5423 602 5476 neque
634 5408 900 5463 diaconus
955 5406 1133 5464 factus
1183 5411 1506 5480 presbyterii
1553 5419 1876 5480 potestatem
1904 5428 1992 5467 ac-

421 5499 575 5566 cipit,
636 5514 817 5567 neque
867 5501 1153 5571 presbyter
1191 5503 1478 5557 ordinatus
1533 5504 1772 5573 episcopi
1819 5506 1992 5574 gratia

422 5589 742 5652 adornatur,
772 5591 864 5642 sed
900 5591 1132 5659 quisque
1162 5607 1323 5646 suum
1354 5593 1575 5662 accipit,
1624 5603 1677 5647 et
1707 5596 1844 5647 alius
1876 5597 1994 5661 qui-

422 5681 544 5732 dem
578 5679 796 5744 minori,
843 5681 984 5734 alius
1035 5698 1162 5734 vero
1218 5684 1412 5751 majori
1470 5685 1672 5739 virtute
1738 5687 1995 5752 praeditus

425 5777 530 5825 est.
587 5770 859 5827 Diaconus
919 5772 1140 5840 quidem
1207 5775 1505 5842 ministrat,
1570 5777 1825 5832 sacerdos
1871 5793 1996 5833 vero

2085 3205 2309 3274 χάριτος
2329 3201 2664 3271 κινουμένων
2690 3201 2702 3254 l
2730 3200 2826 3263 Τίς
2851 3200 2958 3269 δέή
2983 3199 3163 3269 δωρεὰ
3183 3198 3276 3252 τοῦ
3307 3200 3461 3266 ἁγίου
3490 3198 3662 3252 Πνεύ-

2089 3311 2293 3363 parm;
2324 3290 2476 3365 Ἀρα
2509 3296 2542 3367 ἡ
2577 3294 3011 3366 τρισυπόστατος
3037 3293 3200 3362 φύσις
3226 3308 3241 3359 ;
3272 3293 3554 3362 Οὐδαμῶς.
3583 3293 3660 3344 Οὐ

2085 3391 2193 3461 γὰρ
2227 3388 2362 3442 Θεοῦ
2393 3388 2554 3457 φύσιν
2583 3406 2667 3450 τις
2695 3387 3041 3456 ὑποδέχεται.
3075 3387 3187 3439 Καὶ
3217 3385 3404 3438 λοιπὸν
3431 3387 3661 3455 κτίσμα;

2087 3483 2197 3534 Kal
2245 3480 2363 3542 πῶς
2395 3480 2485 3534 τὸν
2533 3479 2664 3532 Θεὸν
2722 3481 2780 3531 ἐν
2831 3479 2966 3548 ἡμῖν
3001 3477 3197 3548 ἔχομεν
3231 3493 3246 3544 ;
3281 3478 3390 3529 Kal
3425 3476 3540 3539 πῶς
3570 3477 3664 3530 τὸν

2087 3575 2322 3642 Χριστὸν
2358 3573 2635 3643 φοροῦμεν
2667 3573 2825 3638 ;.Kal
2863 3571 2978 3632 πῶς
3031 3571 3092 3623 τὸ
3144 3569 3369 3638 Πνεῦμα
3412 3571 3472 3622 τὸ
3505 3568 3665 3635 ἆγιον

2087 3667 2143 3719 ἐν
2175 3667 2294 3727 ταίς
2320 3665 2572 3733 καρδίαις
2597 3661 2864 3730 ἐλάϐομεν
2897 3661 3113 3723 ἀληθῶς
3143 3675 3158 3727 ;
3190 3661 3331 3726 ’Ᾱρα
3360 3660 3519 3728 χάρις
3545 3660 3664 3712 ἐστὶ

2087 3759 2188 3826 τῆς
2219 3758 2453 3827 Τριάδος
2486 3758 2544 3808 ἐν
2575 3758 2729 3826 ἡμῖν.
2762 3755 2870 3808 Kal
2903 3757 3225 3825 χορηγεῖται
3258 3753 3397 3821 αῦτη
3435 3755 3568 3823 ἡμῖν
3599 3755 3665 3808 ἐκ

2087 3850 2181 3902 τοῦ
2211 3849 2424 3917 Πατρὸς
2447 3848 2536 3901 διὰ
2558 3847 2653 3900 τοῦ
2684 3847 2808 3901 Υἱοῦ
2837 3847 3216 3918 σαρκωθέντος
3245 3848 3301 3900 ἐν
3323 3846 3464 3916 ἁγίῳ
3492 3845 3666 3900 Πνεύ-

2093 3959 2244 4010 ματι.
2297 3940 2397 3993 Διὰ
2454 3939 2612 3992 τοῦτο
2659 3939 2755 3993 καὶ
2785 3938 3056 4007 διαφόρως
3087 3939 3145 3990 ἐν
3173 3939 3304 4008 ἡμῖν
3337 3936 3477 4005 αὕτη
3511 3937 3664 4008 ἐνερ⁹

2088 4035 2196 4098 γεί.
2227 4031 2338 4084 Kal
2386 4030 2445 4082 6v
2495 4030 2594 4098 μὲν
2623 4028 2820 4082 τελειοί
2850 4029 2944 4080 καὶ
2971 4029 3242 4098 ἁναγεννᾷ
3273 4027 3361 4079 διὰ
3411 4027 3504 4080 τοῦ
3565 4027 3666 4098 βα-

2092 4125 2416 4192 πτίσματος,
2437 4123 2495 4174 ὃν
2523 4122 2577 4174 δέ
2607 4121 2751 4191 χρίει
2784 4120 2876 4172 καὶ
2907 4120 3198 4189 σφραγίζει
3226 4117 3302 4189 τῷ
3319 4118 3494 4189 μύρῳ,
3521 4119 3580 4172 ὃν
3611 4119 3667 4172 δέ

2092 4219 2240 4289 ἱερέα
2294 4219 2614 4289 χειροτονεῖ,
2660 4216 2759 4270 καὶ
2806 4216 2996 4270 τοῦτον
3029 4217 3085 4267 δὲ
3117 4216 3410 4285 διαφόρως.
3459 4215 3519 4267 '0
3567 4213 3667 4284 μὲν

2091 4308 2200 4378 γάρ
2235 4309 2382 4362 ἐστιν
2425 4307 2819 4373 ἀναγινώσκων
2853 4307 2929 4376 τῷ
2979 4306 3118 4375 λαῷ,
3171 4308 3199 4359 ὁ
3228 4307 3284 4359 δέ
3317 4306 3611 4374 ὑπουργὸς,
3641 4307 3668 4357 6

2092 4400 2148 4452 δὲ
2175 4399 2461 4464 διακονῶν,
2500 4400 2526 4451 6
2557 4399 2614 4452 δὲ
2657 4398 2982 4468 ίερουργῶν,
3014 4400 3042 4451 6
3073 4397 3129 4450 δὲ
3161 4397 3570 4468 ἀρχιερατεύων
3609 4396 3670 4449 τὸ

2090 4489 2441 4543 τελεώτατον.
2472 4491 2584 4543 Kal
2622 4492 2649 4543 6
2689 4491 2786 4559 μὲν
2837 4490 2982 4544 ἔστιν
3037 4489 3356 4555 ἀπόστολος,
3388 4491 3416 4542 6
3445 4489 3499 4542 δὲ
3535 4505 3670 4558 προ-

2094 4584 2292 4652 φήτης,
2320 4585 2347 4636 ὁ
2382 4583 2438 4636 δέ
2468 4582 2810 4647 διδάσκαλος,
2841 4583 2867 4636 6
2899 4583 2955 4636 δέ
3001 4582 3261 4652 δυνάμεις
3291 4582 3324 4653 ἢ
3356 4582 3672 4652 χαρίσματα

2097 4675 2343 4744 ίαμάτων
2397 4677 2560 4745 ἔχων,
2605 4677 2638 4747 ἢ
2696 4677 2764 4729 τὰ
2817 4675 3004 4730 λοιπά.
3053 4669 3245 4742 Kal
3287 4676 3387 4744 μὲν
3438 4675 3526 4728 διὰ
3575 4674 3670 4726 τοῦ

2094 4768 2411 4836 Πνεύματος
2433 4770 2635 4822 δίδοται
2665 4769 2826 4837 λόγος
2853 4768 3063 4836 σοφίας,
3093 4767 3240 4837 ἄλλῳ
3262 4768 3317 4821 δέ
3339 4768 3496 4836 λόγος
3527 4767 3672 4835 γνῶ·

2096 4875 2236 4920 σεως
2266 4862 2405 4912 κατὰ
2435 4860 2497 4913 τὸ
2530 4859 2664 4922 αὐτὸ
2700 4857 2948 4926 Πνεῦμα,
2980 4859 3166 4912 καὶτὰ
3195 4859 3380 4922 λοιπὰ,
3412 4859 3488 4920 ὡς
3524 4858 3674 4926 είρή·

2095 4965 2295 5015 καμεν.
2323 4949 2484 5001 Ὥστε
2511 4949 2608 5018 οὐχ
2638 4951 2670 5016 ἡ
2708 4947 3009 5010 ύπόστασίς
3041 4949 3158 4999 ἐστι
3204 4946 3298 4998 τοῦ
3350 4943 3673 5012 Πνεύματος

2095 5038 2152 5090 ἐν
2183 5039 2332 5106 ἡμῖν,
2366 5037 2480 5090 ἀλλ’
2517 5039 2574 5091 ἐν
2634 5039 2712 5108 τῷ
2769 5040 3049 5108 Πνεύματι
3094 5040 3126 5107 ή
3168 5039 3322 5107 κοινὴ
3379 5039 3537 5107 χάρις
3575 5040 3672 5101 τῆς

2095 5129 2351 5198 Τριάδος,
2395 5129 2511 5182 καὶ·
2545 5129 2615 5182 τὰ
2663 5129 2897 5198 διάφορα
2930 5130 3296 5199 ἐνεργήματα.
3351 5128 3442 5180 Διό
3475 5128 3594 5180 οὐδὲ
3647 5130 3676 5180 6

2094 5222 2154 5274 τὸ
2192 5221 2476 5292 βάπτισμα
2503 5221 2683 5275 λαϐὼν
2717 5223 2880 5284 εὐθὺς
2902 5223 3162 5291 τυγχάνει
3200 5221 3294 5272 xal
3331 5220 3530 5290 ἱερεὺς,
3562 5220 3670 5272 οὐδ’

2095 5315 2121 5366 ὁ
2147 5313 2391 5377 διάκονος
2432 5314 2671 5382 γεγονὼς
2715 5315 2810 5367 καὶ
2839 5315 2938 5384 τὴν
2979 5313 3071 5366 τοῦ
3105 5313 3483 5383 πρεσϐυτέρου
3533 5313 3676 5380 λαμέ

2097 5403 2250 5458 ϐάνει
2286 5404 2390 5474 55
2432 5405 2680 5473 δύναμιν,
2718 5404 2826 5458 οὐδ’
2854 5407 2882 5458 6
2921 5404 3292 5475 πρεσϐύτερος
3347 5419 3671 5474 χειροτονη-

2099 5496 2213 5559 θεὶς
2249 5499 2342 5549 xal
2369 5497 2467 5566 τὴν
2501 5496 2593 5550 τοῦ
2642 5497 2950 5550 ἐπισκόπου
2982 5497 3252 5563 λαμϐάνει
3308 5497 3469 5564 χάριν
3493 5511 3508 5526 ·
3558 5493 3674 5547 ἀλλ’

2096 5591 2329 5652 ἕκαστος
2368 5590 2506 5658 ὅπερ
2537 5589 2748 5656 ἔλαϐεν,
2787 5589 2967 5654 ἔλαϐε,
3003 5590 3098 5642 xal
3128 5589 3155 5640 6
3187 5589 3285 5658 μὲν
3315 5590 3372 5638 ἐν
3403 5587 3672 5652 ἐλάττονι,

2097 5685 2122 5734 ὀ
2153 5681 2208 5734 δὲ
2245 5685 2303 5734 ἐν
2339 5681 2551 5750 μείζονί
2600 5683 2715 5734 ἐστι
2748 5684 2812 5751 τῇ
2861 5681 3105 5750 δυνάμει.
3146 5681 3256 5731 Kal
3289 5679 3533 5738 διάκονος
3576 5675 3674 5742 μὲν

2099 5777 2388 5845 ὑπηρετεῖ,
2419 5775 2600 5844 ἱερεὺς
2636 5774 2690 5829 δέ
2718 5776 3011 5844 ίερουργεῖ,
3057 5772 3349 5843 ἀρχιερεὺς
3403 5769 3674 5839 δὲ-χειρο-
