4076 6268
381 347 477 412 161

1356 349 1635 434 DlALOG
1648 350 1742 410 US
1779 347 2084 409 CONTRA
2125 345 2511 407 HXERESES.

3513 346 3538 410 1
3552 347 3619 408 ’ἶὲ

376 460 540 524 τονεῖ,
580 458 674 512 καὶ
719 459 827 514 τῶν
875 461 1235 530 χαρισμάτων
1267 460 1361 512 τοῦ
1411 461 1549 513 Θεοῦ
1597 460 1945 530 μεταδίδωσι,

2058 454 2350 520 sacrificat,
2419 453 2658 524 pontifex
2711 463 2890 510 autem
2922 455 3138 510 ordinat
3183 465 3237 510 et
3290 455 3618 509 charismata

379 551 478 603 καὶ
532 550 682 604 λύειν
727 556 822 605 καὶ
879 553 1099 621 δεσμεῖν
1149 555 1466 622 πταίσματα
1524 552 1620 621 τὴν
1690 552 1942 615 ἐξουσίαν

377 643 616 700 πλουτεῖ.
653 643 748 705 Τίς
777 645 887 714 ἄρα
914 643 1055 712 αῦτη
1095 647 1122 714 η
1179 645 1436 708 ὲξουσία;
1488 644 1583 705 Τίς
1617 642 1848 710 δύναμις
1881 641 1942 694 16

375 735 827 804 χειροτονεῖν;Τί
851 735 906 785 δέ
938 737 1082 785 ἐστιν
1117 736 1146 803 ἡ
1183 736 1480 804 χειροτονία
1510 751 1526 799 ;
1551 731 1698 802 τΑρα
1733 734 1942 801 κτίσμα

375 824 432 873 ὲν
467 823 596 891 ἡμίν
620 838 634 887 ;
660 825 770 876 Καὶ
800 825 851 876 τί
878 824 984 892 ἄρα
1013 825 1070 876 16
1094 825 1298 893 κτίσμα
1321 826 1546 879 δύναται
1573 840 1587 889 ;
1633 825 1753 884 Πῶς
1786 823 1938 887 θεοῖ;

376 913 490 965 Ka‘t
521 912 637 977 πῶς
672 915 967 985 καθαίρει;
1007 918 1116 969 Καὶ
1168 918 1282 980 πῶς
1329 918 1436 986 ἄρα
1485 917 1720 981 τελειοί;
1767 914 1830 967 Τί
1887 915 1944 968 δὲ

376 1003 470 1057 καὶ
501 1006 534 1074 ἠ
601 1005 885 1075 ἐπίκλησις
921 1006 1018 1076 τῆς
1049 1008 1141 1059 τοῦ
1176 1007 1312 1060 Θεοῦ
1367 1010 1630 1076 χάριτος;
1677 1001 1799 1075 'Ap’
1844 1007 1944 1058 οὐκ

380 1095 555 1166 ἰσχύει
585 1113 638 1150 τι
665 1115 680 1164 ;
711 1098 911 1151 Λοιπὸν
941 1099 1039 1151 οὐκ
1096 1101 1153 1151 ὲν
1185 1101 1316 1168 ἡμῖν
1341 1099 1400 1150 16
1442 1098 1665 1168 Πνεῦμα
1713 1099 1812 1167 τῆς
1850 1098 1948 1166 χά-

379 1202 563 1253 ριτος;
589 1186 757 1240 Βαδαὶ
787 1189 885 1256 τῆς
921 1188 1309 1258 βλασφημίαςῑ
1355 1190 1550 1260 Πόρῤω
1587 1190 1703 1242 ἐστὶ
1730 1191 1829 1258 τῆς
1850 1188 1944 1241 τοῦ

377 1274 514 1330 Θεοῦ
544 1277 764 1346 χάριτος
785 1279 812 1330 6
846 1281 922 1349 μὴ
966 1279 1252 1348 κηρύττων
1283 1281 1385 1349 τὴν
1440 1281 1536 1332 τοῦ
1569 1279 1704 1332 Θεοῦ
1763 1282 1943 1350 χάριν,

378 1370 472 1422 καὶ
502 1367 596 1423 τοῦ
632 1371 952 1439 Πνεύματος
989 1371 1084 1424 τοῦ
1113 1372 1249 1428 Θεοῦ
1285 1374 1589 1443 ἀλλότριος,
1624 1375 1718 1425 καὶ
1745 1374 1943 1442 ἀχαρί-

377 1478 548 1525 τωτος
595 1457 768 1526 οὗτος,
839 1467 935 1517 καὶ
981 1466 1273 1518 κοινωνίαν
1329 1468 1403 1535 μὴ
1455 1465 1597 1534 ἔχων
1657 1467 1796 1534 μετὰ
1850 1463 1946 1516 τοῦ

381 1551 528 1606 θείου
580 1552 932 1623 Πνεύματος,
964 1554 1056 1607 τοῦ
1088 1555 1372 1625 ἀλλοτρίου
1412 1555 1470 1608 δὲ
1525 1556 1728 1608 μᾶλλον
1777 1555 1949 1607 [lvi-:6—

381 1661 572 1714 ματος,
607 1646 701 1699 καὶ
731 1644 983 1715 ἔμπλεως
1001 1645 1194 1699 τούτου
1230 1650 1328 1712 τῆς
1363 1649 1604 1720 πονηρᾶς
1635 1648 1945 1716 δυνάμεως.

379 1730 454 1790 Οῦ
482 1736 546 1807 δὴ
573 1737 668 1789 καὶ
695 1739 760 1806 τῇ
791 1739 976 1805 ὲναγεῖ
1002 1738 1098 1790 καὶ
1139 1741 1387 1808 σκοτεινῇ
1420 1739 1674 1810 ἐνεργείᾳ,
1715 1740 1814 1810 τὴν
1844 1739 1947 1807 τῆς

2046 546 2139 599 Dei
2207 547 2507 615 dispensat,
2561 546 2868 617 gaudetque
2928 556 3466 616 potestate.peccala
3506 547 3620 599 sol-

2045 638 2206 690 vendi
2245 649 2410 706 atque
2434 637 2656 706 ligandi.
2687 639 2861 690 Purro
2910 653 3156 705 qua‘natn
3214 639 3315 690 ista
3344 647 3585 706 potestas
3601 638 3624 687 ’ξ

2047 729 2305 794 Quantam
2335 731 2624 784 ordinandi
2681 731 2968 797 potentia?
3001 731 3132 799 quid
3181 740 3266 785 est
3310 729 3622 784 ordinatio?

2049 823 2293 889 nunquid
2355 832 2601 875 creatura
2626 823 2677 874 in
2705 822 2900 876 nobis?
2929 823 3066 888 Quid
3098 837 3226 892 ergo
3278 829 3627 891 potesteri-a-

2050 913 2210 966 tura?
2255 915 2532 981 quomodo
2587 916 2716 968 deus
2775 912 2943 966 facit?
3001 913 3275 981 quomodo
3321 909 3628 965 cmundat?

2048 1006 2318 1068 quomodo
2344 1005 2698 1059 sanctificat?
2743 1004 2886 1070 Quid
2941 1004 3215 1060 invocatio
3245 1003 3433 1072 gratia:
3485 1002 3627 1055 Dei?

2047 1094 2237 1150 Nonne
2268 1097 2470 1166 aliquid
2506 1097 2681 1150 valet?
2713 1096 2885 1165 Igitur
2916 1096 2970 1149 in
3004 1095 3164 1150 nobis
3199 1111 3310 1149 non
3338 1103 3422 1148 est
3452 1092 3624 1160 Spiri-

2053 1196 2138 1240 tus
2171 1189 2400 1255 gratite?
2436 1188 2615 1240 Proh!
2662 1187 2939 1240 infandam
2996 1187 3427 1255 blasphemiam!
3467 1188 3625 1252 longe

2050 1288 2134 1330 est
2165 1291 2192 1329 a
2224 1279 2397 1344 gratia
2429 1277 2522 1332 Dei
2561 1278 2652 1345 qui
2688 1275 2776 1330 Dei
2824 1277 3052 1346 gratiam
3113 1293 3221 1329 non
3288 1277 3572 1342 profitetur
3605 1292 3621 1339 ;

2053 1368 2144 1422 hic
2176 1368 2388 1422 alienus
2424 1377 2509 1422 est
2546 1383 2574 1420 a
2629 1365 2835 1436 Spiritu
2899 1367 2992 1420 Dei
3047 1369 3331 1435 gratiaque
3391 1382 3618 1430 vacuus,

2051 1472 2228 1526 neque
2255 1459 2578 1512 societatem
2637 1459 2797 1512 habet
2838 1473 2956 1510 cum
3019 1460 3205 1511 divino
3269 1459 3497 1526 Spiritu.
3539 1461 3622 1510 vel

2053 1550 2226 1626 magis
2255 1550 2447 1617 plenus
2487 1560 2572 1604 est
2610 1551 2772 1604 alieni
2809 1549 3067 1618 Spiritus,
3136 1565 3326 1618 nempe
3383 1551 3624 1620 Spiritus

2008 1650 2011 1652 ’
2052 1644 2249 1713 iniquae
2281 1645 2592 1713 potestatis,
2627 1647 2785 1713 cujus
2844 1645 3053 1712 nefaria
3087 1654 3140 1698 et
3171 1646 3456 1697 tenebrosa
3495 1659 3624 1710 ope-

2055 1738 2264 1792 ratione
2294 1737 2581 1794 Trinitatis
2616 1741 2844 1810 gratiam
2907 1738 3282 1806 nequissimus
3336 1737 3627 1805 abnegavit

379 1827 614 1898 Τριάδος
643 1829 919 1896 ἠρνήσατο
949 1828 1108 1898 χάριν
1140 1830 1167 1880 6
1194 1829 1446 1894 δείλαιος,
1485 1831 1558 1894 ὡς
1594 1832 1822 1902 ἀνόητος
1843 1831 1943 1896 ὣν,

2058 1838 2240 1898 utpote
2304 1847 2516 1898 amens,
2583 1833 2895 1886 insensatus
2960 1840 3014 1884 et
3075 1830 3256 1883 inania
3312 1829 3376 1880 de
3430 1827 3626 1881 divinis

277 1956 282 1961 .
382 1917 714 1988 μωρανθεὶς,
749 1917 844 1971 καὶ
873 1920 1002 1988 περὶ
1032 1919 1142 1970 τῶν
1163 1917 1324 1972 θείων
1352 1921 1487 1974 κενὰ⁴
1522 1924 1940 1995 μεμελετηκώς.

380 2010 493 2062 Καὶ
523 2009 584 2062 τὸ
607 2009 722 2078 φῶς
749 2007 846 2062 τοῦ
877 2009 1013 2063 Θεοῦ
1045 2011 1147 2063 οὐκ
1179 2006 1341 2079 οἶδεν,
1375 2013 1456 2065 ὅτι
1501 2014 1662 2070 τοῦτο
1689 2017 1946 2087 ὴθέτησε.

379 2101 492 2153 Kal.
528 2099 603 2170 μὴ
631 2100 886 2171 θελήσας,
915 2101 1015 2154 οὐκ
1053 2103 1317 2172 ἡθελήθη.
1355 2105 1464 2159 Καὶ
1492 2106 1590 2160 οὐκ
1644 2107 1782 2175 ἔγνω
1813 2109 1948 2178 ψάλ-

380 2193 495 2245 λειν
530 2193 668 2263 μετὰ
695 2193 790 2246 τοῦ
833 2193 1022 2262 Δαρὶδ,
1066 2214 1084 2245 ι
1117 2196 1227 2249 Καὶ
1262 2197 1402 2250 ἔστω
1432 2199 1464 2268 ή
1489 2197 1811 2272 λαμπρότης
1838 2203 1948 2254 Κυο

381 2284 500 2353 ρίου
524 2283 619 2339 τοῦ
649 2284 785 2338 Θεοῦ
813 2287 970 2356 ήμῶν
999 2286 1082 2355 ἐφ’
1106 2290 1274 2359 ήμᾶς,
1303 2308 1321 2340 ι
1358 2293 1474 2356 καὶ,
1501 2309 1518 2342 ι
1549 2293 1788 2346 Φὼτισον
1818 2296 1947 2358 τοὺς

380 2371 698 2444 ὀφθαλμούς
737 2391 865 2445 μου,
933 2376 1142 2446 μήποτε
1195 2379 1430 2432 ὑπνώσω
1486 2383 1565 2443 είς
1616 2382 1864 2436 θάνατον.
1924 2402 1944 2435 ι

380 2463 519 2520 Οὐδὲ
546 2467 644 2532 τῆς
674 2467 768 2519 τοῦ
814 2467 951 2519 Θεοῦ
1014 2467 1289 2534 βασιλείας
1332 2470 1565 2538 ἠθέλησε
1616 2474 1952 2541 κληρονόμος

381 2559 728 2623 ἀναφανῆναι
753 2557 875 2609 κατ’
899 2558 1169 2620 ἐκείνους,
1207 2559 1337 2627 περὶ
1366 2554 1440 2612 ὧν
1477 2561 1715 2628 εἴρηται,
1748 2542 1772 2612 ἰ
1805 2564 1954 2615 Οἴτι-

386 2664 477 2709 νες
518 2649 578 2698 ού
621 2647 695 2716 μὴ
745 2647 1054 2714 γεύσωνται
1105 2649 1361 2714 θανάτου,
1415 2651 1520 2714 ἔως
1556 2651 1621 2703 ἂν
1656 2654 1808 2706 ἴδωσι
1856 2655 1956 2724 τὴν

391 2735 672 2805 βασιλείαν
705 2737 802 2790 τοῦ
829 2737 965 2790 Θεοῦ
995 2739 1317 2809 ἐληλυθυῖαν
1348 2744 1404 2794 ἐν
1431 2741 1678 2812 δυνάμει,
1717 2764 1735 2795 ι
1765 2747 1832 2816 ἢν
1864 2748 1955 2800 καὶ

389 2825 529 2881 εἶδον
563 2831 620 2881 ὲν
660 2829 736 2898 τῷ
763 2829 882 2897 ὄρει
935 2829 1058 2884 καθ’
1090 2832 1217 2885 ὅσον
1272 2834 1556 2902 ἠδύναντο,
1615 2839 1674 2890 16
1721 2840 1835 2907 φῶς
1895 2841 1954 2894 16

388 2920 706 2987 ἀνέσπερον,
742 2921 811 2974 δι’
839 2921 898 2975 οὖ
934 2923 1028 2976 καὶ
1065 2925 1111 2976 οί
1155 2923 1353 2978 δίκαιοι
1403 2927 1524 2981 τότε
1579 2930 1953 3001 ἐκλάμψουσιν

383 3011 458 3072 ὡς
489 3015 516 3064 6
546 3011 720 3081 ἥλιος,
753 3013 827 3076 ὡς
884 3016 912 3066 6
942 3013 1041 3083 τῆς
1105 3014 1458 3086 δικαιοσύνης
1505 3019 1744 3085 ἐδίδαξεν
1779 3023 1950 3094 ἥλιος.

386 3102 520 3170 Περὶ
548 3097 614 3172 ἦς
637 3103 1022 3173 λαμπρότητος
1057 3106 1149 3158 καὶ
1172 3106 1199 3157 6
1224 3107 1284 3159 16
1311 3108 1424 3176 φῶς
1471 3111 1646 3165 ἐκεῖνο
1685 3113 1809 3168 ἰδὼν
1840 3117 1954 3179 υἱὸς

383 3193 485 3260 τῆς
517 3193 748 3263 βροντῆς
799 3171 1027 3264 γράφει,
1083 3213 1101 3245 ι
1143 3197 1257 3250 Νῦν
1317 3171 1416 3253 οὐκ
1467 3203 1694 3273 οῖδαμεν
1730 3208 1782 3259 τί
1829 3171 2025 3260 ἐσόζΩ

389 3283 547 3352 μεθα.
591 3286 824 3353 Οἴδαμεν
857 3286 913 3339 δὲ
960 3288 1040 3340 ὅτι
1070 3289 1200 3341 ὅταν
1241 3291 1552 3363 φανερωθῇ,
1587 3295 1762 3364 ὅμοιοι
1808 3298 1956 3368 αὐτῷ

387 3376 647 3444 ἐσόμεθα.
689 3395 708 3428 ι
747 3378 853 3431 Καὶ
888 3381 916 3432 6
942 3379 1178 3443 Παῦλος,
1219 3380 1293 3444 ὡς
1325 3383 1400 3452 μὴ
1431 3386 1695 3456 πρότερον
1728 3389 1827 3457 μὲν
1863 3407 1958 3443 κα-

387 3471 552 3539 θαρὸς
579 3471 676 3534 ὢν,
710 3470 834 3524 ἰδὼν
863 3473 1042 3525 ἐκεῖνο
1070 3475 1132 3527 16
1165 3475 1300 3543 φῶς,
1364 3477 1457 3529 καὶ
1514 3479 1716 3544 πεσὼν,
1753 3482 1958 3552 καθαρ-

389 3559 502 3624 θεὶς
527 3561 750 3632 ἀνέστη,
781 3564 845 3615 ὲκ
869 3564 1064 3616 τούτου
1105 3565 1321 3630 δεικνὺς
1358 3569 1458 3638 τὴν
1486 3571 1549 3621 ἐκ
1568 3571 1668 3640 τῆς
1699 3573 1957 3637 πτώσεως

389 3651 554 3703 αὐτοῦ
583 3651 826 3724 ἔγερσιν,
865 3653 1081 3710 καὶτὸν
1129 3659 1193 3710 ἐκ
1224 3657 1317 3711 τοῦ
1373 3661 1600 3724 σκότους
1653 3667 1957 3734 φωτισμὸν,

385 3744 483 3794 καὶ
509 3743 588 3796 ἔτι
610 3745 679 3796 δι’
711 3744 874 3798 αὐτοῦ
909 3746 998 3799 τὸν
1051 3747 1151 3817 τῆς
1192 3748 1540 3820 οἰκουμένης.
1572 3753 1846 3824 ’Υστερον
1902 3758 1958 3812 δὲ

391 3836 662 3904 ἁρπαγεὶς
718 3838 799 3900 είς
851 3839 944 3891 16v
987 3839 1214 3909 οὐρανὸν
1243 3840 1319 3904 ὡς
1377 3843 1783 3916 κεκαθαρμένος
1817 3849 1956 3916 ὅλος,

388 3927 547 3980 τοῦτο
580 3927 961 3999 λαμπρότερον
996 3925 1124 3986 εἶδε.
1155 3931 1262 3985 Kal.
1320 3933 1460 4001 βοῶν
1487 3934 1694 4005 ἔλεγεν,
1739 3959 1756 3990 ι
1800 3941 1959 3994 Ἐπεο

396 4020 538 4089 φάνη
572 4022 604 4088 ἠ
660 4021 821 4091 χάρις
879 4023 975 4074 τοῦ
1008 4022 1146 4076 Θεοῦ
1176 4024 1209 4093 ἡ
1240 4027 1509 4094 σωτήριος
1541 4030 1710 4082 πᾶσιν
1750 4031 1962 4102 ἀνθρώ-

391 4128 537 4174 ποις.
573 4129 590 4163 »
630 4112 758 4176 Kal,
801 4130 820 4163 ι
857 4112 974 4164 Νῦν
1007 4113 1352 4182 γινώσκομεν
1380 4119 1436 4169 ὲν
1467 4117 1720 4188 ἐσόπτρῳ
1769 4122 1861 4174 καὶ
1905 4125 1962 4172 ἔν

390 4202 700 4272 μίνίγματι,
736 4205 856 4256 τότε
900 4203 955 4257 δὲ
988 4207 1282 4274 πρόσωπον
1317 4209 1451 4274 πρὸς
1488 4211 1808 4278 πρόσωπον.
1839 4231 1858 4264 ι
1888 4206 1962 4267 Οὖ

393 4297 488 4349 καὶ
516 4295 643 4358 τοὺς
679 4296 1005 4365 ἀρραϐῶνας
1061 4297 1186 4367 ἔσχε
1232 4299 1473 4368 Μωῦσῆς
1500 4301 1558 4353 ἑν
1588 4300 1666 4371 τῷ
1695 4301 1832 4372 ὄρει.
1871 4305 1964 4358 Διὸ

396 4387 488 4440 καὶ
527 4387 626 4441 οὒκ
663 4389 927 4458 ἠδύναντο
977 4390 1200 4460 θεωρεῖν
1263 4392 1430 4446 αὑτοῦ
1477 4393 1536 4445 16
1590 4394 1883 4464 πρόσωπον
1911 4397 1961 4449 οἱ

393 4480 501 4532 υἱοὶ
545 4480 638 4532 τοῦ
683 4483 922 4552 Ἰσραήλ.
976 4483 1086 4536 Καὶ
1133 4483 1404 4550 Στέφανος
1457 4483 1514 4537 δὲ
1575 4484 1955 4558 λαμπρότερον
1993 4503 2039 4560 ι)

395 4569 552 4623 τοῦτο
583 4570 643 4622 16
676 4572 790 4639 φῶς
837 4569 962 4626 εἶδε.
995 4573 1106 4624 Καὶ
1131 4573 1554 4639 καταυγασθεὶς,
1576 4575 1635 4627 τὸ
1665 4577 1961 4644 πρόσωπον

399 4661 564 4713 αὑτοῦ
610 4657 680 4731 ἦν
727 4662 858 4714 ὡσεὶ
887 4664 1179 4731 πρόσωπον
1213 4665 1471 4733 ἀγγέλου,
1521 4666 1595 4728 ὡς
1623 4673 1960 4737 γέγραπται.

401 4751 541 4819 Πρὸς
570 4753 682 4820 γὰρ
714 4753 773 4804 τὸ
817 4753 1012 4816 κάλλος
1067 4756 1242 4806 έκεῖνο
1292 4751 1359 4824 ἦν
1420 4758 1574 4826 καὶὴ
1635 4757 1964 4829 ἐξαλλομένη

397 4842 727 4911 λαμπρότης
768 4843 844 4913 τῷ
881 4845 1119 4912 σώματι.
1167 4848 1232 4897 'H
1275 4849 1333 4898 ἐν
1365 4849 1431 4916 τῇ
1481 4849 1626 4918 ψυχῇ
1660 4853 1770 4919 γὰρ
1802 4853 1966 4920 ἐκχυ-

401 4933 555 4987 θεῖσα
590 4934 711 4988 θεία
748 4936 842 4988 καὶ
902 4937 1065 4998 ᾶῦλος
1120 4937 1214 4989 τοῦ
1247 4938 1563 5007 Πνεῦματος
1592 4943 1846 5010 ἀστραπή
1907 4957 1964 4994 τε

404 5026 498 5079 καὶ
529 5027 710 5094 χάρις,
745 5027 921 5078 καὶτὸ
954 5027 1112 5095 σῶμα
1140 5029 1535 5098 περιηύγαζεν,
1573 5030 1646 5091 ὡς
1681 5033 1776 5082 καὶ
1792 5032 1850 5083 τὸ
1870 5030 1966 5084 τοῦ

401 5118 702 5182 Μωῦσέως.
729 5120 900 5172 Τοῦτο
954 5119 1008 5170 δὲ
1045 5119 1106 5170 16
1156 5119 1292 5186 φῶς,
1321 5120 1382 5170 οὐ
1422 5118 1599 5182 καθὼς
1646 5119 1816 5185 ἔστιν,
1852 5119 1968 5173 ἀλλ’

398 5211 472 5273 ὡς
507 5211 732 5265 δυνατὸν
757 5207 848 5281 ἦν,
895 5211 1104 5279 ἑωρᾶτο
1141 5195 1272 5273 ’τοῖς
1309 5213 1624 5279 θεωμένοις,
1658 5211 1733 5274 ὼς
1779 5213 1872 5264 καὶ
1913 5212 1968 5264 ὲν

396 5307 512 5366 τοῖς
548 5307 886 5374 προφήταις,
921 5305 982 5354 οὐ
1018 5301 1203 5365 καθὼς
1243 5299 1334 5374 ἦν,
1373 5303 1508 5355 ἀλλὰ
1559 5306 1701 5355 κατὰ
1735 5303 1967 5373 δύναμιν

398 5396 612 5464 ἑωρᾶτο
661 5394 769 5445 τῶν
801 5396 1074 5464 ὁρώντων,
1131 5393 1227 5444 καὶ
1269 5393 1475 5452 ἀὐτοὺς
1530 5395 1965 5462 περιήστραπτε.

398 5488 512 5539 Καὶ
539 5488 589 5538 τί
624 5485 703 5538 δεῖ
751 5485 920 5538 πολλὰ
976 5484 1155 5551 λέγειν
1187 5483 1314 5551 περὶ
1366 5485 1464 5553 τῆς
1519 5484 1670 5545 θείας
1728 5485 1949 5554 ἐκείνης

397 5578 807 5647 λαμπρότητος,
833 5577 904 5628 δι’
935 5573 1004 5649 ἦς
1052 5577 1100 5628 oi
1153 5576 1350 5628 δίκαιοι
1395 5575 1766 5643 ἐκλάμψουσιν
1815 5577 1888 5637 ὡς
1942 5576 1970 5626 ό

395 5670 548 5739 ἥλιος
584 5673 640 5720 ὲν
673 5672 736 5739 τῇ
767 5671 1041 5739 παρουσίᾳ
1071 5669 1164 5721 τοῦ
1217 5669 1426 5736 Πατρὺς
1484 5667 1663 5720 αὐτῶν
1719 5667 1813 5737 (ὡς
1859 5667 1966 5737 ἔφη

399 5765 664 5832 Χριστὸς)
705 5763 812 5816 τῶν
845 5764 1080 5820 ἀκτίνων
1139 5759 1233 5815 τοῦ
1272 5760 1466 5814 ἀδύτου
1499 5761 1652 5828 ἡλίου
1707 5760 1965 5831 μετέχον-

2048 1923 2214 1975 rebus
2245 1922 2554 1987 meditatus,
2591 1932 2642 1976 et
2678 1923 2857 1976 lumen
2895 1921 2984 1975 Dei
3013 1936 3124 1975 non
3161 1921 3333 1985 novit,
3367 1919 3623 1988 quoniam

2048 2011 2181 2066 illud
2219 2012 2408 2081 rejecit
2438 2013 2667 2080 ipseque
2729 2023 3056 2080 aspernatus
3106 2013 3348 2080 abiectus
3377 2018 3480 2065 est.
3514 2009 3623 2064 Ne-

2049 2105 2211 2160 scivit
2240 2120 2363 2159 cum
2411 2103 2582 2158 David
2624 2105 2851 2172 psallere
2883 2121 2899 2160 ε
2937 2124 2954 2156 ι
2995 2105 3060 2158 Et
3099 2107 3168 2160 sit
3221 2105 3476 2171 splendor
3523 2101 3628 2156 Do-

2048 2196 2178 2250 mini
2211 2196 2303 2250 Dei
2347 2201 2519 2250 nostri
2551 2212 2713 2266 Super
2750 2211 2892 2261 nos;
2935 2215 2954 2247 ι
2993 2205 3086 2251 et:
3124 2215 3140 2247 ι
3185 2195 3435 2248 ΙΙιιηηίυο
3493 2208 3627 2247 ocu-

2047 2286 2129 2341 los
2158 2303 2324 2355 mcos,
2363 2304 2432 2344 ne
2459 2305 2698 2358 unquam
2735 2289 3060 2343 obdorniam
3097 2289 3151 2341 in
3191 2295 3363 2340 morte
3394 2305 3408 2351 ;
3449 2303 3469 2337 ι
3532 2300 3625 2340 ne-

2051 2393 2154 2446 que
2187 2380 2360 2432 voluit
2394 2380 2543 2447 regni
2572 2378 2664 2432 Dei
2702 2380 2875 2433 haeres
2903 2380 3016 2435 tleri
3071 2379 3374 2434 secundum
3405 2393 3499 2433 eos
3559 2381 3627 2433 de

2053 2466 2254 2530 quibus
2286 2467 2492 2519 dictum
2518 2478 2602 2521 est
2636 2485 2650 2520 :
2694 2486 2712 2517 ι
2749 2469 2887 2521 Sunt
2915 2471 3006 2538 qui
3037 2486 3144 2523 non
3171 2471 3626 2538 gustabunttnorv

2057 2559 2162 2603 tem
2197 2555 2369 2605 donec
2397 2554 2618 2607 videant
2652 2572 2879 2623 regnum
2945 2557 3038 2610 Dei
3083 2558 3304 2611 veniens
3339 2559 3392 2610 in
3448 2558 3624 2610 virtu-

2059 2650 2133 2695 te.
2175 2661 2192 2692 ›
2225 2642 2377 2708 Quod
2403 2645 2653 2699 viderunt
2677 2647 2730 2699 in
2766 2658 2965 2713 monte,
3029 2657 3292 2717 quantum
3356 2659 3627 2716 poterant,

2055 2733 2267 2787 scilicet
2300 2736 2475 2790 lucem
2517 2737 2636 2791 sine
2695 2753 2914 2805 vespere
2949 2755 3053 2809 qua
3086 2739 3221 2807 justi
3284 2751 3412 2794 tunc
3465 2740 3630 2807 fulge-

2057 2825 2191 2879 bunt
2224 2829 2365 2882 sicut
2409 2832 2509 2894 sol,
2550 2839 2712 2897 prout
2742 2831 2926 2885 docuit
2975 2832 3359 2898 Sol-justitite.
3415 2831 3490 2887 De
3519 2847 3630 2902 quo

2055 2919 2345 2990 splendore
2375 2921 2549 2974 lucem
2583 2922 2730 2975 illam
2768 2923 2998 2978 intuitus
3028 2924 3253 2979 tonitrui
3303 2923 3448 2978 illius
3493 2925 3631 2980 scri-

2055 3012 2170 3067 bit:
2209 3032 2227 3064 ‹
2257 3012 2412 3067 Nunc
2444 3015 2720 3070 nescimus
2751 3017 2880 3084 quid
2937 3016 3166 3081 erimus,
3199 3017 3405 3071 scimus
3451 3027 3630 3070 autem

2056 3106 2334 3174 quoniam,
2394 3122 2518 3161 cum
2574 3108 2912 3175 apparuerit,
2970 3108 3180 3162 similes
3240 3109 3288 3162 ei
3329 3111 3558 3164 erimus.
3603 3129 3622 3161 ι

2057 3195 2260 3251 Paulus
2294 3211 2444 3260 vero,
2483 3198 2638 3267 prius
2692 3197 2910 3266 quidem
2965 3214 3307 3267 nequaquam
3369 3205 3626 3265 mundus,

2059 3283 2249 3338 videns
2277 3286 2410 3340 illud
2439 3287 2621 3340 lumen
2673 3296 2726 3342 et
2762 3288 2961 3342 cadens
2995 3289 3234 3342 surrexit
3286 3290 3630 3358 puriﬁcatus,

2059 3374 2184 3429 inde
2211 3377 2566 3431 manifestans
2594 3393 2746 3432 suam
2776 3392 2806 3432 e
2845 3394 2975 3432 casu
3002 3381 3420 3446 surrectionem,
3475 3397 3627 3435 suam

2060 3481 2090 3521 e
2125 3467 2365 3522 tenebris
2420 3468 2867 3532 illustrationeni,
2901 3469 3284 3536 universaque
3331 3482 3486 3525 terra:
3539 3489 3634 3538 per

2060 3573 2184 3612 eum
2231 3559 2719 3626 illutninationem;
2759 3560 3032 3630 posterius
3097 3569 3278 3614 autem
3329 3561 3382 3612 in
3435 3562 3633 3616 ctnlntn

2063 3659 2275 3721 raptus,
2311 3659 2501 3720 utpote
2545 3659 2690 3705 totus
2721 3652 3074 3715 emundatus,
3126 3653 3260 3706 illud
3297 3635 3636 3720 splendidius

2061 3743 2219 3806 vidit,
2241 3753 2296 3797 et
2327 3743 2598 3797 clamabat
2635 3743 2822 3796 dicens
2856 3759 2870 3795 :
2909 3761 2927 3793 ι
2956 3743 3224 3812 Apparuit
3278 3744 3457 3811 gratia
3513 3744 3634 3795 Sal-

2063 3837 2267 3888 vatoris
2341 3834 2518 3890 nostri
2589 3835 2844 3888 omnibus
2903 3835 3257 3898 hominibus;
3307 3843 3406 3885 et:
3479 3833 3634 3886 Nunc

2061 3926 2451 3995 cognoscimus
2506 3924 2558 3978 in
2625 3926 2852 3993 speculo
2914 3931 2968 3977 et
3019 3925 3073 3976 in
3133 3923 3440 3991 wnigmate,
3504 3933 3634 3978 tunc

2064 4025 2247 4071 autem
2275 4019 2415 4070 facie
2453 4017 2521 4071 ad
2581 4015 2812 4082 faciem;
2848 4035 2866 4067 ι
2907 4017 3066 4086 cujus
3120 4016 3347 4070 luminis
3406 4017 3630 4090 pignora

2068 4109 2259 4159 habuit
2296 4108 2510 4176 Moyses
2577 4108 2632 4161 in
2691 4118 2898 4171 monte,
2951 4110 3070 4163 ideo
3101 4125 3210 4164 non
3247 4120 3499 4180 poterant
3539 4115 3635 4166 lilii

2066 4197 2229 4250 Israel
2265 4199 2316 4250 in
2346 4198 2536 4250 faciem
2593 4197 2711 4266 ejus
2773 4200 3078 4256 intendere.
3135 4201 3445 4272 Stephanus
3510 4220 3637 4260 vero

2066 4287 2269 4342 clarius
2302 4288 2443 4341 hanc
2470 4287 2643 4341 lucem
2689 4293 2939 4357 aspexit:
2975 4293 3474 4361 resplenduiteniut
3514 4300 3636 4350 vnl-

2068 4394 2156 4440 tus
2187 4385 2324 4454 ejus,
2360 4391 2519 4453 prout
2549 4385 2814 4453 scriptum
2846 4393 2953 4450 cst,
3010 4389 3152 4442 sicut
3197 4388 3378 4444 vultus
3421 4392 3634 4459 angeli;

2068 4493 2192 4532 nam
2227 4479 2294 4532 ad
2347 4480 2496 4532 illum
2525 4479 2776 4534 decorem
2811 4481 3093 4549 spectabat
3149 4482 3404 4548 splendOr
3436 4497 3637 4551 corpus

2068 4569 2368 4635 adornatis,
2403 4579 2458 4624 et
2500 4571 2551 4623 in
2582 4573 2765 4625 anima
2800 4579 2916 4624 erat
2948 4571 3144 4626 diffusa
3175 4572 3357 4626 divina
3383 4583 3436 4626 et
3459 4575 3638 4627 incor-

2067 4676 2233 4730 porea
2270 4662 2442 4716 divini
2471 4663 2711 4731 Spiritus
2741 4663 2919 4731 gratia
2942 4673 2995 4717 et
3035 4664 3372 4727 coruscatio,
3405 4664 3636 4734 ejusque

2067 4753 2337 4809 emicabat
2385 4768 2583 4822 corpus
2646 4755 3106 4823 quemadmodum
3185 4756 3384 4826 Moysis
3451 4761 3638 4812 facies.

2068 4846 2206 4900 illud
2273 4854 2453 4902 autem
2490 4847 2672 4900 lumen
2703 4861 2813 4900 non
2867 4849 3029 4902 sicuti
3056 4860 3162 4913 est,
3199 4849 3292 4903 scd
3331 4851 3476 4903 sicut
3523 4859 3641 4903 erat

2069 4935 2351 5005 possibile,
2384 4937 2452 4989 ab
2479 4937 2822 4992 intuentibus
2853 4950 3205 5008 conspectuin
3235 4949 3340 5006 est,
3373 4941 3640 5010 quemad-

2072 5025 2292 5079 modum
2323 5026 2376 5078 in
2410 5025 2688 5094 prophetis
2723 5043 2830 5082 non
2864 5031 3023 5084 sicuti
3049 5043 3169 5083 erat
3200 5032 3511 5097 videbatur,
3545 5030 3639 5084 sed

2075 5117 2372 5170 secundum
2432 5118 2687 5172 virtutem
2727 5122 3052 5185 videntium,
3095 5130 3149 5175 et
3207 5123 3400 5176 oculos
3450 5138 3641 5175 eorum

2071 5209 2495 5276 pcrstringebat.
2531 5210 2593 5262 Et
2622 5211 2750 5279 quid
2785 5223 3002 5280 oportet
3032 5215 3187 5280 plura
3245 5210 3430 5264 dicere
3461 5211 3527 5264 de
3559 5211 3645 5263 di-

2074 5301 2200 5350 vino
2232 5299 2322 5352 illo
2357 5301 2670 5367 splendore,
2716 5319 2824 5370 quo
2857 5302 2995 5370 justi
3048 5301 3332 5370 fulgebunt
3381 5301 3521 5353 sicut
3559 5303 3642 5355 sol

2073 5390 2128 5444 in
2163 5405 2460 5459 conspectu
2482 5392 2659 5446 Patris
2681 5408 2892 5452 eorum.
2916 5403 2973 5444 ut
2996 5392 3132 5444 dixit
3159 5390 3432 5456 Christus,
3462 5394 3642 5448 radius

2075 5484 2206 5538 Solis
2238 5484 2505 5536 inaccessi
2546 5483 2974 5551 participautes?
3001 5482 3105 5536 Iste
3129 5493 3214 5536 est
3246 5484 3334 5536 lux
3365 5501 3484 5538 vera
3515 5503 3637 5555 quae

2075 5576 2346 5629 illuminat
2400 5591 2619 5628 omnem
2679 5577 2954 5629 hominem
3010 5577 3311 5631 venientem
3369 5579 3424 5631 in
3495 5581 3641 5633 httne

2077 5673 2365 5734 mundum,
2402 5669 2584 5736 inquit
2617 5666 2860 5722 Joannes
2908 5670 2960 5721 in
3006 5669 3316 5739 Evangelio.
3347 5673 3403 5726 ln
3434 5675 3648 5738 Apoca-

2078 5763 2214 5831 lypsi
2253 5778 2378 5818 vero
2406 5763 2670 5830 scriptum
2693 5773 2772 5818 cst
2802 5779 2817 5819 :
2858 5780 2875 5814 ι
2905 5761 3074 5816 Justis
3116 5778 3224 5816 non
3250 5763 3356 5816 erit
3388 5764 3648 5830 splendor
