4050 6266
398 301 498 362 1ὒ3

1247 285 1621 351 SYMEONIS
1651 283 2395 348 THESSALONICENSIS
2424 284 2782 347 ARCHIEP.

3540 281 3638 344 164

389 415 544 476 solis,
581 412 674 467 sed
708 425 881 482 agnus
910 407 1014 464 erit
1044 407 1126 462 eis
1179 407 1400 461 lucerna
1456 417 1565 458 non
1625 402 1886 458 deficiens
1915 417 1964 456 ,ι
2002 459 2011 479 ⁴

2101 420 2202 471 ;ες;
2271 422 2289 455 t
2322 402 2420 468 ’ος
2452 405 2570 457 ἐστι
2626 402 2687 453 τὸ
2719 400 2834 470 φῶς
2885 398 2941 452 τὸ
2999 397 3277 469 ἀληθινόν,
3337 396 3366 450 δ
3419 395 3646 466 φωτίζει

400 506 499 560 Hic
528 516 709 559 autem
746 517 918 572 agnus
977 508 1060 555 est
1122 513 1300 568 agnus
1336 497 1432 552 Dei
1497 495 1662 551 Jesus
1709 494 1970 549 Clitistus

2101 499 2253 552 πάντα
2275 498 2565 562 ἄνθρωπον
2596 495 2892 567 ἐρχόμενον
2917 493 2996 556 είς
3019 491 3110 544 τὸν
3133 493 3362 562 κόσμον,
3398 507 3417 541 ι
3466 489 3651 543 Ἰωάν-

393 598 496 667 qui
564 603 648 649 est
709 594 975 648 Dominus
1021 592 1228 662 gloriaa,
1276 589 1342 644 de
1383 604 1492 658 quo
1552 587 1718 641 David
1771 587 1908 641 dixit
1950 601 1964 640 :

2073 607 2172 659 νης
2201 590 2260 642 ἐν
2281 589 2362 659 τῷ
2394 588 2715 657 Εὑαγγελίῳ
2742 585 2898 656 φησί.
2936 584 3048 638 Kal
3078 586 3134 636 ὲν
3165 585 3231 653 τῇ
3272 579 3651 648 Ἀποκαλύψει

401 706 418 737 ι
449 685 710 740 Dominus
736 685 921 753 gloriae
955 683 1213 746 intonuit,
1240 699 1259 733 ι
1283 688 1338 734 et
1366 678 1609 734 Paulus:
1637 688 1662 729 ι’
1681 677 1968 745 Nunquam

2101 684 2131 736 ὲ
2161 685 2494 754 γέγραπται,
2527 682 2599 743 ὡς
2636 683 2736 735 οὐκ
2771 680 2926 732 ἔσται
2979 679 3084 740 τοῖς
3119 675 3348 734 δικαίοις
3378 673 3531 744 ήλίου
3567 671 3655 726 Elt-

389 778 685 832 Dotninnm
737 777 926 846 gloriae.
981 774 1410 829 crucifixissent.
1449 791 1468 823 ι
1528 771 1656 826 Ideo
1705 770 1969 838 scriptum

2101 774 2304 844 .αμψις,
2341 775 2480 826 ἀλλὰ
2513 775 2573 826 τὸ
2607 773 2797 842 ἀρνίον
2847 770 3000 822 ἔσται
3035 765 3152 837 φῶς
3197 767 3380 829 αὐτοῖς
3418 764 3493 835 μὴ
3533 763 3654 818 δυό-

397 879 478 920 cst
509 867 561 919 in
593 865 885 934 Evangelio
920 879 933 915 :
975 881 993 914 ι
1023 862 1086 916 Ει
1129 863 1362 918 vidimus
1393 861 1622 930 gloriam
1665 861 1803 930 ejus,
1857 861 1972 929 glo-

393 959 533 1010 t'iam
566 958 720 1024 quasi
754 955 1027 1026 Unigeniti
1057 969 1085 1007 a
1115 953 1296 1017 Patre,
1327 969 1347 1004 ι
1389 969 1512 1022 qua:
1546 952 1716 1022 gloria
1752 966 1859 1004 non
1891 960 1976 1005 est

401 1065 632 1119 persona
667 1064 731 1101 ex
773 1048 951 1102 tribus
981 1048 1236 1117 personis
1271 1053 1558 1111 constans,
1615 1045 1708 1098 sed
1769 1044 1972 1112 gratia;

405 1160 424 1192 ι
470 1144 710 1210 plenum,
761 1140 858 1202 ait,
899 1140 1089 1207 gratim
1127 1147 1182 1192 et
1218 1137 1484 1192 veritatis.
1518 1155 1537 1188 ›
1579 1131 1736 1200 Quod
1779 1135 1975 1188 Petrus

393 1233 806 1303 Sapientissime
836 1240 1076 1286 testatur
1100 1231 1288 1285 dicens
1325 1245 1340 1282 :
1386 1247 1404 1279 t
1435 1227 1554 1281 Non
1593 1229 1740 1282 enitn
1785 1231 1976 1280 doctas

404 1325 616 1378 fabulas
657 1323 1058 1386 secuti,notam
1091 1321 1321 1376 fecimus
1356 1321 1509 1373 vobis
1541 1319 1758 1372 Domini
1794 1315 1975 1371 nostri

388 1415 530 1471 Jesu
572 1415 779 1471 Christi
814 1416 1070 1468 virtutem
1098 1423 1151 1466 et
1182 1413 1567 1481 praesentiam,
1611 1410 1704 1465 sed
1729 1410 1979 1478 specula-

403 1523 548 1564 tores
581 1508 708 1561 facti
739 1507 884 1559 illius
947 1504 1367 1574 magnitudinis,
1403 1522 1421 1556 ι
1459 1518 1621 1572 quam
1656 1503 1892 1573 gloriam
1925 1512 1980 1557 et

396 1600 666 1652 honorem
703 1607 880 1650 vocat.
907 1595 995 1648 Ait
1033 1595 1176 1648 enim
1220 1613 1234 1649 :
1274 1614 1292 1647 ι
1318 1596 1610 1665 Accipiens
1634 1611 1661 1647 a
1702 1596 1811 1648 Deo
1869 1593 1980 1650 Pa-

396 1697 486 1740 dre
520 1689 779 1740 honorem
812 1694 866 1738 et
916 1683 1173 1752 gloriam,
1207 1697 1341 1737 voce
1372 1683 1598 1752 delapsa
1629 1683 1694 1736 ad
1723 1698 1848 1737 eum
1884 1683 1983 1735 hu-

394 1777 703 1846 juscemodi
733 1791 761 1828 a
795 1775 1078 1844 magnifica
1109 1776 1280 1843 gloria
1309 1793 1327 1825 ι
1347 1769 1376 1827 ’.
1403 1811 1417 1827 .

411 1872 624 1924 Patrem
649 1868 877 1936 gloriam
917 1875 1075 1920 vocat
1103 1865 1231 1933 quia
1265 1866 1389 1920 fons
1425 1875 1511 1921 est
1569 1875 1623 1920 et
1655 1865 1982 1935 principium

409 1962 616 2032 gloriae,
655 1960 854 2013 Filium
913 1973 1042 2013 vero
1073 1973 1256 2028 regem
1305 1959 1491 2028 gloriae
1541 1959 1819 2028 appellat?
1879 1960 1986 2015 Sed

415 2055 612 2124 Paulus
645 2067 867 2122 quoque
899 2066 1022 2106 cmn
1083 2051 1429 2120 splendorem
1495 2046 1668 2117 gloﬂa
1709 2052 1988 2120 cognomi-

414 2154 506 2198 ttat
565 2144 804 2198 dicens:
878 2161 895 2193 ι
931 2143 1031 2208 Qui
1092 2157 1216 2197 cmn
1275 2143 1346 2196 sit
1402 2141 1662 2210 splendor
1720 2143 1982 2212 gloriaﬁ.»

415 2236 613 2291 Eodem
671 2237 897 2290 nomine
952 2235 1182 2303 gratiam
1252 2244 1306 2287 et
1369 2249 1660 2303 personam
1715 2233 1990 2303 significat

411 2327 872 2400 quemadmodum
904 2329 1122 2382 diversa
1157 2341 1288 2381 voce
1318 2325 1584 2395 Spiritum
1641 2323 1991 2396 operationes

411 2421 667 2490 appellat,
694 2420 1061 2488 spiritumque
1087 2427 1247 2472 vocat
1308 2414 1548 2487 Spiritus
1581 2416 1752 2472 divini
1803 2430 1994 2486 perso-

416 2526 536 2565 nam
572 2527 598 2562 a
636 2526 740 2578 qua
770 2510 1110 2564 descendunt
1139 2508 1493 2563 charismata.
1515 2508 1840 2562 Communis
1860 2521 1991 2577 ergo

414 2601 702 2656 Trinitatis
731 2601 924 2670 gloria,
963 2611 1256 2670 propterea
1298 2615 1311 2651 :
1357 2617 1374 2650 t
1413 2598 1676 2666 Sanctus,
1739 2610 1993 2663 sanctus,

408 2705 661 2758 metus,
689 2695 955 2749 Dominus
979 2693 1222 2748 Sabaoth
1251 2708 1265 2746 :
1292 2693 1436 2761 pleni
1467 2701 1596 2746 sunt
1627 2691 1749 2746 ειεΙὶ
1768 2701 1824 2747 et
1849 2702 1994 2746 terra

408 2787 586 2858 gloria
609 2784 759 2853 ejus.
793 2803 810 2835 ι
849 2784 976 2840 Una
1003 2794 1087 2839 est
1113 2783 1404 2836 Trinitatis
1443 2782 1726 2848 divinitas,
1766 2783 1996 2852 ideoque

408 2877 490 2932 .dii
521 2887 651 2934 sunt
677 2891 815 2943 quos
851 2877 942 2930 illa
975 2885 1127 2930 tanto
1163 2876 1370 2930 honore
1429 2877 1703 2945 dignatur.
1737 2876 1996 2944 Propter-

407 2987 480 3026 ea
528 2972 691 3025 etiam
743 2971 889 3024 Dens
943 2983 1026 3023 est
1061 2969 1140 3032 ,in
1206 2982 1481 3040 synagoga
1543 2968 1793 3021 deorum.
1847 2965 1996 3021 Unus

407 3077 634 3140 quoque
662 3060 952 3116 Trinitatis
983 3061 1239 3129 splendor
1267 3061 1334 3114 de
1385 3074 1494 3130 quo
1525 3058 1717 3123 David,
1752 3070 1810 3112 ut
1849 3059 1992 3113 dixi-

421 3133 562 3216 mus,
605 3161 858 3224 precatur
898 3167 910 3203 :
941 3154 1004 3206 Et
1035 3152 1106 3204 sit
1156 3151 1419 3221 Splendor
1446 3150 1659 3205 Domini
1695 3148 1789 3203 Dei
1825 3151 1994 3204 nostri
2023 3133 2068 3195 ο

411 3261 589 3313 super
618 3259 740 3307 nos,
777 3260 794 3292 ι
823 3250 877 3295 et
911 3258 924 3293 :
962 3258 980 3291 t
1014 3241 1066 3293 In
1101 3239 1508 3308 splendoribus,
1542 3239 1744 3308 inquit,
1777 3249 1997 3292 saneto-

423 3353 543 3389 rum
575 3347 792 3388 tuorum
830 3351 882 3388 ,ι
943 3333 1140 3401 Aspice
1178 3333 1436 3398 quoniam
1501 3330 1758 3401 splendor
1817 3343 1899 3385 est
1943 3330 1994 3383 in

410 3425 553 3489 :Deo,
585 3435 639 3479 et
676 3427 726 3476 in
763 3424 973 3478 sanctis
1003 3438 1223 3491 quoque
1247 3423 1548 3491 splendor;
1589 3423 1666 3475 ait
1701 3425 1846 3477 enim
1902 3421 2001 3475 Pe-

421 3528 541 3570 trus
572 3534 585 3570 :
636 3534 654 3566 t
689 3513 923 3568 Vocavit
950 3531 1051 3568 nos
1083 3517 1135 3568 in
1177 3515 1500 3569 admirabile
1527 3516 1709 3568 lumen
1739 3530 1934 3581 suum;
1973 3533 1992 3565 ι

407 3607 490 3663 .de
525 3609 624 3660 hoc
654 3622 754 3663 nos
780 3606 942 3662 docet
1000 3607 1144 3661 alius
1179 3607 1465 3676 theologus
1527 3607 1619 3676 qui
1665 3607 1842 3662 lucem
1909 3605 1998 3659 Dei

414 3699 560 3755 ηἰιιίι
589 3709 645 3753 et
685 3700 930 3754 sustulit.
962 3700 1216 3754 Pastores
1251 3711 1433 3752 autem
1494 3699 1642 3753 illaut
1679 3709 1806 3754 ante
1873 3711 1999 3752 cum

419 3791 702 3853 widerant,
766 3805 892 3844 nam
952 3791 1122 3858 gloria
1169 3789 1379 3843 Domini
1449 3791 1816 3845 circumfulsit
1882 3807 1999 3858 eos,

413 3897 549 3953 .qute
582 3881 817 3951 l’ulgidos
861 3882 1083 3951 angelus
1138 3881 1470 3936 manifestat.
1504 3884 1595 3936 Ait
1657 3887 1805 3938 enim
1847 3887 2002 3940 Psal-

428 3975 590 4028 ntista
636 3990 651 4027 :
687 3991 705 4024 t
739 3970 843 4038 Qui
882 3972 1010 4027 facit
1045 3973 1268 4043 angelos
1319 3987 1447 4028 suos
1477 3975 1704 4043 spiritus
1755 3987 1809 4029 et
1843 3978 2005 4031 mini-

415 4073 574 4118 atros
626 4078 760 4118 suos
813 4061 1088 4119 ﬂammam
1150 4064 1312 4132 ignis.
1358 4079 1377 4115 ι
1442 4091 1508 4104 —-—
1570 4083 1589 4116 ι
1633 4065 1762 4119 Erat
1821 4077 2002 4122 autem

413 4163 682 4224 aspectus
750 4155 870 4220 ejus
935 4153 1080 4206 sicut
1148 4151 1370 4224 fulgur,
1437 4156 1761 4211 vestimenta
1822 4167 2002 4212 autem

417 4247 554 4304 alba
585 4247 733 4299 sicut
774 4248 889 4298 nix.
917 4263 935 4295 ι
974 4247 1090 4314 Ipse
1127 4261 1252 4301 vero
1286 4245 1550 4315 splendor
1609 4249 1800 4319 gloria:
1839 4250 2008 4305 multo

421 4338 606 4406 .tnagis
638 4339 955 4392 incarnatus
981 4338 1205 4404 effulsit,
1243 4349 1296 4392 et
1329 4353 1594 4409 quantum
1625 4342 1826 4397 intueri
1857 4353 2009 4413 pote—

425 4430 847 4500 rantdiscipuli,
884 4431 1010 4485 istis
1040 4432 1092 4484 in
1127 4440 1313 4486 monte
1341 4443 1671 4500 conspectus
1701 4443 1785 4488 est
1828 4450 1844 4488 :
1881 4455 1901 4486 ι
1938 4435 2005 4490 Et

2111 4458 2213 4528 ψεν
2254 4441 2482 4522 αύτούς.
2525 4477 2544 4510 ι
2575 4430 2724 4528 Αῦτη
2763 4430 2834 4512 '5:

429 4521 796 4590 rcspleuduit,
833 4523 1006 4592 inquit
1038 4521 1344 4588 Malthaens,
1377 4522 1546 4578 facies
1579 4523 1701 4592 ejus
1733 4527 1876 4579 sicut
1903 4525 2009 4591 sol,

439 4614 762 4669 vestimenta
796 4621 978 4666 autem
1006 4614 1125 4684 ejus
1158 4614 1295 4668 facta
1330 4623 1459 4668 sunt
1489 4615 1609 4670 alba
1638 4619 1780 4672 sicut
1819 4621 1952 4686 nix;
1983 4635 2002 4670 ι

433 4700 578 4753 altus
605 4712 785 4754 autem
813 4702 1155 4771 Evangelista
1177 4704 1316 4758 dixit
1345 4721 1360 4760 :
1399 4702 1555 4759 Sicut
1587 4706 1703 4772 lux,
1740 4707 1868 4775 quia
1899 4723 2007 4761 non

428 4792 595 4850 sicuti
645 4802 751 4855 est,
785 4793 880 4846 sed
921 4805 1082 4862 prout
1130 4799 1408 4850 sustinere
1450 4808 1702 4867 poterant
1747 4801 2010 4855 cerneba-

424 4895 545 4939 Aur.
571 4882 786 4940 Rursus
815 4888 979 4938 etiam
1021 4889 1246 4957 angelos
1281 4889 1333 4942 in
1371 4899 1733 4946 monumento
1768 4890 2010 4963 fulgidos

425 4985 763 5044 aspexerunt
785 4977 980 5042 divina:
999 4979 1256 5034 mulieres
1283 4991 1334 5034 et
1354 4979 1546 5037 Petrus
1565 4984 1618 5036 in
1639 4998 1880 5038 carcere.
1907 4984 2012 5039 Sed

2079 883 2262 933 μενον.
2308 865 2522 935 Ἀρνίον
2556 865 2610 916 δὲ
2642 867 2669 918 ὁ
2715 863 2886 932 ἀμνὸς
2925 859 3015 915 τοῦ
3077 859 3215 913 Θεοῦ
3243 855 3456 926 Ἰησοῦς
3512 857 3653 924 Χρι-

2079 957 2225 1019 στὸς.
2251 955 2308 1018 ὃς
2332 955 2426 1009 καὶ
2453 955 2658 1025 Κύριος
2690 955 2790 1024 τῆς
2816 953 2972 1024 δόξης
3003 953 3136 1006 ἐστὶ.
3177 952 3288 1006 Kal
3332 950 3501 1006 Aa6l6
3525 949 3653 1020 περὶ

2079 1051 2271 1103 τούτου
2303 1049 2436 1119 φησι
2463 1065 2478 1079 ·
2525 1068 2543 1099 ι
2575 1048 2779 1116 Κύριος
2807 1047 2907 1115 τῆς
2933 1045 3094 1116 δόξης
3127 1045 3446 1115 ὲὸρόντησε.
3485 1063 3502 1094 t
3540 1042 3652 1096 Kal

2076 1141 2104 1193 δ
2147 1139 2381 1202 Παῦλος,
2433 1157 2453 1190 ι
2492 1138 2606 1190 Οὐκ
2646 1138 2712 1190 ἂν
2747 1137 2838 1189 τὸν
2869 1137 3076 1204 Κύριον
3102 1135 3206 1204 τῆς
3255 1135 3420 1204 δόξης
3461 1133 3656 1188 ἐσταύ-

2085 1249 2284 1302 ρωσαν.
2325 1251 2343 1282 ι
2397 1230 2487 1283 Διὸ
2551 1231 2642 1282 καὶ
2699 1230 2758 1282 ἐν
2815 1228 2893 1298 τῷ
2951 1228 3269 1296 Εὑαγγελίῳ
3319 1228 3655 1296 γέγραπται,

2088 1343 2104 1375 t
2148 1325 2257 1377 Kal
2305 1322 2652 1391 ἐθεασάμεθα
2686 1320 2785 1388 τὴν
2808 1319 2966 1384 δόξαν
3023 1319 3216 1384 αὑτοῦ,
3253 1320 3410 1384 δόξαν
3439 1317 3548 1389 56
3579 1317 3656 1380 ὡς

2084 1413 2417 1484 Μονογενοῦς
2451 1416 2602 1484 παρὰ
2639 1408 2861 1482 Πατρός
2891 1427 2904 1440 ’
2949 1431 2967 1463 ι
3022 1413 3116 1464 καὶ
3151 1411 3356 1478 ταύτην
3390 1409 3490 1479 οὐχ
3527 1407 3662 1461 ὑπό-

2083 1526 2274 1561 στασιν
2326 1509 2390 1561 ὲκ
2442 1505 2552 1560 τῶν
2603 1503 2772 1574 τριῶν
2829 1505 3186 1558 ύποστάσεων
3216 1540 3231 1565 ,
3286 1502 3423 1555 ἀλλὰ
3473 1501 3656 1572 χάριν.

2090 1617 2108 1650 t
2144 1600 2363 1669 Πλήρης
2398 1599 2622 1669 χάριτος
2653 1598 2745 1650 καὶ
2779 1596 3062 1666 ἀληθείας,
3091 1614 3109 1646 ›
3144 1595 3300 1664 φησί.
3350 1594 3461 1647 Kal
3490 1595 3518 1646 ό
3553 1591 3660 1646 Πέ-

2085 1709 2210 1762 τρος
2237 1691 2294 1746 δὲ
2359 1691 2674 1760 σαφέστατα
2716 1690 2875 1742 τοῦτο
2935 1690 3224 1759 μαρτυρεῖ,
3281 1686 3477 1754 λέγων,
3521 1704 3539 1738 ι
3583 1685 3659 1738 Ού

1443 1813 1457 1828 ο
1496 1775 1689 1829 Ἥάϐη’
1723 1778 1982 1844 quoniam
2019 1795 2058 1850 Β
2089 1785 2198 1856 γὰρ
2233 1785 2651 1853 σεσοφισμένοις
2688 1782 2881 1852 μύθοις
2908 1779 3466 1850 ἐξακολουθήσαντες,
3496 1779 3664 1846 ἐγνω-

2093 1879 2326 1948 ρίσαμεν
2370 1879 2497 1947 ὑμῖν
2531 1877 2631 1947 τὴν
2685 1875 2779 1930 τοῦ
2822 1875 3032 1944 Κυρίου
3079 1873 3258 1943 Ἰησοῦ
3291 1872 3520 1940 δύναμιν
3565 1870 3665 1924 καὶ

2089 1968 2426 2037 παρουσίαν,
2486 1967 2602 2022 ἀλλ’
2658 1968 2897 2021 ἐπόπται
2945 1965 3270 2035 γενηθέντες
3320 1965 3386 2033 τῇ
3450 1960 3661 2016 ἐκείνου

2093 2062 2498 2133 μεγαλειότητι.
2543 2079 2562 2113 ι
2600 2062 2712 2114 Kal
2763 2061 2923 2127 δόξαν
2951 2057 3115 2112 τοῦτο
3144 2059 3241 2110 καὶ
3268 2057 3438 2126 τιμὴν
3465 2052 3669 2124 όνομά-

2093 2154 2200 2221 ζει.
2232 2155 2427 2208 Λαϐὼν
2456 2154 2587 2224 γὰρ,
2628 2154 2782 2225 φησὶ,
2855 2154 3010 2224 παρὰ
3055 2149 3190 2202 Θεοῦ
3236 2148 3452 2218 Πατρδς
3499 2145 3669 2217 τιμήν

2091 2246 2187 2300 καὶ
2219 2245 2400 2312 δόξαν,
2435 2246 2618 2316 φωνῆς
2660 2243 2982 2316 ἐνεχθείσης
3018 2242 3169 2313 αύτῷ
3195 2241 3409 2296 τοιᾶσδε
3443 2238 3670 2305 ὑπὸτῆς

2097 2336 2552 2408 μεγαλοπρεποῦς
2580 2337 2762 2408 δόξης.
2825 2335 2990 2407 Ὀρᾷς
3041 2336 3124 2389 ὅτι
3183 2335 3279 2388 καὶ
3327 2333 3418 2388 τὸν
3449 2333 3671 2401 Πατέρα

2093 2432 2253 2499 δόξαν
2289 2433 2490 2502 φησίνς
2540 2435 2623 2486 ὅτι
2669 2432 2820 2502 πηγὴ
2863 2432 2960 2484 καὶ
3018 2427 3164 2500 ἀρχὴ
3204 2430 3303 2498 τῆς
3341 2427 3521 2496 δόξης,
3571 2425 3669 2480 καὶ

2093 2527 2186 2581 τὸν
2215 2525 2345 2579 Υίδν
2375 2525 2434 2579 δὲ
2464 2523 2691 2594 βασιλέα
2717 2524 2817 2593 τῆς
2846 2522 3044 2591 δόξηςς
3095 2521 3260 2576 Ἀλλὰ
3291 2525 3385 2576 καὶ
3419 2521 3660 2584 Παῦλος,

2103 2637 2120 2672 t
2155 2617 2522 2686 ’Δπαύγασμα
2545 2617 2645 2686 τῆς
2682 2615 2870 2686 δόξης,
2904 2634 2922 2666 ι
2954 2616 3144 2685 φησίν.
3187 2633 3204 2666 ι
3253 2616 3349 2676 ’ος
3393 2610 3470 2666 ὢν
3499 2609 3675 2664 ἀπαύ⁹

2100 2728 2289 2780 γασμα
2339 2711 2438 2780 τῆς
2465 2710 2661 2780 δόξηςο
2705 2727 2724 2762 ›
2771 2709 3080 2780 ὁμωνύμως
3112 2709 3179 2778 τῇ
3216 2707 3399 2778 χάριτι
3441 2707 3538 2760 καὶ
3567 2704 3668 2773 τὴν

2099 2805 2406 2859 ὑπόστασιν
2435 2803 2742 2873 ὀνομάζων,
2794 2803 2868 2865 ὡς
2899 2803 2993 2856 καὶ
3026 2802 3253 2874 Πνεῦμα
3298 2802 3572 2872 διαφόρως
3600 2802 3670 2855 τὰ

2097 2899 2454 2968 ἐνεργήματα
2487 2896 2667 2949 καλεῖ.
2702 2895 2807 2948 Kal
2856 2891 3082 2963 Πνεῦμα
3116 2893 3217 2961 τὴν
3249 2893 3547 2945 ὑπόστασιν
3575 2891 3672 2942 αὖ-

2098 2991 2197 3060 τήν
2233 2986 2495 3057 ὀνομάζει
2528 2986 2624 3039 τοῦ
2653 2986 2800 3039 θείου
2833 2985 3175 3054 Πνεύματος,
3212 2985 3273 3048 ἐξ
3298 2980 3366 3054 ἦς
3394 2985 3462 3037 τὰ
3510 2983 3672 3053 χαρι-

2104 3095 2308 3148 σματα.
2346 3077 2518 3148 Κοινὴ
2545 3077 2654 3148 ἄρα
2705 3079 2739 3140 ἠ
2762 3075 2890 3140 δόξα
2925 3075 3023 3143 τῆς
3057 3073 3311 3143 Τρὶἁδος.
3366 3074 3521 3127 Ἐπεὶ
3576 3072 3674 3125 καὶ

2109 3191 2126 3222 ‹
2165 3171 2380 3238 Ἀγιος.
2410 3169 2586 3238 ἅγιος,
2621 3168 2796 3237 ἅγιος,
2859 3167 3065 3237 Κύριος
3098 3166 3349 3232 Σαϐαὼθ,
3381 3167 3599 3236 πλήρης
3640 3167 3670 3220 ό

2100 3263 2329 3333 οὐρανὸς
2359 3262 2456 3315 καὶ
2494 3262 2527 3330 ἡ
2559 3259 2630 3329 γῆ
2662 3261 2762 3330 τῆς
2781 3257 2940 3328 δόξης
2965 3259 3154 3311 αὑτοῦ.
3199 3277 3217 3309 ›
3284 3258 3394 3310 Kal
3428 3259 3526 3326 μία
3561 3257 3676 3310 θεό-

2102 3374 2199 3426 της
2229 3357 2330 3424 τῆς
2362 3353 2618 3424 Τριάδος,
2647 3354 2767 3405 ἐπεὶ
2795 3352 2890 3404 καὶ
2925 3349 3041 3403 θεοὶ
3075 3352 3122 3403 οἱ
3146 3349 3253 3403 ἀπὸ
3280 3349 3487 3419 ταύτης
3520 3347 3671 3402 θεού-

2103 3464 2278 3518 μενοι.
2313 3445 2410 3497 Διὰ
2438 3443 2599 3497 τοῦτο
2633 3443 2726 3495 καὶ
2752 3440 2883 3504 Θεὸς
2910 3440 3041 3511 ἔστη
3074 3442 3131 3493 ὲν
3163 3443 3460 3510 συναγωγῇ
3512 3439 3672 3494 θεῶν.

2105 3540 2211 3594 Kal
2245 3539 2344 3608 μία
2366 3537 2690 3608 λαμπρότης
2737 3535 2771 3606 ἠ
2822 3535 2920 3605 τῆς
2954 3533 3210 3604 Τριάδος,
3268 3535 3398 3605 περὶ
3426 3530 3493 3605 ἧς
3527 3533 3672 3604 εῠχε.

2102 3646 2191 3686 ται
2225 3630 2414 3696 Δαόὶδ,
2443 3629 2625 3692 καθὼς
2657 3628 2895 3698 ἔφημεν,
2928 3649 2946 3681 t
2982 3629 3089 3680 Kal
3121 3627 3261 3680 Esne
3289 3629 3321 3697 ή
3352 3627 3680 3696 λαμπρότης

2106 3725 2312 3794 Κυρίου
2346 3723 2442 3776 τοῦ
2470 3723 2604 3776 Θεοῦ
2645 3724 2799 3793 ἡμῶν
2829 3722 3102 3792 ἐφ’ήμᾶς.
3134 3741 3152 3774 ι
3193 3722 3322 3786 Καὶ,
3377 3739 3396 3772 t
3433 3719 3526 3774 Ἐν
3557 3723 3680 3781 ταῖς

2103 3814 2476 3888 λαμπρότησι,
2536 3815 2689 3884 φησὶ,
2746 3811 2857 3866 τῶν
2887 3815 3062 3880 ἁγίων
3097 3830 3214 3866 σου.
3260 3831 3278 3864 ι
3337 3812 3481 3879 ’Ὀρα
3511 3812 3565 3866 δὲ
3597 3812 3681 3863 ὅτι

2105 3911 2199 3964 καὶ
2237 3911 2294 3961 ὲν
2325 3909 2403 3976 τῷ
2449 3907 2569 3974 Θεῴ
2596 3905 2945 3977 λαμπρότης,
2973 3906 3067 3959 καὶ
3101 3907 3159 3957 ἐν
3185 3907 3298 3968 τοῖς
3323 3905 3504 3973 ἁγίοις
3533 3905 3680 3973 λαμ-

2108 3999 2316 4069 πρότης
2346 4013 2360 4028 '
2403 4018 2420 4050 t
2465 3995 2722 4052 Ἐκάλεσε
2755 3996 2864 4068 γὰρ
2901 3999 3049 4068 ἡμᾶς
3085 3997 3220 4064 πρὸς
3275 3997 3336 4050 τὸ
3366 3997 3684 4065 θαυμαστὸν

2108 4091 2274 4146 αὑτοῦ
2311 4090 2454 4159 φῶς,
2493 4109 2511 4142 ι
2573 4089 2779 4160 Πέτρος
2825 4089 2998 4160 λέγει.
3050 4089 3162 4143 Kal
3222 4088 3382 4152 ἄλλος
3432 4089 3684 4156 θεολόγος

2110 4185 2237 4254 περὶ
2303 4182 2510 4252 ταύτης
2579 4181 2862 4245 διδάσκει,
2935 4180 3299 4252 λαμπρότητα
3378 4179 3514 4238 Θεοῦ
3589 4185 3686 4236 καὶ

2113 4275 2236 4329 ίδὼν
2293 4275 2460 4337 αὐτὸς
2509 4276 2604 4330 καὶ
2659 4275 2889 4328 «παθών⁹
2947 4274 3044 4327 καὶ
3091 4277 3141 4327 οἱ
3184 4274 3440 4342 ποιμένες
3474 4274 3531 4328 δὲ
3575 4274 3684 4344 πρὸ

2112 4367 2280 4421 αὐτοῦ
2311 4363 2471 4421 εἶδον.
2518 4385 2536 4419 ι
2578 4366 2720 4434 Δόξα
2752 4369 2883 4437 γὰρ,
2913 4367 3067 4436 φησὶ,
3126 4367 3330 4436 Κυρίου
3386 4368 3694 4436 περιέλαμ-

2885 4461 3180 4527 φωτεινοῦς
3223 4460 3319 4512 καὶ
3358 4462 3483 4522 τοὺς
3518 4460 3692 4528 ἀγγέ-

2113 4551 2239 4613 λους
2270 4550 2524 4605 δεικνύει.
2557 4568 2578 4603 ι
2623 4551 2680 4605 '0
2706 4551 2874 4604 ποιῶν
2911 4570 2930 4604 ι
2968 4553 3098 4622 γὰρ,
3156 4553 3312 4619 φησὶ,
3348 4571 3366 4603 ι
3410 4553 3535 4614 τοὺς
3586 4553 3694 4620 ἀγ-

2115 4645 2304 4711 γέλους
2341 4642 2507 4695 αὑτοῦ
2549 4642 2856 4713 πνεύματα,
2890 4648 2983 4696 καὶ
3019 4645 3146 4706 τοὺς
3198 4644 3552 4716 λειτουργοὺς
3592 4647 3695 4699 αύ-

2113 4736 2210 4789 τοῦ
2241 4738 2413 4806 πυρὸς
2443 4736 2637 4804 φλόγα.
2695 4753 2714 4786 ι
2768 4736 2882 4790 Kal
2927 4732 2995 4807 ἦν
3040 4739 3096 4792 δὲ
3141 4739 3174 4807 ἡ
3231 4739 3378 4792 εἰδέα
3417 4739 3583 4792 αὑτοῦ
3615 4740 3696 4804 ὼς

2113 4829 2397 4900 ἀστραπή,
2431 4832 2526 4882 καὶ
2547 4830 2608 4882 τὸ
2637 4830 2849 4900 ἔνδυμα
2905 4831 3072 4885 αὑτοῦ
3108 4832 3301 4885 λευκὸν
3350 4835 3484 4886 ὡσεὶ
3529 4833 3687 4904 χιών.

2113 4919 2283 4993 Αὐτὸς
2323 4919 2426 4972 δὲό
2479 4921 2844 4988 καταυγάζων
2906 4923 3086 4993 πολλῷ
3141 4924 3345 4992 μᾶλλον
3406 4928 3684 4998 ἐξέλαμψε

2116 5012 2442 5080 σαρκωθείς.
2469 5015 2579 5066 Καὶ
2637 5012 2869 5067 καθόσον
2921 5017 3188 5084 ἠδύναντο
3224 5017 3449 5087 θεωρεῖν
3501 5021 3550 5074 oi
3583 5037 3694 5089 μα-

426 5069 642 5137 angelis
676 5070 894 5138 quidem
950 5071 1039 5124 lux
1097 5083 1217 5125 erat
1270 5075 1574 5128 secundum
1629 5070 2010 5146 participatio-

701 5102 1039 5182 [ξ’ῗωξξιεψέ
1089 5102 1217 5182 ff"
1270 5102 1574 5182 ⁸⁵⁹¹³¹¹ξ¹¹¹¹ξ¹
1629 5102 2010 5182 νέηωψξωξ·
2115 5103 2298 5172 θηται,
2330 5102 2487 5172 ὤφθη
2536 5104 2746 5167 τούτοις
2794 5108 2889 5159 ἐπὶ
2920 5108 3013 5160 τοῦ
3061 5109 3243 5178 ὅρους.
3285 5129 3305 5163 ι
3341 5112 3450 5165 Kal
3479 5111 3690 5182 ἔλαμψε

432 5178 586 5227 netu,
617 5172 672 5217 et
700 5165 822 5219 ideo
857 5165 946 5218 isti
978 5175 1107 5220 sunt
1133 5165 1221 5219 lux
1259 5168 1587 5222 secundaria
1629 5172 1828 5238 primae
1872 5171 2015 5227 lucis

2116 5194 2335 5266 (φησι)
2392 5196 2451 5248 τὸ
2506 5199 2802 5266 πρόσωπον
2862 5200 3030 5254 αὑτοῦ
3087 5201 3164 5265 ὡς
3221 5205 3249 5256 ό
3293 5204 3464 5274 ἦλιος,
3519 5208 3586 5257 τὰ
3635 5205 3695 5260 δὲ

2118 5287 2315 5357 ἱμάτια
2355 5287 2524 5341 αὑτοῦ
2550 5290 2772 5356 ὲγένετο
2804 5291 2978 5346 λευκὰ
3015 5293 3135 5350 λίαν
3169 5294 3244 5358 ὡς
3287 5294 3466 5364 χιώνο
3503 5315 3522 5348 ι
3567 5295 3692 5349 ἓτε-

2123 5395 2214 5447 ρος
2241 5379 2298 5432 δὲ
2337 5378 2450 5432 τῶν
2503 5381 2912 5448 εὑαγγελιστῶν
2950 5402 3115 5454 φησιν
3141 5401 3156 5415 ·
3188 5405 3206 5436 ι
3263 5387 3352 5450 Ὠς
3399 5389 3459 5440 τὸ
3495 5389 3632 5457 φῶς.
3667 5407 3689 5441 ι

2129 5471 2348 5543 Ἐπειδὴ
2382 5472 2442 5524 οὐ
2477 5473 2661 5540 καθὼς
2690 5469 2779 5545 ἦν,
2806 5477 2943 5529 ἀλλὰ
2972 5477 3155 5541 καθὼς
3181 5479 3451 5548 ἠδύναντο
3488 5483 3691 5550 χωρεῖν

2116 5562 2349 5633 ἑωρᾶτο.
2379 5566 2486 5618 Καὶ
2512 5568 2638 5628 τοὺς
2665 5569 2934 5636 ἀγγέλους
2963 5571 3019 5623 δὲ
3057 5573 3112 5623 ὲν
3127 5573 3204 5642 τῷ
3235 5574 3480 5643 μνήματι
3514 5574 3684 5628 πάλιν

2119 5657 2417 5724 φωτεινοὺς
2459 5659 2688 5726 ἔϐλεψαν
2711 5661 2767 5713 al
2799 5661 2940 5714 θεῖαι
2975 5667 3256 5730 γυναῖκες,
3291 5667 3386 5720 καὶ
3414 5667 3442 5717 ό
3490 5667 3697 5737 Πέτρος

2121 5751 2264 5816 ἐντῇ
2300 5751 2510 5823 εἱρκτῇ.
2556 5751 2719 5805 ’Λλλὰ
2766 5753 2876 5815 τοῖς
2917 5755 3016 5824 μὲν
3060 5745 3310 5826 ἀγγέλοις
3356 5759 3495 5814 κατὰ
3529 5775 3695 5830 μετοο

433 5257 698 5324 ministri,
735 5270 792 5310 ut
819 5256 956 5312 dixit
987 5260 1208 5327 quidam
1239 5261 1566 5330 theologus;
1612 5265 1879 5318 Dominus
1920 5280 2016 5318 au-

430 5359 544 5409 tem
575 5351 672 5404 ius
700 5366 823 5404 vera
861 5352 1162 5406 secundum
1190 5363 1444 5407 naturam
1479 5355 1640 5411 habet
1671 5355 2011 5425 Splendorem

429 5454 662 5510 propter
690 5457 854 5509 quam
899 5444 1228 5512 precabatur
1263 5444 1429 5499 David
1479 5446 1666 5502 dicens
1706 5464 1720 5500 :
1763 5463 1782 5498 t
1817 5446 2017 5501 Emitte

431 5535 616 5596 lucem
641 5545 794 5590 tuam
823 5544 878 5591 et
913 5537 1200 5590 veritatem
1237 5534 1410 5601 tuam,
1443 5557 1462 5590 ›
1501 5553 1668 5607 quam
1705 5539 1834 5593 alibi
1891 5540 2016 5594 illu-

436 5625 794 5683 minatioaetn
858 5626 1040 5685 vultus
1095 5627 1186 5681 Dei
1252 5629 1626 5698 cognominat.
1688 5629 1910 5685 Necnon
1949 5634 2016 5686 de

435 5715 836 5773 illuminatioue
862 5732 982 5788 qua:
1037 5719 1201 5774 datur
1237 5723 1444 5776 sanctis
1475 5735 1490 5773 :
1533 5740 1550 5772 t
1586 5717 1852 5777 Exortum
1906 5735 2010 5792 σει,
