4076 6268
392 317 494 385 165

1434 327 1816 389 DIALOGUS
1855 328 2158 388 CONTRA
2197 332 2588 396 IL‘ERESES.

3519 329 3622 394 me

393 433 495 501 χὴν
520 426 590 502 ἦν
618 429 680 485 τδ
701 432 842 501 φῶς,
874 433 998 488 ἐπεὶ
1033 436 1127 489 καὶ
1170 438 1400 506 δεύτερα
1440 439 1596 507 φῶτα
1627 438 1804 501 οὗτοι,
1841 440 1941 493 λει‹

2059 441 2258 510 inquit,
2306 444 2359 499 in
2392 446 2632 501 tenebris
2665 444 2851 502 lumen
2911 447 3096 512 rectis,
3131 464 3150 499 ι
3187 452 3410 515 propter
3472 446 3617 515 quod

391 526 614 592 τουργοὶ
641 527 741 593 τῆς
793 527 1019 600 πρώτης
1071 530 1481 602 λαμπρότητος,
1531 534 1674 589 καθά
1706 551 1810 588 που
1843 536 1955 590 τῶν

391 613 657 682 θεολόγων
686 618 822 687 φησι
847 636 931 681 τις
954 637 968 652 ·
998 621 1026 672 ὁ
1057 622 1260 692 Κύριος
1291 625 1347 678 δὲ
1376 625 1490 692 φῶς
1518 627 1773 693 ἀληθινὸν
1813 630 1956 682 κατὰ

397 707 558 773 φύσιν
590 703 704 776 εἶχε
735 712 834 777 τὴν
861 711 1090 780 λάμψιν,
1123 717 1250 784 περὶ
1272 711 1340 781 ἧς
1403 716 1602 787 ηὔχετο
1643 720 1826 781 Δαδὶδ,
1864 722 1954 773 λέ-

398 811 532 862 γων.
559 815 580 848 ι
619 798 1038 862 Ἐξαπόστειλον
1061 803 1123 856 τὸ
1151 807 1268 873 φῶς
1305 823 1400 860 σου
1442 808 1533 860 καὶ
1561 810 1661 880 τὴν
1697 810 1956 879 ἀλήθειάν

401 905 517 944 σου.
553 908 572 940 ι
621 890 888 962 Ἀλλαχοῦ
922 894 978 949 δὲ
1031 898 1124 949 καὶ
1166 899 1447 969 φωτισμὸν
1495 900 1592 954 τοῦ
1657 901 1956 970 προσώπου

393 977 531 1031 θεοῦ
554 979 812 1048 ὀνομάζει
844 987 1022 1040 τοῦτο.
1054 988 1165 1040 Kal.
1193 990 1322 1058 περὶ
1349 991 1443 1044 τοῦ
1503 993 1560 1043 ἐν
1591 994 1703 1056 τοῖς
1727 993 1958 1057 δικαίοις

391 1069 700 1138 φωτισμοῦ,
749 1091 766 1122 ι
803 1072 1176 1137 Ἐεανέτειλεν
1197 1078 1256 1129 ὲν
1286 1081 1469 1133 σκότει
1505 1080 1622 1148 φῶς
1656 1083 1770 1144 τοῖς
1805 1082 1960 1135 εὐθέ-

391 1173 469 1220 σι,
502 1178 522 1210 ι
558 1163 682 1229 περὶ
713 1163 774 1216 οὗ
809 1168 988 1233 φωτὸς
1023 1169 1242 1239 καὶτῆς
1269 1171 1447 1225 ἀϊδίου
1475 1163 1570 1226 καὶ
1626 1175 1777 1238 θείας
1811 1175 1958 1247 λαμ-

399 1251 669 1319 πρότητος
715 1256 811 1308 καὶ
842 1259 951 1320 πᾶς
1003 1260 1314 1327 ἠγωνίσατο
1346 1266 1374 1316 ό
1402 1265 1512 1318 τῶν
1553 1265 1725 1333 ἁγῐων
1771 1269 1956 1338 χορὸς,

391 1343 618 1396 καὶτῶν
650 1347 990 1417 ἀρῤαόώνων
1029 1348 1121 1402 τοῦ
1161 1345 1449 1422 φωτῖσμοῦ
1490 1355 1707 1420 τούτου,
1741 1356 1818 1418 ὡς
1862 1361 1958 1428 ἐγ-

391 1433 604 1502 χωροῦν
633 1429 722 1506 ἦν,
754 1440 846 1492 καὶ
886 1441 986 1509 τῆς
1015 1442 1331 1512 ἐλλάμψεως
1364 1444 1576 1516 ἔτυχεν.
1627 1449 1813 1503 Οτδασι
1845 1451 1956 1522 γὰρ

390 1522 646 1594 εὔχεσθαι
705 1530 844 1597 μετά
879 1531 973 1586 τοῦ
1009 1534 1175 1588 Δαϐιδ
1201 1535 1282 1599 τὸ,
1320 1555 1338 1587 ι
1370 1536 1443 1590 Σὺ
1484 1543 1708 1606 φωτιεῐς
1763 1541 1956 1613 λύχνον

391 1631 516 1678 μου,
550 1617 723 1686 Κύριε
757 1621 785 1672 ό
825 1621 958 1685 Θεός
991 1641 1117 1693 μου,
1178 1631 1397 1693 φωτιετς
1429 1631 1489 1682 τὸ
1532 1632 1724 1695 σκότος
1757 1652 1882 1704 μου.
1927 1653 1949 1688 ι

393 1707 488 1769 ⁸ος
518 1711 615 1760 καὶ
661 1713 957 1778 φωτισθεὶς
1006 1718 1101 1770 καὶ
1131 1719 1475 1791 εὐφροσύνης
1499 1723 1564 1776 ἐκ
1593 1727 1786 1780 τούτου
1813 1727 1955 1798 πλη-

2058 537 2240 590 lumen
2295 549 2349 592 et
2404 548 2664 593 :eternam
2731 539 3084 607 divinamque
3159 539 3616 592 illiiiniiiationem

2056 628 2239 681 omnis
2297 638 2613 682 sanctorum
2673 630 2879 684 chorus
2913 629 3234 690 decertavit,
3283 638 3337 682 et
3393 629 3616 696 pignora

2056 719 2203 772 illius
2227 719 2535 789 splendoris
2561 731 2614 776 et
2657 721 3042 776 illustrationis
3093 738 3189 791 pro
3217 723 3426 776 viribus
3463 737 3621 776 acce-

2041 809 2155 886 pit.
2184 807 2378 863 Sciunt
2403 810 2548 864 enim
2576 826 2698 866 cum
2729 811 2894 865 David
2921 828 3082 867 orare
3108 831 3122 870 ;
3155 829 3174 864 ι
3215 812 3278 866 Et
3311 823 3367 866 tu
3405 813 3620 866 illumi-

2059 916 2158 956 nas
2188 901 2462 956 lucernam
2491 918 2688 968 meam,
2717 905 2961 968 Domine,
2988 904 3323 970 Deiisnieus,
3350 903 3623 958 illumina-

2060 990 2144 1044 bis
2179 993 2432 1047 tenebras
2460 1008 2649 1059 ineas;
2683 1013 2700 1045 ι
2737 995 2827 1062 qui
2863 995 3203 1049 illuminatus
3246 1007 3300 1050 et
3333 1005 3617 1065 propterea

2062 1081 2246 1135 laitiiia
2281 1082 2536 1152 impletus
2580 1085 2797 1140 dicebat
2833 1101 2846 1138 :
2881 1104 2898 1136 ι
2930 1085 3043 1141 Lux
3077 1097 3197 1142 orta
3230 1095 3311 1142 est
3343 1088 3514 1158 justo,
3569 1093 3626 1140 et

2063 1173 2223 1228 rectis
2253 1173 2414 1229 corde
2443 1175 2650 1240 laetitia,
2684 1194 2702 1226 ι
2763 1178 2816 1231 in
2871 1193 2976 1247 qua
3010 1179 3291 1234 etsultans
3353 1171 3569 1234 diccbat
3605 1197 3624 1234 ι

2066 1281 2084 1314 ι
2119 1261 2413 1318 Exsultabo
2435 1279 2556 1318 cum
2585 1267 2903 1336 apparuerit
2961 1270 3088 1323 mihi
3120 1271 3291 1340 gloria
3339 1281 3482 1337 tua;i
3525 1288 3622 1340 po-

2061 1353 2169 1407 tius
2203 1369 2331 1407 vero
2385 1353 2610 1424 pignora
2644 1358 2920 1422 accipiens
2962 1368 3148 1428 utpote
3201 1359 3293 1415 Dei
3357 1376 3621 1431 proavus,

2055 1444 2282 1514 gloriam
2315 1453 2368 1498 et
2403 1445 2705 1499 claritatem
2735 1445 2936 1502 Christi
2980 1450 3302 1518 prazdicebat
3334 1466 3428 1521 per
3451 1466 3617 1520 quam

2057 1535 2154 1589 lilii
2185 1535 2322 1590 lucis
2381 1550 2574 1590 sumus
2627 1544 2680 1590 et
2718 1539 2868 1606 pueri
2924 1539 3085 1595 lucis.
3130 1540 3421 1611 Propterea
3481 1543 3619 1598 lucis

2058 1627 2199 1682 ﬁlios
2256 1627 2492 1696 theologi
2556 1643 2655 1682 nos
2703 1630 3081 1698 scripserunt,
3140 1641 3303 1702 atque
3361 1633 3615 1687 solatium

2055 1721 2395 1788 gratiamque
2423 1729 2478 1774 et
2524 1734 2777 1788 regnum,
2807 1722 3002 1790 pignus
3043 1734 3095 1778 et
3137 1725 3411 1792 primitias
3454 1726 3618 1780 iutiiri

389 1799 606 1866 ρωθεὶς,
639 1800 817 1869 ἔλεγε,
859 1823 878 1856 ι
911 1805 1034 1870 Φῶς
1063 1785 1305 1862 ἀνέτειλε
1341 1785 1664 1885 τῷνδικαίῳ,
1698 1817 1794 1871 καὶ
1833 1785 1941 1882 “rei;

2054 1811 2234 1866 saeculi
2296 1811 2475 1865 lucem
2549 1811 2694 1865 illam
2756 1811 3034 1876 dixerunt,
3067 1830 3230 1884 quam
3287 1833 3392 1872 non
3448 1832 3616 1872 sensu

384 1891 568 1946 εύθέσι
617 1897 682 1963 τῇ
714 1897 912 1968 καρδίᾳ
962 1900 1294 1972 εὐφροσύνη,
1333 1898 1452 1977 ἐν
1484 1908 1578 1960 καὶ
1628 1910 1948 1979 χορτασθεὶς

384 1987 470 2036 ἐλε
491 2000 562 2051 γε.
598 2003 616 2036 ι
651 1987 1119 2059 Χορτασθήσομαι
1149 1994 1207 2045 ἐν
1233 1995 1310 2062 τῷ
1341 1995 1576 2065 ὀφθῆναί
1619 2018 1711 2069 μοι
1736 2003 1833 2070 τὴν
1864 2003 1949 2056 δό-

386 2073 480 2138 ξαν
505 2093 620 2132 σου.
664 2096 684 2130 ι
721 2080 943 2134 Μᾶλλον
989 2082 1046 2136 δὲ
1090 2085 1215 2147 τοὺς
1277 2088 1608 2158 ἀρραϐῶνας
1641 2091 1823 2146 λασὼν
1872 2095 1948 2159 ὡς

383 2165 694 2240 θεοπάτωρ.
728 2169 796 2222 τὰ
818 2171 949 2240 περὶ
975 2173 1074 2243 τῆς
1099 2173 1259 2244 δόξης
1287 2177 1382 2230 τοῦ
1414 2179 1658 2248 Χριστοῦ
1689 2183 1784 2235 καὶ
1801 2183 1945 2252 λαμ-

381 2257 652 2327 πρότητος
680 2259 1082 2331 προεκήρυττε,
1111 2263 1181 2316 δι’
1201 2258 1268 2337 ἦς
1298 2267 1394 2320 καὶ
1421 2270 1584 2338 ἡμεῖς
1604 2271 1711 2324 υἱοὶ
1740 2273 1945 2341 φωτὸς,

380 2349 476 2404 καὶ
528 2351 696 2404 τέκνα
745 2355 944 2420 φωτός.
989 2356 1092 2410 ,Διὸ
1145 2359 1240 2411 καὶ
1293 2360 1469 2428 φωτὸς
1515 2363 1666 2426 υἱοὺς
1715 2365 1863 2433 ἡμᾶς
1898 2366 1946 2418 oi

380 2439 624 2508 θεολόγοι
657 2443 1000 2512 γεγράφασι,
1028 2448 1123 2499 καὶ
1156 2448 1505 2520 παράκλησιν
1529 2455 1622 2504 καὶ
1652 2453 1832 2521 χάριν,
1855 2458 1950 2508 καὶ

381 2529 684 2598 βασιλειαν,
723 2532 820 2585 καὶ
849 2535 1169 2603 ἀρραϐῶνα,
1228 2538 1320 2590 καὶ
1374 2541 1634 2608 ἀπαρχὴν
1681 2541 1776 2593 τοῦ
1817 2544 1951 2610 μέλ·

380 2620 566 2678 λοντος
635 2622 832 2682 αἰῶνος
899 2623 1060 2676 τοῦτο
1122 2625 1182 2677 τὸ
1272 2628 1386 2695 φῶς
1457 2629 1793 2698 εἰρήκασιν·
1853 2634 1952 2689 οὐκ

383 2708 664 2777 αἰσθητῶς
715 2712 1052 2784 γευσάμενοι
1117 2716 1352 2772 τούτου·
1412 2720 1533 2774 ἐπεὶ
1590 2722 1700 2776 οὐδ’
1756 2726 1950 2797 αἰσθη-

382 2799 450 2869 τὴ
499 2801 530 2871 ή
577 2801 782 2871 λάμψις
834 2805 982 2856 ἐστὶν
1032 2806 1239 2876 ἐκείνη.
1285 2810 1475 2878 Ὅμως
1523 2811 1824 2885 ἐπειδήπερ
1869 2817 1949 2871 δι-

2053 1911 2430 1969 gnstaverunt,
2465 1917 2586 1956 cum
2643 1903 2865 1958 claritas
2920 1904 3008 1957 illa
3046 1922 3150 1959 non
3217 1907 3287 1960 sit
3321 1909 3616 1962 sensibilis.

2050 1995 2183 2049 Cum
2214 1993 2374 2048 simul
2413 1994 2618 2064 duplici
2650 1996 2956 2050 substantia
2985 2006 3320 2059 constemus,
3350 2015 3478 2051 vera
3520 2001 3609 2054 lui:

2051 2083 2138 2137 illa
2185 2084 2313 2140 solis
2367 2083 2617 2154 iustitiae,
2639 2095 2690 2139 et
2719 2085 3016 2155 spiritualis
3055 2088 3364 2142 coruscatio
3394 2087 3620 2143 Deitatis

2049 2172 2404 2240 spiritiialiter
2445 2173 2602 2228 nobis
2641 2191 2704 2227 ex
2764 2183 2956 2229 sancto
3006 2174 3207 2244 Spiritu
3245 2178 3472 2232 illiieens
3512 2195 3616 2232 non

2049 2275 2282 2318 mentem
2316 2272 2526 2319 tantum
2562 2265 2852 2332 illuminat,
2895 2269 2990 2323 sed
3048 2277 3101 2323 et
3143 2285 3346 2338 corpus
3408 2270 3614 2327 lumine

2050 2357 2353 2424 perfundit.
2389 2357 2545 2424 Quod
2585 2358 2842 2429 palefecit
2879 2361 3055 2430 primo
3105 2364 3349 2430 quidem,
3383 2375 3444 2416 ut
3480 2365 3617 2419 dixi-

2052 2461 2198 2510 mus,
2231 2446 2468 2517 Moyses,
2494 2449 2688 2503 deinde
2712 2454 2982 2527 veroipsa
3017 2455 3240 2520 vei-itas,
3294 2455 3420 2511 fons
3454 2459 3618 2513 istius

2053 2535 2215 2598 lucis,
2251 2535 2410 2592 Jesns
2439 2537 2693 2594 Christus
2723 2540 2867 2596 Deus
2903 2555 3109 2608 noster,
3140 2561 3350 2601 necnon
3409 2552 3624 2615 primus

2055 2623 2145 2694 qui
2183 2640 2280 2694 pro
2316 2640 2380 2680 eo
2411 2628 2639 2682 certavit
2694 2629 3006 2700 Stephanus
3067 2636 3355 2701 maximus,
3393 2636 3620 2695 Paulus-

2052 2731 2161 2785 que
2189 2716 2588 2786 divinissimus,
2616 2721 2706 2791 qui
2743 2737 2865 2776 cum
2905 2723 3142 2781 mundus
3181 2729 3416 2784 nondum
3451 2741 3621 2796 esset,

2055 2807 2265 2874 videns,
2307 2812 2482 2867 oculis
2518 2825 2710 2882 captus
2744 2825 2852 2880 est,
2887 2831 3062 2886 usque
3112 2819 3241 2872 dum
3295 2820 3618 2890 baptismate

384 2892 506 2944 πλοῖ
537 2892 642 2962 57
678 2894 860 2962 ήμεῖς,
911 2896 1117 2966 ἀληθὴς
1154 2899 1268 2970 δὲή
1311 2900 1513 2971 λάμψις
1547 2904 1730 2978 ἐκείνη
1762 2909 1826 2961 ἐκ
1851 2909 1941 2964 τοῦ

2051 2902 2411 2958 muiidaretur
2443 2921 2458 2972 ;
2501 2916 2684 2974 postea
2714 2923 2840 2958 vero
2882 2907 3063 2961 lumen
3100 2909 3302 2965 habens
3332 2911 3383 2965 iii
3415 2924 3615 2967 sumet-

375 2984 474 3052 τῆς
512 2984 860 3056 δικαιοσύνης
898 2989 1106 3052 Ἠλίου,
1145 2991 1239 3044 καὶ
1272 2993 1304 3060 ή
1341 2993 1598 3067 ἀστραπὴ
1634 3000 1796 3070 νοητὴ
1846 3000 1941 3070 τῆς

2050 2991 2170 3061 ipso
2196 2996 2421 3051 ardebat
2455 2983 2644 3053 dicens
2676 3014 2688 3048 :
2737 3018 2755 3050 ι
2787 3000 2920 3064 Quis
2977 3014 3076 3052 nos
3107 3003 3385 3070 separabit
3419 3021 3446 3058 a
3484 3006 3613 3059 cha-

376 3075 664 3143 Θεότητος,
727 3077 824 3130 καὶ
861 3078 1066 3147 νοητῶς
1127 3081 1190 3132 ἐκ
1239 3081 1554 3150 Πνεύματος
1613 3087 1770 3155 ἁγίου
1815 3090 1941 3158 ἡμῖν

2050 3087 2213 3142 ritate
2245 3086 2500 3141 Christi?
2537 3106 2554 3138 ι
2593 3099 2645 3141 et
2705 3105 2720 3142 :
2758 3108 2775 3140 ι
2814 3089 2958 3144 Misit
2994 3090 3134 3146 Deus
3173 3092 3436 3162 Spiritum
3493 3097 3611 3150 Filii

375 3167 783 3238 ἐπιλάμπουσα,
834 3170 894 3222 οὐ
924 3168 1021 3239 τὴν
1071 3170 1248 3242 ψυχὴν
1295 3174 1522 3241 αὑγάζει
1575 3180 1757 3247 μόνον,
1809 3181 1941 3234 ἀλλὰ

2048 3177 2130 3233 sui
2160 3177 2213 3231 in
2254 3177 2511 3232 cordibus
2547 3179 2785 3246 nostris;
2819 3199 2836 3231 ι
2885 3189 2936 3234 et
2968 3197 2983 3234 :
3027 3199 3045 3232 ι
3084 3183 3137 3235 Si
3177 3184 3301 3252 quis
3353 3177 3619 3254 Spiriinni

378 3261 471 3314 καὶ
523 3261 584 3313 τὸ
634 3259 793 3329 σῶμα
852 3262 1330 3334 καταλαμπρύνει.
1391 3267 1500 3320 Καὶ
1557 3269 1714 3322 τοῦτο
1771 3270 1941 3337 ἔδειξε

2046 3269 2247 3324 Christi
2307 3285 2415 3322 non
2467 3269 2646 3333 liahi-t,
2710 3271 2795 3324 liic
2847 3288 2952 3326 non
2991 3284 3072 3328 est
3135 3275 3274 3344 ejus,
3311 3295 3328 3327 ι
3385 3278 3611 3346 gratiazn

378 3354 574 3424 πρώην
630 3355 750 3424 μὲν,
801 3354 875 3418 ὡς
921 3354 1134 3426 ἔφημεν
1159 3397 1174 3421 ,
1229 3358 1469 3430 Μωῦσῆς
1497 3377 1510 3390 ο
1535 3359 1728 3415 ἔπειτα
1760 3363 1816 3416 δὲ
1849 3364 1941 3417 καὶ

2048 3359 2290 3431 Spiritus
2323 3364 2512 3417 dicens
2552 3380 2672 3434 quae
2727 3364 2983 3420 Trinitati
3021 3371 3328 3423 communis
3361 3381 3466 3425 est.
3508 3372 3612 3426 Pe-

373 3451 513 3520 αὐτὴ
568 3452 601 3522 ή
647 3449 916 3520 ἀλήθεια,
957 3454 987 3522 ή
1030 3453 1128 3522 τὴν
1203 3453 1410 3524 λάμψιν
1481 3457 1696 3528 ἐκείνην
1764 3461 1943 3532 πηγά-

373 3544 564 3607 ζουσα,
607 3544 814 3614 Ἰησοῦς
860 3545 1095 3613 Χριστὸς
1146 3547 1174 3599 δ
1213 3546 1345 3611 Θεὸς
1401 3549 1578 3619 ήμῶν,
1608 3552 1751 3605 καὶὸ
1785 3551 1937 3622 πρῶο

370 3654 462 3700 τος
506 3637 563 3689 δὲ
619 3637 926 3706 ἐναθλήσας
977 3637 1118 3708 ὑπὲρ
1165 3639 1332 3692 αὑτοῦ
1392 3641 1665 3710 Στέφανος
1707 3643 1737 3695 ό
1785 3645 1940 3712 μέγι·

371 3747 514 3795 στος,
548 3730 640 3782 καὶ
663 3732 690 3781 ό
716 3728 988 3789 θειότατος
1021 3730 1228 3792 Παῦλος
1249 3771 1263 3793 ,
1299 3731 1356 3792 ὃς
1410 3733 1577 3802 μήπω
1635 3735 1735 3803 μὲν
1775 3734 1940 3788 καθα-

369 3821 462 3891 ρ’ς
489 3820 580 3883 ὦν,
613 3819 757 3881 ιῖὼν,
795 3816 1076 3889 ἐτυφλώθη
1110 3821 1204 3881 τὰς
1240 3820 1428 3890 κόρας,
1463 3822 1565 3882 ἕως
1599 3823 1938 3895 κεκάθαρται

365 3913 444 3980 τῷ
489 3911 847 3980 βαπτίσματι,
906 3911 1047 3980 μετὰ
1095 3910 1265 3964 ταῦτα
1322 3912 1379 3965 δὲ
1442 3913 1584 3983 ἔχων
1641 3916 1698 3968 ἐν
1756 3914 1936 3986 ἐαυτῷ

366 4003 772 4071 διεθερμαὶνετο
800 4001 997 4068 λέγων,
1030 4020 1047 4052 ι
1101 4000 1194 4065 Τις
1230 4004 1379 4072 ἡμᾶς
1422 4006 1650 4073 χωρίσει
1697 4007 1805 4059 ἀπὸ
1839 4009 1937 4077 τῆς

363 4096 585 4164 ἀγάπης
610 4095 701 4147 τοῦ
726 4094 994 4163 Χριστοῦ;
1026 4114 1043 4143 i
1081 4096 1188 4148 Καὶ
1221 4095 1603 4160 ἐξαπέστειλεν
1647 4100 1673 4150 ό
1719 4096 1850 4159 Θεὸς
1876 4097 1937 4149 τὸ

363 4187 589 4256 Πνεῦμα
640 4185 733 4240 τοῦ
793 4187 918 4238 Tini
951 4185 1116 4238 αὐτοῦ
1167 4187 1245 4246 εἰς
1291 4187 1389 4248 τὰς
1425 4185 1659 4255 καρδίας
1691 4187 1870 4256 ἡμῶν.
1912 4206 1929 4238 ι

363 4280 492 4342 Καὶ,
534 4297 552 4328 ι
589 4278 654 4330 Εἴ
683 4297 764 4340 τις
800 4275 1023 4346 Πνεῦμα
1064 4275 1304 4346 Χριστοῦ
1335 4277 1436 4329 οὐκ
1476 4277 1612 4347 ἔχει,
1646 4271 1801 4340 οὗτος
1831 4279 1936 4332 οὐκ

359 4370 504 4423 ἔστιν
551 4370 740 4430 αὐτοῦ,
784 4388 801 4419 i
853 4369 952 4437 τὴν
1003 4366 1165 4436 χάριν
1215 4365 1389 4435 λέγων
1434 4364 1527 4419 τοῦ
1590 4367 1931 4435 Πνεύματος,

2047 3460 2166 3508 trus
2200 3469 2329 3508 vero
2367 3453 2418 3508 in
2442 3469 2682 3518 carcere.
2721 3456 2840 3511 luce
2865 3465 3103 3528 aspecta,
3153 3459 3278 3516 inde.
3323 3465 3616 3517 roboratus
3666 3485 3671 3490 ·

2043 3549 2144 3602 est,
2183 3549 2236 3595 et
2280 3554 2486 3596 catena:
2521 3544 2838 3598 ceciderunt
2870 3546 2936 3599 de
2972 3549 3222 3603 manibus
3267 3549 3410 3618 ejus.
3461 3550 3608 3606 Mulii

2042 3633 2204 3686 etiam
2235 3647 2265 3683 e
2301 3633 2503 3690 divinis
2535 3634 2823 3704 discipulis
2875 3636 2976 3691 liac
3007 3639 3405 3694 illuminatioiie
3433 3643 3604 3712 gavisi

2043 3730 2194 3789 sunt,
2239 3725 2380 3779 inter
2434 3742 2570 3793 quos
2621 3725 2799 3783 Lucas
2846 3737 2903 3783 et
2950 3730 3219 3800 Cleoplias
3271 3732 3407 3797 lucis
3460 3734 3607 3789 illius

2040 3815 2277 3870 calorem
2311 3827 2666 3886 acceperunt.
2713 3827 2767 3872 et
2798 3833 2894 3871 cor
2925 3835 3112 3873 eorum
3162 3819 3360 3876 ardens
3387 3833 3504 3876 erat
3552 3824 3604 3877 iii

2039 3907 2197 3976 ipsis,
2245 3924 2367 3962 nam
2401 3908 2490 3962 lux
2533 3924 2660 3964 vera
2691 3910 2871 3978 ignem
2909 3909 3064 3964 illum
3097 3913 3244 3965 venit
3276 3913 3490 3966 mittere
3550 3915 3602 3967 iii

2041 4009 2261 4066 terrain,
2295 3998 2361 4054 de
2393 4017 2500 4069 quo
2524 4001 2736 4056 dicebat
2770 4019 2784 4056 :
2821 4021 2838 4054 ι
2873 4000 3054 4071 Ignem
3099 4001 3221 4056 veni
3280 4003 3494 4058 mittere
3549 3998 3620 4058 iii‘

2038 4099 2261 4154 terram,
2311 4093 2524 4160 etquid
2584 4093 2704 4148 volo
2768 4093 2869 4148 nisi
2929 4104 2987 4147 ut
3033 4094 3412 4148 accendatur?
3441 4114 3458 4146 ι
3495 4111 3603 4163 quo

2038 4181 2160 4250 igne
2181 4181 2406 4235 ardebat
2437 4181 2601 4236 David
2622 4184 2814 4238 dicens
2857 4202 2870 4238 :
2909 4204 2928 4236 ι
2958 4184 3245 4239 Concaluit
3294 4200 3389 4240 cor
3418 4202 3599 4241 meum

2038 4269 2179 4324 intra
2215 4285 2320 4331 me,
2348 4279 2401 4325 et
2429 4271 2481 4324 in
2507 4272 2864 4327 meditatione
2904 4289 3022 4327 mea
3053 4276 3371 4331 exardescet
3396 4276 3595 4345 ignis.»

2036 4361 2309 4416 Antonius
2346 4373 2524 4416 autem
2564 4363 2743 4418 lumen
2775 4364 2910 4419 illud
2937 4365 3127 4421 videns
3160 4365 3212 4420 in
3247 4377 3604 4427 monumenta

357 4459 479 4528 ήτις
533 4457 690 4526 κοινὴ
735 4455 832 4524 τῆς
878 4455 1132 4526 Τριαδος.
1165 4454 1276 4508 Καὶ
1327 4455 1537 4523 Πέτρος
1589 4454 1644 4508 δὲ
1693 4456 1783 4507 ἐπὶ
1829 4453 1932 4523 τῆς

2044 4453 2466 4510 consolationem
2521 4455 2750 4524 accepit,
2817 4464 2871 4510 et
2933 4457 3202 4510 clamabat
3256 4460 3321 4510 ad
3379 4457 3545 4512 Deum
3582 4473 3610 4511 ετ

359 4549 603 4618 φυλακῆς
627 4547 790 4601 τοῦτο
818 4547 879 4600 τὸ
906 4547 1022 4617 φῶς
1075 4546 1220 4613 ἰδὼν,
1257 4545 1540 4616 ἐνισχύθη,
1579 4551 1670 4599 καὶ
1715 4549 1768 4600 αξ
1797 4546 1930 4600 ἁλύ-

357 4657 471 4704 σεις
499 4640 696 4694 ἐπεσον
738 4639 797 4704 ἐξ
844 4638 1030 4693 αὑτοῦ.
1061 4640 1167 4691 Καὶ
1200 4639 1442 4692 πλεῖστοι
1487 4638 1596 4691 τῶν
1623 4637 1782 4691 θείων
1826 4655 1932 4707 μα-

356 4732 537 4801 θητῶν
575 4732 670 4784 τοῦ
723 4730 1004 4799 φωτισμοῦ
1060 4730 1249 4782 τούτου
1310 4730 1520 4799 ἔτυχον,
1565 4732 1660 4783 καὶ
1709 4731 1929 4793 Λουκᾶς

355 4825 450 4875 καὶ⁸
481 4821 774 4888 Κλεὼπας,
817 4820 911 4873 τοῦ
947 4821 1123 4889 φωτδς
1171 4822 1382 4874 ἐκείνου
1421 4821 1520 4888 τὴν
1555 4818 1764 4890 θέρμην
1801 4822 1926 4874 ἐλα-

355 4916 469 4980 σον,
503 4917 598 4966 καὶ
627 4916 660 4984 ή
695 4914 893 4984 καρδία
929 4913 1109 4964 αὐτῶν
1136 4913 1400 4981 καιομένη
1430 4907 1498 4982 ἦν
1530 4913 1588 4965 ἐν
1617 4913 1800 4976 αὐτοῖς
1826 4927 1840 4942 °
1867 4912 1928 4966 τδ

257 5038 269 5048 ο
353 5006 462 5074 γὰρ
501 5003 755 5072 ἀληθινὸν
798 5003 935 5070 φῶς,
964 5002 1095 5054 αὐτὸ
1153 5001 1212 5053 τὺ
1265 5001 1376 5070 πῦρ
1423 4998 1558 5072 ἦλθε
1609 5001 1792 5070 βαλεῖν
1834 5003 1928 5054 ἐπὶ

349 5099 450 5166 τῆς
481 5098 584 5166 γῆς
623 5093 752 5162 περὶ
783 5089 844 5147 οὗ
870 5093 962 5146 καὶ
996 5091 1171 5158 ἔλεγε,
1211 5108 1229 5141 t
1271 5090 1388 5158 Πῦρ
1415 5088 1582 5162 ἦλθον
1613 5091 1800 5162 βαλεῖν
1830 5094 1924 5143 ἐπὶ

348 5189 449 5259 τὴν
497 5189 642 5258 γῆν·
702 5187 797 5239 καὶ
838 5185 891 5236 τε
933 5183 1126 5254 ἤθελον
1157 5183 1206 5234 εἰ
1257 5182 1358 5251 ήδη
1402 5182 1655 5253 ἁνήφθης
1697 5201 1716 5233 ι
1747 5183 1856 5235 Καὶ
1898 5181 1926 5232 ό

350 5282 517 5332 Δαὸὶδ
565 5283 628 5332 ἐκ
668 5279 856 5331 τούτου
900 5277 994 5328 τοῦ
1050 5277 1222 5345 πυρδς
1267 5275 1643 5344 ἐθερμαίνετο,
1680 5293 1697 5325 ι
1733 5274 1923 5343 Ἐθερο

354 5374 554 5442 μάνθη,
588 5372 784 5437 λέγων,
820 5371 853 5438 ἡ
902 5368 1095 5438 καρδία
1129 5384 1234 5432 μου
1271 5368 1424 5428 ἐντός
1468 5383 1570 5434 μου
1593 5383 1606 5398 ·
1639 5365 1732 5418 καὶ
1776 5368 1832 5417 ἐν
1856 5368 1922 5434 τῇ

350 5466 550 5537 μελέτῃ
596 5482 698 5534 μου
745 5461 1152 5530 ἐκκαυθήσεται
1208 5458 1338 5528 πῦρ;
1394 5478 1413 5511 ι
1464 5459 1574 5511 Καὶ
1635 5457 1923 5520 Ἀντώνιος

345 5557 404 5608 δὲ
437 5557 596 5609 τοῦτο
626 5554 752 5608 ἰδὼν
785 5554 847 5606 τὸ
875 5553 990 5620 φῶς
1035 5554 1094 5604 ὲν
1142 5551 1220 5618 τῷ
1266 5551 1507 5620 μνήματι
1554 5549 1874 5620 παρεκλήθη
1903 5565 1918 5579 ο

344 5651 462 5713 καὶ,
496 5665 514 5699 ι
551 5648 658 5700 Ποῦ
703 5643 773 5718 ἦς
808 5646 1071 5716 πρότερον
1103 5643 1231 5695 ἐσόα
1283 5644 1420 5712 πρὸς
1458 5642 1550 5694 τὸν
1580 5642 1742 5706 Θεόν;
1780 5661 1798 5692 i
1844 5642 1920 5705 ὡς

344 5740 379 5792 δ
416 5739 592 5808 μέγας
643 5737 810 5807 φησὶν
835 5735 1176 5797 Ἀθανάσιος.
1211 5735 1318 5787 Καὶ
1365 5729 1550 5785 πολλοὶ
1581 5731 1687 5784 τῶν
1721 5747 1921 5797 συγκε-

2039 4543 2271 4599 Ubinaiii
2302 4559 2426 4600 eras
2458 4545 2660 4601 antea?
2694 4555 2751 4599 ιιι
2783 4562 3011 4616 magnus
3042 4545 3213 4600 refert
3245 4547 3596 4602 Athanasius.

2034 4635 2184 4690 Multi
2222 4653 2440 4707 quoque
2474 4639 2648 4693 sancti
2708 4639 2759 4691 in
2815 4638 3054 4694 tenebris
3103 4640 3371 4708 angustati
3409 4641 3610 4693 eadem.

2033 4729 2208 4796 graiia
2237 4730 2440 4799 dignati
2473 4739 2622 4792 sunt,
2658 4725 2781 4782 cum
2823 4739 3006 4784 essent
3039 4728 3131 4792 ﬁlii
3173 4731 3330 4793 lucis,
3366 4745 3431 4783 ex
3486 4730 3611 4786 Deo.

2032 4819 2287 4882 deiﬁcaii,
2324 4817 2490 4872 Deum
2529 4833 2746 4889 semper
2792 4819 2932 4872 inter
2978 4822 3241 4873 orandum
3297 4821 3607 4884 intuentes,

2030 4908 2212 4977 diique
2244 4907 2371 4962 facti
2405 4909 2699 4963 secundum
2753 4909 3008 4978 gratiam.
3043 4925 3166 4964 cum
3193 4926 3382 4965 omnes
3411 4921 3595 4965 essent

2030 5001 2216 5068 gratia:
2240 4998 2558 5066 participes,
2583 4999 2841 5066 quoniam
2875 5000 3129 5056 Christus
3163 5005 3414 5071 promisit
3456 5019 3514 5057 se
3537 5004 3600 5057 iit

2030 5092 2147 5145 suis
2175 5090 2569 5153 habitaturum,
2607 5105 2660 5144 et
2687 5090 2922 5159 Spiritus
2953 5092 3073 5161 ejus
3111 5094 3318 5146 habitat
3372 5095 3426 5146 in
3488 5110 3589 5146 iiu-

2028 5183 2132 5236 bis.
2163 5181 2286 5235 ideo
2315 5181 2452 5236 dixit
2498 5179 2699 5236 Paulus
2744 5198 2758 5234 :
2797 5199 2816 5232 ι
2847 5181 3081 5237 Nescitis
3115 5185 3370 5251 quoniam
3433 5183 3595 5236 Chri-

2026 5284 2144 5328 stus
2169 5272 2378 5326 habitat
2409 5271 2462 5324 iu
2499 5271 2706 5326 nobis?
2745 5271 2916 5326 Secus
2947 5286 3099 5334 vero,
3139 5272 3351 5340 reprobi
3380 5272 3514 5326 estis
3536 5289 3590 5343 λι

2024 5373 2077 5419 et
2113 5382 2128 5419 :
2172 5381 2189 5414 ι
2224 5362 2372 5416 Misit
2431 5362 2574 5418 Deus
2604 5362 2866 5432 Spiritum
2918 5363 3040 5415 Filii
3095 5362 3183 5416 sui
3225 5362 3276 5414 in
3331 5363 3599 5418 cordibus

2027 5457 2252 5522 nostris,
2289 5456 2342 5508 iii
2382 5470 2492 5524 quo
2525 5455 2829 5507 clamamus
2867 5470 2880 5507 :
2914 5453 3086 5515 Abha,
3124 5452 3337 5507 Patent
3370 5454 3598 5512 Habitat

2022 5560 2202 5604 autem
2233 5547 2486 5604 Christus
2505 5561 2630 5601 cum
2671 5543 2832 5598 Patre
2879 5554 2932 5598 et
2957 5541 3211 5613 .Spiritn,
3247 5554 3302 5598 et
3351 5545 3597 5598 mansio»

2021 5659 2143 5697 iiein
2173 5643 2300 5697 facit
2334 5643 2388 5696 in
2425 5642 2602 5702 nobis,
2637 5654 2745 5693 non
2797 5637 3014 5706 quidem
3052 5639 3351 5693 secundum
3400 5653 3593 5708 persua

2023 5752 2171 5802 nam,
2211 5735 2308 5790 sed
2342 5733 2644 5790 secundum
2682 5732 2934 5800 gratiam.
3005 5730 3068 5784 lit
3107 5728 3312 5785 Paulus
3345 5729 3589 5783 clamat:
