4076 6268
437 339 536 404 167

1293 338 1681 400 SYMEONIS
1718 336 2476 401 THESSAIDNICENSIS
2516 331 2871 394 ARCHIEP.

3590 324 3689 387 1C8

432 475 452 506 ι
491 455 678 510 Gratia
737 452 955 509 Domini
985 453 1160 509 nostri
1192 452 1322 510 Jestt
1381 454 1611 521 Christi,
1648 465 1702 510 et
1769 456 2009 511 charitas

2114 454 2454 524 κλεισμένων
2501 450 2672 517 άγίων
2726 448 2785 500 ὲν
2837 445 3022 498 σκότει
3065 442 3163 510 τῆς
3221 441 3479 508 τοιαύτης
3515 437 3687 510 ueto-

431 546 523 602 Dei
547 547 744 613 Patris,
780 556 828 601 et
860 548 1293 602 communicatio
1327 545 1565 617 Spiritus
1597 556 1772 602 sancti
1806 589 1820 614 ,
1859 566 1879 600 ι
1924 556 2000 614 ct,

434 659 452 691 ι
489 641 674 694 Gratia
723 640 875 696 vobis
911 648 963 693 et
996 654 1097 709 pax
1128 653 1158 692 a
1197 639 1305 692 Deo
1338 637 1497 691 Patre
1526 649 1579 692 et
1613 638 1845 694 Domino
1875 638 2003 695 Jcsu

427 731 680 799 Christo;
712 751 731 783 ι
789 731 935 802 quod
989 730 1101 785 fere
1146 731 1201 784 in
1242 731 1498 785 omnibus
1546 730 1796 801 epistolis
1846 732 2001 786 dixit.

426 826 486 880 In
520 826 747 880 Actibus
797 834 1018 879 autem:
1068 844 1085 875 ι
1120 822 1309 877 Gratia
1378 822 1596 877 Domini
1649 824 1822 878 nostri
1872 822 2043 879 ἔθευ.

423 917 633 972 Christi
684 917 1076 981 vobiscum,'et
1124 914 1471 985 accipiebant
1519 914 1726 969 donum
1764 912 2002 985 Spiritus

426 1009 621 1063 sancti.
661 1027 680 1061 ι
716 1007 889 1079 Igitur
913 1009 1114 1061 donum
1146 1014 1199 1060 et
1231 1007 1461 1074 gratiam
1484 1013 1686 1059 sanctze
1714 1005 2002 1061 Trinitatis

427 1099 748 1168 accipimus,
770 1099 997 1154 minime
1022 1082 1448 1159 veronaturam,
1476 1112 1653 1166 neque
1684 1113 2000 1165 personam,

426 1209 526 1248 nec
554 1210 718 1247 unam
754 1210 785 1247 e
837 1192 1125 1262 personis;
1158 1190 1253 1246 sed
1303 1190 1547 1244 divinum
1609 1190 1743 1246 illud
1788 1200 2000 1267 tantum

423 1286 572 1352 quod
605 1284 907 1352 assumpsit
945 1283 1180 1337 Verbum
1216 1281 1379 1349 huius
1415 1298 1688 1352 persome,
1750 1292 1810 1337 ut
1858 1282 2003 1336 dixi-

425 1390 570 1435 mus,
612 1373 718 1428 fuit
752 1375 1050 1428 adunatum
1083 1373 1494 1428 indivisibiliter
1523 1383 1576 1427 et
1640 1372 2001 1428 iuconfusibi-

426 1464 571 1529 liter,
607 1465 659 1519 in
688 1479 796 1534 quo
824 1464 1201 1534 corporaliter
1230 1465 1442 1520 habitat
1479 1465 1659 1520 omnis
1715 1465 2002 1535 plenitudo

425 1555 760 1618 Divinitatis,
814 1571 914 1610 nos
946 1570 1076 1611 vero
1123 1571 1319 1611 omnes
1350 1570 1608 1610 mensura
1642 1565 1853 1611 natura).
1910 1572 2003 1612 no.

421 1659 549 1703 strte
576 1650 992 1704 accommodata
1039 1649 1106 1704 de
1178 1649 1521 1719 plenitudine
1573 1650 1695 1720 ejus
1764 1651 1997 1720 gratiam

422 1742 761 1812 accepimus.
810 1741 893 1795 Ex
949 1742 1053 1797 ista
1106 1741 1449 1811 plenitudine
1499 1741 1686 1796 divina
1731 1743 1877 1798 velut
1931 1758 1996 1797 ex

2108 545 2280 615 θησαν
2306 545 2554 614 χάριτος,
2579 541 2657 603 ὡς
2693 539 2870 606 φωτὸς
2919 536 3072 598 ὄντες
3106 534 3237 598 υἱοὶ,
3272 534 3366 586 καὶ
3392 531 3683 600 θεούμενοι

2104 637 2171 691 ὲκ
2223 634 2382 701 Θεοῦ,
2418 633 2550 687 Θεὸν
2602 633 2843 701 όρῶντες
2891 631 3016 692 ταῖς
3064 626 3396 697 προσευχαῖς
3445 624 3556 687 ἀεὶ,
3590 626 3688 678 καὶ

2107 727 2220 781 θεοὶ
2249 728 2529 795 γινόμενοι
2578 723 2722 776 κατὰ
2751 724 2936 792 χάριν,
2972 718 3095 771 ἐπεὶ
3126 718 3220 770 καὶ
3260 718 3486 787 χάριτος
3524 716 3689 785 μετέι

2106 835 2261 889 χουσι
2315 817 2538 878 πάντες.
2571 816 2695 870 Ὀτι
2745 814 2841 867 καὶ
2889 812 3124 864 ἐνοικεῖν
3176 809 3412 879 Χριστὸς
3462 810 3520 861 ὲν
3571 810 3688 871 τοῖς

2105 910 2271 966 αὐτοῦ
2316 909 2709 979 ἐπηγγείλατο,
2744 908 2838 961 καὶ
2881 908 2942 959 τὸ
2979 902 3202 973 Πνεῦμα
3237 903 3406 957 αὐτοῦ
3452 902 3594 954 οίκεῖ
3625 902 3684 954 ὲν

2104 1005 2257 1074 ἡμῖν.
2294 1001 2403 1054 Kal
2426 982 2641 1062 Παῦλός
2681 1013 2869 1067 φησιν,
2911 1014 2931 1048 ι
2976 998 3089 1049 Οὐκ
3124 995 3304 1048 οἴδατε
3335 994 3420 1047 ὅτι
3449 994 3688 1062 Χριστὸς

2103 1096 2242 1149 οίκεῖ
2291 1094 2350 1145 ὲν
2401 1095 2574 1161 ήμίν;
2612 1092 2659 1142 εἰ
2709 1090 2784 1159 μὴ
2832 1089 2916 1142 ὅτι
2965 1087 3074 1153 ἄρα
3114 1086 3364 1155 ἀδόκιμοί
3397 1087 3537 1136 ὲστε.
3576 1083 3688 1135 Kal

2104 1184 2487 1253 ἐξαπέστειλεν
2544 1185 2573 1235 ὁ
2621 1182 2755 1244 Θεὸς
2796 1182 2861 1233 τὸ
2912 1179 3138 1249 Πνεῦμα
3207 1178 3305 1231 τοῦ
3343 1176 3472 1228 Υίοῦ
3519 1176 3685 1229 αὐτοῦ
3726 1214 3738 1220 -

2103 1279 2186 1339 είς
2217 1276 2319 1338 τὰς
2352 1274 2582 1344 καρδίας
2609 1272 2790 1342 ἡμῶν,
2822 1270 3045 1341 κρᾶζον·
3066 1267 3243 1322 Ἀϐϐά
3270 1268 3299 1319 ὁ
3325 1268 3566 1336 Πατήρ.»
3589 1266 3684 1320 Οἰ-

2102 1370 2190 1420 κεί
2214 1368 2271 1420 δὲ
2300 1366 2537 1435 Χριστὸς
2567 1366 2665 1418 σὺν
2691 1363 2770 1435 τῷ
2801 1364 2977 1433 Πατρὶ
3008 1362 3103 1416 ttat
3134 1360 3216 1432 τῷ
3259 1359 3562 1430 Πνεύματι,
3590 1357 3687 1410 καὶ

2105 1438 2275 1531 μονὴν
2329 1463 2565 1513 ποιεῖται
2620 1460 2679 1510 ὲν
2743 1458 2901 1527 ἡμῖν,
2951 1457 3052 1524 οὐχ
3103 1453 3507 1519 ὑποστατικὼς,
3553 1450 3690 1503 ἀλλὰ

2100 1553 2242 1605 κατὰ
2272 1552 2459 1621 χάριν.
2492 1550 2604 1602 Kal
2634 1548 2846 1612 Παῦλος
2875 1547 2995 1617 βοᾷ,
3020 1566 3037 1598 ι
3063 1547 3127 1599 'H
3167 1548 3330 1616 χάρις
3359 1545 3453 1598 τοῦ
3479 1543 3687 1612 Κυρίου

2102 1643 2261 1714 ἡμῶν
2293 1641 2468 1714 Ἰησοῦ
2510 1640 2773 1713 Χριστοῦ,
2807 1641 2905 1695 καὶ
2954 1643 2987 1710 η
3035 1640 3229 1710 ἀγάπη
3279 1636 3374 1691 τοῦ
3402 1638 3553 1691 ,Θεοῦ
3595 1640 3690 1690 καὶ

2105 1735 2459 1805 Πιτρὸς,καὶ
2515 1735 2549 1805 ἡ
2589 1733 2846 1787 κοινωνία
2894 1732 3005 1786 τοῦ
3049 1733 3210 1800 ἁγίου
3274 1728 3615 1799 Πνεύματος.
3662 1746 3683 1780 ι

423 1832 592 1897 fonte.
625 1849 819 1889 omnes
853 1833 947 1903 qui
997 1842 1123 1887 sunt
1159 1833 1364 1888 Christi
1422 1835 1708 1897 hauriunt,
1760 1844 1815 1889 et
1863 1849 1998 1903 prae-

2105 1826 2233 1890 Καὶ,
2256 1842 2275 1876 ι
2309 1826 2487 1895 Χάρις
2517 1825 2646 1894 ὑμῖν
2673 1823 2762 1893 εἴη
2790 1828 2884 1877 καὶ
2913 1823 3106 1894 εἰρήνη
3143 1822 3252 1874 ἀπὸ
3279 1820 3416 1874 Θεοῦ
3451 1819 3689 1888 Πατρὸς,

423 1927 613 1979 sertim
638 1926 731 1995 qui
754 1936 981 1998 propter
1004 1934 1128 1983 eum
1168 1937 1490 1999 pugnantet
1518 1930 1826 1999 patiuntur,
1872 1946 1996 1986 cum

424 2018 536 2072 sint
561 2017 614 2072 in
653 2018 898 2074 tenebris
929 2028 981 2073 et
1010 2034 1255 2087 carcere,
1288 2036 1351 2076 ex
1411 2021 1504 2076 illa
1540 2020 1788 2077 claritate
1818 2021 2000 2077 suble-

422 2117 641 2163 vantur.
689 2108 812 2164 Ideo
848 2109 988 2166 dixit
1021 2110 1190 2165 David
1220 2128 1233 2164 :
1268 2129 1287 2163 ι
1320 2112 1640 2168 Secundum
1690 2114 2001 2169 multitudi-

424 2213 547 2254 nem
580 2198 834 2255 dolorum
869 2217 1118 2257 meorum
1156 2202 1211 2257 in
1274 2205 1442 2259 corde
1473 2219 1617 2270 meo,
1668 2206 1990 2261 consolatio-

426 2305 522 2346 nes
553 2300 657 2345 tuae
680 2292 1095 2348 lmtilicaveruut
1116 2294 1353 2349 animam
1391 2311 1605 2363 meam;
1637 2315 1655 2348 ι
1692 2296 1815 2352 ideo
1833 2296 1999 2351 etiam

424 2380 519 2452 qtti
562 2383 749 2437 vivunt
780 2383 831 2437 iu
862 2383 1069 2440 Christi
1126 2395 1315 2455 utpote
1368 2387 1574 2442 mundo
1610 2386 1801 2454 corde,
1828 2386 2000 2443 Deum

426 2474 708 2540 videbunt,
774 2492 884 2531 non
944 2477 1164 2544 quidem
1241 2479 1543 2533 secundum
1606 2494 1767 2549 quam
1839 2480 2004 2535 habet

425 2580 701 2634 naturam,
721 2570 815 2625 sed
846 2570 1148 2624 secundum
1176 2574 1428 2641 gratiam.
1453 2569 1722 2628 Vidistine
1752 2587 2003 2628 commu-

424 2676 548 2715 nem
580 2659 864 2716 Trinitatis
896 2662 1165 2731 gratiam?
1213 2662 1361 2717 Misit
1396 2662 1539 2719 Deus
1568 2663 1831 2734 Spiritum
1880 2665 2004 2722 Filii

424 2752 508 2807 sui
534 2766 553 2818 ;
585 2766 649 2806 ex
687 2753 1030 2822 plenitudine
1058 2753 1179 2822 ejus
1215 2765 1408 2808 Omnes
1435 2771 1532 2809 nos
1560 2756 1895 2824 accepimus,
1950 2766 2006 2813 et

423 2842 556 2912 quid
583 2843 941 2911 accepimus?
973 2841 1239 2899 Videlicet
1275 2843 1514 2914 Spiritus
1555 2847 1810 2915 gratiam,
1841 2850 2006 2918 atqtic

424 2949 524 3005 pro
547 2935 717 3005 gratia
745 2937 1004 3003 gratiam.
1037 2935 1308 2990 Eteﬁ'udit
1337 2938 1389 2989 in
1419 2953 1542 3003 nos,
1570 2938 1768 3008 ittquit,
1798 2940 2001 2995 donum

424 3026 662 3097 Spiritus
691 3029 889 3094 sancti,
950 3028 1005 3082 in
1039 3042 1147 3098 quo
1206 3027 1547 3084 clamamus:
1595 3032 1768 3109 Abba,
1821 3032 2001 3091 Pater.

424 3120 558 3186 Quae
580 3136 707 3186 vox,
736 3121 900 3187 abba,
929 3120 1074 3174 idem
1108 3135 1171 3176 ac
1204 3120 1367 3176 Pater
1389 3112 1571 3189 sonat,
1600 3126 1863 3193 quoniam
1903 3128 1998 3181 ttlii
2029 3156 2071 3211 ο

424 3227 522 3282 per
551 3213 783 3282 gratiam
821 3212 954 3266 facti
1009 3228 1246 3279 sumus;
1291 3212 1433 3268 ﬁlios
1461 3215 1609 3269 enitn
1675 3230 1780 3270 nos
1837 3215 2003 3272 Pater

422 3306 631 3374 accepit
653 3320 749 3372 per
778 3304 1130 3372 Unigeuitum
1165 3320 1326 3359 suum
1361 3304 1415 3358 in
1451 3316 1645 3361 sancto
1672 3307 1878 3376 Spiritu
1913 3310 2000 3363 in-

421 3405 728 3450 carnatutn.
797 3395 982 3463 Itaque
1047 3395 1233 3449 omnia
1299 3394 1496 3459 divini,
1571 3397 1820 3467 inquam,
1886 3400 2004 3456 sive

429 3488 640 3546 Veteris
669 3488 789 3544 sive
837 3487 978 3543 Novi
1029 3491 1220 3559 gratia:
1252 3488 1586 3547 Testatnenti
1621 3494 1852 3563 gratiam
1906 3494 2004 3552 Dei

428 3589 736 3647 testantur;
780 3595 876 3636 seu
914 3582 1098 3650 potius
1165 3580 1281 3649 ipsa
1316 3582 1491 3652 gratia
1549 3585 1712 3639 nobis
1743 3601 1839 3655 per
1889 3586 2004 3643 dis-

429 3674 806 3744 pensationem
873 3669 1030 3727 Verbi
1105 3673 1451 3728 abundanter
1500 3675 1669 3730 eﬁ‘usa
1737 3679 2011 3753 mundum

426 3764 1024 3836 replevit'universum.
1054 3762 1421 3829 Quamobrem
1456 3766 1572 3836 ipsa
1596 3763 1762 3823 Yerbi
1784 3768 2007 3840 dispen-

425 3860 568 3914 satio
589 3860 763 3930 gratia
796 3856 1236 3926 cognominatur.
1271 3853 1474 3911 Verum
1500 3858 1592 3927 qui
1617 3869 1806 3913 carent
1829 3860 2004 3931 gratia

426 3959 618 4019 utpote
647 3948 856 4017 indigni
885 3948 979 4017 qui
1011 3949 1244 4018 gratiam
1278 3949 1575 4020 accipiant,
1616 3952 1849 4019 donum,
1873 3968 2003 4025 ope-

424 4044 693 4096 rationem
726 4048 781 4094 ct
818 4041 1049 4110 gratiam
1109 4037 1353 4112 Spiritus
1404 4040 1681 4111 rcjiciuut,
1713 4045 1807 4115 qui
1856 4046 2004 4101 circa

426 4132 602 4188 lucem
634 4131 877 4186 tenebris
925 4129 1317 4199 obvolvuntur,
1357 4130 1587 4202 luceque
1654 4149 2002 4206 nequaquam

422 4233 674 4294 accepta,
732 4223 930 4278 divinae
991 4223 1415 4279 illuminationis
1485 4224 1814 4281 suavitatem
1894 4244 2001 4284 non

421 4327 804 4389 gustaveruut.
870 4313 1027 4370 Unde
1081 4316 1255 4385 ignari
1306 4330 1675 4385 asliernantur
1738 4332 1793 4374 et
1848 4320 2004 4390 impii

425 4412 825 4480 blasphetuaut.
863 4405 998 4474 Quis
1029 4408 1111 4462 eis
1158 4407 1426 4462 revelahit
1455 4408 1655 4464 divinae
1686 4410 1824 4464 lucis
1872 4428 2003 4466 sua-

2104 1917 2198 1971 καὶ
2229 1919 2434 1988 Κυρίου
2468 1915 2649 1987 Ἰησοῦ
2691 1914 2954 1985 Χριστοῦ.
2995 1933 3016 1966 ι
3065 1915 3176 1969 Καὶ
3212 1913 3400 1984 σχεδὸν
3433 1911 3597 1964 τοῦτο
3628 1914 3689 1964 ὲν

2103 2009 2307 2071 πάσαις
2349 2007 2486 2077 φησὶ
2517 2009 2637 2070 ταῖς
2689 2006 3026 2069 ἐπιστολαῖς.
3058 2006 3189 2071 Kal,
3227 2022 3247 2057 ι
3297 2003 3362 2058 ’Π
3392 2005 3552 2075 χάρις
3592 2004 3689 2056 τοῦ

2104 2100 2311 2170 Κυρίου
2365 2100 2524 2170 ἡμῶν
2553 2099 2730 2171 Ἰησοῦ
2776 2095 3019 2170 Χριστοῦ
3058 2098 3181 2169 μεθ’
3211 2096 3392 2167 ὑμῶν.
3435 2115 3454 2147 ι
3495 2096 3604 2148 Kal
3629 2096 3689 2149 ὲν

2102 2194 2224 2253 ταῖς
2273 2193 2534 2262 Πράξεσι,
2574 2208 2595 2242 ι
2634 2193 2742 2244 Ka‘t
2772 2190 2968 2243 ἔλαϐον
3012 2191 3112 2260 τὴν
3158 2188 3367 2260 δωρεὰν
3400 2187 3496 2241 τοῦ
3528 2186 3684 2268 ἁγίου

2107 2282 2443 2353 Πνεύματος.
2482 2301 2502 2335 ›
2552 2282 2757 2336 Λοιπὸν
2795 2281 3006 2352 δωρεὰν
3063 2283 3159 2336 καὶ
3203 2281 3365 2352 χάριν
3398 2281 3500 2350 τῆς
3527 2280 3688 2349 ἁγίας

2105 2376 2149 2429 Τ
2155 2359 2334 2446 ριάδος
2365 2375 2743 2446 λαμϐάνομεν,
2785 2376 2880 2428 καὶ
2927 2377 2988 2428 οὐ
3026 2375 3214 2444 φύσιν,
3243 2374 3363 2427 οὐδὲ
3421 2373 3520 2436 τὰς
3557 2373 3690 2425 ὑπο-

2108 2469 2349 2534 στάσεις,
2381 2470 2413 2540 ἢ
2448 2471 2579 2539 μίαν
2636 2469 2746 2521 τῶν
2799 2467 2968 2537 τριῶν
3009 2468 3389 2522 ὑποστάσεων.
3427 2465 3605 2520 Μόνον
3631 2465 3709 2519 δὲ’

2105 2562 2166 2613 τὸ
2217 2561 2359 2614 θεῖον
2405 2561 2767 2632 πρόσλημμα,
2798 2559 2873 2623 ὡς
2918 2562 3245 2631 εἰρήκαμεν,
3280 2562 3346 2632 τῇ
3390 2558 3688 2613 ὑποστάσει

2103 2651 2313 2723 ἥνωται
2346 2652 2439 2705 τοῦ
2471 2654 2668 2720 Λόγου,
2707 2648 3033 2723 ἀδιαιρέτως
3063 2652 3158 2705 καὶ
3189 2651 3539 2721 ἀσυγχύτως,
3562 2645 3688 2719 ὲν’ᾧ

2106 2747 2203 2795 καί
2247 2744 2354 2795 πᾶν
2386 2743 2449 2793 τὸ
2499 2744 2779 2813 πλήρωμα
2813 2744 2914 2811 τῆς
2939 2742 3207 2811 Θεότητος
3238 2742 3591 2812 σωματικῶς,
3626 2745 3689 2795 ὲκ

2105 2834 2199 2887 τοῦ
2245 2835 2615 2905 πληρώματος
2660 2835 2719 2889 δὲ
2772 2838 2934 2905 ἡμεῖς
2980 2833 3332 2905 λαμϐάνομεν
3365 2836 3528 2906 χάριν
3557 2838 3690 2890 ava-

2107 2927 2300 2997 λόγως.
2350 2929 2445 2982 Ἐκ
2488 2931 2683 2982 τούτου
2733 2931 2830 2983 τοῦ
2879 2929 3028 2983 θείου
3076 2916 3445 3000 πληρώματος
3500 2932 3578 2992 ὡς
3622 2932 3689 2983 ἐκ

2109 3023 2292 3092 πηγῆς
2323 3023 2374 3074 οί
2428 3020 2524 3076 τοῦ
2555 3022 2795 3093 Χριστοῦ
2842 3023 3106 3092 ἀρύονται
3137 3023 3400 3091 ἅπαντες,
3426 3022 3519 3076 καὶ
3553 3022 3692 3092 μᾶλ-

2106 3108 2197 3162 λον
2247 3110 2297 3163 οί
2347 3109 2419 3163 δι’
2463 3111 2629 3164 αὐτὸν
2675 3113 3072 3183 ἀγωνιζόμενοί
3121 3130 3181 3165 τε
3225 3119 3320 3167 καὶ
3360 3114 3685 3185 πάσχοντες,

2108 3209 2202 3257 καὶ
2236 3207 2295 3257 ὲν
2337 3204 2585 3275 εἱρκταῖς
2630 3206 2783 3270 ὅντες
2814 3209 2910 3261 καὶ
2944 3208 3114 3280 ζόφῳ,
3151 3210 3256 3263 ὑπὸ
3282 3209 3492 3278 ταύτης
3520 3228 3688 3282 παρε-

2106 3294 2371 3349 καλοῦντο
2400 3297 2500 3366 τῆς
2552 3298 2919 3369 λαμπηδόνος.
2951 3302 3066 3354 Καὶ
3092 3306 3119 3356 ό
3152 3306 3336 3372 Δαϐὶδ,
3379 3325 3399 3358 ι
3437 3306 3591 3359 Κατὰ
3627 3308 3687 3361 τὸ

2106 3389 2310 3459 πλῆθος
2347 3389 2458 3444 τῶν
2498 3390 2704 3444 ὀδυνῶν
2758 3408 2865 3461 μου
2902 3394 2961 3444 ὲν
3011 3396 3077 3465 τῇ
3112 3395 3313 3467 καρδίᾳ
3341 3415 3467 3467 μου,
3496 3400 3551 3451 αἱ
3587 3398 3691 3453 παι

2107 3479 2408 3551 ρακλήσεις
2450 3498 2543 3533 σου
2586 3479 2872 3551 εὖφραναν
2915 3483 3014 3555 τὴν
3066 3486 3246 3557 ψυχήν
3303 3505 3429 3555 μου,
3470 3507 3489 3540 ι
3529 3488 3684 3560 φησί.

2107 3577 2212 3629 Kal
2241 3579 2291 3630 θί
2321 3578 2381 3629 ὲν
2418 3577 2641 3648 Χριστῷ
2669 3577 2897 3646 ζῶντες,
2935 3579 3012 3644 ὡς
3052 3580 3287 3653 καθαροὶ
3309 3584 3408 3654 τὴν
3436 3584 3684 3656 καρδίαν,

2104 3686 2136 3719 τ
2169 3687 2196 3721 ν
2236 3669 2368 3722 Θεὸν
2397 3668 2714 3738 βλέπουσιν,
2747 3670 2846 3741 οὐχ
2893 3673 2969 3734 ὡς
3013 3673 3125 3743 ἔχει
3154 3674 3370 3743 φύσεως
3401 3677 3555 3746 (Θείν
3582 3679 3687 3750 γὰρ

2105 3765 2287 3826 οὐδεὶς
2337 3765 2555 3835 ἑώρακε
2608 3763 2878 3833 πώποτε),
2910 3763 3047 3820 ἀλλὰ
3100 3768 3242 3821 κατὰ
3294 3764 3475 3840 χάριν,
3524 3773 3686 3845 Ὁρᾷς

2106 3858 2205 3928 τὴν
2264 3858 2451 3929 κοινὴν
2485 3858 2613 3929 ’τῆς
2664 3859 2896 3932 Τριάδίς
2946 3862 3144 3932 χάριν;
3208 3867 3616 3930 Ἐξατιέστειλεν
3660 3874 3688 3924 ό

2106 3950 2239 4015 Θεὸς
2263 3952 2321 4005 τὸ
2351 3951 2572 4022 Πνεῦμα
2607 3953 2703 4007 τοῦ
2747 3956 2870 4009 Υἰοῦ
2903 3956 3091 4025 αὐτοῦ,
3135 3978 3153 4011 ι
3205 3961 3298 4015 Ἐκ
3332 3963 3426 4018 τοῦ
3468 3964 3688 4038 πληρώ-

2109 4062 2279 4115 ματος
2315 4046 2482 4099 αὐτοῦ
2507 4050 2670 4117 ἡμεῖς
2710 4049 2911 4113 πάντες
2943 4051 3231 4122 ἐλάϐομεν.
3271 4074 3290 4105 ι
3333 4057 3439 4109 Kal
3468 4058 3522 4110 τί
3564 4059 3688 4112 ἑλά-

2106 4136 2314 4206 ϐομενς
2346 4139 2548 4211 δηλαδὴ
2572 4140 2670 4212 τὴν
2697 4143 2859 4213 χάριν
2892 4141 2986 4197 τοῦ
3021 4145 3357 4216 Πνεύματος,
3390 4130 3501 4202 καί
3528 4152 3687 4223 χάριν

2105 4233 2225 4285 ἀντὶ
2256 4232 2503 4303 χάριτος,
2533 4236 2628 4288 καὶ
2656 4235 2873 4307 ἐξέχεεν
2922 4239 3007 4307 ἐφ’
3036 4239 3184 4308 ἡμᾶς
3233 4241 3411 4313 (φησὶ)
3443 4245 3544 4316 τὴν
3581 4245 3687 4300 δω-

2111 4323 2238 4390 ρεάν
2269 4324 2361 4377 τοῦ
2390 4324 2546 4393 ἁγίου
2607 4327 2948 4397 Πνεύμχτπ.
2971 4326 3095 4400 ’58
3130 4329 3239 4386 Kal
3268 4335 3330 4387 ἐν
3373 4336 3524 4407 αὐτῷ
3549 4342 3685 4408 κρά-

2109 4414 2295 4485 ζομεν,
2333 4414 2507 4471 Ἀϐϐά
2555 4420 2583 4470 ὁ
2626 4421 2840 4491 Πατήρ.
2884 4422 3027 4475 Αὐτὸ
3061 4425 3119 4477 δὲ
3154 4426 3239 4493 τὸ,
3274 4426 3469 4494 Ἀϐϐᾶ,
3503 4432 3686 4502 Πάτερ

424 4504 647 4557 vitalem
680 4499 775 4571 qui
804 4514 921 4554 eant
968 4515 1076 4554 non
1117 4509 1498 4569 gustaverunt,
1533 4499 1643 4553 imo
1694 4503 1786 4571 qui
1822 4512 2010 4557 errant

2111 4508 2281 4580 δηλοῖ.
2328 4511 2482 4564 Ἐπεὶ
2528 4513 2637 4566 υίοὶ
2683 4515 2995 4585 γεγόναμεν
3041 4519 3247 4590 χάριτι.
3281 4499 3688 4595 Υίοθετήθημεν

422 4607 478 4648 et
504 4597 554 4647 in
579 4591 821 4648 tenebris
849 4591 1148 4657 dormiunt,
1170 4599 1363 4643 etcum
1393 4591 1697 4645 tenebrosis
1722 4599 1776 4644 et
1798 4590 2005 4661 iniquis

425 4685 766 4739 daemonibus
818 4696 1241 4746 conversattzur,
1277 4682 1370 4750 qui
1427 4680 1714 4758 deliCatatn
1760 4683 2007 4737 mollem-

426 4790 535 4846 que
564 4776 727 4829 vitam
773 4774 1192 4842 concupiscunt,
1222 4788 1386 4842 atque
1411 4775 1557 4827 circa
1582 4773 2005 4845 contemplatio-

425 4883 548 4923 nem
592 4863 890 4919 visibilium
918 4862 1374 4933 mutabiliumque
1400 4875 1780 4920 creaturarum
1817 4866 2002 4921 inania

427 4960 753 5022 moliuntur,
789 4958 881 5026 qui
911 4954 1027 5009 lere
1057 4962 1359 5010 secundum
1411 4956 1633 5014 Graecos
1666 4961 2000 5027 insensatos,

424 5061 691 5107 creatura:
727 5057 922 5119 praeter
972 5045 1315 5111 Creatorem,
1364 5061 1525 5118 prout
1585 5052 1723 5105 dixit
1774 5049 2002 5116 Paulus,

423 5145 773 5210 inserviunt;
808 5143 984 5212 pluris
1018 5141 1165 5195 enim
1205 5140 1388 5195 habita
1432 5152 1819 5200 creaturarum
1873 5163 2005 5203 cou-

423 5237 802 5308 templatioue,
861 5235 1000 5289 nihil
1065 5232 1282 5287 dicunt.
1307 5235 1556 5290 divinum
1609 5237 1736 5293 ﬁdei
1793 5240 1998 5307 inesse,

422 5330 521 5385 sed
575 5329 680 5384 soli
733 5329 996 5383 vanitatis
1039 5326 1345 5397 cognitioni
1380 5330 1690 5394 conﬁdunt,
1724 5332 2003 5402 stulteque

423 5422 720 5490 opinantur
750 5421 886 5475 nihil
955 5436 1122 5490 supra
1171 5435 1418 5482 sensum,
1458 5431 1512 5474 ct
1545 5433 1781 5478 mentem
1829 5424 2002 5477 homi-

423 5531 552 5568 num
589 5530 711 5569 esse
770 5516 1071 5567 atncntiutn
1133 5528 1288 5568 more
1321 5514 1629 5568 daamonum
1663 5515 1758 5584 qui
1812 5517 2004 5585 procul

422 5607 633 5661 discunt
677 5622 706 5659 a
748 5606 1087 5669 spiritalibus
1121 5606 1294 5663 radiis
1352 5618 1407 5661 et
1463 5607 1722 5663 ineﬁ‘abili
1756 5610 2007 5666 claritate

423 5698 542 5761 Dei,
572 5708 627 5754 ct
659 5699 891 5768 proinde
925 5704 1186 5766 teguntur
1219 5698 1475 5770 caligine,
1508 5700 1798 5771 solumque
1848 5719 2002 5758 arro-

423 5798 614 5860 ganter
681 5799 733 5845 ct
763 5789 926 5844 stulte
960 5790 1106 5843 circa
1143 5803 1270 5842 aera
1330 5798 1384 5843 et
1439 5797 1644 5844 terram
1683 5802 1990 5848 versantur.

2113 4608 2222 4673 γάρ
2257 4606 2333 4677 τῷ
2370 4608 2542 4677 Πατρὶ
2577 4609 2665 4663 διὰ
2689 4610 2783 4663 τοῦ
2821 4612 3167 4683 Μονογενοῦς
3210 4621 3587 4689 σαρκωθέντος
3628 4626 3688 4677 ὲν

2106 4697 2250 4766 ἁγίῳ
2280 4698 2582 4768 Πνεύματι.
2616 4701 2725 4754 Καὶ
2773 4702 2862 4758 διὰ
2910 4707 3130 4759 πάντων
3153 4707 3319 4779 οὕτω,
3348 4712 3449 4781 τῆς
3481 4730 3540 4767 τε
3576 4731 3687 4768 παι

2105 4789 2267 4855 λαιᾶς
2298 4809 2442 4864 φημι
2474 4792 2624 4858 θείας
2655 4796 2902 4875 Γραφῆς,
2929 4799 3025 4853 καὶ
3054 4803 3154 4871 τῆς
3179 4803 3423 4873 χάριτος,
3452 4809 3519 4860 τὰ
3558 4809 3689 4878 περὶ

2104 4884 2206 4953 τῆς
2236 4885 2330 4937 τοῦ
2359 4887 2494 4939 Θεοῦ
2530 4889 2755 4959 χάριτος
2808 4897 3197 4961 μαρτυρεῖται.
3246 4897 3316 4949 Ἢ
3357 4899 3452 4951 καὶ
3484 4901 3688 4969 μᾶλλον

2102 4977 2236 5046 ημῖν
2264 4976 2353 5032 διὰ
2384 4979 2481 5049 τῆς
2510 4980 2605 5033 τοῦ
2639 4981 2816 5049 Λόγου
2849 4987 3166 5054 οἰκονομίας
3192 4989 3489 5058 ἐκχυθεῖσα
3526 4994 3693 5047 πλου-

2106 5069 2259 5133 σίως,
2292 5071 2470 5124 πάντα
2498 5070 2592 5125 τὸν
2616 5073 2822 5141 κόσμον
2848 5075 3238 5145 πεπλήρωκεν.
3278 5079 3562 5135 Ἐντεῦθεν
3592 5080 3688 5137 οὖν

2103 5162 2268 5230 καὶὴ
2318 5164 2605 5233 οίκονομία
2653 5167 2748 5218 τοῦ
2793 5166 2973 5234 Λόγου
3021 5169 3184 5238 χάρις
3222 5172 3684 5241 κατονομάζεται.

2116 5251 2256 5305 Ἀλλ’
2295 5256 2342 5306 οί
2373 5255 2473 5325 τῆς
2503 5257 2730 5325 χάριτος
2760 5258 3003 5329 ἄμοιροι,
3038 5260 3114 5323 ὠς
3137 5260 3351 5325 ἀνάξιοι
3382 5263 3483 5331 τὴν
3525 5265 3689 5335 χάριν

2104 5344 2310 5410 λαϐεῖν,
2352 5348 2607 5402 ἀθετοῦσι
2643 5350 2742 5420 τὴν
2781 5334 2993 5421 δωρεὰν
3028 5355 3122 5406 καὶ
3150 5354 3246 5425 τὴν
3279 5356 3562 5425 ἐνέργειαν
3590 5334 3688 5412 καὶ
3736 5410 3747 5415 -

2104 5440 2263 5508 χάριν
2295 5441 2389 5494 τοῦ
2420 5441 2760 5511 Πνεύματος,
2802 5445 2849 5496 οἱ
2877 5446 3145 5498 σκοτεινοὶ
3178 5449 3307 5516 περί
3331 5448 3392 5499 τὸ
3421 5447 3563 5517 φῶς,
3593 5452 3690 5503 καὶ

2107 5527 2184 5598 μὴ
2231 5528 2489 5595 λαϐόντες
2524 5531 2584 5583 τὸ
2629 5533 2766 5600 φῶς,
2800 5534 2897 5587 καὶ
2945 5536 3037 5588 τοῦ
3079 5536 3360 5606 φωτισμοῦ
3404 5538 3501 5608 τῆς
3537 5537 3690 5602 θείας

2104 5617 2442 5690 γλυκύτητος
2469 5623 2746 5690 ἄγευστοι.
2780 5625 2943 5679 Ὅθεν
2976 5629 3069 5679 καὶ
3093 5627 3384 5700 ἀπιστοῦσι
3422 5628 3497 5701 μὴ
3522 5630 3693 5698 lym-

2105 5709 2285 5777 κότες,
2317 5714 2406 5765 καὶ
2438 5713 2512 5776 ὡς
2538 5714 2797 5782 ἀντίθεοι,
2836 5716 3242 5787 βλασφημοῦσι.
3278 5720 3388 5773 Καὶ
3407 5722 3486 5784 τίς
3519 5722 3695 5789 ἀναγ-

2105 5801 2257 5867 γελεῖ
2288 5804 2469 5867 αὐτοῖς
2496 5807 2593 5874 τὴν
2621 5806 2939 5878 γλυκύτητα
2969 5810 3063 5862 τοῦ
3097 5808 3243 5863 θείου
3291 5811 3468 5880 φωτὸς
3502 5811 3577 5875 ὡς
3609 5813 3689 5883 μὴ
