4114 6272
391 379 506 445 209

1665 394 1767 454 DE
1812 394 2364 467 SACRAMENTIS.

3519 404 3624 468 ΞΗ

383 489 655 560 σωτήριον
683 491 983 565 βάπτισμα,
1002 495 1173 561 οὕτως
1200 499 1495 565 ἀπολύσας,
1516 501 1620 573 75
1635 504 1955 574 ἀπέρχεται.

2068 522 2173 568 tur.
2210 515 2413 570 Octava
2442 517 2749 581 autemdie,
2787 518 3210 575 ali'erturint‘ans
3243 536 3271 576 a
3304 523 3624 590 quibusdam

384 582 466 653 Τῇ
500 582 557 636 δὲ
587 584 751 657 ὀγδόῃ
775 586 959 658 ἡμέρᾳ
990 591 1323 660 προσάγεται
1348 595 1408 646 τὸ
1431 593 1627 663 βρέφος
1658 594 1763 648 ὑπό
1790 614 1951 650 τινων

356 677 463 746 ιτῷ
495 676 635 746 Θεῷ,
673 682 767 732 καὶ
794 678 900 745 πρὸ
920 679 1030 734 τῶν
1059 681 1263 747 πυλῶν,
1294 683 1355 736 οὐ
1374 683 1484 754 γὰρ
1509 685 1844 754 ἡγιασμένον
1868 688 1952 741 ἔτι

388 768 508 821 ἐστὶ
549 767 635 836 τῷ
670 769 1031 840 βαπτίσματι,
1070 773 1356 844 σφραγίζει
1395 774 1556 829 πάλιν
1606 776 1741 830 αὐτὸ
1782 779 1862 841 εἰς
1893 777 1955 830 τὸ

387 861 667 928 μέτωπον,
719 864 814 916 καὶ
869 864 929 917 τὸ
985 865 1181 934 στόμα,
1214 866 1308 920 καὶ
1341 867 1403 919 τὸ
1440 868 1637 938 στῆθος
1678 871 1704 922 ό
1738 870 1951 941 ἱερεύς·

383 957 479 1008 καὶ
538 954 757 1012 δίδωσιν
815 957 985 1023 ὄνομα
1041 958 1214 1029 τούτῳ
1274 958 1342 1012 δι’
1380 961 1545 1032 εὐχῆς
1605 962 1781 1032 ἱερᾶς,
1819 963 1956 1034 ὅπερ

383 1048 451 1102 ἂν
480 1049 531 1102 οἱ
565 1050 814 1114 τεκόντες
842 1049 1146 1119 θελήσαιεν,
1177 1050 1297 1121 μεθ’
1325 1052 1385 1106 οὗ
1421 1057 1513 1107 καὶ
1536 1052 1876 1123 βαπτίζεται.

980 1165 1232 1219 ΚΕΦΑΛ.
1277 1167 1354 1223 Ξ’.

382 1253 513 1306 Ὀτι
538 1253 633 1306 καὶ
675 1253 743 1306 ἐν
769 1252 848 1331 τῇ
897 1255 1304 1331 ὁτδόῃήμέρᾳ
1355 1264 1389 1315 ό
1426 1265 1640 1330 Κύριος
1672 1262 1739 1316 τὸ
1771 1262 1958 1331 ὄνομα

733 1324 1010 1395 anuper,
1054 1324 1298 1397 Ἰησοῦς·
1332 1324 1601 1400 κληθείς.

454 1414 728 1486 Καθάπερ
757 1417 916 1472 τοῦτο
950 1420 1142 1486 γέγονε
1188 1423 1285 1475 καὶ
1336 1426 1396 1476 ὲν
1428 1423 1506 1495 τῷ
1542 1426 1733 1496 Κυρίῳ
1763 1442 1776 1456 θ
1802 1427 1860 1479 ἑν
1891 1428 1957 1496 τῇ

397 1504 556 1580 ὀγδόῃ
602 1509 711 1576 γὰρ
747 1510 1127 1581 περιτμηθεὶς,
1181 1514 1392 1583 Ἰησοῦς
1421 1517 1721 1588 ἐπεκλήθη.
1768 1514 1959 1584 Ἡμεῖς

390 1596 446 1648 δὲ
479 1598 542 1650 οὐ
576 1601 878 1670 περιτομὴν
908 1601 1102 1672 ἔχομεν
1129 1622 1142 1634 ·
1199 1606 1527 1675 πεπλήρωκε
1555 1608 1664 1675 γὰρ
1710 1610 1738 1661 ό
1770 1609 1959 1680 Σωτὴρ

381 1688 451 1739 τὰ
480 1688 578 1740 τοῦ
608 1691 774 1758 νόμου
810 1692 931 1745 ἀντὶ
963 1693 1140 1764 ήμῶν,
1189 1699 1284 1749 καὶ
1315 1698 1417 1765 τῆς
1450 1701 1681 1767 νομικῆς
1714 1698 1960 1763 δουλείας

386 1778 642 1847 ἐρύσατο.
672 1783 882 1836 Δέδωκε
911 1785 967 1838 δὲ
1000 1786 1304 1856 περιτομὴν
1328 1786 1497 1858 ἀλλην
1528 1791 1586 1842 ὲν
1623 1789 1719 1860 ὅλῃ
1750 1794 1817 1860 τῇ
1855 1790 1957 1859 φύ-

384 1886 491 1933 σει,
523 1871 583 1924 τὸ
613 1871 753 1926 θεῖον
787 1874 1097 1945 βάπτισμα,
1122 1879 1259 1947 ὅπερ
1283 1879 1344 1930 οὐ
1379 1879 1557 1950 σάρκα
1597 1880 1806 1949 τέμνει,
1840 1881 1958 1934 ἀλλ’

382 1961 661 2029 ἁμαρτίας
710 1963 989 2035 καθαίρει.
1027 1967 1300 2022 Ἕκαστον
1353 1969 1411 2023 δὲ
1469 1970 1576 2023 τῶν
1623 1970 1838 2040 βρεφῶν
1882 1970 1956 2035 ὡς

399 2052 612 2122 Ἰησοῦς
653 2056 683 2108 ὁ
720 2050 962 2124 Χριστὸς
988 2059 1045 2114 ὲν
1077 2060 1152 2129 τῷ
1187 2061 1302 2130 ἰδίῳ
1354 2060 1676 2130 βαπτίζεται
1707 2063 1957 2132 ὀνόματι.

391 2146 466 2198 Οὐ
497 2146 605 2216 μὴν
634 2147 691 2200 δὲ
725 2147 1081 2217 βαπτίζονται
1104 2151 1303 2213 πάντες
1334 2151 1589 2223 Ἰωάννης
1627 2153 1721 2206 καὶ
1747 2153 1957 2223 Μαρία,

384 2235 464 2296 ὡς
509 2235 621 2289 τῶν
676 2237 1063 2310 ἁπλουστέρων
1111 2242 1206 2294 καὶ
1247 2240 1533 2295 ἰδιωτικῶν
1572 2241 1718 2306 τινές
1769 2260 1956 2313 φασιν.

395 2327 485 2381 Ἐν
547 2331 611 2397 τῇ
666 2330 829 2402 ὀγδόῃ
864 2333 922 2385 δὲ
975 2334 1009 2404 ή
1071 2336 1341 2405 περιτομὴ
1370 2341 1491 2389 τότε
1544 2332 1612 2408 ἦν
1667 2339 1782 2399 τοῖς
1832 2338 1962 2390 ἰου-

384 2420 577 2483 δαίοις.
622 2421 695 2474 Τὸ
740 2422 912 2492 ὄνομα
955 2424 1012 2478 δὲ
1044 2425 1139 2479 νῦν
1189 2427 1247 2479 ὲν
1272 2428 1411 2498 αὐτῇ
1442 2430 1492 2503 pi
1530 2429 1711 2482 πιστοὶ
1742 2431 1959 2499 λαμϐά-

387 2529 577 2581 νομεν,
606 2514 690 2566 ὅτι
719 2515 1112 2587 ἀνακαινισμδς
1141 2520 1175 2588 ἡ
1205 2519 1390 2588 ὀγδόη.
1422 2520 1819 2593 Πληρωθείσης
1850 2522 1962 2591 γὰρ

383 2605 482 2674 τῆς
518 2605 756 2675 ἑϐδόμης
791 2608 861 2679 ἦν
918 2608 951 2678 ή
994 2609 1107 2679 ζωὴ
1157 2610 1295 2682 αὕτη
1355 2612 1662 2679 κέκτηται,
1716 2612 1785 2666 δι’
1823 2613 1964 2666 ἑπτά

382 2699 731 2771 κυκλουμένη
752 2700 860 2754 τῶν
882 2696 1128 2772 ήμερῶν,
1155 2705 1224 2773 τῇ
1255 2703 1419 2775 ὀγδόῃ
1442 2704 1607 2757 πάλιν
1631 2705 1961 2774 ἀπάρχεται.

390 2792 457 2842 Ὀ
492 2792 722 2860 σημεῖον
773 2792 872 2860 τῆς
909 2791 1258 2854 ἀναστάσεως
1303 2793 1445 2858 ἐστι,
1483 2795 1578 2847 καὶ
1611 2794 1711 2863 τῆς
1742 2794 1962 2847 αἰωνίου

387 2882 532 2953 ζωῆς
584 2883 892 2955 προοίμιον.
935 2886 1026 2938 Ἐν
1066 2886 1176 2955 γὰρ
1225 2887 1289 2956 τῇ
1336 2882 1498 2958 ὀγδόῃ
1533 2886 1627 2939 καὶ
1677 2889 1705 2940 ὁ
1758 2885 1965 2957 Κύριος

388 2977 674 3046 ἐξανέστη,
712 2977 811 3029 καὶ
873 2977 974 3045 τὴν
1018 2976 1347 3041 τελευταίαν
1397 2979 1559 3047 ἡμεῖς
1614 2977 1831 3049 ἡμέραν
1865 2979 1965 3048 τῆς

389 3071 611 3124 αἰωνίου
633 3072 777 3141 ζωῆς
804 3069 1118 3139 ἐλπίζομεν.
1145 3071 1307 3133 Ἠτις
1331 3071 1427 3123 καὶ
1453 3071 1760 3139 ἀπέραντος
1785 3072 1960 3136 ἔσται,

2058 606 2126 661 ad
2162 607 2356 671 Deum,
2379 618 2434 664 et
2464 624 2562 678 pro
2596 609 2823 677 foribus,
2853 627 2959 666 non
2992 614 3139 668 enim
3168 615 3434 682 baptismo
3451 616 3627 669 adhuc
3686 628 3705 645 ι’

2064 699 2439 755 sanctiﬁcatus
2471 710 2576 768 est,
2606 717 2795 758 rursus
2851 704 3029 775 signat
3060 720 3182 760 cum
3210 707 3262 760 in
3294 705 3467 761 fronte
3493 715 3547 761 et
3575 707 3627 760 in

2065 806 2161 845 ore
2198 799 2360 860 atque
2424 792 2477 847 in
2517 804 2733 875 pectore
2780 797 3058 862 Sacerdos,
3099 798 3258 868 eique
3283 787 3379 866 per
3416 813 3627 852 sacram

2061 882 2362 937 mulionem
2401 885 2493 938 dat
2550 901 2744 941 nomen
2782 889 3159 958 quodcumque
3207 888 3473 944 voluerint
3513 889 3631 958 ejus

2061 981 2334 1042 parentes,
2365 983 2602 1045 quocum
2635 966 2958 1047 baptizatur.

2657 1168 2885 1236 CAPUT
2920 1179 3031 1235 Lx.

2065 1266 2218 1332 Quod
2249 1266 2499 1323 Dominus
2521 1286 2722 1339 quoque
2779 1281 2959 1326 octava
2995 1270 3080 1327 die
3122 1289 3308 1327 nomen
3358 1273 3548 1337 acc-epit
3584 1282 3630 1325 et

2334 1366 2339 1371 -
2460 1365 2468 1375 ι
2534 1338 2702 1395 Iesus
2734 1343 3156 1411 appellatusest.

2131 1426 2598 1493 Quemadmodum
2646 1432 2784 1486 idem
2814 1433 2864 1486 in
2902 1433 3132 1487 Domino
3156 1432 3353 1489 factum
3386 1444 3501 1502 est;
3534 1452 3630 1492 oc-

2063 1530 2184 1575 tava
2238 1522 2383 1575 enim
2412 1522 2498 1576 die
2529 1523 2885 1579 circumcisus
2917 1534 3140 1581 vocatus
3188 1535 3274 1581 est
3312 1526 3491 1583 Jesus.
3522 1529 3633 1585 Nos

2060 1624 2191 1664 vero
2214 1611 2683 1667 circumcisiouent
2719 1628 2826 1668 non
2854 1614 3153 1682 habemus;
3180 1631 3303 1670 nam
3335 1618 3500 1688 legem
3534 1636 3633 1689 pro

2064 1701 2225 1757 nobis
2276 1703 2589 1773 adimplevit
2625 1704 2894 1771 Salvator,
2924 1716 2978 1760 et
3002 1723 3029 1759 a
3060 1707 3215 1776 legali
3244 1707 3504 1764 servitute
3535 1724 3634 1763 nos

2054 1793 2231 1861 .eruit,
2261 1795 2355 1850 sed
2382 1797 2432 1850 in
2473 1797 2619 1852 omni
2657 1808 2850 1853 natura
2883 1799 3043 1853 aliam
3076 1798 3223 1854 dedit
3264 1801 3631 1859 circumcisio-

2060 1900 2208 1952 ncm,
2230 1886 2471 1942 divinum
2501 1889 2787 1958 baptisma,
2807 1890 2950 1961 quod
2983 1905 3088 1943 non
3121 1904 3337 1944 carnem
3365 1902 3634 1960 amputat,

2077 1977 2173 2031 sed
2208 1979 2688 2050 peccatispurgat.
2720 1981 2953 2036 lnl‘autes
2982 1984 3176 2050 singuli
3207 1994 3265 2039 ut
3303 1980 3459 2039 Jesus
3481 1985 3634 2040 Chri~

2060 2077 2179 2122 Stus
2210 2069 2260 2122 in
2303 2070 2520 2139 preprio
2561 2073 2782 2126 nomine
2821 2074 3185 2142 haptizantur,
3224 2074 3495 2144 siquidem
3528 2090 3638 2129 non

2063 2175 2254 2215 omnes
2316 2162 2663 2232 baptizantur
2711 2167 2763 2218 in
2810 2164 3030 2219 nomine
3078 2162 3302 2221 Joannis
3334 2176 3388 2220 et
3423 2165 3635 2231 Marce,

2064 2265 2226 2321 prout
2255 2255 2510 2310 dixerunt
2545 2256 2764 2324 quidam
2799 2266 2980 2311 mente
3021 2256 3298 2324 simplices
3330 2266 3384 2312 et
3431 2258 3636 2312 idiotte.

2068 2344 2163 2397 Die
2198 2345 2414 2414 quidem
2457 2353 2646 2398 octava
2683 2352 2809 2398 tunc
2841 2353 2958 2400 erat
3016 2343 3218 2402 Iudwis
3267 2348 3634 2411 circumcisio,

2066 2448 2164 2488 nos
2186 2449 2317 2488 vero
2350 2434 2532 2488 tideles
2583 2435 2772 2489 eadem
2809 2436 2895 2489 die
2930 2450 3127 2489 nomen
3177 2437 3478 2504 accipimus
3506 2451 3637 2505 quo-

2070 2524 2215 2579 niam
2241 2534 2432 2580 octava
2464 2534 2548 2580 est
2571 2526 2870 2581 renovatio.
2893 2525 3024 2580 Nam
3050 2528 3269 2596 impleta
3306 2528 3639 2585 hebdomade

2065 2628 2228 2683 quam
2254 2615 2371 2683 ipsa
2402 2625 2692 2670 consecuta
2715 2625 2799 2671 est
2832 2618 2938 2671 vita
2971 2626 3176 2687 septem
3202 2619 3410 2671 dierum
3436 2618 3639 2673 circulo

2068 2714 2347 2771 contenta,
2390 2722 2607 2760 rursum
2659 2707 2749 2761 die
2777 2718 2966 2763 octava
3008 2710 3323 2785 rerertitur,
3370 2710 3512 2777 quod
3564 2710 3640 2764 si-

2065 2813 2227 2867 gnum
2247 2806 2328 2853 est
2343 2800 2778 2862 resurrectionis,
2801 2811 3121 2871 aeternaeque
3138 2801 3262 2854 vita:
3280 2800 3629 2870 prooemium.

2067 2888 2278 2960 Quippe
2335 2899 2524 2946 octava
2572 2890 2660 2945 die
2718 2892 3015 2946 resurrexit
3070 2890 3366 2958 Dominus,
3433 2908 3641 2961 nosque

2069 2980 2312 3034 ultimam
2374 2980 2516 3035 diem
2572 2991 2788 3037 aeterna?
2818 2983 2942 3037 .vita:
2981 2996 3285 3049 speramus,
3318 2997 3438 3048 (ιιιεο
3470 2982 3643 3035 nescit

2068 3087 2347 3139 occasum,
2380 3081 2542 3142 prout
2568 3071 2880 3149 didicimus.
2916 3072 3085 3142 igitur
3108 3073 3162 3125 in
3194 3071 3311 3141 ipsa
3343 3073 3432 3127 die
3456 3082 3640 3126 octava
3707 3082 3710 3086 ‘

392 3164 538 3216 καθὰ
570 3163 961 3232 διδασκόμεθα.
1007 3164 1097 3215 Ἐν
1127 3162 1301 3234 ταύτῃ
1331 3162 1424 3217 οὖν
1452 3165 1519 3233 τῇ
1577 3163 1739 3236 ὀγδόῃ
1780 3164 1830 3216 οἱ
1868 3164 1964 3232 μὲν

2074 3161 2247 3219 Judaei
2300 3163 2520 3233 quidem
2577 3162 2879 3218 secundum
2913 3162 3187 3217 masculos
3214 3169 3423 3218 tantum
3458 3171 3642 3232 utpote

405 3254 652 3307 Ἰουδαῖοι
711 3256 1136 3324 πριετέμνοντο
1190 3254 1329 3308 κατά
1365 3254 1432 3307 τὰ
1465 3254 1670 3328 ἀρῤενα
1706 3256 1868 3327 μόνον
1889 3257 1964 3319 ὼς

400 3330 635 3412 ἀτελεῖς,
670 3348 1101 3419 σφραγιζόμενοι
1132 3350 1211 3420 τῷ
1247 3352 1421 3421 μορίῳ
1450 3352 1548 3420 τῆς
1577 3351 1797 3421 ἡδονῆς,
1830 3368 1967 3421 προ-

404 3438 814 3511 μαρτυροῦντες
872 3440 972 3510 μὲν
1033 3443 1128 3495 καὶ
1179 3442 1327 3496 αὐτοὶ
1386 3442 1486 3513 ⁴τὴν
1544 3443 1847 3498 ἀνάστασιν
1898 3444 1964 3512 τῇ

401 3531 590 3602 ὀγδόῃ,
620 3535 716 3586 καὶ
745 3534 802 3585 ὲν
834 3532 914 3604 τῷ
939 3532 1365 3605 περιτέμνεσθαι
1391 3535 1468 3597 δὲ,
1503 3537 1864 3605 σημαίνοντες
1892 3534 1969 3597 ὡς

402 3624 435 3690 ἡ
467 3622 637 3693 ήδονῆ
660 3624 759 3694 τῆς
796 3624 998 3693 σαρκὸς
1046 3623 1389 3693 παυθήσεταί
1435 3642 1588 3688 ποτε,
1633 3625 1730 3677 κοιί
1761 3625 1968 3695 ἀφθαρ-

395 3731 489 3777 se;
524 3715 681 3769 ἔσται
717 3715 852 3786 ζωὴ,
882 3716 977 3769 καὶ
1011 3715 1086 3786 μὴ
1118 3716 1205 3771 διὰ
1231 3717 1430 3785 σαρκδζ
1464 3718 1856 3788 ἐνεργουμένη,
1892 3719 1968 3789 μὴ

398 3807 647 3870 νοοῦντες
689 3808 748 3861 δὲ
785 3808 963 3872 τοῦτο,
999 3808 1134 3877 μηδὲ
1182 3809 1282 3880 τὴν
1333 3808 1512 3879 ἀληθῆ
1540 3813 1844 3883 περιτομὴν
1872 3811 1969 3882 τήν

401 3897 497 3965 τῆς
526 3896 805 3967 ἁμαρτίας
853 3897 1242 3960 κατανοοῦντες
1284 3896 1564 3962 ἀπόθεσιν,
1595 3899 1731 3971 ὅπερ
1762 3901 1878 3953 ἐστὶ
1909 3900 1971 3954 τὸ

400 3990 558 4058 ᾶγιον
611 3989 915 4059 βάπτισμα.
976 3988 1148 4043 Τοῦτο
1201 3989 1311 4060 γὰρ
1364 3990 1424 4042 τὺ
1472 3990 1783 4060 ἀφθάρτους
1817 3990 1971 4055 ὅλους

401 4079 543 4137 εἶναι
575 4083 671 4136 καὶ
707 4082 913 4145 ἀσινεῖς
952 4081 1283 4148 ἐκδιδάσκει,
1324 4083 1420 4136 καὶ
1453 4084 1530 4153 μὴ
1558 4083 1702 4137 κατά
1728 4099 1780 4136 τι
1807 4081 1972 4137 λελω-

401 4176 676 4243 ϐημένους
699 4192 713 4206 ’
744 4176 772 4228 ὁ
821 4175 933 4244 γὰρ
963 4175 1425 4251 περιτεμνόμενος
1455 4173 1555 4246 τὴν
1591 4174 1769 4243 σάρκα
1800 4173 1969 4226 λελώ-

401 4270 587 4334 ϐηται,
622 4267 718 4320 καὶ
741 4266 801 4320 τὸ
824 4266 1010 4336 ἀρτιον
1057 4266 1118 4318 οὐ
1145 4264 1435 4340 περιφέρει
1476 4266 1574 4333 τῆς
1607 4263 1843 4333 φύσεως·
1876 4266 1972 4318 καὶ

399 4359 485 4409 ὅτι
518 4356 620 4408 οὐκ
666 4354 877 4417 ἀπαθὲς
904 4352 965 4418 ἐξ
1012 4353 1205 4424 ἡδονῆς
1231 4353 1710 4424 τίκτεσθαιςήμᾶς.
1759 4352 1850 4406 Διδ
1875 4353 1970 4405 καὶ

399 4447 558 4501 τοῦτο
593 4446 813 4499 λέλυται
849 4446 910 4499 τὸ
943 4446 1004 4510 ἐξ
1032 4446 1226 4516 ἡδονῆς
1252 4446 1555 4501 τίκτεσθαι.
1590 4445 1882 4516 Δοθήσεται
1915 4445 1970 4499 δὲ

2071 3253 2375 3326 imperfecti
2431 3253 2988 3319 circumcidebantur,
3052 3254 3297 3309 membro
3345 3254 3641 3323 Voluptatis

2068 3345 2266 3416 signati
2296 3352 2674 3416 pmtestantes
2711 3341 2929 3412 quidem
2963 3350 3019 3397 et
3048 3342 3148 3412 ipsi
3182 3343 3638 3397 resurrectionem

2068 3453 2164 3509 per
2184 3436 2326 3492 diem
2353 3447 2625 3501 octavam,
2652 3442 2705 3488 et
2742 3448 2834 3503 per
2861 3432 3337 3490 circumcisionem
3378 3433 3641 3488 indican-

2071 3541 2152 3585 tes
2201 3538 2331 3583 tunc
2359 3537 2693 3582 cessaturam
2734 3527 2917 3582 carnis
2944 3524 3273 3594 voluptatem
3298 3569 3313 3593 ,
3368 3524 3644 3596 vitamque

2071 3617 2310 3672 futuram
2345 3615 2819 3683 incorruptibilem
2861 3628 3035 3684 neque
3060 3629 3154 3683 per
3186 3629 3409 3669 carnem
3453 3630 3645 3683 opera-

2070 3716 2284 3776 turam;
2312 3707 2405 3762 sed
2439 3720 2536 3762 nec
2562 3704 2705 3760 istud
2726 3704 2981 3766 scientes,
3006 3719 3180 3773 neque
3203 3720 3389 3768 veram
3409 3706 3644 3760 circum-

2071 3804 2334 3860 cisionem
2374 3798 2586 3870 peccati
2619 3797 2962 3851 aversionem
3025 3794 3352 3864 cogitantes,
3385 3797 3529 3866 quod
3560 3806 3645 3852 est

2069 3903 2322 3952 sanctum
2352 3891 2618 3962 baptisma
2644 3904 2659 3954 ;
2688 3888 2791 3944 hoc
2819 3887 2965 3943 enim
2987 3900 3087 3941 nos
3115 3886 3274 3940 docet
3310 3900 3433 3941 esse
3462 3887 3641 3942 incor-

2070 3996 2261 4056 ruptos
2286 3993 2338 4039 et
2371 3981 2596 4038 omnino
2627 3981 2860 4035 intactos
2887 3993 2986 4032 nec
3017 3977 3070 4030 in
3100 3977 3279 4042 aliqua
3325 3984 3477 4046 parte
3500 3991 3631 4032 sau-

2072 4079 2208 4132 eius.
2234 4077 2368 4130 Nam
2421 4075 2514 4143 qui
2571 4069 2982 4127 circumciditur
3026 4067 3326 4123 secundum
3388 4082 3634 4132 carnem,

2071 4166 2308 4230 laeditur,
2352 4178 2529 4233 neque
2566 4151 2886 4218 circumfert
2936 4169 3144 4216 natum
3172 4159 3554 4229 integritatem,
3587 4168 3644 4214 et

2073 4256 2337 4325 quoniam
2400 4268 2748 4324 nequaquam
2783 4255 2988 4322 absque
3028 4259 3249 4321 peccato
3274 4266 3340 4305 ex
3371 4250 3642 4321 voluptate

2074 4347 2343 4409 nascitur,
2378 4344 2502 4400 ideo
2554 4340 2728 4396 noluit
2783 4355 2885 4396 nos
2926 4355 2993 4394 ex
3034 4339 3308 4407 voluptate
3348 4338 3641 4409 generari;

2073 4438 2237 4494 nobis
2268 4451 2394 4492 vero
2446 4448 2540 4505 per
2564 4432 2832 4502 baptisma
2878 4429 3096 4486 dabitur
3126 4428 3276 4484 nasci
3308 4443 3514 4499 non-ex
3541 4442 3641 4482 vo-

397 4540 529 4607 ὴμῖν
554 4538 642 4591 διὰ
664 4536 757 4591 τοῦ
788 4536 1161 4607 βαπτίσματος
1188 4537 1248 4591 τὸ
1276 4539 1375 4592 οὐκ
1400 4540 1463 4591 ἐκ
1495 4537 1800 4606 θελήματος
1826 4554 1962 4607 σαρ-

2070 4533 2277 4588 luntate
2299 4528 2502 4596 carnis,
2527 4540 2701 4598 neque
2731 4540 2799 4581 ex
2829 4523 3104 4578 voluntate
3135 4519 3258 4583 viri,
3293 4519 3388 4574 sed
3417 4534 3481 4572 ex
3507 4516 3639 4585 Deo,
3698 4527 3707 4530 ”

400 4630 513 4695 κδς,
548 4629 671 4682 οὐδὲ
699 4629 766 4681 ὲκ
792 4627 1103 4697 θελήματος
1129 4628 1340 4698 ἀνδρὸς,
1367 4628 1482 4682 ἀλλ’
1516 4630 1580 4682 ἐκ
1609 4627 1748 4705 Θεοῦ
1777 4630 1961 4685 τίκτε-

399 4722 548 4777 σθαι.
576 4722 749 4775 Τοῦτο
780 4722 825 4775 δ’
857 4721 975 4774 ἐστὶ
1004 4721 1065 4773 τὺ
1103 4721 1191 4774 διὰ
1235 4722 1461 4792 λουτροῦ
1498 4723 1594 4792 τῆς
1638 4724 1963 4792 παλιγγενε-

398 4816 520 4880 σίας
565 4813 984 4882 ἀναγεννᾶσθαι.
1016 4814 1183 4867 Ὅθεν
1228 4814 1324 4883 καὶ
1375 4816 1439 4885 τῇ
1476 4814 1638 4888 ὀγδόῃ
1683 4817 1867 4888 ἡμέρᾳ
1904 4819 1965 4871 τὸ

396 4908 573 4976 ὄνομα
611 4906 881 4974 λαμῠάνει
912 4906 1014 4973 μὲν
1056 4904 1118 4957 τδ
1148 4904 1347 4975 βρέφος
1366 4947 1382 4971 ,
1412 4904 1602 4976 ὥσπερ
1626 4908 1657 4961 ό
1693 4906 1881 4978 Σωτήρ
1906 4909 1966 4960 τὸ
2007 4914 2017 4921 ⁸

401 4996 677 5067 Σωτήριον
733 4996 941 5067 Ἰησοῦς
984 4996 1297 5066 ἐπικληθείς
1325 5013 1339 5028 ’
1397 4998 1730 5068 σφραγισθὲν
1781 4998 1836 5051 δὲ
1872 5001 1967 5053 καὶ

398 5088 564 5159 εὐχὴν
594 5086 776 5141 λαϐὼν
819 5088 972 5157 ίεράν
996 5128 1012 5153 ,
1060 5087 1137 5152 ὡς
1186 5089 1492 5159 προσαχθὲν
1522 5092 1599 5158 τῷ
1629 5090 1840 5161 Κυρίῳ,
1873 5093 1969 5144 καὶ

401 5180 707 5250 σηρειωθὲν
738 5180 817 5250 ⁸τῷ
852 5179 1071 5250 σταυρῷ
1119 5180 1181 5234 τὸ
1233 5181 1485 5250 μέτωπον
1507 5221 1523 5245 ,
1563 5182 1638 5244 ὡς
1673 5181 1835 5252 ἔφην,
1881 5183 1969 5237 διὰ

399 5271 460 5323 τὸ
492 5270 763 5342 νοητικὸν,
794 5270 855 5323 τὸ
896 5272 1073 5338 στόμα
1095 5270 1182 5324 διὰ
1206 5271 1269 5323 τὸ
1299 5271 1538 5339 λογικὸν,
1573 5272 1669 5325 καὶ
1698 5272 1797 5341 τὴν
1828 5290 1967 5343 καρ-

401 5363 521 5415 δίαν
547 5363 636 5416 διὰ
664 5364 726 5416 τὸ
758 5362 1047 5427 ζωοποιδν,
1085 5363 1181 5416 καὶ
1207 5365 1272 5432 τῇ
1306 5362 1471 5433 βίϐλῳ
1500 5366 1567 5434 τῇ
1599 5363 1804 5436 αἰωνίῳ
1834 5382 1971 5434 γρα-

401 5456 501 5523 φὲν
538 5456 628 5509 διὰ
665 5455 759 5508 τοῦ
801 5454 1144 5517 ἐπιτεθέντος
1191 5454 1341 5524 αὑτῷ
1394 5454 1682 5523 ὀνόματος,
1739 5455 1971 5525 ἐπανέρ-

401 5563 553 5615 χεται
592 5548 660 5616 τῇ
697 5547 885 5616 μητρί.
931 5548 1009 5617 Τῇ
1043 5547 1463 5616 τεσσαρακοστῇ
1504 5547 1562 5599 δὲ
1592 5547 1777 5618 ἡμέρα
1811 5547 1972 5603 πάλιν

405 5633 743 5703 προσάγεται
774 5634 880 5689 ὑπὸ
911 5637 1008 5706 τῆς
1045 5635 1252 5706 μητρὸς
1293 5633 1371 5705 τῷ
1424 5634 1537 5704 ναῷ
1576 5634 1671 5688 καὶ
1713 5632 1871 5688 τοῦτο
1899 5635 1974 5698 ὡς

406 5727 580 5797 δῶρον
616 5725 738 5796 Θεῷ
775 5726 1236 5797 προσκομίζεται.
1282 5726 1344 5780 '0
1374 5727 1554 5797 ἱερεὺς
1584 5726 1693 5795 γὰρ
1724 5726 1831 5796 πρὸ
1864 5724 1975 5780 τῶν

410 5818 605 5896 θυρῶν,
628 5818 760 5884 στάς
804 5817 1074 5901 ’τοῦμναοῦ
1114 5819 1194 5891 (οὐ
1225 5819 1333 5891 γὰρ
1363 5817 1520 5889 θέμις
1551 5819 1658 5888 πρὸ
1690 5819 1787 5888 τῆς
1810 5816 1972 5890 ειὶχῆς

2063 4626 2209 4694 quod
2235 4633 2430 4692 estper
2460 4621 2737 4675 lavacrum
2768 4611 3198 4686 regenerationis
3227 4609 3424 4664 iterum
3467 4610 3641 4664 nasci.

2071 4715 2228 4772 Unde
2287 4722 2477 4769 octava
2525 4711 2619 4766 die
2669 4721 2870 4761 nomen
2908 4704 3127 4768 quidem
3166 4702 3366 4770 accipit
3412 4700 3592 4755 infans
3624 4739 3642 4764 ,

2068 4810 2212 4865 sicut
2255 4806 2508 4861 Salvator
2533 4799 2757 4858 nomine
2787 4796 3065 4852 salutifero
3093 4793 3257 4850 Jesus
3281 4800 3533 4857 vocatus,
3565 4793 3640 4848 si-

2067 4908 2262 4970 gnatus
2287 4910 2438 4961 vero,
2468 4902 2520 4949 et
2551 4906 2709 4949 sacra
2735 4888 2982 4946 oratione
3019 4894 3265 4954 accepta,
3303 4892 3487 4955 utpote
3535 4884 3646 4939 lico

2069 4991 2307 5053 oblatus,
2354 4987 2706 5055 signatusque
2763 4981 2943 5037 crucis
2988 4979 3167 5046 signo,
3205 4986 3364 5045 prout
3418 4975 3552 5039 dixi,
3585 4976 3639 5027 in

2071 5082 2247 5137 fronte
2266 5087 2484 5149 propter
2505 5085 2764 5140 mentem,
2782 5075 2833 5127 in
2853 5089 2944 5127 ore
2963 5079 3177 5140 propter
3201 5067 3493 5133 loquelam,
3510 5074 3564 5120 et
3585 5067 3642 5120 in
3708 5092 3715 5097 ~

2070 5174 2233 5231 corde
2268 5179 2487 5241 propter
2519 5168 2737 5224 vitalem
2764 5165 3081 5236 potentiam,
3106 5174 3315 5215 necnon
3355 5157 3407 5211 in
3433 5167 3640 5211 auct-no

2072 5268 2212 5322 libro
2245 5279 2339 5334 per
2390 5261 2704 5331 impositum
2749 5258 2798 5314 ei
2848 5270 3043 5311 nomen
3090 5247 3427 5316 inscriptus,
3482 5249 3640 5301 matri

2074 5356 2408 5413 restituitur.
2431 5354 2525 5408 Die
2545 5361 2724 5406 autem
2752 5347 3164 5420 quadragesima
3193 5360 3384 5401 rursus
3410 5359 3442 5397 a
3468 5353 3642 5397 matre
3691 5372 3695 5376 -

2076 5450 2130 5504 in
2161 5448 2420 5519 templum
2452 5450 2771 5512 apportatus
2819 5439 2968 5494 velut
3000 5437 3201 5491 donum
3238 5435 3349 5490 Deo
3391 5435 3636 5489 oﬂ'rrtur.

2075 5543 2323 5609 Namque
2360 5532 2612 5592 sacerdos
2649 5544 2759 5601 prae
2792 5526 3000 5582 foribus
3032 5526 3212 5596 templi
3245 5526 3470 5581 adstans
3500 5525 3635 5615 (non

2076 5633 2220 5689 enim
2254 5631 2332 5685 fas
2364 5635 2449 5682 est
2490 5634 2615 5679 ante
2649 5635 2834 5692 preces
2868 5617 3097 5688 ingredi)
3160 5627 3331 5673 matre
3368 5618 3640 5689 simulque

2077 5723 2280 5778 infante
2309 5716 2537 5789 signatis
2561 5723 2617 5771 et
2642 5729 2736 5785 per
2774 5710 3051 5769 orationes
3074 5708 3450 5776 sanctiﬁcatis,
3477 5714 3642 5766 matri

2079 5812 2299 5886 quidem
2331 5807 2708 5883 purgationem
2734 5803 2955 5864 exhibet
2997 5818 3025 5858 a
3058 5800 3361 5873 voluptaria
3398 5802 3644 5859 sordida—
