4090 6258
468 394 571 459 2H

1353 401 1734 464 SYMEONIS
1768 399 2515 462 TllESSALONICENSIS
2546 399 2907 493 ARClIlEI’.

3611 348 3720 456 η

469 528 577 583 que
617 513 974 584 conceptione
1026 528 1149 585 quae
1179 524 1305 584 post
1347 528 1562 586 partum
1616 516 1852 572 absolvit
1901 514 2043 570 diem
2077 538 2088 575 Α

2157 512 2436 587 εἰσελθεῖν)
2466 515 2561 569 καὶ
2590 515 2692 585 τὴν
2730 514 2946 586 μητέρα
2982 514 3294 584 σφραγίσας
3320 512 3437 587 ἅμα
3476 515 3557 584 τῷ
3594 513 3718 587 βρέ-

472 606 619 661 illam
654 605 1125 677 quadragesimam
1157 607 1210 662 in
1239 623 1345 676 qua
1376 608 1556 665 infans
1588 610 1642 665 in
1677 624 1739 663 ea
1770 608 2042 678 perfectus

469 705 633 752 estet
663 698 938 755 exsultare
983 699 1185 768 coepit;
1216 699 1377 770 eique
1417 700 1545 756 dato
1583 701 1636 755 in
1665 699 1924 769 templum
1967 699 2045 753 in-

470 803 703 855 gressu,
757 805 922 857 quum
989 791 1061 847 ad
1095 792 1240 846 hanc
1291 791 1482 846 horam
1541 792 1703 861 digna
1755 806 1866 846 non
1901 797 2047 847 esset

473 892 597 949 quae
651 880 1028 951 ingrederetur
1059 891 1278 937 etcum
1330 891 1520 939 sancto
1572 882 2045 946 communicaret,

474 969 734 1025 infantem
767 971 821 1026 in
856 973 1107 1029 manibus
1137 972 1436 1042 accipiens,
1470 971 1780 1027 Simeonem
1805 970 2048 1028 referens

472 1059 761 1116 Dominum
808 1078 1035 1132 puerum
1083 1064 1520 1133 amplectentem,
1566 1063 1696 1119 illud
1734 1082 1755 1117 ι
1781 1064 1936 1129 Nunc
1961 1064 2047 1121 di-

472 1151 700 1214 mittis,»
730 1151 931 1206 clamat
960 1153 1217 1209 sacerdos
1246 1154 1542 1210 obsecrans
1567 1162 1624 1207 ut
1652 1152 1832 1210 infans
1864 1169 1894 1210 a
1925 1168 2048 1224 pec-

473 1250 599 1296 cato
630 1242 845 1298 solutus
877 1242 1062 1296 lumen
1096 1243 1277 1299 videat
1320 1244 1623 1310 Christum,
1661 1243 2046 1300 revelationem

472 1332 715 1401 gentium
742 1342 797 1387 et
828 1333 1059 1403 gloriam
1113 1335 1241 1389 novi
1266 1333 1452 1402 Israel,
1486 1344 1541 1391 et
1570 1335 1778 1406 Spiritu
1831 1349 2052 1405 regene-

474 1434 630 1479 ratus
664 1423 832 1478 Deum
886 1424 1025 1478 facie
1070 1426 1134 1480 ad
1187 1423 1378 1480 faciem
1410 1426 1731 1496 conspiciat.
1764 1425 1824 1482 Si
1871 1424 2051 1482 infans

476 1514 782 1583 baptizatus
810 1524 911 1579 est,
937 1515 1003 1570 ad
1030 1516 1199 1571 altare
1222 1531 1343 1571 eum
1369 1515 1528 1573 aliert
1556 1531 1795 1588 eumque
1813 1504 2050 1574 circum-

472 1612 669 1671 gestat,
699 1602 852 1672 quasi
895 1603 1268 1661 adorationem
1300 1604 1527 1671 faciens,
1563 1617 1881 1664 monstrans
1926 1623 2048 1663 eum

476 1710 599 1750 esse
643 1695 977 1751 oblationem
1009 1697 1144 1759 Deo,
1196 1705 1253 1753 et
1279 1700 1542 1755 faetorem
1579 1699 1795 1754 adorat.
1833 1699 1889 1755 Si
1924 1716 2053 1757 vero

473 1783 783 1852 baptizatus
803 1786 1044 1841 nondum
1075 1786 1239 1843 fuerit
1258 1787 1458 1851 infans.
1485 1800 1636 1845 stans
1659 1799 1784 1846 ante
1814 1791 2051 1847 interco-

2146 620 2261 673 φει,
2298 605 2395 658 καῖ⁹
2425 606 2662 673 ἁγιάσας
2696 605 2890 667 αὐτοὺς
2922 604 3129 674 εὐχαῖς.
3162 606 3258 658 καὶ
3310 607 3376 676 τῇ
3415 605 3519 672 μὲν
3552 606 3720 676 μητρὶ

2143 696 2245 767 τὴν
2291 697 2401 751 ἀπὸ
2461 697 2564 768 τῆς
2621 696 2873 765 ὲνηδόνου
2925 697 3020 749 καὶ
3077 694 3361 766 ρυπώδους
3408 698 3717 766 γεννήσεως

2145 787 2417 860 κάθαρσιν
2466 788 2789 860 παρασχὼν,
2832 781 3257 859 πεπληρωκυίας
3325 785 3467 856 μετὰ
3509 785 3603 839 τὸν
3636 789 3723 839 τό·

2148 896 2245 934 κον
2286 882 2348 933 τὸ
2395 870 3013 950 τεσσαρακονθήμερον,
3054 879 3113 931 έν
3165 870 3209 943 ᾧ
3247 879 3341 932 καὶ
3402 878 3464 931 τδ
3527 876 3725 948 βρέφος

2147 972 2207 1024 ὲν
2253 971 2391 1041 αὐτῇ
2439 969 2694 1041 ἔτελέσθη
2746 971 2840 1023 καὶ
2894 970 3122 1040 σκιρτᾷν
3171 966 3415 1039 ἧρξατω
3457 967 3552 1021 καὶ
3598 966 3728 1031 δοὺς

2148 1062 2286 1134 αὐτῇ
2319 1062 2416 1133 τὴν
2449 1063 2506 1115 ὲν
2541 1061 2619 1132 τῷ
2647 1060 2765 1132 ναῷ
2792 1060 3019 1128 είσοδον,
3055 1060 3218 1131 μέχρι
3267 1059 3389 1113 τότε
3438 1059 3512 1130 μὴ
3558 1056 3726 1127 οὔσης

2146 1152 2350 1224 ταύτης
2394 1153 2547 1221 ἀξίας
2598 1152 2695 1207 τοῦ
2747 1152 3031 1215 εἰσελθεῖν,
3072 1153 3210 1222 μηδὲ
3261 1151 3594 1220 κοινωνῆσαι
3625 1147 3725 1203 τοῦ

2150 1244 2443 1313 καθαροῦ,
2473 1245 2533 1298 τὺ
2578 1244 2789 1298 παιδίον
2829 1245 2909 1308 εἱς
2955 1245 3146 1313 χεῖρας
3198 1242 3361 1304 αὐτὸς
3391 1240 3604 1302 λαϐὼν,
3658 1240 3727 1295 τὰ

2149 1335 2245 1391 τοῦ
2314 1334 2542 1406 Συμεὼν
2594 1334 2845 1389 ἐκτυπῶν
2893 1333 3336 1405 ἀγκαλισαμένου
3394 1333 3594 1402 βρέφος
3637 1330 3731 1385 τὸν

2149 1425 2390 1497 Κύριον,
2451 1426 2535 1493 τὺ,
2597 1443 2617 1478 ι
2675 1425 2793 1480 Νῦν
2840 1425 3122 1493 ἀπολύεις,
3165 1443 3185 1478 ε
3244 1423 3492 1494 ἀναϐοᾷ,
3528 1423 3591 1474 ὲκ
3627 1421 3728 1492 τῆς

2131 1516 2433 1589 .ἀμαρτίας
2455 1516 2684 1587 λυθῆναι
2711 1517 2771 1570 τὸ
2799 1517 2998 1588 βρέφος
3022 1516 3050 1570 ὁ
3076 1517 3258 1587 ἱερεὺς
3280 1515 3599 1585 εὐχόμενος,
3632 1512 3728 1566 καὶ

2151 1609 2264 1678 φῶς
2295 1609 2422 1662 ἰδεῖν
2447 1609 2536 1662 τὸν
2555 1608 2809 1679 Χριστὸν,
2836 1608 2934 1680 τὴν
2961 1606 3301 1676 ἀποκάλυψιν
3318 1604 3424 1659 τῶν
3441 1603 3612 1658 ἱθνῶν
3632 1605 3730 1656 καὶ

2149 1697 2307 1762 δόξαν
2335 1695 2430 1750 τοῦ
2460 1699 2579 1751 νέου
2621 1696 2839 1767 Ἰσραὴλ
2864 1737 2878 1761 ,
2915 1697 3025 1767 76
3045 1693 3440 1764 γεγεννημένον
3464 1694 3557 1746 καὶ
3601 1691 3736 1744 αὐτὸ

2157 1788 2460 1858 Πνεύματι,
2491 1788 2588 1841 καὶ
2621 1787 2757 1841 Θεὸν
2793 1787 2937 1857 ὁρῶν
2969 1787 3253 1857 ἄντικρυς.
3284 1784 3396 1840 Καὶ
3443 1785 3493 1837 εί
3549 1783 3648 1851 μὲν
3671 1781 3736 1834 τὸ

477 1873 682 1927 lumuia
713 1883 764 1926 et
797 1883 1020 1944 propter
1047 1877 1311 1932 infantem
1351 1894 1460 1949 prae
1493 1882 1651 1935 altari
1683 1881 2057 1938 adorationem

2162 1880 2364 1951 βρέφος
2395 1878 2830 1950 βεϐαπτισμένον
2864 1879 3033 1940 εστὶν,
3084 1878 3301 1946 είσάγει
3339 1875 3496 1931 τοῦτο
3523 1876 3628 1929 κάν
3656 1872 3737 1943 τῷ

482 1965 709 2033 iaciens,
736 1967 888 2022 illum
914 1969 1076 2023 matri
1101 1972 1398 2027 restituens
1422 1971 1668 2027 dimittit.
1700 1973 1854 2029 Unde
1876 1972 2055 2029 infans

2162 1970 2577 2043 θυσιαστηρίῳ,
2638 1971 2736 2025 καὶ
2782 1970 2969 2038 κύκλῳ
3021 1969 3155 2025 αὐτὸ
3216 1968 3494 2040 περιάγει,
3547 1967 3741 2037 ὥσπερ

478 2053 539 2108 ίὶι
573 2055 1003 2112 catccltumenus
1031 2074 1046 2122 ;
1094 2067 1268 2112 mater
1296 2069 1479 2115 autem
1514 2060 1823 2116 facultatem
1852 2063 2061 2131 accepit

2163 2063 2334 2117 ποιῶν
2362 2064 2456 2116 καὶ
2494 2061 2887 2133 προσκύνησιν,
2919 2060 3098 2130 δηλῶν
3146 2060 3223 2125 ὡς
3274 2058 3534 2128 ἀνάθημα
3578 2057 3742 2110 τοῦτο

483 2154 668 2217 utpote
691 2146 972 2216 purificata
1009 2148 1061 2202 in
1107 2151 1363 2220 templum
1400 2150 1745 2221 ingrediendi
1777 2160 1832 2207 et
1860 2161 2063 2224 myste-

2164 2155 2307 2228 Θεῷ,
2335 2154 2431 2209 καὶ
2461 2155 2764 2226 προσκυνεῖ
2786 2153 2868 2224 τῷ
2895 2154 3204 2223 ποιήσαντι.
3237 2150 3371 2205 Εἱδὲ
3397 2150 3563 2221 μήπω
3594 2147 3737 2218 βαπ·

482 2236 581 2292 riis
606 2238 818 2306 adesse,
842 2239 1059 2310 quando
1090 2244 1288 2311 poterit
1314 2250 1369 2299 et
1398 2243 1665 2309 voluerit;
1692 2258 1813 2313 qua:
1838 2244 2056 2315 quidem

2166 2246 2352 2299 τισθέν
2397 2246 2513 2298 ἑστι
2567 2245 2629 2297 τὸ
2675 2245 2909 2309 παιδίον,
2961 2243 3068 2314 πρὸ
3101 2243 3213 2297 τῶν
3245 2232 3548 2297 διαστύλων
3581 2239 3737 2301 στὰς,

485 2331 559 2385 ita
599 2331 754 2388 fiunt.
2168 2335 2265 2393 καὶ
2292 2336 2381 2390 διά
2412 2335 2508 2389 τοῦ
2547 2335 2782 2407 βρέφους
2819 2335 3198 2406 προσκύνησιν
3227 2337 3284 2390 ὲν
3322 2333 3400 2406 τῷ
3433 2332 3733 2401 θυσιαστη-

486 2426 587 2496 ρίῳ
626 2427 883 2498 ποιήσας,
912 2429 1005 2482 καὶ
1037 2432 1106 2501 τῇ
1169 2431 1339 2503 μητρὶ
1395 2431 1671 2504 παραδοὺς
1723 2432 1895 2496 αὐτὸ,
1951 2432 2207 2486 ἀπολύει.
2253 2430 2532 2485 Ἐντεῦθεν
2594 2426 2686 2484 οὖν
2730 2430 2793 2483 τὸ
2859 2430 2966 2501 μὲν
3015 2430 3215 2500 βρέφος
3298 2428 3416 2481 ἐστὶ
3467 2424 3739 2496 κατηχοόο

486 2535 669 2583 μενος·
704 2521 739 2591 ἡ
767 2520 826 2573 δέ
851 2538 914 2590 γε
948 2523 1130 2594 μήτηρ
1151 2522 1336 2577 ἄδειαν
1366 2523 1558 2591 εεληφε
1605 2526 1696 2577 τόν
1730 2541 1790 2578 τε
1826 2523 1954 2578 ναὸν
1982 2523 2059 2586 ὡς
2111 2522 2509 2595 καθαρισθείσα
2566 2522 2835 2588 εἰσιέναι,
2880 2523 2978 2576 καὶ¹
3034 2521 3144 2576 τῶν
3196 2519 3513 2593 μυστηρίων
3583 2516 3742 2589 μετέ-

482 2610 624 2681 χειν,
655 2611 818 2665 ὁπότε
868 2612 1103 2684 ἑτοίμως
1138 2612 1253 2684 ἔχει
1302 2614 1396 2668 καὶ
1441 2614 1712 2685 βούλεται.
1748 2617 1856 2670 Καὶ
1884 2616 2055 2671 ταῦτα
2099 2616 2202 2688 μὲν
2226 2614 2422 2679 οὕτως.

1073 2731 1301 2787 CAPUT
1337 2733 1475 2788 LXI.

486 2822 855 2879 Consideratio
884 2838 1066 2879 eorum
1083 2839 1200 2909 qua:
1230 2825 1284 2878 in
1329 2826 1498 2879 divino
1517 2825 1775 2893 baptismo
1805 2840 2064 2896 peragun-

1235 2907 1343 2952 tur.

561 2988 634 3042 At
663 3002 728 3042 ea
778 3001 902 3059 qua:
942 2983 1010 3041 ad
1049 2985 1458 3043 sanctissimum
1489 2986 1759 3058 baptisma
1789 2986 2064 3058 pertinent

2752 2733 3003 2789 ΚΕΦΛΛ.
3044 2730 3165 2786 ΞΝ.

2169 2828 2387 2897 Θεωρία
2421 2826 2554 2897 περί
2588 2824 2709 2880 τῶν
2734 2827 3118 2896 τελουμὲνεων
3153 2824 3222 2879 ἐν
3248 2824 3329 2888 τῷ
3358 2820 3495 2888 θείῳ
3515 2819 3740 2888 ,ϐαπτι-

2852 2911 3051 2966 (mare.

2242 2988 2322 3041 Τὸ.
2351 2987 2447 3042 τοῦ
2497 2987 2773 3059 ερωτάτου
2813 2987 2871 3040 δὲ
2926 2985 3303 3056 βαπτίσματος
3346 2980 3740 3052 καταμάνθανε

484 3078 598 3147 jam
660 3076 861 3133 edisse.
903 3076 1149 3134 Primum
1201 3074 1418 3150 quidem
1481 3080 1618 3135 scito
1679 3087 1892 3149 tempus
1934 3079 2069 3150 bap-

2170 3079 2272 3150 ῆδη
2298 3096 2314 3113 ο
2356 3079 2450 3133 καὶ
2493 3079 2709 3150 πρῶτον
2756 3078 2853 3148 μὲν
2899 3076 2977 3141 ὥς
3030 3078 3131 3130 οὐκ
3160 3075 3276 3129 ἐστι
3317 3074 3512 3129 τούτου
3546 3072 3741 3144 καιρὸς

488 3167 636 3225 rismi
683 3181 791 3223 non
822 3182 943 3224 esse
972 3182 1148 3238 neque
1175 3167 1316 3223 diem
1361 3184 1537 3239 neque
1562 3170 1751 3224 horam
1794 3169 2060 3239 praestitu-

492 3269 629 3327 tam,
662 3273 733 3314 ne
770 3260 974 3328 absque
1005 3260 1333 3314 sacramenti
1392 3260 1791 3317 illuminatione
1841 3261 2065 3317 decedat

489 3347 674 3406 infans
700 3365 715 3416 ;
747 3363 934 3404 verum
961 3349 1007 3402 si
1041 3363 1189 3404 mors
1217 3350 1497 3417 timeatur,
1524 3352 1707 3405 omnia
1738 3351 1919 3406 statim
1941 3359 2063 3420 post

494 3439 834 3497 nativitatem
898 3440 1199 3496 secundum
1254 3440 1484 3495 formam
1539 3443 1699 3508 fiunt,
1753 3443 1858 3498 nisi
1917 3443 2062 3515 quod

493 3516 649 3589 abest
678 3533 854 3587 oratio
890 3540 1057 3602 atque
1114 3532 1237 3603 pius
1273 3543 1602 3605 sanetusque
1652 3536 1931 3603 sacerdos,
1967 3536 2062 3591 sed

493 3628 539 3684 si
590 3626 802 3683 dederit
850 3636 1085 3698 tempus,
1138 3644 1311 3700 neque
1356 3632 1610 3685 timeatur
1643 3645 1818 3696 mors,
1877 3631 2064 3686 statim

498 3727 616 3788 post
662 3720 880 3774 sacrum
910 3717 1189 3773 confertur
1235 3719 1536 3796 baptism_us
1579 3729 1639 3775 ut
1679 3721 1954 3791 mysteriis
1984 3722 2067 3775 iu-

502 3813 625 3869 fans
687 3810 1075 3867 communicet.
1111 3812 1187 3866 De
1231 3827 1340 3881 quo
1374 3813 1510 3868 dixit
1566 3813 1854 3885 Dionysius
1882 3814 2065 3869 omnia

460 3912 465 3919 '
499 3904 756 3973 mysteria
807 3915 909 3955 nos
942 3915 1033 3970 per
1064 3901 1502 3957 communionem
1540 3904 1920 3971 sanetilieare;
1952 3904 2067 3959 haec

2169 3169 2447 3241 ἡμερῶνῆ
2482 3169 2661 3242 ὡρῶν,
2723 3171 2796 3241 μή
2851 3186 2983 3223 ποτε
3040 3166 3349 3237 ἀφώτιστον
3397 3167 3620 3221 ἀπέλθοι
3676 3166 3743 3219 τὸ

2171 3264 2390 3336 βρέφος.
2433 3261 2574 3316 nam
2605 3265 2653 3317 εί
2709 3263 2870 3333 φόϐος
2914 3262 3166 3325 θανάτου,
3215 3261 3399 3314 πάντα
3448 3258 3609 3321 εὐθὺς
3660 3258 3741 3326 τῷ

2169 3357 2499 3428 γεννηθῆναι
2525 3356 2592 3411 τὰ
2615 3342 2756 3410 κατά
2789 3354 2958 3408 τύπον
2983 3354 3209 3418 γίνεται·
3238 3353 3376 3422 πλὴν
3403 3351 3539 3423 μετά
3574 3366 3743 3420 προσ-

2170 3449 2321 3519 οχῆς,
2348 3448 2441 3503 καὶ
2477 3446 2668 3519 ἱερέως
2691 3444 2950 3507 εὑλαϐοὗς
2972 3460 3032 3497 τε
3070 3443 3163 3497 καὶ
3188 3444 3470 3512 νήφοντος·
3499 3442 3594 3494 καὶ
3624 3440 3740 3504 εἱγε

2177 3541 2393 3594 δίδωσιν
2423 3543 2460 3602 ὁ,
2477 3540 2691 3609 καιρὸς,
2727 3538 2822 3590 κατ.
2857 3536 2931 3607 μὴ
2966 3535 3126 3605 φόϐος
3165 3535 3397 3589 θανάτου
3424 3575 3441 3600 ,
3478 3532 3615 3603 μετά
3641 3531 3741 3602 τὴν

2175 3631 2487 3700 ἱερουργίαν
2517 3628 2697 3693 εὐθὺς,
2739 3629 2826 3681 ἵνα
2857 3628 2950 3681 καὶ
2993 3625 3272 3697 μεταλάϐῃ
3302 3625 3362 3679 τὸ
3394 3624 3592 3695 βρέφος
3633 3623 3742 3677 τῶν

2180 3721 2514 3792 μυστηρίων.
2551 3721 2657 3775 Καὶ
2716 3721 2846 3789 περὶ
2893 3719 3086 3773 τούτου
3144 3721 3279 3789 φησὶ
3335 3717 3631 3781 Διονύσιος,
3663 3716 3743 3778 ὡς

2176 3817 2353 3869 πάντα
2382 3813 2451 3866 τὰ
2487 3813 2764 3882 μυστήρια
2812 3810 3114 3864 τελειοῦσιν
3158 3811 3307 3880 ἡμᾶς
3361 3811 3428 3879 τῇ
3461 3807 3738 3879 κοινωνίᾳ.

2162 3902 2349 3958 ’Ὕοῢτο
2380 3904 2490 3973 γὰρ
2539 3906 2599 3957 τὸ
2650 3903 2825 3973 πέρας
2861 3903 3076 3956 πάντων
3107 3900 3274 3955 ἐστίν.
3320 3896 3556 3966 Ὀφείλει
3583 3896 3640 3949 δέ
3671 3911 3738 3963 γε

502 3992 645 4059 enim
679 3999 765 4045 est
795 3990 1039 4045 omnium
1075 3989 1221 4045 finis.
1258 3990 1427 4045 Debet
1466 4002 1644 4047 autem
1679 3994 1934 4049 sacerdos
1979 4009 2070 4049 sa-

2174 3996 2202 4048 ὁ
2238 3995 2415 4067 ἱερεὺς
2447 3996 2539 4048 καὶ
2568 3996 2665 4057 τὰς
2699 3995 2849 4065 ἱερὰς
2894 3994 3072 4055 καλῶς
3108 3991 3400 4061 μελετῆσαι
3427 3992 3520 4042 καὶ
3556 3989 3737 4057 λέγειν

500 4098 623 4138 eras
653 4096 841 4151 preces
876 4080 1013 4136 bene
1064 4082 1300 4137 recitare
1334 4091 1387 4138 et
1425 4083 1605 4139 dicere
1631 4093 1836 4141 attento
1862 4086 2067 4153 animo,

2175 4088 2363 4157 εὐχὰς,
2398 4087 2489 4141 καὶ
2532 4084 2671 4154 μετά
2723 4085 3036 4156 προσοχῆς,
3090 4083 3186 4136 καὶ
3224 4082 3426 4153 ἀργῶς,
3466 4082 3512 4132 εἱ
3545 4080 3618 4150 μή
3651 4095 3739 4142 τις

505 4183 558 4229 et
592 4174 756 4236 lente,
801 4173 906 4228 nisi
942 4173 1105 4229 fuerit
1134 4175 1452 4241 necessitas,
1503 4175 1575 4231 ita
1607 4185 1666 4230 ut
1696 4176 1950 4233 audiatur
1974 4193 2068 4234 eas

2176 4178 2392 4247 ἀνάγκη
2443 4176 2839 4251 ἀναγινώσκειν
2884 4177 2942 4227 ἐν
2997 4173 3238 4244 ἐπηκόῳ.
3276 4172 3578 4226 Ἧκουσται
3630 4166 3742 4239 γάρ

501 4265 884 4335 pronuntians.
962 4264 1099 4320 Nam
1160 4282 1191 4321 a
1267 4265 1521 4323 Patribus
1579 4268 1868 4326 didicimus
1927 4286 2071 4340 saepe

2178 4269 2309 4338 ἡμῖν
2351 4267 2502 4336 παρὰ
2562 4267 2847 4336 Πατέρων,
2876 4265 2953 4327 ὡς
2980 4266 3028 4317 οἱ
3065 4264 3170 4318 ὑπὸ
3219 4264 3520 4333 φασμάτων
3549 4261 3741 4329 δειμα-

504 4358 973 4425 pbantasmatibus
1008 4355 1227 4413 territos
1257 4357 1359 4412 hoc
1390 4358 1521 4428 pati,
1558 4360 1812 4429 quoniam
1849 4360 1942 4430 qui
1976 4374 2072 4415 eos

2179 4356 2432 4425 τούμενοι
2464 4354 2748 4419 πολλάκις,
2779 4355 2866 4408 διά
2896 4353 3056 4407 τοῦτο
3102 4354 3369 4423 πάσχουσι
3411 4352 3591 4416 τοῦτο,
3623 4351 3740 4403 δτι-

505 4448 916 4527 baptizaverunt
965 4453 1279 4503 sacerdotes
1311 4448 1431 4503 siue
1487 4450 1684 4505 mentis
1733 4451 2068 4506 advertentia

2185 4465 2290 4518 περ
2330 4449 2380 4500 οί
2421 4447 2784 4516 βαπτίσαντες
2831 4448 2998 4514 ἱερεῖς
3044 4446 3104 4498 οὐ
3144 4446 3281 4514 μετά
3311 4446 3587 4513 προσοχῆς
3615 4446 3741 4504 τοὺς

505 4525 843 4596 exorcismos
871 4540 1129 4595 dixerunt
1156 4538 1401 4609 aliasque
1433 4553 1621 4608 preces
1651 4554 1857 4595 sacras.
1903 4540 2072 4611 Igitur

2175 4539 2557 4608 άφορκισμοὺς
2606 4535 2764 4591 εἷπον
2788 4578 2804 4603 ,
2859 4539 2956 4591 καὶ
2989 4537 3086 4600 τὰς
3118 4537 3311 4605 ὲτέρας
3366 4533 3517 4604 ἱερὰς
3549 4533 3737 4601 εὐχάς.

416 4660 428 4681 ~.
506 4634 548 4685 si
583 4631 747 4685 fuerit
794 4630 1049 4694 facultas,
1094 4642 1204 4682 non
1270 4627 1439 4682 semel
1495 4636 1702 4682 tantum
1760 4638 1972 4697 oportet
2002 4629 2072 4684 ab

2179 4631 2355 4701 Εἴπερ
2380 4626 2471 4684 οὖν
2503 4629 2652 4683 ἐστιν
2682 4630 2853 4696 ἄδεια,
2896 4629 2995 4697 οὐχ
3042 4628 3188 4694 suae
3230 4629 3390 4698 μόνον
3418 4626 3524 4697 χρὴ
3556 4627 3740 4691 λέγειν

507 4723 667 4777 initio
709 4721 890 4776 dicere
917 4720 1349 4775 exorcismorum
1375 4719 1541 4775 verba
1584 4734 1883 4789 precesque
1914 4720 2068 4788 alias,

2175 4723 2274 4786 τὰς
2328 4722 2424 4776 ἀπ’
2453 4723 2628 4794 ἀρχῆς
2678 4722 2811 4776 τῶν
2838 4721 3233 4790 ἀφορκισμῶν,
3275 4722 3367 4774 καὶ
3419 4720 3519 4783 τὰς
3552 4720 3741 4788 ἐτέρας

506 4814 598 4869 sed
640 4808 865 4881 plurics.
918 4809 1052 4865 Nam
1109 4811 1163 4865 in
1211 4812 1535 4880 eucltoloyo
1580 4811 1752 4865 octies
1780 4810 1857 4864 vel
1892 4809 2074 4865 decies

2173 4817 2365 4885 εὖχάς,
2400 4815 2535 4870 ἀλλά
2573 4813 2852 4877 πολλάκις.
2891 4815 3000 4867 Καὶ
3027 4816 3133 4885 γὰρ
3188 4816 3244 4866 ἑν
3297 4814 3395 4883 μὲν
3426 4814 3503 4883 τῷ
3528 4812 3743 4882 εὔκολο-

511 4920 607 4960 ροε
641 4903 902 4959 scribitur
934 4900 1269 4966 reritandas,
1301 4902 1560 4971 quoniam
1587 4900 1808 4970 antiqua
1834 4912 1949 4955 erat
1979 4902 2076 4956 Ee-

2177 4907 2281 4976 γίῳ
2310 4907 2539 4969 ὀκτάκις
2576 4905 2609 4976 ἢ
2653 4896 2875 4969 δεκάκις
2906 4907 3183 4976 γράφεται
3226 4905 3501 4972 λέγεσθαι,
3532 4904 3615 4956 ὅτι
3647 4902 3740 4954 καὶ

513 4996 693 5052 clesiae
719 4992 1094 5059 consuetudo;
1122 4992 1347 5062 singula
1376 4992 1592 5060 quidem
1616 4992 1807 5047 diebus
1829 5007 1924 5059 per
1959 5008 2076 5061 sep-

2180 4998 2439 5067 συνήθεια
2465 4992 2533 5066 ἦν
2563 4997 2768 5067 ἀρχαία
2818 4998 2916 5063 τῆς
2953 4995 3282 5067 Ἐκκλησίας
3305 5036 3320 5058 ,
3353 4994 3476 5049 καθ’
3504 4994 3740 5061 ἑκάστην

517 5098 623 5145 tem
652 5087 771 5141 dies
813 5099 842 5138 a
875 5084 1188 5139 catecltistis
1235 5082 1610 5138 sacerdotibus
1655 5082 1941 5153 baptizatis
1972 5084 2075 5138 illa:

2178 5089 2278 5155 μὲν
2328 5089 2386 5140 έν
2439 5089 2579 5140 ἑπτά
2625 5088 2860 5157 ἡμέραις
2893 5087 2999 5141 ὑπὸ
3029 5087 3139 5141 τῶν
3186 5085 3511 5156 κατηχητῶν
3548 5084 3741 5153 ἱερέων

488 5178 856 5259 .rlicebantur,
885 5188 1104 5229 rursum
1149 5182 1330 5227 autem
1370 5188 1398 5226 a
1437 5171 1694 5242 pontifice
1723 5173 1865 5228 vela
1898 5174 2074 5242 bapti-

2177 5182 2287 5237 τοῖς
2340 5179 2759 5251 βαπτιζομένοις
2810 5180 3012 5241 ταύτας
3048 5177 3321 5245 ἐλέγεσθαι
3343 5217 3358 5243 ,
3393 5179 3459 5246 τῇ
3491 5174 3651 5245 ὀγδόῃ
3682 5171 3740 5224 δὲ

513 5277 706 5323 zaturo
740 5263 1040 5330 sacerdote,
1069 5263 1255 5345 sicque
1286 5261 1701 5332 baptizabantur
1732 5277 1762 5315 a
1812 5261 2074 5331 pontifice

2180 5267 2341 5321 πάλιν
2373 5265 2477 5320 ὕπὸ
2506 5265 2597 5320 τοῦ
2627 5267 2943 5337 ἀρχιερέως,
2976 5267 3008 5337 ἢ
3042 5266 3137 5319 τοῦ
3160 5266 3444 5335 μέλλοντος
3476 5262 3739 5334 βαπτίσαι

512 5369 608 5413 λιιι
652 5357 953 5413 sacerdote.
986 5354 1096 5409 Nos
1122 5368 1250 5408 vero
1280 5355 1532 5408 novimus
1580 5352 1698 5423 pios
1730 5353 2075 5422 presbyteros

2180 5358 2369 5426 ἱερέως
2393 5372 2407 5385 ·
2445 5358 2538 5411 καὶ
2580 5356 2750 5418 οὕτως
2781 5356 3136 5420 ἐϐαπτίζοντο
3168 5358 3272 5411 ὑπὸ
3318 5357 3411 5410 τοῦ
3438 5354 3738 5426 ἀρχιερέως

516 5462 598 5503 ter
629 5449 746 5504 sine
786 5449 1099 5501 intermissa
1130 5446 1250 5500 illas
1275 5444 1523 5500 dicentes
1541 5452 1594 5497 et
1623 5444 1695 5498 ita
1716 5442 2073 5513 baptizautes.

2175 5451 2207 5520 ἢ
2235 5449 2427 5518 ἱερέως
2444 5466 2458 5481 ’
2495 5450 2655 5516 ἡμεῖς
2679 5447 2734 5501 δὲ
2762 5448 2977 5514 εἴδομεν
2997 5448 3238 5509 εὐλαϐεῖς
3264 5449 3424 5516 ἱερεῖς
3449 5448 3568 5515 τρὶς
3596 5449 3743 5498 άπα-

518 5537 925 5593 hivinissimum
969 5545 1148 5592 autem
1182 5535 1449 5604 baptisma
1474 5533 1532 5587 fit
1563 5533 1630 5586 ad
1662 5534 1805 5587 hunc
1833 5533 2073 5587 modum.

2179 5540 2482 5609 ρα).είπτως
2518 5538 2771 5605 λέγοντας
2803 5537 3024 5601 ταύτας,
3050 5539 3145 5589 καὶ
3169 5535 3312 5589 οὕτω
3362 5536 3738 5609 samem-4;.

522 5629 817 5683 Adduc'tlttr
847 5627 1223 5696 baptizandus,
1255 5627 1300 5682 si
1325 5625 1504 5681 infans
1534 5622 1774 5692 quidem,
1802 5637 1833 5678 a
1857 5623 2078 5679 muliere

2175 5608 2248 5682 Τὸ
2269 5629 2550 5699 βάπτισμα
2566 5629 2621 5681 δὲ
2643 5629 2699 5681 τὸ
2720 5628 2988 5680 Οειᾶτατον
3005 5629 3209 5695 γίνεται
3226 5608 3387 5679 οὖτωῙ
3407 5627 3738 5693 προσάγεται

518 5721 711 5773 allatus
743 5728 791 5773 et
823 5727 1090 5788 prasente
1119 5731 1400 5788 sponsore,
1434 5717 1480 5772 si
1511 5730 1639 5772 vero
1658 5723 1870 5772 atatem
1895 5713 2075 5779 habet,

2176 5724 2204 5775 ὁ
2233 5719 2440 5789 μέλλων
2476 5718 2863 5789 βαπτισθῆναι,
2909 5720 2957 5770 εί
2991 5717 3089 5786 μὲν
3113 5715 3331 5787 βρέφος,
3353 5715 3456 5768 ὑπὸ
3483 5717 3741 5781 γυναικὶς

521 5814 699 5880 mlas,
735 5813 990 5884 σμιοηὶεηι
1051 5812 1293 5889 libenter!
1326 5818 1682 5885 oportct_eum
1716 5808 2003 5876 accedere,
2022 5814 2075 5865 et

2177 5811 2561 5883 κατεχόμενον,
2594 5809 2684 5865 καὶ
2722 5809 2814 5866 τοῦ
2851 5810 3105 5880 ἀναδόχου
3151 5808 3416 5880 πτρόντος
3439 5824 3453 5839 ·
3486 5808 3535 5860 εἱ
3556 5805 3602 5855 δ’
3626 5806 3741 5879 ἡλι-

1214 6014 1247 6046 δ’
