4114 6272
369 375 476 439 213

1635 370 1734 444 15E
1772 382 2330 443 SACRAMENTIS.

3514 381 3622 445 214

367 491 494 545 κίαν
527 488 661 561 ἔχει,
692 490 870 560 μόνος,
901 491 1023 546 ἐπεὶ
1055 496 1149 548 καλ⁴
1181 495 1439 558 ἑκουσίως
1466 495 1547 549 δεῖ
1567 493 1754 549 τοῦτον
1777 511 1946 565 προσ-

2063 509 2285 564 sponsor
2352 508 2476 550 cum
2543 508 2628 547 eo.
2694 490 2791 547 llic
2856 493 2997 547 enim
3033 508 3173 563 praes
3208 494 3325 564 ejus
3382 503 3623 565 cst‘erga

366 581 648 652 ἔρχεσθαι,
696 583 788 636 καὶ
831 586 860 637 6
901 584 1159 655 ἀνάδοχος
1193 586 1288 640 σὺν
1314 587 1485 656 αὐτῷ.
1516 588 1689 650 Αὐτὸς
1715 587 1822 657 γὰρ
1841 587 1937 641 αὖ·

366 674 462 727 τού
484 674 761 744 ἐγγυητὴς
789 676 869 738 είς
906 676 1162 746 Χριστὸν,
1196 677 1335 731 ὥστε
1369 680 1555 748 τηρεῖν
1586 679 1654 731 τὰ
1700 678 1801 745 τῆς
1852 678 1940 728 πί-

370 782 561 828 στεως,
598 765 694 817 καὶ
721 767 1109 837 χριστιανικῶς
1140 768 1260 837 ζῇν,
1287 769 1382 821 καὶ
1400 768 1459 821 τὸ
1490 768 1662 838 ὄνομα
1682 768 1737 822 δὲ
1768 768 1936 840 δηλοῖ.

377 855 666 928 Ἀνάδοχος
715 859 846 928 γὰρ,
884 859 964 921 είς
999 860 1192 912 ἑαυτὸν
1220 856 1331 913 οἷον
1359 860 1775 931 ἀναδεχόμενος.

953 951 1201 1006 ΚΕΦΑΛ.
1237 950 1356 1008 EB’.

366 1058 498 1113 ’Ὅτι
522 1059 636 1129 χρὴ
665 1059 787 1133 τὸνΔ
819 1059 1131 1133 ἀνάδοχον,
1155 1062 1262 1116 τοῦ
1301 1061 1741 1131 βαπτιζομένου
1774 1062 1943 1132 ὀρθό-

466 1162 471 1165 -
524 1127 550 1129 ’“
624 1127 632 1129 ”
757 1127 942 1193 δοξον
974 1127 1131 1184 εἷναί
1175 1133 1272 1186 καὶ
1303 1127 1555 1201 εὐσεϐῆ.

442 1221 618 1275 Ἔνθα
666 1223 732 1293 δὴ
778 1224 873 1277 καὶ
908 1225 1266 1295 προσεκτέον,
1306 1226 1602 1296 ἀναδόχους
1664 1224 1941 1280 ποιεῖσθαι

375 1314 710 1380 φιλευσεόεῑς
773 1316 869 1369 καὶ
915 1317 1267 1381 διδασκάλους
1323 1319 1508 1390 σχεδὸν
1554 1320 1653 1388 τῆς
1686 1308 1939 1380 πίστεως.

373 1403 515 1455 Ἀλλ’
544 1405 667 1474 ἐμοὶ
695 1405 960 1475 ἧκουσται
984 1406 1105 1459 λίαν
1126 1406 1329 1462 ἄτοπον
1356 1409 1448 1463 καὶ
1479 1399 1640 1478 βαρύ.
1675 1409 1813 1468 Τοὺς
1836 1408 1945 1477 γὰρ

376 1491 607 1555 διώκτας
654 1497 750 1549 καὶ
784 1496 1046 1566 ὑϐριστὰς
1081 1497 1182 1565 τῆς
1238 1500 1496 1564 πίστεως,
1526 1500 1721 1564 ἀθέους
1758 1516 1818 1552 τε
1852 1500 1946 1552 καὶ

378 1586 712 1652 αἱρετικοὺς,
737 1590 817 1652 εἰς
847 1589 1118 1660 ἀναδοχὴν
1143 1590 1309 1671 (οἴμοι
1336 1593 1381 1660 ί)
1399 1591 1508 1645 τῶν
1535 1592 1741 1645 τέκνων
1766 1591 1945 1648 αὐτῶν

374 1692 519 1738 τινες
552 1676 640 1731 διά
671 1695 723 1729 τι
750 1677 1186 1747 προσκαλοῦνται
1215 1680 1564 1751 ἀνθρώπινον
1611 1681 1708 1734 καὶ
1749 1681 1811 1733 τὸ
1845 1697 1947 1750 μυ-

382 1767 607 1837 στήριον
631 1769 914 1823 ἀθετοῦσιν
947 1763 1093 1826 οὗτοι
1115 1786 1131 1804 ⁵
1168 1773 1262 1826 καὶ
1288 1774 1356 1826 τὰ
1386 1771 1552 1826 τέκνα
1583 1772 1643 1825 ού
1681 1773 1948 1840 φωτίζου-

384 1877 514 1924 σιν,
570 1861 707 1915 ἀλλὰ
772 1864 1079 1924 σκοτίζουσι
1138 1864 1360 1934 μᾶλλον.
1416 1864 1524 1918 Καὶ
1575 1866 1603 1918 6
1654 1863 1946 1934 ὑπουργῶν

381 1953 566 2021 ἱερεὺς
625 1957 881 2018 κοινωνὸς
937 1955 1215 2011 δείκνυται
1273 1960 1386 2019 τοῖς
1431 1955 1735 2027 ἀλλοτρίοις
1788 1953 1946 2008 Θεοῦ.

385 2042 496 2095 Καὶ
528 2043 644 2107 πῶς
673 2044 738 2098 ἂν
786 2046 816 2098 6
871 2045 1208 2119 βλασφημῶν
1236 2049 1316 2112 είς
1345 2047 1479 2100 Θεδν
1519 2047 1620 2118 τὴν
1665 2046 1950 2101 εὐσέϐειαν

385 2132 649 2199 ἐκδιδάξοι
675 2153 691 2202 ;
736 2138 897 2190 Ἀλλά
928 2139 1014 2203 τίς
1048 2139 1304 2193 κοινωνία
1354 2138 1498 2209 φωτὶ
1548 2139 1684 2207 πρὸς
1716 2140 1904 2197 σκότος
1930 2155 1946 2203 ς

388 2224 462 2278 Ἦ
494 2226 578 2289 τίς
619 2230 777 2298 μερὶς
807 2230 982 2299 πιστῷ
1035 2230 1173 2301 μετά
1205 2231 1458 2293 ἀπίστου,
1488 2229 1563 2292 ὡς
1597 2230 1906 2299 γέγραπται
1932 2244 1948 2295 ;

390 2317 453 2369 ’0
494 2318 562 2370 τά
613 2318 839 2372 τοιαῦτα
876 2321 1046 2374 ποιῶν
1100 2322 1460 2390 κατάκριτος*
1512 2324 1606 2376 καὶ
1665 2323 1692 2374 6
1740 2321 1810 2375 τά
1841 2319 1952 2374 τῶν

382 2392 603 2461 ἀσεϐῶν
647 2408 936 2479 δεχόμενος
1001 2410 1201 2482 βρέφη,
1252 2414 1300 2465 εί
1361 2414 1434 2482 μὴ
1476 2411 1738 2481 πρότερον
1785 2411 1952 2465 καθο-
2004 2408 2008 2411 ’

388 2498 763 2569 μολογήσωσιν
786 2501 929 2555 οὗτοι
949 2501 1100 2569 ἅγιον
1119 2498 1370 2556 εἶναικαὶ
1397 2505 1540 2556 θεῖον
1554 2504 1613 2556 τὸ
1643 2503 1948 2573 βάπτισμα,

387 2593 479 2644 καὶ
517 2593 793 2663 ἁμαρτίας
833 2595 1200 2666 καθαρτικὸν,
1245 2595 1350 2665 77
1392 2596 1484 2648 καὶ
1527 2594 1838 2662 ἁναγεννῶν
1893 2595 1951 2646 ὲν

386 2682 630 2753 Χριστῷ.
660 2685 756 2737 καὶ
776 2685 1103 2755 Χριστιανὸν
1150 2681 1291 2739 εἶναι
1326 2687 1417 2739 τὸν
1460 2685 1618 2738 τοῦτο
1663 2686 1954 2756 δεχόμενον

386 2775 459 2843 (εί
488 2776 598 2844 γάρ
632 2775 826 2840 τοῦτο,
882 2777 911 2829 ὁ
948 2776 1045 2844 μὲν
1097 2777 1179 2830 ὃτι
1231 2776 1422 2831 πιστὸν
1477 2776 1630 2829 ἔσται
1658 2777 1718 2830 τὸ
1753 2777 1954 2848 βρέφος

385 2872 711 2943 ὁμολογήσει
738 2914 753 2937 ,
786 2873 945 2947 αὐτὸς
977 2874 1032 2927 δὲ
1060 2874 1172 2927 ὑπὸ
1223 2874 1389 2943 φόϐου
1437 2874 1580 2937 τινὸς
1610 2873 1956 2945 ὑποκρύπτε-

387 2962 526 3032 ται),
558 2962 723 3016 καλὸν
754 2963 1007 3034 δέχεσθαι
1062 2966 1158 3017 πιιαλ¹
1209 2964 1458 3033 ἀγιάζειν
1483 2965 1544 3016 τὸ
1592 2964 1813 3037 βρέφ-ις,
1852 2965 1955 3035 μή-

390 3071 521 3108 ποτε
572 3052 670 3109 καὶ
712 3055 952 3126 ληφθείη
1000 3055 1143 3109 οὕτω
1195 3056 1346 3126 παρά
1387 3056 1544 3110 Θεοῦ.
1582 3057 1831 3111 Ἴσταται
1863 3056 1955 3110 οὖν

2044 585 2348 650 Chrisutm,
2384 585 2458 640 ita
2496 595 2553 639 nt
2582 584 2736 639 fidem
2786 594 2968 640 servet
2998 595 3051 638 et
3080 584 3394 640 Christiane
3441 586 3627 654 vivat;

2046 677 2190 746 quod
2228 677 2405 747 ipsum
2440 691 2637 732 nomen
2693 676 2953 741 ostendit,
2978 691 3207 746 sponsor
3229 678 3371 730 cnim
3403 687 3631 733 vocatur

2047 767 2306 837 quoniam
2339 766 2522 838 aliquo
2557 767 2720 822 modo
2759 767 2874 837 ipse
2905 781 3003 836 pro
3027 783 3093 823 eo
3121 770 3374 837 spondet.

2622 944 2846 1001 CAPUT
2880 944 3032 1000 LXII.

2051 1058 2414 1129 Susceplorem
2455 1061 2756 1130 baptizandi
2778 1072 2914 1117 recte
2942 1062 3007 1114 de
3051 1063 3154 1128 ﬁde
3201 1062 3508 1118 sentientem
3578 1075 3629 1118 et

2573 1134 2717 1201 pium
2748 1148 2858 1186 esse
2914 1132 3114 1186 debere.

2120 1222 2274 1279 Unde
2316 1223 2702 1278 attendendum
2761 1234 2843 1279 est
2889 1237 3183 1306 sponsores
3237 1223 3349 1279 fieri
3413 1225 3630 1293 pictatis

2049 1316 2254 1371 aniicos
2287 1323 2339 1370 et
2369 1315 2538 1370 simul
2576 1314 2698 1370 ﬁdei
2748 1315 3019 1369 doctores.
3055 1315 3124 1369 At
3162 1330 3261 1385 ego
3290 1315 3467 1370 audivi
3521 1329 3636 1369 rem

2046 1405 2208 1461 nimis
2235 1406 2496 1461 absonam
2540 1405 2879 1473 nimiumque
2908 1419 3123 1475 gravem
3153 1422 3165 1458 :
3206 1420 3329 1458 nam
3374 1419 3635 1474 persecuo

2048 1508 2193 1553 tores
2221 1506 2274 1550 et
2304 1494 2701 1551 conviciatores
2732 1496 2879 1557 tidei,
2916 1496 3104 1550 atheos
3137 1495 3300 1549 etiam
3327 1510 3391 1550 ac
3418 1495 3636 1550 hrereti-

2048 1604 2142 1645 cos
2166 1589 2232 1643 ad
2256 1587 2658 1657 spondendum,
2678 1588 2818 1643 heu!
2849 1602 2947 1656 pro
2967 1588 3080 1642 suis
3099 1589 3285 1656 pueris
3308 1587 3632 1656 cujusquam

2048 1680 2274 1736 humani
2303 1680 2576 1735 commodi
2606 1680 2775 1750 gratia
2805 1679 3021 1751 quidam
3053 1679 3359 1735 advocant!
3384 1678 3451 1734 Hi
3482 1695 3629 1749 mys-

2050 1771 2250 1826 terium
2287 1781 2692 1838 aspernantur,
2736 1769 2875 1824 ﬁlios
2931 1785 3039 1845 non
3102 1772 3218 1825 luce
3278 1770 3635 1840 perfundunt,

2048 1862 2142 1917 sed
2190 1862 2362 1931 magis
2400 1860 2637 1916 tenebris
2676 1860 2981 1924 involvunt,
3010 1870 3064 1916 et
3096 1862 3418 1917 ministrans
3454 1877 3633 1916 sacer-

2048 1952 2148 2007 dos
2177 1947 2417 2007 inimicis
2456 1952 2548 2007 Dei
2585 1967 2644 2008 se
2694 1951 3104 2007 communicare
3159 1952 3517 2008 demonstrat.
3573 1951 3642 2006 Et

2050 2043 2328 2116 quomodo
2378 2044 2764 2113 blasphemans
2787 2043 3038 2113 pietatem
3063 2059 3190 2112 erga
3230 2042 3399 2098 Deum
3445 2043 3642 2098 edoce-

2050 2135 2169 2191 hit?
2199 2134 2301 2189 Sed
2332 2151 2454 2205 quae
2480 2136 2713 2191 societas
2741 2134 2885 2190 lucis
2921 2137 2984 2189 ad
3022 2135 3279 2189 tenebras
3306 2136 3331 2189 ἲ
3381 2136 3463 2189 vel
3522 2150 3644 2205 qum

2052 2244 2181 2298 pars
2214 2227 2355 2282 ﬁdeli
2378 2242 2501 2282 cum
2541 2226 2764 2293 infideli,
2804 2235 2967 2297 prout
2996 2227 3260 2296 scriptum
3312 2227 3439 2281 est?
3467 2227 3642 2283 Male-

2053 2321 2234 2377 dictus
2260 2320 2354 2391 qui
2388 2321 2513 2375 talia
2547 2323 2676 2391 agit,
2710 2335 2923 2375 necnon
2956 2321 3048 2386 qui
3076 2320 3371 2390 impiorum
3410 2320 3645 2376 infantes

2052 2413 2300 2481 suscipit,
2331 2413 2433 2466 nisi
2466 2413 2620 2482 prius
2664 2412 2755 2467 isti
2804 2412 3172 2467 conﬁteantur
3214 2422 3460 2467 sanctum
3509 2413 3648 2467 divi.

2053 2518 2293 2572 numque
2320 2517 2445 2558 esse
2500 2502 2855 2571 baptismum,
2893 2518 2921 2556 a
2981 2503 3220 2572 peccatis
3279 2517 3535 2572 purgare,
3591 2503 3647 2558 in

2053 2594 2270 2649 Christo
2288 2607 2622 2662 regenerare,
2644 2603 2696 2647 et
2712 2592 3081 2647 Christianum
3100 2607 3219 2648 esse
3239 2607 3363 2646 eum
3391 2592 3481 2662 qui
3506 2593 3650 2646 hunc

2055 2688 2267 2755 accepit
2308 2688 2454 2758 (nam
2478 2685 2529 2742 si
2565 2684 2641 2741 ita
2670 2694 2771 2754 est,
2805 2701 2927 2742 cum
2965 2686 3107 2740 alius
3138 2687 3355 2755 quidem
3389 2687 3650 2742 conﬁtea-

2056 2787 2145 2834 tur
2191 2777 2450 2833 infantem
2510 2793 2634 2833 esse
2680 2777 2915 2839 ﬁdelem,
2947 2778 3089 2833 alius
3138 2793 3265 2833 vero
3297 2766 3367 2833 ex‘
3409 2778 3644 2848 quodam

2056 2880 2201 2926 metu
2228 2870 2555 2935 dissimulet,
2594 2871 2797 2925 bonum
2829 2877 2912 2924 est
2954 2867 3220 2924 infantem
3277 2869 3557 2939 suscipere
3591 2877 3651 2924 et

2058 2961 2426 3028 sanctiﬁcare,
2463 2978 2531 3018 ne
2562 2964 2639 3019 sic
2662 2980 2690 3017 a
2725 2963 2832 3018 Deo
2855 2959 3341 3035 deprehendatur).
3366 2959 3487 3015 Stat
3516 2977 3648 3033 ergo

2056 3070 2183 3110 cum
2223 3070 2486 3126 sponsore
2516 3054 2843 3125 baptizatus,
2878 3057 3182 3112 ostendens
3213 3071 3271 3113 se
3292 3056 3526 3110 libenter
3559 3069 3653 3110 ac-

395 3149 494 3202 σὺν
514 3147 592 3219 τῷ
624 3148 871 3217 ἀναδόχῳ
900 3147 929 3199 6
968 3145 1387 3218 βαπτιζόμενος,
1421 3146 1658 3211 δεικνὺς,
1695 3149 1776 3201 ὅτι
1801 3149 1955 3201 ὲκου-

2063 3149 2271 3213 cedere,
2301 3157 2355 3203 et
2380 3147 2613 3218 praedem
2649 3148 2832 3202 habet.
2873 3148 3167 3220 Postquam
3196 3148 3535 3204 benedixerit
3562 3138 3650 3202 sa-

393 3242 526 3302 σίως
562 3237 862 3310 προσῆλθε,
908 3238 1005 3292 καὶ
1049 3238 1142 3291 τὸν
1193 3236 1539 3307 ὲγγυὼμενον
1568 3238 1701 3310 ἔχει.
1723 3240 1833 3291 Καὶ
1864 3237 1957 3292 τοῦ

394 3334 585 3404 ἱερέως
611 3331 1032 3401 εύλογήσαντος,
1078 3330 1424 3400 εὐχαριστεῖν
1460 3330 1542 3382 δεῖ
1570 3328 1628 3395 ἐξ
1661 3331 1837 3401 ἀρχῆς
1868 3329 1962 3383 καὶ

393 3426 629 3479 πάντοτε
655 3422 733 3493 τῷ
772 3421 891 3491 Θεῷ
925 3422 1017 3474 ἐπὶ
1067 3423 1132 3491 τῇ
1187 3419 1278 3474 τοῦ
1317 3420 1658 3483 ἀπολωλότος
1692 3421 1959 3497 σωτηρίᾳ,

393 3516 555 3579 εὐθὺς
580 3513 778 3584 γυμνῷ
819 3513 935 3567 δντι
964 3511 1059 3566 καὶ
1095 3510 1529 3581 ἀπερικαλύπτῳ
1568 3510 1707 3581 μετά
1741 3511 1964 3581 περιϐο-

390 3607 544 3661 λαίου
595 3602 779 3675 μόνου,
820 3605 1045 3676 ὲμφυσᾷ
1071 3602 1567 3674 τῷδιατηχουμένῳ
1604 3605 1965 3675 σταυροειδῶς

394 3699 578 3769 τρίτον
600 3699 630 3751 6
662 3696 864 3767 ἱερεύς.
899 3695 1011 3749 Καὶ
1048 3694 1135 3748 διὰ
1174 3694 1275 3764 μὲν
1304 3693 1397 3748 τοῦ
1441 3695 1834 3764 ὲμφυσήματος
1867 3696 1965 3765 τὴν

395 3792 453 3842 ὲν
483 3787 561 3859 τῷ
604 3786 776 3857 Ἀδὰμ
805 3786 1028 3856 πρώτην
1064 3784 1282 3853 ἐκείνην
1339 3782 1639 3853 ἔμπνευσιν
1680 3783 1965 3847 ἀναζωπυο

402 3882 503 3951 psi,
545 3881 688 3945 ἐπεὶ,
717 3897 736 3930 ι
770 3880 864 3931 καὶ
898 3877 1228 3945 ἐνεφύσησεν
1256 3875 1336 3938 είς
1366 3874 1425 3928 τὸ
1452 3873 1747 3945 πρόσωπον
1779 3874 1965 3942 αὐτοῦ,

401 3975 559 4044 φησὶ,
590 3971 760 4040 πνοὴν
810 3968 977 4038 ζωῆς.
1027 3986 1045 4019 ι
1086 3966 1191 4020 Καὶ
1240 3969 1269 4021 6
1308 3967 1488 4037 ἱερεὺς
1531 3967 1585 4021 δὲ
1617 3967 1851 4038 Χριστὸν
1877 3967 1969 4020 τὸν

2063 3241 2277 3305 cerdos,
2309 3248 2522 3309 oportet
2547 3243 2613 3294 ah
2627 3241 2785 3298 initio
2802 3256 3121 3312 semperque
3138 3241 3340 3314 gratias
3364 3240 3471 3295 Deo
3491 3254 3653 3312 agere

2062 3335 2129 3388 de
2146 3334 2321 3389 salute
2340 3324 2459 3404 ejus
2481 3333 2574 3403 qui
2600 3334 2827 3405 perierat
2854 3351 2870 3402 ;
2889 3334 3069 3388 statim
3100 3334 3155 3389 in
3198 3332 3653 3389 catechumenum

2064 3426 2273 3480 nudum
2300 3434 2355 3480 et
2380 3427 2633 3483 'vestibus
2664 3437 2889 3482 exutum
2935 3428 3162 3494 soloque
3200 3425 3466 3480 velamine
3494 3422 3653 3479 indu-

2065 3526 2178 3573 tum
2212 3518 2265 3574 in
2299 3519 2519 3574 modum
2574 3520 2758 3574 crucis
2790 3528 2869 3574 ter
2899 3516 3151 3576 exsulllat
3199 3517 3458 3573 sacerdos
3483 3554 3498 3570 .
3549 3513 3654 3569 Per

2066 3612 2211 3665 hunc
2245 3612 2459 3681 quidem
2494 3611 2737 3665 inﬂatum
2775 3611 3007 3680 primam
3041 3611 3185 3665 illam
3238 3608 3294 3664 in
3344 3609 3514 3662 Adam
3574 3606 3658 3660 in.-

2067 3703 2414 3773 Spirationem
2447 3704 2758 3764 exsuscitat.
2789 3704 2857 3758 de
2878 3719 2985 3772 qua
3009 3703 3211 3758 dictum
3260 3709 3343 3756 est
3372 3718 3386 3754 :
3419 3698 3515 3752 «Et
3567 3698 3655 3752 in-

2069 3797 2298 3868 Spiravit
2349 3778 2399 3850 iu
2436 3796 2629 3851 faciem
2655 3797 2772 3866 ejus
2795 3796 3124 3864 spiraculum
3157 3795 3318 3860 vitae;
3350 3813 3367 3845 ι
3397 3792 3658 3849 sacerdos

2068 3903 2198 3943 vero
2229 3887 2508 3944 Christum
2535 3887 2703 3941 Deum
2744 3887 2959 3956 ﬁgurat,
2985 3886 3109 3940 ideo
3155 3884 3358 3938 bonum
3404 3892 3487 3938 est
3532 3890 3658 3950 post

2069 3978 2619 4035 communicationem
2667 3977 2869 4033 Christi
2915 3976 3192 4045 baptizare
3241 3982 3294 4029 et
3352 3970 3654 4028 insul'ﬂare.

400 4071 534 4125 Θεὸν
561 4070 741 4124 τυποῖ.
795 4067 960 4119 Ὅθεν
1010 4064 1106 4117 καὶ
1162 4062 1325 4116 καλὸν
1357 4066 1496 4132 μετά
1540 4064 1639 4133 τὴν
1685 4063 1961 4117 κοινωνίαν

2072 4069 2178 4126 Ter
2209 4080 2387 4125 autem
2438 4071 2671 4140 inspirat
2720 4075 2941 4139 preptcr
2993 4067 3342 4129 Trinitatem,
3390 4064 3655 4135 quoniam

401 4162 640 4234 Χριστοῦ
671 4157 958 4230 βαπτίζειν
1008 4173 1067 4210 τε
1115 4156 1208 4208 καὶ
1244 4155 1529 4224 ὲμπνέειν.
1563 4153 1759 4224 Τρίτον
1788 4154 1843 4207 δὲ
1875 4156 1961 4222 ἐμ-

2072 4161 2382 4219 communis
2413 4171 2497 4215 est
2524 4160 2774 4215 Trinitati
2821 4168 2992 4231 gratia
3023 4168 3078 4214 et
3131 4156 3377 4227 operatio
3404 4172 3419 4223 ;
3461 4170 3651 4210 verum

402 4255 551 4323 φυσᾷ
576 4241 666 4306 δῈά
709 4249 807 4320 τὴν
837 4246 1061 4318 Τριάδα,
1097 4247 1181 4299 ὅτι
1222 4245 1378 4315 κοινὴ
1409 4244 1508 4313 τῆς
1541 4243 1776 4313 Τριάδος
1821 4242 1961 4297 ὲστὶπ.

2075 4253 2128 4308 in
2156 4252 2335 4308 crucis
2370 4251 2601 4305 lormam
2639 4250 2823 4305 sulllat
2857 4259 3077 4319 propter
3125 4264 3292 4303 unum
3324 4262 3353 4301 e
3386 4245 3657 4302 Triuitate

402 4344 436 4410 ἠ
486 4341 645 4411 χάρις
697 4337 794 4392 καλ⁵
827 4338 861 4407 ἡ
911 4335 1184 4403 ἐνέργεια.
1238 4333 1607 4406 Σταυροειδῶς
1658 4332 1714 4386 δὲ
1761 4333 1849 4386 διὰ
1882 4333 1961 4387 τὸς

2074 4344 2349 4401 Christum
2402 4358 2501 4413 pro
2531 4343 2686 4398 nobis
2733 4342 3076 4402 cruciﬁxum,
3108 4354 3384 4409 earneque
3436 4352 3654 4408 passum

408 4430 757 4500 σαρκωθέντα
813 4426 955 4497 ὑπὲρ
988 4426 1167 4497 ἡμῶν,
1224 4427 1318 4479 καὶ
1365 4424 1607 4478 παθόντα
1662 4424 1827 4497 σαρκὶ
1876 4425 1976 4494 τῆς

2077 4436 2170 4507 qui
2206 4452 2303 4505 per
2338 4450 2555 4491 crucem
2582 4434 2868 4489 victoriam
2901 4432 3106 4487 retulit.
3138 4432 3505 4498 Quamobrem
3528 4444 3658 4484 cru-

405 4523 639 4595 Τριάδος
671 4522 769 4575 ἕνα
817 4520 1072 4588 Χριστὸν,
1119 4520 1222 4588 ,καὶ
1276 4519 1353 4588 τῷ
1413 4516 1632 4587 σταυρῷ
1677 4518 1778 4586 τὴν
1819 4517 1961 4587 νίκηι

2081 4526 2162 4582 eis
2185 4527 2398 4595 signum
2431 4526 2758 4581 sacriﬁcium
2792 4524 2912 4594 ejus
2947 4522 3151 4576 indicat
3187 4521 3660 4587 humilitatemquc

409 4617 769 4685 στησάμενον.
812 4610 902 4664 Διὸ
933 4613 1030 4664 καὶ
1075 4612 1103 4664 6
1134 4609 1427 4676 σταυρικὸς
1455 4611 1626 4671 τύπος
1654 4609 1753 4679 τὴν
1781 4608 1974 4663 θυσίαν

409 4705 571 4760 αὐτοῦ
596 4705 767 4776 δηλοῖ,
801 4701 1128 4757 ταπείνωσίν
1155 4719 1215 4756 τε
1260 4702 1356 4755 καὶ
1387 4702 1566 4771 νίκην,
1599 4702 1691 4755 ὅτι
1711 4701 1781 4755 δι’
1809 4701 1974 4756 αὑτοῦ

405 4803 502 4863 τὰς
523 4799 715 4862 ὀδύνας
746 4797 904 4850 ἔλυσε
926 4796 1031 4851 τοῦ¹
1052 4796 1309 4861 θανάτου,
1341 4796 1435 4848 καὶ
1456 4795 1777 4866 κατήργησε
1805 4795 1896 4848 τὸν
1917 4793 1979 4847 τὸ

408 4892 606 4960 κράτος
633 4891 823 4960 ἔχοντα
840 4888 936 4942 τοῦ
960 4887 1191 4942 θανάτου
1222 4887 1488 4954 διάϐολον,
1513 4888 1605 4940 καὶ
1624 4888 1722 4950 τὰς
1742 4887 1981 4940 ἀντικει-

412 4982 581 5053 μένας
604 4981 971 5052 ἐθριάμϐευσε
1006 4981 1376 5050 πονηροτάτας
1411 4980 1690 5050 δυνάμεις.
1733 4979 1823 5032 Ἐν
1849 4972 1892 5046 ᾧ
1913 4978 1978 5050 δὴ

410 5073 632 5144 σταυρῷ
665 5073 759 5127 καὶ
783 5074 946 5143 ἡμεῖς
983 5074 1223 5143 νικῶμεν
1251 5075 1308 5124 ὲν
1340 5068 1563 5141 Χριστῷ
1588 5072 1680 5123 τὸν
1712 5071 1979 5138 διάϐολον,

409 5166 505 5217 καὶ
556 5165 685 5227 τοὺς
745 5165 1010 5231 δαίμονας
1058 5163 1459 5233 ἐκτρεπόμεθα.
1523 5163 1629 5215 Καὶ
1687 5166 1911 5233 σημεῖον
1955 5164 1983 5216 6

414 5250 650 5318 σταυρὸς
681 5248 776 5302 τοῦ
808 5250 1059 5320 Σωτῆρος
1093 5254 1186 5303 καὶ
1217 5251 1454 5320 σςραγίς
1485 5267 1542 5304 τε
1573 5252 1667 5307 καὶ
1697 5253 1979 5323 τρόπαιον.

412 5342 545 5410 Τρὶς
564 5336 660 5395 οὖν
688 5342 1018 5411 ὲμφυσήσας
1056 5341 1134 5411 τῷ
1164 5344 1556 5412 κατηχουμένῳ
1586 5343 1615 5394 6
1652 5343 1852 5413 ἱερεὺς,
1887 5343 1983 5395 καὶ

412 5432 536 5502 τρὶς
571 5434 880 5503 σφραγίσας
925 5432 1089 5485 πάλιν
1129 5435 1195 5503 τῇ
1243 5438 1388 5503 χειρὶ
1427 5434 1505 5504 τῷ
1562 5436 1773 5505 σημείῳ
1809 5435 1983 5506 τούτῳ

414 5525 492 5594 τῷ
535 5524 813 5593 σταυρικῷ
862 5523 952 5577 διὰ
993 5525 1075 5591 τὸ,
1116 5542 1136 5575 ι
1176 5524 1242 5577 Δί
1270 5524 1449 5595 χεῖρές
1487 5542 1582 5578 σου
1617 5527 1883 5597 ἐποίησάν
1915 5544 1983 5598 με

418 5615 516 5670 καὶ
549 5613 797 5667 Επλασάν
831 5630 923 5683 με,
956 5632 978 5666 ι
1008 5614 1105 5668 καλ⁵
1127 5614 1186 5666 ὲν
1210 5614 1290 5685 τῷ
1316 5615 1557 5686 μετώπῳ
1581 5633 1665 5682 τε,
1688 5616 1762 5681 ὡς
1798 5633 1984 5687 προει-

419 5706 643 5775 ρήκειν,
687 5703 775 5759 διὰ
826 5705 885 5759 τὸ
920 5706 1189 5776 νοητικὸν,
1222 5706 1316 5758 καὶ
1354 5706 1413 5759 ὲν
1441 5705 1520 5775 τῷ
1552 5706 1778 5776 στόματι
1808 5707 1898 5761 διὰ
1926 5708 1986 5761 τὸ

415 5796 659 5866 λογικὸν,
694 5796 787 5850 καὶ
820 5797 875 5851 ὲν
921 5799 985 5870 τῇ
1032 5797 1229 5870 καρδίᾳ
1269 5798 1355 5853 διὰ
1403 5799 1461 5853 τὸ
1499 5798 1728 5864 ζωτικὶν
1754 5841 1769 5869 ,
1817 5799 1984 5854 ἐπιτί-

2077 4631 2131 4675 ct
2159 4619 2462 4682 victoriam,
2489 4620 2746 4688 quoniam
2800 4621 2852 4670 in
2885 4631 2955 4671 eo
2992 4614 3208 4668 dolores
3248 4612 3438 4667 mortis
3473 4610 3656 4675 solvit,

2076 4725 2130 4769 et
2149 4712 2413 4768 destruxit
2435 4726 2559 4767 eum
2579 4711 2669 4780 qui
2697 4708 2927 4764 habebat
2951 4707 3143 4762 mortis
3161 4707 3474 4777 imperium,
3498 4721 3652 4761 nem-

2079 4818 2146 4873 pe
2200 4802 2498 4864 diabolum,
2531 4809 2585 4854 et
2608 4798 2950 4854 adversar-ias
2986 4797 3341 4866 triumphavit
3381 4796 3657 4867 nequissi-

2080 4908 2198 4948 mas
2214 4890 2600 4962 potestates.lu
2619 4905 2780 4945 cruce
2814 4890 2977 4944 etiam
2999 4904 3097 4945 nos
3133 4903 3350 4959 quoque
3389 4888 3660 4944 vincimus

2081 4985 2134 5039 in
2153 4984 2370 5040 Christo
2387 4982 2659 5037 diabolum
2675 4992 2728 5036 et
2745 4981 3020 5037 daemones
3045 4979 3332 5052 fugamus;
3355 4988 3407 5035 et
3423 4996 3559 5035 crux
3576 4991 3662 5034 est

2083 5076 2383 5132 Salvatoris
2404 5076 2756 5145 sigillumque
2778 5089 2843 5129 ac
2869 5082 3151 5145 tropteum.
3177 5073 3346 5143 Igitur
3371 5065 3660 5142 postquam

2083 5167 2337 5225 sacerdos
2373 5177 2454 5220 ter
2475 5167 2527 5219 in
2559 5166 3012 5220 catechumenum
3045 5162 3358 5229 insulilavit,
3382 5161 3665 5217 eumdem-

2083 5275 2189 5331 que
2220 5268 2300 5313 ter
2328 5258 2523 5311 iterum
2556 5257 2608 5310 in
2646 5271 2810 5312 manu
2832 5256 2937 5308 hoc
2967 5254 3147 5309 crucis
3167 5253 3324 5322 signo
3355 5250 3667 5318 obsignavit

2083 5359 2306 5422 propter
2329 5346 2495 5401 illud:
2529 5363 2548 5396 ι
2595 5345 2788 5401 Manus
2820 5356 2923 5398 tua:
2957 5342 3201 5398 fecerunt
3230 5355 3317 5395 me
3348 5347 3403 5394 et
3433 5340 3678 5405 plasma;

2083 5452 2278 5498 verunt
2313 5456 2418 5496 me.
2448 5458 2468 5491 ι
2505 5439 2726 5494 Necnon
2760 5439 2810 5491 in
2854 5437 3052 5500 fronte,
3085 5434 3230 5489 sicut.
3290 5447 3454 5499 supra
3514 5430 3668 5486 dixe-

2085 5547 2224 5596 ram,
2251 5538 2471 5600 propter
2503 5537 2759 5590 mentem,
2790 5534 2844 5579 et
2878 5525 2931 5578 in
2958 5539 3054 5578 ore
3090 5531 3313 5593 propter
3335 5520 3664 5575 locutionem

2087 5632 2250 5692 atque
2284 5624 2336 5676 in
2372 5620 2535 5675 corde
2578 5625 2801 5689 propter
2833 5615 3051 5671 vitalem
3089 5614 3410 5686 potentiam,
3435 5613 3666 5682 imponit

2085 5712 2135 5769 ei
2170 5726 2384 5766 manum
2410 5716 2596 5779 utpote
2622 5717 2998 5764 consecratam
3030 5717 3083 5762 et
3115 5707 3170 5760 in
3216 5704 3419 5776 Spiritu
3438 5718 3667 5775 operan-

2090 5811 2219 5870 tem,
2271 5814 2565 5871 precesque
2622 5812 2805 5856 sacras
2860 5799 3290 5871 pronuntiat.'At
3345 5796 3673 5889 priusquam.
