4090 6258
476 361 591 429 2m

1303 371 1694 432 SYMEONIS
1721 369 2476 435 THESSALONICENSIS
2517 374 2873 438 ARCHIEP.

3613 375 3719 441 920

478 480 774 534 coniitetur
813 477 1090 549 'quoniam
1119 482 1399 539 veritatem
1436 484 1731 539 annuntiat
1775 484 2047 554 istamque

2149 483 2272 551 γὴν,
2297 485 2325 537 6
2359 483 2669 555 ἀρχιερεὺς,
2709 504 2728 537 ι
2782 485 3129 555 Ἐμφύσησον
3158 484 3327 555 αὐτῷ,
3367 502 3386 537 ι
3414 485 3568 557 φησι,
3598 505 3721 541 του-

481 580 696 636 opm-tet
751 586 932 626 coram
983 572 1191 643 angelis
1272 583 1328 629 et
1383 574 1695 655 hominibus
1755 574 2049 646 praedicare

480 671 579 726 per
594 674 751 729 quam
779 661 964 719 salvus
990 665 1111 735 erit,
1142 666 1418 739 Deumque
1438 670 1812 726 universorum
1838 686 2049 726 annun-

480 749 620 803 tiare
638 760 821 818 aperte
843 763 925 810 est
955 760 1348 825 necessarium,
1380 760 1903 817 consubstantialem
1926 763 2048 819 dico

483 837 802 897 Trinitatem
825 853 879 899 et
911 845 1087 901 solum
1118 849 1210 917 qui
1250 858 1332 905 est
1358 848 1545 917 Deum,
1580 854 1673 906 sed
1708 861 1764 908 et
1808 853 1968 908 unius
1992 868 2048 909 'a

485 926 749 987 Trinitate
770 934 932 990 Verbi
986 936 1080 994 Dei
1114 938 1314 996 factam
1344 952 1565 1013 propter
1622 959 1721 1000 nos
1754 960 1785 1000 e
1828 943 2049 1014 Virgine

482 1019 932 1083 incarnationem.
957 1027 1070 1085 Hoc
1094 1031 1258 1102 igitur
1275 1043 1357 1088 ter
1380 1033 1542 1100 facto,
1562 1045 1615 1091 et
1643 1046 1927 1106 postquam
1968 1048 2051 1093 ter

479 1126 698 1169 rursum
722 1117 1083 1190 interrogatus
1109 1123 1349 1179 :Fateris
1374 1125 1693 1183 Christum?
1716 1137 1798 1184 ter
1822 1145 2048 1199 respon-

480 1201 561 1258 dit
594 1219 659 1260 cx
715 1209 880 1264 corde
917 1220 972 1266 et
1002 1211 1169 1269 dixit:
1202 1232 1220 1266 ι
1246 1213 1501 1272 Fatemur
1543 1233 1689 1285 eum,
1725 1239 1744 1273 ι
1807 1220 2046 1291 pontifex

480 1296 666 1351 addit:
726 1316 744 1350 ι
782 1299 845 1371 ξι
904 1303 1069 1357 adora
1138 1321 1285 1362 eum.
1320 1326 1339 1360 ι
1387 1307 1452 1363 Ει
1499 1311 1921 1381 signatuscruce
1953 1331 2049 1381 per

482 1400 701 1441 manum
727 1390 866 1458 ejus,
889 1395 1030 1461 quod
1053 1393 1251 1450 Christi
1271 1397 1667 1454 confessionem
1691 1412 1952 1457 connotat
1997 1415 2050 1459 ct

481 1476 998 1547 manifestationem,
1024 1494 1308 1555 postquam
1329 1498 1408 1543 ter
1427 1490 1733 1546 adoravcrit
1757 1496 2049 1550 ostendens

477 1569 793 1626 servitutem
820 1581 875 1627 et
904 1590 1087 1631 veram
1113 1591 1236 1631 cum
1290 1579 1631 1637 confessione
1657 1584 2044 1655 obedientiam,

482 1661 550 1714 ad
574 1662 838 1719 orientem
869 1671 1224 1738 convertitur,
1250 1682 1304 1728 et
1336 1673 1603 1729 benedicit
1619 1675 1860 1745 pontifex
1884 1675 2047 1732 Deum

484 1753 577 1817 qui
638 1757 754 1810 vult
787 1772 980 1816 omnes
1029 1762 1212 1819 salvos
1263 1764 1425 1832 ﬁeri;
1499 1767 1577 1821 sic
1634 1769 1778 1822 enim
1839 1779 2050 1837 oportet

2150 573 2330 625 τέστιν
2353 574 2417 627 ἐκ
2455 575 2556 644 τῆς
2584 576 2809 646 καρδίας
2838 576 3164 648 ἀπόρριψον,
3207 579 3302 630 καὶ
3351 577 3458 631 ἀπὸ
3498 578 3722 649 καρδίας

2151 662 2435 732 ἀθέτησον,
2495 666 2590 718 καὶ
2643 667 3004 738 καταίσχυνον
3031 668 3123 721 τὸν
3156 669 3371 740 ἐχθρόν.
3403 670 3514 723 Καὶ
3566 671 3722 721 τοῦτο

2152 756 2383 809 ποιεῖται
2402 757 2522 826 τρὶς
2555 755 2642 810 διὰ
2674 758 2734 811 τὸ
2755 759 2994 828 ἀσφαλὲς
3022 762 3119 830 τῆς
3139 761 3420 831 ἀποταγῆς
3443 761 3535 814 τοῦ
3560 779 3726 834 πονη-

2153 846 2268 915 ροῦ,
2301 849 2395 902 καὶ
2425 850 2504 913 είς
2536 849 2695 916 δόξαν
2722 851 2816 905 τοῦ
2849 854 2907 903 ὲν
2936 849 3126 924 Τριάδι
3170 853 3333 921 μόνου
3371 853 3507 906 Θεοῦ
3540 855 3717 923 ἡμῶν,

2148 939 2239 993 τοῦ
2269 942 2663 1007 καταϐαλόντος
2688 945 2779 996 τὸν
2807 944 3061 1016 πονηρόν.
3087 941 3250 1004 ἒΕἷτα
3276 948 3499 1016 στρέφει
3531 946 3722 1001 τοῦτον

2148 1032 2289 1086 κατά
2316 1033 2582 1099 ἀνατολάς
2606 1052 2621 1068 ο
2653 1038 2787 1106 πρὸς
2820 1037 2881 1089 τὸ
2904 1037 3020 1105 φῶς
3082 1028 3430 1107 γὰρ’ἀνάγει
3479 1038 3587 1092 ἀπὸ
3628 1037 3723 1092 τοῦ

2150 1121 2395 1189 σκότους,
2429 1126 2522 1176 καὶ
2554 1125 2617 1176 ὲκ
2641 1123 2734 1178 τοῦ
2761 1123 2991 1199 ψεύδους
3016 1126 3152 1196 πρὸς
3176 1126 3274 1199 τὴν
3298 1127 3581 1197 ἀλήθειαν.
3612 1126 3726 1181 Καί

2150 1214 2362 1281 φησινὸ
2388 1214 2677 1285 ἀρχιερεύς
2714 1232 2728 1248 ο
2775 1235 2793 1268 ι
2833 1217 2992 1279 Εἰπὲ,
3053 1218 3167 1272 Kal
3214 1219 3593 1287 συντάσσομαι
3643 1217 3724 1287 τῷ

2148 1304 2394 1376 Χριστῷ,
2420 1308 2514 1361 καί
2542 1308 2784 1363 πιστεύω
2809 1310 2887 1371 είς
2907 1309 3004 1363 ἕνα
3024 1309 3155 1363 Θεὸν
3179 1309 3397 1381 Πατέρα
3421 1310 3727 1378 παντοκρά-

2146 1413 2305 1466 τορα,
2345 1417 2364 1451 ι
2402 1400 2497 1452 καὶ
2526 1400 2594 1453 τά
2625 1400 2774 1468 ἑξῆς.
2828 1403 2917 1454 Δεῖ
2963 1401 3073 1473 γὰρ
3116 1401 3282 1457 αὐτὸν
3334 1402 3394 1455 τὸ
3449 1404 3725 1472 τρισήλιον

2146 1486 2403 1556 καθαρῶς
2434 1489 2837 1559 ἀνομολογῆσαι
2866 1492 3002 1558 φῶς,
3026 1491 3102 1554 ὡς
3138 1491 3204 1545 ἂν
3262 1493 3355 1545 καὶ
3409 1495 3476 1562 τῇ
3523 1493 3724 1563 καρδία

2145 1575 2363 1646 δέξηται
2386 1578 2483 1649 τὴν
2511 1578 2717 1650 λάμψιν
2749 1581 2937 1635 αὑτοῦ.
2972 1582 3084 1652 Τὴν
3138 1583 3430 1652 ὁμολογίαν
3487 1583 3583 1638 οὖν
3627 1583 3724 1638 τοῦ

2147 1666 2294 1732 ἱεροῦ
2324 1669 2600 1734 Συμϐόλου
2633 1673 2812 1725 πᾶσαν
2837 1672 3106 1741 λαμπρῶς
3150 1674 3227 1743 τῷ
3258 1675 3490 1743 στόματι
3551 1675 3724 1742 λέγει.

2149 1758 2441 1813 Ralm-061:0
2490 1766 2724 1816 ποιεῖται
2779 1764 2922 1833 τρὶς,
2985 1763 3221 1831 βεϐαιῶν
3261 1767 3363 1833 τὴν
3413 1766 3724 1837 ὁμολογίαν,

479 1845 544 1898 de
595 1848 852 1905 omnibus
894 1856 1097 1918 gratias
1159 1870 1341 1924 agere,
1375 1865 1430 1912 et
1493 1859 1788 1926 praesertim
1843 1861 1909 1915 de
1946 1863 2047 1916 ho-

2150 1849 2267 1917 ᾶμα
2295 1849 2350 1902 δὲ
2383 1851 2476 1903 καὶ
2505 1853 2585 1912 εἰς
2626 1852 2811 1921 τιμὴν,
2846 1852 2921 1915 ὡς
2953 1855 3257 1924 εἰρήκαμεν
3320 1855 3419 1926 τῆς
3466 1873 3726 1925 τρισυπο·

483 1939 686 1993 minum
731 1942 925 1997 salute.
984 1945 1048 1999 Et
1092 1945 1164 2000 ita
1216 1950 1525 2018 suscipiens
1569 1952 1742 2018 ipsum
1792 1955 2049 2007 catechu-

485 2044 698 2085 menum
724 2047 820 2100 per
845 2049 1063 2091 manum
1098 2040 1255 2109 quasi
1297 2041 1561 2110 perditum
1602 2043 1908 2109 inveniens,
1963 2046 2046 2099 in-

481 2123 717 2178 troducit
756 2124 809 2181 in
844 2129 1125 2198 templum,
1191 2147 1382 2202 nempe
1416 2134 1559 2189 velut
1596 2134 1649 2189 in
1699 2137 1894 2193 coelum
1964 2141 2046 2196 vel

480 2216 533 2270 in
588 2220 923 2289 paradisum,
988 2231 1300 2279 monstrans
1364 2223 1566 2281 secum
1634 2228 1696 2281 ad
1756 2229 2045 2286 Dominum

477 2309 570 2377 qui
606 2312 862 2368 amiserat
907 2313 1183 2370 reducere.
1225 2313 1494 2372 Gaudium
1535 2333 1661 2374 vero
1694 2320 2048 2380 manifestans

479 2415 590 2468 quo
619 2417 743 2458 cum
804 2404 1010 2474 angelis
1038 2406 1233 2477 gaudet
1265 2407 1332 2462 de
1360 2421 1644 2479 peccatore
1676 2413 2043 2480 paenitentiam

478 2503 710 2559 agente:
750 2514 769 2546 ι
808 2495 1016 2564 Gaude,
1048 2501 1224 2568 gratia
1255 2500 1430 2570 plena,
1464 2520 1483 2554 ι
1548 2504 1623 2557 ait
1670 2506 1961 2573 cantando,
1993 2516 2047 2563 et

479 2581 800 2650 ingreditur.
846 2585 966 2654 Ipsa
1013 2588 1157 2642 enim
1200 2599 1475 2645 estcausa
1524 2592 1778 2648 salutaris
1825 2594 2043 2662 Iaztitiae,

481 2681 631 2740 porta
650 2676 949 2745 salutifera,
982 2693 1103 2747 quae
1130 2679 1357 2735 salutem
1391 2682 1549 2738 nobis
1573 2684 1924 2753 dispensavit,
1954 2702 2048 2744 ve-

477 2783 705 2839 ramque
736 2771 843 2825 Deo
870 2771 1112 2826 laetitiam
1137 2773 1370 2827 Verbum
1399 2775 1569 2829 Deum
1595 2790 1663 2830 ex
1693 2777 1809 2846 ipsa
1854 2778 2035 2834 incar-

479 2867 664 2911 natum
691 2868 882 2915 sancto
905 2871 958 2915 et
983 2860 1226 2930 virgineo
1249 2871 1405 2927 partu
1461 2866 1648 2935 genuit
1697 2868 1762 2921 ad
1797 2878 2040 2924 nostram

476 2947 947 3007 instaurationem.
977 2950 1203 3023 Insuper
1231 2952 1538 3011 Simeonem
1570 2956 1811 3017 referens
1865 2963 2043 3030 ponti-

479 3039 564 3094 fex
628 3041 851 3098 adducit
903 3043 957 3098 in
1016 3053 1365 3115 conspectum
1425 3047 1612 3105 altaris
1685 3050 2040 3121 baptizatum,

472 3131 718 3188 iudicans
778 3149 837 3189 se
886 3148 1012 3189 eum
1060 3134 1293 3203 oli'erre;
1341 3136 1498 3203 jubet
1551 3143 1716 3196 etiam
1780 3143 1930 3198 illum
1956 3153 2038 3199 ter

476 3225 645 3281 Deum
700 3226 945 3289 adorare.
972 3229 1232 3298 quoniam
1270 3229 1324 3283 in
1354 3231 1587 3300 gratiam
1619 3231 1709 3286 Dei
1749 3234 1908 3290 rediit
1945 3253 2038 3307 per

474 3319 884 3374 conversionem
907 3321 1365 3389 quemadmodum
1389 3322 1481 3377 ille
1511 3324 1800 3395 prodigus,
1826 3341 2037 3382 necnon

476 3404 542 3458 ad
571 3405 890 3473 dignitatem
929 3407 1022 3462 filii
1052 3418 1108 3462 et
1159 3410 1225 3463 ad
1257 3410 1753 3481 incorruptionem,
1806 3416 2036 3483 primani

478 3495 718 3565 Spiritus
745 3498 965 3565 stolam,
995 3514 1104 3569 quo
1147 3502 1387 3556 nondum
1423 3502 1618 3559 melius
1655 3513 1709 3559 et
1762 3508 2038 3564 excellen-

479 3588 586 3643 tius
636 3590 900 3657 pervenit,
929 3605 1025 3659 per
1070 3591 1311 3647 divinum
1338 3593 1628 3664 baptisma.
1666 3594 1772 3652 Sed
1806 3609 1864 3653 ut
1889 3610 2036 3656 certa

477 3677 547 3733 sit
567 3680 854 3735 conversio
873 3689 927 3736 et
955 3681 1250 3743 conlessio.
1283 3698 1604 3753 sponsorem
1637 3703 1854 3756 quoque
1883 3704 2039 3749 vocat

473 3774 736 3844 pontifex,
761 3790 920 3843 quem
954 3774 1102 3845 iubet
1159 3785 1244 3833 ter
1273 3778 1442 3834 altare
1470 3780 1699 3836 adorare
1730 3783 1783 3837 in
1814 3800 1921 3851 quo
1946 3786 2038 3840 ha-

477 3863 789 3929 hitatDeus,
814 3864 939 3920 hinc
960 3865 1341 3922 demonstrans
1362 3882 1421 3922 se
1447 3866 1605 3923 tidem
1628 3869 1760 3925 dare
1790 3880 1901 3925 tute
1927 3889 2038 3928 ser-

472 3955 631 4010 vandi
680 3956 733 4011 in
795 3955 897 4011 lide
946 3957 1140 4025 piaque
1195 3958 1609 4013 conversatione
1678 3960 2033 4031 baptizatum.

473 4047 601 4102 Dein
627 4047 671 4103 si
702 4047 882 4103 infans
906 4047 1119 4117 quidem
1153 4045 1316 4103 fuerit
1373 4047 1764 4119 baptizandus,
1805 4051 2036 4107 inclina-

469 4149 558 4195 tus
582 4139 728 4193 hunc
757 4139 985 4209 suscipit
1014 4154 1246 4208 sponsor
1285 4155 1471 4196 coram
1518 4143 1689 4198 sacris
1717 4141 1927 4199 foribus
1951 4146 2037 4215 ja-

468 4239 705 4295 centem,
734 4231 883 4286 velut
933 4247 966 4287 e
1015 4234 1266 4290 manibus
1295 4234 1519 4291 Christi.
1567 4235 1623 4291 Si
1656 4252 1784 4292 vero
1822 4242 2036 4293 tctatc'm

471 4323 649 4387 habet,
682 4322 1007 4392 baptizatum
1031 4338 1061 4377 e
1082 4339 1247 4379 manu
1274 4326 1491 4394 accipit,
1518 4327 1660 4382 idem
1691 4329 2030 4399 signiﬁcans,

469 4428 660 4484 nempe
687 4430 745 4469 se
773 4428 896 4469 eum
944 4429 972 4473 a
1015 4414 1232 4471 Christo
1264 4417 1562 4485 suscipere,
1604 4426 1660 4471 et
1701 4419 1849 4487 quod
1898 4435 2035 4487 praes

2152 1940 2349 1993 στάτου
2379 1942 2664 2012 Θεὸτητος.
2714 1944 3001 2013 Ὁμολογεῖ
3030 1946 3085 1998 δὲ
3110 1945 3269 1999 τοῦτο
3300 1947 3570 2017 φανερῶς,
3603 1948 3727 2000 ἐπεὶ

2148 2029 2250 2096 τὴν
2269 2027 2531 2099 ἀλήθειαν
2560 2032 2918 2099 καταγγέλλει
2948 2048 2962 2064 ο
2991 2034 3085 2086 καὶ
3114 2034 3193 2086 ὅτι
3220 2034 3450 2088 ἐνώπιον
3478 2018 3727 2104 ἀγγέλωῗι

2147 2116 2345 2172 δεῖκαὶ
2373 2120 2677 2189 ἀνθρώπων
2702 2124 2905 2195 ταύτην
2928 2126 3247 2195 κηρύσσειν,
3276 2126 3344 2181 δι’
3381 2122 3447 2200 ἧς
3477 2129 3572 2182 καὶ
3615 2145 3722 2182 σω-

2150 2211 2393 2282 θήσεται.
2421 2213 2530 2265 Καὶ
2566 2214 2656 2267 τὸν
2683 2214 2817 2270 Θεὸν
2844 2216 2952 2270 τῶν
2981 2218 3121 2272 ὅλων
3166 2221 3566 2289 καταγγέλλειν
3617 2221 3725 2292 χρὴ

2149 2306 2458 2376 παρρησίᾳ,
2500 2305 2598 2374 τὴν
2631 2308 2919 2375 ὁμοούσιόν
2948 2327 3092 2380 φημι
3142 2311 3369 2381 Τριάδα.
3417 2312 3509 2365 τὸν
3567 2314 3728 2381 μόνον

2148 2394 2314 2456 ὁντως
2338 2395 2465 2449 ὄντα
2489 2396 2642 2462 Θεὸν,
2666 2399 2803 2453 ἀλλά
2837 2401 3046 2454 καὶτοῦ
3082 2404 3201 2467 ἑνὸς
3228 2403 3327 2472 τῆς
3365 2404 3595 2472 Τριάδος
3623 2405 3725 2458 τοῦ

2146 2485 2282 2540 Θεοῦ
2313 2489 2491 2557 Λόγου
2516 2491 2613 2563 τὴν
2639 2492 2778 2563 ὑπὲρ
2804 2495 2961 2563 ἡμῶν
2993 2497 3057 2549 ὲκ
3109 2497 3391 2564 Παρθένου
3423 2496 3724 2567 σάρκωσιν.

2149 2575 2321 2631 Τοῦτο
2346 2575 2440 2634 οῦν
2471 2584 2844 2652 ποιησαμένου
2871 2584 3012 2654 τρὶς,
3046 2587 3139 2638 καὶ
3175 2585 3543 2656 ἐρωτηθέντος
3567 2584 3724 2650 αὖθις

2145 2668 2286 2738 τρὶς,
2326 2689 2345 2722 ι
2389 2672 2672 2738 Συνετάξω
2712 2674 2790 2743 τῷ
2846 2675 3102 2745 Χριστῷς
3134 2694 3152 2726 ι
3193 2674 3288 2729 καὶ
3336 2676 3723 2744 ἀποκριθέντος

2145 2762 2264 2829 τρὶς
2297 2762 2360 2815 ἐκ
2381 2763 2631 2833 καρδίας,
2666 2766 2762 2818 καὶ
2786 2766 3092 2835 είρηκότος,
3131 2784 3150 2818 ‹
3194 2767 3578 2836 iuvet-aiatqu
3624 2769 3725 2821 αἰ-

2143 2852 2241 2924 τῷ,
2287 2872 2307 2906 ι
2340 2856 2369 2908 6
2395 2854 2683 2925 ἀρχιερεύς
2716 2872 2870 2927 φησι,
2905 2875 2924 2908 ι
2958 2856 3065 2911 Καὶ
3097 2857 3475 2929 προσκύνησον
3500 2857 3667 2927 αὐτῷ,
3697 2878 3719 2913 ι

2145 2945 2239 2997 καὶ
2263 2946 2709 3015 σφραγισαμένου
2742 2947 2962 3017 σταυρῷ
3012 2949 3100 3003 διὰ
3133 2949 3229 3019 τῆς
3293 2949 3474 3020 χειρὸς
3530 2951 3719 3018 αὐτοῦ,

2144 3035 2173 3088 6
2209 3036 2308 3107 τὴν
2330 3037 2422 3091 τοῦ
2449 3037 2687 3109 Χριστοῦ
2729 3039 3019 3108 ὁμολογίαν
3066 3040 3217 3110 δηλοῖ
3253 3041 3349 3095 xal
3398 3040 3718 3112 σημείωσιν,

2146 3131 2241 3183 καὶ
2276 3120 2767 3202 προσκυνήσαντος
2815 3132 2955 3201 τρὶς,
3006 3132 3413 3201 ἐνδεικνυμένου
3469 3132 3568 3204 τὴν
3604 3132 3724 3185 δου-

2139 3219 2308 3285 λείαν,
2332 3221 2429 3275 καὶ
2458 3221 2556 3291 τὴν
2585 3221 2762 3292 ἀληθῆ
2793 3225 2931 3290 μετά
2962 3222 3062 3290 τῆς
3082 3223 3377 3291 ὁμολογίας
3407 3224 3713 3295 ὑποταγὴν,

2142 3313 2436 3383 στρέφεται
2470 3314 2608 3386 πρὸς
2640 3315 2924 3381 ἀνατολὰς,
2959 3317 3057 3370 xal
3090 3316 3304 3385 εὐλογεῖ
3360 3316 3453 3370 τὸν
3511 3316 3643 3370 Θεὸν
3681 3317 3711 3369 6

2141 3404 2430 3474 ἀρχιερεὺς
2461 3406 2554 3458 τὸν
2583 3406 2794 3471 πάντας
2818 3406 3056 3478 σωθῆναι
3106 3406 3349 3461 θέλοντα.
3383 3405 3540 3461 Οῦτω
3607 3407 3716 3479 γὰρ

2138 3491 2219 3545 δεῖ
2246 3494 2585 3565 εὐχαριστεῖν
2615 3497 2710 3548 ἐπὶ
2739 3497 2896 3562 πᾶσι,
2930 3499 3024 3549 καὶ
3058 3498 3262 3565 μᾶλλον
3281 3501 3345 3569 τῇ
3369 3498 3479 3552 τῶν
3507 3497 3724 3570 ἀνθρώ-

2142 3599 2259 3638 πων
2285 3586 2550 3657 σωτηρίᾳ.
2580 3588 2690 3640 Kal
2713 3586 2855 3641 οὕτω
2886 3590 3358 3659 κρατὴσαςαῦτὸν
3399 3590 3490 3644 τὸν
3545 3608 3720 3662 κατη-

2139 3673 2401 3743 χούμενον
2430 3677 2530 3746 τῆς
2567 3681 2745 3747 χειρὸς
2774 3675 2851 3740 ὼς
2885 3680 2976 3734 τὸν
3010 3678 3332 3734 ἀπολωλότα
3364 3680 3567 3751 εὑρὼν,
3599 3682 3718 3734 ela-

2142 3766 2268 3833 ἀγει
2302 3767 2383 3829 είς
2436 3766 2528 3820 τὸν
2554 3768 2702 3833 ναὸν,
2724 3769 2798 3832 ὡς
2822 3770 2902 3832 είς
2946 3771 3037 3824 τὸν
3091 3772 3321 3841 οὐρανὸν
3364 3771 3628 3843 δηλονότι,
3680 3772 3714 3842 ἢ

2139 3857 2230 3911 τὸν
2253 3859 2599 3928 παράδεισον,
2628 3861 2860 3928 δεικνὺς,
2894 3864 2971 3927 ὡς
3040 3865 3345 3935 προσφέρει
3403 3863 3592 3917 τοῦτον
3638 3863 3717 3934 τῷ

2138 3950 2504 4006 ἀπολωλεκότι
2526 3953 2783 4027 δεσπότῃ.
2813 3956 2927 4024 Τὴν
2948 3958 3122 4026 χαρὰν
3150 3956 3207 4009 δὲ
3241 3956 3443 4024 δηλῶν,
3476 3956 3546 4025 ἢν
3579 3959 3717 4025 μετά

2137 4041 2246 4094 τῶν
2279 4042 2525 4110 ἀγγέλων
2583 4047 2762 4117 χαίρει
2816 4047 2911 4101 ἐπὶ
2972 4044 3322 4117 μετανοοῦντι
3384 4046 3712 4116 ἁμαρτωλῷ,

2145 4150 2164 4186 ι
2193 4134 2386 4206 Χαῖρε,
2413 4139 2854 4207 κεχαριτωμένη,
2894 4157 2912 4189 ι
2964 4140 3130 4209 φησὶν
3160 4139 3372 4204 ὑμνῶν,
3407 4140 3503 4192 καὶ
3533 4139 3713 4209 εἰσόρ-

2137 4242 2309 4295 χεται.
2339 4225 2487 4296 Αὕτη
2512 4228 2621 4298 γὰρ
2649 4229 2681 4298 ἡ
2712 4229 2935 4300 ἀπαρχὴ
2963 4230 3062 4299 τῆς
3103 4232 3376 4302 σωτηρίου
3443 4230 3643 4300 χαρᾶς,
3678 4231 3711 4299 ἡ

2140 4320 2404 4388 σωτήριος
2434 4319 2599 4388 πύλη,
2631 4321 2664 4389 ἡ
2696 4322 2794 4390 τὴν
2832 4322 3103 4390 σωτηρίαν
3124 4322 3255 4388 ημῖν
3277 4323 3705 4391 οἰκονομήσασα,

2141 4409 2233 4462 καὶ
2256 4409 2355 4478 τὴν
2373 4410 2545 4479 ἀληθῆ
2570 4412 2747 4481 χαρὰν
2775 4411 2852 4481 τῷ
2877 4412 3088 4482 κόσμῳ,
3122 4414 3211 4465 τὸν
3240 4412 3372 4465 Θεὸν
3422 4413 3595 4480 Λόγον
3625 4429 3714 4465 σε·

467 4505 612 4560 illius
649 4504 825 4560 factus
872 4514 956 4560 est
996 4521 1122 4576 erga
1157 4506 1460 4572 Christum,
1495 4507 1900 4576 spiritualisque
1928 4510 2032 4564 erit

2143 4501 2495 4571 σαρκωμένον
2524 4501 2583 4565 ἐξ
2620 4503 2788 4573 αὐτῆς
2813 4503 3127 4573 γεννήσασα
3151 4503 3323 4569 ἀγίως
3355 4520 3415 4556 τε
3440 4505 3531 4557 καὶ
3565 4519 3711 4570 παρ-

464 4599 583 4666 ejus
602 4605 774 4667 pater.
793 4597 949 4652 Unde
968 4598 1116 4652 illum
1134 4597 1473 4664 prehendens
1498 4597 1714 4652 adducit
1735 4598 1801 4654 ad
1820 4615 2030 4656 sacram

467 4692 728 4775 piscinam
778 4668 1072 4743 ostendens
1105 4687 1375 4742 initiatum
1416 4688 1672 4756 libenter,
1708 4704 1815 4744 non
1842 4700 2027 4747 autem

462 4782 516 4837 vi
547 4782 804 4835 accedere
836 4781 903 4834 ad
939 4780 1289 4850 baptismum,
1325 4781 1486 4836 ducet
1529 4783 1693 4836 etiam
1744 4784 1812 4837 ad
1868 4793 2033 4840 testes

465 4872 671 4927 scilicet
702 4871 879 4941 primo
905 4882 961 4926 et
1010 4872 1278 4942 praecipue
1315 4874 1506 4938 Deum,
1571 4875 1768 4930 deinde
1813 4876 2032 4944 pontifi-

465 4979 580 5019 cem
605 4971 660 5017 et
678 4963 952 5019 adstantes
974 4963 1155 5019 fideles
1177 4964 1271 5034 qui
1289 4979 1477 5019 omnes
1498 4975 1624 5019 sunt
1645 4966 2030 5035 mysteriorum

466 5065 651 5122 testes,
684 5056 861 5127 ipsum
912 5057 1077 5111 etiam
1142 5070 1463 5125 sponsorem
1485 5073 1607 5111 eum
1647 5060 2026 5125 adducentem,

460 5157 517 5204 ct
545 5148 844 5219 praesertim
870 5147 1085 5203 divinos
1130 5163 1188 5202 sa
1203 5148 1624 5218 nctissimosque
1689 5152 1908 5221 angelos
1936 5151 2030 5220 qui

464 5238 808 5294 invisibiliter
833 5237 1031 5293 adsunt
1061 5236 1395 5318 et.l;etautur
1456 5236 1524 5292 de
1585 5239 1762 5293 salute
1820 5239 2031 5294 divina-

463 5346 570 5398 que
602 5330 858 5400 baptizati
893 5331 946 5383 in
979 5329 1180 5399 spiritu
1211 5328 1493 5385 nativitate
1529 5330 1791 5400 illumque
1833 5332 1885 5385 in
1921 5347 2031 5388 cae-

463 5425 532 5480 lis
577 5424 914 5485 adscribunt,
951 5424 1060 5492 jam
1113 5420 1410 5477 familiares
1457 5432 1510 5477 et
1567 5424 1723 5477 amici
1782 5422 1908 5477 facti
1962 5425 2030 5479 ab

462 5520 847 5573 emundatione
898 5531 965 5571 ex
1020 5514 1205 5571 divino
1244 5515 1460 5571 lavacro
1493 5516 1715 5571 uincula
1751 5527 1803 5569 et
1857 5532 2029 5585 ungu-

461 5611 572 5665 enti
595 5609 894 5680 signaculo.
916 5607 1042 5664 ideo
1072 5609 1435 5664 necessarium
1468 5617 1564 5688 ‘est
1595 5616 1725 5662 tunc
1759 5621 1884 5660 cum
1916 5610 2031 5677 pie-

467 5712 578 5758 tate
598 5711 653 5758 et
687 5702 884 5773 gaudio
918 5703 1107 5756 adesse
1139 5701 1324 5757 ﬁdeles
1377 5698 1489 5755 fere
1540 5713 1753 5764 omnes,
1797 5706 1852 5753 ct
1909 5713 2026 5753 crc—

462 5796 593 5850 dcre
646 5792 868 5864 angelos
922 5792 1137 5849 adstare
1194 5792 1288 5863 qui
1342 5792 1592 5848 laetantur
1641 5788 1706 5844 de
1741 5795 2025 5859 peccatore

2141 4592 2366 4655 θενικῶς
2391 4596 2470 4655 είς
2492 4595 2766 4665 ἡμετέραν
2793 4595 3112 4648 ἀνάπλασιν.
3146 4596 3252 4648 Kal
3279 4595 3348 4648 τὰ
3366 4595 3460 4649 τοῦ
3486 4592 3711 4664 Συμεὼν

2136 4685 2192 4738 δὲ
2225 4685 2475 4737 ἐκτυπῶν
2505 4688 2531 4738 6
2562 4687 2870 4757 ἀρχιερεὺς,
2906 4690 3171 4756 προσάγει
3204 4687 3299 4739 τοῦ
3322 4686 3708 4755 θυσιαστηρίου

2136 4775 2368 4829 ἐνώπιον
2398 4778 2489 4829 τὸν
2527 4776 2944 4847 βαπτιζόμενον,
2975 4778 3171 4848 δηλῶν,
3200 4778 3277 4841 ὡς
3329 4778 3409 4831 ὅτι
3445 4778 3711 4848 ¹προσέφε-

2138 4884 2219 4939 ρε.
2257 4868 2362 4922 Καὶ
2393 4871 2538 4920 ποιεῖ
2575 4869 2764 4922 τοῦτον
2822 4870 2941 4936 τρὶς
2999 4868 3373 4938 προσκυνῆσαι
3425 4868 3542 4937 Θεῷ
3576 4883 3593 4899 °
3626 4870 3708 4922 ὅτι

2136 4961 2233 5013 καὶ
2280 4959 2649 5029 κατήλλακται
2693 4961 2770 5030 τῷ
2807 4959 2924 5030 Θεῷ
2976 4960 3044 5013 δι’
3107 4962 3459 5030 επιστροφῆς,
3518 4958 3708 5029 ὥσπερ

2135 5049 2340 5111 ἐκεῖνος
2368 5050 2396 5102 6
2425 5050 2653 5117 ἄσωτος,
2679 5050 2771 5102 καὶ
2808 5050 2946 5122 πρὸς
2963 5051 3062 5120 τὴν
3087 5051 3359 5104 υἱοθεσίαν
3384 5052 3476 5105 καὶ
3497 5050 3709 5122 ἀφθαρ-

2136 5140 2256 5193 σίαν
2292 5140 2392 5210 τὴν
2427 5140 2653 5213 πρώτην
2682 5142 2877 5212 στολὴν
2906 5143 2999 5196 τοῦ
3028 5144 3366 5213 Πνεῦματος,
3393 5144 3519 5197 ὅσον
3550 5140 3705 5195 οὔπω

2134 5235 2357 5304 ἔρχεται
2385 5235 2646 5304 μειζόνως
2669 5253 2727 5288 τε
2759 5236 2853 5290 καὶ
2882 5237 3229 5306 κρειττόνως,
3273 5237 3361 5291 διά
3401 5235 3497 5289 τοῦ
3557 5235 3702 5289 θείου

2135 5325 2531 5395 βαπτίσματος.
2565 5326 2683 5379 ’Ίνα
2713 5327 2767 5379 δὲ
2796 5327 2888 5380 καὶ
2914 5329 2948 5397 ὴ
2975 5329 3278 5398 ἐπιστροφὴ
3327 5327 3420 5379 καὶ
3451 5328 3483 5397 ή
3514 5325 3702 5393 ὁμολο-

2132 5420 2258 5485 γίαν
2280 5416 2526 5487 ἀσφαλὴς
2554 5412 2609 5491 ᾖ,
2643 5419 2737 5472 καὶ
2758 5421 2848 5471 τὸν
2873 5418 3130 5490 ἀνάδοχον
3153 5421 3307 5472 καλεῖ
3334 5421 3362 5471 ὁ
3386 5416 3699 5487 ἀρχιερεύς.

2133 5510 2243 5563 Kal
2274 5510 2649 5578 προσκυνῆσαι
2686 5511 2819 5587 (τρὶς
2877 5512 3023 5578 λέγει
3066 5511 3143 5580 τῷ
3201 5508 3591 5577 θυσιαστηρίῳ,
3642 5509 3703 5558 ὲν

2129 5594 2283 5672 ᾧπερ
2306 5603 2444 5654 οἰκεῖ
2470 5603 2499 5654 ὁ
2524 5601 2677 5667 Θεὸς,
2703 5602 2789 5655 διά
2816 5602 3003 5656 τούτου
3037 5601 3233 5671 δηλῶν,
3263 5601 3337 5662 ὡς
3376 5599 3531 5664 λόγον
3563 5612 3700 5663 παρ-

2131 5695 2264 5763 ἐχειν
2301 5693 2531 5763 φυλάξαι
2563 5694 2820 5764 ἀσφαλῶς
2848 5695 2906 5749 ὲν
2932 5696 2998 5766 τῇ
3029 5693 3209 5747 πίστει
3234 5692 3325 5746 καὶ
3373 5694 3438 5759 τῇ
3486 5687 3701 5743 εὐσεὸεῖ

2131 5785 2373 5858 πολιτεία
2426 5787 2519 5841 τὸν
2577 5786 2989 5858 βαπτιζόμενον.
3039 5783 3172 5840 Εἶτα
3232 5785 3279 5838 εί
3333 5782 3431 5854 μὲν
3497 5779 3697 5851 βρέφος
