4090 6258
343 345 440 411 εει

1515 394 1518 396 ν
1601 347 1697 409 DE
1735 346 2294 411 SACRAMENTIS.

3362 297 3382 316 κ
3475 352 3586 417 aea

344 465 493 516 ἐστὶν
517 464 544 514 ὁ
579 460 786 530 μέλλων
811 460 1191 528 βαπτίζεσθαι,
1223 462 1399 532 κύψας
1438 462 1704 531 λαμϐάνει
1730 462 1918 516 τοῦτον

2036 467 2413 534 ρωηῑιριιιῑιιηι
2487 481 2716 541 agente,
2780 486 2990 528 necnon
3055 471 3388 542 baptizatum
3458 483 3610 527 tunc.

344 551 677 619 ὸάνάδοχος,
738 551 968 603 ἐνώπιον
1020 552 1272 620 κείμενον
1323 553 1430 605 τῶν
1476 552 1646 617 ἀγίων
1705 551 1910 620 θυρῶν,

344 643 532 710 ῶσπερ
563 642 668 694 ἀπὸ
693 642 799 694 τῶν
823 642 1022 711 χειρῶν
1050 643 1143 696 τοῦ
1172 644 1404 712 Χριστοῦ
1431 661 1446 675 ο
1478 645 1526 696 εί
1555 643 1600 697 δ’
1624 647 1680 697 ιν
1704 644 1912 714 ἡλικίᾳ,

344 733 612 800 λαμϐάνει
643 733 733 786 τὸν
768 732 1166 802 βαπτιζόμενον
1195 734 1300 788 ἀπὸ
1330 735 1430 802 τῆς
1462 737 1666 805 χειρὸς,
1700 736 1758 787 τὸ
1781 734 1915 787 αὐτὸ

343 823 540 892 δηλῶν,
565 825 648 877 ὅτι
682 824 791 877 ἀπὸ
817 824 913 886 τοῦ
945 825 1181 896 Χριστοῦ
1230 827 1416 878 τοῦτον
1470 826 1764 896 παρέλαϐε,
1824 825 1918 880 καὶ

344 917 621 985 ἐγγυητὴς
644 916 866 982 γέγονεν
904 915 1072 968 αὑτοῦ
1104 916 1183 978 είς
1210 915 1461 984 Χριστὸν,
1495 917 1590 970 καὶ
1621 932 1914 984 πνευματι-

344 1007 438 1068 κὸς
460 1005 613 1058 ἐσται
647 1007 847 1075 πατὴρ.
887 1006 1050 1060 Ὅθεν
1076 1007 1169 1060 καὶ
1202 1007 1441 1076 κρατῶν,
1471 1007 1772 1078 προσφέρει
1792 1006 1919 1060 τοῦ-

348 1115 440 1150 τον
463 1102 528 1170 τῇ
567 1101 690 1171 ίερᾷ
721 1101 1098 1172 κολυμϐήθρᾳ,
1129 1101 1360 1166 δεικνὺς,
1406 1101 1480 1163 ῶς
1519 1100 1778 1161 ἑκουσίως
1825 1098 1920 1153 καὶ

343 1190 407 1240 ού
439 1191 578 1242 κατὰ
621 1191 742 1259 βίαν
778 1195 1141 1261 προσέρχεται
1178 1191 1254 1261 τῷ
1289 1191 1625 1260 βαπτίσματι
1655 1193 1682 1243 ὁ
1737 1190 1920 1242 τελού-

347 1299 534 1349 μενος,
552 1285 644 1336 καὶ
667 1285 758 1336 ἐπὶ
781 1285 1016 1353 μάρτυσι
1046 1284 1259 1353 πρῶτον
1280 1285 1378 1353 μὲν
1405 1286 1497 1338 καὶ
1523 1285 1810 1352 ἐξαιρέτως
1842 1281 1919 1350 τῷ

345 1375 460 1444 80
488 1375 631 1443 Θεῷ,
662 1375 853 1428 ἔπειτα
885 1375 942 1428 δὲ
968 1375 1042 1444 τῷ
1076 1377 1308 1447 ίεράρχῃ
1334 1376 1424 1428 καὶ
1449 1376 1558 1437 τοῖς
1579 1372 1924 1442 παρατυχοῦ-

345 1485 406 1518 σι
429 1469 660 1532 πιστοῖς,
693 1466 742 1519 οἳ
771 1467 971 1530 πάντες
1001 1466 1278 1537 μάρτυρες
1295 1467 1404 1518 τῶν
1431 1467 1771 1534 τελουμένων
1793 1465 1920 1530 εἰσὶ,

347 1560 447 1610 καὶ
468 1556 620 1626 αύτῷ
636 1557 698 1622 δὴ
730 1556 807 1625 τῷ
830 1557 1076 1626 ἀναδόχῳ
1102 1557 1177 1626 τῷ
1217 1559 1312 1612 καὶ
1342 1559 1675 1628 προσάγοντι
1711 1556 1916 1621 τοῦτον,

343 1651 446 1702 καὶ
487 1649 722 1718 μάλιστα
753 1648 814 1718 δὴ
840 1651 950 1713 τοῖς
979 1649 1142 1711 θείοις
1174 1651 1270 1704 καὶ
1319 1651 1611 1718 πανάγνοις
1643 1650 1920 1716 ἀγγέλοις,

343 1743 602 1811 ἀοράτως
623 1743 742 1794 τότε
772 1741 1029 1812 παροῦσι,
1077 1745 1171 1796 καὶ
1223 1744 1670 1812 εὐφραινομένοις
1719 1745 1782 1810 τῇ
1830 1741 1922 1794 τοῦ

348 1834 756 1904 βαπτιζομένου
773 1837 831 1886 ὲν
863 1834 1144 1904 Πνεύματι
1175 1835 1487 1905 θεογενεσίᾳ.
1516 1835 1610 1889 καὶ
1657 1835 1921 1904 σωτηρίᾳ,

345 1925 446 1978 καὶ
479 1925 958 1996 ἀπογραφομένοις
1016 1926 1176 1980 αὐτὸν
1223 1928 1281 1978 ὲν
1340 1927 1450 1987 τοῖς
1507 1925 1778 1993 οὐρανοῖς,
1831 1923 1926 1975 καὶ

351 2017 680 2087 γνωρίμοις,
709 2018 803 2069 καὶ
830 2016 1002 2085 φίλοις
1031 2016 1358 2086 γινομένοις,
1387 2016 1495 2068 ἀπό
1525 2033 1581 2067 τε
1612 2018 1712 2084 τῆς
1745 2016 1808 2068 ὲκ
1831 2012 1924 2065 τοῦ

349 2108 495 2161 θείου
526 2106 748 2176 λουτροῦ
778 2106 1120 2175 καθάρσεως,
1181 2109 1276 2162 καὶ
1335 2109 1434 2174 τῆς
1489 2106 1779 2174 σφραγῖδος
1829 2103 1925 2156 τοῦ

351 2200 551 2268 μύρου.
583 2200 674 2250 Διὸ
705 2199 796 2251 καὶ
829 2199 1127 2266 ἀναγκαῖον
1160 2200 1417 2268 παρεῖναι
1448 2198 1566 2251 τότε
1595 2197 1710 2266 μετ’
1767 2198 1925 2251 εὐλα-

348 2289 505 2352 ϐείας
532 2307 592 2342 τε
623 2292 716 2343 καὶ
752 2291 928 2360 χαρᾶς
955 2289 1204 2352 ἅπαντας
1270 2289 1455 2360 σχεδὸν
1499 2290 1624 2352 τοὺς
1678 2291 1922 2352 πιστοὺς,

349 2383 444 2434 καὶ
495 2381 774 2434 πιστεύειν
807 2382 883 2444 ὡς
937 2380 1191 2450 πάρεισιν
1243 2380 1488 2448 ἄγγελοι,
1541 2382 1590 2433 οἳ
1641 2383 1924 2449 χαίρουσιν

347 2473 446 2524 ἐπὶ
478 2474 558 2525 ἑνὶ
592 2472 899 2542 ἁμαρτωλῷ
931 2456 1280 2540 μετανοοῦντι
1317 2487 1330 2502 ο
1363 2473 1458 2523 καὶ
1504 2471 1585 2524 ὃτι
1641 2471 1928 2538 παραδίδο-

349 2580 443 2616 ται
471 2564 594 2616 τότε
614 2567 642 2616 ὁ
671 2562 1064 2631 βαπτιζόμενος
1101 2562 1241 2629 ἁγίῳ
1273 2561 1490 2628 ἀγγέλῳ
1520 2560 1724 2627 φύλακι
1758 2576 1772 2590 ·
1835 2562 1929 2612 καὶ

346 2648 510 2716 οὗτος
536 2653 687 2705 ἔσται
721 2652 953 2705 πάντοτε
982 2652 1101 2720 μετ’
1135 2649 1325 2714 αὑτοῦ,
1358 2651 1424 2702 τὰ
1451 2650 1685 2719 φθονερὰ
1714 2650 1926 2704 διώκων

345 2745 626 2814 δαιμόνια,
667 2746 760 2799 καὶ
786 2745 966 2798 πᾶσαν
1015 2743 1285 2813 ἐπήρειαν
1333 2743 1426 2794 τοῦ
1469 2742 1789 2797 δολιωτάτου
1838 2744 1926 2812 ἐχ·

351 2837 507 2906 θροῦ,
542 2837 655 2904 εἴγε
687 2836 850 2906 μόνον
879 2837 908 2888 ὁ
939 2834 1261 2904 βαπτισθεὶς
1291 2833 1531 2904 καθαρὸν
1563 2836 1796 2904 τηρήσει
1832 2836 1924 2885 πί-

351 2946 468 2982 στει
497 2929 587 2982 καὶ
616 2928 799 2998 ἔργοις
835 2927 895 2980 τὸ
921 2927 1226 2996 βάπτισμα,
1254 2927 1348 2978 καὶ
1377 2928 1452 2987 εἰς
1485 2925 1583 2996 τὴν
1642 2925 1922 2994 βασιλείαν

344 3018 604 3074 διασώσει
636 3019 823 3072 τοῦτον
857 3019 963 3071 τῶν
998 3017 1262 3088 οὐρανῶν.
1295 3017 1416 3072 Ὅτι
1445 3013 1538 3071 οὖν
1569 3018 1828 3086 μέγιστον
1857 3017 1919 3070 τὸ

2020 562 2286 616 committi
2339 571 2528 618 sancto
2573 565 2761 634 angelo
2819 565 3056 630 custodi,
3081 565 3172 633 qui
3227 579 3440 633 semper
3483 563 3587 617 erit

2021 665 2213 706 cumeo
2267 653 2545 710 mortifera
2595 654 2887 724 proﬂigans
2943 656 3207 711 dzemonia
3258 669 3582 722 omnemque

2018 743 2348 799 dolosissimi
2420 747 2628 802 inimici
2686 747 2967 811 insultum,
3012 749 3171 802 modo
3231 758 3438 804 tantum
3495 747 3590 800 ba-

2021 837 2256 904 ptizatus
2311 853 2509 908 purum
2563 841 2828 895 custodiat
2901 840 3005 894 ﬁde
3071 850 3125 894 et
3176 839 3432 907 operibus
3495 840 3590 892 ba-

2019 930 2302 997 ptismum,
2355 945 2588 1001 eumque
2635 933 2688 987 in
2747 948 2972 1004 regnum
3023 933 3284 988 caelorum
3335 931 3587 987 salvabit.

2021 1020 2190 1089 Igitur
2231 1022 2486 1091 quoniam
2537 1023 2832 1078 maximum
2882 1032 2966 1080 est
2991 1040 3126 1094 opus
3155 1024 3323 1079 divini
3373 1022 3580 1092 baptis-

2025 1115 2206 1176 matis,
2229 1112 2350 1166 ideo
2401 1113 2554 1182 prius
2580 1113 2816 1169 Ecclesia
2859 1130 2959 1182 per
2995 1114 3266 1183 pontiﬁcis
3301 1116 3354 1166 in
3388 1113 3586 1166 catho-

2023 1202 2143 1255 licis
2171 1201 2426 1257 Eeclesiis
2471 1203 2785 1258 conferebat
2810 1203 3140 1272 baptismum
3175 1201 3568 1257 accedentibus

2022 1297 2149 1351 etin
2192 1294 2591 1366 tempore'quo
2624 1298 2677 1350 in
2713 1293 2898 1352 divino
2946 1295 3219 1350 sacriﬁcio
3263 1293 3585 1364 psallimus:

2030 1406 2049 1438 ι
2080 1387 2421 1455 Quicumque
2479 1388 2532 1442 in
2565 1387 2785 1443 Christo
2808 1389 3062 1458 baptizati
3097 1387 3252 1452 estis,
3295 1405 3314 1438 ι
3344 1393 3398 1440 et
3449 1397 3589 1453 pm-

2024 1481 2185 1550 cipue
2213 1483 2264 1534 in
2290 1496 2490 1551 magno
2510 1481 2752 1537 Sabbato
2783 1491 2906 1536 ante
2964 1481 3206 1536 divinum
3234 1477 3588 1540 sacri"-cium,

2032 1575 2281 1642 pluribus
2302 1573 2458 1630 lectis
2484 1592 2514 1630 e
2540 1573 2740 1628 divinis
2763 1573 3040 1642 prophetis
3067 1571 3425 1636 lectionibus;
3457 1585 3592 1638 quo-

2027 1666 2171 1721 niam
2197 1666 2502 1734 baptismus
2533 1665 2911 1720 sanctissimus
2935 1663 3270 1733 regeneratio
3297 1670 3401 1726 est,
3430 1671 3482 1714 ct
3509 1673 3594 1714 re-

2029 1757 2270 1819 novatio,
2328 1765 2380 1811 et
2441 1756 2713 1826 purgatio,
2755 1764 2809 1810 et
2857 1755 3204 1818 illuminatio,
3265 1761 3319 1806 et
3359 1751 3592 1806 ﬁliorum

2028 1850 2271 1914 adoptio,
2294 1858 2348 1904 et
2377 1850 2571 1916 gratia,
2613 1858 2669 1902 et
2698 1847 3056 1902 sanctiﬁcatio
3092 1857 3145 1902 et
3189 1854 3443 1902 sexcenta
3487 1842 3593 1896 alia

2027 1956 2148 2012 quae
2180 1941 2435 1996 dixerunt
2467 1937 2676 1996 Patres.
2708 1937 2891 1993 Refert
2945 1947 3125 1993 autem
3156 1939 3206 1992 in
3233 1936 3423 2004 primis
3447 1947 3594 1988 mor-

2027 2046 2135 2090 tem
2188 2033 2390 2089 Christi
2425 2040 2478 2086 et
2531 2031 2987 2086 resurrectionem
3023 2032 3183 2084 tertia
3212 2029 3297 2084 die
3363 2027 3588 2088 factam,

2025 2126 2169 2194 quod
2201 2123 2573 2193 tempusgillud
2601 2123 2818 2190 proprie
2836 2123 3094 2188 declarat,
3126 2123 3326 2192 quippe
3353 2139 3380 2174 a
3411 2131 3590 2176 morte

2025 2221 2226 2276 Christi
2248 2221 2480 2288 ejusque
2513 2219 2764 2272 triduana
2792 2217 3068 2284 sepultura
3093 2226 3147 2271 et
3178 2216 3592 2270 resurrectione

2026 2311 2486 2366 immortalitatem
2511 2317 2564 2363 et
2587 2306 3054 2378 incorruptionem
3077 2309 3406 2376 accepimus.
3441 2305 3592 2359 l‘utu-

2025 2417 2254 2467 tamque
2278 2400 2424 2453 illam
2468 2408 2850 2467 exspectamus
2878 2398 3332 2453 resurrectionem
3391 2403 3447 2450 et
3499 2410 3592 2450 re-

2029 2491 2375 2544 novationem
2457 2499 2826 2556 aeternamque
2889 2490 3054 2542 vitam
3115 2487 3272 2555 cujus
3333 2485 3593 2556 primitize

2029 2582 2204 2636 factus
2237 2590 2314 2635 est
2347 2580 2598 2634 Christus
2649 2580 2740 2648 qui
2786 2594 2948 2646 quum
2999 2579 3149 2632 solus
3204 2565 3423 2633 sit‘sine
3461 2592 3589 2646 pec-

2027 2681 2148 2727 cato
2174 2686 2368 2742 passus
2396 2687 2494 2740 pro
2522 2671 2680 2726 nobis
2717 2671 3117 2740 peccatoribus,
3144 2669 3268 2723 licet
3295 2668 3432 2721 mori
3469 2681 3579 2722 non

2024 2765 2246 2820 deberet
2268 2774 2455 2834 utpote
2481 2762 2706 2818 omnino
2737 2761 2945 2830 peccati
2971 2761 3254 2824 immunis,
3281 2775 3384 2830 pro
3434 2760 3590 2814 nobis

2023 2865 2272 2912 mortuus
2303 2865 2407 2912 est.
2457 2853 2592 2909 Nam
2643 2863 2927 2922 peccatum
2975 2863 3058 2908 est
3107 2852 3299 2908 martis
3330 2852 3576 2914 aculeus,

2022 2961 2081 3005 ut
2101 2950 2292 3004 dicunt
2316 2948 2483 3003 Isaias
2516 2957 2570 3004 et
2623 2947 2845 3012 Paulus,
2897 2961 2994 3002 seu
3029 2946 3382 3017 principium,
3436 2944 3587 2999 radix

2023 3053 2185 3111 atque
2220 3049 2432 3096 auctor.
2459 3041 2579 3110 Ipse
2601 3055 2730 3094 vero
2758 3039 3007 3095 Christus
3037 3041 3138 3093 etsi
3169 3047 3449 3107 peccatum
3483 3051 3588 3090 non

344 3114 509 3182 ἔργον
532 3111 622 3164 τοῦ
665 3110 937 3164 θειοτάτου
979 3110 1371 3179 βαπτίσματος,
1400 3111 1485 3163 διὰ
1515 3110 1670 3163 τοῦτο
1719 3111 1916 3178 πρότε-

2029 3110 2266 3200 fecisset,
2307 3149 2478 3202 neque
2520 3132 2741 3187 deberet
2773 3131 2935 3196 mori,
2985 3145 3084 3199 pro
3139 3130 3292 3183 nobis
3342 3136 3589 3181 mortuus

344 3220 444 3270 ρον
474 3203 568 3255 καὶ
594 3203 626 3271 ἡ
673 3201 967 3272 Ἐκκλησία
999 3201 1085 3254 διὰ
1117 3201 1222 3253 τῶν
1248 3202 1550 3272 ἀρχιερέων
1595 3203 1652 3254 ἑν
1677 3203 1794 3263 ταῖς
1823 3219 1917 3254 κα-

344 3295 589 3358 οολικαῖς
611 3295 929 3364 ἐκκλησίαις
968 3295 1204 3346 ἐποιεῖτο
1219 3295 1288 3348 τὰ
1315 3294 1421 3347 τῶν
1452 3298 1915 3364 προσερχομένων

343 3387 728 3457 βαπτίσματα,
762 3389 857 3440 καὶ
890 3385 1012 3439 καθ’
1043 3386 1104 3439 ὃν
1144 3387 1335 3458 καιρὸν
1367 3389 1424 3439 ὲν
1455 3388 1572 3449 ταῖς
1606 3387 1821 3456 ἑορταῖς
1850 3387 1915 3455 τῇ

343 3481 464 3552 θείᾳ
500 3479 833 3549 λειτουργίᾳ,
866 3479 945 3541 τὸ,
981 3497 998 3529 ι
1022 3478 1179 3531 Ὅσοι
1204 3481 1283 3540 εἰς
1321 3479 1556 3547 Χριστὸν
1586 3477 1919 3546 ἐϐαπτίσθη-

342 3589 421 3637 τε,
455 3590 473 3622 ι
514 3571 812 3640 ψάλλομεν,
841 3570 932 3621 καὶ¹
983 3569 1221 3637 μάλιστα
1248 3570 1311 3638 δὴ
1340 3568 1415 3638 τῷ
1449 3569 1670 3638 μεγάλῳ
1706 3567 1916 3622 Σαϐϐά-

341 3681 420 3734 τῳ
443 3665 558 3736 πρὸ
587 3664 686 3730 τῆς
720 3663 868 3727 θείας
903 3663 1236 3734 ἱερουργίας,
1275 3662 1380 3714 τῶν
1412 3661 1622 3714 πολλῶν
1650 3663 1916 3729 ἀναγινω-

340 3757 630 3826 σκομένων
664 3756 1108 3824 ἀναγνωσμάτων
1138 3754 1245 3808 ἀπὸ
1270 3753 1375 3806 τῶν
1407 3755 1564 3808 θείων
1593 3754 1914 3824 προφητῶν.

348 3843 576 3915 Ἐπειδὴ
619 3845 678 3897 τὸ
729 3843 1022 3914 ίερώτατον
1077 3845 1362 3914 βάπτισμα
1417 3845 1511 3897 καὶ
1561 3845 1916 3914 ἀναγέννησίς

336 3941 476 4004 ἐστι,
514 3939 615 3991 καὶ
640 3939 959 4001 ἀνάπλασις,
988 3937 1255 4008 κάθαρσίς
1282 3955 1340 3990 τε
1373 3941 1469 3990 καὶ
1498 3937 1778 4006 φωτισμδς
1821 3938 1916 3988 καὶ

341 4030 609 4093 υῑοθεσία,
635 4030 728 4082 καὶ
762 4031 1010 4100 χάρισμα
1035 4032 1126 4082 καὶ
1161 4028 1454 4098 ἁγιασμὸς,
1483 4031 1576 4082 καὶ
1614 4028 1783 4096 μυρία
1816 4028 1916 4079 ὅσα

344 4129 512 4189 φασὶν
550 4126 600 4177 οῖ
633 4124 900 4191 Πατέρες.
939 4123 1113 4174 Τυποί
1147 4122 1200 4176 δὲ
1224 4121 1517 4191 ἐξαιρέτως
1557 4119 1646 4172 τὸν
1691 4119 1917 4172 θάνατον

342 4218 434 4271 τοῦ
470 4215 737 4286 Χριστοῦ,
772 4215 868 4268 καὶ
895 4212 992 4284 τὴν
1019 4214 1322 4282 τριήμερον
1345 4211 1580 4281 ἔγερσιν.
1635 4211 1700 4263 Ὃ
1729 4210 1790 4278 δὴ
1824 4211 1916 4261 καὶ

341 4313 368 4362 ὁ
398 4311 595 4379 καιρδς
638 4309 840 4368 ἐκεῖνος
889 4304 1270 4374 καθαρώτερον
1311 4303 1569 4372 παριστᾷ.
1634 4302 1764 4354 Ἀπὸ
1809 4301 1916 4370 γὰρ

341 4401 433 4454 τοῦ
477 4399 712 4454 θανάτου
735 4397 827 4449 τοῦ
854 4395 1088 4466 Χριστοῦ
1131 4397 1224 4448 καὶ
1254 4393 1353 4463 τῆς
1380 4393 1679 4462 τριημέρου
1737 4390 1916 4460 ταφῆς

2019 3236 2122 3290 est,
2175 3236 2249 3293 et,
2301 3235 2480 3280 morte
2530 3224 2738 3280 devicta
2804 3223 3139 3285 resurrexit,
3198 3221 3589 3290 passionesque

2019 3326 2233 3372 nostras
2269 3324 2321 3370 et
2355 3315 2759 3370 damnationem
2793 3313 2952 3368 solvit
2979 3313 3233 3383 patiendo
3276 3310 3367 3380 qui
3403 3324 3498 3380 per
3525 3324 3587 3365 se

2018 3418 2134 3463 erat
2188 3406 2536 3477 impassibilis
2566 3421 2580 3473 ;
2621 3405 2795 3460 factus
2841 3420 3057 3475 quoque
3089 3406 3196 3458 dux
3229 3404 3353 3458 vita:
3385 3411 3586 3457 nostra:

2020 3501 2074 3554 in
2105 3500 2273 3555 caelos
2298 3510 2609 3567 assumptus
2660 3506 2763 3561 est,
2791 3506 2843 3550 et
2880 3513 2977 3552 nos
3017 3498 3110 3567 qui
3149 3497 3303 3551 illum
3340 3498 3395 3550 in
3448 3496 3586 3563 bap-

2019 3595 2181 3649 tismo
2204 3593 2481 3647 induimus
2525 3607 2553 3645 a
2590 3589 2730 3645 caelo
2762 3606 2882 3645 eum
2915 3601 3317 3660 exspectamus,
3363 3589 3585 3660 quando

2017 3698 2117 3736 nos
2141 3681 2484 3736 resuscitabit
2516 3692 2572 3735 et
2599 3680 3165 3749 incorruptibilitatem
3199 3695 3429 3748 prorsus
3482 3679 3585 3732 tri-

2020 3772 2142 3826 buet
2170 3772 2326 3841 cujus
2356 3773 2546 3826 arrhas
2591 3771 2751 3825 modo
2780 3785 2871 3838 per
2903 3771 3235 3839 baptismum
3293 3771 3463 3824 dedit.
3498 3768 3587 3824 Sl-

2019 3865 2218 3918 militer
2250 3875 2302 3919 et
2340 3864 2392 3916 in
2433 3862 2581 3917 omni
2613 3871 2857 3931 tempore
2889 3862 3259 3916 necessarium
3292 3870 3377 3914 est
3406 3860 3585 3925 bapti-

2018 3971 2164 4019 zare,
2202 3970 2269 4009 ne
2297 3955 2424 4025 quid
2486 3953 2815 4008 incommodi
2853 3953 3082 4008 fortasse
3135 3952 3350 4006 accidat
3399 3961 3452 4005 et
3483 3951 3582 4004 ali-

2017 4049 2141 4112 quis
2166 4061 2271 4099 non
2293 4046 2670 4100 sanctiﬁcatus
2690 4046 2935 4111 decedat,
2957 4044 3009 4098 id
3033 4053 3117 4097 est
3142 4047 3259 4098 sine
3287 4042 3580 4108 baptismo,

2017 4145 2071 4191 et
2106 4136 2295 4204 ingens
2323 4135 2446 4190 inde
2475 4137 2580 4190 erit
2619 4137 2911 4200 damnum;
2955 4136 3048 4203 qui
3083 4135 3226 4188 enim
3258 4149 3362 4187 non
3415 4134 3589 4201 bapti-

2019 4238 2172 4282 zatus
2208 4227 2528 4289 fuerit.,non
2575 4227 2757 4282 salvus
2789 4227 2910 4280 erit.
2946 4225 3390 4296 Oportetautem,
3418 4239 3588 4291 quan-

2017 4330 2131 4372 tum
2173 4317 2286 4371 ﬁeri
2318 4326 2512 4385 potest,
2546 4317 2839 4384 baptismos
2879 4331 3000 4370 cum
3032 4315 3374 4370 solemnitate
3412 4325 3463 4369 et
3491 4328 3561 4382 po

2020 4414 2208 4462 testate
2232 4407 2489 4472 conferri,
2513 4407 2953 4476 sacerdotemque
2975 4422 3093 4460 esse
3109 4407 3412 4475 diligentem
3433 4415 3480 4459 et
3501 4421 3598 4460 so-

343 4494 432 4546 καὶ
457 4493 559 4562 τῆς
591 4491 937 4550 ἀναστάσεως
991 4487 1088 4557 τὴν
1136 4485 1435 4540 ἀθανασίαν
1477 4485 1568 4537 καὶ
1608 4483 1917 4552 ἀφθαρσίαν

2023 4500 2222 4563 brium,
2254 4515 2378 4553 nam
2404 4501 2697 4553 maximitm
2723 4496 2813 4552 Dei
2835 4514 2970 4566 opus
2991 4507 3261 4566 operatur,
3289 4496 3593 4565 nempehov

343 4580 764 4652 ἐλάϐομεν,καὶ
821 4580 920 4648 τὴν
982 4578 1280 4648 μέλλουσαν
1348 4576 1566 4644 ἐκείνην
1635 4575 1922 4643 ἐλπίζομεν

345 4673 646 4727 ἀνάστασίν
684 4689 740 4724 τε
772 4674 864 4723 καί
890 4670 1258 4733 ἁνακαίνισιν,
1296 4668 1393 4722 καὶ
1439 4667 1583 4737 ζωὴν
1635 4669 1734 4734 τὴν
1788 4666 1920 4720 αἰώ-

346 4783 474 4829 νιον,
505 4762 578 4838 ἧς
608 4766 796 4833 γέγονε
821 4766 1050 4834 Χριστὸς
1073 4763 1320 4834 ἀπαρχὴ,
1351 4765 1379 4816 ὁ
1435 4763 1594 4832 μόνος
1655 4761 1730 4814 ῶν
1791 4761 1924 4814 ἀνα-

349 4859 650 4928 μάρτητος,
690 4857 876 4910 παθὼν
903 4857 1041 4924 ὑπὲρ
1073 4856 1228 4924 ἡμῶν
1276 4854 1383 4906 τῶν
1428 4853 1792 4922 ἁμαρτωλῶν,
1829 4853 1922 4905 καὶ

349 4950 374 4998 ὁ
406 4951 478 5020 μὴ
507 4951 743 5017 ὀφείλων
776 4949 1086 5007 ἀποθανεῖν,
1122 4946 1194 5008 ὼ;
1249 4945 1328 5016 μὴ
1374 4946 1702 5016 ἁμαρτήσας
1760 4945 1918 5010 ὅλως,

354 5039 488 5111 ὑπὲρ
517 5041 678 5112 ἡμῶν
705 5039 1010 5093 ἀποθανών.
1062 5039 1124 5091 Ἢ
1155 5041 1262 5107 γλρ
1295 5039 1538 5108 ἁμαρτία
1571 5036 1663 5090 τοῦ
1692 5036 1920 5089 θανάτου

357 5133 466 5183 ἐστί
488 5134 546 5186 τὸ
575 5134 823 5203 κέντρον,
859 5132 932 5194 ὡς
978 5133 1202 5193 Ἡσαΐας
1233 5133 1328 5183 καὶ
1394 5130 1603 5189 Παῦλος
1645 5131 1916 5197 λέγουσιν,

356 5220 691 5294 ἦτοιήάρχὴ
741 5223 836 5275 καὶ
896 5223 1019 5292 ῥίζα
1073 5225 1166 5275 καὶ
1231 5223 1506 5291 πρόξενος.
1561 5222 1733 5283 Αὐτὸς
1788 5222 1844 5273 δὲ
1894 5223 1921 5273 ὁ

359 5308 584 5379 Χριστὸς
615 5316 688 5383 μὴ
717 5314 1034 5382 πεποιηκὼς
1085 5315 1380 5383 ἁμαρτίαν,
1432 5313 1526 5366 καὶ
1575 5311 1649 5381 μὴ
1691 5312 1923 5378 ὀφείλων

364 5401 672 5464 ἀποθανεῖν,
696 5404 932 5456 ἀπέθανε
961 5403 1027 5455 δι’
1055 5406 1201 5472 ἡμᾶς
1235 5421 1248 5433 ·
1283 5404 1378 5456 καὶ
1416 5403 1500 5456 διὰ
1531 5403 1686 5458 τοῦτο
1719 5420 1921 5471 καταρ-

364 5493 532 5556 γήσας
559 5495 648 5546 τὸν
689 5493 936 5558 θάνατον,
980 5497 1359 5566 ὲξεγήγερται,
1425 5496 1518 5548 καὶ
1565 5497 1630 5547 τΞι
1677 5496 1920 5563 ἡμέτερα

365 5579 504 5650 πάθη
526 5584 745 5644 καὶτὴν
776 5587 1099 5656 κατάκρισιν
1146 5589 1320 5654 ἔλυσε,
1380 5586 1568 5640 παθὼν
1621 5588 1648 5638 ὁ
1704 5587 1920 5655 ἀπαθὴς

364 5667 426 5720 δι’
457 5672 644 5728 ἑαυτοῦ
673 5692 688 5707 ο
719 5679 1006 5747 γενόμενός
1035 5697 1091 5732 τε
1136 5681 1374 5751 ἀρχηγὸς
1407 5685 1503 5752 τῆς
1546 5685 1692 5752 ζωῆς
1738 5682 1918 5748 ἡμῶν,

365 5759 439 5822 εἰς
470 5763 588 5826 τοὺς
642 5767 898 5838 οὐρανοὺς
967 5771 1261 5842 ἀνελήφθη.
1309 5774 1417 5828 Καὶ
1472 5776 1520 5827 ei
1585 5773 1918 5842 ἐνῖεῖυμὲνει

2027 4593 2188 4646 minis
2209 4593 2674 4646 instaurationem.
2707 4591 2808 4645 Sed
2831 4593 2895 4644 ad
2917 4591 3251 4660 propositum
3281 4589 3591 4644 redeamus.

2027 4683 2307 4739 Prazeunte
2341 4683 2616 4753 pontifice,
2636 4682 2852 4736 adducit
2889 4681 3219 4750 baptizatum
3254 4694 3489 4751 sponsor
3527 4681 3593 4733 ad

2025 4791 2234 4831 sacram
2264 4773 2554 4843 piscinam,
2596 4787 2734 4842 prses
2758 4771 2988 4827 libenter
3011 4772 3375 4826 accedentem.
3404 4772 3596 4826 Adstat

2024 4867 2269 4937 pontifex
2297 4865 2574 4919 Christum
2602 4867 2776 4933 ipsum
2808 4864 3070 4929 referens,
3105 4865 3223 4933 ejus
3260 4864 3464 4919 habens
3498 4877 3593 4932 po-

2026 4966 2298 5018 testatem,
2329 4964 2383 5009 et
2418 4956 2653 5025 repletur
2691 4957 2896 5025 piscina
2929 4971 3068 5026 aqua
3098 4955 3387 5010 Jordanem
3419 4954 3596 5021 expri-

2025 5063 2202 5102 mens.
2240 5047 2630 5102 Accenduntur
2650 5048 2809 5101 etiam
2840 5047 3045 5100 lumina
3071 5047 3270 5114 quibus
3289 5046 3593 5100 ostenditur

2026 5139 2266 5208 Spiritus
2299 5140 2647 5205 illuminatio,
2689 5152 2736 5194 ct
2767 5141 2904 5209 quia
2943 5139 3248 5210 baptizatus
3267 5153 3332 5192 ex
3357 5136 3594 5190 tenebris

2027 5233 2178 5286 venit
2200 5233 2264 5286 ad
2297 5233 2468 5287 lucem
2504 5245 2557 5287 et
2586 5233 2698 5303 jam
2732 5233 2790 5288 ﬁt
2824 5233 2967 5287 [ilius
2998 5232 3155 5286 lucis.
3189 5230 3408 5285 Circum
3458 5229 3594 5282 alta-

2024 5339 2084 5378 re
2108 5326 2231 5378 thus
2260 5323 2500 5378 incendit
2532 5323 2794 5391 pontifex,
2823 5324 3023 5376 bonum
3053 5322 3278 5375 odorem
3312 5329 3366 5374 et
3393 5320 3594 5374 sancti-

2027 5414 2332 5466 licationem
2394 5411 2628 5479 Spiritus
2689 5411 3024 5481 signiﬁcans.
3086 5409 3177 5478 qui
3240 5424 3454 5463 onmem
3496 5409 3596 5462 luit

2025 5515 2368 5577 peccatorum
2394 5505 2663 5567 faetorem,
2686 5512 2910 5557 sanctus
2940 5504 3084 5558 enim
3104 5502 3360 5572 Spiritus.
3394 5499 3595 5554 Deinde

2044 5596 2644 5652 lnnediciteteelebrat
2684 5593 2920 5664 pontifex
2956 5609 3175 5663 regnum
3239 5602 3439 5648 sancta:
3477 5591 3594 5646 Tri-

2024 5689 2210 5743 nitatis
2243 5688 2405 5742 unius
2442 5684 2554 5753 Dei,
2588 5700 2712 5740 nam
2742 5686 2854 5754 ipsa
2923 5694 3111 5756 regnat
3158 5685 3292 5752 sola,
3344 5692 3397 5737 et
3445 5696 3596 5737 nunc

2024 5782 2266 5850 ““élm'il
2300 5797 2328 5835 δ
2359 5778 2592 5842 maligno
2651 5777 2886 5848 eripiens
2924 5778 3123 5834 mundo
3180 5785 3588 5847 regeneratum.
