4090 6258
452 279 567 342 ςεε

1288 285 1673 347 ΞῩΜΕΟΧΙΞ
1704 286 2469 357 THESSALONICENSIS
2503 299 2863 366 ARCUIEP.

3601 301 3708 368 22!

355 430 363 437 -
459 397 650 452 Postea
688 396 848 451 dictis
879 413 906 452 a
930 398 1160 453 diacono
1184 400 1337 471 paris
1370 402 1621 470 precibus
1669 410 1725 456 et
1774 400 2031 457 obsecra-

2153 409 2305 477 ἡμεῖς
2333 409 2501 466 αὑτὸν
2526 412 2605 481 τῷ
2632 413 2995 484 βαπτίσματι,
3029 416 3373 489 ἁπόὗρανοῦ
3416 418 3579 472 αὐτον
3624 423 3715 474 tx-

460 489 719 551 tionibus,
750 500 803 543 et
834 490 1035 557 popu'o
1062 490 1331 547 clamante
1362 508 1377 546 :
1406 492 1589 560 Krrie,
1628 494 1857 557 eleison,
1910 510 2035 551 nam

456 598 585 636 vere
612 599 803 651 magna
845 582 918 636 ibi
952 583 1266 639 ilccernitur
1318 585 1716 652 misericirdia,
1771 587 1825 642 in
1866 588 2035 644 lilium

458 674 708 741 adoptato
732 689 798 728 eo
828 676 919 744 qui
982 676 1135 745 prius
1190 686 1308 731 erat
1372 687 1625 747 peccator
1654 687 1708 734 et
1760 679 2036 745 inimicus,

457 765 698 835 pontifex
735 783 833 835 pro
863 768 1157 838 semetipso
1188 784 1282 825 ore
1314 786 1413 826 suo
1444 780 1698 840 precatur
1759 773 2039 840 postulans

459 866 565 912 uta
607 858 716 912 Deo
771 861 1061 931 puritatem
1095 871 1150 918 et
1181 864 1623 934 propitiationem
1654 865 1915 928 inveniat,
1972 882 2039 921 ne

456 953 585 1006 dum
610 952 748 1008 alios
778 964 993 1025 purgat,
1018 954 1135 1023 ipse
1166 956 1408 1024 peccatis
1443 957 1761 1025 inquinatus
1794 958 2043 1013 invenia-

459 1055 571 1111 tur;
605 1046 858 1101 virtutem
887 1048 1050 1102 etiam
1086 1047 1332 1118 deposcit
1383 1055 1439 1104 et
1499 1050 1729 1119 gratiam
1794 1051 1932 1107 bene
1986 1061 2042 1108 et

458 1140 803 1193 convenienti
855 1140 1017 1195 modo
1069 1141 1329 1211 mysterio
1385 1141 2037 1211 ministrandiﬂagnnm

458 1228 604 1282 enim
636 1239 715 1283 est
739 1230 1057 1301 mysterium
1084 1232 1294 1300 angelis
1324 1233 1830 1297 circumstantibus,
1875 1234 2039 1288 Chri-

460 1330 546 1373 sto
581 1318 812 1375 formam
852 1322 1009 1392 aquis
1045 1323 1332 1394 largiente,
1372 1323 1575 1394 Spiritu
1626 1337 1819 1383 sancto
1872 1328 2039 1383 adve-

460 1413 664 1477 niente,
689 1420 744 1469 et
769 1415 1040 1483 baptizata
1069 1432 1133 1472 ex
1158 1464 1161 1465 ν
1190 1418 1397 1486 polluto
1424 1428 1481 1473 et
1521 1431 1808 1490 peccatore
1838 1430 1894 1475 et
1940 1419 2043 1474 im-

461 1508 667 1559 mundo
699 1517 752 1562 et
783 1508 1008 1564 inimico
1035 1519 1090 1564 et
1111 1521 1372 1580 corrupto
1394 1510 1508 1578 jam
1559 1522 1748 1568 sancto
1797 1520 1853 1568 et
1881 1527 2035 1582 puro,

458 1610 512 1653 et
539 1598 649 1652 lilio
674 1599 762 1653 Dei
798 1611 852 1655 et
883 1601 1286 1672 incorruptibili
1322 1605 1487 1660 laeto.
1540 1604 1585 1661 Ο
1637 1622 1886 1677 magnam
1918 1622 2042 1678 gra-

457 1692 588 1746 tiam
618 1693 631 1746 l
664 1693 708 1749 Ο
740 1693 943 1748 donum
973 1695 1062 1749 Dei
1089 1697 1103 1751 l
1137 1695 1180 1750 0
1207 1698 1482 1764 ingentem
1526 1714 1655 1767 erga
1684 1714 1786 1755 nos
1839 1700 2040 1756 beneﬁ-

460 1786 714 1838 eicntiam
779 1798 832 1839 et
887 1788 1153 1855 gratiam!
1230 1790 1357 1844 Ideo
1422 1791 1707 1860 completis
1765 1794 2039 1860 precibus,

461 1874 709 1934 pontifex
771 1878 840 1930 ab
891 1877 1144 1931 oratione
1201 1895 1552 1951 exsurgens:
1611 1902 1631 1935 ι
1685 1882 1913 1952 Magnus
1962 1898 2039 1953 es,

462 1965 713 2033 nomine,
740 1966 959 2035 clamat,
997 1979 1048 2022 et
1075 1972 1343 2026 mirabilia
1369 1987 1553 2043 Opera,
1576 1982 1690 2031 tua.
1722 1995 1741 2027 ι
1771 1976 1924 2043 Quod
1965 1986 2046 2031 ter

464 2056 647 2121 iterat,
676 2058 977 2116 trinitatem
1012 2061 1233 2117 dcitatis
1259 2063 1512 2131 laudans,
1532 2075 1588 2119 et
1609 2066 2041 2122 benefacientem

463 2149 844 2219 tnagniftrans.
874 2151 1076 2209 Deinde
1108 2155 1173 2208 ad
1202 2156 1547 2213 incarnatum
1617 2175 1713 2227 pro
1740 2159 1897 2215 nobis
1951 2161 2045 2215 Dei

463 2240 661 2296 Fdium
707 2246 1015 2301 orationem
1046 2248 1283 2316 erigens,
1313 2250 1543 2318 ejusque
1565 2267 1595 2306 a
1624 2252 1903 2323 principio
1926 2269 2046 2309 om-

460 2334 553 2396 nia
578 2349 855 2405 exponens
883 2339 1169 2409 miracula,
1205 2344 1526 2413 mysterium
1552 2346 1672 2415 ejus
1710 2357 1765 2401 et
1795 2349 2047 2404 incarna-

467 2434 670 2489 tionem
702 2451 765 2489 εκ
814 2435 1033 2508 Virgine
1056 2438 1109 2492 in
1139 2437 1343 2506 Spiritu
1399 2437 1670 2495 factamin
1725 2442 2044 2498 memoriam

463 2536 683 2581 revocat
741 2528 968 2598 ejusque
1011 2529 1063 2584 in
1108 2528 1350 2586 Jordane
1396 2530 1731 2601 baptismum
1786 2547 1899 2602 quo
1947 2547 2048 2589 nos

373 2683 377 2688 ν
463 2619 787 2675 instauravit
819 2620 1171 2692 confringens
1201 2624 1379 2691 capita
1433 2622 1735 2678 draconum
1796 2625 1848 2677 in
1883 2637 2046 2693 aqua,

463 2722 628 2783 prout
657 2714 796 2768 dixit
853 2713 1148 2782 Propheta.
1216 2716 1342 2769 Ideo
1404 2715 1735 2783 deprecatur
1797 2731 1925 2769 eum
1991 2723 2051 2769 ut

466 2806 617 2861 adsit
650 2822 746 2872 per
775 2808 1153 2862 advenientem
1181 2807 1442 2877 Spiritum
1479 2816 1733 2863 sanctum
1765 2814 1820 2862 et
1851 2822 2048 2877 aquam

469 2900 800 2961 sanetitiret,
827 2916 950 2954 nam
984 2900 1253 2954 indivisus
1286 2910 1370 2956 est
1393 2899 1563 2957 Filius
1589 2916 1618 2956 a
1650 2901 1811 2956 Patre
1835 2912 1892 2958 et
1922 2901 2048 2970 Spi-

466 2992 600 3054 ritu,
627 3003 683 3047 et
703 2995 1014 3048 communis
1042 3004 1126 3048 est
1147 2994 1227 3049 eis
1260 2995 1455 3062 gratia.
1491 2994 1598 3050 Ter
1631 3009 1828 3064 aquam
1882 3010 2044 3049 manu

2142 502 2418 572 δεχόμεθα
2448 522 2462 537 ο
2497 507 2587 558 ὅτε
2611 508 2709 561 καὶ
2740 508 3039 577 ἀναστήσει
3063 511 3230 577 ἡμᾶς,
3263 510 3355 562 καὶ
3384 508 3481 580 τὴν
3508 511 3716 580 ἀφθαρ-

2143 598 2266 648 σίαν
2292 598 2499 661 τελέως
2532 601 2857 671 χορηγήσει,
2894 596 2962 674 ἦς
2991 590 3118 665 τοὺς
3143 601 3472 674 ἀρραϐῶνας
3503 603 3600 657 νῦν
3629 603 3717 658 διὰ

2142 686 2236 739 τοῦ
2262 687 2648 757 βαπτίσματος
2680 693 2932 750 δέδωκεν.
2967 696 3158 766 Ὅμως
3190 696 3287 750 καὶ
3325 697 3383 748 ἐν
3405 701 3569 749 παντὶ
3597 713 3717 750 και-

2144 778 2223 847 ρῷ
2248 779 2550 848 ἀναγκαῖόν
2582 785 2701 838 ἐστι
2733 784 3040 854 βαπτίζειν,
3073 787 3148 858 μή
3201 787 3333 840 ποτέ
3380 805 3435 841 τι
3490 787 3718 856 κώλυμα

2141 871 2387 938 γένηται,
2420 875 2516 928 καί
2546 892 2633 937 τις
2685 877 2894 951 ἀπέλθῃ
2938 879 3207 949 ἀμύητος,
3261 881 3507 932 τουτέστι
3551 880 3719 946 χωρὶς

2146 962 2551 1034 βαπτίσματος.
2588 970 2697 1022 Καὶ
2722 969 2949 1040 πλείστη
2972 971 3041 1025 ἐκ
3078 970 3268 1025 τούτου
3319 970 3474 1023 ἔσται
3524 970 3717 1039 ζημία.

2152 1055 2216 1109 '0
2242 1057 2352 1127 γὰρ
2386 1058 2461 1128 μὴ
2492 1059 2812 1129 βαπτισθεὶς
2833 1063 2896 1115 οὐ
2934 1063 3261 1134 σωθήσεται.
3295 1066 3423 1118 Δέον
3477 1065 3535 1120 δέ
3593 1066 3719 1118 ὅσον

2140 1149 2379 1219 ἐγχωρεί
2416 1154 2590 1205 ποιεῖν
2611 1154 2679 1206 τὰ
2712 1154 3069 1225 βαπτίσματα
3130 1156 3268 1225 μετὰ
3330 1157 3719 1227 λαμπρότητός

2139 1255 2199 1291 τε
2224 1243 2319 1293 καὶ
2346 1242 2652 1305 εὐλαϐείας.
2677 1244 2782 1297 Τὸν
2807 1247 2956 1315 ἱερέα
2981 1262 3043 1299 τε
3075 1248 3184 1317 χρὴ
3236 1249 3600 1317 προσεκτικδν
3626 1253 3721 1302 καὶ

2139 1331 2404 1400 νηφάλιον
2424 1330 2586 1389 εἶναι.
2630 1334 2737 1388 Τοῦ
2774 1336 2912 1391 θεοῦ
2947 1337 3057 1409 γὰρ
3124 1339 3187 1393 τὸ
3247 1340 3507 1409 μέγιστον
3558 1341 3721 1409 ἔργον

2140 1424 2437 1494 διενεργεί,
2464 1426 2565 1496 τὴν
2591 1429 2702 1481 τῶν
2732 1431 3040 1501 ἀνθρώπων
3084 1432 3418 1487 ἀνάπλασιν.
3460 1433 3599 1488 Ἀλλ’
3631 1433 3723 1487 ἐπὶ

2141 1517 2202 1569 τὸ
2227 1519 2596 1587 προκείμενον
2627 1519 2898 1591 ῑλθωμεν.
2929 1521 3038 1575 Τοῦ
3098 1523 3405 1594 ἀρχιερέως
3453 1541 3724 1593 προηγου-

2146 1610 2334 1676 μένου,
2373 1613 2645 1681 προσάγει
2671 1615 2762 1668 τὸν
2803 1615 3203 1686 βαπτιζόμενον
3257 1621 3297 1672 ό
3343 1619 3598 1689 ἁνὰδοχος
3655 1621 3723 1690 τῇ

2146 1702 2269 1774 ἱερᾷ
2321 1706 2676 1777 κολυμϐήθρα
2712 1721 2727 1737 ⁸
2782 1708 2812 1759 ό
2883 1709 3236 1779 ἐγγυώμενος
3298 1711 3391 1765 τὸν
3463 1713 3726 1775 ἑκουσίως

2148 1799 2614 1867 προσερχόμενον.
2647 1800 2758 1853 Kal
2791 1802 3005 1857 ἵσταται
3035 1805 3061 1857 ό
3109 1805 3420 1874 ἀρχιερεὺς,
3448 1806 3538 1860 τὺν
3592 1806 3730 1875 Χρι-

2150 1890 2280 1942 στὸν
2310 1891 2473 1943 αὐτὸν
2501 1893 2779 1954 ἐκτυπῶν,
2804 1895 2904 1964 τὴν
2929 1895 3093 1950 αὐτοῦ
3120 1896 3351 1965 δύναμιν
3397 1899 3559 1967 ἔχων.
3619 1898 3727 1954 Καὶ

2148 1981 2455 2051 πληροῦται
2479 1984 2513 2053 ή
2548 1984 2909 2057 κολυμϐήθρα
2960 1986 3173 2055 ὓδατος,
3207 1989 3298 2043 τὸν
3332 1990 3605 2058 Ἰορδάνην
3634 2010 3731 2046 τυ-

2147 2072 2350 2129 ποῦσα.
2381 2076 2490 2130 Καὶ
2514 2076 2851 2131 ἀνάπτονται
2880 2079 3055 2146 φῶτα,
3083 2080 3176 2133 τὸν
3203 2081 3483 2151 φωτισμὸν
3504 2081 3728 2153 δηλοῦν-

2148 2182 2217 2218 τα
2238 2166 2333 2219 τοῦ
2367 2167 2714 2237 Πνεῦματος’
2740 2171 2832 2224 καὶ
2864 2172 2945 2225 ὅτι
2997 2171 3025 2224 ὁ
3074 2171 3470 2243 βαπτιζόμενος
3523 2176 3586 2228 ἐκ
3624 2174 3720 2229 τοῦ

2151 2259 2379 2321 σκότους
2402 2259 2619 2329 ἔρχεται
2648 2260 2784 2331 προς
2815 2264 2874 2314 τδ
2910 2262 3047 2332 φῶς,
3104 2264 3197 2319 καὶ
3231 2265 3347 2328 υίὸς
3396 2266 3575 2334 φωτὸς
3627 2267 3726 2337 ήδη

2148 2347 2380 2415 γίνεται.
2407 2350 2593 2421 θυμιᾷ
2622 2367 2682 2404 τε
2721 2352 2908 2424 κύκλῳ
2946 2352 3045 2422 τὴν
3083 2355 3471 2427 κολυμϐήθραν
3490 2358 3517 2410 ό
3545 2356 3731 2425 ἀρχιε-

2154 2441 2302 2509 ρεὺς,
2333 2442 2432 2512 τὴν
2455 2443 2690 2497 εὐωδίαν
2719 2445 2814 2498 καὶ
2847 2446 3156 2516 ἁγιωσύνην
3180 2446 3356 2517 δηλῶν
3409 2447 3503 2501 τοῦ
3554 2449 3730 2501 Ilvati-

2153 2548 2346 2601 ματος,
2377 2530 2471 2586 τοῦ
2497 2535 2682 2587 πᾶσαν
2736 2534 3006 2590 δυσωδίαν
3068 2538 3484 2607 ἁμαρτημάτων
3533 2537 3732 2593 ἐκπλύ-

2149 2639 2351 2677 νοντοῖ.
2379 2624 2485 2694 81
2514 2624 2706 2693 Ἀγιον
2732 2625 2841 2695 γὰρ
2872 2625 2930 2678 τὸ
2961 2627 3202 2697 Πνεῦμα.
3231 2624 3364 2682 Εἶτα
3400 2628 3610 2698 εἰλογεῖ
3634 2630 3729 2682 καὶ

2151 2715 2312 2783 ὑμνεί
2338 2715 2438 2786 τὴν
2473 2717 2754 2786 βασιλείαν
2789 2717 2890 2785 τῆς
2919 2718 3083 2787 ἁγίας
3130 2718 3361 2787 Τριάδος
3417 2719 3513 2774 τοῦ
3569 2720 3730 2791 μόνου

2150 2804 2288 2858 Θεοῦ
2321 2808 2349 2861 ό
2378 2808 2697 2877 ἀρχιερεύς.
2727 2809 2881 2879 Μόνη
2912 2811 3023 2881 γὰρ
3070 2809 3208 2882 αῦτη
3267 2811 3579 2880 βασιλεύει·
3639 2816 3733 2867 καὶ

2150 2898 2232 2950 ὅτι
2262 2898 2359 2952 νῦν
2385 2900 2759 2969 ἐϐασίλευσεν,
2796 2902 2861 2956 ἐκ
2891 2902 2987 2957 τοῦ
3022 2905 3263 2978 πονηροῦ
3306 2907 3591 2978 ῥυσαμένη
3641 2908 3732 2959 τὸν

2151 2990 2276 3058 ἄρτι
2298 2990 2767 3062 ἁναγεννώμενον.
2795 2991 2927 3049 Εἶτα
2953 2996 3266 3065 λεγομένων
3290 2997 3400 3051 τῶν
3440 2999 3732 3070 εἰρηνικῶν

466 3086 521 3139 in
558 3074 786 3141 formam
821 3088 1004 3141 crucis
1055 3086 1254 3155 signat,
1288 3085 1567 3140 Christum
1625 3096 2040 3154 repraesentans.

2156 3083 2471 3153 προσευχῶν
2504 3085 2599 3138 καὶ
2628 3087 2897 3157 αἰτήσεων
2953 3089 3105 3154 παρὰ
3162 3087 3255 3141 τοῦ
3309 3089 3576 3149 διακόνου,
3638 3089 3732 3141 καὶ

466 3187 519 3229 et
546 3177 750 3247 ﬂagitat
775 3185 834 3231 ut
859 3193 978 3231 eam
1016 3177 1179 3232 iaciat
1240 3178 1443 3232 fontem
1515 3176 1943 3232 immortalitatis
1996 3187 2052 3232 et

469 3279 684 3322 ca'tera.
726 3268 930 3323 Deinde
983 3269 1132 3323 brevi
1195 3270 1382 3339 elapso
1437 3281 1715 3340 tempore,
1774 3286 1963 3327 rursus
1995 3271 2050 3326 in

471 3373 672 3424 aquam
698 3367 780 3409 ter
811 3357 1051 3412 iusulllnt
1079 3358 1316 3412 divinam
1346 3360 1393 3414 ei
1421 3362 1651 3429 gratiam
1682 3345 2047 3429 copiosiorem

474 3448 796 3515 infundens,
821 3436 1096 3505 Christum
1127 3450 1368 3516 imitans,
1395 3451 1634 3508 etillttd:
1669 3469 1689 3503 ι
1719 3450 1784 3505 Ει
1816 3451 2051 3523 Spiritus

476 3541 573 3595 Dei
607 3541 884 3598 ferebatur
908 3558 1072 3610 super
1096 3558 1290 3613 aquas,
1317 3563 1338 3597 t
1367 3560 1588 3601 rursum
1653 3563 1754 3619 per
1782 3547 2051 3618 baptisma

475 3637 592 3691 fieri
615 3638 996 3704 comprobatus.
1033 3636 1182 3692 Illam
1206 3651 1426 3707 quoque
1455 3639 1649 3694 iterum
1674 3655 1836 3699 manu
1872 3640 2053 3709 signat

475 3745 695 3787 crucem
724 3729 986 3800 figurans,
1014 3742 1068 3786 et
1121 3735 1196 3786 ait
1227 3750 1241 3786 :
1281 3751 1299 3784 ι
1323 3731 1753 3802 Confringantur
1791 3748 1821 3788 a
1873 3734 2053 3802 signa-

476 3823 600 3876 culo
622 3823 760 3892 signi
780 3824 961 3878 crucis
995 3832 1100 3877 tua:
1124 3839 1316 3878 omnes
1339 3825 1663 3879 adversariae
1686 3832 2000 3893 potestates.
2027 3841 2047 3875 ι

476 3915 683 3970 Caetera
719 3927 900 3971 autem
936 3916 1066 3970 dicit
1125 3925 1186 3969 ut
1247 3917 1510 3984 spiritalis
1571 3916 1641 3971 sit
1694 3931 1836 3985 aqua
1895 3924 2055 3985 atque

478 4014 666 4061 sancta
700 4022 874 4073 neque
921 4008 975 4061 in
1005 4022 1067 4061 ea
1124 4009 1288 4062 lateat
1319 4007 1613 4077 quidquam
1661 4008 1905 4078 maligni,
1956 4008 2051 4065 sed

480 4103 663 4168 p:.tius
714 4102 807 4156 iiut
874 4100 924 4155 ei
992 4102 1304 4156 adversaria
1354 4116 1592 4171 euntque
1654 4103 1939 4171 propellat,
2002 4110 2057 4156 ct

480 4195 654 4263 possit
688 4194 989 4263 baptizatos
1023 4196 1077 4249 iu
1107 4209 1166 4248 ea
1193 4194 1438 4260 reticere,
1462 4194 1806 4249 sanctilicare
1832 4204 1883 4249 et
1916 4194 2055 4249 ﬁlios

480 4289 710 4343 reddere
735 4299 790 4343 et
816 4290 1018 4348 liberos
1050 4290 1185 4344 lucis
1214 4290 1449 4347 eliicere.
1478 4290 1571 4346 Sic
1600 4291 1768 4358 igitur
1796 4292 2056 4360 depreca-

481 4389 570 4434 tus
589 4389 642 4435 et
674 4382 797 4434 data
826 4396 957 4450 pace
990 4396 1109 4450 qua:
1140 4389 1223 4436 est
1270 4380 1432 4437 Jesus
1476 4381 1753 4446 Christus,
1799 4381 1871 4435 ibi
1912 4381 2054 4434 enim

482 4474 635 4529 adest
661 4489 764 4542 pax
796 4489 916 4544 qure
939 4483 1233 4543 exsuperat
1262 4463 1478 4529 omnem
1509 4488 1730 4527 sensum
1781 4472 2055 4533 Christus,

482 4565 598 4633 ipse
626 4580 845 4635 quoque
881 4582 1066 4636 pacem
1103 4565 1301 4636 accipit
1334 4566 1599 4636 pontifex.
1671 4563 1735 4619 Et
1797 4565 2056 4620 inclinato

483 4658 682 4725 rapite,
716 4657 771 4710 in
798 4655 1093 4723 semetip‘so
1117 4657 1311 4711 iterum
1331 4665 1602 4725 precatur,
1628 4654 2061 4721 in-tranquillita-

489 4756 561 4808 te,
595 4746 877 4813 paciﬁcum
912 4757 965 4801 et
992 4749 1264 4816 placidqu
1298 4748 1509 4816 ubique
1547 4748 1822 4801 adrocans
1874 4745 2057 4800 Jesum

487 4839 804 4893 dicentlozc
834 4837 912 4891 Tu
963 4839 1138 4907 quiin
1201 4839 1493 4894 Iordanem
1556 4840 1835 4910 ingressus
1890 4856 2059 4910 aquas

486 4929 860 4995 sanctiticasti,
889 4932 1079 4999 accipe
1106 4946 1205 4986 nos
1231 4946 1422 4985 servos
1442 4943 1565 4985 tuos
1588 4947 1775 4986 coram
1804 4941 1855 4986 te
1880 4932 2063 5001 proci-

485 5023 697 5089 dentes,
724 5032 775 5076 et
797 5024 1074 5077 sanctiﬁea
1130 5040 1300 5093 aquas
1366 5023 1495 5078 istas
1531 5033 1582 5078 et
1645 5040 1769 5085 nos,
1820 5030 2061 5094 ﬁantque

490 5115 647 5169 nobis
680 5116 733 5169 in‘
766 5115 1052 5170 sanitatem
1107 5119 1303 5170 animre
1327 5125 1381 5170 et
1410 5117 1685 5186 corporis.
1707 5136 1725 5168 ι
1780 5118 1842 5171 Et
1864 5130 2060 5171 exsur-

488 5223 642 5277 gens,
674 5219 987 5263 monstrans
1024 5210 1301 5264 Cluistum
1329 5225 1427 5265 nos
1454 5212 1630 5280 lapsos
1652 5211 1863 5281 erigere
1908 5210 2062 5279 hym-

490 5301 577 5355 nis
599 5318 721 5357 eum
740 5305 975 5357 celebrat
1002 5313 1258 5371 tanquam
1276 5302 1518 5355 omnium
1546 5303 2054 5357 sanctiﬁcatorem.)

490 5393 645 5447 'l'unc
683 5410 812 5464 ergo
844 5395 997 5463 plena
1051 5403 1137 5447 est
1184 5394 1385 5463 piscina
1446 5393 1708 5463 Spiritus,
1763 5405 1813 5449 et
1876 5404 2060 5449 sancta

490 5502 632 5554 aqua
661 5502 782 5555 qua:
812 5486 1161 5541 invisibiliter
1189 5485 1464 5553 Christum
1495 5488 1631 5555 gerit
1664 5487 1718 5539 iu
1752 5487 2063 5554 semetipsa.

494 5579 601 5634 Sed
643 5595 766 5634 cum
796 5589 1044 5651 oporteat
1073 5583 1234 5636 etiam
1266 5596 1383 5635 eam
1431 5596 1551 5636 esse
1610 5582 1824 5650 signum
1869 5580 2066 5635 dmino:

495 5675 913 5742 tnisericordia',
947 5675 1050 5731 hoc
1098 5690 1315 5746 quoque
1370 5676 1498 5741 facit
1555 5684 1804 5729 sanctum
1848 5673 2059 5738 oleum;

493 5782 655 5841 aqum
686 5768 828 5822 cnim
860 5764 1128 5840 signiﬁcat
1151 5768 1483 5827 ablutionem
1506 5775 1559 5822 ct
1588 5765 1985 5838 purgationem,
2016 5778 2067 5819 et

2152 3175 2246 3228 τοῦ
2280 3175 2412 3229 λαοῦ
2470 3176 2550 3241 τὸ,
2584 3196 2603 3229 ι
2633 3178 2828 3249 Κύριε,
2864 3178 3110 3248 ἐλέησον,
3151 3198 3170 3232 ›
3207 3179 3528 3243 ἐκϐοῶντος·
3564 3178 3732 3242 ὅντως

2154 3268 2266 3338 γὰρ
2306 3270 2482 3323 ἐκεῖσε
2506 3270 2566 3323 τὸ
2594 3271 2687 3325 τοῦ
2714 3270 2851 3325 Θεοῦ
2906 3272 3050 3343 μέγα
3089 3272 3516 3342 ἐπιϐραϐεύεται
3563 3271 3731 3335 ἔλεος,

2153 3362 2564 3431 υίοθετουμένου
2607 3362 2704 3417 τοῦ
2755 3362 2886 3431 πρὶν
2958 3363 3155 3435 ἐχθροῦ
3208 3381 3266 3417 τε
3316 3363 3415 3417 καὶ
3472 3363 3725 3431 ἐναγοῦς,

2154 3456 2182 3506 ὁ
2203 3454 2498 3523 ἀρχιερεὺς
2526 3454 2606 3516 εἰς
2631 3454 2827 3507 ἐαυτὸν
2856 3453 3076 3525 εὔχεται
3105 3453 3247 3524 ὑπὲρ
3276 3452 3498 3517 ἑαυτοῦ,
3556 3453 3733 3521 ζητῶν

2154 3545 2218 3598 ἐκ
2241 3545 2376 3599 Θεοῦ
2403 3546 2673 3616 κάθαρσίν
2703 3563 2762 3598 τε
2812 3546 2907 3598 καὶ
2971 3547 3201 3616 ίλασμδν
3262 3547 3463 3617 εὑρεῖν,
3518 3548 3605 3600 ἵνα
3658 3545 3734 3615 μὴ

2155 3635 2349 3699 ἄλλους
2378 3636 2678 3707 καθαίρων,
2713 3636 2878 3697 αὐτὸς
2910 3637 3325 3707 μεμολυσμένος
3386 3640 3509 3702 ταῖς
3555 3638 3736 3706 ἁμαρο

2153 3729 2299 3791 τίαις
2324 3729 2543 3800 εὒρεθῇ.
2579 3730 2688 3783 Kal
2726 3731 2879 3800 ἰσχὺν
2902 3729 3195 3794 ἐξαιτετται
3230 3731 3323 3783 καὶ
3345 3731 3524 3802 χάριν.
3558 3729 3735 3793 καλῶς

2154 3840 2215 3875 τε
2253 3825 2349 3876 καὶ
2369 3824 2445 3886 ὡς
2470 3824 2677 3894 πρέπον
2710 3825 2861 3878 ἐστὶν
2886 3823 3299 3893 ἑξυπηρετῆσαι
3320 3825 3397 3893 τῷ
3430 3825 3732 3894 μυστηρίῳ.

2157 3915 2312 3983 Μέγα
2342 3916 2453 3988 γὰρ
2487 3917 2549 3970 τὸ
2614 3917 2934 3987 μυστήριον,
2965 3917 3215 3985 ἀγγέλων
3275 3916 3732 3987 περιισταμένων,

2158 4008 2395 4077 Χριστοῦ
2437 4009 2830 4080 μορφουμένου
2863 4012 2974 4071 τοῖς
3009 4009 3186 4075 ὕδασι,
3230 4010 3551 4077 Πνεῦματος
3576 4008 3735 4076 ἁγίου

2160 4101 2569 4169 ὲπιφοιτῶντος,
2605 4103 2698 4155 καὶ
2724 4101 2820 4155 τοῦ
2846 4101 3244 4174 βαπτιζομένου
3273 4103 3382 4155 ἀπὸ
3417 4100 3737 4173 ῥερυπωμέ-

2160 4210 2252 4246 νου
2290 4195 2386 4247 καὶ
2426 4193 2755 4264 ἁμαρτωλοῦ
2787 4196 2881 4250 καὶ
2912 4195 3227 4268 ἀκαθάρτου
3258 4197 3352 4249 καὶ
3400 4196 3597 4266 ἐχθροῦ
3644 4197 3740 4248 καὶ

2161 4287 2403 4353 φθαρτοῦ
2441 4287 2600 4356 ἁγίου
2637 4290 2928 4359 γινομένου
3000 4290 3096 4343 καὶ
3164 4290 3409 4359 καθαροῦ
3468 4291 3562 4344 καὶ
3620 4287 3738 4342 υἰοῦ

2162 4378 2296 4431 Θεοῦ
2328 4380 2423 4433 καὶ
2457 4380 2760 4450 ἀφθάρτου.
2824 4381 2889 4435 Ὢ
2938 4380 3038 4451 τῆς
3097 4383 3342 4451 μεγάλης
3394 4383 3615 4452 χάριτος
3645 4382 3660 4435 l
3693 4382 3740 4434 ὣ

2163 4470 2262 4538 τῆς
2292 4471 2504 4541 δωρεᾶς
2536 4474 2632 4525 τοῦ
2656 4472 2793 4527 Θεοῦ
2816 4474 2830 4527 ἰ
2868 4471 2914 4527 ὢ
2938 4473 3039 4543 τῆς
3060 4474 3198 4543 πρὸς
3225 4477 3372 4543 ἡμᾶς
3420 4473 3740 4545 εὐεργεσίας

2161 4546 2255 4617 καλ
2280 4562 2502 4631 χάριτος
2530 4564 2543 4615 l
2578 4565 2673 4617 Διὸ
2703 4566 2797 4619 καὶ
2857 4565 3246 4636 πληρωθεισῶν
3282 4566 3391 4619 τῶν
3445 4566 3737 4634 αἰτήσεων,

2160 4653 2462 4718 ἐξαναστάς
2488 4657 2514 4708 ὁ
2536 4658 2827 4725 ἀρχιερεὺς
2860 4658 2969 4711 ἀπὸ
3013 4658 3111 4724 τῆς
3140 4658 3331 4729 εὐχῆς,
3363 4677 3379 4709 ι
3418 4659 3604 4727 Μέγας
3665 4655 3737 4724 εἷ,

2161 4746 2358 4815 Κύριε,
2387 4746 2574 4817 ἐκϐοᾷ,
2604 4749 2697 4800 καὶ
2717 4748 3085 4817 θαυμαστὰτὰ
3112 4748 3248 4818 ἔργα
3281 4766 3428 4811 σου.»
3457 4749 3565 4802 Kal
3584 4748 3741 4802 τοῦτο

2162 4837 2471 4904 ἀνακράζει
2493 4839 2634 4909 τρὶς,
2657 4839 2718 4891 τὸ
2751 4841 2973 4909 τρισσὸν
3003 4839 3258 4907 ἁνυμνῶν
3292 4842 3391 4907 τῆς
3450 4839 3735 4910 Θεότητος,

2162 4929 2254 4981 καὶ
2282 4929 2598 4999 μεγαλύνων
2626 4932 2717 4981 τὸν
2743 4932 3060 4998 εὐεργέτην.
3097 4928 3228 4985 Εἶτα
3280 4932 3417 5002 πρδς
3463 4931 3553 4984 τὸν
3616 4947 3744 5001 σαρ-

2162 5020 2412 5073 κωοέντα
2438 5020 2581 5091 ὑπὲρ
2617 5020 2775 5091 ἡμῶν
2807 5021 2935 5073 Υἱὸν
2972 5021 3064 5074 τοῦ
3091 5020 3225 5076 Θεοῦ
3255 5025 3356 5093 τὴν
3406 5022 3571 5093 εὐχὴν
3610 5022 3741 5076 ἀνα-

2170 5111 2371 5181 φέρων,
2400 5111 2497 5164 καὶ
2548 5111 2616 5163 τὰ
2674 5111 2927 5181 ἀπαρχῆς
2982 5113 3173 5165 τούτου
3209 5115 3386 5167 πάντα
3430 5112 3740 5180 καταλέγων

2165 5203 2467 5274 θαυμάσια,
2496 5203 2650 5265 τέλος
2673 5203 2765 5256 καὶ
2815 5203 2911 5269 τὴν
2972 5204 3247 5273 σάρκωσιν
3301 5207 3384 5268 εἰς
3434 5203 3739 5274 ὑπόμνησιν

2164 5298 2287 5365 ἄγει
2312 5296 2501 5349 τούτου
2532 5294 2631 5364 τὴν
2668 5297 2733 5349 ἐκ
2767 5295 3044 5364 Παρθένου
3076 5297 3134 5347 ἐν
3162 5295 3468 5362 Πνεῦματι,
3523 5294 3621 5347 καὶ
3677 5293 3738 5346 τὸ

2168 5390 2452 5460 βάπτισμα
2492 5387 2653 5455 ἐντῷ
2691 5387 2953 5458 Ἰορδάνῃ.
3016 5387 3084 5441 δι’
3132 5387 3192 5441 οῦ
3242 5388 3393 5458 ἡμᾶς
3446 5387 3737 5452 ἀνέπλασε,

2168 5482 2464 5553 συντρίψας
2488 5481 2585 5545 τὰς
2613 5481 2853 5548 κεφαλὰς
2889 5482 2997 5535 τῶν
3031 5483 3341 5553 δρακόντιον
3367 5481 3460 5534 ἐπὶ
3485 5480 3579 5533 τεῦ
3616 5479 3748 5532 ῦδα-·

2168 5592 2279 5639 τος,
2305 5574 2378 5636 ὡς
2404 5575 2432 5627 ὁ
2467 5573 2760 5642 Προφήτης
2788 5572 2974 5642 φησίν.
3009 5574 3174 5626 Ὅθεν
3202 5574 3294 5626 καὶ
3343 5575 3595 5642 παρεῖναι
3638 5569 3737 5624 σύ-

2167 5668 2256 5723 τδν
2285 5664 2587 5720 ἐκδυσωπεϊ
2599 5662 2689 5717 διὰ
2706 5664 2805 5734 τῆς
2831 5664 3230 5734 ἐπιφοιτήσεως
3256 5663 3349 5715 τοῦ
3377 5664 3535 5731 ἁγίου
3570 5661 3738 5721 ηνερ-

2179 5773 2371 5831 ματος,
2399 5753 2492 5809 καὶ
2525 5754 2746 5825 ἁγιάσαι
2772 5753 2833 5808 τὺ
2866 5753 3028 5826 ὕδωρ.
3070 5751 3397 5825 Ἀχώριστος
3424 5754 3532 5824 γὰρ
3567 5753 3592 5803 ό
3616 5749 3739 5815 Tib;
