4090 6258
469 349 576 417 221

1286 337 1668 403 SYMEONIS
1705 331 2464 398 THESSALONICENSIS
2509 332 2871 392 ARCHIEP.

3589 324 3695 388 2‘28

471 462 616 534 quod
646 468 726 514 cst
752 453 1004 527 unguenti
1025 450 1371 523 pretemium,
1397 457 1580 518 postea
1599 458 1778 500 autem
1798 456 2041 512 unguen-
2069 475 2083 502 Α

2172 441 2330 508 ,ἐγεισ
2389 438 2484 491 νύν
2537 439 2628 492 δὲ⁴
2649 438 2812 491 τοῦτο
2876 437 3116 504 ἐγχεῖται
3164 435 3226 488 τὸ
3274 433 3476 499 ἔλαιον,
3518 435 3706 504 προοί-

476 562 615 606 tum.
653 552 719 602 At
753 556 941 618 putare
973 544 1098 598 licet
1117 551 1362 596 sanctum
1396 538 1714 608 Dionysium
1734 537 1836 591 hoc
1859 534 2039 588 oleum

479 651 666 712 utpote
694 637 951 708 unguenti
1001 634 1324 705 prooemium
1360 637 1691 700 unguentum
1746 623 2040 694 appellare,

477 732 732 804 quoniam
764 731 814 783 in
839 743 904 782 eo
931 727 1148 797 quidem
1181 724 1486 793 baptizatus
1535 717 1862 789 principium
1901 714 2044 767 acci-

477 829 556 898 pit
588 821 1057 884 sauctilicatiouis,
1083 829 1136 872 et
1159 819 1224 872 ad
1257 816 1440 871 divina
1472 814 1694 882 ungitur
1720 807 2044 880 certamina,

482 919 754 990 posterius
784 925 963 970 autem
1000 912 1234 984 perfecte
1268 910 1626 965 conﬁrmatur
1661 913 1714 958 et
1741 901 2046 956 sanctifica-

480 1022 569 1064 tur
591 1020 752 1078 atque
779 1008 1024 1078 signatur
1053 1011 1328 1073 unguento
1355 1001 1542 1070 gratiae
1570 991 2045 1066 praestantissimo.

481 1103 608 1157 Ideo
635 1103 701 1155 de
735 1102 947 1153 duobus
977 1099 1030 1150 in
1064 1094 1336 1164 baptismo
1367 1093 1424 1144 lit
1447 1088 1730 1144 memoria.
1796 1082 2051 1138 Pontifex

481 1208 632 1256 vero,
666 1201 951 1261 postquam
1013 1183 1415 1241 consecraverit
1463 1182 1664 1244 oleum,
1717 1176 2049 1245 baptizatum

482 1284 808 1346 Sanctificat.
863 1279 965 1333 Sed
999 1293 1122 1347 quas
1177 1285 1293 1329 erat
1351 1273 1650 1329 necessitas
1704 1268 2051 1337 baptizatum

485 1383 667 1443 postea
689 1379 966 1442 unguento
990 1367 1154 1431 liniri,
1171 1365 1216 1418 si
1240 1365 1290 1418 in
1310 1364 1627 1432 baptismate
1643 1367 1786 1426 esset
1808 1371 2055 1424 unguen-

487 1475 599 1521 tum
623 1465 646 1517 ?
672 1465 837 1530 igitur
865 1477 928 1516 ex
962 1462 1062 1514 hoc
1086 1459 1204 1512 oleo
1229 1457 1380 1525 ungit
1407 1456 1521 1525 ipse
1559 1454 1796 1524 primum
1828 1451 2052 1518 jamjam

486 1555 874 1627 baptizandum
911 1553 1098 1608 dicens
1133 1567 1148 1605 :
1206 1568 1224 1600 ι
1258 1548 1489 1618 Ungitur
1547 1547 1647 1600 iste
1681 1547 1802 1598 oleo
1860 1541 2057 1595 laetitiae

483 1651 540 1704 in
573 1649 792 1702 nomine
823 1644 1130 1700 Trinitatis.
1167 1660 1185 1692 ι
1216 1640 1314 1694 Est
1341 1649 1521 1692 autem
1579 1635 1762 1690 laetitia
1823 1633 2058 1700 Spiritus

485 1740 579 1808 qui
608 1751 706 1790 nos
731 1736 866 1788 bene
892 1742 945 1786 et
968 1730 1208 1798 jucunde
1251 1729 1432 1783 salvos
1485 1725 1650 1792 facit;
1685 1724 1882 1779 clamat
1913 1723 2056 1776 enim

489 1830 656 1883 David
687 1845 701 1882 ι
736 1845 754 1878 ι
786 1824 972 1879 Redde
1001 1823 1133 1876 mihi
1161 1821 1400 1874 laetitiam
1429 1817 1695 1873 Salutaris
1729 1815 1824 1880 tui,
1857 1823 1908 1870 et
1939 1814 2058 1883 Spi-

490 1921 596 1974 ritu
632 1915 918 1988 principali
945 1913 1208 1982 coulirma
1236 1926 1343 1965 me.
1373 1928 1392 1962 ›
1429 1908 1633 1964 Deinde
1663 1922 1692 1961 a
1728 1907 1903 1976 capite
1967 1920 2060 1974 per

492 2011 783 2082 quemdam
822 2008 1117 2063 diaconum
1179 2014 1270 2059 aut
1304 2004 1616 2058 ministrent
1651 2008 1826 2055 totum
1862 2011 2059 2067 corpus

495 2104 754 2170 ungitur;
784 2099 983 2169 quippe
1008 2099 1075 2152 ad
1133 2096 1314 2150 divina
1355 2093 1651 2149 certamina
1679 2091 1901 2146 omnino
1927 2103 2062 2158 pra:-

496 2204 738 2264 paratur,
763 2208 870 2247 nou
891 2191 1032 2245 enim
1057 2199 1112 2242 ut
1137 2186 1292 2241 cadat
1318 2186 1566 2250 accessit,
1591 2183 1686 2238 sed
1714 2181 2061 2238 utChristum

495 2288 741 2343 imitetur
764 2299 923 2356 quem
961 2283 1162 2347 induit,
1191 2289 1248 2336 et
1297 2287 1483 2333 contra
1509 2276 1804 2346 malignum
1863 2282 2065 2343 pugnet

494 2389 550 2436 et
579 2379 721 2434 sicut
745 2377 826 2430 \‘ir
863 2375 1148 2435 decertet;
1180 2373 1446 2426 luctantes
1486 2382 1615 2423 vero
1639 2366 1914 2437 quondam
1946 2365 2066 2419 oleo

496 2486 716 2528 carnem
745 2467 1078 2524 oblinebant.
1113 2461 1268 2518 Tunc
1297 2475 1427 2529 ergo
1450 2460 1503 2514 in
1531 2473 1733 2529 aquam
1763 2457 2068 2527 ingreditur

497 2565 725 2618 omnino
751 2559 954 2624 nudus,
991 2557 1447 2628 quemadmodum
1481 2564 1643 2610 natus
1668 2562 1753 2608 est
1776 2560 1828 2607 et
1857 2551 2066 2621 primus

418 2725 421 2729 γ
497 2654 794 2724 plasmatus
817 2660 900 2704 est
933 2649 1128 2712 homo;
1166 2646 1260 2702 sed
1299 2646 1386 2700 hic
1407 2644 1624 2716 quidem
1649 2643 1886 2698 divinam
1917 2643 2065 2696 illam

502 2745 736 2813 primum
770 2739 1004 2794 habebat
1033 2737 1252 2799 stolam,
1287 2745 1362 2799 et,
1394 2737 1522 2790 licet
1555 2734 1737 2789 nudus
1761 2743 1922 2799 esset,
1958 2747 2065 2786 non

499 2833 888 2896 erubescebat;
920 2844 1062 2883 nunc
1099 2843 1230 2883 vero
1264 2827 1444 2881 nudus
1484 2836 1642 2881 natus
1669 2826 1724 2880 in
1758 2840 1924 2880 carne
1967 2827 2073 2879 fert

502 2925 655 2995 signa
697 2920 1047 2990 turpitudinis
1081 2928 1133 2974 et
1185 2918 1673 2988 transgressionis;
1729 2917 1823 2972 sed
1875 2931 2070 2987 aquam

505 3025 747 3070 saeclum
783 3013 1059 3082 ingressus
1121 3009 1324 3079 peccati
1395 3007 1612 3079 quidem
1684 3008 2072 3077 turpitudinem

503 3107 702 3178 reiicit,
735 3103 1152 3160 immortalitatis
1181 3114 1358 3157 autem
1417 3102 1638 3172 gloriam
1668 3111 1723 3156 et
1781 3099 2071 3154 indumen-

504 3210 617 3253 tum
645 3197 860 3268 accipit.
898 3195 996 3250 illo
1021 3193 1167 3249 enim
1197 3208 1228 3246 a
1263 3191 1442 3262 capite
1470 3191 1524 3244 in
1557 3204 1663 3259 quo
1694 3198 1823 3244 sunt
1879 3201 2069 3242 omnes

505 3306 701 3346 sensus
733 3299 786 3343 et
814 3289 953 3356 viget
987 3285 1198 3353 imperii
1225 3283 1455 3338 facultas
1491 3281 1852 3350 deprehenso,
1909 3289 1963 3335 et
2016 3280 2071 3334 in

505 3399 702 3454 aquam
731 3379 897 3434 semel
919 3379 1192 3442 demerso,
1214 3374 1449 3444 pontifex
1480 3389 1575 3428 seu
1641 3375 1896 3427 sacerdos
1961 3372 2071 3424 cla-

509 3483 653 3527 mat:
685 3490 704 3524 ‹
731 3470 1044 3539 Baptizatur
1065 3467 1168 3521 iste
1196 3477 1387 3520 servus
1420 3463 1508 3516 Dei
1531 3462 1584 3516 in
1607 3463 1826 3516 nomine
1845 3461 2068 3526 Patris,»

507 3574 564 3620 ct
587 3565 768 3620 statim
795 3578 919 3617 eum
959 3557 1206 3614 retrahit.
1243 3555 1434 3612 Postea
1457 3555 1691 3610 demittit
1752 3555 1943 3608 iterum
1995 3553 2078 3607 di-

506 3673 638 3714 cens
675 3675 690 3712 :
725 3674 744 3707 ι
784 3664 838 3710 et
870 3651 1018 3718 Filii,
1054 3669 1073 3702 ι
1127 3658 1183 3704 et
1241 3649 1436 3704 iterum
1506 3647 1752 3704 retrahit.
1791 3649 1849 3704 Et
1920 3650 2078 3720 tertio

508 3750 744 3808 demittit
769 3749 996 3804 dicens:
1031 3765 1049 3798 ι
1082 3754 1136 3800 et
1165 3743 1403 3813 Spiritus
1427 3743 1618 3797 saneti.
1645 3761 1663 3794 ι
1704 3741 1767 3796 Ει
1820 3741 1900 3796 sic
1953 3755 2077 3794 eum

509 3844 692 3900 educit
725 3841 1122 3896 sanctificatum
1159 3836 1505 3891 divinissimo
1530 3834 1877 3902 baptismate,
1915 3832 2080 3886 simul

510 3935 728 4006 quidem
763 3948 856 4003 per
884 3939 1126 3987 sanctam
1158 3928 1476 3982 Trinitatem
1517 3941 1642 3980 eum
1695 3925 2002 3978 instaurans
2027 3931 2082 3977 et

511 4026 880 4090 sanctificans,
912 4031 966 4079 et
992 4031 1106 4078 tres
1129 4021 1458 4092 personasin
1486 4033 1592 4072 uua
1626 4016 1824 4072 deitate
1885 4015 2084 4087 praedi-

511 4135 663 4184 cans,
696 4117 923 4174 dicendo
952 4135 966 4170 :
999 4114 1058 4169 In
1087 4114 1326 4177 nomine,
1359 4111 1499 4181 quod
1528 4111 1788 4166 unitatem
1826 4110 2083 4164 Divinita-

512 4214 581 4267 tis
613 4212 808 4282 aperit,
844 4209 1038 4265 deinde
1076 4205 1269 4268 Patris,
1304 4215 1358 4260 et
1393 4202 1511 4258 Filii
1534 4213 1587 4258 et
1611 4203 1847 4274 Spiritus
1881 4202 2080 4265 sancti,

510 4305 656 4372 quod
685 4301 959 4358 confessio
989 4306 1074 4355 est
1104 4303 1266 4352 trium
1320 4296 1626 4352 divinarum
1679 4295 2083 4349 indivisibilium

513 4406 566 4448 et
592 4391 1056 4449 inconfusibilium
1086 4405 1482 4460 personarum;
1547 4387 1711 4443 simul
1774 4397 1955 4440 autem
1993 4400 2087 4453 per

2144 546 2266 602 μίαν
2316 531 2375 586 ὃν
2427 531 2518 584 τοῦ
2576 529 2782 599 μύρουο
2826 529 2886 582 τὸ
2932 527 3101 599 μύρον
3132 527 3187 580 δὲ
3249 527 3498 598 ὕστερον.
3556 527 3712 580 Ἐστι

2140 626 2198 680 δὲ
2249 625 2565 693 λογίσασθαι
2624 626 2715 677 καὶ
2768 625 2858 677 τὸν
2908 622 3050 692 is.pr
3088 620 3386 684 Διονύσιον,
3441 619 3596 673 τούτο
3652 620 3712 673 τὸ

2143 719 2320 770 ἔλαιον
2368 718 2443 780 ὡς
2482 717 2766 786 προοίμιον
2811 717 2904 769 τοῦ
2960 714 3132 786 μύρου
3180 713 3352 782 μύρον
3403 714 3608 776 καλεῖν,
3640 711 3715 774 ὡς

2143 813 2232 864 διά
2283 811 2472 864 τούτου
2537 809 2635 880 μὲν
2683 808 2798 862 τοῦ’
2829 806 3231 877 βαπτιζομένου
3264 805 3521 874 ἀπαρχὴν
3571 803 3714 870 λαμ-

2147 906 2403 963 ϐάνοντος
2437 901 2532 954 τοῦ
2566 898 2861 969 ἀγιασμοῦ,
2887 895 3144 966 καὶπρὸς
3187 895 3312 957 τοῦς
3345 895 3521 957 θείους
3571 894 3718 960 ἀγῶ-

2151 1012 2248 1058 νας
2282 993 2665 1064 ἀλειφομένου,
2697 991 2925 1059 ὕστερον
2952 990 3008 1043 δὲ
3069 989 3452 1060 ὲνισχυομένου
3499 986 3718 1050 τελείως

2150 1091 2246 1142 καὶ
2262 1087 2636 1156 τελειουμένου
2667 1085 2758 1138 καὶ
2804 1081 3237 1154 σφραγιζομένου
3267 1081 3347 1150 τῷ
3406 1079 3721 1146 τελεωτάτῳ

2155 1181 2311 1250 μύρῳ
2333 1181 2435 1249 τῆς
2463 1179 2706 1250 χάριτος.
2745 1177 2837 1230 Διὸ
2863 1177 2957 1230 καὶ
2985 1177 3096 1228 τῶν
3123 1174 3218 1230 δύο
3272 1173 3475 1227 τούτων
3533 1173 3591 1225 ἐν
3645 1171 3721 1240 τῷ

2155 1272 2495 1343 βαπτίσματι
2553 1273 2846 1342 μέμνηται.
2915 1270 2976 1323 '0
3023 1269 3079 1321 δὲ
3137 1267 3431 1336 ἀρχιερεὺς
3482 1265 3618 1334 μετὰ
3665 1265 3724 1316 τὸ

2153 1365 2381 1433 ἁγιάσαι
2406 1364 2466 1418 τὸ
2489 1363 2670 1417 ἔλαιον
2721 1362 2812 1415 τὸν
2874 1361 3244 1432 βαπτισθέντα
3286 1357 3504 1410 τελειοϊ.
3563 1357 3724 1408 Ἀλλά

2156 1457 2250 1510 καὶ
2273 1456 2352 1519 τίς
2383 1451 2451 1524 ἦν
2501 1457 2658 1525 χρεία
2707 1455 2800 1508 τὸν
2857 1451 3255 1524 βαπτιζόμενον
3300 1449 3526 1518 ὕστερον
3569 1447 3724 1517 μύρῳ

2155 1548 2428 1618 χρίεσθαι,
2459 1549 2508 1600 εἰ
2537 1549 2594 1600 ὲν
2653 1546 2730 1616 τῷ
2757 1545 3090 1614 βαπτίσματι
3140 1539 3210 1613 ἦν
3251 1543 3312 1594 τὸ
3371 1543 3543 1612 μύρον
3576 1555 3592 1606 ;
3631 1539 3726 1592 Ἐκ

2156 1637 2347 1690 τούτου
2375 1636 2579 1690 οὖντοῦ
2603 1636 2778 1689 ἐλαίου
2815 1636 2960 1706 χρίει
3011 1634 3228 1704 πρῶτον
3264 1634 3425 1694 αὐτὸς
3483 1633 3574 1685 τὸν
3625 1632 3725 1700 ἠδη

2165 1730 2421 1800 μέλλοντα
2477 1728 2858 1798 βαπτισθῆναι,
2921 1746 2940 1779 ι
2986 1725 3241 1798 Χρίεται,
3296 1727 3494 1794 λέγων,
3535 1726 3730 1778 όδεῖνα

2163 1821 2338 1876 ἔλαιον
2363 1820 2732 1888 ἀγαλλιάσεως
2765 1819 2844 1881 εἰς
2867 1819 2926 1872 τὸ
2947 1817 3119 1888 ὖνομα
3163 1819 3265 1884 τῆς
3297 1818 3546 1886 Τριάδος.
3593 1835 3612 1869 ι
3664 1817 3729 1868 Ἡ

2167 1912 2490 1982 ἀγαλλίασις
2523 1911 2580 1965 δὲ
2628 1912 2864 1980 ὑπάρχει
2920 1911 3016 1964 τοῦ
3067 1911 3405 1980 Ιινεύματος,
3471 1908 3732 1972 σώζοντος

2161 2007 2309 2075 ἡμᾶς
2336 2005 2556 2074 άγαθῶς
2585 2021 2644 2058 τε
2678 2005 2771 2058 καὶ
2819 2002 3037 2072 ἱλαρῶς.
3081 2022 3100 2055 ι
3138 2003 3358 2065 Ἀπόδος
3387 2018 3475 2072 μοι
3497 2003 3605 2070 γὰρ
3632 2001 3730 2070 τὴν
3793 2007 3807 2024 ⁶

2163 2097 2480 2166 ἀγαλλίασιν
2508 2096 2602 2150 τοῦ
2634 2097 2912 2166 Σωτηρίου
2936 2112 3050 2158 σου,
3078 2097 3106 2148 ό
3162 2095 3329 2147 Δαόὶδ
3375 2093 3602 2163 ἀναϐοᾷ,
3638 2094 3730 2146 καὶ

2164 2191 2446 2260 Πνεύματι
2476 2190 2791 2260 ἡγεμονικῷ
2827 2186 3083 2258 στήριξόν
3128 2205 3222 2258 με.
3260 2206 3278 2239 ι
3311 2181 3443 2239 Εἶτα
3497 2185 3606 2238 ἀπὸ
3645 2202 3732 2236 κε-

2167 2282 2344 2351 φαλῆς
2371 2283 2474 2335 ὑπό
2506 2299 2651 2344 τινος
2683 2282 2989 2352 διακόνουῆ
3029 2281 3304 2351 ὑπηρέτου
3327 2280 3448 2332 ὅλον
3471 2277 3532 2330 τὸ
3576 2277 3737 2344 σῶμα

2167 2375 2400 2445 χρίεται.
2447 2375 2593 2445 Πρὸς
2641 2375 2748 2445 γὰρ
2804 2375 2929 2436 τοὺς
2987 2373 3165 2434 θείους
3215 2370 3432 2439 ἀγῶνας
3479 2369 3734 2430 όλοτελῶς

2169 2467 2572 2537 εὐτρεπίζεται.
2604 2465 2738 2521 Οὐδὲ
2769 2466 2877 2536 γὰρ
2904 2466 2992 2519 ἵνα
3039 2463 3447 2524 ἀναπεπτωκὼς
3483 2459 3538 2535 ᾗ,
3570 2480 3736 2531 προσο

2166 2560 2349 2628 ἦλθεν,
2412 2559 2528 2613 ἀλλ’
2563 2559 2650 2612 ἵνα
2683 2561 2916 2628 μιμῆται
2963 2557 3056 2610 τὸν
3089 2555 3348 2625 Χριστὸν,
3380 2555 3439 2608 ὃν
3470 2555 3734 2617 ἐνδύεται,

2170 2656 2261 2706 καὶ
2287 2653 2428 2704 κατά
2447 2650 2541 2704 τοῦ
2571 2649 2810 2720 πονηροῦ
2835 2650 3038 2720 παλαίῃ
3065 2667 3122 2702 τε
3144 2650 3238 2701 καὶ
3269 2649 3604 2720 ἁνδρίζηται.
3632 2649 3740 2701 Kal

2171 2747 2220 2798 οἰ
2254 2741 2649 2810 ἀγωνιζόμενοι
2675 2742 2732 2794 δὲ
2769 2744 2836 2811 τῇ
2872 2743 3039 2810 σαρκί
3069 2742 3233 2808 ἐλαίῳ
3271 2744 3440 2794 πάλαι
3493 2739 3740 2810 ἠλείφδν-

2171 2850 2250 2886 το.
2276 2833 2410 2884 Τότε
2437 2827 2532 2884 οὖν
2563 2831 2842 2898 εἰσάγεται
2895 2830 3103 2898 γυμνὸς
3161 2829 3280 2890 ὅλος
3329 2830 3410 2891 εἰς
3450 2828 3510 2880 τὸ
3577 2827 3742 2894 ὕδωρ,

2177 2924 2324 2977 καθὰ
2355 2923 2448 2975 καὶ
2477 2923 2823 2992 γεγέννηται,
2855 2921 2952 2974 καὶ
2983 2920 3128 2975 καθὰ
3166 2919 3382 2990 πρῶτον
3412 2918 3743 2972 πέπλασται.

2185 3013 2348 3068 Ἀλλὰ
2371 3013 2585 3081 πρῶτον
2618 3013 2716 3082 μὲν
2769 3009 2885 3081 εἶχε
2925 3015 3022 3081 τὴν
3067 3012 3220 3065 θείαν
3273 3012 3485 3080 ἐκείνην
3528 3012 3744 3079 στολὴν,

2174 3109 2269 3159 καὶ
2298 3105 2501 3174 γυμνὸς
2529 3103 2627 3168 ὢν,
2675 3105 2774 3156 οὐκ
2815 3103 3078 3173 ᾐσχύνετο
3107 3119 3120 3134 ο
3153 3103 3249 3157 νῦν
3271 3103 3324 3155 δὲ
3358 3103 3562 3172 γυμνὸς
3587 3118 3748 3171 γενη-

2175 3199 2309 3263 θεὶς,
2337 3197 2444 3251 ἀπὸ
2465 3199 2562 3265 τῆς
2609 3199 2811 3266 σαρκὸς
2870 3199 3026 3266 φέρει
3066 3195 3138 3249 τὰ
3185 3196 3288 3265 τῆς
3339 3197 3598 3265 αἰσχύνης
3647 3197 3748 3262 τῆς

2177 3291 2562 3360 παραϐάσεως.
2602 3289 2750 3358 Πλὴν
2777 3289 3035 3343 εἰσελθὼν
3063 3289 3124 3342 τὸ
3165 3288 3308 3356 ὕδωρ
3338 3288 3398 3341 τὸ
3436 3290 3612 3357 ἆγιον,
3646 3290 3747 3358 τὴν

2180 3384 2278 3453 μὲν
2300 3383 2560 3454 αἰσχύνην
2587 3384 2917 3454 ἀπορρίπτει
2942 3382 3042 3452 τῆς
3075 3383 3351 3452 ἁμαρτίας
3378 3399 3392 3412 ⁸
3419 3383 3518 3451 τῆς
3538 3383 3748 3452 ἀφθαρ·

2180 3478 2297 3537 σίας
2328 3476 2384 3530 δὲ
2410 3477 2508 3546 τὴν
2528 3475 2684 3539 δόξαν
2717 3473 3216 3546 ἀπολαμϐάνει83
3234 3492 3292 3528 τε
3324 3477 3417 3528 καὶ
3444 3476 3502 3527 τὸ
3525 3475 3747 3545 ἔνδυμα.

2179 3568 2490 3636 Δαϐόμενος
2513 3568 2621 3634 γὰρ
2657 3565 2823 3618 αύτοῦ
2854 3567 2882 3617 ό
2939 3567 3202 3635 ίεράρχης
3253 3565 3284 3635 ἢ
3343 3569 3372 3618 ό
3430 3567 3606 3634 ἱερεὺς
3652 3569 3750 3633 τῆς

2179 3658 2418 3726 κεφαλῆς
2444 3659 2500 3712 ἐν
2583 3658 2650 3709 τά
2670 3657 3004 3726 αἰσθητήρια
3035 3658 3214 3710 πάντα
3240 3657 3336 3709 καὶ
3385 3656 3444 3709 τδ
3492 3660 3749 3726 ἡγεμονίη

2181 3751 2278 3802 κὸν
2298 3752 2532 3818 ἐνεργεῖ,
2574 3751 2672 3803 καὶ
2699 3746 3009 3811 καταδύσας
3042 3750 3123 3810 είς
3155 3748 3215 3800 τὸ
3243 3747 3387 3817 ὕδωρ
3423 3748 3590 3813 ἅπαξ,
3619 3752 3750 3801 ἀνα-

2182 3841 2302 3910 6οᾷ,
2335 3859 2354 3891 ι
2388 3840 2715 3904 Βαπτίζεται
2749 3842 2777 3892 ὁ
2802 3840 2986 3903 δοῦλος
3009 3829 3102 3892 τοῦ
3145 3838 3280 3892 Θεοῦ
3305 3841 3332 3892 ό
3370 3840 3516 3892 δεῖνα
3551 3841 3631 3902 εἰς
3677 3842 3739 3892 τὸ

2183 3931 2351 3998 όνομα
2369 3929 2460 3982 τοῦ
2497 3929 2731 3999 Πατρός.
2759 3948 2778 3980 ›
2803 3932 2910 3982 Καὶ
2939 3931 3100 3994 εὐθὺς
3135 3933 3354 3986 ἀναδύει
3386 3935 3592 3988 τοῦτ-ιν.
3622 3931 3752 3986 Εἶτα

2184 4020 2440 4074 καταδύει
2475 4022 2636 4075 πάλιν
2656 4020 2852 4088 λέγων,
2896 4023 3052 4074 «Kal
3081 4022 3176 4076 τοῦ
3210 4023 3363 4078 Υἰοῦ.
3410 4043 3428 4076 θ
3465 4025 3568 4076 Kal
3596 4027 3752 4077 πάλιν

2187 4115 2427 4168 ἁναδύει.
2455 4115 2566 4168 Kal
2592 4117 2656 4168 ὲκ
2685 4117 2872 4184 τρίτου
2907 4115 3235 4178 καταδύσας,
3272 4119 3428 4185 φησί,
3458 4136 3476 4168 ι
3516 4119 3625 4170 Kal
3662 4120 3753 4170 τού

2187 4208 2340 4274 ἁγίου
2367 4205 2706 4276 Πνεύματος.
2758 4223 2776 4256 ι
2811 4207 2922 4259 Kal
2948 4205 3122 4269 aii-tto;
3147 4208 3340 4276 ἀνάγει
3379 4208 3570 4261 τοῦτον
3611 4227 3758 4261 τετε-

2186 4299 2445 4367 λεσμένον
2484 4299 2561 4366 τῷ
2605 4297 2866 4368 θειοτάτῳ
2926 4297 3288 4368 βαπτίσματι,
3335 4297 3450 4368 ἄμα
3505 4302 3602 4369 μὲν
3665 4304 3756 4352 καὶ

2189 4391 2277 4443 διὰ
2309 4389 2408 4459 τῆς
2441 4391 2604 4455 ἁγίας
2647 4388 2878 4458 Τριάδος
2927 4390 3088 4442 αὑτὸν
3138 4389 3496 4445 ἀναπλάττων
3547 4392 3641 4443 xal
3673 4408 3760 4444 τε·

515 4497 627 4541 tres
653 4484 1034 4539 intntersiones
1063 4491 1116 4536 et
1145 4480 1462 4536 eductioncs
1487 4477 1790 4531 triduanam
1846 4475 2083 4543 sepultu-

2187 4483 2368 4544 λειῶν,
2411 4485 2502 4536 καὶ
2537 4485 2633 4544 τὰς
2665 4487 2812 4552 τρεῖς
2877 4486 3204 4546 ὑποστάσεις
3258 4484 3647 4552 ἀνακηρύττων
3701 4489 3758 4534 ἐν

515 4592 629 4631 ram
654 4584 708 4629 et
740 4572 1195 4628 resurrectionem
1231 4568 1546 4638 siguilicans
1576 4567 1693 4636 ejus
1723 4568 1814 4635 qui
1853 4580 1950 4633 pro
1981 4579 2080 4616 no-

515 4667 601 4722 bis
627 4681 792 4720 carne
819 4641 1113 4719 cruciﬁhs
1148 4672 1232 4717 est
1255 4671 1307 4714 et
1337 4662 1652 4714 resurrexit.
1752 4722 1754 4725 ι

2195 4574 2297 4644 μιᾷ
2321 4577 2385 4643 τῇ
2413 4573 2657 4642 Θεότητι,
2688 4576 2767 4637 εἰς
2788 4575 2846 4625 τὸ
2873 4574 3043 4643 ὄνομα
3077 4575 3272 4642 λέγων,
3303 4575 3330 4626 ὃ
3361 4574 3511 4643 δηλοί
3561 4573 3622 4625 τὸ
3667 4590 3761 4641 μο-

2191 4661 2412 4715 ναδικὸν
2441 4662 2538 4733 τῆς
2589 4662 2876 4733 Θεότητος,
2925 4659 3046 4717 εἶτα
3103 4664 3197 4717 τοῦ
3263 4665 3473 4736 Harpe;
3531 4666 3624 4717 καὶ
3668 4663 3762 4716 τοῦ

517 4763 647 4817 Υίού
707 4759 914 4814 καὶτοῦ
943 4760 1104 4826 ἁγίου
1162 4757 1502 4826 Πνεύματος,
1554 4757 1692 4821 ὅπερ
1754 4757 1786 4824 ὴ
1841 4755 2103 4825 ὁμολογία
2134 4759 2254 4812 ἐστί
2307 4759 2416 4812 τῶν
2473 4761 2640 4829 τριῶν
2691 4763 2853 4813 θείων
2905 4761 3232 4830 ἀδιαιρέτων
3296 4763 3388 4815 καὶ
3441 4762 3763 4830 ἀσυγχύτων

518 4854 847 4929 προσώπων,
881 4851 1000 4920 ἅμα
1019 4853 1076 4904 δὲ
1103 4850 1191 4904 διὰ
1239 4850 1345 4902 τῶν
1400 4847 1568 4918 τριῶν
1620 4849 1966 4901 καταδύσεών
2023 4867 2082 4902 τε
2113 4852 2208 4903 καὶ
2232 4853 2541 4906 ἀναδύσεων
2599 4855 2697 4924 τὴν
2747 4858 3046 4926 τριήμερόν
3099 4856 3276 4927 ταφὴν
3320 4857 3413 4908 καὶ
3475 4857 3576 4924 τὴν
3633 4858 3765 4911 ἀνά-

519 4964 714 5006 στασιν
737 4949 1106 5016 αἰνιττόμενος
1136 4946 1230 5001 τοῦ
1265 4940 1402 5010 ὑπὲρ
1435 4945 1592 5014 ἡμῶν
1621 4946 1784 5012 σαρκὶ
1833 4947 2236 5020 σταυρωθέντος
2279 4949 2371 4999 καὶ
2427 4949 2777 5014 ἀναστάντος.

1082 5069 1305 5126 CAPUT
1339 5070 1527 5126 LXIV.

519 5169 670 5236 Quod
691 5167 898 5221 diversa
921 5167 988 5219 sit
1012 5167 1272 5219 sententia
1296 5165 1536 5233 formula:
1554 5203 1568 5226 ,
1593 5183 1610 5216 ι
1657 5165 1965 5234 Baptizatur
1988 5184 2096 5222 ser-

585 5257 678 5294 vus
707 5239 849 5302 θείῃ
871 5245 919 5291 et
949 5236 1213 5304 farmulw,
1239 5253 1256 5286 ι
1291 5236 1402 5305 Ego
1420 5236 1627 5305 baptizo
1655 5253 1857 5291 servum
1884 5240 1994 5291 Dei.
2012 5257 2030 5289 ι

594 5333 772 5386 Dicit:
802 5331 1141 5400 Baptizatur,
1173 5343 1514 5398 nequaquam
1545 5348 1556 5383 :
1588 5330 1700 5400 Ego
1723 5331 1958 5399 baptizo,
1985 5335 2096 5386 sic-

521 5437 579 5480 ut
609 5425 785 5478 Latini
827 5425 880 5476 in
924 5425 1026 5477 hoc
1073 5425 1232 5476 etiam
1265 5423 1607 5488 innovantes,
1645 5424 1903 5493 baptizali
1937 5425 2098 5478 liber-

521 5530 685 5574 tatem
720 5529 924 5573 testaus
972 5517 1231 5587 pontifex.
1278 5517 1415 5572 Illud
1460 5519 1604 5572 enim
1641 5536 1654 5570 :
1688 5518 1800 5587 Ego
1851 5519 2090 5584 haptizo,

525 5628 630 5663 non
653 5612 887 5665 ostendit
913 5612 1140 5664 libenter
1160 5611 1424 5679 baptizari
1455 5627 1577 5664 eum
1603 5613 1693 5678 qui
1729 5611 2090 5675 illuminatur,

524 5704 638 5756 Iicri
668 5703 810 5756 enim
845 5712 1019 5772 potest
1047 5713 1102 5756 ut
1137 5705 1183 5756 \‘i
1212 5705 1444 5772 qtiadum
1470 5713 1520 5756 ct
1544 5713 1729 5756 contra
1757 5703 2088 5756 voluntatem

524 5793 779 5862 baptizati
830 5796 998 5865 tingat
1027 5811 1149 5849 eum
1179 5806 1326 5855 sums
1354 5810 1382 5848 a
1429 5797 1720 5860 semetipso
1754 5797 2086 5860 baptizator.

2774 5077 2820 5128 K
2832 5077 3022 5130 ΕΦΑΛ.
3063 5076 3181 5128 ΞΝ.

2197 5166 2330 5222 Ὀτι
2358 5167 2446 5228 τὸ,
2486 5184 2503 5216 ι
2547 5165 2894 5226 Βαπτίζεται
2928 5170 2958 5219 ὁ
2981 5167 3203 5232 δοῦλος
3234 5162 3340 5221 τοῦ
3377 5167 3544 5232 Θεοῦ,
3585 5183 3600 5216 ι
3639 5167 3768 5232 τοῦ,

2235 5257 2252 5288 ι
2287 5241 2412 5289 Βαπ
2424 5235 2547 5296 ait.)
2571 5237 2685 5305 ἐγὼ
2706 5238 2811 5290 τὸν
2829 5237 3053 5290 δοῦλον
3076 5238 3179 5290 τοῦ
3209 5236 3379 5302 Θεοῦ,
3413 5258 3427 5288 ι
3452 5236 3734 5304 διαφέρει.

2272 5330 2603 5390 Βαπτίςεται
2634 5328 2712 5391 δὲ,
2752 5329 2904 5398 φησι,
2936 5329 3030 5380 καὶ
3068 5329 3151 5392 οὗ,
3209 5329 3462 5392 Βαπτίζω
3527 5327 3656 5395 ἐγὼ,
3695 5329 3769 5390 ὼς

2198 5423 2248 5475 ol
2272 5424 2492 5476 Λατῖνοι
2527 5425 2629 5476 κάν
2684 5423 2858 5491 τούτῳ
2900 5424 3368 5492 καινοτομοῦντες,
3427 5424 3484 5476 τὸ
3523 5424 3770 5476 ἑκούσιον

2200 5518 2294 5568 τοῦ
2337 5517 2738 5586 βαπτιζομένου
2784 5517 3077 5588 μαρτυρῶν
3117 5520 3144 5570 ὀ
3174 5517 3483 5587 ἀρχιερεύς.
3536 5519 3609 5570 Τὸ
3639 5517 3770 5586 γὰρ,

2201 5608 2456 5672 Βαπτίςω
2485 5611 2613 5676 ἐγὼ,
2640 5612 2737 5660 (ύκ
2761 5610 3016 5676 ἐμφαίνει
3041 5611 3100 5661 τὸ
3126 5612 3386 5672 ὲκουσῖως
3413 5611 3773 5678 sameque.“

2197 5701 2288 5753 τὸν
2320 5702 2707 5770 φωτιζόμενον.
2753 5703 3130 5770 Ἐνδεχόμενον
3181 5703 3291 5770 γὰρ
3327 5703 3418 5753 καὶ
3442 5704 3582 5753 κατά
3606 5703 3772 5752 δυνα-

2202 5805 2385 5848 στείαν
2417 5806 2557 5863 τινα,
2594 5799 2683 5848 καὶ
2722 5801 2868 5864 παρὰ
2897 5803 3138 5864 γνώμην,
3173 5795 3265 5847 καὶ
3296 5795 3456 5846 αύτδν
3486 5793 3771 5860 βαπτίζειν
