4114 6272
451 334 550 400 Ξ31

1264 333 1649 396 SYMEONIS
1688 308 2446 394 THESSALONICENSIS
2476 329 2843 392 ARCHIEP.

3580 323 3686 389 232

453 468 481 504 a
511 463 766 506 manuum
795 446 1142 518 impositione
1170 447 1430 513 donatur,
1464 456 1518 501 et
1542 445 1744 511 nullus,
1774 441 2025 514 quamvis
2052 466 2068 509 λ

2154 443 2430 512 ςειροτονίᾳ
2456 440 2761 512 χαρίζεται.
2818 443 2929 496 Καὶ
2954 438 3127 503 οὐδεὶς
3180 440 3467 509 ἐνεργήσει
3495 455 3547 492 τι
3579 441 3690 492 τῶν

452 543 771 598 miraculum
806 549 1000 609 patret,
1056 541 1354 610 quidquam
1393 553 1459 594 ex
1490 535 1792 594 sacerdotis
1830 549 2021 589 mune-

453 634 606 687 ribus
666 631 981 701 opcrabitur
1042 633 1253 701 absque
1315 645 1575 686 manuum
1629 627 2019 697 impositione;

452 726 763 778 sanationes
790 731 972 797 autem
1018 722 1199 778 facere
1243 729 1299 778 et
1346 721 1691 792 prophetare,
1722 726 1778 773 ct
1808 719 2024 773 mundi-

453 816 580 869 tiam
612 823 717 867 tam
754 828 985 883 corpore
1029 829 1192 884 quam
1238 823 1422 870 mente
1467 813 1764 877 custodire,
1794 819 1848 866 et
1900 824 2025 865 vere

455 905 769 978 virginalem
793 906 954 959 vitam
987 906 1206 972 ducere,
1238 913 1298 978 et
1314 905 1547 958 orationi
1575 905 1837 958 continuo
1865 909 2026 969 atque

454 975 746 1062 tranquille
769 993 1073 1062 indulgere,
1098 991 1165 1046 ad
1197 975 1516 1046 charitatem
1550 992 1787 1045 divinam
1815 989 2025 1045 fervere

455 1090 508 1134 ct
538 1083 766 1147 moveri,
814 1082 1017 1138 divinis
1066 1080 1559 1137 illuminationibus
1605 1081 1813 1150 dignari
1863 1089 2089 1149 atque...

455 1175 627 1230 sacris
686 1175 1110 1231 revelationibns
1161 1184 1217 1231 et
1278 1174 1553 1245 mysteriis
1602 1173 2028 1241 caelestibusque

457 1267 758 1321 visionibus
808 1282 871 1321 ac
931 1268 1222 1331 similibus,
1281 1266 1394 1321 fere
1447 1266 1745 1321 secundum
1809 1264 2028 1335 angelos

458 1358 596 1426 fieri,
634 1368 693 1413 ut
732 1359 915 1428 plures
945 1358 1071 1413 facti
1104 1367 1253 1422 sunt,
1306 1358 1462 1412 multi
1511 1359 1718 1426 absque
1770 1370 2029 1409 manuum

2124 533 2310 602 ἱερῶν,
2342 536 2395 586 εί
2420 537 2515 587 καὶ
2546 535 2932 604 σημειοφόρος,
2988 534 3158 602 χωρὶς
3189 533 3288 601 τῆς
3335 531 3691 604 χειροτονίας.

2136 625 2359 695 ’ἰάματα
2390 625 2447 680 δὲ
2475 628 2650 679 ποιεῖν
2680 626 2774 679 καὶ
2832 624 3197 696 προφητεύειν
3224 624 3316 676 καὶ
3361 622 3693 690 καθαρεύειν

2127 718 2342 789 σώματί
2378 736 2439 772 τε
2473 719 2566 773 καὶ
2596 719 2901 786 λογισμοῖς,
2928 719 3020 771 καὶ
3044 715 3257 786 ἀληθῶς
3305 715 3691 784 παρθενεύειν,

2125 811 2219 865 καὶ
2254 810 2654 881 προσεύχεσθαι
2707 811 2965 879 διηνεκῶς
3019 825 3078 861 τε
3136 806 3233 859 καὶ
3271 804 3695 876 ἀρρεμεάστως,

2126 904 2222 955 καὶ
2256 902 2394 973 πρὸς
2425 903 2648 971 ἀγάπην
2678 902 2829 953 θείαν
2861 898 3248 969 θερμαίνεσθαι
3281 898 3373 950 καὶ
3401 896 3693 962 κινεῖσθαι,

2127 993 2222 1046 καὶ
2261 991 2422 1044 θείων
2454 990 2773 1059 ἐλλάμψεων
2828 987 3133 1055 ἀξιοῦσθαι,
3181 986 3276 1039 καὶ
3299 983 3697 1053 ἀποκαλύψεωι

2133 1082 2295 1151 ιερῶν
2350 1082 2444 1134 καὶ
2492 1080 2810 1152 μυστηρίων
2863 1081 2956 1133 καὶ
3007 1077 3252 1148 θεωριῶν
3282 1075 3570 1145 οὐρανίων,
3602 1074 3696 1127 καὶ
3798 1124 3811 1135 ,

2128 1176 2238 1229 τῶν
2258 1173 2539 1238 τοιούτων,
2593 1172 2687 1226 καὶ
2731 1171 2851 1225 κατ’
2882 1170 3149 1237 ἀγγέλους
3201 1167 3388 1236 σχεδὸν
3423 1165 3698 1232 γενέσθαι,

2129 1267 2204 1329 ὡς
2226 1266 2322 1319 καὶ
2343 1263 2586 1316 πλεῖστοι
2619 1263 2895 1331 γεγόνασι,
2917 1260 3013 1313 καὶ
3035 1259 3134 1327 τῆς
3161 1257 3500 1326 χειροτονίας
3529 1253 3698 1323 χωρὶς

2132 1356 2316 1409 πολλοὶ
2362 1357 2448 1409 διὰ
2504 1357 2602 1423 τῆς
2636 1354 2859 1422 χαριτος
2917 1350 3025 1402 ἀπὸ
3055 1348 3151 1400 τοῦ
3206 1345 3580 1415 βαπτίσματος
3608 1341 3703 1393 καὶ

460 1451 809 1519 impositionc
840 1466 935 1518 per
985 1453 1214 1520 gratiam
1250 1465 1314 1505 ex
1363 1450 1633 1517 baptismo
1666 1455 1721 1501 et
1753 1456 2031 1517 unguento

2154 1451 2226 1502 ςοῦ
2252 1450 2446 1520 μύρου,
2480 1447 2709 1516 δύναμιν
2741 1444 2904 1513 ἔσχον
2945 1444 3153 1511 τυχεῖν,
3211 1439 3304 1492 καὶ
3350 1436 3700 1504 τυγχάνουσι,

460 1541 602 1596 hanc
647 1542 895 1595 virtutem
925 1541 1199 1595 consecuti
1250 1549 1378 1596 sunt
1413 1548 1468 1596 et
1511 1549 1947 1609 consequuntur,
1978 1546 2033 1592 et

462 1635 659 1688 talibus
689 1634 835 1702 digni
866 1644 997 1689 sunt.
1027 1634 1221 1688 habiti.
1257 1634 1387 1698 Quae
1413 1634 1481 1688 de
1516 1633 1616 1687 hac
1649 1647 1708 1687 re
1737 1630 2030 1687 sufﬁciunt.

461 1725 631 1782 Porro
686 1737 811 1780 ante
856 1727 1192 1789 unctionem,
1248 1735 1372 1794 post
1417 1725 1714 1795 baptisma,
1768 1722 2030 1795 pontifex,

2135 1539 2372 1591 καὶτῶν
2426 1536 2688 1590 τοιούτων
2744 1529 3146 1596 καταξιοῦνται.
3213 1527 3323 1581 Καὶ
3376 1526 3546 1580 ταῦτα
3610 1524 3707 1592 μὲν

2136 1631 2267 1700 περὶ
2298 1628 2512 1682 τούτου.
2540 1627 2652 1697 Πρὸ
2680 1625 2737 1679 δέ
2768 1641 2831 1691 γε
2863 1622 2957 1676 τοῦ
3001 1622 3307 1693 χρίσματος
3366 1618 3504 1687 μετὰ
3528 1616 3588 1669 τὸ
3614 1616 3707 1686 βά-

2137 1738 2352 1791 πτισμα
2383 1723 2409 1773 ὁ
2434 1718 2748 1789 ἀρχιερεὺς,
2799 1715 3125 1784 ἐνδυομένου
3162 1714 3258 1767 τοῦ
3302 1710 3707 1779 βαπτιζομένου

465 1817 738 1883 baptizato
765 1826 915 1871 veste
940 1817 1134 1870 induto
1153 1831 1274 1886 quae
1299 1817 1368 1871 ab
1400 1816 1492 1871 illo
1525 1815 1883 1880 benedicitur,
1918 1831 2040 1884 gra-

2154 1814 2359 1886 (ιτῶνα,
2419 1812 2479 1875 ὃς
2510 1811 2817 1879 εὐλογεῖται
2874 1808 3006 1879 παρ’
3037 1808 3225 1869 αὑτοῦ,
3261 1806 3330 1859 τὰ
3358 1804 3458 1871 τῆς
3486 1803 3712 1870 εύχαρι·

464 1907 573 1963 tias
607 1906 715 1961 Deo
747 1907 877 1976 agit,
910 1907 1146 1963 laudans
1178 1924 1301 1962 eum
1329 1908 1397 1963 de
1427 1908 1603 1963 salute
1643 1907 1939 1976 regenerati
1982 1905 2036 1959 in

466 2014 606 2066 aqua
627 2006 679 2054 et
711 2000 942 2068 spiritu;
968 1999 1167 2054 deinde
1189 2003 1514 2070 deprecatur
1542 2008 1603 2055 ut
1632 1998 1723 2054 ille
1747 1999 2040 2053 chrismate

467 2092 663 2161 dignus
686 2092 778 2147 fiat
802 2101 857 2146 et
881 2107 975 2162 per
996 2092 1142 2149 istud
1169 2094 1312 2148 dono
1336 2107 1399 2147 ac
1424 2090 1857 2148 sanctiﬁcatione
1875 2088 2042 2146 ditini

472 2183 730 2253 Spiritus,
762 2199 884 2237 nam
914 2196 1139 2238 sanctus
1162 2192 1496 2240 monstratur
1533 2192 1588 2238 et
1616 2183 1836 2238 Christo
1863 2183 2043 2251 signa-

473 2285 582 2339 tus,
615 2283 669 2328 et
697 2275 904 2343 angelis
944 2274 1130 2329 divino
1166 2283 1443 2343 unguento
1477 2282 1674 2341 notus;
1706 2282 1760 2329 et
1788 2274 1900 2345 jam
1933 2286 2045 2326 non

472 2365 577 2418 nisi
621 2379 762 2435 aegre
810 2365 1047 2421 inimicis
1092 2366 1494 2435 expugnabilis,
1550 2362 1926 2418 tantummodo
1971 2362 2044 2416 sit

472 2456 735 2525 vigilans;
771 2455 975 2526 flagitat
1002 2471 1215 2525 quoque
1249 2465 1307 2510 ut
1343 2457 1435 2511 ille
1470 2455 1851 2527 mysteriorum
1897 2467 2049 2507 com-

473 2548 911 2605 municationem
938 2560 1330 2618 consequatur,
1379 2561 1556 2617 neque
1586 2548 1639 2601 in
1673 2536 1946 2616 posterum
1979 2547 2052 2601 sit

476 2646 623 2699 tibus
648 2644 849 2709 carnis,
880 2642 975 2699 sed
1002 2641 1144 2696 filius
1173 2640 1323 2710 regni
1353 2640 1468 2695 Dei.

1026 2927 1255 2987 CAPUT
1293 2927 1502 2985 LXVII.

480 3053 655 3120 Quare
682 3049 989 3120 baptizandi
1026 3046 1353 3120 tondentur,
1387 3048 1788 3120 induunturquc
1841 3044 2054 3099 cucullo

952 3130 1000 3174 et
1033 3118 1291 3173 humcrali
1310 3116 1555 3173 sindone.

553 3282 681 3336 POst
726 3278 1061 3340 unctionem,
1108 3272 1513 3329 sanctissimum
1561 3271 1771 3325 scilicet
1817 3283 2058 3340 unguen-

482 3382 635 3437 tum,
670 3371 857 3425 tondet
891 3366 1120 3435 capillos
1149 3361 1343 3432 capitis
1370 3361 1489 3430 ejus
1518 3364 1570 3415 in
1605 3362 1824 3415 modum
1856 3361 2056 3427 crucis,

484 3477 594 3520 tum
650 3461 870 3531 quidem
918 3459 1176 3529 quoniam
1234 3467 1399 3527 caput
1451 3455 1612 3509 habet
1658 3453 1959 3514 Christum,
2005 3462 2060 3506 et

482 3557 686 3610 nudato
721 3554 898 3622 capite
930 3552 1091 3606 debet
1138 3564 1319 3613 orare,
1367 3558 1425 3603 ut
1469 3549 1628 3603 docet
1674 3545 1912 3612 Paulus;
1946 3556 2058 3599 tum

485 3662 614 3700 vero
645 3645 898 3715 quoniam
932 3643 985 3696 iu
1024 3643 1125 3696 hac
1153 3649 1377 3695 tonsura
1412 3638 1684 3709 quoddam
1716 3636 2056 3706 signaculum

487 3737 657 3800 facit;
692 3751 812 3788 nam
846 3735 901 3788 in
931 3735 1147 3787 modum
1174 3733 1355 3787 crucis
1386 3746 1508 3784 eum
1538 3730 1745 3794 tondet,
1784 3736 1841 3780 ut
1873 3742 2061 3779 omnes

486 3826 788 3898 superfluas
813 3825 1174 3895 cogitationes
1191 3824 1393 3892 ejiciat.
1417 3822 1783 3887 Quamobrem
1809 3819 2060 3874 monachi

394 3995 403 4005 _
485 3919 649 3974 etiam
689 3917 1008 3971 tondentur.
1039 3916 1109 3971 Et
1147 3915 1323 3969 omnis
1359 3913 1530 3968 fidelis
1573 3910 1843 3981 superflua
1891 3925 2063 3980 neque

488 4010 678 4063 usibus
714 4009 833 4063 vitae
865 4007 1174 4062 necessaria
1203 4007 1366 4061 debet
1390 4006 1710 4075 aspernari;
1747 4007 1969 4074 insuper
2004 4012 2065 4058 ut

491 4103 746 4172 primitiae
774 4110 827 4155 et
856 4100 1185 4155 sacrificium
1213 4099 1435 4152 humani
1464 4100 1707 4167 corporis
1735 4117 1762 4149 ιι
1786 4098 2064 4166 ’ὺορῑίεειο

489 4194 666 4249 crines
700 4182 921 4246 Christo
960 4189 1287 4257 oﬂeruutur,
1338 4199 1463 4245 sunt
1507 4190 1651 4245 enim
1697 4190 1843 4244 velut
1897 4190 2064 4245 totius

491 4284 736 4353 corporis
766 4281 1155 4338 sufﬁmentum.
1194 4278 1319 4335 Ideo
1365 4281 1486 4336 illos
1519 4296 1683 4335 manu
1719 4292 1930 4345 tenens,
1969 4297 2064 4334 ne-

491 4395 762 4449 quaquam
814 4378 905 4433 ubi
968 4375 1072 4431 fert
1138 4392 1301 4431 casus
1370 4375 1609 4446 projicit,
1669 4376 1764 4430 sed
1833 4376 1887 4430 in
1946 4374 2064 4429 loco

2142 1904 2296 1967 στίας
2321 1903 2460 1975 πρὸς
2483 1902 2621 1955 Θεὸν
2643 1901 2927 1971 ἀναφέρει,
2973 1902 3072 1954 ἀνυ
3081 1898 3230 1969 μνῶν
3257 1897 3417 1950 αὑτὸν
3445 1895 3587 1963 ὑπὲρ
3610 1894 3711 1961 τῆς

2143 1995 2419 2066 σωτηρίας
2485 1994 2578 2047 τοῦ
2630 1993 3087 2061 ἀναγεννηθέντος
3149 1989 3228 2060 τῷ
3285 1987 3437 2041 ὕδατι
3499 1988 3592 2039 καὶ
3633 1984 3711 2052 τῷ

2144 2089 2442 2158 Πνεύματι.
2465 2082 2596 2141 Εἶτα
2625 2084 2838 2139 καὶτοῦ
2869 2084 3168 2154 χρίσματος
3199 2079 3496 2149 ἀξιωθῆναι
3522 2076 3713 2130 ἐκδυσο

2142 2180 2298 2243 ωπεῖ,
2329 2177 2422 2230 καὶ
2449 2178 2546 2243 τῆς
2572 2174 2780 2245 δωρεᾶς
2821 2172 2890 2225 δι’
2922 2170 3090 2226 αὐτοῦ
3118 2171 3212 2225 καὶ
3251 2170 3353 2238 τῆς
3401 2166 3712 2237 ἁγιωσύνης

2142 2265 2236 2319 τοῦ
2265 2265 2409 2325 Θείου
2445 2264 2778 2333 Πνεύματος.
2838 2261 3026 2328 "Are;
3052 2260 3162 2330 γὰρ
3214 2257 3586 2315 ἀναδείκνυται
3619 2256 3715 2308 καὶ.

2146 2360 2588 2430 ἐσφραγισμένος
2614 2357 2855 2428 Χριστῷ,
2888 2356 2986 2409 καὶ
3034 2352 3375 2424 ἐπιγνωστδς
3405 2355 3518 2414 τοῖς
3546 2353 3717 2419 ἀγγέ-

2149 2452 2261 2514 λοις
2287 2451 2366 2520 τῷ
2392 2451 2522 2521 θείῳ
2556 2449 2739 2519 μύρῳ,
2769 2449 3002 2511 καὶτοῖς
3041 2446 3256 2518 ἐχθροῖς
3290 2446 3390 2516 οὐχ
3417 2444 3715 2511 ἁλώσιμος,

2151 2545 2199 2595 εἰ
2241 2544 2401 2613 μόνον
2427 2541 2717 2614 γρηγορῶν
2736 2542 2844 2611 εἴη.
2881 2540 2993 2594 Καὶ
3012 2542 3111 2610 τῆς
3137 2538 3425 2600 κοινωνίας
3449 2536 3506 2590 δὲ
3529 2534 3719 2587 τοῦτον

2152 2636 2261 2689 τῶν
2286 2636 2599 2705 μυστηρίων
2628 2623 2907 2703 ἐπιτυχεῖν
2935 2633 3230 2700 ὲξαιτεῖται
3254 2669 3270 2696 ,
3310 2629 3403 2683 καὶ
3426 2627 3500 2695 μὴ
3533 2626 3592 2681 τά
3604 2640 3719 2679 ινον

2156 2726 2236 2780 ἔτι
2277 2726 2525 2797 σώματος
2552 2723 2718 2790 εἶναι,
2749 2726 2886 2780 ἀλλὰ
2921 2725 3111 2779 τέκνον
3143 2726 3239 2794 τῆς
3281 2720 3376 2776 τοῦ
3398 2719 3534 2775 Θεοῦ
3569 2718 3720 2788 βασι·

2156 2815 2330 2878 λείας.

2759 2930 2799 2980 Κ
2813 2926 3007 2982 ΕΦΛΛ.
3035 2928 3151 2983 ΞΖ’.

2161 3044 2326 3122 Arati
2355 3044 2617 3122 duode
2664 3045 2734 3099 ἐν
2776 3046 2905 3122 τρῖς
2933 3044 3396 3122 ,ϐαπτιζομένοις
3449 3050 3725 3122 τεζιεῖται,

2357 3115 2424 3167 τὸ
2452 3113 2682 3184 ἔνδυμα
2726 3116 2832 3171 τοῦ
2868 3113 3237 3171 κουκουλίου
3276 3113 3386 3173 καί
3426 3123 3532 3177 τοῦ
3578 3113 3725 3179 dra;

2299 3225 2313 3237 .
2342 3203 2437 3240 ου.

2299 3203 2437 3240 .ιου.

2227 3278 2383 3332 Μετὰ
2409 3278 2468 3329 τὸ
2494 3275 2722 3348 χρίσμα,
2747 3278 2809 3331 τδ
2846 3278 3114 3346 πανάγιόν
3148 3297 3292 3349 φημι
3330 3284 3524 3354 μύρον,
3553 3286 3728 3356 κείρει

2158 3368 2256 3429 τὰς
2291 3369 2390 3437 τῆς
2435 3367 2678 3437 κεφαλῆς
2727 3368 2892 3422 αὑτοῦ
2947 3371 3308 3440 σταυροειδῶς
3355 3374 3568 3445 τρίχας,
3612 3376 3729 3447 ἅμα

2164 3463 2261 3531 μὲν
2290 3460 2384 3514 καὶ
2409 3460 2497 3513 διὰ
2526 3461 2587 3512 rh
2607 3461 2848 3530 κεφαλὴν
2875 3461 3021 3531 ἔχειν
3051 3462 3145 3516 τὸν
3180 3465 3440 3534 Χριστὸν,
3473 3468 3566 3521 καὶ
3593 3469 3732 3521 ἀπε-

2164 3551 2510 3622 ρικαλύπτως
2537 3552 2771 3621 ὀφείλειν
2799 3552 3219 3622 προσεύχεσθαι,
3247 3557 3322 3619 ὡς
3347 3564 3441 3612 καὶ
3460 3561 3488 3612 ὁ
3523 3559 3731 3623 Παῦλος

2160 3640 2421 3703 διδάσκει,
2456 3641 2572 3709 ἅμα
2602 3640 2658 3693 δὲ
2682 3641 2778 3693 καὶ
2801 3641 2874 3703 ὡς
2901 3644 3173 3713 σφραγῖδα
3201 3662 3319 3698 τινα
3350 3647 3504 3702 τοῦτο
3533 3650 3730 3715 ποιῶν,

2160 3730 2262 3800 τὴν
2287 3731 2512 3800 κουρὰν,
2540 3732 2661 3786 ἐπεὶ
2693 3732 2792 3786 καὶ
2810 3733 3171 3804 σταυροειδῶς
3198 3737 3390 3792 τοῦτον
3414 3742 3605 3809 κείρει,
3650 3743 3735 3795 ἵνα

2163 3823 2255 3872 καὶ
2292 3820 2399 3874 πᾶν
2450 3820 2705 3889 περιττὸν
2759 3822 2869 3874 τῶν
2907 3824 3125 3876 ἐννοιῶν
3156 3825 3495 3899 ἀπορῤίπτῃ.
3548 3833 3639 3881 Διὸ
3668 3831 3734 3899 δὴ

2168 3911 2258 3964 καὶ
2287 3913 2334 3964 ot
2390 3914 2617 3982 μοναχοὶ
2656 3912 3064 3984 ἀποκείρονται.
3129 3918 3240 3970 Καὶ
3288 3921 3395 3982 πᾶς
3445 3922 3636 3984 πιστὸς
3664 3924 3735 3976 τὰ

2166 4001 2398 4072 περιττὰ
2427 4003 2522 4054 καὶ
2578 4000 2654 4072 μὴ
2682 4003 2941 4071 τοσοῦτον
2997 4006 3077 4067 είς
3107 4007 3307 4076 χρῆσιν
3346 4014 3735 4079 παραιτεῖσθαι

2164 4093 2392 4161 ὀφείλει.
2429 4093 2550 4147 Ἔτι
2577 4094 2633 4146 δὲ
2665 4095 2759 4146 καὶ
2794 4095 2868 4158 ὡς
2897 4097 3121 4167 ἀπαρχὴ
3172 4100 3269 4152 καὶ
3297 4101 3459 4154 θυσία
3513 4104 3607 4157 τοῦ
3640 4106 3736 4159 ἁν-

2167 4184 2437 4253 θρωπείου
2468 4183 2718 4254 σώματος
2752 4185 2861 4238 ἀπὸ
2896 4185 2991 4239 τοῦ
3021 4189 3417 4258 βαπτισθέντος
3461 4195 3518 4247 αἱ
3553 4195 3737 4264 τρίχες

2166 4276 2384 4346 Χριστῷ
2444 4279 2874 4348 προσφέρονται.
2917 4279 3024 4364 Τοῦ
3061 4281 3168 4352 γὰρ
3190 4284 3312 4337 ὅλου
3367 4286 3618 4354 σώματος
3660 4288 3735 4350 ὼς

2167 4371 2532 4439 ἀναθυμίασίς
2556 4371 2683 4425 είσι.
2719 4373 2810 4425 Διὸ
2837 4374 2933 4428 καὶ
2961 4376 2989 4428 ὁ
3008 4375 3504 4445 ίεράρχης-ταύτας
3535 4368 3737 4443 λαϐὼν,

493 4482 680 4525 sancto
742 4469 983 4537 deponit.
1051 4465 1220 4536 Igitur
1291 4467 1360 4520 ita
1435 4467 1657 4521 indutus
1730 4464 1911 4519 tunica
1978 4463 2062 4517 vir

2166 4463 2262 4532 οὐχ
2313 4463 2387 4526 ὡς
2422 4462 2580 4532 ἔτυχε
2634 4463 2841 4535 ῥίπτει,
2877 4466 2993 4520 ἀλλ’
3019 4469 3078 4519 ὲν
3110 4469 3262 4539 τόπῳ
3318 4470 3448 4540 ἱερῷ
3497 4471 3736 4539 τίθησιν.

494 4560 799 4630 baptizatus
842 4567 897 4612 et
944 4564 1165 4625 unctus,
1222 4555 1489 4623 caasisque
1520 4551 1754 4621 capillis,
1791 4550 2060 4604 cucullum

495 4653 548 4705 in
576 4653 750 4721 capite
777 4651 1068 4718 accipiens,
1104 4647 1198 4718 qui
1238 4647 1401 4702 etiam
1436 4653 1659 4700 vocatur
1694 4643 1890 4712 capitis
1919 4652 2058 4712 ,teg-

497 4757 641 4805 men,
679 4741 858 4794 tunica
894 4739 1113 4809 quidem
1158 4737 1525 4801 innocentiam
1564 4745 1618 4790 et
1647 4750 1842 4789 novam
1874 4732 2064 4789 infan-

498 4834 625 4889 tiam
687 4844 847 4900 atque
913 4832 1207 4900 puritatem
1262 4829 1577 4895 ostendens,
1633 4826 1845 4882 cucullo
1885 4835 2065 4880 autem

500 4923 815 4994 praesidium
846 4922 991 4990 quod
1023 4930 1106 4974 est
1127 4935 1195 4974 ex
1228 4919 1338 4975 Deo
1370 4930 1534 4988 atque
1562 4934 1823 4974 sensuum
1884 4928 2069 4973 custo-

502 5014 670 5077 diam,
707 5011 952 5080 plerique
982 5010 1127 5064 enim
1162 5024 1361 5064 sensus
1398 5011 1449 5063 in
1484 5009 1661 5079 capite
1699 5010 2067 5079 colliguntur;

501 5106 696 5161 deinde
756 5102 920 5157 etiam
977 5101 1260 5155 linteolum
1320 5102 1612 5156 candidum
1674 5099 1859 5157 ferens
1921 5100 2069 5170 quod

503 5197 878 5254 inditmentum
918 5207 1136 5264 quoque
1161 5192 1468 5255 dicitur,-in
1512 5195 1729 5262 signum
1763 5193 1933 5247 divini
1990 5192 2072 5246 lu-

508 5290 673 5344 minis
705 5298 758 5342 ct
789 5286 1044 5359 angelica:
1077 5285 1350 5356 puritatis,
1383 5301 1506 5338 nam
1553 5284 1693 5340 Iilius
1727 5284 1866 5339 lucis
1896 5284 2071 5340 factus

501 5390 587 5435 cst
630 5381 966 5450 baptizatus,
1017 5389 1070 5433 ct
1118 5377 1342 5432 omnino
1391 5377 1744 5433 intemeratus
1780 5392 1844 5431 ac
1901 5392 2073 5445 purus

505 5482 836 5526 monstratus
860 5481 960 5535 est,
983 5473 1056 5525 ita
1081 5469 1350 5538 perfectus
1377 5478 1519 5537 stat;
1546 5469 1590 5523 si
1618 5479 1828 5522 aetatem
1853 5469 2070 5537 quidem

507 5563 689 5626 habet,
730 5564 847 5631 ipse
877 5564 1161 5618 candelam
1187 5574 1364 5633 portat
1393 5564 1445 5616 in
1478 5561 1845 5617 ostensioncm
1869 5568 1925 5613 ct
1957 5562 2043 5629 gln
2063 5588 2076 5602 -

507 5657 641 5708 riam
670 5655 1021 5711 divinissimzc
1046 5656 1184 5712 lucis
1211 5673 1226 5724 ;
1259 5658 1305 5713 si
1333 5656 1535 5720 infans,
1569 5667 1801 5723 SpOllSOl‘
1825 5651 1938 5705 vicc
1959 5654 2076 5723 ejus

507 5762 622 5800 eam
660 5754 857 5815 portat,
908 5758 960 5803 et
991 5746 1248 5804 Ecclesia:
1279 5755 1529 5806 cantores
1577 5757 1778 5801 canunt
1813 5762 1825 5799 :
1897 5763 1913 5795 ι
1944 5744 2074 5810 Qni-

2170 4556 2326 4608 Οὕτω
2353 4554 2450 4624 μὲν
2485 4554 2576 4607 οὖν
2602 4556 2965 4627 ἐνδυσάμενος
2996 4561 3202 4627 χιτῶνα
3231 4562 3259 4614 ὁ
3284 4560 3624 4632 βαπτισθεὶς,
3643 4564 3741 4618 καὶ

2167 4636 2430 4715 χρισθεὶς,
2475 4647 2569 4700 καὶ
2598 4648 2926 4718 ἁποκαρεὶς,
2959 4652 3051 4704 καὶ
3101 4652 3420 4707 κουκούλιον
3447 4657 3508 4707 ἐν
3545 4657 3612 4726 τῇ
3644 4673 3739 4708 κεο

2169 4741 2311 4810 φαλῇ
2341 4738 2541 4803 λαϐὼν,
2565 4741 2593 4793 ὃ
2624 4741 2688 4810 δὴ
2719 4744 2816 4797 καὶ
2866 4745 3270 4815 περικεφαλαία
3319 4750 3590 4813 καλεῖται,
3644 4750 3744 4804 καὶ

2168 4833 2230 4885 τὸ
2253 4833 2353 4903 μὲν
2391 4833 2477 4907 διὰ
2502 4835 2601 4903 τὴν
2635 4836 2875 4889 ἀκακίαν
2910 4840 3005 4891 καὶ
3027 4839 3088 4893 τὸ
3122 4841 3393 4909 νηπιῶδες
3415 4841 3496 4894 ἔτι
3526 4844 3622 4895 καὶ
3649 4859 3747 4895 κα·

2172 4923 2360 4992 θαρὸν,
2384 4925 2443 4976 τὸ
2466 4925 2523 4978 δὲ
2561 4928 2640 4987 εἰς
2685 4927 2895 4999 σκέπην
2945 4929 3046 4998 τὴν
3083 4931 3190 4984 ἀπὸ
3224 4930 3320 4984 τοῦ
3351 4930 3488 4985 Θεοῦ
3522 4933 3610 4985 καὶ
3642 4950 3747 5000 φυα

2172 5014 2344 5113 λακὴν
2368 5014 2474 5068 τῶν
2502 5016 2897 5088 αἰσθητηρίων,
2931 5021 2986 5071 al
3041 5021 3293 5075 πλεῖσται
3321 5023 3429 5091 γόρ
3464 5024 3749 5113 αίσθήσὶεις

2174 5106 2525 5183 καθίδρυνται
2553 5111 2612 5160 ὲν
2645 5113 2713 5180 τῇ
2759 5112 2991 5180 κεφαλῇ,
3025 5110 3145 5166 εἶτα
3196 5116 3291 5169 καὶ
3325 5116 3526 5183 χιτῶνα
3552 5106 3749 5169 λευκὸν

2174 5199 2357 5251 ὲπάνω
2385 5200 2642 5268 φορέσας,
2663 5200 2692 5254 ὃ
2724 5203 2817 5254 καὶ
2857 5202 3138 5258 ἁναὸὁλιον
3168 5204 3414 5272 λέγεται,
3443 5206 3525 5269 είς
3571 5207 3636 5259 τύ
3650 5224 3749 5260 πον

2174 5288 2267 5341 τοῦ
2285 5288 2429 5341 θείου
2459 5291 2656 5359 φωτὸς,
2675 5293 2882 5363 καὶτῆς
2914 5295 3209 5365 ἀγγελικῆς
3229 5296 3340 5366 85
3354 5297 3749 5365 καθαρότηῖοςν

2178 5381 2289 5442 υἱὸς
2321 5381 2425 5452 γὰρ
2474 5383 2649 5449 φωτὸς
2696 5388 2724 5435 ὁ
2755 5385 3095 5452 βαπτισθεὶς,
3131 5389 3226 5441 καὶ
3272 5388 3405 5465 ὃλοςκ
3420 5388 3650 5452 ἄσπιλὸς
3687 5408 3745 5443 τε

2178 5472 2271 5523 καὶ
2312 5472 2548 5541 καθαρὸς
2597 5475 2932 5546 ἀπεδείχθη,
2990 5478 3136 5530 οὕτω
3167 5479 3464 5545 τελεσοεὶς,
3506 5480 3748 5535 ἵσταται.

2182 5564 2242 5616 Εἰ
2275 5563 2459 5633 μὲνέν
2496 5566 2685 5636 ἡλικίᾳ
2718 5569 2853 5635 ἐστὶ,
2888 5569 3447 5640 λαμπαδηφοροῦντος
3477 5572 3644 5625 αὑτοῦ
3669 5577 3752 5636 εἰς

2180 5654 2401 5720 ἒνόειξίν
2441 5672 2500 5707 τε
2530 5657 2622 5708 καὶ
2650 5658 2808 5722 δόξαν
2839 5660 2931 5711 τοῦ
2969 5661 3246 5713 θειοτάτου
3280 5661 3461 5728 φωτός
3481 5677 3497 5693 ⁸
3524 5662 3571 5713 εί
3602 5661 3657 5718 δὲ
3688 5676 3754 5729 γε

2183 5747 2402 5818 βρέφος,
2437 5746 3002 5825 λαμπαδηφοροῦντος
3044 5743 3136 5805 rei)
3171 5734 3436 5823 ἀνάδὸχου
3468 5753 3626 5822 χάριν
3657 5759 3754 5806 αξι-
