4114 6272
479 432 584 494 233

1762 432 1858 490 DE
1891 431 2446 492 SACRAMEIQTIS.

3627 447 3731 512 234

484 542 601 610 τοῦ,
636 541 684 594 oi
711 539 811 611 μὲν
841 537 940 608 τῆς
981 510 1279 608 ἐκκλησίας
1307 539 1566 609 ὑμνῳδοὶ,
1601 539 1677 605 τὸ,
1713 558 1732 592 ι
1773 541 1930 595 Ὅσοι
1965 543 2024 595 si.

2149 558 2365 613 cunque
2421 562 2469 600 In
2503 546 2721 603 Christo
2757 550 3010 621 baptizati
3045 556 3194 612 estis.
3230 577 3247 608 ι
3298 557 3546 618 Pontifex
3602 579 3731 618 vero

470 633 709 703 Χριστὸν
767 631 1160 700 ἐϐαπτίσθητε,
1221 651 1240 682 ι
1285 632 1551 736 ᾄδουσινοὶ
1588 632 1938 736 ὁάρχιερεὺς
1987 635 2043 736 δὲ

471 723 550 776 ἐτι
571 722 783 782 καὶτὰς
811 721 1007 783 λοιπὰς
1047 721 1157 772 τῶν
1202 721 1381 788 εὐχῶν
1410 720 1728 783 τετελεκὼς,
1765 721 1915 784 ὅπως
1961 721 2039 792 τῷ

369 816 374 822 ’
471 810 821 884 βαπτισθέντι
841 810 910 862 τὰ
935 808 1028 861 τοῦ
1063 810 1435 880 βαπτίσματος
1464 807 1716 877 διαμείνῃ
1743 807 2040 876 ἀμόλυντα,

470 904 561 955 καὶ
582 902 651 954 τὰ
671 903 772 971 τῆς
805 901 1101 970 σφραγῖδος
1129 899 1514 966 ἀνεξάλειπτα,
1553 901 1645 952 καὶ
1683 903 1751 951 τὰ
1787 899 1887 967 τῆς
1916 917 2039 951 κου-

473 995 573 1064 ρᾶς
605 993 832 1062 γένηται
883 992 963 1054 είς
1013 991 1312 1060 ἀσφάλειαν
1339 991 1453 1043 τῶν
1502 991 1895 1060 αἰσθητηρίων,
1946 992 2042 1044 καὶ

476 1083 644 1136 πλείω
669 1081 834 1152 ἕτερα
868 1082 948 1143 είς
980 1083 1258 1150 σωτηρίαν
1291 1080 1680 1148 ἐπευξάμενος,
1706 1083 1800 1134 καὶ
1826 1080 2039 1144 δοξολο-

471 1175 646 1244 γήσας
685 1177 780 1228 τον
803 1174 959 1236 Θεδν,
987 1172 1265 1242 λαμϐάνει
1296 1173 1503 1242 χαίρων
1546 1173 1637 1225 τὸν
1669 1172 2038 1242 βαπτισθέντα

467 1267 629 1319 πάλιν
657 1267 720 1320 ὲκ
748 1266 847 1334 τῆς
869 1265 1072 1336 χειρὸς,
1102 1264 1196 1316 τοῦ
1223 1265 1484 1334 ἀναδᾶχου
1511 1266 1903 1334 συνεπομένου,
1928 1263 2039 1316 Καὶ

465 1360 682 1428 χορείαν
710 1345 966 1426 ποιήσας,
997 1356 1072 1418 ὡς
1133 1359 1244 1420 τοῖς
1282 1353 1533 1424 ἀγγέλοις
1565 1357 1912 1427 συγχορεύων
1944 1359 2038 1409 καὶ

465 1447 849 1516 σννηδόμενοτ,
881 1448 998 1516 τρὶς
1034 1446 1132 1516 τὴν
1162 1447 1554 1516 κολυμϐήθραν
1597 1450 1814 1510 κυκλοῖ,
1853 1450 1946 1502 ἐπὶ
1968 1452 2032 1519 τῇ

463 1540 805 1608 πνευματικῇ
841 1537 1011 1608 μητρὶ
1034 1538 1259 1607 χαίρων,
1290 1539 1384 1591 καὶ
1416 1541 1510 1591 ἐπὶ
1543 1539 1620 1608 τῷ
1641 1542 2035 1612 γεγεννημένῳ

465 1627 745 1698 Πνεύματι
781 1627 910 1699 θείῳ
938 1628 996 1694 ἐξ
1025 1629 1217 1697 αὐτῆς.
1268 1629 1378 1682 Καὶ
1397 1629 1479 1690 τὸ,
1516 1648 1534 1680 ι
1575 1629 1733 1682 Ὅσοι
1793 1634 1872 1694 είς
1903 1633 2036 1701 Χρι-

464 1719 590 1772 στὸν
624 1719 1010 1788 ἐϐαπτίσθητε,
1053 1738 1070 1771 ι
1111 1720 1208 1772 σὺν
1236 1724 1345 1782 τοῖς
1375 1720 1559 1792 ᾄδουσι
1602 1721 1848 1792 μελῳδεῖ.
1903 1717 2036 1776 Εἶτα.

403 1820 413 1827 “
463 1813 523 1863 τὸ
561 1829 582 1862 ι
620 1804 1005 1880 Μακάριοίῶν
1040 1811 1322 1880 ἀφέθησαν
1374 1811 1430 1864 αἱ
1480 1814 1724 1883 ἀνομίαι,
1765 1831 1785 1862 ι
1822 1814 1916 1866 καὶ
1968 1813 2034 1865 τὰ

2147 635 2430 702 completis
2490 640 2743 707 precibus
2791 645 3023 709 caeteris,
3091 659 3150 700 ut
3206 651 3478 719 baptizata
3546 660 3720 726 gratia

2146 725 2398 794 baptismi
2452 728 2656 799 integra
2690 744 2924 794 maneat.
2957 746 3010 790 et
3041 739 3280 808 sigillum
3323 725 3634 811 indelebile,
3676 758 3730 803 et

2147 825 2371 872 tonsura
2404 819 2459 872 in
2509 823 2731 877 tutelam
2766 840 3047 893 sensuum,
3085 831 3351 901 pluraque
3394 837 3498 891 alia
3533 840 3599 892 ad
3635 855 3724 894 sa-

2143 908 2308 963 lutem
2339 910 2681 980 deprecatus,
2711 925 2765 970 et
2799 918 3107 986 glorificans
3138 923 3330 994 Deum,
3361 943 3554 985 rursus
3594 945 3728 998 gau-

2143 1000 2276 1055 dens
2343 1002 2669 1070 baptizatum
2740 1024 2902 1065 manu
2977 1016 3284 1083 prehendit,
3356 1033 3728 1090 cciisequente

2143 1105 2424 1156 Sponsore.
2457 1093 2610 1150 Jacta
2649 1098 2872 1169 insuper
2901 1107 3123 1168 chorea.
3162 1111 3318 1177 quisi
3352 1126 3475 1166 cum
3515 1117 3725 1188 angelis
3776 1186 3784 1206 ⁷

2154 1183 2372 1206 ..ΑΙ--..λι
2411 1195 2456 1206 ,ι
2493 1187 2599 1206 l__.,
2681 1199 2695 1206 -
2835 1201 2845 1206 -
2981 1196 2992 1206 ι
3065 1199 3073 1206 .
3260 1203 3270 1206 -
3386 1205 3391 1206 ,

2152 1183 2377 1236 saltaret
2405 1195 2461 1238 et
2493 1187 2787 1256 laetaretur,
2832 1201 2914 1250 ter
2943 1196 3206 1264 pis«'.inam
3225 1203 3441 1269 circuit,
3462 1207 3527 1260 de
3553 1218 3726 1265 matre
3776 1186 3786 1242 ξ

2141 1273 2367 1340 Spiritali
2399 1279 2638 1345 gaudens
2675 1293 2839 1350 atque
2871 1289 2937 1341 de
2985 1303 3300 1358 regenerato
3330 1311 3394 1348 ex
3421 1313 3484 1352 ea
3515 1300 3565 1352 in
3603 1299 3727 1369 Spi-

2143 1366 2246 1418 ritu
2279 1381 2490 1434 sancto,
2513 1381 2566 1425 ct
2622 1375 2792 1431 illud:
2831 1397 2849 1430 ι
2878 1380 3201 1454 Quicunque
3228 1387 3278 1440 in
3303 1386 3520 1444 Christo
3553 1366 3726 1462 bapti-
3785 1382 3788 1385 l

2140 1459 2242 1511 zati
2278 1462 2434 1523 estis,
2465 1479 2482 1512 ι
2532 1481 2654 1520 cum
2705 1473 3020 1528 cantoribus
3059 1480 3370 1535 modulatur
3427 1498 3491 1538 ac
3537 1485 3672 1541 illud
3707 1507 3720 1543 :

2146 1561 2165 1593 ι
2194 1547 2340 1600 Beati
2374 1565 2608 1618 quorum
2654 1560 2895 1613 remissae
2924 1573 3052 1616 sunt
3093 1566 3434 1638 iniquitates,
3461 1591 3479 1623 ι
3515 1585 3569 1630 et
3594 1579 3724 1632 reli~

2139 1652 2244 1704 qua
2273 1639 2418 1694 illius
2444 1657 2508 1696 ex
2539 1647 2758 1712 psalmis
2801 1653 2892 1720 qui
2924 1654 3219 1727 hymnilogi
3260 1663 3558 1732 dicuntur;
3605 1669 3723 1736 ipse

2141 1742 2268 1782 vero
2291 1731 2566 1801 baptizata
2591 1741 2822 1807 praeieus
2849 1745 2898 1797 in
2927 1761 3272 1816 conspectum
3310 1756 3500 1814 altaris
3540 1759 3718 1827 ducit,

2140 1830 2194 1872 ct
2236 1821 2307 1874 ibi
2361 1840 2484 1879 eum
2538 1833 2829 1887 tremenda:
2869 1842 3271 1898 counnunionis
3320 1845 3451 1903 facit
3499 1853 3724 1919 partici-

459 1901 588 1972 ἑξῆς
617 1903 712 1955 τοῦ
744 1903 974 1969 Ψαλμοῦ
997 1903 1107 1955 τῶν
1130 1902 1386 1973 ὑμνῳδῶν
1416 1903 1706 1972 λεγόντων,
1740 1906 1904 1968 αὐτὸς
1938 1907 2029 1958 τὸν
2065 1906 2104 1959 Β
2136 1925 2278 1976 pem,

460 1995 821 2065 βαπτισθέντα
884 1997 1402 2065 προπορευύμενος,
1470 1996 1564 2050 τοῦ
1627 1997 2020 2069 θυσιαστηρίου
2051 2001 2367 2073 ἔμπροσθεν
2426 2011 2602 2082 φέρει,

457 2091 695 2163 φρικτῆς
729 2091 1077 2162 μεταδίδωσι,

1022 2207 1065 2259 Κ
1078 2206 1272 2261 ΕΦᾹΛ.
1316 2207 1443 2263 Ξιιο.

453 2294 580 2350 Ὅτι
629 2297 696 2351 τὸ
729 2296 903 2373 tedae
929 2298 1034 2352 τοῦ
1054 2299 1481 2373 ,βαπτίσματος
1534 2302 1630 2355 καὶ
1664 2302 1771 2358 τοῦ
1801 2305 2024 2373 μύρου,

790 2367 829 2434 ἡ
861 2371 1142 2422 κοινωνία
1173 2371 1293 2422 τῶν
1313 2373 1687 2438 μυστηρίων.

523 2457 698 2513 Τοῦτο
723 2460 832 2528 γὰρ
867 2461 959 2513 καὶ
1009 2461 1069 2514 τὸ
1115 2463 1270 2526 τέλος
1309 2463 1403 2516 τοῦ
1446 2465 1751 2532 μυστηρίου
1799 2466 2022 2529 παντὸε,

454 2549 541 2602 ἵνα
575 2552 672 2620 τῆς
733 2551 944 2622 πλάνης
999 2554 1406 2621 ἀπαλλαγέντες
1443 2558 1534 2609 καὶ
1566 2556 1660 2608 τοῦ
1717 2557 1890 2626 ῥύπου
1926 2560 2024 2628 τῆς

455 2623 754 2711 ἁμαρτίας,
788 2645 1022 2714 καθαροί
1047 2663 1104 2698 τε
1137 2647 1494 2716 γεγενημένοι
1529 2650 1622 2702 καὶ
1653 2623 2026 2719 έσιρραγισμέ-

452 2751 534 2787 νοι
557 2734 778 2805 Χριστῷ
814 2739 872 2789 ὲν
902 2738 1043 2808 ἁγίῳ
1091 2740 1391 2808 Πνεύματι,
1445 2743 1545 2812 τῆς
1578 2747 1780 2813 σαρκὸς
1805 2749 1898 2798 καὶ
1927 2745 2022 2798 τοῦ

453 2826 688 2894 αἵματος
749 2827 916 2880 αὐτοῦ
979 2829 1072 2883 τοῦ
1111 2819 1367 2897 ’Χριστοῦ
1431 2835 1871 2903 κοινωνήσωμεν,
1928 2835 2023 2888 καὶ

458 2917 645 2985 ἄκρως
692 2918 984 2988 ένωθῶμεν
1034 2921 1424 2988 αὐτιῖ).-Τοῦτο
1465 2924 1570 2994 γὰρ
1626 2925 1652 2976 ὃ
1691 2926 1783 2977 καὶ
1813 2926 1898 2978 διὰ
1930 2929 2022 2979 τοῦ

455 3010 744 3078 Προφήτου
775 3011 940 3079 φησίν
961 3027 976 3042 ·
1014 3030 1034 3062 ι
1088 3015 1382 3082 Ἐνοικήσω
1417 3017 1472 3066 ὲν
1504 3018 1687 3078 αὐτοῖς
1732 3019 1826 3070 καὶ
1849 3020 2023 3088 ἐμπε-

455 3101 763 3169 ριπατήσω·
805 3119 824 3152 ι
872 3101 967 3154 καὶ
1000 3103 1136 3174 ὅπερ
1172 3105 1331 3168 αὐτὸς
1373 3105 1578 3175 ηὔξατο
1615 3109 1749 3178 πρὸς
1780 3110 1870 3163 τὸν
1918 3113 2022 3164 ιιι-

447 3195 608 3263 τέρα,
642 3196 836 3263 λέγων,
877 3215 896 3247 ι
935 3195 1052 3250 Ἴνα
1082 3190 1217 3250 ὦσιν
1247 3197 1306 3251 ἓν
1338 3199 1516 3263 καθὼς
1545 3203 1728 3272 ἡμεῖς,
1772 3224 1789 3254 ι
1820 3204 1915 3257 καὶ
1941 3209 2018 3266 τὸ,

460 3303 480 3336 ι
530 3285 659 3338 Ἰδοὺ
687 3287 796 3352 ἐγὼ
829 3287 948 3356 μεθ’
981 3288 1134 3356 ὑμῶν
1176 3291 1294 3356 εἰμι
1346 3291 1527 3354 πάσας
1564 3292 1660 3354 τὰς
1722 3296 1958 3364 ἡμέρας.
1998 3315 2014 3346 ι

465 3374 685 3445 Ἐπειδὴ
722 3376 851 3446 ἄχρι
879 3379 998 3430 τότε
1023 3378 1110 3433 διὰ
1144 3380 1253 3432 τῶν
1285 3383 1602 3450 μυστηρίων
1632 3385 1724 3434 καὶ
1773 3386 2022 3454 ἀοράτως

454 3465 577 3535 μεθ’
605 3466 762 3536 ήμῶν
785 3467 958 3522 ἔσται.
990 3470 1123 3522 Τότε
1145 3469 1200 3521 δὲ
1228 3471 1302 3532 ὡς
1333 3471 1850 3554 ἐστινᾷὀφθήσεται,
1884 3477 1957 3539 ὡς
1994 3481 2020 3530 ὁ

2132 3488 2215 3534 lus
2239 3488 2322 3536 est
2353 3497 2419 3536 ex
2446 3482 2684 3554 Virgine,

449 3554 806 3624 ἠγαπημένος
834 3560 990 3624 φησι.
1018 3561 1126 3612 Καὶ
1147 3560 1234 3613 διὰ
1257 3560 1416 3614 τοῦτο
1437 3551 1780 3633 σεῖὰρκωται
1799 3568 1858 3618 ὲκ
1884 3569 2029 3637 Παρ-

451 3645 629 3711 θένου,
656 3646 742 3698 ἵνα
763 3649 894 3718 ήμῖν
919 3649 1114 3719 ἑνωθῇ.
1143 3652 1349 3705 Τούτου
1382 3671 1437 3706 τε
1469 3655 1632 3731 χᾲριν
1655 3656 2020 3727 ἐσταύρωται,

447 3738 546 3791 καὶ
571 3739 634 3792 τὸ
655 3737 792 3809 αἷμα
823 3740 1004 3811 ἐξέχεε
1029 3740 1095 3793 δι’
1127 3743 1296 3812 ἡμᾶς,
1335 3743 1402 3796 ἶν’
1431 3746 1598 3798 αὐτοῦ
1652 3751 2020 3818 κοινωνῶμεν.

447 3829 561 3882 Καὶ
591 3833 698 3900 πρὸ
725 3831 819 3883 τοῦ
845 3832 1078 3900 σταυροῦ
1113 3835 1200 3886 διὰ
1227 3834 1328 3904 τῆς
1363 3835 1676 3906 ἱερουργίις
1716 3841 1782 3893 τὰ
1817 3844 2022 3909 μυστή-

449 3937 543 3989 ρια
570 3920 823 3987 δέδωκεν,
858 3923 944 3975 ἴνα
975 3922 1092 3993 μεθ’
1140 3923 1295 3993 ήμῶ.’
1341 3924 1398 3998 ᾖ,
1447 3927 1542 3978 καὶ
1591 3935 1836 3982 κοινωνοὶ
1873 3926 2022 4000 ὦμεν

451 4013 640 4080 αὑτοῦ,
667 4014 764 4067 νῦν
791 4032 847 4067 τε
878 4016 971 4068 καὶ
1005 4017 1063 4068 ἐν
1103 4017 1180 4085 τῷ
1214 4018 1487 4085 μέλλοντι,
1539 4024 1633 4072 καὶ
1667 4022 1774 4074 τῶν
1803 4024 2027 4091 ἀγαθῶν

451 4107 621 4160 αὐτοῦ
659 4108 977 4177 μετέχωμεν
1015 4108 1238 4174 πάντες,
1270 4111 1354 4162 ὅτι
1408 4111 1568 4164 τοῦτο
1603 4113 1878 4183 ἠγάπησε.
1915 4118 2027 4169 Καὶ

446 4200 476 4251 ὁ
511 4199 698 4269 Πατήρ
739 4199 905 4252 αὑτοῦ
955 4199 1100 4252 οὕτω
1161 4204 1252 4254 τὸν
1310 4204 1515 4272 κόσμον
1540 4206 1848 4288 ἠγάπησεν,
1879 4208 2017 4261 ὥστε

446 4273 539 4343 τον
571 4293 698 4344 Υἱὸν
721 4291 887 4344 αὐτοῦ
918 4294 1008 4344 τὸν
1051 4295 1318 4363 μονογενῆ
1343 4295 1568 4361 ἔδωκεν,
1606 4285 1694 4349 ἵνα
1728 4301 1836 4362 πᾶς
1864 4301 1892 4352 ὁ
1923 4319 2014 4354 πι-

448 4381 655 4436 στεύων
686 4383 765 4442 είς
796 4383 896 4434 αὐτ
916 4400 960 4433 ,ν
1006 4383 1081 4452 μὴ
1113 4383 1401 4452 ἀπόληται,
1442 4382 1555 4440 ἀλλ’
1587 4387 1686 4460 ἔχῃ
1715 4389 1860 4460 ζωὴν
1890 4391 2018 4443 αὶώ.

448 4490 583 4526 νιον.
625 4475 734 4528 Καὶ
764 4475 850 4527 δά
873 4469 1030 4524 τοῦτο
1063 4477 1463 4545 παραπλησίως
1493 4481 1857 4550 κεκοινώνηκε
1889 4500 2018 4554 σαρ-

2668 2016 2832 2071 κάκεῖ
2909 2023 3007 2090 τῆς
3057 2031 3345 2094 κοινωνίχς
3406 2036 3554 2106 αύτῷ
3616 2040 3719 2111 τῆς

2658 2224 2885 2282 CAPUT
2959 2231 3187 2290 LXVIII.

2133 2303 2280 2370 Quod
2303 2309 2424 2378 ﬁnis
2449 2321 2497 2367 et
2527 2332 2713 2387 scapus
2747 2321 3000 2402 baptismi
3031 2338 3079 2406 et
3108 2331 3414 2388 chrismatis
3453 2338 3516 2406 ﬁt
3563 2356 3714 2396 (ont-

2629 2392 2808 2443 mum’o
2830 2400 3218 2462 mysteriorum.

2204 2467 2341 2524 Illud
2369 2475 2512 2529 enim
2547 2477 2669 2534 finis
2697 2491 2779 2535 est
2814 2486 2991 2541 omnis
3025 2494 3291 2560 mysterii,
3321 2503 3381 2549 ut
3419 2501 3611 2556 remoti
3645 2505 3714 2560 ab

2133 2575 2324 2618 errore
2377 2577 2430 2621 et
2484 2584 2514 2622 a
2582 2575 2837 2630 sordibus
2899 2586 3128 2650 peccati,
3181 2589 3411 2657 puriquc
3466 2591 3595 2649 facti
3657 2605 3715 2652 et

2133 2652 2351 2710 Christo
2377 2659 2572 2728 signati
2609 2663 2663 2717 in
2722 2677 2914 2723 sancto
2943 2669 3174 2740 Spiritu,
3207 2692 3427 2734 carnem
3485 2691 3538 2736 et
3586 2701 3714 2742 sau-

2133 2746 2352 2810 gninem
2389 2753 2561 2819 ipsuus
2611 2755 2813 2812 Christi
2849 2767 3346 2834 communicemus,
3381 2782 3435 2827 et
3472 2785 3622 2831 arcte
3658 2779 3712 2834 ei

2131 2840 2543 2910 coajungamur.
2571 2845 2682 2902 Iloc
2711 2852 2856 2904 enim
2883 2853 3016 2908 dixit
3047 2873 3143 2925 per
3170 2866 3486 2933 proiihelam
3513 2884 3527 2920 :
3568 2888 3585 2921 ι
3621 2869 3712 2926 Ιη-

2133 2928 2388 3000 habitabo
2420 2935 2471 2987 in
2506 2937 2609 3002 eis,
2642 2949 2692 2993 et
2717 2946 3109 3010 pcrambulabo
3131 2967 3177 3013 ;t
3209 2963 3263 3008 et
3290 2957 3434 3026 quod
3473 2961 3588 3030 ipse
3611 2980 3710 3031 pe-

2132 3021 2281 3076 tebat
2309 3038 2339 3077 a
2372 3025 2531 3081 Patre
2553 3029 2738 3086 dicens
2769 3050 2782 3086 :
2823 3053 2841 3085 ι
2870 3034 2936 3090 Ut
2955 3038 3064 3093 sint
3095 3059 3259 3098 unum
3281 3021 3423 3104 sicut
3447 3021 3508 3105 et
3533 3021 3634 3109 nos
3655 3072 3705 3122 ;ι

2131 3119 2185 3165 et
2226 3111 2356 3169 illud
2387 3133 2402 3170 :
2451 3136 2470 3168 ι
2500 3118 2640 3175 Ecce
2679 3125 2964 3182 vobiscum
3001 3139 3415 3196 snm.omnihns
3446 3144 3704 3216 diebusp

2133 3219 2258 3258 nam
2315 3222 2487 3276 usque
2524 3213 2588 3267 ad
2622 3215 2872 3272 ultimum
2905 3221 3045 3276 diem
3074 3231 3333 3297 mysteria
3363 3213 3711 3297 invisibiliter

2132 3297 2236 3351 erit
2263 3300 2589 3372 nobiscum;
2621 3315 2746 3364 tunc
2777 3323 2962 3366 autem
2996 3320 3157 3372 sicuti
3187 3331 3270 3377 est
3305 3329 3601 3396 videbitur,
3650 3345 3710 3390 ut

2130 3386 2270 3444 dixit
2303 3391 2534 3448 dilectus
2555 3395 2876 3466 discipulus.
2915 3403 3208 3469 Pr0pterea
3244 3415 3407 3469 etiam
3454 3419 3711 3477 incarna-

2722 3499 2779 3544 ut
2808 3493 2962 3549 nobis
3014 3498 3321 3570 adunetur;
3355 3508 3516 3578 hujus
3538 3529 3708 3573 causa

2133 3573 2432 3630 crucifixus
2464 3585 2566 3641 est,
2597 3587 2650 3633 et
2679 3587 2999 3653 sanguinem
3036 3604 3254 3662 propter
3297 3615 3397 3656 nos
3427 3573 3618 3661 cﬂ‘udit
3649 3617 3708 3663 ut

2134 3661 2286 3716 illttm
2318 3667 2369 3719 in
2405 3672 2790 3728 communione
2826 3679 3184 3748 accipiamus.
3232 3699 3286 3743 et
3324 3703 3450 3748 ante
3485 3713 3706 3756 crucem

2133 3768 2228 3822 per
2254 3759 2583 3816 sacrificium
2617 3765 2768 3820 dedit
2799 3776 3053 3841 mysteria
3092 3789 3147 3833 ut
3191 3784 3483 3840 nobiscum
3514 3791 3607 3853 sit,
3653 3804 3708 3848 et

2130 3860 2230 3900 nns
2273 3849 2394 3917 ejus
2446 3855 2874 3929 participemus,
2926 3870 3186 3935 quoniam
3243 3874 3347 3930 hoc
3389 3878 3602 3949 dilexit,
3654 3897 3709 3940 et

2129 3938 2298 3994 Pater
2327 3943 2446 4012 ejus
2471 3948 2541 4001 ita
2569 3953 2829 4006 mundum
2866 3957 3053 4013 dilexit
3085 3975 3139 4014 ut
3168 3961 3362 4020 Filium
3393 3985 3552 4025 suum
3582 3978 3707 4028 uni-

2125 4034 2368 4094 genitum
2420 4038 2595 4107 daret,
2655 4055 2712 4097 ut
2748 4051 2925 4104 omnis
2971 4053 3063 4120 qui
3098 4057 3272 4110 credit
3323 4059 3376 4114 in
3415 4077 3540 4118 eum
3597 4084 3703 4122 Ποιι

2126 4129 2334 4186 pereat,
2357 4128 2451 4179 sed
2485 4129 2677 4186 habeat
2709 4135 2872 4192 vitam
2908 4151 3188 4200 anei-nam.
3224 4146 3516 4219 Propterea
3549 4158 3703 4212 simi-

2130 4209 2252 4265 liter
2278 4215 2627 4288 participavit
2656 4231 2807 4280 carni
2842 4240 2895 4284 et
2936 4237 3214 4304 sanguini,
3251 4247 3310 4293 ut
3353 4253 3452 4298 nos
3503 4245 3704 4305 habea-

2129 4318 2248 4360 tnus
2282 4314 2729 4370 communionem
2763 4334 2886 4374 cum
2920 4339 3009 4390 eo,
3053 4329 3309 4394 quoniam
3347 4333 3431 4389 hic
3477 4348 3564 4393 est
3605 4357 3704 4397 ve-

2128 4412 2221 4452 rus
2263 4396 2405 4455 Deus
2459 4411 2514 4456 et
2564 4404 2672 4458 vita
2717 4418 2940 4478 mlerua,
2979 4425 3033 4469 ut
3067 4433 3286 4478 rursum
3337 4426 3413 4481 ait
3466 4430 3700 4490 dilectus

2125 4491 2442 4560 apostolus;
2485 4495 2588 4564 ipsi
2627 4513 2766 4552 verae
2808 4501 2913 4556 luci
2947 4507 3115 4573 gloria
3149 4513 3202 4565 in
3237 4518 3458 4573 saecula.
3500 4523 3696 4579 Amen.

449 4571 543 4636 κός
589 4588 648 4625 τε
692 4577 785 4626 καὶ
846 4572 1101 4642 αἵματος,
1155 4576 1243 4627 ἵνα
1292 4577 1574 4632 κοινωνίαν
1629 4580 1840 4650 ἔχωμεν
1912 4585 2030 4652 μετ’
2069 4587 2256 4641 αὐτοῦ.
2292 4588 2416 4644 Ὀτι
2447 4591 2598 4659 οὗτός
2629 4595 2776 4650 ἐστιν
2807 4602 2834 4652 ὁ
2862 4571 3116 4674 ἀληθινὸς
3160 4609 3292 4674 Θεὸς
3338 4619 3489 4690 καὶὴ
3522 4616 3634 4690 ζωὴ
3663 4625 3698 4695 ἡ

450 4668 665 4695 -ι.ι....--
716 4669 786 4695 ,οη
820 4671 974 4695 ,μω
1012 4673 1031 4695 ι
1069 4673 1422 4695 4-----μηιη--
1470 4693 1495 4695 __
1569 4677 1600 4695 ,.
1703 4683 1756 4695 ..
1813 4681 1838 4694 ..
1923 4683 1944 4693 -
1993 4683 2033 4695 ..
2091 4690 2111 4695 -
2185 4687 2208 4695 -
2367 4692 2375 4695 _
2428 4692 2439 4695 -
2491 4693 2537 4695 __

449 4668 686 4734 αἰώνιος,
713 4669 976 4733 ὡς.πάλιν
1008 4673 1035 4724 ὁ
1069 4673 1424 4743 ήγαπημένος
1465 4677 1652 4744 φησίν.
1687 4681 1848 4750 Αύτῷ
1878 4683 1954 4750 τῷ
1982 4683 2219 4756 ἀληθινῷ
2248 4692 2388 4757 φωτὶ
2416 4692 2449 4756 ή
2483 4693 2610 4760 δόξα
2661 4698 2740 4759 είς
2770 4701 2896 4763 τοὺς

531 4767 592 4819 ’0
610 4768 707 4837 μὲν
726 4762 817 4821 οὖν
835 4769 1126 4838 ἀρχιερεὺς
1146 4773 1285 4838 μετὰ
1298 4772 1357 4824 τὸ
1381 4775 1701 4841 μεταδοῦναι
1720 4779 1798 4848 τῷ
1821 4780 2017 4849 βαπτι-

2943 4704 3170 4769 αίῶνας.
3237 4711 3414 4786 Ἀμήν

2199 4788 2369 4857 Igitur
2437 4791 2681 4858 pontifex
2746 4796 2990 4865 quidem,
3069 4813 3356 4876 postquam
3418 4812 3698 4883 baptizato

453 4860 633 4913 σθέντι
658 4860 756 4930 τῆς
790 4861 1098 4926 κοινωνίας,
1128 4861 1530 4933 εὐχαριστήσας
1552 4867 1628 4936 τῷ
1655 4869 1896 4939 Σωτῆρι,
1923 4879 2016 4924 καὶ

453 4950 729 4976 ὲ-Αἶᾶρ--
792 4949 1096 4976 -.’.“....,Δ--,
1130 4968 1189 4976 --
1220 4952 1313 4976 ρλ.-
1345 4954 1605 4976 ο---μ-Λι
1648 4975 1663 4976 κ
1866 4961 1877 4976 ι
1989 4962 2011 4972 ο

2763 4860 2778 4864 -
2974 4860 2985 4865 -
3071 4860 3083 4872 .
3214 4860 3224 4876 .
3418 4860 3695 4883 “rw-.-

2132 4879 2560 4934 communionem
2603 4883 2958 4953 ministravit,
3003 4896 3192 4962 gratiis
3214 4901 3351 4957 actis
3398 4902 3695 4976 Salvatori,

391 5003 396 5008 ,
450 4950 752 5015 ἀπολύσας,
791 4949 1096 5019 εὐλογήσας
1130 4968 1191 5002 τε
1220 4952 1313 5004 τὸν
1343 4954 1711 5022 βαπτισθέντα
1753 4961 1890 5029 μετά
1922 4962 2014 5013 τοῦ

450 5037 734 5107 ἀναδόχου,
766 5040 1105 5107 ἀπέρχεται·
1131 5039 1158 5091 ὁ
1189 5041 1511 5110 βαπτισθεὶς
1549 5046 1605 5098 δὲ
1634 5049 1714 5110 είς
1748 5050 1838 5103 τὸν
1867 5047 2016 5106 οἷκον

450 5130 766 5201 πορεύεται,
817 5132 1281 5200 προπεμπόμενος
1346 5137 1487 5204 μετά
1539 5137 1732 5206 φώτων
1769 5141 1842 5203 ὡς
1899 5145 2013 5206 υἱὸς

450 5223 624 5289 φωτὸς
654 5222 755 5292 ήδη
779 5241 793 5254 ο
824 5224 917 5276 καὶ
942 5224 1024 5287 τὸ,
1059 5242 1077 5274 ι
1108 5223 1263 5277 Ὅσοι
1292 5228 1372 5288 είς
1396 5228 1628 5296 Χριστὸν
1649 5231 2013 5302 ἐϐαπτίσθητε

450 5313 500 5364 οἱ
538 5314 958 5382 προπέμποντες
991 5316 1344 5386 μελῳδοῦσιν.
1380 5319 1699 5375 Ἐνεδύσατο
1727 5325 1835 5394 γὰρ
1857 5327 1884 5377 ὁ
1923 5328 2016 5395 βα-

373 5459 380 5481 ,
450 5403 696 5465 πτισθεὶς
727 5403 818 5454 τὸν
841 5403 1079 5470 Χριστὸν
1110 5406 1164 5456 ὲν
1186 5407 1366 5477 ἐαυτῷ
1399 5409 1492 5461 καὶ
1521 5411 1840 5484 ⁸ίιμορρώθη
1883 5417 2020 5486 XF:-

368 5467 380 5574 ξ
451 5495 576 5556 στὺς
621 5497 679 5546 ὲν
728 5467 940 5564 ἑαυτῷο
999 5497 1096 5547 καὶ
1129 5497 1161 5566 ή
1196 5467 1354 5568 χάρις
1403 5467 1549 5571 αὐτῷ
1576 5467 1671 5556 τού
1698 5467 2013 5576 λινεύματος

368 5553 378 5574 ι
447 5553 814 5656 ὲπεϐἡμησιν.
849 5553 945 5650 ’ὸς
975 5587 1039 5658 δὴ
1085 5553 1180 5642 atat".
1197 5553 1632 5663 "atpo'astixecbat
1673 5600 1766 5650 καὶ
1791 5553 2014 5670 τάΓίερΞι

447 5678 652 5747 ἀμφια,
681 5678 742 5731 τὸ
770 5680 1087 5734 κουκούλιον
1104 5682 1304 5753 δηλαδὴ
1330 5691 1421 5739 καὶ
1446 5686 1508 5739 τὸ
1536 5689 1841 5755 ἀνοιϐὀλιον,
1867 5693 1894 5745 ὃ
1919 5693 2013 5747 καὶ

443 5767 720 5837 ἐμφώτιον
769 5767 1012 5837 λέγεται,
1065 5774 1160 5825 καὶ
1190 5773 1396 5845 ἔνδυμα
1427 5779 1691 5850 πρότερον
1712 5778 1801 5852 ἦν,
1835 5785 1928 5838 καὶ
1956 5786 2004 5838 oi

443 5859 804 5926 φωτισθέντες
839 5862 1049 5916 ἄνωθεν
1074 5865 1411 5935 ὲπενδύοντο,
1465 5873 1593 5944 ἄχρι
1621 5873 1742 5946 ~tta).
1772 5874 2008 5947 ἑϐδόμης

681 5954 1100 6024 ΡΑτιιοι.Θιι.
1156 5961 1326 6024 CLV.
1404 5969 1415 5978 '

2124 4977 2177 5023 et
2232 4971 2511 5028 dimittens
2569 4984 2733 5045 atque
2788 4979 3115 5042 benedicens
3171 4991 3510 5061 baptizatum
3567 4971 3694 5058 cuin

2122 5073 2410 5127 sponsore,
2468 5068 2690 5121 recedit.
2738 5069 3050 5139 Baptizatus
3106 5094 3288 5135 autem
3353 5086 3406 5139 in
3464 5090 3694 5146 domum

2121 5153 2270 5204 vadit
2330 5153 2596 5211 deductus
2648 5173 2771 5214 cum
2830 5163 3091 5231 lucernis,
3132 5179 3189 5223 ut
3243 5171 3386 5229 filius
3431 5177 3593 5242 lucis,
3636 5193 3695 5236 et

2125 5243 2299 5299 illud:
2355 5245 2725 5319 «Quicunque
2778 5253 2832 5307 in
2883 5257 3101 5312 Christo
3156 5262 3416 5330 baptizati
3472 5271 3608 5324 estis
3665 5291 3686 5325 ι

2120 5335 2445 5394 deducentes
2477 5343 2807 5412 concinnant;
2844 5351 3046 5420 quippe
3074 5353 3372 5418 baptizatus
3410 5358 3694 5418 Christum

2121 5423 2173 5478 in
2203 5428 2495 5500 semetipso
2515 5431 2712 5500 induit,
2739 5448 2794 5489 et
2820 5438 3069 5494 Christus
3095 5442 3149 5495 in
3181 5458 3249 5498 eo
3285 5455 3557 5504 turmatus
3584 5461 3692 5518 est,

2117 5522 2172 5568 et
2221 5518 2395 5585 gratia
2438 5520 2672 5590 Spiritus
2710 5525 2762 5578 in
2809 5543 2933 5582 eum
2984 5537 3318 5600 supervenit.
3372 5537 3478 5606 Qui
3529 5557 3692 5602 orare

2118 5606 2276 5661 debet
2305 5617 2357 5662 et
2383 5625 2570 5666 sacras
2612 5626 2788 5671 vestes
2823 5620 3067 5686 induere,
3101 5639 3298 5696 nempe
3328 5629 3605 5686 cucullum
3635 5645 3691 5689 et

2120 5695 2402 5756 linteolum
2437 5705 2578 5770 quod
2605 5707 2770 5761 etiam
2811 5708 3141 5768 luininosum
3174 5719 3372 5774 dicitur
3394 5723 3686 5782 indumen-

2122 5794 2258 5856 tum,
2287 5799 2341 5845 et
2365 5793 2514 5861 prior
2534 5807 2653 5851 erat
2679 5799 2912 5856 amictus
2937 5820 3097 5872 quem
3129 5808 3414 5867 illmniuati
3434 5829 3529 5870 seu
3560 5818 3688 5886 bap-

2117 5878 2792 5955 tizatijsuperinduebant
2841 5909 3012 5964 usque
3061 5898 3126 5952 ad
3184 5903 3470 5968 septimam
3539 5878 3686 5964 dicit:

3217 5989 3251 6049 8
