4114 6272
408 389 514 452 235

1267 375 1645 441 SYMEONIS
1669 359 2415 432 THESSALONICENSIS
2451 355 2802 418 ARCHIEP.

3559 347 3668 408 ἓίίὶ

420 508 638 572 propter
674 509 922 555 sanctum
957 495 1215 560 chrisma,
1251 502 1302 546 et
1329 489 1556 545 minime
1602 481 1825 544 salvari,
1883 475 1978 532 sed
2015 524 2020 533 .

2129 471 2299 542 μέρας
2331 466 2645 521 ἐνδεδύσθαι
2680 463 2886 532 ὀφείλει
2919 461 3003 515 διὰ
3035 461 3093 512 τί»
3138 460 3345 530 χρίσμα
3394 457 3452 510 τδ
3483 457 3544 524 ἆγ
3563 475 3664 520 ιον,

414 595 467 646 in
504 592 624 646 istis
661 590 900 644 vestibus
925 601 1120 640 manus
1151 587 1434 650 detergere
1473 584 1662 647 utpote
1693 585 1982 627 consecra-

415 696 522 739 tus.
555 684 748 736 Verum
781 690 902 750 post
931 677 1345 739 hebdomadem,
1375 671 1518 742 quod
1546 667 1788 724 ostendit
1820 665 1981 734 hujus

417 777 539 830 vita:
572 775 772 844 septies
816 774 1026 826 misera:
1057 770 1315 840 Spatium,
1349 764 1509 819 debet
1539 761 1590 816 in
1621 759 1880 825 templum
1917 756 1983 810 ad

415 868 751 921 sacerdotem
788 865 1050 919 accedere
1096 867 1149 914 et
1187 873 1279 928 per
1317 871 1440 910 cum
1489 851 1656 909 ablui.
1715 848 1985 906 Sacerdos

330 985 353 998 κ
413 973 538 1012 cum
570 956 740 1011 sacris
779 953 1031 1024 precibus
1071 966 1194 1005 cum
1237 951 1378 1003 lavat
1407 947 1459 1000 in
1511 944 1734 1013 spongia
1763 951 1816 996 et
1847 953 1984 1008 aqua

415 1052 467 1104 in
498 1050 630 1104 locis
662 1048 852 1117 rapitis
883 1055 936 1100 et
959 1058 1214 1098 manuum
1259 1055 1392 1110 quos
1438 1047 1626 1093 sancto
1660 1035 1834 1089 linivit
1881 1048 1982 1085 un-

419 1151 638 1209 guento,
693 1155 798 1194 non
845 1149 1022 1193 autem
1073 1137 1129 1192 in
1181 1134 1306 1189 aliis
1337 1131 1632 1192 membris;
1685 1129 1800 1182 haec
1842 1126 1985 1179 enim

419 1234 727 1296 baptizatus
762 1232 912 1286 lavat
950 1231 1002 1284 in
1035 1229 1157 1283 loco
1202 1226 1448 1282 solitario
1483 1238 1552 1277 ne
1583 1220 1714 1290 quid
1769 1219 1984 1272 illorum

419 1341 695 1381 sacrorum
741 1339 935 1393 nempe
968 1339 1125 1390 aquze
1169 1316 1428 1388 baptismi
1464 1322 1516 1368 et
1543 1310 1805 1381 unguenti
1837 1308 1988 1364 deci-

419 1419 553 1473 dens
584 1416 948 1472 conculcetur.
989 1413 1366 1480 Quamobrem
1411 1407 1476 1461 ad
1511 1407 1615 1460 hoc
1651 1406 1743 1473 qui
1775 1409 1988 1457 aetatem

422 1511 603 1572 habet,
636 1523 664 1560 a
707 1507 990 1560 sacerdote.
1040 1512 1328 1558 moneatur
1393 1499 1457 1552 ad
1515 1495 1874 1568 vigilandum.
1933 1501 1993 1545 nt

419 1609 668 1669 precetur
699 1606 750 1650 et
784 1596 903 1651 aliis
954 1595 1006 1649 in
1045 1593 1246 1662 templo
1303 1599 1690 1658 congregetur,
1737 1594 1792 1641 et
1824 1598 1994 1654 purus

422 1687 661 1752 maneat,
695 1698 746 1741 et
779 1687 1002 1743 assiduo
1036 1683 1312 1756 mysteriis
1355 1681 1663 1752 participet,
1712 1678 1819 1732 hoc
1847 1675 1992 1730 enim

423 1793 546 1832 vera
578 1787 662 1832 est
696 1777 827 1829 vita.
871 1776 925 1830 Si
956 1790 1083 1828 vero
1128 1773 1308 1827 infans
1339 1782 1443 1836 est,
1475 1779 1649 1824 mater
1681 1769 1745 1822 de
1783 1766 1990 1822 eisdem

2090 566 2181 616 καὶ
2217 563 2291 632 μὴ
2328 556 2730 616 ἀπονίπτεσθαι
2763 555 2897 616 ὅλως
2927 571 2939 586 ·
2975 557 3088 616 τοῖς
3119 551 3345 620 ἀμφίοις
3368 550 3425 603 δὲ
3455 548 3668 610 τούτοις
3751 615 3759 622 ⁸

2088 655 2429 722 ἀποσμήχειν
2460 648 2559 711 τὰς
2595 651 2781 717 χεῖρας
2813 647 2886 708 ὡς
2917 644 3248 714 ἡγιασμένος
3288 640 3362 693 ὢν
3386 657 3401 670 ο
3441 640 3580 708 μετὰ
3607 638 3664 690 δέ

2088 765 2150 814 γε
2169 745 2268 816 τὴν
2293 744 2527 813 ἑϐδόμην
2552 741 2579 794 ὂ
2627 740 2778 809 δηλοῖ
2805 738 2903 807 τῆς
2956 735 3257 804 ὲπταδικῆς
3283 733 3485 801 ταύτης
3520 731 3666 797 ζωῆς

2087 844 2189 908 τὴν
2219 837 2541 906 περαίωσιν,
2589 831 2914 903 προσελθεῖν
2960 831 3020 883 ὲν
3046 829 3121 899 τῷ
3164 827 3278 896 ναῷ
3308 827 3403 882 καὶ
3428 824 3507 893 τῷ
3534 824 3672 890 ἱερεῖ

2094 937 2188 985 καὶ
2207 929 2318 1000 86
2341 929 2407 982 δι’
2434 926 2596 979 αὐτοῦ
2622 919 3153 987 ἀπολούσασθαι,τοῦ
3178 918 3369 990 ἱερέως
3409 915 3476 968 δι’
3499 913 3673 982 εὐχῶν

2095 1025 2256 1093 ἱερῶν
2286 1019 2703 1082 άποπλύναντος
2734 1015 2895 1068 αὐτὸν
2927 1017 2985 1069 ὲν
3022 1010 3248 1082 σπόγγῳ
3301 1013 3396 1064 καί
3425 1009 3576 1062 ὕδατι
3612 1008 3670 1058 tv

2091 1110 2174 1179 οἷς
2203 1115 2466 1184 ἠλείψατο
2497 1112 2682 1173 τόποις
2709 1111 2809 1178 τῆς
2838 1106 3084 1176 κεφαλῆς
3117 1122 3174 1158 τε
3205 1104 3298 1157 καὶ
3325 1101 3433 1156 τῶν
3472 1096 3675 1169 χειρῶν

2093 1207 2150 1258 τὸ
2185 1202 2497 1270 ἁγιώτατον
2528 1199 2723 1270 μύρον,
2777 1197 2918 1266 πλὴν
2966 1195 3076 1250 τῶν
3129 1194 3304 1252 ἄλλων
3359 1190 3542 1262 μερῶν
3579 1187 3674 1240 τοῦ

2096 1303 2370 1371 σώματος.
2397 1297 2588 1352 Ταῦτα
2624 1295 2732 1363 γὰρ
2764 1294 2926 1356 αὐτὸς
2951 1295 2980 1345 ό
3013 1287 3335 1361 βαπτισθεὶς
3363 1281 3672 1339 ἀποπλύνε-

2093 1407 2182 1442 ται
2210 1391 2268 1441 ὲν
2304 1388 2560 1452 ἰδιάζοντι
2586 1387 2758 1456 τόπῳ,
2786 1383 2858 1445 ὡς
2887 1383 2953 1438 ἂν
2990 1383 3066 1452 μὴ
3099 1381 3204 1434 τῶν
3245 1379 3418 1446 ἁγίων
3453 1377 3677 1429 ἐκείνων

2095 1497 2169 1544 τι,
2204 1470 2294 1532 τοῦ
2322 1479 2513 1541 ὓδατος
2553 1478 2697 1546 φημί
2731 1477 2824 1530 τοῦ
2887 1475 3268 1544 βαπτίσματος
3311 1470 3343 1541 ἢ
3373 1467 3466 1520 τοῦ
3503 1467 3677 1536 μύρου

2096 1571 2351 1633 ἐκπεσὸν,
2386 1567 2774 1637 καταπατηθῇ.
2805 1565 2894 1619 Διὸ
2917 1566 3014 1617 καὶ
3044 1563 3177 1631 περὶ
3202 1561 3395 1614 τούτου
3423 1560 3450 1611 ό
3485 1560 3585 1627 μὲν
3623 1559 3682 1610 ὲν

2098 1663 2284 1733 ἡλικίᾳ
2328 1659 2404 1714 ὢν
2436 1658 2778 1729 φυλάξασθαι
2834 1656 3221 1726 παραγγελίαν
3262 1651 3475 1705 λαϐέτω
3531 1647 3684 1718 παρὰ

2097 1753 2193 1808 τοῦ
2225 1736 2438 1820 ἱερέως,
2466 1755 2541 1815 ῶς
2567 1753 2657 1803 καὶ
2682 1750 2742 1802 τὸ
2771 1747 3198 1819 προσεύχεσθαι,
3233 1746 3327 1798 καὶ
3355 1740 3689 1807 συνάγεσθαι

423 1870 782 1922 admoneatur
829 1877 880 1920 et
930 1864 1277 1936 praecipiatur
1330 1873 1390 1918 ut
1433 1873 1557 1932 post
1602 1858 1992 1914 hebdomadem

2122 1847 2212 1908 :oI;
2243 1817 2416 1908 ναοῖς,
2476 1844 2573 1895 καὶ
2625 1817 3010 1910 καθαρεύειν,
3042 1840 3130 1892 καὶ
3157 1835 3395 1905 συνεχῶς
3429 1833 3688 1900 μετέχειν

430 1960 692 2015 infantem
727 1959 1096 2014 abluenduma
1123 1955 1404 2010 sacerdote
1436 1953 1665 2019 deferat,
1687 1960 1742 2006 et
1771 1948 1998 2004 omnino

431 2053 497 2104 ab
534 2051 647 2118 ipsa
694 2049 922 2110 lavetur,
965 2056 1018 2099 et
1071 2060 1208 2114 aqua
1241 2045 1439 2098 lavacri
1498 2043 1550 2096 in
1598 2044 1719 2097 loco
1753 2038 2000 2095 solitario

431 2141 744 2209 mundoque
771 2139 1096 2194 effundatur.
1133 2136 1237 2191 Sed
1281 2145 1333 2190 et
1367 2145 1542 2190 vestes
1574 2135 1625 2186 in
1666 2131 1868 2201 quibus
1907 2144 2004 2200 per

432 2244 637 2301 septem
707 2233 822 2288 dies
867 2230 1125 2284 infantem
1179 2227 1404 2283 involvit
1457 2226 1510 2278 in
1569 2238 1786 2279 secessu
1845 2219 2008 2275 debet

436 2325 676 2386 abluere,
737 2331 789 2375 ct
844 2321 1062 2374 assidue
1113 2317 1376 2372 infantem
1438 2317 1503 2369 ad
1558 2309 2003 2367 communionem

439 2414 821 2485 mysteriorum
849 2411 1079 2478 afferre;
1117 2413 1185 2463 ita
1230 2410 1371 2463 enim
1411 2405 1581 2475 magis
1611 2403 1716 2457 crit
1755 2408 2005 2457 servatus

436 2515 488 2560 et
516 2505 867 2561 confirmatus
900 2518 928 2556 a
967 2501 1206 2557 Christo.

2104 1936 2212 1989 τῶν
2247 1932 2593 2004 μυστηρίων⁹
2649 1931 2806 1984 τοῦτο
2841 1930 2952 2000 γάρ
2988 1931 3134 1981 ἐστιν
3179 1928 3210 1996 η
3242 1925 3410 1981 ὄντως
3439 1921 3552 1986 ζωή
3577 1934 3592 1947 ⁸
3632 1921 3685 1972 εί

2106 2026 2163 2080 δὲ
2189 2025 2386 2096 βρέφος
2419 2023 2588 2088 ἐστὶν,
2620 2023 2653 2092 ἡ
2682 2024 2866 2092 μήτηρ
2897 2020 3025 2088 περὶ
3044 2016 3232 2070 τούτου
3262 2008 3678 2080 ἀσφαλιζέσθω.

2111 2120 2208 2173 καὶ
2249 2115 2626 2186 παραγγελίαν
2653 2115 2845 2184 ἐχέτω,
2879 2111 3016 2182 μετὰ
3045 2109 3144 2177 τὴν
3202 2106 3439 2174 ἑϐδόμην
3474 2101 3686 2172 ἡμέραν

2118 2210 2493 2279 προσαγαγεῖν
2529 2206 2935 2260 άπολούσασθαι
2988 2201 3119 2272 παρ’
3153 2200 3344 2272 ῑερέως
3371 2197 3434 2250 τὸ
3465 2195 3687 2264 βρέφος,

2114 2300 2499 2370 άποπλυθῆναί
2526 2317 2584 2352 τε
2619 2298 2748 2369 παρ’
2771 2298 2941 2368 αὐτῆς
2978 2294 3295 2363 ὁλοσώμως,
3326 2290 3421 2344 καὶ
3467 2287 3528 2342 τὸ
3555 2290 3690 2340 ἀπό-

2112 2394 2291 2462 λουμα
2331 2391 2558 2462 χυθῆναι
2577 2393 2633 2444 tv
2661 2389 2914 2453 ἰδιάζοντι
2955 2388 3050 2442 καὶ
3077 2383 3300 2455 καθαρῷ
3326 2382 3497 2449 τόπῳ.
3528 2378 3632 2430 Ἀλί
3654 2373 3694 2432 ἀ

2113 2490 2208 2541 καὶ
2229 2486 2296 2540 τὰ
2325 2485 2504 2556 ἄμφια
2535 2486 2591 2539 ὲν
2621 2478 2700 2546 οἷς
2727 2486 2782 2536 ὲν
2833 2483 2952 2544 ταῖς
2988 2479 3126 2533 ἑπτὰ
3151 2477 3353 2530 εῐλισσε
3393 2474 3452 2526 τὸ
3491 2471 3692 2542 βρέφος

437 2599 692 2668 ἡμέραις,
720 2593 1028 2658 ἰδιαζόντως
1059 2589 1360 2645 ἀποπλῦναι
1384 2586 1613 2656 ὀφείλει,
1639 2585 1729 2638 καὶ
1757 2579 1996 2652 συνεχῶς
2037 2578 2118 2642 εἰς
2172 2577 2272 2647 τὴν
2301 2575 2589 2630 κοινωνίαν
2644 2573 2800 2642 άγειν
2848 2569 2960 2625 τῶν
2990 2566 3311 2641 μυστηρίων
3366 2563 3428 2617 τὺ
3467 2561 3690 2634 βρέφος.

439 2692 597 2747 Οὕτω
620 2693 728 2762 γὰρ
755 2691 950 2760 μᾶλλον
977 2689 1132 2741 ἔσται
1161 2686 1594 2758 συντηρούμενόν
1619 2699 1674 2734 τε
1712 2683 1808 2736 καὶ
1833 2679 2198 2745 αὐξανόμενον
2228 2675 2333 2728 ὑπὸ
2363 2673 2455 2727 τοῦ
2491 2669 2752 2740 Χριστοῦ.

1002 2827 1227 2884 CAPUT
1263 2824 1448 2879 LXIX.

445 2973 639 3026 Contra
675 2965 910 3031 Latinos,
960 2965 1096 3033 quod
1147 2961 1377 3029 infantes
1426 2958 1790 3013 communione
1839 2967 2018 3007 arcere

1033 3047 1136 3085 non
1169 3040 1426 3099 oporteat.
1509 3094 1516 3100 .

517 3151 628 3206 Nec
669 3149 811 3203 enim
846 3153 1058 3215 oportet
1085 3143 1186 3196 hoc
1233 3139 1521 3209 negligere,
1553 3146 1611 3188 ut
1645 3134 1809 3190 stulte
1833 3131 2022 3187 dicunt
2047 3112 2089 3167 ο

451 3245 700 3316 quidam,
727 3241 779 3294 in
813 3241 913 3292 hoc
943 3237 1104 3291 etiam
1140 3247 1274 3288 nova
1296 3231 1604 3291 molientes,
1637 3239 1810 3294 neque
1841 3221 2020 3277 infano

453 3348 531 3391 tes
559 3349 588 3387 a
621 3329 1002 3384 communione
1025 3337 1275 3378 amovere
1314 3338 1328 3374 :
1362 3318 1657 3384 Quoniam,
1697 3317 1871 3376 aiunt,
1899 3326 2024 3366 nes-

459 3427 614 3481 ciunt
643 3420 880 3476 infantes
913 3419 978 3470 dc
1018 3428 1129 3482 quo
1155 3410 1504 3481 participant.
1535 3409 1577 3460 Ο
1611 3405 1836 3459 verbum
1873 3404 2026 3456 insa-

459 3531 586 3571 num
622 3511 895 3579 simulque
929 3509 1190 3561 absonum
1219 3505 1232 3556 !
1273 3502 1338 3555 Et
1359 3513 1530 3570 quare
1565 3511 1697 3567 ergo
1741 3494 2028 3563 baptizas?

457 3606 540 3659 vel
573 3617 738 3673 quare
769 3599 894 3653 linis
935 3594 1254 3667 Ultglh'illt)?
1300 3593 1409 3645 imo
1445 3587 1623 3644 Latini
1656 3601 1760 3642 non
1791 3594 2026 3656 ungunt,

462 3709 516 3752 ut
554 3694 864 3754 didicimus,
898 3700 1020 3759 post
1066 3687 1422 3756 baptismum,
1479 3690 1532 3736 et
1579 3681 1764 3734 omnia
1817 3679 1898 3732 eis
1931 3675 2030 3729 Ec-

460 3789 640 3843 clesiae
665 3783 948 3838 catholica:
979 3788 1108 3835 sunt
1137 3775 1432 3833 contraria.
1514 3771 1616 3838 Qui
1658 3780 1840 3825 autem
1876 3774 2029 3822 recte

463 3879 624 3948 sapit,
674 3873 1128 3946 quemadmodum
1178 3869 1294 3939 ipse
1346 3866 1398 3921 in
1454 3863 1558 3918 fide
1607 3861 1870 3916 infantem
1924 3858 2034 3912 Deo

463 3968 646 4041 offert,
701 3973 754 4018 et
785 3977 882 4032 per
916 3959 1124 4015 fidelem
1157 3971 1478 4027 sponsorem
1511 3951 1915 4012 confessionem
1953 3948 2033 4001 fa-

463 4065 557 4127 cit,
592 4039 645 4113 et
671 4063 1021 4127 regeneratur
1039 4052 1096 4105 in
1121 4063 1340 4119 regnum
1363 4046 1622 4102 ctelorum
1646 4045 1828 4099 infans
1852 4039 2036 4110 bapti-

465 4164 641 4214 zatus,
699 4158 753 4204 et
811 4145 999 4200 linitur
1049 4152 1324 4211 unguento
1373 4148 1429 4194 et
1479 4145 1859 4198 consecratur,
1899 4144 1953 4189 et
1989 4131 2039 4188 si

469 4242 756 4301 moriatur,
832 4235 966 4291 civis
998 4234 1052 4288 fit
1105 4232 1257 4302 regni
1312 4230 1426 4295 Dei,
1477 4228 1550 4282 ita
1587 4243 1680 4296 per
1715 4226 1929 4282 ﬁdelem
1970 4224 2038 4278 ad

468 4330 911 4386 communionem
964 4324 1242 4387 efferatur,
1305 4320 1562 4388 quoniam
1629 4319 1741 4388 ipsa
1803 4326 1887 4370 est
1934 4316 2040 4370 vita

469 4431 692 4476 aeterna.
727 4417 794 4471 Et
822 4418 963 4471 sicut
998 4413 1089 4483 qui
1119 4426 1224 4465 non
1268 4420 1489 4464 renatus
1526 4409 1689 4462 fuerit
1716 4423 1810 4476 per
1841 4420 2038 4474 aquam

471 4521 522 4567 et
562 4510 850 4580 Spiritum,
884 4521 991 4560 non
1043 4502 1270 4557 intrabit
1301 4501 1352 4554 in
1389 4514 1613 4567 regnum
1643 4498 1930 4559 malorum,
1970 4499 2040 4548 ita

478 4629 496 4657 ι
525 4605 617 4676 qui
642 4618 750 4658 non
785 4600 1193 4655 manducaverit
1222 4609 1440 4648 carnem
1469 4590 1592 4646 Filii
1632 4590 1890 4653 hominis,
1925 4607 1944 4642 ι
1987 4598 2046 4644 ut

475 4698 590 4766 ipse
609 4695 748 4748 dixit
773 4691 1055 4755 Dominus,
1089 4709 1107 4741 ι
1133 4699 1184 4743 et
1207 4702 1315 4742 non
1339 4683 1532 4740 biberit
1555 4683 1674 4753 ejus
1696 4680 2043 4750 sanguinem,

479 4803 583 4842 non
616 4784 836 4840 habebit
867 4783 1030 4835 vitam
1067 4791 1347 4834 mternam.
1390 4795 1409 4828 ι

557 4957 684 5011 Haec
763 4954 831 5007 de
917 4953 1102 5008 divino
1177 4952 1502 5021 baptismate
1587 4966 1685 5021 pro
1754 4965 1874 5006 mea
1947 4951 2054 5004 vir-

485 5061 601 5105 tute
674 5046 990 5102 summatim
1060 5057 1113 5098 et
1165 5044 1279 5098 dixi
1342 5054 1396 5099 et
1451 5044 1642 5113 scripsi
1697 5045 1873 5108 vobis,
1924 5043 2056 5097 cha-

485 5141 724 5204 rissimi;
797 5150 851 5193 et
919 5151 1014 5191 vos
1081 5151 1142 5190 ea
1216 5151 1314 5203 pro
1390 5138 1588 5190 virtute
1667 5145 1846 5190 vestra
1918 5136 2056 5189 acci-

488 5235 637 5302 pite;
703 5230 986 5288 sermones
1050 5237 1212 5281 erunt
1273 5227 1425 5280 vobis
1482 5226 1859 5290 sublimiorcs,
1927 5225 2056 5294 quia

488 5323 804 5379 sublimiora
857 5327 983 5375 sunt
1033 5319 1329 5389 mysteria;
1361 5319 1473 5372 haec
1501 5319 1644 5372 enim
1688 5317 1919 5371 humiles
1956 5330 2053 5369 nos

489 5427 710 5488 propter
741 5430 835 5469 vos
878 5416 970 5483 qui
1000 5428 1098 5467 nos
1128 5413 1500 5480 interrogastis
1559 5425 1614 5465 et
1644 5422 1866 5480 propter
1920 5411 2061 5464 alios

490 5511 651 5564 etiam
683 5523 790 5561 non
825 5507 898 5560 ita
933 5507 988 5558 in
1023 5506 1174 5559 omni
1239 5513 1392 5572 parte
1443 5503 1789 5557 sciscitantes
1826 5515 1928 5555 nec
1977 5510 2056 5553 ta-

491 5618 613 5654 men
643 5601 878 5654 scientes
907 5601 1144 5653 rationes
1174 5612 1360 5652 eorum
1381 5611 1499 5665 qua:
1521 5596 1674 5660 tiunt,
1703 5594 2060 5663 scripsimus;

493 5704 713 5761 propter
727 5707 888 5760 quam
919 5706 1137 5746 causam
1163 5689 1318 5744 vobis
1339 5691 1404 5745 de
1421 5688 1632 5744 exteris
1658 5687 1898 5742 dicemus
1917 5687 2065 5741 sicut

495 5782 831 5854 postulatis,
871 5784 1162 5854 mysteriis.

2703 2806 2929 2859 ΚΕΦΑΛ
2943 2845 2956 2858 .
2996 2802 3117 2854 ΞΘἌ

2127 2947 2285 3020 Κατὰ
2315 2943 2604 3006 Λατίνων,
2630 2940 2716 2993 ὅτι
2745 2941 2816 2992 at"
2847 2937 2942 2990 δεῖ
2965 2934 3232 3020 ᾀφιστᾷν
3260 2936 3331 2988 τὰ
3358 2934 3560 3004 βρέφη
3597 2932 3702 3002 τῆς

2621 3041 2634 3053 κ
2742 3009 3081 3072 κοινωνίας.

2195 3133 2304 3186 Καὶ
2335 3129 2410 3201 μὴ
2437 3127 2579 3182 κατά
2608 3141 2762 3188 τινας
2800 3125 3046 3193 ἀμελεῖν,
3075 3126 3170 3176 καὶ
3209 3123 3266 3174 ὲν
3307 3119 3486 3190 τούτῳ
3516 3134 3705 3173 καινο-

2125 3224 2426 3294 τομοῦντας
2449 3219 2691 3285 ἀλόγως,
2722 3216 2816 3270 καὶ
2871 3215 3107 3284 ἀφιστᾷν
3154 3213 3220 3265 τὰ
3253 3211 3430 3282 βρέφη
3453 3212 3552 3276 τῆς
3591 3226 3708 3262 κοι-

2128 3315 2346 3377 νωνίας.
2375 3313 2497 3365 Ὅτι
2527 3311 2626 3363 οὐκ
2651 3309 2800 3362 ἴσασι
2822 3307 2890 3362 τὰ
2924 3307 3125 3377 βρέφη,
3154 3307 3310 3374 φασὶ,
3340 3305 3483 3366 τίνος
3515 3319 3704 3354 κοινω-

2130 3408 2303 3462 νοῦσι.
2356 3405 2531 3460 Βαὸαὶ
2579 3404 2678 3472 τῆς
2735 3401 2958 3468 ἀλογίας
2991 3400 3108 3469 ἅμα
3163 3399 3257 3451 καὶ
3289 3396 3556 3458 άτοπίαςί
3594 3396 3704 3448 Καὶ

2130 3499 2274 3554 διατί
2312 3497 2599 3568 βαπτίζεις
2656 3496 2882 3559 λοιπόν;
2930 3494 2963 3560 ἢ
2995 3493 3138 3546 διατί
3182 3493 3357 3562 χρίεις
3401 3491 3477 3556 τῷ
3510 3489 3706 3560 μύρῳ;

2132 3591 2351 3646 Μᾶλλον
2398 3590 2455 3644 δὲ
2501 3589 2719 3642 Λατῖνοι
2745 3585 2867 3639 οὐδὲ
2923 3584 3192 3655 χρίουσιν,
3229 3583 3306 3646 ὡς
3336 3580 3704 3651 μανθάνομεν,

2132 3682 2208 3752 τῷ
2242 3682 2582 3752 βαπτίσματι
2611 3695 2625 3710 ·
2653 3677 2745 3732 καὶ
2774 3677 2954 3733 πάντα
2983 3677 3170 3738 αὐτοῖς
3205 3675 3419 3728 ἐναντία
3453 3675 3518 3743 τῇ
3548 3671 3712 3726 καθο-

2135 3775 2262 3843 λικῇ
2301 3771 2626 3842 Ἐκκλησία.
2663 3771 2723 3824 '0
2754 3769 2811 3824 δέ
2839 3785 2901 3839 γε
2927 3768 3100 3838 ὀρθῶς
3126 3765 3360 3836 φρονῶν,
3392 3764 3582 3834 ὥσπερ
3613 3764 3711 3817 αὐ-

2135 3865 2227 3927 τὸς
2265 3866 2323 3917 tv
2355 3863 2536 3916 πίστει
2586 3864 2854 3930 προσάγει
2904 3862 2966 3912 τὸ
3003 3858 3201 3928 βρέφος
3223 3856 3300 3927 τῷ
3323 3854 3464 3925 Θεῷ,
3499 3855 3592 3908 καὶ
3621 3853 3712 3906 διὰ

2139 3956 2334 4011 πιστοῦ
2388 3956 2652 4024 άναδόχου
2709 3954 2805 4025 τὴν
2847 3953 3142 4024 ὁμολογίαν
3172 3951 3431 4012 ποιεῖται,
3466 3948 3557 4002 καὶ
3587 3948 3716 4000 ἁνα-

2140 4051 2398 4116 γεννᾶται
2422 4049 2501 4110 εἰς
2545 4046 2644 4117 τὴν
2675 4045 2959 4114 βασιλείαν
3014 4043 3124 4095 τῶν
3153 4041 3403 4110 οὐρανῶν
3426 4040 3487 4092 τὸ
3520 4039 3720 4105 βαπτι-

2142 4139 2369 4209 ζόμενον
2400 4137 2622 4208 βρέφος,
2665 4135 2762 4188 καὶ
2795 4133 3005 4204 χρίεται
3033 4131 3114 4201 τῷ
3153 4129 3313 4200 μύρῳ
3341 4129 3436 4182 καὶ
3473 4123 3718 4181 τελειοῦ-

2143 4251 2250 4296 ται,
2282 4231 2380 4286 atati.
2435 4231 2804 4301 ἀποθνῆσκον,
2831 4229 2927 4298 τῆς
2956 4224 3232 4296 βασιλείας
3274 4222 3393 4274 ἐστὶ
3421 4219 3518 4274 τοῦ
3555 4217 3719 4281 Θεοῦ,

2143 4326 2286 4378 οὕτω
2321 4323 2413 4378 καὶ
2439 4322 2528 4376 διὰ
2555 4319 2754 4374 πιστοῦ
2786 4315 3152 4387 προσαγέσθω
3182 4315 3247 4384 τῇ
3276 4312 3554 4382 κοινωνίᾳ.
3591 4306 3719 4362 Ὀτι

2077 4454 2118 4504 ι)
2147 4416 2284 4484 αὕτη
2303 4415 2448 4468 ἐστὶν
2472 4415 2504 4483 ἡ
2537 4413 2649 4481 ζωὴ
2683 4414 2714 4481 ἠ
2743 4409 2978 4470 αἰώνιος.
3023 4406 3130 4458 Καὶ
3155 4403 3346 4473 ῶσπερ
3371 4421 3390 4453 ι
3436 4405 3462 4454 ὁ
3485 4403 3561 4471 μὴ
3593 4402 3720 4454 ἁνα-

2148 4507 2428 4578 γεννηθεὶς
2449 4506 2516 4558 δι’
2547 4504 2740 4566 ὕδατός
2765 4519 2820 4554 τε
2842 4501 2936 4554 καὶ
2961 4498 3276 4568 Πνεύματος
3307 4497 3366 4547 οὐ
3395 4495 3469 4564 μὴ
3499 4491 3725 4562 εἰσέλθῃ

2149 4599 2230 4659 είς
2259 4598 2358 4664 τὴν
2381 4593 2662 4664 βασιλείαν
2687 4591 2794 4644 τῶν
2821 4590 3089 4659 οὐρανῶν,
3115 4585 3256 4640 οὕτω
3286 4585 3381 4663 καὶ
3417 4601 3436 4634 ι
3468 4585 3494 4634 ό
3518 4583 3594 4652 μὴ
3622 4598 3726 4649 φα-

2150 4690 2264 4757 γὼν
2289 4687 2388 4758 τὴν
2429 4685 2608 4755 σάρκα
2637 4685 2730 4737 τοῦ
2777 4683 2907 4737 Υἱοῦ
2960 4681 3054 4734 τοῦ
3092 4676 3381 4749 ἀνθρώπου
3427 4675 3523 4741 (ὡς
3572 4668 3727 4725 εἷπεν

2153 4780 2313 4841 αὐτὸς
2340 4781 2368 4831 ό
2409 4775 2672 4847 Κύριος),
2709 4776 2843 4845 μηδὲ
2908 4775 3047 4827 πιὼν
3099 4767 3268 4825 αὐτοῦ
3314 4769 3377 4822 τὸ
3421 4760 3581 4837 αἷμα,
3629 4765 3729 4835 οὐχ

2153 4871 2264 4937 tisi
2290 4869 2432 4940 ζωὴν
2460 4867 2696 4922 αίώνιον.
2715 4886 2732 4919 ι

2230 4960 2413 5012 Ταῦτα
2464 4961 2594 5028 περὶ
2649 4957 2740 5010 τοῦ
2798 4956 2944 5010 θείου
3002 4953 3378 5025 βαπτίσματος
3444 4949 3583 5004 κατὰ
3637 4948 3730 5002 δύ-

2162 5069 2347 5121 ναμιν,
2399 5052 2458 5102 ὲν
2494 5050 2713 5119 συνόψει
2759 5048 3014 5121 εἰρηκὼς,
3065 5047 3158 5101 καὶ⁸
3189 5043 3401 5116 ἔγραψα
3440 5045 3568 5110 ὑμῖν
3593 5041 3732 5107 ἀγα-

2161 5146 2342 5214 πητοὶ,
2406 5143 2501 5196 καί⁵
2552 5142 2768 5196 δεκτέον
2822 5145 2882 5196 τι)
2931 5140 3071 5193 κατὰ
3126 5137 3376 5206 δύναμιν.
3439 5133 3736 5205 Ὑψηλότε-

2166 5256 2245 5308 ροι
2278 5236 2331 5289 δὲ
2379 5235 2528 5304 λόγοι
2592 5233 2806 5286 ἔσονται
2859 5233 2988 5300 ὑμῖν
3046 5231 3196 5299 παρὰ
3242 5230 3350 5281 τῶν
3389 5225 3739 5298 ὑψηλοτέρων

2160 5333 2228 5384 τὰ
2255 5329 2396 5384 θεῖα.
2429 5325 2615 5380 Ταῦτα
2642 5323 2750 5394 γὰρ
2772 5325 2821 5377 οἰ
2863 5322 3098 5385 εὐτελεῖς
3121 5322 3285 5392 ἡμεῖς
3321 5323 3385 5374 δι’
3424 5320 3567 5388 ὑμᾶς
3597 5319 3724 5386 ὲρω-

2157 5420 2454 5489 τήσαντας,
2489 5416 2582 5468 καὶ
2616 5415 2705 5468 διὰ
2734 5430 2885 5475 τινας
2919 5415 3048 5475 ἴσως
3078 5413 3204 5473 τούς
3238 5412 3416 5471 πάντη
3456 5409 3534 5479 μὴ
3574 5410 3737 5477 ὲρευ·

2161 5513 2396 5572 νῶντας,
2433 5509 2567 5579 μηδὲ
2599 5509 2723 5570 τοὺς
2745 5507 2938 5568 λόγους
2964 5503 3174 5566 εἰδότας
3204 5502 3340 5564 ὅλως
3385 5500 3493 5554 τῶν
3516 5497 3740 5568 γινομέ-

2165 5622 2292 5668 νων,
2326 5602 2710 5673 γεγράφαμεν.
2761 5601 2838 5652 Δι’
2866 5599 2934 5666 ἢν
2966 5597 3147 5650 αἰτίαν
3177 5597 3274 5648 καὶ
3306 5595 3437 5664 περὶ
3489 5593 3596 5646 τῶν
3627 5590 3742 5644 λοι-

2171 5695 2288 5749 πῶν
2316 5694 2552 5765 ἐροῦμεν
2583 5693 2711 5762 ὑμῖν
2735 5691 2809 5755 ὡς
2841 5690 3142 5760 ἐζητήσατε
3179 5687 3520 5758 μυστηρίων.
