4114 6272
469 381 577 443 23’)

463 594 702 648 ordinati
750 599 896 659 sunt,
958 601 1172 647 servata
1230 599 1341 656 est;
1398 588 1492 657 qni
1526 582 1746 655 quidem
1797 581 1953 653 prius
1985 588 2040 634 et

465 685 611 738 illam
640 683 953 739 unctionem
996 682 1050 736 in
1110 681 1383 749 baptismo
1429 676 1702 747 recipiunt
1743 683 1798 729 et
1838 671 2042 726 habent

459 776 570 844 jam
595 784 855 845 tanquam
910 774 1115 830 Christi
1150 772 1467 828 unctionem
1499 778 1552 823 et
1583 769 1802 835 signum
1837 773 1892 820 et
1919 763 2045 832 Spi-

474 864 602 920 ritui
650 865 824 921 sancti
856 864 1081 919 donum.
1118 862 1411 931 Accipiunt
1454 874 1583 914 vero
1633 871 1729 927 per
1782 868 2041 910 manuum

389 996 413 1009 -
478 957 796 1027 pontiﬁcum
854 957 1283 1028 impositionem,
1342 960 1397 1007 et
1446 949 1850 1005 ordinationem
1900 953 1955 999 et
1987 944 2043 997 in

465 1046 745 1117 ignearum
814 1046 1123 1118 linguarum
1195 1044 1367 1098 forma
1428 1040 1668 1112 Spiritus
1723 1040 2042 1093 adventum.

469 1158 488 1191 ι
519 1140 696 1202 Sedit,
733 1139 1102 1209 inquitenim,
1131 1152 1299 1207 super
1328 1145 1777 1203 unumquemque
1806 1143 1998 1185 eorum
2026 1145 2042 1196 ;

462 1241 518 1287 et
560 1231 746 1303 repleti
777 1240 905 1288 sunt
936 1244 1123 1286 omnes
1152 1228 1360 1300 Spiritu
1410 1236 1624 1283 sancto.
1668 1243 1687 1277 ι

1021 1340 1252 1399 CAPUT
1292 1337 1479 1396 LXXI.

646 1437 715 1492 De
737 1445 997 1507 apparatu
1027 1444 1075 1488 et
1094 1433 1373 1496 elimatione
1401 1430 1574 1483 sancti
1602 1426 1883 1497 unguenti.

540 1589 615 1643 lta
644 1589 807 1659 igitur
849 1585 1259 1641 sanctissimum
1287 1589 1618 1647 unguentum
1660 1585 2046 1633 consecratur.

466 1679 859 1738 Sanctissimus
891 1675 1225 1746 patriarcha,
1281 1674 1430 1728 clero
1461 1673 1875 1733 circumstante,
1908 1681 2045 1736 quo-

466 1776 613 1830 niam
650 1774 770 1843 ipse
792 1777 877 1825 est
910 1769 1032 1823 fons
1071 1764 1389 1831 sacerdotii,
1431 1772 1485 1818 et
1529 1763 1622 1832 qtti
1661 1775 1783 1815 cum
1813 1774 1880 1814 eo
1919 1769 2048 1815 sunt

1310 373 1691 439 'SYMEONIS
1733 368 2482 432 TIIESSALONICENSIS
2510 370 2715 431 ARCH
2729 370 2872 431 [ΕΡ.

462 515 632 556 nuutn
663 510 715 556 et
743 500 933 571 gratiae
989 498 1261 554 invocatio
1292 496 1360 551 iis
1410 494 1501 565 qui
1552 492 1607 546 in
1668 487 2077 559 sacerdotium,

2173 488 2218 549 ἰς
2280 488 2376 554 τὴν
2447 486 2754 555 ἱερωσύνην
2832 483 3339 554 χειροτονουμένοις
3410 482 3728 552 τετήρηται.
3809 514 3813 518 ν
3882 484 3891 490 ’

3628 365 3733 430 Ξ4¹ὶ

2150 579 2212 632 Οἳ
2237 578 2300 648 δὴ
2340 581 2431 633 καὶ
2462 579 2520 632 τὸ
2550 579 2758 649 χρίσμα
2785 578 2885 646 μὲν
2909 576 3070 630 τοῦτο
3098 578 3365 647 πρότερον
3413 578 3473 630 ἐν
3528 574 3607 645 τῷ
3639 574 3736 644 βα·
3808 607 3818 649 ς

2147 645 2411 741 πτίσματι
2440 645 2807 741 λαμϐάνουσι,
2837 669 2936 723 καὶ
2974 645 3193 739 ἔχουσιν
3364 667 3441 731 ὡς
3496 664 3735 737 Χριστοῦ
3808 645 3825 659 ﬁ

2148 763 2379 833 χρίσμα,
2409 766 2505 818 καὶ
2528 763 2826 832 σφραγῖδα,
2870 763 2967 816 καὶ
2996 762 3205 832 δωρεὰν
3237 760 3341 838 τοῦ.
3365 758 3683 830 Πνεύματος
3716 772 3734 791 ⁸

2147 856 2485 925 λαμϐάνουσι
2511 856 2566 909 δὲ
2591 860 2655 925 τῇ
2679 855 2922 910 ἐπιθέσει
2944 855 3054 909 τῶν
3102 854 3509 926 ἀρχιερατικῶν
3534 854 3740 924 χειρῶν

2149 947 2244 1001 καὶ
2280 946 2380 1016 τὴν
2410 946 2770 1018 χειροτονίαν,
2823 947 2967 1002 κατὰ
3015 947 3117 1016 τὴν
3179 948 3237 999 ἐν
3297 946 3427 1001 εἴδει
3490 946 3740 1014 πυρίνων

2148 1036 2409 1106 γλωσσῶν
2457 1037 2757 1106 ἐπιδημίαν
2813 1035 2910 1090 τοῦ
2973 1036 3314 1106 Πνεύματος,
3346 1052 3365 1086 ι
3407 1031 3738 1087 Ἐπεκάθισε

2149 1132 2278 1199 γὰρ,
2302 1131 2492 1199 φησιν,
2519 1129 2604 1198 ἐφ’
2629 1130 2723 1183 ἕνα
2750 1130 2984 1185 ἕκαστον
3009 1129 3195 1184 αὐτῶν
3219 1169 3233 1193 ,
3266 1127 3360 1183 καὶ
3388 1125 3742 1198 ἐπλήσθησαν

2152 1222 2393 1284 ἅπαντες
2432 1220 2747 1290 Πνεύματος
2787 1223 2970 1288 ἁγίου.
3009 1239 3029 1273 ο

2739 1332 2994 1388 ΚΕΦΑΛ.
3027 1334 3152 1388 OA'.

2151 1424 2287 1493 Περὶ
2326 1423 2435 1492 τῆς
2462 1423 2798 1493 ὑπηρεσίας
2834 1425 3034 1516 τεθκαὶ
3074 1424 3358 1494 ἑψήσεως
3411 1425 3519 1480 τοῦ
3573 1427 3740 1480 θείου

2883 1514 3028 1551 υοου
3036 1535 3049 1549 .

2883 1514 2914 1551 v
2956 1514 3049 1550 ου.

2231 1587 2481 1642 Τελεῖται
2504 1589 2600 1644 οὖν
2623 1589 2684 1644 τὸ
2718 1514 2985 1657 πανὲγιςν
3043 1587 3216 1658 μύρον
3245 1585 3417 1651 οὕτως
3444 1604 3460 1620 ο
3490 1588 3518 1641 ό
3567 1588 3742 1654 ἀγιώ-

2154 1697 2315 1742 τατος
2336 1682 2712 1753 πατριάρχης,
2747 1681 2841 1736 τοῦ
2895 1680 3103 1751 κλήρου
3144 1681 3526 1751 συμπαρόντος
3568 1682 3740 1746 αῦτιῖ,

2169 1773 2288 1824 ἐπεὶ
2318 1775 2470 1842 πηγὴ
2496 1773 2648 1838 οὗτος
2661 1774 2761 1841 τῆς
2787 1773 3090 1843 ἱερωσύνης
3124 1775 3260 1833 ἐστὶ,
3291 1773 3382 1826 καὶ
3398 1771 3448 1825 οἳ
3471 1774 3567 1825 σὺν
3593 1771 3742 1840 αὐτῷ

464 1866 831 1924 sacerdotium
865 1864 935 1917 ab
967 1876 1033 1917 eo
1073 1867 1402 1929 acceperunt
1424 1866 1480 1912 et
1506 1854 1804 1925 accipiunt,
1843 1851 1957 1906 abit
1994 1852 2046 1904 in

2166 1865 2213 1929 ἐξ
2265 1864 2433 1918 αὐτοῦ
2458 1864 2652 1920 ἔλαϐον
2682 1866 2777 1919 καὶ
2826 1865 3216 1935 λαμϐάνουσιν,
3250 1864 3554 1935 ἀπέρχεται
3608 1868 3743 1935 πρὸς

464 1964 653 2015 locum
702 1959 1073 2027 designatum,
1126 1952 1193 2006 ad
1247 1950 1352 2005 olei
1403 1949 1734 2010 coctionetn,
1791 1952 1846 1998 et
1894 1957 2051 1998 sacra

469 2052 606 2109 Stola
658 2049 927 2114 vestitus,
991 2060 1114 2116 quae
1160 2042 1379 2115 quidem
1410 2040 1479 2095 ab
1512 2039 1730 2095 excelso
1772 2043 2052 2105 acceptam

469 2145 675 2216 Spiritu
729 2141 956 2212 gratiam
1009 2135 1309 2207 signiﬁcat;
1371 2140 1429 2187 et
1475 2144 1635 2187 sacro
1688 2126 2051 2197 omophorio,

344 2294 361 2307 ς
467 2215 613 2305 quod
642 2231 844 2288 Christi
875 2226 1315 2284 Incaruationem
1354 2221 1615 2286 ostendit,
1645 2219 1816 2273 Deum
1861 2215 1917 2269 in
1954 2215 2055 2268 tri-

469 2331 573 2382 bus
603 2324 852 2396 personis
881 2321 1088 2378 laudat.
1120 2319 1304 2389 Atque
1339 2317 1412 2371 ita
1446 2316 1582 2369 [lunt
1605 2326 1795 2383 preces
1829 2325 1843 2363 :
1883 2327 1902 2360 ι
1935 2307 2052 2362 Rex

469 2421 746 2484 ccclestis;
780 2437 797 2470 ι
830 2427 886 2472 et
912 2412 1199 2485 Trisagion
1234 2427 1248 2463 :
1288 2428 1306 2463 ι
1341 2408 1700 2464 Sanctissima
1725 2402 1998 2465 Trinitas;
2031 2420 2050 2453 ι

472 2524 526 2567 et
552 2530 616 2567 :-t
655 2510 815 2564 Pater
850 2519 1062 2562 noster.
1103 2524 1121 2555 ι
1160 2503 1399 2558 Necesse
1425 2509 1511 2555 est
1535 2499 1681 2554 enim
1715 2506 1774 2550 ut
1817 2495 1872 2550 in
1910 2492 2055 2548 divi-

471 2608 560 2660 nis
588 2602 847 2674 operibus
878 2598 1206 2669 principium
1239 2596 1310 2651 sit
1339 2593 1574 2660 Spiritus
1619 2587 1797 2646 sancti
1833 2589 2055 2644 invoca-

470 2699 573 2758 tio,
603 2705 659 2751 et
681 2704 805 2749 ante
837 2690 1019 2746 omnia
1041 2691 1324 2744 invocetur
1363 2683 1600 2755 Spiritus
1633 2689 1874 2737 sanctus.
1927 2697 1945 2730 ι
1983 2677 2043 2731 ln

474 2787 682 2859 Spiritu
717 2794 930 2845 sancto,
973 2783 1048 2836 ait
1082 2780 1303 2843 Paulus,
1336 2789 1586 2831 oramus.
1620 2792 1638 2824 ι
1668 2772 1735 2825 Et
1766 2777 2055 2841 postquam

472 2856 788 2951 patriarcha
813 2874 990 2928 dixit:
1028 2889 1047 2922 ι
1084 2869 1258 2923 ‘l‘uum
1317 2874 1401 2921 est
1447 2876 1709 2932 regnum;
1738 2877 1756 2909 ι
1805 2872 1883 2926 ει,
1912 2875 1931 2910 ι
1963 2856 2061 2912 Be-

478 2970 731 3026 nedictus
781 2982 877 3032 es,
917 2962 1137 3019 Christe
1203 2960 1367 3023 Deus,
1412 2976 1432 3010 ι
1483 2958 1759 3024 troparion
1821 2951 2054 3011 dicitur,

476 3074 529 3118 et
587 3059 833 3133 quatdam
883 3071 1010 3111 cum
1063 3068 1167 3119 eo,
1201 3050 1401 3122 quibus
1480 3045 1685 3111 dictis,
1748 3039 2058 3113 patriarcha

484 3156 664 3211 oleum
717 3149 958 3207 infundit
1013 3149 1064 3201 itt
1121 3159 1339 3208 urnam,
1370 3142 1423 3196 in
1453 3154 1558 3209 qua
1590 3138 1929 3207 decoquetur
1958 3149 2061 3186 un-

486 3255 769 3319 guentum.
822 3241 889 3294 Et
945 3253 1108 3293 manu
1154 3234 1444 3299 benedicit,
1476 3231 1777 3287 ostendens
1820 3229 2060 3297 seipsum

489 3353 625 3408 opus
652 3336 784 3391 illud
819 3332 1086 3402 incipere,
1114 3337 1170 3382 et
1197 3327 1410 3381 divinas
1450 3339 1540 3379 res
1567 3335 1854 3404 apparare.
1892 3319 2067 3373 Intro-

491 3430 712 3489 ducitur
744 3400 951 3482 autem:
974 3422 1248 3491 reliquum
1296 3416 1477 3472 oleum
1505 3431 1536 3468 a
1566 3400 1857 3467 ministris.
1890 3408 1956 3464 Et
1986 3410 2067 3465 sic

493 3537 707 3579 rursum
726 3516 1035 3590 patriarcha
1056 3515 1232 3583 ignem
1257 3512 1446 3565 subter
1464 3508 1781 3567 incendens,
1809 3514 2065 3574 tanquam

492 3616 729 3685 Spiritus
752 3609 929 3667 sancti
956 3606 1217 3679 mysterio
1242 3603 1506 3668 serviens,
1535 3608 1735 3657 coetum
1768 3597 1994 3654 dimittit
2016 3606 2070 3652 et

493 3712 607 3782 ipse
639 3707 831 3764 abit.0
852 3707 1172 3760 eumautem
1194 3700 1324 3755 illud
1351 3696 1611 3767 unguenti
1641 3697 1778 3751 sacri
1809 3695 2068 3765 coquitur

496 3820 527 3860 a
560 3802 796 3874 quodam
833 3795 1082 3866 prudenti
1110 3802 1165 3849 et
1195 3794 1355 3849 docto
1378 3790 1516 3855 viro,
1549 3803 1670 3843 cum
1698 3788 1866 3842 multa
1897 3799 2066 3852 cura;

490 3897 638 3966 quod
682 3888 894 3965 peragit
940 3885 1245 3960 prtesertim
1299 3884 1354 3938 in
1402 3896 1596 3951 magna
1653 3881 1745 3933 illa
1782 3890 1835 3934 et
1879 3888 2069 3933 sancta

482 3989 618 4045 feria
664 3995 880 4057 quarta,
932 3995 1038 4052 qua
1091 3979 1206 4034 haec
1261 3975 1536 4045 peccatrix
1609 3971 1799 4027 mulier
1832 3970 2068 4041 pretioso

485 4089 766 4151 unguento
818 4075 1108 4131 Doatinum
1161 4073 1337 4125 unxit.
1376 4068 1443 4123 Et
1472 4078 1599 4119 tunc
1633 4082 1695 4118 ea
1724 4080 1850 4134 pars
1887 4063 2065 4118 Evan-

484 4176 610 4246 gelii
661 4188 781 4243 qua:
835 4167 966 4224 illud
1000 4173 1269 4221 memorat
1328 4162 1543 4231 legitur.
1579 4159 1646 4213 Et
1696 4174 1774 4213 se
1815 4158 2068 4227 coquitur

484 4261 1152 4333 oleum,misericordiam
1212 4258 1306 4311 Dei
1365 4257 1688 4309 immensam
1720 4251 2066 4323 signiﬁcans.

493 4359 670 4413 Variae
716 4367 895 4410 autem
927 4358 1229 4407 aromatum
1280 4349 1490 4417 species
1523 4358 1653 4400 tunc
1690 4348 1855 4398 etiam
1886 4354 2067 4397 terun-

489 4463 576 4507 tur
600 4462 654 4505 et
680 4459 965 4519 parantur.
999 4445 1063 4498 Et
1089 4443 1304 4514 quando
1339 4442 1455 4494 haec
1476 4439 1655 4493 coctio
1687 4449 1904 4506 peracta
1947 4436 2068 4488 lue-

2168 1955 2259 2008 τὸν
2293 1955 2738 2027 ἀποτεταγμένον
2767 1956 3017 2027 ἐφεῖσθαι
3046 1957 3106 2011 τὸ
3152 1956 3324 2028 μύρον
3385 1958 3552 2012 τόπον
3577 1972 3592 1988 ’
3649 1963 3746 2014 καὶ

2158 2045 2625 2117 περιϐαλλόμενος
2650 2047 3039 2119 ὲπιτραχήλιον
3065 2047 3233 2119 ἱερὸν,
3252 2048 3280 2102 ὃ
3305 2047 3392 2120 δὴ,
3413 2049 3513 2119 τὴν
3537 2048 3747 2105 ἀνωθεν

2162 2140 2585 2208 χορηγουμένην
2602 2139 2763 2209 χάριν
2777 2139 2928 2208 δηλοῖ
2940 2138 3035 2192 τοῦ
3056 2140 3196 2192 Πνεύ
3204 2156 3398 2206 ματος,
3418 2144 3512 2193 καὶ
3528 2141 3748 2210 ὠμοφλ-

2161 2244 2281 2299 ριον
2318 2228 2482 2295 ἱερὸν,
2515 2227 2543 2280 ὃ
2564 2226 2662 2299 τὴν
2694 2230 2973 2298 σάρκωσιν
3021 2230 3278 2298 ἐμφαίνει
3306 2231 3569 2302 Χριστοῦ,
3591 2233 3745 2286 εὐλο-

2166 2321 2261 2388 γεῖ
2285 2319 2376 2373 τὸν
2399 2322 2457 2374 ἐν
2490 2320 2685 2390 Τριάδι
2707 2319 2861 2376 Θεὸν.
2899 2321 3008 2375 Καὶ
3032 2320 3177 2374 οὕτω
3207 2325 3487 2393 προσευχὴ
3514 2324 3749 2392 γίνεται,

2164 2412 2256 2465 τοῦ
2290 2431 2307 2463 ι
2350 2411 2580 2466 Βασιλεῦ
2607 2412 2828 2482 οὐράνιε
2862 2430 2880 2464 ι
2917 2412 3234 2482 λεγομένου,
3281 2413 3376 2467 τοῦ
3421 2414 3751 2483 Τρισαγὶου,

2177 2523 2197 2557 ι
2234 2504 2484 2572 Παναγία
2543 2504 2737 2573 Τριὰς,
2772 2523 2791 2555 ι
2829 2506 2924 2557 καὶ
2954 2522 2973 2555 ι
3014 2505 3198 2574 Πάτερ
3254 2506 3437 2576 ἡμῶν.
3487 2526 3507 2559 t
3555 2507 3755 2576 Ἀναγ-

2164 2599 2318 2651 καῖον
2354 2597 2465 2668 γὰρ
2517 2599 2600 2660 εἱς
2654 2596 2724 2650 τὰ
2783 2595 2902 2647 θεῖα
2949 2595 3088 2664 ἔργα
3134 2596 3231 2648 τοῦ
3295 2599 3610 2668 Πνεῦματος
3657 2602 3757 2669 τὴν

2163 2687 2475 2758 προσευχὴν
2501 2684 2641 2742 εἶναι
2669 2687 2867 2759 ἀρχὴν,
2902 2687 2997 2741 καὶ
3032 2686 3092 2740 τὸ
3130 2687 3357 2758 Πνεῦμα
3389 2691 3497 2758 πρδ
3527 2693 3747 2746 πάντων

2163 2779 2545 2833 ἐπικαλεῖσθαι
2574 2779 2636 2831 τὸ
2654 2779 2832 2847 ἅγιον.
2873 2798 2888 2830 ι
2937 2779 3023 2831 Ἐν
3049 2779 3125 2847 τῷ
3161 2780 3439 2849 Πνεύματι
3461 2784 3589 2850 γὰρ,
3612 2786 3751 2838 Παῦ-

2163 2872 2254 2935 λός
2291 2890 2448 2941 φησι,
2485 2873 2924 2942 προσευχόμεθα.
2964 2891 2981 2922 t
3022 2875 3129 2926 Καὶ
3168 2873 3265 2927 τοῦ
3298 2877 3632 2944 πατριάρχου
3672 2880 3749 2927 εἰ-

2162 2964 2378 3029 πόντος,
2421 2984 2439 3015 (
2471 2965 2596 3018 Ὅτι
2630 2964 2724 3017 σοῦ
2775 2966 2930 3018 ἐστιν
2985 2966 3017 3033 ἡ
3083 2963 3357 3031 Βασιλεία,
3385 2986 3404 3019 t
3439 2966 3500 3021 τὸ
3538 2986 3557 3019 ί
3583 2968 3746 3022 Εὐλο-

2162 3056 2328 3125 γητὸς
2359 3052 2429 3118 εί,
2464 3055 2666 3125 Χριστὲ
2697 3056 2729 3108 ὁ
2770 3056 2926 3120 Θεὸς,
2973 3076 2991 3109 ι
3024 3057 3324 3129 τροπάιὶιον
3373 3059 3610 3126 λέγεται,
3656 3060 3749 3115 καί

2162 3168 2282 3203 τινα
2304 3150 2464 3218 ἕτερα
2489 3149 2587 3201 σὺν
2610 3148 2781 3218 αὐτῷ.
2809 3142 2910 3201 Ὧν
2949 3151 3285 3219 λεγομένων,
3321 3153 3347 3204 ὁ
3386 3152 3753 3224 πατριάρχης

2169 3244 2353 3311 ἐγχέει
2388 3242 2447 3295 τὸ
2476 3242 2658 3296 ἔλαιον
2687 3240 2767 3313 τῷ
2790 3243 3021 3313 ἀγγείῳ,
3066 3243 3124 3295 ὲν
3156 3237 3198 3310 ᾧ
3231 3244 3442 3312 ἐφεῖται
3477 3248 3537 3297 τὸ
3565 3245 3758 3315 μύρον.

2174 3337 2282 3389 Καὶ
2303 3334 2519 3403 εύλογεῖ
2544 3337 2611 3405 τῇ
2638 3335 2800 3404 χειρὶ,
2838 3334 3074 3400 δεικνὺς,
3112 3336 3191 3387 ὅτι
3224 3335 3386 3398 αὐτὸς
3450 3337 3612 3406 ἄρχει
3665 3338 3759 3392 τοῦ

2169 3429 2359 3500 ἔργον),
2394 3431 2490 3483 καὶ
2511 3428 2675 3492 αὐτὸς
2709 3430 2822 3491 τοῖς
2883 3428 3048 3492 θείοις
3111 3429 3396 3498 ὑπηρετεῖ.
3460 3428 3760 3499 Εἱσάγεται

2168 3520 2223 3573 δὲ
2250 3520 2346 3574 καὶ
2377 3521 2437 3573 τὸ
2462 3520 2654 3573 λοιπὸν
2706 3520 2888 3574 ἔλαιον
2921 3519 3074 3590 παρὰ
3129 3519 3239 3572 τῶν
3288 3519 3602 3592 ὑπηρετῶν.
3654 3523 3757 3576 Καὶ

2169 3611 2314 3666 οὕτω
2338 3612 2502 3666 πάλιν
2527 3614 2556 3665 ὁ
2586 3611 2934 3682 πατριάρχης
2956 3610 3173 3681 πρῶτος
3208 3610 3500 3682 ύπανάψας
3528 3612 3591 3666 τὸ
3626 3611 3754 3683 πῦρ,

2170 3705 2245 3768 ὡς
2271 3703 2348 3774 τῷ
2375 3702 2469 3757 τοῦ
2499 3703 2818 3774 Πνεύματος
2847 3701 3203 3773 ἐξυπηρετῶν
3234 3705 3548 3776 μυστηρίῳ,
3591 3708 3760 3759 ποιεῖ-

2170 3811 2260 3848 ται
2284 3791 2548 3849 ἀπόλυσιν
2582 3795 2677 3849 καὶ
2699 3797 3024 3866 ἀπέρχεται,
3060 3795 3134 3849 Th
3161 3795 3343 3849 ἐλα.ον
3388 3797 3444 3850 δὲ
3471 3800 3644 3851 ἐκεῖνο
3667 3797 3760 3850 τοῦ

2175 3889 2350 3959 μύρου
2382 3888 2594 3960 ἐφεῖται
2644 3891 2797 3961 παρά
2845 3905 2986 3951 τινος
3040 3888 3466 3963 εὐλαϐοὖς.88
3500 3889 3594 3961 τὴν
3643 3891 3759 3942 ἐπι-

2174 3984 2390 4052 στήμην
2422 3981 2646 4046 εἰδότος,
2674 3980 2813 4050 μετὰ
2843 3980 3043 4051 πολλῆς
3068 3981 3152 4036 ὅτι
3178 3984 3550 4053 προσοχῆς.“0
3570 3982 3635 4052 δὴ
3665 3985 3760 4035 καὶ

2172 4072 2290 4142 ἑψεῖ
2326 4071 2564 4142 μάλιστα
2608 4073 2749 4126 κατὰ
2783 4071 2880 4142 τὴν
2911 4072 3157 4143 μεγάλην
3175 4074 3277 4127 καὶ
3304 4074 3465 4142 ἁγίαν
3496 4072 3763 4143 Τετράδα,

2171 4167 2260 4219 ὅτε
2278 4168 2374 4221 καὶ
2397 4167 2429 4236 ἡ
2454 4168 2627 4236 πόρνη
2663 4166 2845 4234 ἐκείνη
2870 4167 2947 4235 τῷ
2972 4167 3326 4236 πολυτιμήτω
3356 4166 3512 4237 μύρῳ
3537 4160 3627 4219 τὸν
3653 4167 3763 4220 Κύ-

2176 4278 2286 4331 ριον
2317 4256 2528 4329 ἠλειψε.
2567 4257 2672 4309 Καὶ
2708 4256 2768 4309 τὸ
2797 4259 2920 4325 περὶ
2956 4256 3148 4310 τιύτου
3175 4259 3297 4311 τότε
3324 4259 3761 4326 ἀναγινώσκεται

2172 4352 2531 4420 Εὑαγγέλιον.
2563 4351 2636 4403 Τὸ
2674 4351 2772 4420 μὲν
2802 4349 2894 4403 οὖν
2933 4349 3153 4405 Ἐλαιον
3203 4353 3417 4421 ἐφεῖται
3478 4351 3640 4419 οὕτω,
3672 4354 3763 4424 δη-

2171 4443 2297 4495 λοῦν
2322 4442 2417 4495 τοῦ
2442 4439 2580 4493 Θεοῦ
2623 4440 2687 4493 τὸ
2724 4439 3034 4511 ἀμέτρητον
3067 4440 3238 4504 ἔλεος.
3291 4440 3374 4494 Τὰ
3403 4442 3518 4511 εῐδη
3543 4441 3599 4494 δὲ
3650 4443 3763 4494 τῶν

489 4548 582 4604 rit,
635 4550 765 4591 tunc
823 4549 1041 4591 rursum
1100 4532 1257 4585 adest
1303 4527 1638 4598 patriarcha.
1684 4526 1748 4579 Et
1804 4539 2070 4589 aromata,

2175 4534 2488 4604 ἀρωμάτων
2545 4531 2780 4600 διάφορα
2815 4530 2945 4582 ὄντα
2990 4530 3238 4600 τρίϐεται
3294 4530 3386 4583 καὶ
3444 4530 3584 4582 αὐτὰ
3640 4531 3766 4584 τότε

490 4641 776 4699 postquam
801 4643 863 4683 ea
897 4625 1258 4686 benedixerit,
1286 4623 1340 4674 in
1365 4621 1650 4674 decoctum
1676 4617 1858 4672 oleum
1887 4616 2069 4671 infun-

493 4722 605 4786 ttit;
650 4735 771 4788 quae
808 4731 941 4773 sane
996 4717 1145 4769 varia
1213 4712 1453 4782 Spiritus
1518 4708 1695 4765 sancti
1758 4710 1897 4763 dona
1938 4710 2073 4765 iudi-

494 4821 643 4865 cant.
682 4812 774 4863 Sic
805 4808 972 4877 igitur
1000 4814 1333 4875 iri-reparatur
1362 4811 1417 4858 et
1437 4800 1695 4870 coquitur
1732 4801 1937 4855 oleum.
1970 4798 2072 4864 Pa-

498 4904 736 4956 triarclta
771 4914 898 4954 vero
921 4897 1148 4952 ditnittit
1177 4903 1231 4950 et
1257 4894 1490 4950 recedit.
1527 4894 1718 4951 Oleum
1761 4892 2072 4962 rifrigescit.

2180 4626 2274 4677 καὶ
2305 4620 2682 4693 ἐτοιμάζεται.
2723 4623 2833 4674 Καὶ
2869 4622 3003 4692 πρὸς
3037 4623 3100 4676 τὸ
3148 4624 3299 4686 τέλος
3346 4622 3611 4693 ἐλθούσης
3669 4623 3768 4691 τῆς

2182 4715 2433 4786 ἑψήσεως
2463 4713 2559 4767 τοῦ
2593 4712 2800 4779 ἐλαίου,
2838 4714 3002 4768 πάλιν
3034 4716 3062 4767 ὁ
3094 4714 3440 4786 πατριάρχης
3469 4715 3768 4785 παραγίνε-

2183 4824 2296 4881 ται,
2339 4808 2433 4860 καὶ
2458 4808 2524 4860 τὰ
2549 4806 2821 4877 ἀρώματα
2848 4806 3218 4877 εὐλογηθέντα
3244 4808 3377 4876 παρ’
3404 4805 3593 4871 αὑτοῦ,
3623 4808 3768 4861 εἱσά-

2185 4917 2341 4969 γεται
2369 4903 2429 4952 ἐν
2457 4900 2534 4969 τῷ
2588 4900 2840 4971 ἑψομένῳ
2882 4899 3068 4969 ἐλαίῳ,
3103 4899 3139 4952 ἃ
3202 4900 3299 4953 καὶ
3357 4900 3615 4971 ἐμφαίηει
3675 4898 3771 4953 τοῦ

500 4996 599 5051 Per
620 4995 719 5049 has
735 4993 953 5063 quidem
974 5004 1162 5063 preces
1194 4998 1250 5045 et
1278 4990 1602 5059 patriarcha:
1642 4986 2074 5043 benedictionem

2187 4993 2342 5061 ἁγίου
2384 4992 2706 5061 Πνεῦματος
2740 4992 2811 5043 τὰ
2851 4991 3071 5044 ποικίλα
3102 4990 3445 5062 χαρίσματα.
3487 4992 3596 5046 Καὶ
3630 4990 3773 5046 οὕτω

498 5097 749 5145 sanctum
813 5090 942 5150 est,
1001 5080 1245 5136 nondum
1303 5090 1485 5136 autem
1539 5093 1699 5135 sacro
1726 5080 1831 5136 ritu
1881 5093 2075 5136 conse-

456 5246 470 5261 δ
498 5193 732 5237 (tratum.

2191 5084 2495 5140 σκευασθέν
2526 5084 2620 5137 καὶ
2658 5082 2857 5154 ἐψηθέν
2891 5084 3101 5150 γίνεται
3132 5083 3192 5136 τὸ
3225 5082 3415 5154 μύρον.
3468 5087 3529 5139 '0
3554 5084 3653 5156 μὲν
3682 5082 3773 5137 οὖν

2188 5175 2539 5246 πατριάρχης
2557 5175 2781 5229 ἀπολύει
2803 5191 2860 5226 τε
2901 5178 2996 5227 καὶ
3036 5175 3342 5245 ἀπέρχεται
3366 5192 3383 5207 ’
3417 5176 3478 5229 τὸ
3517 5177 3691 5248 μύρον
3719 5176 3772 5230 δι

438 5282 453 5289 ’
498 5271 810 5342 ψυχρανθέν
868 5269 957 5323 διὰ
1003 5266 1104 5335 μὲν
1163 5269 1261 5329 τὰς
1287 5264 1597 5337 προσευχὰς
1655 5267 1751 5317 καὶ
1779 5265 1878 5334 τὴν
1918 5266 2169 5335 εὐλογίαν
2197 5268 2293 5322 τοῦ
2320 5270 2662 5339 πατριάρχου
2693 5270 2848 5339 ἅγιόν
2900 5275 3072 5339 ἐστιν,
3109 5272 3262 5327 οὔπω
3297 5272 3350 5325 δέ
3388 5265 3773 5337 τετελεσμένον

500 5371 565 5439 τῇ
598 5368 721 5437 ἱερᾷ
742 5366 953 5434 τελετῇ.
1362 5420 1365 5421 ν

1043 5455 1271 5526 eaeor
1295 5454 1501 5517 cxxu.

839 5551 913 5605 De
945 5552 1116 5606 sancti
1142 5552 1391 5621 unguenti
1417 5567 1573 5605 sacro
1601 5551 1734 5603 ritu.

579 5643 870 5709 Postridie,
926 5660 1045 5712 que
1085 5644 1203 5699 dies
1239 5655 1323 5699 est
1369 5652 1560 5697 saneta
1590 5653 1645 5696 et
1698 5656 1893 5709 magna
1945 5639 2081 5694 feria

507 5737 721 5806 quinta,
764 5735 1071 5790 infunditur
1124 5736 1255 5789 illud
1305 5736 1483 5790 oleum
1542 5733 1596 5787 in
1646 5734 1925 5800 pr0prinm
1964 5746 2079 5794 vas,

2777 5458 3028 5514 ΚΕΦΑΛ.
3060 5457 3180 5512 ΟΒ’.

2294 5545 2434 5614 Περὶ
2462 5545 2577 5618 τῆς
2617 5546 2779 5615 ἱερᾶς
2816 5547 3065 5618 τελετῆς
3094 5548 3200 5602 τοῦ
3240 5546 3416 5617 ἁγίου
3448 5545 3669 5615 μύρου.

2257 5639 2413 5693 Κατὰ
2442 5632 2546 5709 τὴλι
2574 5641 2838 5712 ἐπαύριον
2867 5636 2987 5704 οὖν,
3033 5638 3157 5709 ητις
3211 5637 3363 5693 ἐστὶν
3416 5639 3450 5705 ὴ
3498 5635 3634 5702 ἁγία
3685 5632 3778 5686 καὶ

2191 5731 2402 5802 μεγάλη
2436 5733 3015 5819 Πέμπτημεὶσάγεται
3043 5733 3208 5785 τοίτο
3237 5735 3299 5785 τὸ
3332 5731 3504 5801 μύρον
3527 5729 3588 5781 ἐν
3649 5744 3778 5796 κρα·
3808 5782 3817 5797 ,

507 5826 656 5897 quod
686 5835 905 5880 vocatur
940 5825 1294 5890 alabastrum,
1332 5825 1387 5879 in
1437 5822 1599 5893 hujus
1651 5822 1880 5878 formam
1940 5822 2077 5891 quod

2188 5822 2339 5903 τῆρι
2363 5823 2501 5894 ἰδίῳ,
2535 5815 2679 5894 ᾇπερ
2707 5822 2951 5877 καλεῖται
2986 5823 3352 5892 ἀλάϐαστρον,
3375 5821 3453 5884 είς
3484 5818 3652 5873 τύπον
3677 5815 3775 5873 τοῦ
