4114 6272
367 386 468 451 2M

1565 384 1665 445 DE
1708 381 2006 446 SANCTO
2044 383 2499 450 UNGUENTO.

3518 384 3626 451 952

362 499 687 571 ἐκχυθέντος
710 501 774 570 τῇ
806 500 1018 571 κεφαλῇ
1058 500 1149 556 τοῦ
1193 500 1373 574 ’1ησοῦ
1405 502 1558 575 παρὰ
1595 502 1695 573 τῆς
1738 499 1949 571 πόρνης

2064 497 2112 554 in
2141 513 2306 571 caput
2338 501 2466 561 Jesu
2495 520 2523 559 a
2564 505 2869 576 peccatrice
2896 516 2990 563 aut
3017 521 3208 564 sorore
3239 505 3429 563 Lazari
3457 505 3624 562 Maria

368 594 564 664 μύρου,
601 593 636 661 ἢ
674 593 777 661 τῆς
825 593 1062 665 ἀδελφῆς
1112 593 1207 648 τοῦ
1256 594 1509 666 Λαζάρου
1566 593 1819 664 Μαρίαςο
1852 593 1950 647 καὶ

305 673 311 678 ’
367 685 457 739 διὰ
479 685 837 756 καλύμματος
871 686 1020 758 ίεροῦ
1055 688 1383 755 σκεπασθὲν,
1408 691 1468 742 ἐν
1503 690 1584 758 τῷ
1615 690 1952 757 σκευοφυλα-

372 779 477 847 κίῳ
497 779 707 834 τίθεται
754 781 853 850 τῆς
900 780 1279 852 προσκομιδῆς
1326 782 1650 854 γενομένης.
1704 783 1815 838 Καὶ
1850 783 1952 853 τῆς

365 870 519 933 θείας
565 871 908 942 λειτουργίας
960 872 1355 944 ἐναρξαμίνης,
1415 871 1517 942 τῆς
1588 872 1833 943 μεγάλης
1889 890 1951 926 τε

365 963 572 1017 εἰσόδου
598 962 952 1034 τελουμένης,
983 964 1200 1032 πρῶτον
1224 965 1323 1033 μὲν
1352 967 1381 1019 ό
1426 962 1521 1017 ἐπὶ
1551 965 1651 1032 τῆς
1700 957 1964 1032 εὐταξίας

367 1052 664 1124 πορεύεται
699 1070 714 1085 ·
757 1049 878 1108 εἶτα
905 1056 964 1109 of
985 1055 1330 1123 άναγνῶσται
1363 1055 1806 1126 λαμπαδηφόροι,
1852 1054 1951 1124 τὴν

368 1145 521 1200 θείαν
540 1144 637 1199 τοῦ
674 1146 990 1214 Πνεύματος
1048 1145 1416 1210 ἑκτυποῦντες
1475 1145 1748 1216 ιλλαμψιν
1780 1160 1796 1176 ·
1831 1141 1951 1198 εἶτα

365 1235 399 1286 δ
419 1236 636 1306 πρῶτος
661 1237 771 1291 τῶν
799 1238 1015 1307 ἱερέων,
1059 1238 1309 1306 κατέχων
1336 1237 1399 1291 τὺ
1458 1238 1802 1308 ἀλάϐαστρον
1855 1238 1949 1290 τοῦ

374 1328 550 1396 μύρου
566 1331 691 1392 ταῖς
719 1329 954 1398 χερσὶν,
986 1329 1158 1401 αὐτὴν
1191 1329 1446 1401 φανερῶν
1482 1330 1580 1402 τὴν
1629 1331 1789 1401 χάριν
1853 1327 1948 1383 τοῦ

371 1418 708 1487 Πνεύματος.
759 1420 857 1473 Διά
902 1420 1063 1473 τοῦτο
1102 1420 1213 1490 γὰρ
1270 1423 1369 1476 καὶ
1430 1423 1460 1475 ό
1521 1421 1739 1492 πρῶτος
1793 1423 1952 1475 τοῦτο

370 1510 610 1579 κατέχει,
664 1510 741 1573 ὡς
788 1510 1113 1580 τελεώτερος
1159 1512 1251 1567 ὢν.
1278 1513 1628 1582 Ἐμπροσθεν
1660 1514 1715 1567 δὲ
1761 1516 1853 1566 καὶ
1888 1516 1952 1567 ὲκ

375 1600 608 1669 πλαγίου
654 1602 846 1655 τούτου
895 1603 990 1656 καὶ
1037 1603 1263 1658 ϐπισθεν
1311 1605 1552 1659 διάκονοι
1613 1605 1694 1671 ἐξ,
1743 1606 1951 1660 δώδεκα

374 1691 696 1761 κατέχοντες
722 1693 1030 1762 πτέρυγας,
1049 1693 1126 1757 ὡς
1156 1695 1184 1747 ό
1237 1696 1413 1763 μέγας
1462 1697 1599 1767 φησι
1645 1699 1945 1761 Διονύσιος.

372 1783 622 1837 τουτέστι
646 1783 875 1853 ῥιπίδια.
911 1784 1145 1853 Δηλοῦσι
1179 1785 1430 1840 δὲταῦτα
1487 1788 1583 1851 τὰς
1642 1789 1793 1854 θείας
1856 1794 1954 1861 άγ-

376 1872 602 1939 γελικὰς
623 1873 906 1944 δυνάμεις,
937 1874 1035 1929 καὶ
1064 1875 1126 1927 τὸ
1156 1877 1343 1946 νοερὸν
1373 1877 1554 1930 αὐτῶν
1593 1879 1690 1932 καὶ
1721 1879 1950 1948 ἀσώμα-

376 1979 469 2016 τον
495 1979 512 1996 ο
552 1962 676 2016 ἐπεὶ
700 1964 797 2019 καὶ
841 1964 908 2018 τὰ
950 1966 1201 2035 Σεραφὶμ
1235 1966 1295 2018 ὲν
1353 1966 1580 2037 πτέρυξι
1617 1969 1712 2022 καὶ
1745 1970 1813 2023 τὰ
1853 1969 1957 2022 Χε-

380 2055 579 2125 ρουϐὶμ
612 2057 726 2118 τοῖς
756 2057 1067 2128 προφήταις
1097 2057 1316 2129 ἑωράθη
1351 2074 1366 2089 ⁶
1408 2060 1502 2115 καὶ
1545 2058 1739 2131 ὥσπερ
1762 2062 1949 2115 ἐκεῖνα

377 2145 730 2207 συστέλλεται
762 2147 861 2219 τὴν
894 2149 1059 2219 χάριν
1086 2149 1372 2219 δεχόμενα,
1410 2150 1505 2204 καὶ
1543 2152 1705 2222 ἡμεῖς
1741 2152 1954 2220 ὀφείλο-

380 2253 482 2307 μεν
503 2237 681 2302 τοῦτο,
705 2240 803 2295 καὶ
825 2240 912 2294 διὰ
935 2240 1044 2294 τῶν
1075 2241 1382 2312 εἰρημένων
1421 2242 1711 2313 πτερύγων
1742 2244 1956 2298 δείκνυ-

380 2347 483 2398 μεν
508 2345 524 2359 ·
554 2333 651 2388 καὶ
685 2331 876 2403 ὥσπερ
907 2334 966 2386 ὲν
996 2336 1060 2403 τῇ
1098 2337 1270 2404 σκηνῇ
1305 2336 1562 2405 ὑπεράνω
1590 2337 1691 2408 τῆς
1719 2337 1956 2392 κιϐωτοῦ

378 2420 480 2493 τῆς
507 2421 770 2485 σκιώδους
809 2423 1026 2492 ὲκείνης
1060 2424 1345 2496 Χερουϐὶμ
1396 2422 1465 2498 ἦν
1490 2429 1727 2497 τορευτά
1752 2447 1810 2483 τε
1861 2431 1958 2485 καὶ

379 2512 615 2581 γλυπτὰ,
636 2516 757 2580 ταῖς
788 2518 1016 2588 πτέρυξι
1047 2519 1166 2580 ταῖς
1203 2519 1435 2583 οἰκείαις
1473 2520 1644 2590 αὐτὴν
1674 2523 1753 2585 εἰς
1790 2524 1958 2593 τιμὴν

385 2606 857 2673 συγκαλύπτοντα,
882 2609 959 2672 ὡς
980 2609 1131 2672 ἐντὸς
1153 2612 1221 2663 τὰ
1263 2610 1381 2664 θεῖα
1408 2612 1469 2664 ἐν
1497 2614 1619 2676 ταῖς
1645 2612 1808 2678 πλαξὶ
1837 2617 1959 2679 ταῖς

384 2696 610 2763 λιθίναις
631 2697 859 2775 έχουσαν
885 2700 1061 2769 λόγια,
1095 2700 1236 2754 οὕτω
1258 2703 1351 2756 καὶ
1375 2704 1632 2773 ὑπεράνω
1652 2703 1746 2759 τοῦ
1781 2706 1957 2776 μύρου

384 2789 476 2841 καὶ
507 2790 615 2843 τῶν
636 2790 810 2857 ἁγίων
832 2792 1029 2856 ταῦτα,
1076 2794 1170 2846 καὶ
1201 2793 1284 2847 ἔτι
1337 2794 1439 2862 τῆς
1468 2798 1624 2867 ἱερᾶς
1677 2801 1960 2869 τραπέζης

381 2881 543 2948 εἰσὶν,
572 2883 649 2946 ὡς
684 2882 753 2937 τά
807 2884 1114 2955 ὑψηλότερα
1169 2889 1525 2957 κεκτημένων
1584 2890 1809 2955 τούτων,
1867 2891 1981 2946 καὶ.

392 2973 593 3041 μᾶλλον
627 2974 752 3028 ἀντὶ
803 2976 906 3044 τῆς
966 2979 1125 3041 σκιᾶς
1193 2981 1295 3046 τὴν
1354 2980 1633 3049 ἀλήθειαν.
1700 2982 1960 3054 Ἐπείπερ

386 3068 502 3118 ἐκεῖ
528 3065 696 3130 τύπος
714 3062 784 3137 ἦν
814 3069 1015 3133 πάντα,
1066 3072 1158 3123 καὶ
1204 3069 1359 3141 ἄρτοι
1401 3072 1624 3142 ἄζυμοι,
1689 3075 1813 3128 ἀντὶΙ
1862 3076 1957 3130 τοῦ

2052 590 2289 647 effusum
2329 604 2445 660 est,
2475 611 2742 665 sacroque
2779 597 2897 653 velo
2930 606 3263 668 protectum,
3292 597 3347 652 in
3381 596 3626 653 sacrario

2054 684 2294 753 ponitur,
2328 686 2464 743 facta
2492 691 2863 747 translatione.
2884 690 2951 745 Et
2969 705 3123 746 sacra
3147 691 3361 761 liturgia
3388 691 3626 761 incepta,

2053 784 2106 828 et
2147 777 2377 831 solemni
2423 780 2677 846 introitu,
2711 782 2917 851 primus
2966 782 3190 846 incedit,
3237 783 3330 851 qui
3364 796 3629 837 caeremo-

2054 865 2200 919 niam
2238 868 2627 933 regit,deinde
2660 874 2892 928 lectores
2949 875 3039 943 qui
3087 873 3372 943 lampades
3422 872 3628 936 ferunt,

2055 965 2217 1025 atque
2267 959 2338 1011 ita
2367 960 2607 1016 divinam
2655 965 2834 1018 sancti
2882 965 3124 1033 Spiritus
3168 964 3624 1020 illuminationetn

2054 1060 2488 1119 repraesentant;
2540 1052 2739 1109 deinde
2782 1056 2991 1124 primus
3023 1058 3369 1112 sacerdotum
3395 1096 3411 1120 ,
3440 1057 3629 1112 alaba-

2054 1151 2228 1197 strum
2269 1144 2522 1199 manibus
2551 1155 2762 1213 tenens,
2790 1148 2961 1215 ipsam
2991 1147 3229 1216 Spiritus
3254 1149 3482 1217 gratiam
3514 1163 3628 1202 ma-

2055 1234 2340 1291 nifestans.
2395 1237 2527 1293 Ideo
2584 1240 2733 1294 enim
2773 1249 2830 1294 et
2864 1240 3070 1309 primus
3107 1240 3239 1294 illud
3293 1248 3462 1306 tenet,
3505 1249 3625 1292 tau-

2054 1343 2216 1396 qnam
2244 1329 2572 1397 perfectior;
2628 1340 2756 1388 ante
2807 1342 2862 1385 et
2900 1348 2930 1386 a
2979 1332 3147 1387 latere
3200 1340 3306 1387 eta
3339 1343 3510 1400 tergo,
3538 1346 3634 1386 sex

2054 1417 2269 1474 diaconi
2323 1421 2613 1475 duodecim
2682 1423 2917 1479 ferentes
2980 1423 3119 1487 alas,
3162 1432 3219 1480 ut
3274 1439 3505 1496 magnus
3555 1424 3634 1477 ait

2060 1510 2375 1584 Dionysius,
2411 1516 2570 1570 idest
2601 1515 2812 1570 ﬂabella
2901 1515 3010 1572 Illae
3060 1531 3187 1571 vero
3225 1515 3636 1571 indicautdivi-

2058 1619 2155 1659 nas
2217 1614 2271 1658 et
2321 1607 2593 1675 angelicas
2635 1608 2884 1672 virtutes,
2943 1608 3270 1677 illarumqne
3326 1608 3635 1675 intelligen-

2059 1693 2186 1755 tiam
2226 1702 2283 1747 et
2305 1694 2773 1762 spirituulitatem.
2821 1696 3032 1752 Etenim
3092 1696 3377 1767 Seraphim
3406 1705 3458 1750 et
3493 1695 3634 1750 Cheo

2059 1786 2232 1839 rubitn
2289 1787 2567 1854 prophetis
2602 1787 2702 1842 alis
2734 1788 2923 1841 muniti
2957 1788 3134 1858 angeli
3187 1802 3507 1856 apparuere.
3568 1785 3633 1839 Et

2056 1875 2515 1942 quemadmodum
2569 1868 2691 1932 ίΙΙυι⁵
2727 1880 2824 1932 ala:
2895 1879 3364 1934 contrahebantur
3397 1879 3628 1943 gratiam

2056 1966 2411 2035 accipientes,
2448 1971 2520 2025 ita
2563 1979 2617 2023 et
2640 1986 2737 2024 nos
2772 1972 3003 2040 gratiam
3038 1969 3505 2040 comprehendere
3534 1969 3627 2023 de-

2054 2055 2270 2122 bemus,
2306 2058 2470 2128 idque
2514 2075 2610 2130 per
2671 2061 2958 2130 przrdictas
2998 2061 3114 2117 alas
3159 2060 3518 2116 ostendimus.
3570 2058 3638 2114 Et

2054 2149 2511 2218 quemadmodum
2542 2151 2594 2205 in
2624 2152 2979 2208 tabernaculo
3011 2153 3155 2208 illius
3204 2168 3348 2208 arca:
3395 2169 3516 2224 qua:
3570 2151 3632 2206 tl-

2057 2256 2190 2309 gura
2238 2251 2375 2305 erat,
2436 2251 2597 2298 erant
2653 2242 2951 2299 Chembim
3015 2244 3288 2315 insculpta
3339 2255 3395 2300 et
3438 2245 3632 2305 incisa.

1998 2406 2005 2413 _
2060 2334 2294 2404 propriis
2349 2334 2449 2391 alis
2503 2351 2661 2401 eam,
2732 2335 2955 2391 honoris
2999 2352 3185 2398 causa.
3271 2336 3636 2406 protegenti‘a,

2055 2428 2256 2496 quippe
2311 2443 2429 2497 quae
2465 2428 2613 2483 intus
2641 2429 2823 2483 divina
2877 2430 3100 2484 oracula
3159 2432 3216 2484 in
3250 2429 3453 2485 tabulis
3505 2428 3639 2499 lap’r‘-

2056 2518 2172 2574 deis
2203 2520 2527 2584 contineret,
2547 2519 2621 2573 ita
2640 2528 2692 2574 et
2712 2512 2882 2589 Supra
2912 2521 3088 2574 oleum
3116 2522 3216 2576 hoc
3243 2531 3297 2575 et
3321 2521 3424 2575 alia
3449 2531 3636 2575 sancta
3690 2581 3701 2587 ‘

2058 2619 2112 2665 et
2149 2626 2312 2681 supra
2349 2626 2562 2667 sacram
2592 2626 2834 2667 mensam
2860 2628 2979 2680 qum.
3008 2611 3306 2665 excelsiora
3333 2612 3636 2676 continent,

2058 2714 2113 2758 et
2148 2702 2432 2757 veritatem
2489 2717 2590 2757 nec
2625 2701 3010 2756 tantummodo
3041 2702 3316 2755 umbram.
3372 2699 3447 2754 Ilii
3488 2700 3634 2754 enim

2059 2795 2240 2852 omnia
2280 2803 2436 2850 erant
2483 2795 2690 2865 ﬁgurae,
2718 2802 2772 2847 et
2819 2807 2985 2861 panes
3016 2790 3214 2862 azymi,
3243 2805 3339 2860 pro
3386 2806 3518 2845 vero
3545 2791 3638 2847 illo

2060 2905 2124 2946 ac
2153 2889 2368 2945 vivente
2423 2887 2601 2954 Pane;
2642 2895 2698 2942 et
2749 2884 3146 2939 irrationalium
3175 2885 3460 2953 sanguinis
3486 2885 3638 2957 obla-

2061 2980 2134 3034 tio
2202 2993 2301 3048 pro
2336 2977 2607 3047 sanguine
2659 2973 2821 3029 Verbi
2859 2971 2995 3039 Dei;
3028 2982 3082 3028 et
3125 2973 3306 3027 oleum
3364 2974 3640 3029 unctionis

2063 3085 2159 3139 pro
2189 3072 2333 3124 dono
2360 3068 2533 3123 sancti
2562 3065 2821 3135 Spiritus.
2848 3064 2928 3120 lbi
2964 3076 3142 3117 autem
3193 3073 3274 3118 cst
3306 3065 3429 3118 vita:
3459 3066 3640 3134 panis,

385 3158 556 3226 ἄρτου
602 3158 799 3215 τούτου
844 3159 942 3213 τοῦ
1001 3160 1224 3229 ζῶντος,
1274 3163 1365 3215 καὶ
1418 3155 1634 3233 ἀλόγων
1701 3166 1959 3237 θυμάτων

2064 3159 2253 3228 ipsum
2290 3172 2491 3227 corpus
2541 3164 2595 3209 et
2643 3154 2869 3225 sanguis
2904 3152 3130 3213 Christi,
3170 3168 3266 3222 pro
3303 3151 3461 3206 nobis
3489 3153 3642 3206 inde-

385 3248 594 3319 αἵματα
614 3251 709 3305 καὶ
737 3253 1125 3320 προσαγωγαὶ,
1154 3254 1278 3307 ἀντὶ
1308 3261 1403 3309 τοῦ
1429 3257 1665 3327 αἵματος
1692 3260 1788 3313 τοῦ
1821 3260 1960 3314 Θεοῦ

388 3342 587 3408 Λόγου,
609 3344 706 3397 καὶ
750 3342 930 3399 ἔλαιον
985 3343 1085 3414 τῆς
1149 3346 1381 3416 χρίσεως
1435 3349 1556 3403 ἀντὶ
1600 3351 1699 3420 τῆς
1752 3352 1963 3423 δωρεᾶς

385 3432 481 3488 τοῦ
517 3435 671 3502 άγίου
701 3434 1042 3505 Πνεύματος.
1092 3437 1360 3492 Ἐνταῦθα
1386 3439 1441 3492 δὲ
1472 3442 1500 3493 ό
1522 3442 1621 3509 τῆς
1647 3441 1793 3510 ζωῆς
1815 3444 1963 3497 ἐστιν

385 3523 575 3594 ἄρτος,
603 3524 737 3579 αὐτὸ
760 3524 823 3579 τὸ
862 3525 1026 3596 σῶμα
1057 3527 1154 3580 καὶ
1181 3522 1325 3596 αἷμα
1377 3529 1472 3583 τοῦ
1525 3530 1765 3594 Χριστοῦ
1824 3533 1964 3604 ὑπὲρ

390 3619 549 3687 ἡμῶν
585 3619 884 3684 ἀπαύστως
904 3621 1188 3691 θυόμενον,
1209 3624 1305 3678 καὶ
1329 3624 1363 3696 ἡ
1391 3624 1573 3694 χρίσις
1612 3624 1711 3694 τῆς
1754 3626 1963 3697 δωρεᾶς

387 3710 484 3765 τοῦ
514 3711 777 3776 ζωοποιοῦ
806 3712 1149 3783 Πνεύματος.
1180 3714 1337 3769 Μετὰ
1369 3716 1426 3769 δὲ
1471 3715 1570 3779 τὰς
1600 3713 1808 3770 δώδεκα
1835 3716 1965 3771 πτέ-

395 3820 590 3873 ρυγας,
615 3804 734 3873 ἦτοι
755 3804 826 3858 τὰ
863 3806 1094 3876 ριπίδια,
1127 3807 1179 3859 oi
1207 3805 1390 3859 λοιποὶ
1418 3807 1661 3862 διάκονοι
1713 3807 1963 3879 ἔρχονται

393 3896 532 3947 κατὰ
560 3896 822 3963 συζυγίαν
848 3896 922 3961 ὡς
975 3895 1118 3962 ἔθος,
1152 3897 1537 3965 προοδεύοντες
1584 3900 1693 3952 τῶν
1750 3900 1922 3966 ἁγίων
1946 3916 1962 3930 ο

393 3986 488 4040 καὶ
513 3988 546 4057 ἡ
574 3986 736 4058 λοιπὴ
762 3988 1306 4052 τάξις,ὲπακολουθετ
1339 3992 1440 4059 τῆς
1474 3991 1703 4047 είσόδου.
1744 3992 1964 4046 Δώδεκπ

284 4134 289 4139 ,
393 4079 771 4150 δὲπτέρυγες,
801 4082 898 4135 καὶ
915 4079 1008 4134 διὰ
1037 4081 1138 4150 τὴν
1186 4080 1466 4135 δωδεκάδα
1506 4081 1619 4134 τῶν
1685 4081 1964 4151 μαθητῶν,

393 4167 487 4229 οὓς
521 4171 556 4229 ἡ
618 4170 780 4239 χάρις
827 4167 923 4222 τοῦ
951 4168 1269 4238 Πνεύματος
1299 4170 1358 4237 ἐξ
1417 4171 1597 4241 ἀρχῆς
1655 4171 1964 4237 ἐτελείωσε,

395 4264 493 4315 καὶ
524 4261 613 4314 διὰ
641 4262 711 4315 τὰ
736 4261 830 4315 δύο
876 4262 1161 4332 Χερουϐὶμ
1208 4264 1291 4331 τῇ*
1336 4266 1506 4333 σκηνῇ
1561 4264 1966 4333 παριστάμενα,

394 4353 601 4408 δώδεκα
632 4353 911 4424 πτέρυγας
963 4354 1184 4425 ἔχοντα.
1252 4355 1348 4422 Ἓξ
1406 4354 1514 4424 γάρ
1569 4356 1842 4424 πτέρυγες
1890 4356 1969 4427 τῷ

396 4444 500 4510 ἑνὶ,
527 4446 623 4500 καὶ
647 4445 708 4511 ἒξ
737 4448 1011 4516 πτέρυγες
1035 4444 1114 4515 τῷ
1146 4447 1247 4511 ἐνὶ,
1276 4445 1442 4514 φησίν
1469 4461 1482 4474 ·
1515 4444 1545 4498 δ
1578 4449 1673 4498 καὶ
1703 4446 1833 4516 περὶ
1862 4446 1971 4499 τῶν

396 4539 645 4609 Σεραφὶμ
674 4540 1003 4609 γέγραπται.
1056 4538 1214 4599 Τινὲς
1266 4538 1327 4590 δὲ
1356 4539 1775 4609 τετραπτέρυγα
1829 4538 1969 4606 γρά-

395 4633 647 4699 φουσιτά
684 4629 988 4701 Χερουϐὶμ,
1051 4629 1402 4698 ἑξαπτέρυγα
1453 4629 1508 4682 δὲ
1561 4630 1629 4682 τὰ
1674 4630 1924 4698 Σερα¹φίμ
1954 4645 1971 4663 ·ν

396 4721 573 4777 ταῦτα
593 4720 652 4776 δι
684 4721 933 4793 μείζονός
995 4738 1131 4789 φασι
1185 4719 1413 4784 τάξεως,
1464 4719 1496 4789 ἢ
1543 4720 1614 4773 τὰ
1670 4720 1972 4790 Χερουϐίμ.

397 4813 491 4866 Διὸ
524 4812 667 4882 ὑπὲρ
720 4814 813 4867 τδν
858 4812 1026 4880 νόμον
1075 4806 1212 4865 οὖσα
1264 4812 1298 4882 ή
1370 4810 1687 4881 Ἐκκλησία,
1733 4811 1826 4865 τὸν
1867 4812 1976 4864 τῶν

397 4904 787 4976 ἑξαπτερύγων
814 4907 1053 4958 ποιεῖται
1073 4903 1267 4967 τύπον,
1302 4903 1397 4957 καὶ
1444 4905 1514 4957 τά
1560 4902 1769 4957 δώδεκα
1819 4905 1973 4975 φέρει

399 4998 610 5070 ριπίδια
635 4999 757 5051 ἀντὶ
787 4997 896 5051 τῶν
929 4997 1024 5050 δύο
1058 4996 1339 5067 Σεραςρίμ.
1379 4993 1574 5049 Ἦνίκα
1603 4992 1700 5049 οὖν
1745 4997 1794 5048 oi
1841 4998 1975 5050 ἀνα-

395 5090 637 5160 γνῶσται
669 5089 784 5161 89
813 5089 1150 5153 εἰσέλθωσιν,
1175 5090 1225 5142 oi
1272 5088 1589 5157 κατέχοντες
1609 5088 1848 5142 διάκονοι
1877 5090 1977 5154 τὰς

398 5182 679 5251 πτέρυγας
716 5180 967 5235 ἵστανται
998 5179 1346 5251 ἑκατέρωθεν
1373 5179 1469 5233 τοῦ
1517 5179 1580 5235 τὸ
1631 5181 1806 5252 μύρον
1876 5200 1978 5236 κα-

397 5274 648 5344 τέχοντος
678 5273 1082 5343 πρεσϐυτέρου,
1113 5272 1286 5342 τιμὴν
1348 5273 1500 5344 αὐτῷ
1554 5275 1830 5344 νέμοντες,
1881 5278 1975 5331 καὶ

397 5361 513 5421 οἷον
540 5365 977 5430 ὲπισκιάζοντες.
1011 5363 1215 5418 Τούτου
1247 5364 1304 5419 δὲ
1360 5367 1669 5435 φθάσαντος
1725 5368 1827 5441 ἠδη
1876 5369 1977 5432 τὰς

399 5465 574 5535 θύρας
623 5464 722 5527 τὰς
792 5462 977 5531 ἁγίας,
1029 5464 1057 5515 ό
1113 5462 1457 5533 πατριάρχης
1517 5465 1845 5535 κατέρχεται
1878 5465 1979 5536 τῆς

399 5556 666 5629 κρηπῖδος
695 5555 798 5626 τῆς
841 5556 1017 5624 ίερᾶξ,
1060 5554 1155 5608 καὶ
1180 5554 1453 5624 λαμϐάνει
1481 5557 1542 5610 τὸ
1574 5556 1746 5627 μύρον
1776 5560 1840 5612 ὲκ
1870 5558 1979 5612 τῶν

401 5648 608 5722 χειρῶν
633 5647 730 5701 τοῦ
758 5648 1154 5719 πρεσϐυτέρου,
1181 5648 1276 5700 καὶ
1304 5650 1372 5719 τῇ
1398 5649 1813 5721 ίῖρᾷὲπιτίθησι
1845 5668 1977 5722 τρα-

404 5738 571 5809 πέζῃ,
614 5738 838 5808 μείζονα
877 5739 972 5792 καὶ
1003 5737 1113 5791 τῶν
1144 5737 1333 5808 δώρων
1360 5738 1482 5792 τότε
1544 5740 1619 5802 ὡς
1672 5741 1979 5796 ἀτελέστων

407 5831 490 5885 ἔτι
519 5829 693 5895 διδοὺς
725 5826 801 5899 τῷ
834 5828 989 5900 μύρῳ
1016 5830 1115 5902 τὴν
1132 5831 1294 5901 τιμήν
1315 5845 1330 5861 ο
1363 5828 1487 5900 ἢὼς
1513 5830 1767 5888 ὲπιπλέον
1823 5832 1978 5897 ἡγια-

2065 3253 2308 3305 sinenter
2356 3248 2571 3313 oblata;
2610 3254 2666 3301 et
2702 3247 2890 3300 unctio
2925 3245 3052 3298 doni
3101 3243 3429 3297 viviﬁcantis
3468 3242 3646 3311 Spiri-

2065 3353 2170 3397 tus.
2210 3341 2342 3399 Post
2381 3341 2666 3398 duodecim
2727 3341 2840 3396 alas
2871 3355 2964 3396 seu
2999 3338 3235 3402 ﬂabella,
3265 3337 3462 3405 reliqui
3523 3336 3644 3391 dia-

2065 3436 2187 3489 coni
2245 3434 2468 3489 veniunt
2509 3434 2635 3489 boni
2658 3475 2672 3498 ,
2707 3446 2858 3487 more
2909 3431 3094 3493 solito,
3128 3438 3314 3483 saneta
3339 3426 3649 3496 praeceden-

2066 3537 2168 3582 tes.
2205 3527 2271 3581 Et
2311 3527 2556 3593 reliquus
2593 3527 2732 3581 ordo
2760 3524 3072 3580 successive
3124 3521 3309 3576 intrat.
3343 3519 3643 3576 Duodecim

2069 3636 2196 3674 vero
2228 3622 2325 3676 κίκι
2355 3628 2411 3675 et
2443 3628 2665 3690 propter
2693 3618 2978 3672 duodecim
3031 3613 3355 3685 discipulos,
3388 3629 3526 3684 quos
3552 3630 3647 3670 sa-

2065 3716 2238 3771 cravit
2276 3713 2344 3769 ab
2368 3714 2526 3768 initio
2560 3711 2801 3782 Spiritus
2849 3711 3023 3765 sancti
3087 3711 3285 3780 gratia,
3336 3715 3393 3762 et
3424 3717 3648 3776 propter

2067 3811 2173 3863 duo
2196 3806 2488 3862 Cherubim
2531 3814 2658 3858 ante
2709 3800 3120 3856 tabernaculum
3176 3801 3378 3855 stantia
3410 3809 3467 3854 et
3509 3800 3650 3853 duo-

2068 3901 2243 3957 decim
2296 3898 2410 3953 alas
2467 3895 2745 3952 habentia.
2786 3913 2804 3947 ι
2844 3893 2950 3947 Sex
3003 3894 3147 3947 enim
3206 3892 3305 3947 ala:
3331 3890 3526 3954 uni,et
3553 3906 3647 3959 sex

2070 3997 2169 4049 alae
2242 3992 2432 4055 alteri,
2475 4010 2496 4045 ι
2540 3978 2749 4058 inquit;
2803 3987 2949 4059 quod
2990 3985 3210 4056 quidem
3259 3985 3326 4039 de
3358 3984 3646 4054 Serapbim

2071 4087 2335 4155 Scriptum
2367 4095 2472 4140 est.
2524 4082 2757 4150 Quidam
2807 4094 2936 4134 vero
2970 4074 3219 4133 scribunt
3249 4085 3491 4147 quatuor
3529 4077 3648 4133 alas

2070 4175 2367 4231 Cherubim
2417 4182 2472 4229 et
2507 4189 2599 4228 sex
2656 4172 2769 4225 alas
2824 4167 3152 4238 Seraphim;
3217 4181 3387 4234 eaque
3425 4166 3653 4234 majoris

2071 4269 2283 4323 ordinis
2309 4267 2495 4320 dicunt
2518 4279 2640 4319 esse
2665 4278 2827 4333 quam
2863 4260 3181 4316 Cherubim.
3218 4259 3341 4313 Ideo
3386 4273 3511 4313 cum
3563 4274 3655 4314 sus

2076 4378 2167 4431 pra
2191 4361 2360 4428 legem
2383 4358 2453 4413 sit
2478 4355 2735 4415 Ecclesia,
2759 4353 2863 4423 ﬂgtt
2874 4369 2985 4406 ram
3004 4366 3065 4407 ea
3077 4367 3192 4406 rum
3211 4366 3301 4405 sex
3322 4350 3528 4404 alarum
3546 4349 3650 4405 sibi

2077 4456 2281 4510 incitet
2311 4450 2595 4506 duodecim
2639 4447 2853 4501 [labella
2887 4444 2987 4500 fert
3031 4458 3130 4512 pro
3162 4456 3392 4495 numero
3435 4443 3657 4498 alarum

2077 4548 2312 4602 duorum
2360 4542 2678 4613 Seraphim;
2714 4537 2933 4609 quando
2961 4538 3127 4604 igitur
3158 4535 3384 4592 lectores
3425 4535 3652 4590 introie-

2079 4650 2228 4705 runt,
2288 4636 2510 4692 diaconi
2545 4634 2635 4704 qui
2677 4630 2791 4685 alas
2826 4638 3035 4692 tenent,
3071 4629 3487 4682 constituuntur
3516 4626 3663 4680 hine

2077 4743 2130 4786 et
2161 4731 2286 4785 inde
2318 4743 2487 4799 prope
2515 4740 2638 4781 eum
2683 4722 2776 4793 qui
2835 4722 3025 4775 oleum—
3053 4728 3202 4772 tenet
3255 4719 3652 4790 presbyterum,

2078 4825 2343 4878 honorem
2404 4818 2507 4888 ipsi
2570 4822 2822 4885 gerentes
2851 4821 2905 4868 et
2949 4821 3206 4881 tanquam
3242 4811 3652 4867 obumbrantes.

2079 4914 2368 4982 Postquam
2411 4910 2522 4979 jam
2579 4908 2647 4961 ad
2688 4920 2875 4961 sacras
2906 4902 3049 4958 fures
3086 4904 3193 4974 il|e|
3221 4904 3487 4979 pervenit,
3523 4912 3661 4959 tunc

2079 5001 2389 5075 patriarcha
2426 5016 2452 5053 a
2478 4999 2684 5054 sanctis
2713 4999 2972 5069 gradibus
3023 4996 3324 5059 descendit,
3366 5004 3422 5051 et
3470 4996 3661 5051 oleum:

2079 5098 2273 5167 accipit
2302 5096 2371 5149 de
2425 5093 2676 5147 tttanibus
2714 5091 3035 5162 presbyteri,
3072 5099 3127 5143 et
3159 5092 3211 5142 in
3261 5090 3447 5143 divina
3510 5087 3643 5142 illud

2080 5203 2265 5241 mensa
2309 5184 2552 5253 deponit,
2603 5182 2862 5252 majorem
2903 5181 3148 5235 tribuens
3177 5181 3299 5232 oleo
3361 5183 3649 5245 honorem,

2079 5295 2240 5350 quam
2299 5277 2462 5332 donis
2520 5275 2761 5330 nondum
2825 5272 3188 5335 consecratis,
3242 5272 3335 5324 sed
3392 5269 3658 5340 majorem

2080 5370 2563 5427 sanctiﬁcationem
2609 5366 2837 5435 accepit.
2896 5363 3107 5418 Etenim
3141 5362 3479 5417 sanctiﬁcata
3530 5366 3656 5432 qui-

2081 5467 2202 5519 dem
2235 5472 2290 5516 et
2313 5460 2423 5515 Deo
2452 5460 2633 5513 oblata
2660 5458 2799 5512 dona
2825 5463 2973 5518 sunt,
3009 5452 3101 5507 sed
3128 5452 3305 5506 adhuc
3338 5451 3654 5521 imperfecta

2081 5563 2134 5611 et
2155 5551 2499 5608 solummodo
2551 5546 3015 5619 repracsentativa.
3083 5544 3272 5599 Oleum
3302 5553 3506 5605 autem,
3552 5553 3665 5599 etsr

2081 5643 2324 5700 nondum
2380 5653 2758 5696 consecratum
2829 5637 2920 5702 sit,
2976 5636 3058 5691 bis
3110 5644 3346 5690 tantena
3400 5636 3665 5704 pontifice

2080 5751 2269 5806 preces
2291 5734 2497 5804 accepit
2525 5743 2575 5785 et
2593 5734 2659 5786 ab
2682 5732 2773 5786 illo
2796 5727 3135 5790 benedicmm
3155 5737 3257 5782 est.
3281 5728 3409 5789 Aut,
3441 5737 3500 5780 ut
3523 5742 3659 5782 mint

2081 5826 2438 5887 wrisimilius
2480 5826 2729 5894 videtur,
2782 5824 2907 5895 quia
2971 5819 3416 5882 communionem
3465 5818 3658 5875 olctun-
