4114 6272
433 315 540 376 243
1267 313 1650 374 SYMEONIS
1700 311 2459 376 THESSALONICENSIS
2495 315 2847 376 ARCIIIEP.
3595 312 3703 374 244

428 424 708 494 prtecedit.
745 425 986 478 Primum
1057 424 1202 478 enim
1255 425 1379 478 oleo
1419 426 1696 494 nngimur,
1738 434 1792 478 ct
1821 423 2056 486 deinde,

2162 426 2306 496 μένῳ
2336 429 2455 490 ταῖς
2489 428 2832 496 προσευχαῖς.
2861 425 2965 478 Κατ
2995 424 3102 495 γὰρ
3133 425 3441 494 ἡγιασμένα
3483 425 3582 493 μὲν
3609 421 3706 477 καὶ

345 594 352 600 ν
398 516 686 586 -mysteria
720 518 1130 586 participamns.
1176 516 1238 569 Et
1284 517 1454 570 altare
1510 516 1745 586 primum
1795 516 2014 586 quidem

2162 516 2193 570 ἁ
2230 516 2378 586 δῶρα
2403 518 2497 570 καὶ
2535 517 2938 586 ἀνατεθειμένα
2963 516 3103 584 Θεῷ,
3132 515 3246 569 ἀλλ’
3306 515 3388 568 ἔτι
3443 515 3707 569 ἀτέλεστα

432 607 555 660 oleo
587 606 959 660 sanctiﬁcatur
989 623 1002 673 ;
1037 606 1234 662 deinde
1265 606 1316 660 in
1348 621 1414 662 eo
1452 621 1607 661 saera
1645 606 1868 677 liturgia
1893 621 2019 676 per-

2167 610 2223 662 αὶ
2244 611 2519 664 ἁντίτυπά
2545 611 2674 664 εἰσι.
2706 609 2778 662 T6
2809 609 2984 680 μύρον
3009 609 3086 677 δὲ,
3156 611 3206 662 εἰ
3237 609 3331 663 καὶ
3359 607 3514 663 οὕπω
3556 625 3709 661 τετε-

435 698 635 751 ﬁcitur.
679 698 905 766 Oportet
946 702 1090 751 enim
1153 698 1389 768 primum
1417 713 1519 752 nos
1573 697 1930 761 sanctiticari,
1961 705 2015 750 et

2162 700 2407 768 εσμένον,
2441 701 2582 753 ἀλλὰ
2609 702 2690 764 δὶς
2725 702 2822 765 τὰς
2863 701 3175 772 προσευχὰς
3229 701 3333 755 ὕπὸ
3373 701 3464 755 τοῦ
3517 702 3710 771 ἁρχιε-
3786 743 3795 750 .

436 803 565 848 tunc
597 802 810 846 sacrata
863 793 1128 859 recipere.
1208 789 1462 858 Deposito
1518 791 1685 860 igitur
1741 793 1794 844 in
1830 790 2015 844 divina

2164 795 2265 857 έως
2299 793 2536 860 ἐδέξατο,
2570 796 2663 847 καὶ
2694 795 2991 864 εὐλογηθὲν
3060 791 3127 866 ἦν
3159 793 3252 848 ὑπ’
3309 792 3477 848 αὑτοῦ
3503 810 3518 825 ο
3547 794 3583 864 ἢ
3635 791 3716 856 ὡς

437 901 644 948 mensa,
675 884 899 938 sinistro
942 883 1110 937 latere
1140 883 1274 936 disci
1305 922 1319 946 ,
1358 883 1501 945 oleo,
1562 883 1900 951 patriarcha,
1952 883 2015 935 li-

2168 887 2219 938 αὶ
2256 887 2687 955 ἀναγκαιότερον
2715 888 2842 957 ἐμοὶ
2890 887 3058 950 δοκεῖ.
3089 888 3178 942 διὰ
3202 887 3263 941 τὸ
3319 887 3716 957 προκαταλαμο

435 978 671 1046 tnrgiam
724 985 999 1044 operatur,
1051 986 1103 1029 et
1161 983 1450 1044 postquam
1499 989 1655 1028 sacra
1689 975 1917 1041 peregit,
1960 985 2020 1025 et

2168 979 2316 1031 ἀνειν
2341 979 2400 1030 τὸ
2429 979 2602 1050 μῦρον
2631 983 2731 1052 τῆς
2764 980 3072 1044 κοινωνίαςο
3110 981 3325 1050 πρῶτον
3366 981 3465 1050 μὲν
3500 981 3610 1050 γὰρ
3636 980 3722 1048 τῷ

437 1067 574 1120 dixit
600 1083 613 1119 :
644 1084 662 1116 ι
694 1064 760 1117 Ει
793 1074 952 1119 erunt
981 1064 1354 1119 misericordis
1374 1065 1466 1118 Dei
1495 1079 1680 1132 opera,
1715 1082 1732 1113 ι
1770 1071 1818 1116 et
1849 1061 2022 1130 prius-

439 1173 602 1226 quam
631 1157 898 1212 diaconus
922 1157 1068 1211 dicat
1103 1173 1118 1211 :
1161 1175 1178 1208 ι
1223 1154 1480 1210 Omnium
1516 1166 1828 1210 sanctorum
1881 1153 2022 1206 facta

439 1251 962 1305 commemoratione
986 1267 999 1313 ;
1038 1269 1056 1301 ι
1091 1249 1229 1302 redit
1255 1247 1318 1303 ad
1340 1256 1544 1302 sanctae
1564 1261 1766 1300 mensa:
1791 1245 2018 1316 gradus,

440 1355 493 1399 et
532 1345 942 1412 discoopcriens
967 1345 1170 1403 oleum,
1215 1351 1298 1396 ter
1330 1341 1461 1396 illud
1493 1339 1692 1409 signat.
1722 1339 2026 1393 Consrcm-

441 1440 648 1493 tionem
707 1440 816 1507 jam
874 1437 1052 1489 oleum
1087 1436 1303 1504 accipit,
1343 1444 1396 1488 et
1443 1451 1546 1486 non
1614 1444 1823 1501 oportet
1893 1432 2023 1484 illud

446 1533 576 1598 tegi,
601 1531 696 1584 scd
730 1530 1142 1598 disc00pertum
1173 1542 1316 1592 esse,
1345 1535 1400 1581 et
1444 1541 1573 1596 pure
1607 1541 1670 1580 ac
1715 1524 2024 1578 immediate

442 1624 910 1678 consecrationem
943 1622 1208 1690 recipere.

2135 1069 2294 1140 μύρῳ
2327 1071 2618 1141 χριόμεθα,
2662 1072 2852 1125 ἔπειτα
2911 1074 2968 1126 δὲ
3023 1071 3390 1143 κοινωνοῦμεν
3441 1071 3550 1124 τῶν
3610 1089 3719 1140 μυ-

2136 1160 2398 1231 στηρίων.
2425 1163 2536 1216 Καὶ
2565 1163 2624 1216 τὸ
2659 1163 3047 1234 θυσιαστήριον
3073 1181 3292 1235 πρωτον
3330 1163 3432 1234 μὲν
3449 1165 3526 1234 τῷ
3560 1163 3726 1234 μύρῳ

2142 1251 2538 1319 καθαγιάζεται
2565 1272 2576 1285 '
2606 1255 2798 1309 ἔπειτα
2827 1256 2882 1309 δὲ
2902 1257 2959 1310 έν
2981 1255 3130 1327 αὑτῷ
3155 1258 3224 1309 τὰ
3274 1255 3374 1326 τῆς
3405 1255 3722 1326 ἱερουργίας

2136 1345 2398 1397 τελεῖται.
2463 1348 2554 1398 Δεῖ
2607 1349 2717 1416 γὰρ
2773 1349 2986 1418 πρῶτον
3037 1349 3370 1416 ἁγιασθῆναι
3409 1348 3576 1417 ἡμᾶς,
3624 1346 3721 1400 καὶ

2134 1436 2256 1488 τότε
2289 1438 2378 1490 τὸν
2407 1438 2560 1505 ἅγιον
2597 1439 2982 1506 ὐποδέξασθαι.
3008 1440 3130 1503 Θεὶς
3154 1435 3248 1494 οὖν
3275 1443 3329 1492 ἐν
3351 1443 3416 1510 τῇ
3449 1439 3569 1510 θείᾳ
3591 1455 3725 1504 τρα-

2135 1525 2275 1597 πέζῃ
2299 1528 2356 1594 ἐξ
2389 1531 2695 1601 ἀριστερῶν
2723 1531 2817 1583 τοῦ
2852 1530 3037 1584 δίσκου
3070 1531 3128 1584 τὸ
3177 1531 3348 1600 μύρον
3385 1533 3412 1584 ὁ
3455 1529 3725 1598 πατριάρ-

2134 1633 2257 1685 χης,
2295 1617 2390 1670 καὶ
2415 1620 2482 1672 τὰ
2507 1620 2605 1689 τῆς
2635 1620 2980 1691 λειτουργίας
3029 1623 3293 1690 ἐνεργῶν,
3345 1622 3484 1688 μετὰ
3514 1620 3577 1675 τὸ
3632 1637 3726 1673 τε-

442 1716 665 1770 λειῶσαι
699 1714 764 1768 τὰ
803 1716 990 1784 Ἅγια,
1023 1717 1117 1768 καὶ
1160 1714 1357 1779 εἰπεῖν,
1391 1731 1409 1765 ι
1443 1713 1549 1765 Καὶ
1598 1711 1752 1764 ἔσται
1781 1710 1850 1763 τὰ
1897 1710 2021 1781 ἑλέη
2072 1708 2166 1762 τοῦ
2209 1711 2451 1779 μεγάλου
2487 1712 2646 1779 Θεοῦ,
2693 1735 2711 1767 ι
2749 1716 2855 1786 πρὸ
2913 1715 3010 1769 τοῦ
3053 1717 3229 1769 εἰπεῖν
3277 1715 3370 1769 τὸν
3451 1714 3720 1768 διάκονονν

451 1834 468 1864 ι
504 1814 727 1867 Πάντων
767 1813 884 1865 ⁹τῶν
913 1811 1085 1880 ἁγίων
1135 1807 1635 1881 μνημονεύσαντες,
1682 1825 1700 1858 ι
1735 1807 2026 1877 ἀνέρχεται
2056 1805 2136 1867 είς
2171 1805 2269 1880 τθὴν
2297 1809 2545 1877 κρηπῖδα
2569 1810 2668 1880 τῆς
2705 1810 2868 1880 ἁγίας
2908 1815 3210 1886 τραπέζης.
3272 1814 3384 1868 Καὶ
3447 1809 3724 1867 sumam.

444 1913 550 1983 φας
584 1911 640 1963 τδ
667 1910 838 1981 μύρον
859 1909 1151 1980 σφραγίξει
1185 1909 1325 1979 τρίς.
1358 1908 1468 1974 Τὴν
1519 1906 1627 1976 γὰρ
1653 1905 1875 1975 τελετὴν
1915 1904 2018 1975 ἤδη
2055 1903 2115 1956 τδ
2143 1904 2316 1976 μύρον
2369 1905 2604 1978 δέχεται.
2672 1911 2782 1965 Καὶ
2818 1911 2879 1964 οὐ
2931 1912 3011 1966 δεῖ
3061 1912 3477 1983 κεκαλυμμένον
3532 1907 3698 1974 εἶναι,

446 2008 563 2062 ἀλλ’
591 2007 721 2060 αὐτὸ
748 2004 1003 2075 καθαρῶς
1036 2019 1096 2056 τε
1130 2002 1225 2054 καὶ
1253 2000 1474 2070 ἁμέσω;
1513 2001 1608 2070 τὴν
1640 1999 1862 2068 τελετὴν
1892 1997 2279 2063 ὐποδέξασθαι.

983 2094 1209 2150 CAPUT
1263 2093 1500 2149 LXXIII.

623 2192 1002 2248 Comideratio
1047 2189 1367 2259 precationis
1394 2203 1552 2256 super
1595 2193 1876 2255 unguento.

524 2288 822 2357 Postquam
889 2282 1147 2352 signavit,
1207 2278 1488 2334 descendit
1559 2276 1823 2348 pontifex,
1878 2284 2041 2343 caput

455 2384 684 2439 inclinat
725 2389 780 2435 et
815 2377 1046 2448 primam
1083 2371 1214 2428 dicit
1241 2371 1545 2425 orationem
1577 2386 1590 2423 :
1626 2367 1886 2421 «Domine
1939 2366 2040 2420 mi-

457 2477 718 2539 sericors,
744 2481 796 2527 et
821 2471 980 2524 Pater
1019 2467 1307 2521 luminum.
1346 2483 1364 2515 ι
1429 2462 1618 2517 Viden’
1652 2459 2043 2516 misericordiae

457 2567 551 2621 Dei
585 2565 762 2619 oleum
789 2576 912 2616 csse
943 2557 1294 2631 symbolum?
1330 2555 1392 2608 Et
1427 2553 1635 2622 reliqua
1675 2567 1796 2620 quae
1823 2551 1875 2604 in
1922 2551 2043 2605 oleo

458 2670 586 2716 sunt
614 2657 924 2712 divinorum
958 2653 1226 2719 donorum
1265 2657 1391 2703 sunt
1422 2649 1626 2714 figurat.
1666 2645 1771 2700 Sed
1822 2657 1949 2698 cecc
1992 2654 2046 2699 et

457 2768 594 2822 pure
627 2749 866 2818 Spiritus
892 2746 1124 2816 gratiam
1147 2742 1366 2811 accipit.
1418 2740 1595 2809 Pergit
1662 2738 1806 2792 enim
1853 2735 2044 2790 Ponti-

459 2844 589 2899 fex:
623 2861 640 2894 ι
673 2855 833 2910 aquo
861 2839 1040 2894 omnis
1085 2837 1224 2890 bona
1283 2833 1457 2904 gratia
1507 2845 1558 2885 et
1621 2845 1780 2885 omne
1840 2827 2045 2882 donum

460 2936 785 3004 perfectum.
814 2931 922 2986 »Ει
963 2930 1121 2986 εσΤιι
1180 2945 1239 2985 es
1289 2929 1461 2998 quiin
1506 2928 1622 2996 lege
1673 2931 1724 2978 cl
1769 2921 2049 2992 prophetis

463 3029 595 3084 illud
621 3027 817 3082 dedisti
851 3037 902 3080 et
944 3023 1210 3095 apostolis
1237 3023 1363 3076 tuis.
1396 3020 1597 3075 Emitte
1645 3019 1697 3071 in
1731 3017 1862 3070 illud
1927 3013 2052 3083 Spi-

373 3116 378 3120 ’
462 3124 628 3177 ritum
659 3127 909 3175 sanctum
966 3128 1140 3180 tuum,
1180 3123 1233 3170 et
1269 3128 1532 3168 consecra
1576 3111 1678 3164 hoc
1710 3111 1915 3178 regium
1947 3123 2050 3160 un—

463 3224 745 3286 guentum,
783 3193 1417 3283 spirituale_charisma,
1471 3203 1682 3258 animas
1728 3212 1781 3254 et
1819 3213 2052 3269 corpora

466 3306 844 3364 sanctiﬁcans.
875 3323 896 3356 ›
929 3301 1070 3358 Ecce
1098 3299 1496 3356 sanctificatum
1520 3304 1603 3351 est
1629 3299 1806 3348 oleum
1835 3311 1848 3357 ;
1896 3304 2055 3346 sanc-

467 3399 824 3454 tiﬁcationem
861 3394 1098 3462 Spiritus
1129 3392 1206 3446 illi
1241 3391 1450 3445 tribuit.
1475 3409 1493 3440 ι
1517 3388 1708 3444 Oleum
1732 3385 2053 3441 exsultatio-

2725 2096 2976 2152 ΚΕΦΑΛ.
3012 2096 3131 2152 ΟΓ¹.

2427 2189 2648 2254 Θεωρ,α
2683 2186 2794 2256 τῆς
2823 2189 2930 2243 τοῦ
2975 2191 3174 2259 μύρου
3203 2187 3417 2258 εὐχῆς.

2217 2280 2379 2333 Ὅθεν
2417 2282 2556 2350 μετὰ
2603 2280 2664 2334 τὸ
2694 2282 2998 2350 σφραγίσαι
3044 2280 3371 2351 κατέρχεται
3415 2279 3511 2334 καὶ
3550 2275 3729 2334 κλίνει

2144 2373 2244 2440 τὴν
2296 2371 2537 2441 κεφαλὴν
2581 2373 2609 2424 6
2658 2372 2968 2440 ἀρχιερεὺς,
3003 2373 3098 2423 καὶ
3150 2373 3251 2440 τὴν
3297 2369 3523 2440 πρώτην
3573 2369 3728 2437 λέγει

2145 2463 2333 2532 εὐχὴν,
2358 2482 2376 2514 ι
2418 2463 2589 2532 Κύριε
2637 2461 2732 2516 τοῦ
2758 2461 2960 2526 ἐλέους,
2979 2461 3074 2515 καὶ
3103 2462 3286 2531 Πάτερ
3313 2461 3423 2514 τῶν
3455 2462 3674 2529 φώτων.
3701 2478 3721 2512 ι

2155 2551 2320 2620 Ὀρᾷς
2352 2552 2435 2603 ὅτι
2471 2550 2655 2613 ἐλέους
2688 2549 2821 2603 Θεοῦ
2855 2551 2915 2602 τὸ
2956 2550 3134 2604 ἔλαιον
3180 2551 3450 2617 σύμϐολον
3470 2568 3495 2616 ',
3523 2553 3633 2604 Καὶ
3661 2552 3730 2603 τὰ

2147 2645 2308 2696 λοιπὰ
2362 2645 2418 2698 δὲ
2467 2647 2536 2698 τὰ
2583 2649 2640 2698 ἐν
2685 2645 2760 2714 τῷ
2814 2645 2971 2715 μύρῳ
3018 2645 3128 2698 τῶν
3179 2642 3340 2698 θείων
3389 2644 3729 2715 δωρημάτων

2146 2737 2294 2791 ἐστὶν
2321 2735 2652 2797 ὲκτύπωσις.
2697 2735 2834 2789 Ἀλλ’
2865 2735 2973 2790 ἰδοὺ
3013 2737 3108 2790 καὶ
3141 2735 3398 2806 καθαρῶς
3439 2734 3531 2787 τοῦ
3562 2731 3729 2787 Πνεῦ-

2138 2844 2320 2898 ,ματος
2364 2827 2462 2899 τὴν
2511 2828 2675 2898 χάριν
2738 2827 3064 2896 εἰσδέχεται.
3128 2824 3352 2892 Ἐπάγει
3401 2823 3508 2892 γὰρ
3553 2825 3580 2874 6
3625 2822 3726 2891 ἁρ-

2149 2920 2385 2988 χιερεὺς,
2425 2939 2442 2970 ι
2479 2919 2614 2989 Παρ’
2659 2910 2721 2972 οῦ
2750 2920 2899 2973 πᾶσα
2929 2918 3076 2980 δόσις
3111 2915 3312 2986 ἀγαθὴ,
3348 2914 3442 2967 καὶ
3477 2912 3584 2964 πᾶν
3622 2909 3726 2962 δώ-

2154 3027 2306 3082 ρημα
2349 3010 2575 3064 τέλειον.
2621 3030 2641 3063 ι
2674 3009 2780 3063 Καὶ
2825 3012 2912 3063 ὃτι
2949 3011 3052 3064 «Σὺ
3086 3003 3136 3062 εἶ
3184 3010 3212 3061 6
3251 3007 3344 3060 καὶ
3383 3005 3440 3057 ὲν
3467 3002 3544 3074 τῷ
3576 3003 3730 3071 νόμῳ

2153 3104 2248 3155 καὶ
2290 3104 2404 3164 τοῖς
2439 3105 2744 3174 προφήταις
2791 3101 2912 3164 δοὺς
2953 3100 3086 3154 αὐτὸ
3134 3099 3370 3160 καὶτοῖς
3415 3093 3737 3156 ἀποστόλοις

2157 3211 2272 3249 σου.
2311 3193 2727 3258 Ἐξαπόστειλον
2751 3195 2832 3255 είς
2859 3193 2990 3247 αὐτὸ
3014 3193 3076 3244 τὸ
3105 3190 3330 3260 [ινεῦμά
3351 3205 3446 3242 σου
3476 3187 3534 3241 τὸ
3555 3186 3737 3253 ἁγιον.

2155 3287 2268 3339 Καὶ
2295 3285 2516 3338 τέλεσον
2549 3284 2684 3338 αὐτὸ
2716 3283 2924 3354 χρίσμα
2957 3281 3258 3353 βασιλικὸν,
3293 3280 3540 3350 χάρισμα
3567 3277 3744 3328 Πνευ-

2162 3377 2412 3447 ματικδν,
2447 3377 2766 3446 ἁγιαστικδν
2819 3375 3009 3445 ψυχῶν
3057 3373 3152 3428 καὶ
3207 3373 3497 3442 σωμάτων.
3545 3387 3565 3421 ι
3607 3366 3745 3422 Ἰδοὺ

469 3494 607 3548 nis.)
641 3490 854 3545 Eximie
879 3488 1010 3542 illud
1045 3487 1222 3539 oleum
1270 3485 1533 3547 nominat,
1587 3491 1839 3548 tanquam
1891 3477 2052 3531 mise-

2162 3471 2524 3539 ἁγιαζόμενον
2569 3470 2628 3523 τὸ
2666 3468 2855 3540 μύρον.
2903 3468 3006 3521 Τὸν
3053 3465 3327 3536 ἁγιασμδν
3376 3462 3606 3532 παρέχει
3647 3458 3741 3512 τοῦ

470 3583 723 3640 ricordia:
754 3581 846 3635 Dei
870 3581 1095 3634 donum.
1124 3576 1306 3643 «Quod
1338 3577 1389 3630 in
1414 3576 1530 3641 lege
1553 3572 1884 3643 praecessit.»
1918 3571 2056 3624 Ecce

472 3677 646 3748 ﬁgura
685 3683 800 3730 erat
832 3672 978 3742 quod
1028 3672 1080 3722 in
1114 3670 1227 3740 lege
1280 3667 1643 3722 adhibebatur
1664 3665 1865 3719 oleum.
1903 3661 2060 3716 «Illu-

476 3771 554 3825 xit
588 3779 768 3822 autem
804 3767 856 3818 in
884 3779 1024 3818 novo
1047 3761 1422 3818 Testamento.
1465 3779 1482 3811 ι
1521 3758 1682 3814 Vides
1707 3755 2054 3811 manifestius

474 3861 660 3915 datum
686 3872 810 3913 esse
845 3855 1028 3910 oleum
1055 3854 1109 3908 in
1142 3852 1342 3921 gratia,
1369 3850 1710 3906 abundanter
1749 3847 1910 3903 nobis
1941 3847 2063 3916 Spi-

475 3956 616 4010 ritus
666 3949 844 4006 sancti
901 3947 1046 4002 done
1112 3945 1356 4016 prtrstito
1381 3943 1427 3994 τ’
1464 3942 1552 3996 IIII
1593 3956 1702 4010 quo
1745 3939 1898 3998 uncti
1937 3947 2066 3994 sunt

477 4045 795 4104 sacerdotes
825 4050 881 4098 et.
942 4038 1256 4110 pontiﬁces,
1313 4037 1588 4107 prophetae
1639 4043 1696 4090 et
1753 4049 1962 4105 reges.»
1999 4033 2067 4088 Et

477 4139 581 4208 ipsi
615 4135 885 4206 primitias
928 4131 1169 4202 Spiritus
1199 4144 1483 4200 accepere,
1517 4136 1577 4182 ut
1612 4129 1821 4197 Moyses
1861 4137 1914 4181 et
1939 4140 2066 4193 sep-

482 4228 875 4302 tnagintariri,
912 4227 1005 4296 qui
1054 4227 1121 4281 de
1172 4225 1380 4296 Spiritu
1431 4224 1521 4294 qui
1574 4222 1626 4276 in
1680 4221 1864 4290 Moyse
1927 4228 2064 4281 erat,

481 4338 746 4393 accepere
781 4337 802 4387 ;
831 4328 888 4373 ut
917 4320 1100 4372 Aaron
1137 4326 1192 4372 et
1221 4316 1440 4370 Samuel
1473 4333 1488 4383 ;
1519 4327 1573 4371 et
1597 4326 1884 4384 postquam
1937 4311 2068 4365 SattI

482 4425 687 4471 unctus
714 4417 876 4468 estet
909 4409 1176 4477 peccavit,
1230 4404 1398 4459 David
1460 4419 1555 4472 per
1619 4402 1960 4461 unctionem,
2016 4405 2070 4451 et

483 4507 578 4578 qui
616 4520 712 4562 eos
739 4503 921 4560 secuti
953 4510 1102 4554 sunt.
1132 4517 1152 4551 ι
1183 4497 1282 4552 Per
1317 4499 1533 4566 quodet
1567 4494 1712 4560 ipsos
1747 4502 1869 4545 tuos
1909 4505 2070 4545 sanc-

486 4609 571 4654 tos
611 4593 911 4666 apostolos,
934 4591 1166 4659 inquit.»
1211 4587 1370 4642 Vides
1398 4595 1452 4640 et
1482 4585 1778 4637 adventum
1836 4579 2074 4650 Spiritus

2164 3561 2501 3627 Πνεῦματος.
2535 3558 2788 3612 ιἘλαιον
2807 3557 3201 3626 ἀγαλλιάσεως.
3236 3573 3255 3606 ι
3302 3553 3626 3621 Ἐξαιρέτως
3685 3547 3742 3602 δὲ

2163 3652 2342 3704 ἔλαιον
2373 3650 2506 3704 αὐτὸ
2539 3649 2712 3714 καλεῖ,
2741 3648 2816 3710 ὡς
2864 3646 3010 3700 δόσιν
3046 3644 3192 3697 θείου
3225 3644 3430 3704 ἐλέους.
3465 3640 3539 3692 Τὸ
3585 3653 3746 3705 προοι-

2162 3742 2360 3795 δεῦσαν
2397 3743 2494 3810 μὲν
2535 3743 2591 3793 έν
2620 3740 2788 3810 νόμῳ.
2811 3738 2941 3790 Ἰδοὺ
2981 3734 3332 3805 προτύπωσις
3367 3731 3427 3785 τὸ
3459 3729 3550 3784 τοῦ
3581 3729 3746 3796 νόμου

2163 3829 2231 3904 ἦν
2285 3832 2479 3902 μύρον.
2546 3829 2866 3900 Ἐκλάμψαν
2917 3828 2975 3880 δὲ
3027 3828 3084 3880 έν
3140 3827 3207 3894 τῇ
3263 3825 3425 3893 καινῇ
3479 3818 3746 3888 Διαθήκῃ.

2164 3925 2395 3987 Βλέπεις
2429 3924 2504 3986 ὡς
2559 3922 2889 3991 τρανότερον
2916 3919 3124 3973 δέδοται
3155 3916 3215 3970 τδ
3250 3915 3423 3986 μύρον
3453 3916 3511 3966 ὲν
3551 3913 3616 3981 τῇ
3649 3909 3750 3980 χάο

2167 4032 2300 4088 ριτι,
2333 4013 2607 4076 πλουσίως
2646 4013 2706 4065 ὲν
2759 4012 2890 4081 ἡμῖν
2941 4005 3346 4080 χορηγηθείσης
3396 4004 3494 4073 τῆς
3543 4001 3754 4072 δωρεᾶς

2169 4107 2262 4181 τοῦ
2332 4106 2490 4174 ἁγίου
2541 4103 2899 4174 Πνεύματος;
2959 4101 3049 4153 Ἐν
3104 4091 3150 4166 ᾧ
3208 4095 3536 4169 ὲχρίσθησαν
3583 4093 3751 4160 ἱερεῖς

2170 4202 2264 4255 καὶ
2309 4199 2608 4268 ἀρχιερεῖς,
2645 4195 2922 4266 προφῆται
2967 4192 3065 4246 καὶ
3119 4190 3382 4268 βασιλεῖς.
3442 4186 3550 4238 Καὶ
3597 4181 3752 4235 αὐτοὶ

2171 4293 2278 4364 γὰρ
2445 4265 2700 4366 ἁπαρχὴν
2740 4286 2835 4340 τοῦ
2871 4282 3189 4352 Πνεῦματος
3221 4265 3410 4333 ἔλαϐον
3435 4291 3450 4305 ⁸
3483 4275 3557 4338 ὡς
3590 4274 3754 4327 Meti)-

2177 4387 2277 4455 σῆς
2317 4383 2413 4437 καὶ
2445 4364 2495 4434 οἱ
2529 4380 2904 4450 ἑϐδομήκοντα
2933 4379 2998 4430 ὲκ
3045 4373 3140 4427 τοῦ
3173 4372 3509 4440 Πνεῦματος,
3544 4365 3595 4420 οἳ
3635 4364 3758 4418 έλα-

2175 4481 2267 4533 6ον
2305 4477 2398 4529 τοῦ
2431 4477 2514 4529 ἐπ’
2542 4473 2691 4542 αὑτῷ
2713 4486 2727 4504 ⁸
2757 4471 2831 4532 ὡς
2875 4466 3086 4536 Ἀαρὼν
3112 4469 3200 4518 καὶ
3229 4462 3498 4532 Σαμουὴλ,
3527 4461 3622 4513 καὶ
3653 4453 3748 4509 τοῦ

2174 4571 2350 4624 Σαοὺλ
2391 4566 2707 4637 χρισθέντος
2751 4564 2842 4615 καὶ
2899 4559 3335 4629 ἁμαρτήσαντος,
3367 4555 3396 4604 6
3444 4549 3610 4602 Δασὶδ
3660 4548 3751 4602 διὰ

488 4642 571 4654 ’νυ
611 4642 909 4666 “”Ι’“’⁷*⁷“⁷“ι
936 4642 1105 4659 "-1—"
1880 4642 1895 4650 _

486 4697 734 4746 sanctam
770 4686 822 4740 in
850 4685 977 4739 illos
1009 4690 1323 4737 unctionem
1350 4680 1520 4732 fuisse
1547 4675 1569 4727 ?
1599 4695 1618 4726 ι
1653 4675 1715 4728 Et
1738 4688 1930 4728 omnes
1979 4689 2050 4741 qu

2177 4668 2480 4740 χρίσματος
2508 4680 2523 4696 ο
2555 4662 2649 4716 καὶ
2687 4658 2768 4712 ἑτι
2797 4660 2844 4711 οἱ
2885 4656 3139 4724 καθεξῆς.
3174 4670 3192 4704 ι
3230 4650 3306 4704 Δι’
3340 4642 3401 4702 οῦ
3439 4648 3532 4700 καὶ
3561 4645 3761 4705 αὐτοὺς

488 4798 587 4850 per
619 4781 900 4842 lavacrum
934 4774 1370 4845 regenerationis
1404 4772 1474 4826 ab
1517 4770 1791 4838 episcopis
1828 4777 1880 4822 et
1919 4782 2075 4835 prcs-

2180 4737 2404 4832 ἔχρισας
2430 4757 2554 4817 τοὺς
2585 4753 2773 4820 ἁγίους
2807 4765 2900 4803 σου
2937 4745 3288 4806 ἀποστόλους,
3325 4759 3342 4793 ι
3381 4740 3566 4811 φησίν.
3597 4737 3763 4806 Ὁρᾷς

489 4873 696 4944 byteris
731 4868 1037 4937 regenerati
1073 4876 1204 4922 sunt
1259 4879 1435 4934 usque
1465 4864 1648 4918 hodie.
1691 4880 1709 4913 ι
1772 4861 1911 4915 Ecce
1964 4873 2054 4913 non

2184 4856 2280 4909 καὶ
2343 4851 2442 4920 τὴν
2491 4848 2578 4902 ἐπ’
2636 4845 2833 4907 αὐτοὺς
2881 4841 2974 4895 τοῦ
3046 4838 3362 4908 Πνεῦματος
3413 4831 3766 4900 ὲπιφοίτησιυ

2450 4941 2469 4944 “”
2661 4936 2684 4944 ⁸
2949 4934 2959 4944 “
3064 4930 3075 4944 ι
3315 4928 3326 4941 ⁸
3364 4943 3369 4944 ν
3409 4925 3432 4944 9
3468 4926 3484 4944 1
3535 4919 3759 4944 κ.--.-,,κ

493 4965 659 5021 modo
690 4961 983 5034 pontiﬁces
1003 4971 1056 5015 et
1087 4960 1402 5014 sacerdOtes
1439 4968 1496 5013 et
1525 4955 1803 5025 prophetae
1830 4961 1884 5008 et
1917 4968 2075 5023 reges

491 5059 738 5115 divinum
798 5055 976 5110 oleum
1002 5060 1376 5122 acceperunt;
1428 5049 1522 5106 sed
1569 5061 1623 5103 et
1686 5055 1956 5116 quotquot
2021 5047 2076 5098 in

490 5153 711 5211 Christo
758 5147 1038 5219 baptizati,
1080 5145 1270 5201 christi
1308 5142 1522 5196 Domini
1569 5142 1694 5193 facti
1744 5148 1892 5194 sunt.
1949 5137 2077 5191 ldco

491 5255 544 5298 et
568 5251 884 5314 potestatem
905 5237 1108 5294 habent
1131 5234 1318 5290 ﬁdeles
1342 5249 1407 5287 ex
1442 5233 1544 5286 hac
1569 5229 1900 5291 unctionelsi
1919 5227 2077 5282 modo

496 5353 558 5393 se
590 5336 740 5406 ipsos
767 5335 820 5388 in
853 5331 1144 5388 sanctitate
1204 5324 1560 5392 custodiant)
1614 5334 1670 5378 et
1717 5319 2079 5392 prophetandi

2183 4946 2394 5017 χρίσμα
2446 4941 2601 5010 ἅγιον
2631 4936 2832 5000 οὒσαν;
2875 4934 2971 4986 καὶ
3009 4930 3217 4992 πάντας
3250 4928 3374 4990 τοὺς
3404 4925 3493 4978 διὰ
3535 4919 3763 4991 λουτροῦ

2187 5016 2606 5104 παλιγγενεσίας
2647 5029 2752 5084 ὑπὸ
2801 5026 2910 5079 τῶν
2967 5023 3109 5076 κατὰ
3164 5018 3391 5090 καιροὺς
3448 5016 3764 5069 ἐπισκόπων

2186 5134 2280 5187 καὶ
2319 5126 2709 5200 πρεσϐυτέρων
2741 5118 3202 5188 ἀναγεννηθέντας
3235 5114 3341 5178 ἕως
3365 5112 3467 5183 τῆς
3503 5113 3765 5182 σήμερον.

2199 5226 2330 5279 Ἰδοὺ
2364 5223 2423 5276 οὐ
2455 5219 2617 5290 μόνον
2649 5216 2700 5268 οἱ
2731 5213 3005 5283 ἀρχιερεῖς
3033 5212 3129 5264 καὶ
3161 5210 3325 5280 ἱερεῖς
3365 5207 3459 5260 καὶ
3489 5205 3768 5274 προφῆται

2182 5321 2278 5374 καὶ
2316 5314 2552 5387 βασιλεῖς
2582 5309 2643 5363 τὸ
2674 5311 2818 5362 θεῖον
2849 5305 3043 5358 ἔλαϐον
3081 5305 3274 5374 μύρον,
3313 5299 3450 5354 ἁλλὰ
3486 5299 3581 5352 καὶ
3627 5298 3678 5349 οἱ
3710 5299 3771 5348 ὲν

496 5441 552 5486 et
578 5429 911 5483 charismata
959 5421 1243 5493 operandi,
1276 5429 1329 5474 et
1384 5417 1659 5472 sexcentis
1716 5415 1838 5469 aliis
1880 5413 2050 5469 divini

2185 5410 2406 5478 Χριστῷ
2444 5401 2838 5476 βαπτισθέντες
2872 5397 3074 5457 πάντες
3123 5394 3338 5464 χριστοὶ
3372 5389 3580 5459 Κυρίου
3613 5389 3772 5456 γενό-

500 5521 740 5593 Spiritus
761 5519 922 5573 donis
958 5513 1285 5570 ditesccndi.
1321 5529 1338 5562 ι
1375 5509 1476 5574 Ita,
1519 5508 1666 5564 Deus
1711 5507 2081 5575 Onmiputens,

500 5629 785 5679 eonsecra,
819 5612 952 5666 illud
989 5606 1251 5662 adorandi
1276 5613 1332 5659 et
1362 5605 1537 5660 sancti
1589 5603 1668 5657 tui
1695 5602 1933 5670 Spiritus
1991 5601 2086 5654 ad-

502 5717 690 5764 ventu.
727 5725 746 5757 ι
787 5706 1024 5759 Rursum
1058 5700 1265 5768 ﬂagitat
1299 5697 1637 5752 sanctissimi
1698 5693 1940 5763 Spiritus
1987 5693 2084 5745 ad-

505 5809 751 5857 ventum.
803 5796 878 5852 Ex
937 5793 1096 5850 Patre
1138 5791 1283 5845 enim
1340 5804 1434 5858 per
1496 5787 1734 5843 Verbum
1781 5787 1834 5838 in
1889 5793 2080 5845 sancto

2190 5517 2380 5573 μενοι·
2418 5500 2500 5553 διὸ
2561 5496 2656 5549 καὶ
2698 5493 2930 5560 δύναμιν
2975 5490 3188 5561 ἔχουσιν
3221 5487 3271 5539 οἱ
3320 5489 3507 5537 πιστοὶ
3535 5483 3645 5536 ἀπὸ
3675 5481 3771 5534 τοῦ

2188 5599 2494 5668 χρίσματος
2547 5587 2740 5641 τούτου
2788 5586 2860 5655 (εί
2919 5584 3078 5652 μόνον
3133 5579 3390 5648 τηροῦσιν
3444 5576 3672 5637 ἑαυτοὺς
3714 5574 3773 5626 έν

2189 5685 2472 5757 ἁγιασμῷ)
2516 5683 2608 5735 καὶ
2661 5679 3048 5750 προφητεύειν,
3102 5674 3197 5726 καὶ
3248 5674 3455 5742 ἰάματα
3503 5669 3768 5738 ἐνεργεῖν,

2191 5783 2280 5836 καὶ
2331 5776 2502 5846 μυρία
2561 5773 2692 5827 ἄλλα
2746 5770 2998 5824 πλουτεῖν
3049 5765 3197 5820 θείου
3250 5765 3565 5833 Ιίνεὺματος
3615 5757 3774 5827 χαρί-
