4114 6272
509 233 618 285 245

1671 233 1769 294 DE
1811 232 2097 296 SANCTO
2134 232 2580 296 UNGUENTOo

3651 223 3755 288 2&6

486 353 693 404 σματα.
725 356 744 390 ι
784 337 911 402 Ναὶ,
939 339 1172 394 δέσποτα
1214 343 1323 413 90
1357 344 1456 398 Θεὲ
1507 346 1909 417 παντοκράτορ,
1941 347 2074 401 ἁνὰ-

2187 344 2393 414 Spiritu
2447 348 2627 401 omnia
2697 346 2935 401 innobis
2971 347 3125 400 iiunt.
3177 342 3240 398 Et
3292 339 3752 414 quemadmodum

481 427 658 493 δειξον
704 429 834 483 αὐτὸ
879 433 944 501 τῇ
994 434 1337 504 ἐπιφοιτήσει
1383 436 1474 491 τοῦ
1533 439 1915 509 προσκυνητοῦ
1968 445 2062 494 καὶ

2187 433 2348 490 Verbo
2389 435 2595 491 Domini
2627 438 2750 492 coeli
2785 437 2981 491 (innati
3031 446 3179 498 sunt,
3209 433 3413 504 Spiritu
3463 447 3589 486 vero
3632 430 3750 485 oris

487 520 646 584 ἁγίου
691 538 786 573 σου
852 523 1189 593 Πνεύματος.
1251 545 1269 577 ι
1345 528 1510 581 Πάλιν
1564 527 1663 598 τὴν
1713 529 2060 600 ὲπιφοίτησιν

485 613 778 676 ἐξαιτεῖται
821 613 917 667 τοῦ
966 617 1236 686 παναγίου
1288 621 1625 686 Πνεύματος.
1679 620 1776 675 Ἐκ
1806 621 1931 691 Ιγὰρ
1969 621 2086 675 τού

490 705 700 774 [ἰατρὸς
743 707 830 760 διὰ
863 707 955 760 τοῦ
1000 708 1159 777 λόγου
1202 713 1260 764 ἐν
1295 711 1437 782 ἁγίῳ
1473 713 1750 782 Πνεύματι
1785 714 1963 770 πάντα
2008 717 2066 767 ὲν

487 797 616 865 ἡμῖν
647 797 880 862 γίνεται.
913 801 1026 854 Kal
1063 801 1138 864 ὡς
1171 803 1248 871 τῷ
1295 803 1437 872 λόγῳ
1485 805 1689 876 Κυρίου
1743 807 1792 858 οί
1840 805 2066 874 οὐρανοὶ

487 887 921 958 ἐστερεώθησαν,
955 891 1033 960 τῷ
1063 893 1340 964 Πνεύματι
1370 895 1425 947 δὲ
1463 896 1557 949 τοῦ
1591 899 1856 964 στόματος
1898 896 2064 950 αὐτοῦ

493 979 639 1031 πᾶσα
681 980 712 1049 ή
743 983 976 1050 δύναμις
1007 986 1206 1038 αὐτῶν·
1242 989 1301 1038 ὲν
1335 988 1485 1057 αὐτῷ
1524 991 1631 1057 γὰρ
1668 991 1746 1059 τῷ
1781 990 2066 1057 [Ινεύματι

488 1072 899 1128 τετελείωνται⁹
945 1077 1090 1131 οὕτω
1125 1083 1218 1134 καὶ
1263 1084 1353 1138 ἐπὶ
1389 1085 1538 1157 πάσῃ
1589 1084 1790 1156 δωρεᾷ,
1830 1085 1950 1153 ἥτις
2004 1086 2068 1138 ἐκ

489 1160 582 1213 τοῦ
639 1162 850 1234 Πατρὶς
911 1166 1000 1220 διὰ
1054 1171 1147 1223 τοῦ
1205 1173 1380 1240 Λόγου
1442 1175 1498 1225 ὲν
1556 1174 1696 1244 ἁγίῳ
1751 1175 2069 1244 χορηγεῖται

494 1253 792 1322 Πνεύματι,
838 1260 930 1313 καὶ
986 1260 1227 1328 μάλιστα
1276 1265 1415 1332 μετὰ
1461 1266 1559 1332 τὴν
1588 1265 1682 1318 τοῦ
1711 1264 1846 1318 Θεοῦ
1893 1267 2068 1334 Λόγου

493 1345 634 1412 ὑπὲρ
661 1347 821 1414 ἡμῶν⁴
860 1351 1195 1419 οἰκονομίαν.
1241 1353 1300 1408 Ὀ
1334 1355 1432 1422 μὲν
1467 1356 1574 1425 γὰρ
1615 1357 1802 1428 Πατὴρ
1836 1358 2069 1412 εὐδοκεῖ.

501 1439 560 1490 '0
590 1439 646 1492 δὲ
679 1440 806 1504 Υίὸς
837 1446 1130 1515 αὐτουργεῖ
1152 1465 1167 1480 ο
1213 1449 1273 1501 τὸ
1303 1447 1359 1500 δὲ
1392 1447 1546 1516 ἅγιον
1588 1450 1812 1520 Πνεῦμα
1849 1451 2070 1504 τελειοῖ.

497 1550 518 1582 ε
584 1533 829 1601 Ἔνδυμα
877 1537 1188 1607 ἀφθαρσίας
1235 1543 1329 1594 καὶ
1384 1543 1661 1611 σφραγῖδα
1719 1544 2073 1607 τελειοποιὸν,

491 1626 841 1682 ὲκτυτιοῦσαν
888 1632 998 1692 τοῖς
1042 1632 1101 1682 τι
1147 1631 1291 1685 θεῖόν
1346 1651 1440 1687 σου
1489 1634 1715 1705 λουτρὸν
1757 1635 2074 1704 δεχομένοις

2167 527 2288 594 ejus
2319 527 2498 582 omnis
2533 528 2706 585 virtus
2728 545 2916 584 eorum
2946 547 2958 595 ;
2987 529 3039 583 in
3070 529 3186 597 ipso
3212 525 3354 581 enim
3397 524 3603 592 Spiritu
3637 537 3756 590 per-

2168 618 2292 674 fecti
2323 630 2452 675 sunt
2489 638 2502 684 ;
2535 622 2609 689 ita
2633 629 2684 675 et
2712 621 2776 676 de
2805 621 2952 676 omni
3002 619 3148 674 dono
3189 617 3330 684 quod
3357 631 3420 670 ex
3467 613 3624 668 Patre
3662 627 3757 681 per

2168 708 2405 765 Verbum
2439 713 2488 765 in
2519 721 2712 766 sancto
2762 711 2966 782 Spiritu
3013 721 3321 780 praestatur,
3355 720 3408 764 et
3459 704 3756 778 prazscrtim

2172 812 2292 872 post
2325 803 2486 859 Verbi
2545 803 2635 857 Dei
2693 819 2787 872 pro
2851 804 3010 858 nobis
3070 803 3522 858 incarnationem.
3595 795 3756 849 Pater
3795 838 3842 852 ..

2169 897 2314 948 enim
2341 895 2628 965 approbat,
2662 892 2831 950 Filius
2867 903 3144 965 operatur,
3168 905 3394 949 sanctus
3421 899 3600 944 autem
3632 885 3758 956 Spi-

2171 987 2312 1042 ritus
2377 986 2610 1054 perlicit.
2677 1005 2694 1038 «
2756 986 3134 1040 indumentum
3202 978 3654 1043 immortalitatis,
3703 985 3760 1031 et

2173 1077 2523 1148 perfectionis
2551 1077 2893 1143 signaculum
2930 1079 3179 1146 imprime
3200 1077 3252 1130 iu
3281 1076 3360 1129 eis
3393 1073 3484 1142 qui
3513 1071 3756 1124 divinum

2173 1179 2325 1223 tuum
2357 1168 2686 1237 baptismum
2730 1166 3018 1236 recipiunt.
3051 1177 3301 1222 sanctum
3359 1175 3511 1218 tuum
3559 1174 3756 1215 nomen

2173 1267 2228 1315 et
2259 1259 2552 1329 unigenitis
2584 1259 2702 1313 Filii
2733 1259 2834 1322 tui,
2866 1267 2916 1312 et
2944 1255 3178 1324 Spiritus
3216 1255 3391 1311 sancti
3420 1253 3517 1307 tui.
3556 1270 3573 1301 ι
3602 1250 3760 1304 Indu-

2178 1359 2417 1404 mentum
2471 1348 2918 1409 immortalitatis.
2947 1348 3073 1417 quia
3128 1345 3364 1400 viviiicat
3419 1341 3656 1410 Spiritus
3707 1345 3762 1391 et

2177 1441 2638 1496 inmortalitatem
2693 1448 2914 1510 prastat
2953 1457 2967 1505 ;
3013 1439 3352 1510 signaculum
3388 1431 3754 1505 perfectionis,

2179 1543 2436 1599 tanquam
2485 1532 2642 1586 nobis
2701 1531 3067 1586 sanctissimae
3109 1529 3393 1583 Trinitatis
3439 1525 3666 1595 gratiam
3707 1533 3760 1576 et

2181 1636 2378 1676 nomen
2423 1621 2667 1676 tribuens
2702 1637 2716 1686 ;
2751 1620 3004 1689 quoniam
3032 1619 3086 1673 iu
3143 1616 3406 1671 'l‘rinitate
3462 1628 3756 1669 consecra-

492 1715 592 1786 τὴν
631 1719 794 1786 ἁγίαν
840 1737 936 1775 σου
980 1721 1298 1788 ὀνομασίαν,
1332 1725 1553 1780 καὶτοῦ
1610 1725 1934 1796 μονογενοῦς
1974 1742 2066 1779 σου

2189 1729 2344 1768 ιιιιι·.ι
2381 1713 2443 1769 Ut
2481 1714 2588 1769 sint
2618 1723 2671 1767 et
2699 1713 2802 1782 ipsi
2833 1727 3016 1766 coram
3051 1719 3103 1766 te
3120 1709 3345 1778 cogniti,
3380 1726 3398 1760 ι
3426 1707 3476 1761 id
3504 1714 3608 1770 est,
3660 1705 3755 1758 tibi

496 1808 649 1872 Υίοῦ,
709 1812 802 1864 καὶ
866 1813 959 1867 τοῦ
1014 1815 1171 1883 ἁγίου
1224 1833 1318 1870 σου
1377 1818 1718 1888 Πνεύματος.
1753 1835 1772 1868 ι
1826 1817 2074 1888 Ἕνδυμα

495 1901 827 1971 ἀφθαρσίας,
867 1906 951 1960 ὅτι
987 1908 1251 1969 ζωοποιδν
1278 1909 1338 1962 τὺ
1371 1909 1619 1979 Πνεῦμα,
1648 1909 1747 1964 καὶ
1774 1908 2074 1964 ἀθανασίαν

496 1993 751 2063 παρέχει.
787 1997 1069 2066 Σφραγῖδα
1091 2001 1444 2065 τελειοποιδν,
1475 2001 1550 2063 ὡς
1584 2001 1682 2070 τῆς
1722 2001 1882 2067 ἁγίας
1907 1999 2076 2068 Τριά-

495 2084 584 2147 δος
611 2087 708 2156 τὴν
735 2087 895 2159 χάριν
918 2091 1080 2160 νέμον
1109 2093 1239 2161 ἡμῖν
1277 2094 1372 2147 καὶ
1397 2092 1460 2146 τὺ
1485 2092 1654 2161 ὄνομα
1681 2109 1693 2122 ·
1722 2093 1848 2146 ἐπεὶ
1889 2095 1982 2146 καὶ
2017 2077 2089 2144 ὲν

496 2179 564 2246 τῇ
613 2180 802 2248 Τριὰδι
853 2183 1232 2251 τελειούμεθα.
1263 2203 1282 2235 ι
1331 2186 1422 2247 Είς
1467 2186 1527 2238 τὸ
1574 2182 1716 2238 εἶναι
1773 2185 1830 2237 δὲ
1879 2185 2076 2244 αὐτοὺς

497 2269 732 2324 ἐνώπιόν
773 2289 863 2325 σου
888 2276 1279 2342 ἐπιγνωστοῦς,
1317 2297 1336 2328 ι
1364 2279 1613 2330 τουτέστι
1645 2276 1959 2346 γνωρίμους
1993 2276 2076 2328 σοί

500 2361 575 2432 τῷ
621 2363 761 2434 Θεῷ.
798 2367 862 2418 Ὢ
908 2367 1003 2435 τῆς
1040 2369 1250 2438 δωρεᾶς
1303 2369 1395 2422 τοῦ
1455 2370 1601 2423 θείου
1647 2369 1856 2438 μύρουι
1905 2369 1948 2421 ὢ
1978 2369 2075 2435 τῆς

505 2455 770 2525 μεγίστης
801 2460 1052 2530 χὰριτοςί
1080 2461 1247 2514 πόσου
1281 2463 1389 2532 ἄρα
1421 2459 2075 2530 ἁπολιμπὰνεταιδώρου,

497 2548 528 2599 ὁ
578 2550 654 2618 μὴ
700 2551 893 2603 τούτου
941 2552 1120 2621 τυχὼν
1165 2553 1258 2607 τοῦ
1312 2553 1684 2624 χαρίσματοςς
1731 2569 1750 2603 ι
1802 2552 2075 2616 Οίκείους,

501 2642 653 2712 φησὶ,
706 2644 800 2696 καὶ¹
851 2645 1098 2709 πολίτας,
1142 2647 1362 2709 δούλους
1413 2663 1507 2698 σου
1559 2645 1653 2698 καὶ
1699 2644 2009 2707 παιδίσκας.
2051 2663 2070 2695 ι

504 2732 666 2785 Ὥστε
691 2733 756 2787 ὲκ
785 2734 878 2788 τοῦ
913 2735 1084 2805 μύρου
1118 2739 1234 2790 ἐστὶ
1268 2737 1330 2789 τὸ
1377 2735 1612 2798 οίκείους
1642 2731 1781 2788 εῖναι
1829 2735 1949 2803 Θεῷ
1986 2736 2078 2788 καὶ

499 2825 717 2889 δούλους
767 2829 1022 2898 γνησίους
1065 2829 1193 2892 τοὺς
1244 2829 1512 2891 εὐσεϐεῖς.
1546 2827 1792 2897 Μεγίστη
1839 2827 2009 2889 ὅντως
2045 2828 2075 2896 ἠ

501 2919 699 2990 δωρεά.
737 2937 757 2970 ι
819 2920 981 2974 Ἀλλὰ
1029 2922 1120 2972 καὶ
1165 2920 1561 2990 ἡγιασμένους,
1614 2919 1774 2989 φησὶ,
1822 2919 1968 2987 ψυχῇ
2018 2934 2076 2968 τε

501 3013 596 3064 καὶ
645 3011 880 3082 σώματι.
917 3031 935 3064 ›
985 3013 1115 3066 ’ἰδοὺ
1164 3014 1256 3065 καὶ
1311 3013 1504 3080 ἁγίους
1539 3011 1764 3075 τούτους
1809 3013 1954 3063 ποιεῖ
1985 3010 2078 3062 καὶ

505 3104 960 3174 ἀναμαρτήτους·
1014 3105 1207 3171 ὲπὰγει
1283 3105 1427 3174 γὰρ,
1497 3123 1514 3154 «
1605 3102 2082 3173 ’Δπηλλαγμὲνους

506 3201 688 3266 πάσης
716 3199 936 3262 κακίας,
969 3199 1062 3250 καὶ
1099 3196 1274 3264 πάσης
1315 3196 1591 3264 ἁμαρτίας
1635 3194 2082 3265 λελυτρωμένους

507 3297 570 3364 τῇ
603 3291 868 3362 περιϐολῇ
919 3288 1012 3342 τοῦ
1048 3287 1342 3356 ἐνδύματος
1374 3288 1472 3356 τῆς
1516 3285 1876 3355 ἀφθαρσίας.»
1926 3287 1990 3338 Ὃ
2019 3285 2083 3356 δὴ

511 3387 648 3456 μετὰ
675 3385 770 3440 τοῦ
801 3383 1030 3453 λουτροῦ
1083 3382 1144 3435 τὺ
1176 3379 1345 3448 μύρον
1378 3377 1516 3436 ὲστί.
1547 3381 1654 3432 Καὶ
1694 3379 1798 3447 ὅρα
1827 3380 2085 3448 μέγιστον

507 3483 635 3538 ἄλλο
661 3480 853 3551 δῶρον.
909 3496 929 3529 ι
976 3472 1468 3542 Ἐπιγινώσκεσθαι
1518 3471 1597 3536 δὲ,
1647 3471 1800 3541 φησὶ,
1851 3471 1940 3524 δια
1987 3471 2086 3538 τῆς

508 3576 669 3640 ἁγίας
705 3590 798 3626 σου
832 3568 1036 3639 ταύτης
1071 3565 1427 3635 σημειώσεως
1481 3562 1586 3616 ὑπὸ
1633 3563 1805 3630 ἁγίων
1840 3561 2086 3630 ἀγγέλων

509 3669 605 3725 καὶ
649 3663 1027 3737 ἁρχαγγίλων,
1069 3659 1163 3712 καὶ
1195 3657 1299 3710 ὑπὸ
1345 3655 1526 3725 πάσης
1574 3653 1902 3723 ἐπουρανίου
1931 3651 2087 3706 δυνά-

513 3779 680 3834 μεως.
716 3779 735 3812 ι
769 3759 935 3810 Ὥστε
990 3752 1309 3822 σύμμορφοι
1369 3749 1482 3810 τοῖς
1542 3747 1798 3814 ἀγγέλοις
1850 3745 1940 3799 διὰ
1991 3745 2088 3800 τοῦ

515 3853 687 3926 μύρου
722 3847 1002 3919 γινόμεθα,
1036 3843 1133 3897 καὶ
1167 3841 1495 3910 ἐπιγνωστοὶ
1530 3839 1618 3893 διὰ
1656 3838 1846 3892 τούτου
1876 3837 2087 3900 τούτοις

513 3925 700 4014 ἐσμέν.
733 3938 930 3996 Λοιπὸν
973 3935 1024 3988 οί
1073 3932 1151 4004 μὴ
1191 3931 1508 4004 χρισθέντες
1535 3929 1612 4000 τῷ
1664 3929 1821 3999 μύρῳ
1855 3925 1980 3981 οὔτε
2009 3926 2090 3998 τῷ

513 4035 656 4104 Θεῷ,
685 4031 810 4085 οὕτε
838 4030 952 4092 τοῖς
982 4023 1232 4095 ἀγγέλοις
1260 4022 1548 4092 γνώριμοι,
1587 4025 1683 4075 καὶ
1715 4019 2088 4091 ἁσφρὰγιστοι

515 4130 663 4185 οὗτοι
685 4127 782 4180 καὶ
820 4120 1154 4192 ἁσημείωτοι
1181 4115 1259 4187 τῷ
1288 4113 1531 4186 Χριστῷ.
1563 4111 1708 4183 ὀρα
1751 4112 1808 4166 δὲ
1840 4113 1937 4165 καὶ
1967 4110 2086 4164 ἔτεα

521 4241 612 4295 ρον
644 4221 783 4290 μέγα
805 4218 998 4286 δῶρον.
1025 4213 1135 4266 Καὶ
1168 4207 1432 4280 φοϐερούς
1466 4222 1601 4275 φησι
1634 4207 1800 4258 πᾶσιν
1826 4205 2093 4274 ὑπάρχειν

520 4317 635 4378 τοῖς
686 4309 942 4380 πονηροῖς
986 4305 1083 4358 καὶ
1131 4301 1466 4370 ἀκαθάρτοις
1519 4297 1789 4366 δαίμοσιν.
1824 4299 1986 4349 Ὥστε
2042 4296 2092 4348 οί

2181 1806 2289 1860 Deo
2327 1805 2461 1859 noti.
2497 1803 2541 1860 Ο
2571 1804 2746 1858 Divini
2772 1804 2876 1859 olei
2932 1805 3131 1858 donum
3168 1804 3182 1856 t
3213 1800 3256 1855 Ο
3292 1800 3583 1853 maximam
3632 1812 3757 1866 gra-

2176 1900 2305 1952 tiam
2339 1899 2351 1951 !
2379 1910 2587 1968 quanto
2621 1899 2782 1966 igitur
2817 1897 2962 1951 dono
3013 1903 3166 1950 caret
3200 1894 3291 1964 qui
3325 1907 3430 1946 non
3467 1889 3600 1944 illud
3635 1888 3763 1943 cha-

2179 1991 2344 2043 risma
2393 1988 2636 2042 obtinet!
2709 1987 3058 2041 «Familiares
3103 1985 3180 2038 tui
3231 1993 3279 2038 et
3338 1982 3510 2044 cives,
3557 1979 3758 2048 inquit,

2177 2080 2318 2135 servi
2357 2083 2430 2134 tui
2462 2094 2514 2134 et
2548 2081 2782 2140 ancillae,
2817 2099 2835 2130 ι
2884 2079 2958 2132 ita
2993 2086 3044 2130 ut
3075 2093 3141 2132 ex
3181 2077 3283 2130 hoc
3308 2076 3429 2128 oieo
3467 2072 3558 2126 ﬁat
3599 2079 3656 2123 ut
3689 2070 3762 2137 pii

2179 2173 2472 2228 familiares
2501 2183 2556 2227 et
2599 2174 2742 2226 servi
2775 2170 2864 2224 Dei
2911 2170 3054 2224 sint:
3088 2169 3321 2223 maxima
3384 2181 3516 2220 sane
3549 2167 3718 2234 gratia
3746 2165 3761 2218 ἓ

2185 2265 2320 2320 «Sed
2360 2263 2413 2319 et
2460 2265 2785 2319 sanctilieati
2835 2263 3015 2316 anima
3042 2271 3095 2314 et
3137 2276 3388 2329 corpore.
3429 2278 3446 2308 ι
3490 2258 3626 2311 Ecce
3667 2271 3766 2309 eos

2180 2368 2404 2412 sanctos
2450 2357 2612 2412 ellicit
2683 2365 2737 2412 et
2787 2354 3039 2409 mundos.
3081 2353 3260 2422 Pergit
3329 2352 3475 2405 enim
3518 2369 3530 2404 :
3577 2348 3764 2404 (Omni

2181 2450 2383 2504 maiitia
2446 2449 2658 2504 liberati
2711 2456 2764 2504 et
2793 2449 2944 2502 omni
3006 2455 3230 2516 peccato
3283 2446 3550 2506 uinndati,
3606 2443 3768 2497 vesti-

2182 2551 2361 2596 tneuto
2418 2540 2844 2594 immortalitatis
2877 2537 3041 2608 hujus
3077 2537 3398 2592 circumdati
3430 2534 3609 2603 ;quod
3637 2549 3775 2588 sane

2181 2635 2239 2688 ﬁt
2295 2642 2416 2701 post
2479 2631 2732 2700 baptismi
2784 2631 3114 2685 unctionem.
3194 2631 3256 2684 lit
3315 2629 3433 2682 vide
3475 2629 3765 2682 maximum

2180 2725 2325 2781 aliud
2391 2725 2618 2780 donum.
2688 2722 3048 2786 «Noscmtnr,
3107 2723 3304 2791 inquit,
3361 2737 3454 2789 per
3515 2730 3766 2774 sanctum

2181 2829 2333 2872 tuum
2366 2818 2730 2888 signaculum,
2765 2833 2795 2870 a
2834 2818 3040 2871 sanctis
3100 2815 3308 2884 angelis
3348 2825 3399 2868 et
3432 2813 3768 2884 arcltangclis

2181 2920 2232 2965 et
2261 2912 2327 2964 ah
2353 2887 2500 2965 omni
2530 2911 2736 2964 caelesti
2787 2909 3017 2962 Virtute.
3043 2929 3058 2958 ι
3093 2907 3163 2960 Ita
3203 2916 3255 2960 ut
3287 2906 3503 2975 Angelis
3549 2903 3766 2958 confor-
3816 2887 3822 2894 l

2187 3018 2300 3058 mes
2345 3018 2438 3070 per
2469 3000 2646 3056 oleum
2693 3001 2905 3061 ﬁamus,
2941 3011 2995 3055 et
3029 3000 3247 3069 cognitu
3280 2997 3462 3051 faciles
3492 3012 3588 3066 per
3636 2994 3764 3049 illud

2187 3097 2255 3150 iis
2285 3096 2479 3150 simus.
2507 3094 2609 3161 Qui
2643 3110 2748 3147 non
2787 3095 2933 3147 uncti
2964 3102 3094 3148 sunt
3133 3092 3253 3145 oleo
3299 3103 3476 3158 neque
3531 3089 3635 3142 Deo
3676 3101 3770 3140 ne-

2184 3204 2288 3256 que
2317 3189 2530 3258 angelis
2584 3186 2695 3241 neti
2725 3195 2850 3239 sunt
2893 3199 3070 3251 neque
3109 3181 3327 3236 Chrlsto
3355 3179 3554 3247 signati
3605 3187 3658 3231 et
3687 3178 3770 3232 in-

2183 3277 2387 3349 signiti.
2419 3276 2555 3332 Vide
2587 3284 2640 3330 et
2690 3277 2834 3330 aliud
2881 3289 3130 3344 magnum
3173 3271 3399 3326 donum.
3427 3289 3444 3320 «
3473 3267 3770 3323 Turribiles

2182 3373 2314 3433 sint,
2341 3368 2543 3439 inquit,
2572 3368 2827 3423 omnibus
2855 3367 3014 3421 utalis
3041 3374 3094 3420 et
3121 3363 3349 3432 impuris
3373 3360 3766 3417 daemonibus.»

2187 3463 2262 3514 Ita
2301 3470 2357 3515 ut
2387 3463 2477 3530 qui
2508 3459 2692 3514 divino
2727 3466 3008 3527 unguento
3035 3457 3232 3525 signati
3264 3465 3413 3516 Sunt,
3443 3451 3779 3506 formidamli

2185 3553 2294 3608 sint
2320 3554 2678 3608 d:emonibus.
2711 3554 2752 3605 Ο
2781 3552 3072 3606 maximam
3108 3549 3199 3603 Dei
3220 3548 3448 3619 gratiam
3479 3547 3490 3598 !
3522 3542 3653 3597 Vide
3679 3557 3774 3596 au-

2187 3657 2294 3700 tem
2349 3646 2526 3699 adhuc
2578 3645 2706 3714 quid
2772 3642 2918 3694 aliud
2973 3657 3071 3696 nos
3135 3639 3324 3693 ﬁdeles
3372 3653 3471 3707 per
3526 3635 3771 3690 divinum

2188 3740 2366 3793 oleum
2393 3737 2624 3790 ﬁamus:
2668 3731 2768 3786 «Ut
2794 3734 2901 3786 sint
2935 3733 3050 3793 tibi,
3082 3729 3280 3799 inquit,
3320 3729 3555 3797 populus
3597 3726 3776 3785 dives,
3872 3773 3874 3775 ,

2190 3828 2367 3898 regale
2407 3825 2792 3881 sacerdotium.
2826 3838 2959 3890 gens
3020 3831 3228 3886 sancta,
3283 3818 3477 3888 signati
3522 3819 3624 3871 hoc
3662 3817 3778 3869 siu-

2190 3935 2318 3975 cero
2349 3919 2472 3974 oleo
2513 3925 2662 3971 tuo.)
2693 3914 2860 3984 Igitur
2891 3927 2985 3982 per
3045 3911 3183 3964 illud
3243 3910 3297 3962 in
3356 3905 3516 3961 nobis
3572 3914 3778 3960 sancta:

2191 4011 2484 4066 Trinitatis
2514 4008 2852 4078 signaculum
2879 4001 3336 4060 eireuml’erimns.
3356 3997 3588 4064 Quinon
3613 3996 3778 4064 igitur

2192 4103 2379 4158 divino
2405 4103 2499 4156 illo
2527 4111 2805 4170 unguento
2845 4105 3042 4152 unctus
3068 4102 3170 4158 est,
3215 4091 3302 4146 ille
3333 4105 3442 4144 non
3479 4097 3563 4143 est
3593 4090 3780 4156 signa-

2195 4203 2304 4248 tus.
2339 4192 2444 4248 Sed
2482 4192 2754 4261 quodnam
2814 4188 3114 4243 maximum
3167 4183 3370 4237 donum
3431 4179 3607 4235 oratio
3667 4180 3780 4233 ham

2195 4295 2415 4356 praestat
2447 4283 2619 4339 ildeo
2654 4283 2817 4352 igitur
2845 4295 2964 4334 eam
2996 4285 3166 4331 totam
3218 4273 3464 4344 exposui,
3503 4279 3560 4326 ut
3615 4286 3780 4326 nove-

523 4363 958 4474 osettwuwiiévo't
1030 4395 1108 4465 τῷ
1175 4363 1332 4462 θείῳ.
1364 4391 1522 4461 μύρῳ
1571 4363 1664 4441 καὶ
1710 4390 1818 4450 τοῖς
1876 4389 2084 4456 δαίμοσι

2202 4380 2372 4433 rimus
2392 4391 2530 4446 quas
2559 4373 2763 4444 gratias
2792 4387 2888 4440 per
2931 4369 3108 4424 oleum
3143 4367 3500 4436 accipiamus.
3529 4366 3552 4414 ἶ
3589 4363 3649 4415 Ει
3683 4363 3782 4415 ha-

523 4497 766 4571 φοϐεροί.
804 4495 868 4546 Ὢ
903 4493 1007 4559 ’τῆς
1057 4487 1320 4557 μεγίστης
1354 4483 1451 4536 τοῦ
1501 4481 1638 4534 Θεοῦ
1669 4480 1924 4551 χὰριτοςί
1955 4479 2098 4548 Ὅρα

521 4596 579 4649 δὲ
623 4594 702 4647 ἔτι
746 4590 841 4645 καὶ
882 4586 934 4640 τί
986 4583 1117 4636 ἄλλο
1147 4580 1310 4649 ἡμεῖς
1375 4577 1426 4628 οι
1475 4575 1657 4628 πιστοὶ
1686 4575 1772 4627 διὰ
1807 4573 1902 4626 τοῦ
1952 4572 2097 4625 θείου

528 4687 698 4757 μύρου
727 4677 1009 4750 γινόμεθα.
1055 4693 1072 4724 ι
1116 4673 1234 4724 Ἵνα
1262 4661 1365 4721 ὧσί
1397 4683 1501 4731 σοι,
1535 4665 1690 4734 φησι,
1717 4663 1846 4726 λαὸς
1876 4663 2098 4733 περιού-

527 4750 662 4836 σιος.
694 4770 962 4844 βασίλειον
988 4762 1310 4834 ἱεράτευμα,
1335 4755 1485 4817 ἔθνος
1516 4752 1691 4820 ἅγιον,
1723 4750 2100 4844 ὲσγφρπγιηέέ.

527 4884 608 4922 νοι
633 4839 719 4919 sui
751 4860 844 4915 τοῦ
880 4857 1150 4928 ἁχρὰντου
1180 4867 1272 4904 σου
1309 4847 1482 4918 μύρου
1515 4844 1730 4896 τούτου.
1769 4841 1972 4894 Λοιπὸν
2011 4839 2130 4892 διὰ.

528 4957 718 5013 τούτου
743 4945 1145 5024 τὴκισφραγῖὸα
1187 4942 1284 5011 τῆς
1315 4937 1478 5006 ἁγίας
1509 4935 1741 5005 Τριὰδος
1779 4934 1838 4985 ἐν
1890 4932 2102 4994 ἑαυτοῖς

529 5049 917 5118 περιφέρομεν.
959 5041 1019 5093 Ὀ
1068 5037 1142 5108 μὴ
1189 5030 1434 5105 χρισθεὶς
1486 5029 1594 5098 ἄρα
1643 5024 1720 5094 τῷ
1765 5023 1894 5094 θείῳ

528 5115 702 5210 τούτῳ
730 5115 1138 5206 ἁσφρὰγιστος.
1187 5125 1349 5180 Ἀλλά
1391 5126 1485 5176 καὶ
1543 5121 1597 5173 τί
1663 5119 1921 5189 μέγιστον
1973 5115 2104 5168 ἄλλο

529 5208 699 5305 δῶρον
725 5233 1025 5302 παρέχεται
1062 5225 1094 5294 ἠ
1128 5221 1301 5291 εύχής
1333 5216 1421 5269 διὰ
1461 5212 1621 5267 τοῦτο
1649 5211 1758 5279 γὰρ
1794 5209 1887 5262 καὶ
1923 5208 2104 5260 πᾶσαν

529 5298 911 5400 ἔξέθηκαξϊνα
943 5319 1161 5390 γνῶμεν
1200 5315 1300 5374 τὰς
1343 5308 1430 5362 διὰ
1482 5304 1578 5358 τοῦ
1647 5303 1821 5371 μύρου
1871 5298 2101 5369 δωρεάς.

534 5393 704 5474 ιἰςοὶι
735 5419 971 5486 ἐλοντες,
1001 5409 1157 5479 φησι,
1183 5405 1273 5459 τὸν
1310 5399 1548 5469 Χριστόν
1578 5411 1673 5447 σου
1715 5395 1774 5447 ὲν
1800 5393 1922 5455 ταῖς
1969 5406 2104 5458 καρ-

530 5514 671 5576 δίαις
719 5482 920 5572 αύγτῶν,
951 5505 1030 5566 είς
1078 5490 1503 5566 κατοικητήριον
1549 5504 1644 5541 σου
1694 5483 1788 5538 τοῦ
1830 5484 1966 5536 Θεοῦ
2012 5482 2106 5534 καὶ

534 5601 749 5670 ιῐατρδς
776 5601 833 5652 ὲν
868 5596 1012 5666 ἁγίῳ
1039 5590 1341 5658 Πνεύματι.
1384 5604 1404 5638 ι
1455 5582 1588 5638 Ἰδοὺ
1639 5578 1707 5634 δι’
1756 5575 1924 5631 αὐτοῦ
1957 5576 2050 5628 καὶ
2080 5576 2108 5628 ὁ

535 5668 768 5764 Χριστὸς
802 5691 860 5747 ὲν
889 5690 1010 5750 ταῖς
1063 5683 1314 5754 καρδίαις
1347 5675 1536 5749 ἡμῶν*
1573 5672 1666 5729 καὶ
1701 5668 2108 5759 ,καίτοικητήρια

2203 4470 2418 4532 bcntes,
2449 4467 2646 4536 inquit,
2668 4463 2943 4519 Christum
2973 4471 3124 4513 tuum
3157 4459 3208 4512 in
3255 4456 3517 4511 cordibus
3553 4457 3780 4516 nostris.

2204 4564 2256 4616 in
2289 4561 2474 4617 sedem
2507 4569 2654 4612 tuam
2679 4555 2768 4610 Dei
2795 4562 2848 4609 et
2868 4552 3045 4606 Patris
3075 4551 3128 4604 iu
3159 4559 3349 4604 sancto
3374 4545 3783 4617 SpirituaECce

2205 4669 2298 4723 per
2329 4650 2462 4705 illud
2489 4649 2743 4703 Christus
2809 4645 3014 4699 habitat
3037 4645 3088 4696 in
3137 4641 3395 4695 cordibus
3455 4639 3680 4700 nostris.
3726 4645 3784 4692 et

2203 4742 2478 4796 dmuicilia
2508 4751 2562 4793 et
2591 4738 2789 4807 tempta
2833 4735 2923 4790 Dei
2961 4747 3350 4789 cousccramur
3398 4740 3450 4786 et
3499 4729 3678 4783 Patris
3723 4741 3784 4782 et.

2207 4834 2325 4888 l-‘ilii
2351 4834 2470 4906 ejus
2493 4831 2622 4887 Jesu
2650 4828 2850 4884 Christi
2878 4839 2931 4882 et
2955 4825 3410 4895 sanetiSpiritus.
3447 4824 3582 4878 Illud
3619 4823 3784 4892 igitur

2206 4933 2541 4992 unguentum
2581 4919 2800 4991 perlicit
2850 4919 3119 4988 baptisma
3159 4929 3213 4972 et
3244 4914 3527 4971 Trinitatis
3585 4914 3782 4982 templa

2209 5032 2308 5070 nos
2353 5013 2540 5069 edicit.
2580 5011 2704 5066 Ideo
2729 5022 2783 5066 et
2812 5023 2928 5080 post
2969 5010 3241 5079 baptisma
3273 5009 3450 5063 datur.
3488 5008 3552 5062 Et
3585 5008 3782 5060 adruu-

2210 5124 2318 5164 tnm
2349 5108 2590 5177 Spiritus
2618 5111 2792 5161 sancti
2817 5109 2870 5159 in
2894 5106 3053 5160 nobis
3085 5113 3328 5174 praestat,
3358 5119 3515 5172 qucm
3545 5104 3784 5155 ostendit

2209 5205 2460 5259 Salvator
2486 5203 2537 5255 in
2571 5199 2807 5255 Jordane
2848 5199 3170 5268 baptizatus.
3230 5196 3294 5248 Et
3343 5211 3436 5266 per
3492 5197 3624 5250 illud
3677 5211 3782 5248 un-
3877 5211 3883 5217 ’

2209 5307 2466 5368 guentum
2521 5295 2854 5362 spiritualcs,
2886 5301 2940 5345 ct
3001 5292 3171 5360 gratia
3225 5291 3415 5344 armati
3463 5305 3674 5355 sumus,
3730 5297 3785 5343 et

2209 5391 2390 5445 divina
2422 5386 2688 5442 Triuitate
2728 5386 2928 5453 signati
2983 5384 3396 5439 sanetilicamur
3445 5383 3663 5452 quidem
3729 5391 3786 5438 et

2213 5483 2543 5538 inundamur
2571 5488 2624 5532 et
2669 5492 3054 5547 regeneramur
3085 5477 3138 5530 in
3190 5484 3378 5530 sancta
3413 5491 3574 5545 aqua,
3604 5474 3786 5529 Trini-

2213 5573 2339 5628 tatis
2356 5571 2720 5625 invocatione.
2737 5567 2840 5622 Per
2871 5568 2973 5623 hoc
2997 5577 3176 5622 autem
3200 5577 3531 5639 unguentum
3553 5568 3698 5635 dona
3723 5570 3788 5622 ii-

2216 5667 2320 5721 lius
2333 5661 2628 5733 accipiunt.
2652 5662 2716 5718 Et
2737 5659 3197 5732 quemadmodqu
3212 5661 3306 5733 qui
3328 5677 3434 5718 non
3455 5660 3784 5731 baptizatur,
