4090 6258
385 170 494 235 2i?

1208 175 1590 238 SYMEONIS
1625 178 2390 256 THESSALONICENSIS
2431 198 2792 263 ARCHIEP.

3519 199 3631 262 248

375 303 484 340 non
506 279 816 346 ntundzittir,
832 284 903 338 ita
925 285 1015 356 qui
1038 295 1160 357 post
1179 286 1505 355 baptismum
1524 304 1630 342 non
1655 299 1848 343 unctus
1866 298 1950 345 est

2059 303 2146 356 καὶ
2204 308 2317 359 ναοὶ
2368 306 2670 378 τελούμεθα
2724 309 2816 362 τοῦ
2845 307 2982 362 Θεοῦ
3030 309 3124 362 καὶ
3167 308 3399 380 Πατρδς,
3431 309 3506 370 ὡς
3536 316 3626 363 xa‘

377 375 720 445 signaculum
743 377 1231 446 etimpressionem
1271 379 1560 433 Trinitatis
1592 395 1698 435 non
1757 381 1942 447 habet,

377 484 557 534 neque
599 469 826 534 gratiam
877 467 1132 537 Spiritus.
1185 470 1326 523 Inter
1357 485 1416 525 se
1449 471 1723 526 adha'rent
1764 472 1947 527 divina
2015 481 2018 484 ’

382 560 663 629 mysteria,
696 571 750 614 et
776 561 1234 630 quemadmodum
1263 579 1370 616 non
1396 563 1656 618 dividitur
1683 563 1945 628 Trinitas,

376 667 477 705 nec
526 653 842 706 dividuntur
888 654 1006 720 ejus
1052 653 1216 708 dona.
1261 653 1553 722 Postquam
1591 655 1757 725 igitur
1807 656 1948 710 hanc

374 743 681 797 orationem
716 743 942 814 perfecit
982 746 1312 815 patriarcha.
1350 761 1536 801 vocem
1582 747 1811 809 extollit,
1857 747 1951 802 ad-

375 833 511 891 dens
541 852 554 886 :
598 853 616 888 ι
656 834 889 892 Sanctus
919 854 999 900 es,
1033 839 1172 894 Dens
1204 851 1394 894 noster
1436 850 1489 894 et
1535 839 1588 894 in
1625 841 1830 896 sanctis
1857 855 1947 894 re-

381 925 620 986 uttiesc's
651 943 664 992 ;
709 945 726 977 ι
763 943 861 995 pro
898 929 1188 997 οιὶίιιιιιῐυεο
1229 946 1259 979 ιι
1286 930 1490 998 ystcrio
1520 929 1726 999 gralias
1760 945 1948 1000 agens.

383 1035 401 1069 ι
435 1016 762 1074 Sacrilicans
793 1020 959 1090 igitur
997 1031 1080 1076 est
1126 1030 1500 1091 unguentum,
1538 1030 1723 1090 utpote
1749 1023 1951 1092 gratias

381 1117 644 1176 praestans
680 1118 733 1165 et
784 1111 1114 1167 sanctissimi
1164 1113 1398 1184 Spiritus
1437 1115 1946 1170 sanctilicationem.

382 1201 585 1255 Deinde
615 1220 628 1255 :
668 1221 686 1254 ι
721 1201 828 1256 Pax
854 1204 1130 1270 omnibus,
1189 1225 1208 1257 ι
1251 1205 1444 1274 inquit.
1491 1207 1557 1261 Et
1589 1205 1715 1259 illud
1749 1221 1950 1263 conve-

382 1293 950 1363 nientissittte.\Pacis
994 1297 1136 1348 enim
1189 1297 1462 1364 praestilor
1503 1307 1586 1352 est
1634 1309 1857 1353 sanctus
1896 1306 1950 1352 et

384 1386 748 1441 suavissimus
777 1386 1034 1456 Spiritus.
1068 1387 1130 1440 Et
1163 1398 1448 1459 postquam
1480 1391 1745 1446 diaconus
1775 1391 1946 1446 dix’t:

385 1474 603 1543 «Capi'a
638 1487 824 1532 nostra
865 1477 1090 1534 Domino
1121 1480 1473 1545 int-lincmns,
1507 1483 1731 1537 inclinat
1759 1494 1944 1551 caput.

380 1564 605 1636 Oportet
633 1569 778 1621 enim
830 1571 884 1623 in
917 1570 1084 1625 lamis
1119 1571 1298 1636 donis,
1337 1573 1549 1627 demitti
1578 1583 1632 1628 et
1683 1573 1791 1627 Deo
1825 1590 1945 1642 gra-

379 1660 484 1716 tias
514 1675 696 1730 agere.
750 1661 816 1715 Et
849 1665 1143 1718 secundam
1191 1663 1340 1717 addit
1386 1664 1687 1718 orationem
1720 1684 1733 1719 :
1775 1684 1792 1716 ι
1833 1663 1951 1718 Tibi

377 1753 620 1806 omnium
657 1752 763 1806 Deo
785 1761 839 1807 et
867 1756 999 1824 regi.
1045 1774 1064 1807 ι
1100 1754 1311 1808 Collum
1342 1756 1525 1809 cordis
1558 1755 1762 1825 gratias
1791 1770 1954 1824 agen-

383 1850 467 1898 tes
499 1845 846 1899 inclinamus.
891 1845 1086 1901 Gratos
1125 1847 1174 1901 id
1228 1839 1432 1903 servos.
1471 1848 1650 1902 facere
1685 1849 1856 1903 decet.
1890 1849 1955 1900 Et

384 1938 595 2004 quare?
621 1936 780 2004 Quia,
820 1956 838 1989 ι
885 1953 1009 1992 cum
1044 1939 1247 2010 indigni
1290 1955 1533 1994 essemus
1565 1983 1579 2005 ,
1609 1941 1864 2005 dignatus
1893 1951 2011 1994 es

386 2044 487 2083 nos
537 2030 920 2100 mysteriorum
971 2040 1186 2085 tuorum
1239 2032 1518 2087 ministros
1545 2032 1780 2087 cﬂicerc.
1829 2052 1847 2085 ι
1891 2033 1957 2086 Ει

375 2136 505 2176 vere
535 2123 831 2176 maximum
866 2133 948 2177 est
987 2125 1227 2190 donum;
1273 2139 1373 2178 nos
1404 2125 1547 2178 enim
1587 2134 1871 2181 terrestres
1901 2135 1957 2181 et

378 2215 762 2283 corruptibiles
785 2215 1088 2269 caelestium
1122 2216 1402 2271 ministros
1424 2217 1620 2272 cll‘ecit.
1650 2236 1668 2268 ι
1700 2217 1763 2272 Et
1792 2220 1958 2274 mise~

379 2305 677 2360 ricordiarn
711 2314 858 2360 tttam
895 2308 1219 2362 conﬁtentes
1255 2324 1418 2376 quant
1452 2324 1614 2378 super
1657 2325 1755 2364 nos
1784 2311 1956 2364 abun-

383 2397 581 2449 danter
630 2395 892 2451 cﬂudisti.
945 2418 964 2451 ι
1017 2398 1154 2452 Ecce
1206 2412 1260 2453 et
1305 2416 1524 2454 rursum
1579 2402 1734 2454 docet
1788 2418 1958 2469 quare

353 2488 557 2572 .olemn
595 2491 987 2554 sanctilicetur,
1011 2507 1201 2560 nempe
1234 2492 1285 2548 in
1325 2493 1538 2562 signum
1575 2495 1959 2550 misericordiae

350 2603 357 2610 -
381 2579 768 2650 Dei.E/fudisti
789 2593 968 2637 autem
997 2583 1131 2637 dixit
1150 2593 1367 2653 propter
1394 2583 1652 2653 Spiritum
1684 2596 1956 2652 sanctum,

378 2689 541 2742 quem
594 2674 853 2743 promisit.
881 2689 980 2744 per
1035 2673 1237 2730 Joelem
1303 2677 1442 2732 sein
1492 2693 1707 2732 onmem
1738 2695 1956 2734 carnem

379 2765 703 2821 eﬂ‘usurum.
725 2766 828 2821 «Ut
853 2775 1049 2836 perte,
1079 2767 1273 2835 inquit,
1301 2769 1628 2838 recipiamus
1654 2771 1960 2826 sanctiﬁca-

387 2859 612 2923 tionem,
656 2871 916 2930 tanquam
958 2869 1297 2926 unguentum
1332 2863 1386 2916 in
1424 2865 1620 2932 capite.
1653 2878 1894 2919 oramus.
1935 2884 1954 2917 ι

2054 399 2146 451 τοῦ
2201 398 2334 452 Υίοῦ
2387 401 2552 455 αὐτοῦ
2616 401 2790 472 Ἰησοῦ
2843 402 3104 472 Χριστοῦ,
3165 403 3262 456 καὶ
3317 401 3412 455 τοῦ
3473 402 3633 470 ἁγίου

2057 491 2198 544 Πνεύ
2208 510 2395 558 ματος.
2417 495 2588 549 Τοῦτο
2609 497 2719 563 ἄρα
2739 498 2798 550 τδ
2823 501 2996 567 μύρον
3020 497 3222 550 τελειοῖ
3244 497 3304 548 τδ
3328 496 3608 564 βάπτισμα
3617 538 3633 561 υ

2057 582 2147 635 καὶ
2174 585 2274 651 τῆς
2298 586 2527 653 Τριάδος
2552 590 2712 649 ναοὺς
2747 590 2892 656 ἡμᾶς
2922 589 3322 657 ἀπεργάζεται.
3347 587 3447 641 Διὰ
3475 586 3635 640 τοῦτο

2059 673 2199 741 μετὰ
2248 676 2311 730 τὸ
2362 677 2645 748 βάπτισμα
2705 679 2944 734 δίδοται·
2993 681 3091 732 καὶ
3139 679 3239 748 τὴν
3293 679 3636 746 ὲπιφοίτησιν

2056 772 2285 839 χορηγεῖ
2313 770 2408 824 τοῦ
2449 771 2762 838 Πνεύματος
2791 771 2848 823 ἒν
2879 772 3036 839 ἡμῖν,
3065 771 3133 842 ἦν
3159 769 3362 834 ἔδειξεν
3389 771 3417 822 6
3444 768 3637 834 Σωτὴρ

2059 861 2455 931 βαπτιζόμενος
2486 865 2543 917 εν
2579 863 2657 932 τῷ
2703 862 2968 934 Ἰορδάνῃ.
3008 863 3118 917 Καὶ
3165 861 3256 915 διὰ
3301 861 3496 914 τούτου
3539 857 3637 914 τοῦ
3683 891 3686 893 λ

2059 954 2236 1024 μύρου
2279 957 2639 1021 πνευματικοὶ
2700 955 2797 1010 καὶ
2843 954 3278 1024 κεχαριτωμένοι
3342 953 3635 1023 γινόμεθα,

2057 1049 2150 1103 καλ⁸
2169 1050 2236 1116 τῇ
2263 1048 2381 1118 θείᾳ
2406 1049 2601 1118 Τριὰδι
2631 1048 3086 1118 ἐσφραγισμένοι.
3127 1044 3498 1113 Ἀγιαζόμεθα
3533 1047 3634 1112 μὲν

2057 1143 2166 1212 γὰρ
2193 1143 2286 1196 καὶ
2315 1141 2694 1211 καθαιρόμεθα
2719 1143 2811 1196 καὶ
2834 1138 3260 1206 ἁναγεννὼμεθα
3289 1139 3347 1188 ἐν
3383 1137 3458 1206 τῷ
3495 1137 3637 1205 ἁγίῳ

2058 1231 2210 1286 ὕδατι
2230 1235 2295 1301 τῇ
2320 1233 2522 1297 ταύτης
2538 1231 2820 1300 ὀνομασία.
2840 1231 2938 1284 aut
2959 1231 3051 1282 τοῦ
3077 1228 3246 1298 μύρου
3271 1226 3444 1295 δὲτὴν
3465 1243 3637 1294 σφρα-

2059 1325 2182 1389 γῖδα
2209 1323 2412 1392 ταύτης
2445 1325 2536 1377 καὶ
2557 1323 2654 1388 τὰς
2689 1324 2895 1390 δωρεὰς
2925 1323 3292 1391 λαμϐάνομεν.
3313 1322 3422 1373 Ka‘:
3447 1319 3635 1385 ὥσπερ

2057 1416 2085 1467 6
2119 1413 2193 1481 μὴ
2241 1413 2562 1482 βαπτισθεὶς
2613 1415 2672 1466 ού
2725 1413 3068 1481 καθαίρεται,
3102 1412 3223 1466 οὐδὲ
3273 1411 3633 1478 ἁναγεννᾶται

2057 1504 2136 1566 είς
2161 1504 2259 1572 τὴν
2282 1501 2427 1572 ζωὴν
2467 1505 2564 1573 τὴν
2587 1501 2825 1556 αίώνιον·
2845 1502 3019 1566 οὕτως
3041 1504 3068 1556 6
3098 1502 3235 1571 μετὰ
3261 1501 3320 1552 τὸ
3350 1500 3634 1567 βάπτισμα

2061 1593 2134 1663 μὴ
2161 1593 2401 1664 χρισθελς
2426 1593 2487 1646 ού
2517 1592 2614 1662 τὴν
2643 1595 2910 1662 σφραγῖδα
2939 1594 3034 1648 καὶ
3065 1593 3371 1662 σημείωσιν
3397 1591 3510 1660 ἔχει
3537 1591 3637 1654 τῆς

2059 1688 2220 1753 ἁγίας
2285 1688 2540 1758 Τριὰδος,
2565 1687 2686 1740 οὐδὲ
2714 1686 2817 1756 91
2850 1687 2948 1756 τὴν
2979 1687 3140 1756 χάριν
3170 1685 3263 1739 τοῦ
3298 1682 3633 1750 Πνεύματος.

2069 1779 2340 1849 Ἀλλήλων
2369 1779 2478 1849 γὰρ
2505 1779 2720 1848 ἔχονται
2749 1780 2815 1831 τὰ
2843 1779 2962 1832 θεῖα
2999 1778 3277 1846 μυστήρια
3309 1777 3405 1829 καὶ
3439 1774 3631 1842 ὥσπερ

2057 1871 2357 1942 ἀδιαίρετος
2388 1873 2421 1942 ἠ
2454 1870 2645 1940 Τριὰς,
2677 1873 2770 1923 καὶ
2799 1871 2869 1924 τὰ
2903 1869 3105 1940 ταύτης
3131 1869 3458 1939 δωρήματα.
3483 1865 3637 1919 Ταύ-

2055 1983 2155 2036 την
2193 1965 2284 2019 οὖν
2314 1964 2414 2034 τὴν
2446 1965 2608 2036 εὐχὴν
2639 1963 2932 2025 τελειώσας
2963 1965 2991 2015 6
3046 1963 3412 2032 πατριάρχης,
3453 1961 3636 2028 ἐκφω-

2058 2062 2155 2124 νεϊ,
2213 2057 2503 2123 ἐπιλέγων,
2536 2075 2555 2107 ι
2594 2055 2717 2109 Ὀτι
2762 2055 2915 2120 ἁγιος
2968 2048 3020 2106 εἴ
3065 2056 3092 2106 6
3141 2054 3274 2116 Θεὸς
3333 2053 3493 2125 ἡτῶν
3541 2053 3637 2107 καὶ

2057 2150 2231 2218 ἁγίοις
2268 2135 2618 2220 ἐπαναπαύῃ,
2661 2167 2680 2200 ι
2715 2146 3019 2208 ἀκολούθως
3055 2145 3131 2214 τῷ
3165 2145 3450 2216 μυστηρίῳ
3475 2145 3643 2214 τύχα.-

2063 2239 2282 2307 ριστῶν.
2323 2239 2668 2304 Ἀγιαστικδν
2716 2239 2827 2307 γὰρ
2871 2239 2931 2291 τὸ
2985 2237 3158 2306 μύρον
3190 2236 3266 2299 ὡς
3300 2237 3637 2305 παρεκτικὸν

2058 2327 2166 2378 τῶν
2200 2327 2439 2397 χαρίτων
2472 2327 2566 2380 καὶ
2594 2327 2688 2379 τοῦ
2720 2325 2995 2396 ἁγιασμοῦ
3029 2325 3124 2378 τοῦ
3159 2325 3425 2392 παναγίου
3464 2324 3638 2378 Πνεύ-

2063 2437 2251 2486 ματος.
2305 2419 2455 2484 Εἶτα,
2500 2437 2519 2470 ι
2557 2419 2760 2490 Είρήνη
2813 2421 2972 2483 πᾶσι,
3025 2437 3044 2471 ι
3097 2418 3254 2489 φησί.
3310 2418 3422 2471 Καὶ
3478 2416 3639 2470 τοῦτο

2059 2509 2353 2577 ἁρμοδίως.
2426 2511 2662 2578 Είρήνης
2730 2509 2838 2579 γὰρ
2902 2508 3141 2578 χορηγὸν
3205 2507 3268 2560 τὸ
3329 2505 3487 2570 eset;
3541 2506 3638 2559 καὶ

2043 2591 2394 2670 ⁴ἱλειιριίιιτατον
2442 2601 2683 2668 Πνεῦμα.
2731 2601 2842 2653 Kai.
2902 2599 2995 2652 τοῦ
3049 2599 3299 2653 διακόνου
3365 2599 3635 2663 εἰπόντος,

2065 2713 2084 2746 ι
2119 2695 2230 2756 Ta;
2257 2693 2496 2760 κεφαλὰς
2530 2692 2689 2763 ἡμῶν
2722 2691 2801 2761 τῷ
2836 2691 3023 2762 Κυρίῳ
3071 2690 3366 2759 κλίνωμεν,
3401 2708 3420 2741 ›
3461 2689 3633 2743 κλίνει

2059 2788 2160 2854 τὴν
2190 2787 2453 2854 κεφαλήν.
2487 2787 2578 2838 Δεῖ
2605 2785 2711 2853 γὰρ
2743 2785 3073 2838 ὑποπίπτειν
3111 2784 3169 2836 ἐν
3206 2784 3319 2846 τοῖς
3357 2781 3500 2835 οὕτω
3533 2798 3630 2850 με·

2061 2877 2266 2942 γίστοις
2309 2874 2524 2940 δώροις,
2578 2874 2674 2925 καὶ
2719 2873 3064 2942 εὐχαριστεῖν
3094 2871 3171 2939 τῷ
3206 2870 3358 2940 Θεῷ*
3409 2869 3500 2922 καὶ
3529 2866 3627 2936 τὴν

381 2949 523 3005 Ecce
550 2959 634 3004 est
685 2951 948 3020 unguenti
997 2952 1158 3022 bttjus
1190 2956 1384 3008 eximia
1414 2956 1608 3019 virtus,
1645 2957 1956 3012 sanctiﬁca-

2059 2969 2319 3037 δευτέραν
2362 2967 2606 3033 ἐπιλέγει
2633 2966 2795 3035 εὐχήν
2821 2980 2833 2994 ⁸
2875 2983 2894 3015 ι
2938 2965 3029 3017 Σοὶ
3060 2963 3138 3031 τῷ
3187 2963 3308 3031 Θεῷ
3352 2961 3461 3014 τῶν
3496 2959 3632 3013 ὅλων

388 3041 487 3096 ιὶο.
536 3061 554 3094 ι
597 3040 797 3110 Quare,
834 3044 930 3105 ait.
960 3059 1295 3112 unguentum
1330 3047 1550 3101 nomine
1581 3058 1846 3102 mutatum
1877 3059 1961 3104 est

386 3147 441 3192 ct
489 3152 686 3192 nomen
735 3137 946 3208 accepit
997 3139 1258 3209 unigeniti
1305 3137 1428 3193 Filii
1469 3141 1581 3205 tui,
1614 3140 1816 3195 Christi
1865 3140 1958 3195 Dei

299 3290 302 3293 ,
385 3229 585 3293 nOSIri,
625 3228 676 3282 in
713 3245 820 3298 quo
852 3231 1030 3283 omnis
1062 3229 1301 3283 mundus
1329 3230 1567 3284 salvatus
1592 3240 1696 3293 est,
1736 3231 1854 3285 sive
1876 3231 1957 3285 vi-

2056 3062 2148 3113 καὶ
2180 3059 2392 3128 βασιλεῖ
2434 3058 2525 3110 τὸν
2557 3057 2764 3124 αὐχένα
2793 3056 2894 3124 τῆς
2921 3043 3146 3126 ιῗαρδίας
3173 3053 3631 3125 εὐχαριστοῦντες

2055 3153 2345 3220 ὲκλίναμεν
2366 3192 2380 3206 .
2419 3168 2440 3202 ι
2473 3149 2644 3202 Τοῦτο
2672 3149 2778 3217 γὰρ
2814 3149 2933 3201 δέον
2971 3149 3099 3211 τοὺς
3127 3147 3487 3216 εὐχαρίστους
3515 3144 3635 3200 δού-

2055 3245 2180 3304 λους
2216 3243 2411 3296 ποιεῖν.
2445 3240 2551 3293 Καὶ
2579 3240 2740 3302 ,τίνος
2793 3237 2988 3308 χάριν;
3026 3256 3046 3289 ι
3097 3237 3242 3291 Ἀνθ’
3278 3231 3354 3291 ὧν
3381 3235 3638 3302 ἀναξίους

385 3320 600 3384 sibilis,
653 3321 767 3373 sive
816 3318 1122 3372 invisibilis.
1171 3337 1189 3370 ι
1254 3317 1294 3370 Ε
1347 3319 1562 3374 cantico
1612 3321 1954 3374 canticorum

2059 3334 2213 3392 ὂντας
2244 3332 2410 3400 ἡμᾶς,
2449 3329 2726 3387 διακόνους
2757 3325 3010 3393 γενέσθαι
3047 3325 3156 3376 τῶν
3184 3324 3345 3377 θείων
3383 3339 3476 3376 σου
3510 3320 3635 3374 τού-

393 3413 657 3483 hymnum
699 3411 966 3466 orationis
1006 3411 1215 3465 cmlesli
1255 3419 1308 3466 et
1353 3411 1548 3465 festivo
1588 3420 1642 3466 et
1687 3413 1954 3476 odoratis-

390 3504 533 3561 simo
575 3505 879 3558 animarum
915 3502 1126 3570 Sponso
1157 3503 1399 3556 concinit
1452 3504 1719 3574 pontifex.
1753 3505 1958 3563 Deinde

384 3610 701 3664 assurgens,
730 3609 912 3647 vocem
946 3594 1158 3647 extollit
1199 3611 1214 3647 :
1253 3593 1358 3649 «Tc
1389 3596 1542 3650 decet
1575 3611 1743 3666 super
1772 3601 1954 3654 omnia

389 3689 660 3751 adoratio,
710 3674 926 3741 Patrem
968 3697 1020 3740 et
1071 3686 1268 3740 Filium
1300 3696 1354 3741 et
1400 3687 1665 3758 Spiritum
1702 3699 1952 3745 sanctum

383 3792 438 3837 et
464 3796 609 3835 nunc
638 3793 689 3834 et
721 3796 934 3849 semper
964 3791 1018 3835 et
1048 3780 1102 3834 in
1135 3779 1332 3835 szccula
1360 3780 1736 3836 seculorum.»
1770 3782 1825 3836 ld
1853 3794 1954 3847 est,

382 3887 439 3930 tu
471 3875 621 3931 solus
665 3873 976 3930 adorandus
1008 3888 1067 3927 es
1094 3882 1147 3927 et
1181 3888 1342 3944 nemo
1402 3873 1560 3938 alius,
1595 3883 1646 3927 et
1675 3891 1862 3930 omnes
1887 3886 1955 3929 .tu

384 3966 722 4032 sanctiﬁcas,
754 3974 806 4020 et
862 3965 954 4018 tibi
1007 3967 1071 4018 ab
1115 3965 1372 4019 omnibus
1420 3964 1648 4019 debetur
1683 3967 1952 4025 adoratio.

380 4058 476 4112 τοῦ
535 4059 711 4127 Ἰωήλ.

381 4154 536 4224 καὶὴ
573 4151 665 4206 τοῦ
699 4152 871 4223 μύρου
930 4152 1207 4222 ἐξαίρετος
1261 4153 1491 4222 δύναμις
1579 4159 1608 4209 6
1669 4157 1739 4222 ἁγ
1766 4159 1962 4226 ασμός.
2003 4176 2020 4208 ι
2063 4157 2230 4221 Διό-ει,
2290 4155 2444 4223 φησὶ,

2063 3443 2170 3478 των
2198 3422 2547 3492 κατηξίωσας
2576 3417 2916 3488 μυστηρίων.
2958 3435 2976 3468 ι
3017 3416 3126 3468 Καὶ
3173 3415 3346 3477 ὄντως
3379 3413 3440 3467 τὸ
3469 3412 3640 3481 δῶρον

2067 3515 2342 3586 μέγιστον.
2366 3513 2506 3575 Τοὺς
2534 3512 2758 3582 γηῖνους
2805 3509 2914 3579 γὰρ
2969 3507 3064 3561 καὶ
3120 3504 3396 3576 φθαρτοὺς
3431 3501 3642 3570 ὑπηρέ-

2060 3625 2159 3670 τας
2218 3603 2466 3668 ὑπέδειξε
2524 3602 2633 3655 τῶν
2681 3599 3044 3670 ἐπουρανίων.
3095 3616 3114 3650 ι
3178 3598 3286 3652 Καὶ
3333 3599 3423 3648 τδν
3487 3594 3638 3647 ἔλεόν

2065 3717 2158 3753 σου
2189 3697 2570 3767 κηρύττοντες,
2600 3693 2658 3746 ὃν
2687 3692 2770 3762 ἐφ’
2823 3692 2972 3761 ἡμᾶς
3007 3689 3280 3750 πλουσίως
3325 3688 3569 3757 ἐξέχεας.
3609 3702 3631 3737 ι

2069 3788 2198 3842 Ἰδοὺ
2232 3787 2325 3839 καὶ
2353 3784 2514 3837 πάλιν
2541 3783 2806 3847 διδάσκει,
2825 3782 2969 3835 διατί
3002 3781 3062 3833 τδ
3100 3781 3280 3832 ἔλαιον
3310 3777 3594 3846 ἁγιάζεται
3615 3791 3630 3806 ⁸

2056 3879 2137 3931 ὅτι
2175 3877 2253 3937 είς
2320 3873 2468 3927 θείου
2522 3873 2695 3926 τύπον
2752 3871 2956 3933 ἐλέους.
2985 3870 3060 3922 Τὸ
3108 3870 3164 3922 δὲ
3213 3870 3405 3939 ἐκχέαι
3457 3867 3546 3921 διὰ
3580 3867 3638 3920 τδ

2058 3970 2302 4038 Πνεῦμα,
2334 3968 2470 4034 ὅπερ
2511 3961 2665 4018 εἶπεν
2717 3965 2907 4034 ἐκχέαι
2959 3961 3054 4014 ἐπὶ
3109 3964 3288 4014 πᾶσαν
3326 3961 3502 4031 σάρκα
3551 3959 3638 4010 διὰ

803 4077 820 4109 t
871 4058 1158 4123 Δέξασθαι,
1227 4059 1362 4125 φησὶ
1413 4058 1564 4126 ποιρὰ
1631 4058 1722 4111 σοῦ
1772 4062 1861 4114 τὸν
1904 4064 2190 4132 ἁγιασμὶν,
2259 4063 2335 4123 ὡς
2389 4058 2558 4130 μύρον
2608 4057 2700 4108 ἐπὶ
2745 4055 2988 4124 κεφαλῆς
3041 4053 3381 4122 ἱκετεύομεν.
3435 4072 3453 4105 ι
3505 4051 3634 4104 Ἰδοὺ

2524 4151 2696 4221 μύρον
2745 4147 3047 4202 ὲκκενωθὲν
3095 4145 3272 4215 ὄνομα.
3331 4143 3410 4214 τῷ
3476 4159 3632 4213 μονο-

393 4254 542 4320 γενεῐ
569 4267 664 4304 σου
693 4249 830 4317 Υἱῷ,
876 4250 1094 4319 Χριστῷ
1129 4251 1206 4320 τῷ
1232 4249 1351 4320 Θεῷ
1385 4251 1554 4320 ἡμῶν,
1585 4253 1642 4303 ὲν
1665 4245 1709 4318 ᾧ
1738 4253 1959 4319 σύμπας
1992 4253 2020 4305 6
2049 4253 2252 4322 κόσμος
2283 4249 2663 4312 εὐωδιάζεται,
2725 4247 2847 4310 ὅσος
2897 4245 3089 4314 ὁρατὸς
3138 4246 3234 4297 καὶ
3279 4244 3403 4306 ὅσος
3463 4241 3632 4308 ἀόρα-

380 4359 472 4405 τος
505 4341 611 4395 ἀπὸ
655 4339 748 4393 τοῦ
811 4339 1092 4410 ’ᾼσματος
1139 4341 1248 4393 τῶν
1298 4343 1594 4410 ἁσμάτωνο
1654 4341 1743 4393 τὶν
1817 4340 1985 4411 ὕμνον
2048 4342 2148 4410 τῆς
2203 4341 2368 4410 εὐχῆς
2412 4339 2490 4407 τῷ
2542 4335 2777 4406 οὐρανίῳ
2817 4337 2910 4389 καὶ
2952 4335 3140 4404 ὡραίῳ
3172 4333 3637 4399 καὶεὺωδεστάτῳ

385 4436 496 4491 τῶν
549 4436 741 4507 ψυχῶν
796 4437 1016 4507 νυμφίῳ
1070 4435 1361 4505 προσάγων
1405 4437 1432 4487 6
1482 4435 1797 4506 ἀρχιερεύς.
1869 4432 2002 4489 Εῐτα
2041 4435 2337 4500 ἐξαναστὰς
2391 4435 2664 4502 ἐκφωνεῖ·
2733 4449 2752 4483 ι
2818 4432 2940 4484 Ὀτι
3004 4433 3205 4499 πρέπει
3261 4447 3343 4483 σοι
3392 4431 3423 4499 ἡ
3485 4429 3634 4497 παρὰ

381 4534 559 4588 πάντα
621 4533 996 4604 προσκύνησις
1039 4527 1117 4603 τῷ
1163 4534 1336 4600 lla-cpt
1370 4534 1464 4584 καὶ
1494 4533 1572 4602 τῷ
1622 4533 1730 4601 Υἱῷ
1756 4533 1849 4587 καὶ
1879 4533 1956 4602 τῷ
1983 4535 2124 4602 ἁγίῳ
2156 4535 2453 4602 Πνεύματι,
2487 4530 2580 4583 νῦν
2612 4531 2705 4583 καὶ
2735 4531 2822 4584 ἀεὶ
2856 4529 2952 4582 καὶ
3019 4530 3100 4592 είς
3147 4529 3273 4589 τοὺς
3335 4528 3554 4588 αίῶνας.
3595 4542 3614 4575 ι

379 4629 661 4690 Ἰὀυτέστι,
695 4626 765 4678 Σ)
792 4628 953 4696 μόνος
998 4625 1397 4696 προσκυνητὸς,
1437 4626 1532 4679 καὶ
1564 4625 1738 4688 οὐδεὶς
1777 4625 1956 4691 ἄλλος,
1999 4627 2094 4678 καὶ
2116 4627 2324 4687 πάντας
2355 4625 2419 4676 σὺ
2454 4623 2723 4691 ἁγιάζεις,
2760 4623 2853 4676 καὶ
2882 4623 2914 4692 ή
2947 4618 3099 4690 παρὰ
3155 4620 3373 4674 πάντων
3430 4617 3639 4689 ὀφείλε.

343 4721 471 4774 ,ταί
505 4736 585 4772 σοι
624 4717 1016 4789 προσκύνησις.

917 4827 1148 4884 CAPUT
1189 4827 1422 4884 LXXIV.

387 4945 546 5011 Quod
578 4955 756 4994 omnes
801 4938 1009 5011 quidem
1053 4939 1234 5008 ﬁdeles
1268 4949 1611 5006 unguentum,
1639 4937 1737 4992 soli
1782 4951 1955 4993 aulcm

459 5013 690 5081 episcopi
722 5019 770 5064 et
807 5009 1104 5063 sacerdotes
1139 5011 1522 5079 impositionem
1549 5026 1806 5063 manuum
1833 5027 1956 5065 sus-

448 5085 668 5150 cipiunt.

452 5179 550 5233 His
574 5177 717 5232 actis
751 5185 805 5230 et
835 5175 1015 5236 dictis,
1050 5184 1381 5243 unguentum
1409 5174 1517 5243 jam
1551 5189 1716 5244 super
1747 5190 1956 5229 sacram

378 5285 626 5323 mensam
661 5278 1043 5322 consectatum
1077 5275 1161 5320 est
1191 5274 1243 5320 et
1265 5279 1330 5318 ex
1357 5279 1420 5317 eo
1447 5270 1623 5319 omnis
1657 5267 1960 5334 baptizatus

378 5371 434 5418 et
489 5360 768 5428 unguitur,
824 5370 880 5413 et
930 5357 1178 5427 signatus
1227 5355 1642 5424 sanctiﬁcalur;
1679 5367 1731 5410 et
1764 5368 1952 5411 sancta

376 5468 502 5506 cum
535 5451 754 5520 templis
803 5450 994 5504 altaria
1032 5452 1251 5502 inuncta
1285 5456 1678 5501 consecrantur
1709 5456 1762 5500 et
1796 5447 1952 5515 plena

377 5543 512 5597 ﬁunt
541 5543 712 5612 gloria
751 5540 842 5594 Dei
871 5550 926 5594 et
957 5541 1266 5594 sanctitate.
1307 5540 1378 5592 Et.
1400 5554 1549 5608 rcges
1571 5538 1767 5592 deinde
1801 5537 1950 5591 uncti

377 5636 433 5692 itt
481 5635 716 5690 cbristos
788 5632 998 5688 Domini
1052 5641 1485 5696 Consecrantur,
1539 5640 1590 5683 ct
1635 5637 1950 5684 sanctorum

1983 4833 2046 4888 ι).

2633 4789 2884 4878 ΚεφΑΑ.
2930 4821 3050 4878 ω’.

2065 4942 2196 4994 Ὀτι
2227 4943 2425 4993 πιστοί
2452 4938 2568 5006 μὲν·
2591 4937 2814 5004 πάντες
2837 4940 2904 4992 τὸ
2924 4941 3120 5007 μύρον
3142 4936 3441 5007 δέχονται,
3467 4941 3641 5007 μόνοι

2137 5011 2204 5063 δὲ
2229 5011 2386 5132 παρὰ
2411 5009 2644 5075 πάντας
2669 5006 2964 5078 ἀρχιερεῖς
2987 5006 3050 5062 re
3073 5006 3171 5060 καί
3194 5010 3369 5076 ἱερεῖς
3392 5006 3507 5078 τὴν
3529 5025 3643 5078 χει-

2129 5098 2314 5148 ροτον
2341 5098 2438 5133 αν.

2137 5173 2355 5224 Τούτων
2401 5173 2756 5240 πραχθέντων
2797 5175 2892 5225 καὶ
2939 5173 3315 5242 λαληθέντων,
3363 5175 3423 5225 τὸ
3471 5176 3642 5242 μύρον

2067 5264 2170 5334 ἤδη
2201 5264 2295 5315 ἐπὶ
2324 5265 2420 5331 τῆς
2455 5265 2606 5332 ἱερᾶς
2635 5265 2917 5334 τραπέζης
2945 5265 3330 5333 τετελεσμένον
3361 5265 3510 5317 ἐστι·
3547 5262 3641 5316 καὶ

2065 5356 2122 5420 ἐξ
2149 5353 2318 5407 αὑτοῦ
2353 5357 2459 5418 πᾶς
2488 5357 2812 5426 βαπτισθεὶς
2841 5356 2936 5409 καὶ
2967 5357 3217 5426 χρίεται,
3255 5359 3343 5407 καὶ
3375 5354 3641 5424 σημειού-

2041 5438 2566 5522 ⁹μενοςέἁγιόιζζεται.
2605 5447 2714 5500 Καὶ
2748 5447 2816 5499 ea
2854 5447 2977 5516 ίερὰ
3015 5447 3112 5499 σὺν
3147 5449 3260 5509 τοῖς
3295 5447 3446 5508 ναοῖς
3480 5445 3640 5515 χριό-

2065 5551 2235 5602 μενα,
2279 5537 2624 5605 καθιερυῦται
2668 5539 3067 5608 θυσιαστήρια,
3113 5539 3208 5589 καὶ
3255 5537 3440 5606 πλήρη
3483 5536 3641 5603 δόξης

2062 5630 2195 5681 Θεοὺ
2227 5629 2319 5681 καὶ
2350 5628 2624 5720 ἁὸγιασμοῦ
2659 5630 2886 5698 γίνεται.
2923 5630 3032 5683 Καὶ
3063 5629 3303 5700 βασιλεῖς
3335 5628 3391 5681 δὲ
3421 5629 3485 5680 ὲκ
3512 5627 3636 5681 δευο
