4114 6272
282 383 287 389 ¹
307 286 413 349 949

1517 300 1616 360 DE
1649 299 1942 360 SANCTO
1987 301 2430 368 UNGUENTO.

3486 313 3594 376 25-0

306 413 468 470 Ιιιερου
518 401 818 473 χριόμενοι,
866 403 946 467 εἰς
990 411 1242 476 χριστοῦς
1292 411 1496 482 Κυρίου
1544 413 1898 479 τελειοῦνται,

2015 419 2289 489 principes
2338 423 2736 479 ostenduntur.
2775 424 3072 481 Pontiﬁces
3114 439 3293 483 autem
3325 439 3376 482 et
3408 445 3594 485 sacer-

305 494 406 548 καὶ
434 495 545 546 τῶν
578 496 818 549 εὐσεϐῶν
849 499 1109 567 ἄρχοντες
1143 504 1578 560 ἁναδείκνυνται.
1612 507 1674 558 Οί
1707 507 1899 576 ἀρχιε-

308 588 426 658 ρεῖς
456 587 514 641 δὲ
543 590 635 641 καὶ
670 589 834 658 ἱερεῖς
866 592 1016 661 μόνοι
1046 597 1111 666 τῇ
1145 597 1448 668 χειροτονίᾳ
1476 598 1758 652 τελοῦνται
1785 639 1800 662 ,
1834 599 1900 668 ἢν

306 678 373 748 δὴ
409 677 534 732 οὔτε
565 678 859 748 βασιλεὺς,
891 681 1014 738 οὔτε
1053 688 1286 757 μοναχδς
1316 689 1647 758 ἐπιδέχεται.
1688 690 1815 762 Ἰδίᾳ
1843 691 1900 744 δὲ

305 769 448 842 αὕτη
475 773 508 842 ὴ
535 775 696 841 χάρις
722 775 860 840 ἐστὶ,
889 777 982 830 καὶ
1006 779 1106 846 τῆς
1133 783 1480 851 παντουργοῦ
1509 786 1601 836 καῖ.
1627 785 1906 837 ἀναπλατ-

306 866 520 934 τούσης
555 867 649 919 καὶ
687 866 1025 938 ἁγιαζούσης
1057 869 1126 923 τὰ
1161 873 1341 928 πάντα
1373 874 1678 942 δυνάμεως.
1711 877 1904 944 Ὅμως

229 1002 239 1006 -
310 956 364 1008 εί
404 956 719 1024 ἐξετάσεις,
758 958 986 1021 καὶτὰς
1024 963 1365 1032 χειροτονίας
1405 967 1460 1018 ὲν
1495 965 1574 1037 τῷ
1619 966 1781 1038 μύρῳ
1815 986 1904 1019 τε-
1948 1012 1953 1016 ,

312 1047 640 1117 λειουμένσς
668 1049 804 1118 εύρή
814 1065 947 1112 σεις.

383 1142 702 1220 Κληρικός.
741 1142 1052 1212 Ἔγνωμεν,
1083 1143 1343 1211 δέσποτα,
1379 1148 1507 1217 περὶ
1536 1147 1645 1200 τῶν
1676 1149 1904 1219 εἰρημέ-

313 1252 423 1289 νων
451 1233 720 1305 ἀκριϐῶς,
752 1236 851 1290 καὶ
882 1237 1225 1306 εὐφροσύνης
1253 1239 1606 1310 ὲπλήσθημεν
1632 1258 1647 1272 ·
1683 1243 1778 1294 καὶ
1809 1243 1907 1311 χά-

316 1344 404 1396 ρις
427 1327 506 1398 τῷ
535 1329 852 1398 ὲνεργοῦντι
882 1331 1056 1383 ταῦτα
1087 1330 1156 1384 δι’
1179 1331 1324 1401 ἡμᾶς
1357 1332 1496 1402 Θεῷ.
1529 1334 1819 1403 Τράνωσον
1849 1335 1903 1387 δὲ

314 1422 450 1491 ἡμῖν
479 1423 572 1476 καὶ
601 1423 732 1494 περὶ
757 1423 867 1476 τῶν
897 1424 1024 1492 ἑξῆς
1047 1439 1062 1454 ⁶
1096 1423 1191 1478 καὶ
1218 1425 1379 1479 τοῦτο
1411 1427 1612 1495 μᾶλλον
1643 1428 1671 1495 ὃ
1707 1427 1801 1480 νῦν
1831 1428 1907 1480 εί-

318 1531 495 1585 ρηκας
521 1515 783 1586 δήλωσον,
815 1523 932 1581 πῶς
962 1523 1057 1574 καὶ
1089 1522 1144 1574 ul
1175 1523 1509 1598 χειροτονίαι
1539 1525 1595 1574 ἐν
1626 1523 1704 1594 τῷ
1745 1521 1904 1594 μύρῳ

314 1606 582 1675 γίνονται.
883 1643 888 1646 -

898 1703 1152 1757 ΚΕΦΑΛ.
1195 1705 1316 1759 OE’.

319 1810 453 1867 Ὀτι
487 1812 564 1868 δι’
587 1813 1183 1887 ἀλλήλωννδίδονται
1215 1820 1289 1872 τὰ
1316 1816 1656 1887 μυστήρια,
1689 1820 1786 1874 καὶ
1828 1819 1903 1874 δι’

742 1886 1038 1952 ἀλλήλων
1077 1889 1470 1944 τελειοῦνται.

402 1975 748 2046 Ἆρχιερεύς.
778 1979 896 2032 Ἵνα
931 1981 963 2050 ὴ
999 1980 1220 2050 διαδοχὴ
1256 1983 1343 2036 ἀεὶ
1377 1985 1513 2056 μένῃ
1549 1984 1647 2054 τῆς
1683 1983 1903 2054 χάριτος

317 2067 430 2120 ἀπὸ
460 2068 554 2121 τοῦ
589 2070 827 2140 Χριστοῦ
863 2073 942 2134 είς
977 2075 1151 2142 ἡμᾶς,
1185 2073 1308 2134 οὔτε
1345 2075 1404 2128 τὺ
1441 2077 1612 2146 μύρον
1645 2077 1770 2146 δίχα
1803 2074 1902 2142 μύ-

317 2175 418 2228 {ou
445 2159 681 2216 τελεῖται
702 2203 717 2223 .
752 2161 879 2217 οὔτε
907 2167 1214 2236 χειροτονία
1247 2171 1417 2238 χωρὶς
1450 2170 1542 2223 tot”)
1579 2170 1773 2240 μύρου.
1809 2170 1904 2222 Διὸ

317 2253 412 2305 καὶ
441 2254 474 2320 ὴ
510 2252 779 2322 ἱερωσύνη
809 2258 868 2308 ὲν
897 2256 976 2327 τῷ
1012 2259 1170 2328 μύρῳ
1198 2261 1434 2328 γίνεται.
1465 2260 1573 2331 92
1609 2262 1716 2314 Καὶ
1745 2259 1904 2315 τοῦτο

315 2343 502 2415 γνώσῃ
535 2344 784 2402 ἐντεῦθεν
809 2365 823 2379 ·
855 2351 911 2402 ἐν
939 2350 1016 2420 τῷ
1050 2351 1426 2423 θυσιαστηρίῳ
1458 2355 1777 2425 προτίθεται
1811 2358 1904 2408 καὶ

315 2452 346 2486 τ
380 2435 552 2489 λεϊται
581 2437 642 2490 τὸ
679 2438 870 2509 μύρον.
907 2442 1091 2511 Χωρὶς
1125 2442 1181 2495 δὲ
1217 2443 1609 2516 θυσιαστηρίου
1645 2447 1704 2498 ού
1739 2445 1902 2499 δυνα-

319 2528 408 2577 ιὶν
437 2528 781 2600 τελεσθῆναι.
816 2532 888 2584 Τὸ
920 2532 1310 2603 θυσιαστήριον
1341 2536 1396 2589 δὲ
1427 2537 1906 2608 προκεχρισμένον

321 2619 437 2672 tri
473 2621 551 2692 τῷ
599 2622 780 2694 μύρῳ,
827 2627 921 2678 καὶ
964 2625 1032 2679 δι’
1059 2628 1225 2681 αὑτοῦ
1269 2629 1660 2697 καθηγίασται.
1699 2631 1788 2682 Ἑν
1830 2628 1906 2700 τῷ

325 2711 480 2782 μύρῳ
517 2713 627 2784 ἄρα
660 2715 724 2769 τὸ
761 2716 932 2789 μύρον
967 2719 1300 2774 ὲκτελεῖται.
1337 2721 1447 2774 Καὶ
1483 2721 1647 2774 πάλιν
1680 2722 1767 2775 διὰ
1804 2722 1898 2775 τοῦ

321 2805 629 2878 ἀρχιερέως
655 2810 716 2862 τὺ
748 2811 917 2882 μύρον
952 2813 1322 2883 ίερουργεῖται
1348 2829 1360 2843 ·
1400 2810 1693 2885 καιχωρὶς
1725 2818 1906 2888 ἀρχιε-

320 2899 466 2968 ρέως
495 2901 554 2954 ού
589 2902 838 2959 δυνατόν.
875 2897 1042 2969 Οὗτος
1071 2907 1125 2960 δὲ
1157 2910 1522 2978 κεχρισμένος
1549 2910 1626 2980 τῷ
1661 2911 1816 2981 μύρῳ
1848 2913 1904 2964 ἐν

317 2991 400 3061 τῷ
431 2992 772 3064 βαπτίσματι
794 3035 808 3058 ,
838 2997 934 3051 καὶ
963 3001 1300 3069 χειροτονίαν
1329 3001 1470 3071 ἔχων
1497 3007 1562 3073 τῇ
1596 3003 1783 3073 χάριτι
1811 3003 1906 3056 τοῦ

1932 1762 1980 1822 Β

2005 509 2161 564 dotes
2203 512 2304 566 soli
2359 512 2706 569 ordinatione
2731 529 3162 585 consecrantur;
3200 535 3362 587 quam
3415 537 3600 590 neque

2007 617 2100 656 rex
2136 620 2316 673 neque.
2347 609 2651 662 monachus
2688 609 2996 677 accipiunt.
3029 611 3105 665 Ea
3143 622 3323 666 autem
3356 625 3435 669 est
3481 616 3594 669 sin-

2005 691 2214 760 gularis
2261 695 2434 763 gratia
2466 706 2516 748 et
2555 697 2716 766 hujus
2762 699 3425 770 virtutisomnipotentis
3473 720 3596 772 qua».

2005 781 2188 834 omnia
2223 781 2424 837 format
2452 795 2504 839 et
2553 787 2882 844 sanctiﬁcat.
2923 793 3193 856 Attamen,
3231 793 3278 848 si
3323 795 3592 866 inquiras,

2005 884 2058 929 et
2085 875 2462 933 ordinationes
2491 878 2545 933 in
2581 881 2703 936 oleo
2741 895 3093 938 consecratas
3126 886 3395 943 invenies.

2077 1157 2338 1213 Clericus.
2371 1155 2656 1223 Nuvimus,
2697 1159 2934 1224 domine,
2965 1160 3033 1214 de
3062 1160 3335 1229 pratdictis
3363 1177 3594 1218 accura~

2007 1259 2058 1306 te
2085 1257 2140 1304 et
2169 1249 2352 1304 laetitia
2383 1248 2584 1318 impleti
2608 1267 2820 1306 sumus.
2843 1252 2904 1306 Et
2948 1253 3153 1320 gratias
3201 1255 3327 1318 Deo,
3355 1258 3445 1323 qui
3471 1269 3580 1322 pro

2009 1353 2129 1414 pter
2170 1360 2271 1399 nos
2344 1347 2457 1399 hac
2524 1353 2799 1412 operatur.
2839 1343 3057 1414 Explica
3105 1356 3283 1400 autem
3347 1348 3506 1403 nobis
3542 1358 3596 1401 et

2005 1451 2070 1490 ea
2132 1450 2254 1504 qua:
2287 1444 2612 1506 sequuntur,
2653 1443 2708 1488 et
2738 1435 2866 1488 illu-l
2919 1435 3154 1503 primum
3205 1435 3350 1506 quod
3379 1436 3592 1505 dixisti,

2006 1525 2376 1583 ordinationes
2401 1523 2455 1578 in
2494 1533 2772 1595 unguento
2809 1521 2944 1577 lieri.

2463 1688 2465 1691 ’
2561 1703 2795 1761 CAPUT
2836 1702 3048 1759 Lxxv.

2015 1826 2173 1893 Quod
2218 1826 2441 1881 invicem
2469 1823 2669 1879 dantur
2697 1834 3032 1879 sacramenta
3066 1832 3115 1876 et
3152 1832 3335 1875 mutuo
3377 1819 3598 1873 invicem

2621 1897 2990 1965 perﬁciuntur.

2621 1897 2990 1966 perﬁciuntur.

2085 1990 2358 2059 Pontifex.
2397 1988 2467 2045 Ut
2521 1990 2707 2059 gratia:
2739 1988 3015 2044 successio
3071 2001 3288 2055 semper
3311 2002 3341 2040 a
3379 1983 3601 2037 Christo

2013 2082 2078 2137 ad
2103 2098 2202 2138 nos
2231 2091 2565 2152 permaneat,
2596 2096 2770 2147 neque
2795 2087 3132 2148 unguentum
3161 2079 3283 2133 sine
3315 2082 3598 2147 unguento

2011 2183 2387 2238 consecratur,
2419 2189 2595 2243 neque
2617 2172 2890 2226 ordinatio
2911 2170 3116 2238 absque
3143 2178 3444 2240 unguento.
3475 2167 3610 2222 Ideo

2012 2277 2068 2322 et
2107 2267 2382 2320 ordinatio
2414 2266 2470 2318 in
2509 2273 2784 2332 unguento
2818 2263 2896 2316 tit.
2935 2261 2999 2315 Et
3032 2262 3161 2317 illud
3196 2262 3323 2315 inde
3355 2275 3552 2322 nosces
3582 2275 3598 2312 :

2012 2362 2067 2416 in
2093 2359 2253 2414 altari
2287 2359 2578 2427 deponitur
2605 2358 2786 2411 oleum
2821 2365 2874 2411 et
2897 2365 3282 2422 ,eonsecratur,
3311 2362 3367 2408 et
3396 2354 3603 2422 absque

2013 2448 2170 2504 altari
2227 2463 2330 2503 non
2354 2455 2530 2518 potest
2553 2446 2887 2501 consecrari.
2919 2444 3103 2498 Altare
3133 2460 3262 2499 vero
3290 2452 3447 2497 antea
3476 2442 3600 2496 oleo

2013 2547 2390 2595 consecratum
2422 2549 2506 2594 est
2535 2547 2589 2592 et
2623 2553 2718 2608 per
2760 2537 2888 2591 illud
2926 2519 3355 2589 sanctiﬁcatum.
3392 2531 3447 2585 in
3479 2533 3602 2586 oleo

2015 2636 2183 2705 igitur
2214 2635 2396 2690 oleum
2438 2631 2833 2687 sanetilica'ur.
2882 2628 2946 2681 Et
2996 2642 3216 2681 rursum
3253 2642 3346 2695 per
3385 2623 3605 2694 pontill-

2014 2741 2131 2781 cem
2166 2734 2504 2794 unguentum
2536 2731 2920 2786 consectatur,
2969 2730 3022 2774 et
3053 2720 3170 2774 sine
3201 2716 3454 2788 pontiﬁce
3490 2730 3600 2769 non

2017 2827 2211 2888 potest.
2243 2817 2335 2873 llle
2369 2832 2498 2873 vero
2523 2817 2644 2869 oleo
2676 2826 3032 2869 consecratus
3054 2823 3137 2864 est
3167 2812 3220 2864 in
3252 2810 3597 2878 baptismate,

2015 2924 2068 2969 et
2108 2913 2511 2967 ordinationem
2547 2911 2754 2964 habens
2776 2907 3020 2978 Spiritus
3051 2905 3226 2962 sancti
3262 2904 3455 2973 gratia.
3482 2901 3600 2956 Alia

2017 3007 2181 3076 igitur
2213 3007 2336 3060 aliis
2377 3006 2582 3059 dantur
2630 3004 3003 3067 charismata;
3042 3000 3302 3068 qttoniam
3355 2996 3600 3065 ejusdem

322 3085 664 3156 Πνεύματος.
708 3088 798 3153 Ἐξ
841 3090 1090 3161 ἀλλήλων
1125 3093 1233 3162 ἄρα
1265 3093 1335 3146 τὰ
1374 3095 1696 3166 χαρίσματα
1735 3095 1904 3148 δίδον⁸

2015 3114 2077 3152 ac
2114 3098 2288 3154 solius
2321 3099 2374 3152 in
2421 3096 2690 3151 Trinitate
2722 3095 2812 3150 Dei
2844 3095 2985 3149 dona
3035 3099 3380 3147 consecrant.
3413 3088 3477 3142 Et
3512 3102 3602 3141 or-

319 3197 410 3232 ται
434 3197 451 3212 ο
483 3183 671 3254 ἐπειδὴ
700 3183 790 3236 τοῦ
824 3183 992 3238 αὐτοῦ
1023 3187 1115 3239 καὶ
1149 3187 1311 3257 μόνου
1343 3189 1402 3240 ὲν
1430 3189 1624 3259 Τριάδι
1653 3189 1788 3240 Θεοῦ
1818 3205 1908 3241 τε.

315 3270 474 3325 λοῦσι
510 3272 834 3344 δωρήματα.
873 3278 980 3329 Καὶ
1015 3277 1072 3331 αἱ
1105 3281 1433 3349 χειροτονίαι
1465 3281 1520 3334 δὲ
1554 3284 1611 3333 ἐν
1643 3281 1720 3352 τῷ
1753 3282 1912 3352 μύρῳ

317 3364 592 3433 γίνονται,
623 3368 695 3429 ὡς
728 3367 940 3438 ἔφημεν
965 3387 980 3402 ο
1009 3365 1170 3424 αὗται
1201 3374 1309 3442 γὰρ
1344 3373 1400 3424 ὲν
1429 3374 1504 3442 τῷ
1537 3375 1911 3446 θυσιαστηρίῳ

317 3456 629 3512 πλοῦνται.
666 3459 740 3512 Τὸ
782 3461 1172 3533 θυσιαστήριον
1206 3464 1262 3516 δὲ
1297 3463 1373 3534 τῷ
1419 3466 1576 3534 μύρῳ
1617 3468 1912 3535 κεχρισμέ-

318 3547 566 3602 νονέστὶ
588 3593 605 3616 ,
642 3551 737 3604 καὶ
770 3553 942 3622 χωρὶς
976 3555 1366 3626 θυσιαστηρίου
1406 3557 1582 3620 οὐδεὶς
1613 3559 1720 3610 τῶν
1755 3559 1912 3630 ὀρθο-

319 3639 492 3708 εύξων
520 3645 940 3713 χειροτονεῖται.
979 3645 1068 3699 Ἐν
1099 3646 1175 3716 τῷ
1210 3647 1370 3716 μύρῳ
1401 3648 1506 3718 ἄρα
1539 3650 1637 3701 καὶ
1669 3649 1700 3718 ἡ
1732 3667 1911 3718 χειρο-

324 3736 478 3788 τονία
508 3734 621 3788 τῶν
652 3735 848 3804 ἱερέων
867 3775 882 3800 ,
917 3737 1024 3807 ἰδίᾳ
1056 3740 1151 3790 καὶ
1180 3739 1279 3808 τὴν
1309 3739 1656 3808 χειροθεσίαν
1688 3742 1781 3794 καὶ
1810 3744 1911 3811 τὴν

321 3826 617 3896 ἐπίκλησιν
653 3826 746 3880 τοῦ
791 3828 1106 3898 Πνεύματος
1148 3831 1368 3901 ἔχουσα.
1413 3832 1813 3902 Καινοτομοῦσι
1853 3833 1909 3886 δὲ

321 3920 418 3972 καὶ
450 3922 499 3972 οἱ
537 3919 618 3989 τῷ
654 3919 814 3990 μύρῳ
848 3922 906 3973 ἐν
937 3924 1056 3984 ταῖς
1093 3923 1453 3992 χειροτονίαις
1486 3925 1726 3993 νομικῶς
1761 3929 1908 3996 χριό-

325 4027 482 4080 μενοι
514 4011 754 4075 Λατῖνοι,
787 4013 879 4065 καὶ
909 4014 1080 4083 χωρὶς
1107 4014 1203 4067 τοῦ
1235 4017 1631 4086 θυσιαστηρίου
1665 4020 1908 4089 χειροθε-

317 4101 583 4172 τούμενοι
608 4146 622 4167 ,
655 4104 752 4158 καὶ
785 4104 1113 4175 ἀχαρίτωτοι
1143 4102 1313 4161 οὗτοι.
1349 4106 1487 4175 Παρ*
1515 4108 1821 4160 ἐπισκόπου
1853 4107 1910 4161 δὲ

325 4198 492 4262 rem
527 4197 589 4249 τὺ
630 4197 804 4267 μύρον
838 4197 1112 4261 τελεῖται.
1149 4199 1223 4262 ὡς
1264 4199 1358 4251 καὶ
1399 4201 1454 4251 ἐν
1492 4201 1556 4268 τῇ
1592 4199 1780 4268 τελετῇ
1816 4200 1909 4252 τοῦ

324 4289 503 4359 μύρου
531 4287 692 4341 τοῦτο
720 4291 1151 4360 ἐπιγέγραπται,
1188 4311 1206 4342 ι
1236 4291 1356 4344 Ὅτι
1391 4292 1715 4358 epeos-oriza;
1742 4294 1768 4344 6
1794 4291 1910 4344 ἐπί-

325 4396 556 4444 σκοπος,
589 4383 686 4433 καὶ
717 4382 931 4434 τελείαν
958 4383 1098 4452 ἔχων
1126 4382 1229 4452 τὴν
1254 4385 1414 4454 χάριν
1445 4384 1538 4436 τοῦ
1573 4384 1907 4453 [1νεύματος,

2016 3191 2326 3246 dinationes
2382 3191 2434 3244 in
2486 3198 2765 3258 unguento
2817 3187 2994 3250 ﬁunt,
3040 3193 3100 3239 ιιι
3141 3181 3424 3236 dicimus:
3469 3180 3601 3248 ipsa:

2015 3287 2160 3342 enim
2208 3286 2260 3339 in
2315 3285 2472 3340 altari
2506 3291 2925 3339 consecrantur.
2952 3279 3136 3334 Altare
3165 3293 3293 3332 vero
3318 3284 3607 3346 unguento

2016 3390 2242 3436 unctum
2278 3390 2400 3446 est;
2437 3389 2485 3432 et
2518 3379 2723 3446 absque
2756 3373 2954 3440 altari,
2990 3387 3149 3426 nemo
3172 3371 3602 3425 orthodoxornm

2015 3471 2320 3525 ordinatur.
2355 3468 2412 3522 In
2457 3476 2733 3535 unguento
2761 3465 2927 3535 igitur
2961 3471 3016 3518 et
3054 3461 3400 3516 sacerdounn
3454 3456 3604 3512 ordi-

2015 3562 2188 3628 natio,
2209 3561 2295 3615 cui
2322 3558 2554 3628 propria:
2579 3564 2701 3609 sunt
2729 3564 2784 3608 et
2811 3567 3065 3606 manuum
3100 3549 3380 3618 impositio
3405 3556 3457 3602 et
3477 3544 3604 3616 Spi-

2017 3656 2154 3710 ritus
2192 3652 2479 3707 invocatio.
2503 3647 2772 3702 Inuovant
2801 3653 2981 3698 autem
3020 3641 3194 3696 Latini
3227 3641 3280 3693 in
3303 3638 3607 3692 ordinatio-

2014 3748 2196 3810 nibus,
2225 3755 2284 3800 ut
2313 3747 2366 3798 in
2402 3744 2513 3811 lege
2541 3740 2722 3813 ﬁebat,
2753 3737 2874 3791 oleo
2904 3735 3076 3798 uncti,
3111 3745 3163 3786 et
3216 3733 3418 3800 absque
3448 3729 3604 3782 altari

2013 3840 2270 3898 ordinati.
2298 3848 2459 3904 atque
2483 3833 2563 3889 sic
2587 3832 2794 3898 absque
2821 3828 3013 3899 gratia.
3042 3826 3123 3880 Ab
3145 3825 3399 3894 episcopo
3424 3830 3603 3875 autem

2014 3937 2132 3991 solo
2166 3937 2503 4001 unguentum
2531 3932 2910 3984 censecratur,
2940 3931 2994 3973 ut
3019 3927 3070 3973 et
3097 3919 3151 3971 in
3182 3913 3437 3984 unguenti
3473 3929 3608 3966 con-

2015 4021 2335 4081 secrationis
2382 4020 2491 4072 ritu
2537 4013 2857 4082 inscriptmn
2893 4020 2977 4065 est
3011 4027 3026 4063 :
3063 4027 3080 4059 ι
3121 4006 3258 4072 Quia
3319 4005 3609 4072 episcopus

2015 4117 2190 4182 magis
2251 4110 2586 4165 illuminatus
2616 4114 2784 4161 estet
2819 4101 3110 4171 perfectam
3157 4096 3319 4150 habet
3370 4092 3607 4159 Spiritus

2014 4208 2270 4280 gratiam,
2296 4203 2523 4271 ideoque
2557 4195 2801 4268 possidet
2829 4206 2882 4248 et
2899 4192 3125 4263 gratiam
3159 4190 3336 4243 lumen
3362 4186 3604 4240 divinum

2018 4276 2299 4360 iradendi;
2341 4313 2359 4347 ι
2416 4294 2467 4347 id
2525 4300 2609 4346 est
2666 4289 3060 4344 charismatum
3123 4282 3349 4343 donum.
3390 4276 3606 4332 Patrem

2015 4386 2280 4441 luminum
2311 4381 2478 4437 Deum
2511 4379 2750 4433 imitans.

323 4479 418 4528 καὶ
442 4476 534 4532 διὰ
556 4476 714 4528 τοῦτο
740 4475 832 4528 καὶ
855 4476 952 4546 τὴν
980 4479 1337 4546 μεταδοτικὴν
1365 4477 1585 4529 πλουτεί
1609 4479 1720 4530 τῶν
1747 4478 1909 4532 θείων
1933 4477 2129 4548 φώτων
2163 4479 2325 4548 χάριν
2353 4491 2365 4504 ·
2409 4494 2427 4527 ι
2469 4471 2721 4527 τουτέστι
2755 4469 2864 4524 τῶν
2927 4467 3282 4538 χαρισμάτων
3343 4465 3445 4536 τὴν
3504 4460 3605 4515 δω’

328 4572 498 4641 ρεὰν,
532 4573 626 4624 τὶν
670 4573 888 4643 Πατέρα
928 4573 1038 4624 τῶν
1078 4573 1273 4642 φώτων
1311 4573 1446 4626 Θεὸν
1488 4575 1918 4643 ἐκμιμούμενος.
1974 4634 1976 4636 τ

1949 4687 1996 4746 D

911 4688 1164 4742 ΚΕΦΑΛ.
1201 4689 1339 4754 eq".

366 4783 488 4836 Ὀτι
520 4782 674 4836 ἑπτὰ
704 4781 951 4847 ’τελετὰς
982 4782 1107 4851 ἔχει
1137 4781 1206 4834 ἐν
1235 4781 1426 4846 ἐαυτῷ
1459 4784 1490 4836 ό
1521 4782 1876 4848 ἐπίσκοπος.

398 4941 490 4992 Διδ
518 4940 615 4993 καὶ
643 4937 866 5001 τελετὰς
886 4915 1036 4992 sine
1065 4938 1357 5006 περιφέρει
1387 4937 1529 4991 κατὰ
1557 4937 1649 4990 τὸν
1678 4938 1916 5008 ἀριθμὸν

331 5033 438 5088 τῶν
475 5033 639 5085 θείων
674 5030 968 5101 ἐνεργειῶν
1003 5030 1097 5084 τοῦ
1136 5028 1476 5095 Πνεύματος.
1511 5028 1684 5083 Ᾱῦται
1715 5029 1774 5082 δέ
1811 5031 1919 5084 εἰσι

334 5125 647 5194 βάπτισμα,
684 5123 861 5193 μύρον
902 5122 1108 5193 χρίσις,
1141 5121 1486 5188 ἀναγνώστου
1521 5121 1778 5192 σφραγὶς,
1812 5139 1923 5192 χει-

335 5216 557 5288 ροθεσία
586 5215 942 5269 ὑποδιακόνου
966 5255 982 5280 ,
1017 5213 1319 5283 χειροτονία
1357 5214 1608 5268 διακόνου
1630 5257 1644 5280 ,
1678 5214 1918 5285 πρεσὸυ-

329 5308 388 5360 τέ
400 5324 518 5376 ρου,
550 5307 644 5359 καὶ
673 5306 997 5360 ὲπισκύπου.
1031 5305 1120 5358 Ἐν
1149 5305 1360 5367 τούτοις
1388 5301 1481 5358 οὖν
1506 5305 1915 5376 τετελεσμένος,

335 5399 432 5468 -ὴν
477 5398 835 5469 μεταδοτικὴν
878 5397 1040 5468 μόνος
1084 5398 1350 5466 κέκτηται
1395 5400 1578 5468 χάριν,
1618 5398 1710 5452 Διὸ
1755 5400 1916 5467 μόνος

335 5493 431 5543 σαὶ
456 5491 556 5554 τὰς
582 5491 918 5561 χειροτονίας
949 5492 1044 5545 καὶ
1071 5491 1132 5544 τὸ
1169 5491 1340 5559 μύρον
1370 5493 1601 5561 ἐνεργεῖ.
1632 5491 1710 5544 Δι’
1734 5491 1914 5545 αὐτῶν

330 5580 384 5631 δὲ
411 5582 524 5632 τῶν
551 5579 646 5633 δύο
676 5580 869 5645 φθάνει
901 5596 959 5632 τε
989 5581 1289 5650 πανταχοῦ,
1318 5583 1413 5634 καὶ
1444 5585 1508 5633 τὰ
1541 5583 1723 5636 πάντα
1751 5583 1916 5646 αὐτὸς

331 5672 568 5740 ιιοεργεί,
590 5670 681 5725 τδν
703 5670 836 5723 Θεὸν
861 5671 1100 5741 ἑκμιμού
1111 5688 1295 5741 μενος.
1319 5672 1413 5725 xui.
1435 5673 1533 5743 τὴν
1559 5671 1726 5725 αὐτοῦ
1753 5673 1914 5726 πλου-

334 5767 444 5818 τάν
478 5763 660 5836 χάριν.
697 5763 805 5816 Καὶ
844 5762 954 5833 γὰρ
987 5764 1014 5815 ὁ
1049 5763 1342 5836 ἀρχιερεύς
1387 5765 1534 5820 ἐστιν
1566 5766 1590 5818 ὁ
1624 5767 1688 5819 τὰ
1732 5766 1909 5822 πάντα

2559 4673 2786 4730 CAPUT
2841 4668 3078 4725 LXXVI.

2023 4773 2175 4842 Quod
2206 4783 2401 4844 septem
2443 4777 2754 4844 potestates
2784 4763 3218 4844 cwreutoniarum
3251 4761 3606 4816 curandarum

2491 4844 2544 4895 in
2583 4855 2636 4893 se
2666 4838 2818 4891 habet
2848 4837 3145 4905 episcopus.

2095 4936 2222 4990 ldeo
2253 4945 2306 4989 et
2339 4943 2548 5004 septem
2584 4931 3033 4985 consecrationes
3079 4926 3400 4983 circumfert
3447 4925 3602 4994 juxta

2027 5040 2316 5081 munerum
2352 5024 2668 5078 divinorum
2709 5021 2948 5091 Spiritus
2979 5019 3158 5074 sancti
3179 5019 3475 5073 donorum.
3503 5015 3608 5069 Illae

2030 5098 2227 5173 autem.
2269 5125 2418 5181 sunt,
2476 5116 2801 5184 baptismus,
2843 5112 3103 5184 unguenti
3149 5111 3357 5172 unctio,
3394 5107 3607 5161 lectoris

2022 5212 2336 5274 character,
2364 5207 2687 5263 subdiaconi
2717 5206 3010 5269 ordinatio,
3040 5203 3275 5267 diaconi,
3307 5198 3605 5270 presbyteri

2024 5312 2082 5358 et
2119 5303 2386 5372 episcopi.
2417 5300 2476 5355 In
2507 5301 2573 5354 iis
2599 5300 2766 5368 igitur
2792 5305 3170 5359 consecratus,
3202 5293 3606 5349 transmittendi
3672 5302 3675 5305 '

2022 5398 2172 5452 solus
2199 5395 2429 5466 gratiam
2473 5393 2734 5463 possidet.
2784 5392 3020 5458 Ideoque
3052 5389 3204 5443 solus
3229 5387 3606 5443 ordinationes

2021 5499 2078 5543 rt
2107 5490 2292 5550 oleum
2318 5495 2601 5556 operatur.
2652 5483 2754 5538 Per
2785 5485 2902 5538 haec
2947 5491 3129 5538 autem
3167 5483 3276 5536 duo
3307 5481 3610 5552 quemlibet

2020 5582 2075 5636 in
2101 5583 2281 5635 locum
2316 5594 2376 5634 se
2404 5577 2666 5633 transfert
2693 5587 2747 5630 et
2775 5576 2956 5630 omnia
2990 5576 3109 5645 ipse
3130 5589 3410 5645 operatur,
3434 5576 3604 5632 Deum

2020 5671 2242 5725 imitans
2286 5679 2341 5723 et
2403 5669 2718 5723 divitiarum
2772 5667 2892 5739 ejus
2923 5669 3490 5737 possidensgratiam.
3517 5670 3610 5725 Et-

2017 5762 2161 5841 enim
2216 5761 2449 5832 pontifex
2520 5769 2605 5816 est
2657 5761 2748 5831 qui
2810 5763 2988 5819 omnia
3059 5777 3152 5832 per
3196 5763 3508 5819 sacerdotes
3555 5775 3608 5823 et
