4090 6258
400 302 510 364 253

1550 373 1552 375 ,
1607 325 1705 386 DE
1740 329 1976 391 SACliA
2019 335 2423 406 LI'l‘URGiA.

3571 355 3676 417 274

414 454 3629 528 __~__.___________________________________

1146 680 1408 768 IIEPI
1492 689 1714 834 ΤῌΣ
1795 693 2108 780 ΙΕΡΑΣ
2186 695 2959 791 ΛΕΙΤΟΥΡΓΙΑΣ.

1411 1176 1550 1264 DE
1629 1177 1981 1265 SA‘CRA
2029 1179 2651 1274 LITUBGIA.

467 1626 822 1694 Ἀρχιερεύςο
869 1626 1045 1693 Χάρις
1081 1627 1229 1694 ὑμῖν,
1272 1623 1490 1695 castos,
1536 1627 1604 1680 δι’
1649 1626 1806 1697 ὑμῶν
1855 1627 1948 1697 γΞιε

2145 1629 2418 1700 Pontifex.
2481 1635 2700 1692 Gratias
2753 1641 2927 1705 vobis,
2963 1641 3167 1713 frater;
3201 1660 3298 1711 per
3351 1660 3444 1698 vos
3472 1654 3520 1699 et
3559 1645 3673 1709 il'Se

383 1711 480 1772 καὶ
523 1718 687 1779 αὐτὸς
729 1718 866 1788 πρὸς
908 1717 1067 1770 τοῦτο
1114 1718 1456 1786 κινούμενος,
1488 1719 1610 1773 τινὰ
1646 1721 1756 1773 τῶν
1794 1722 1962 1789 ἀναγ-

381 1808 554 1860 καίων
580 1807 856 1875 μανθάνω.
895 1808 1005 1862 Καὶ
1038 1809 1138 1861 οὐκ
1173 1809 1424 1877 αἰδοῦμαι
1460 1809 1614 1863 τοῦτο
1651 1811 1960 1879 ὁμολογεῖν.

381 1900 460 1953 Δι’
483 1900 626 1964 ὑμᾶς
668 1899 762 1954 οὖν
791 1901 884 1956 καὶ
914 1900 980 1954 δι’
1011 1901 1130 1969 ἐμὲ,
1160 1903 1254 1954 καὶ
1280 1902 1360 1954 ἔτι
1393 1901 1534 1968 λέξω
1567 1904 1635 1955 τὰ
1676 1904 1817 1958 κατὰ
1855 1904 1960 1957 δύ-

297 2035 309 2048 .
380 2011 566 2062 ναμιν.
602 1994 710 2047 Καὶ
739 1994 920 2047 λοιπὸν
947 1995 1242 2048 ἀκόλουθον
1287 1995 1354 2048 ἂν
1388 1999 1496 2066 εἴη,
1529 1997 1656 2066 περὶ
1708 1997 1802 2066 τῆς
1832 2014 1956 2067 φρι·

379 2087 513 2154 κτῆς
542 2086 637 2140 καὶ
663 2086 814 2149 Θείας
844 2087 1158 2156 ἱερουργίας
1195 2089 1493 2142 διαλαϐεῖν.
1525 2089 1683 2158 Οὕτω
1711 2091 1822 2159 γὰρ
1867 2091 1960 2144 καὶ

377 2179 406 2231 ὁ
452 2179 624 2247 μέγας
657 2180 906 2248 ἐκτίθησι
942 2180 1232 2243 Διονύσιος,
1279 2182 1416 2250 μετὰ
1459 2183 1560 2251 τὴν
1607 2183 1834 2255 τελετὴν
1863 2185 1957 2239 τοῦ

379 2271 655 2324 θειοτάτου
707 2271 884 2343 μύρου
943 2273 1072 2343 περὶ
1125 2272 1331 2343 ταύτης
1365 2273 1559 2329 εἰπών.
1600 2277 1744 2347 Πλὴν
1793 2279 1958 2346 μήτις

376 2361 655 2433 τολμητὰς
695 2366 844 2432 ἡμᾶς
883 2366 1274 2430 ὑποπτεύσειε,
1313 2368 1446 2434 μηδὲ
1499 2369 1957 2438 ὑψηλοφροσύνην

376 2459 512 2525 ἡμῖν
542 2457 882 2522 ἐγκαλέσειε,
921 2458 1052 2524 περὶ
1089 2457 1198 2509 τῶν
1231 2457 1372 2509 οὕτω
1427 2459 1700 2526 μεγίστων
1753 2462 1960 2528 ἐπιχει-

379 2548 536 2620 ροῦσι
571 2549 776 2613 λέγειν,
808 2546 844 2600 ἃ
878 2549 941 2617 δὴ
968 2547 1318 2600 ἀποστολικοὶ
1352 2549 1448 2600 καὶ
1474 2548 1608 2601 θεῖοι
1639 2550 1825 2617 ἄνδρες
1863 2552 1961 2620 ἠρ-

383 2643 687 2709 μήνευσαν,
716 2641 811 2692 καὶ
839 2639 1092 2702 τοιοῦτοι,
1123 2641 1200 2703 ὼς
1231 2641 1608 2708 ύπεραρθῆναι
1649 2643 1758 2696 τῶν
1786 2644 1956 2711 ούρα-

2075 1723 2142 1778 ad
2188 1725 2238 1778 id
2284 1741 2487 1787 mutus.
2522 1731 2701 1798 aliqua
2761 1738 3074 1790 necessaria
3134 1738 3309 1794 disco.
3351 1738 3418 1792 Et
3455 1737 3508 1792 id
3564 1757 3670 1792 non

2075 1816 2340 1872 erubesco
2375 1819 2552 1875 interi.
2588 1823 2814 1891 Propter
2847 1843 2940 1880 vos
2969 1828 3134 1897 igitur
3188 1838 3242 1881 et
3273 1838 3492 1896 propter
3564 1844 3670 1892 me,

2075 1908 2250 1961 dicam
2279 1910 2457 1964 adhuc
2504 1927 2601 1980 pro
2637 1915 2868 1970 viribus.
2925 1916 3217 1986 Oporteret
3282 1919 3448 1989 igitur
3486 1929 3544 1973 ttt
3599 1920 3669 1974 de

2075 2001 2306 2054 terribili
2339 2017 2403 2056 ne
2431 2003 2614 2058 divina
2664 2009 3080 2063 eottsecralione
3135 2011 3558 2066 dissert-renuis.
3593 2009 3668 2064 Ita

2072 2094 2216 2146 enim
2251 2109 2482 2163 magnus
2517 2095 2808 2168 Dionysius
2837 2099 3082 2168 deponit,
3127 2111 3329 2171 etpost
3372 2102 3666 2155 divinioloi

2071 2184 2261 2250 ritum,
2295 2186 2364 2240 de
2401 2201 2465 2240 ea
2517 2188 2733 2244 locutus
2765 2202 2870 2249 est.
2927 2190 3033 2246 Sed
3097 2208 3256 2248 nemo
3317 2203 3497 2248 tamen
3569 2208 3667 2247 nos

2079 2277 2316 2331 audaces
2349 2281 2658 2349 suspicetur
2682 2298 2828 2345 esse,
2884 2299 3062 2351 neque
3119 2286 3433 2353 superbiam
3503 2284 3668 2338 nobis

2084 2367 2402 2433 exprobret.
2449 2372 2493 2423 si
2542 2370 2611 2424 de
2641 2374 2806 2428 tantis
2832 2373 3014 2429 dicere
3043 2385 3338 2438 teutamus,
3373 2391 3492 2444 quae
3537 2391 3671 2442 apo-

2081 2457 2264 2508 stolici
2311 2466 2366 2510 et
2394 2459 2560 2513 divini
2596 2461 2696 2513 viri
2753 2462 3094 2530 interpretati
3144 2474 3306 2531 sunt;
3338 2475 3392 2518 et
3423 2466 3578 2527 tales,
3612 2472 3671 2516 ut

2067 2543 2132 2597 in
2185 2546 2355 2601 caelos
2413 2549 2832 2605 sublevarentur
2858 2563 2910 2607 et
2959 2553 3325 2610 ineﬂabllibus
3393 2553 3670 2626 mysteriis

2073 2637 2445 2693 initiarentur.
2481 2639 2597 2694 Non
2633 2653 2691 2696 ut
2715 2643 2842 2711 quid
2889 2643 3031 2698 ultra
3077 2645 3330 2699 dicamus
3363 2661 3379 2711 ;
3416 2644 3666 2712 procula

380 2735 509 2796 νῶν,
543 2733 639 2786 καὶ
671 2733 808 2787 Θεοῦ
842 2736 1118 2804 μυστήρια
1152 2735 1369 2804 ἄῤῥητα
1399 2736 1693 2806 μυηθῆναι.
1729 2739 1838 2808 Οὐχ
1873 2739 1948 2793 ἵνα

2071 2731 2232 2786 nobis
2285 2732 2448 2796 absit,
2504 2734 2754 2798 Domine,
2816 2736 2939 2791 talis
2989 2737 3277 2806 cogitatio,
3317 2746 3412 2792 aut
3476 2739 3671 2806 potius

380 2828 560 2879 τοίνυν
583 2826 970 2897 περισσότερον
993 2829 1266 2896 εἴποιμεν,
1289 2827 1555 2897 μηδαμῶς
1577 2831 1732 2898 ἡμῖν,
1756 2831 1948 2900 Κύριε,

2071 2824 2404 2892 blasphemia
2452 2842 2467 2892 ;
2519 2826 2613 2881 sed
2669 2837 2850 2883 mente
2902 2830 3279 2885 sanetitlcatus
3333 2846 3399 2886 ex
3456 2831 3523 2887 iis
3546 2848 3670 2902 qua

377 2919 411 2988 ἠ
440 2920 664 2988 τοιαύτη
693 2919 838 2973 ἔλθοι
867 2921 1117 2984 ἀπόνοια,
1147 2922 1242 2975 καὶ
1273 2922 1593 2991 βλάσφημα
1637 2924 1841 2990 μᾶλλον
1872 2924 1948 2976 εί-

2067 2915 2325 2970 dixerunt
2380 2929 2431 2972 et
2490 2918 2736 2974 directus
2797 2932 3056 2992 tanquam
3136 2923 3280 2978 (ilius
3355 2931 3410 2978 et
3465 2939 3664 2979 servus

373 3013 500 3065 πεῖν
521 3028 535 3043 ο
565 3012 680 3066 ἀλλ’
709 3013 1076 3084 ἁγιαζόμενος
1105 3015 1197 3067 τὸν
1233 2989 1360 3068 νοῦν
1389 3018 1454 3068 ὲκ
1477 2989 1604 3069 τῶν
1644 3020 1948 3085 εἰρημένων

2067 3022 2257 3062 eorum
2301 3009 2366 3063 ad
2395 3009 2596 3067 divinae
2636 3013 2880 3067 scientiae
2920 3015 3126 3080 lumen,
3165 3017 3228 3070 iis
3260 3031 3380 3083 qua:
3412 3017 3511 3085 ipsi
3551 3032 3667 3072 cte-

370 3105 624 3170 ικείνοις,
653 3106 748 3159 καὶ
779 3105 973 3174 ὁδηγού
983 3124 1146 3176 μενος
1191 3109 1266 3170 ὡς
1312 3111 1501 3161 τέκνον
1529 3111 1621 3162 καὶ
1646 3110 1831 3172 δοῦλος
1859 3113 1948 3164 αὑ-

2059 3099 2194 3153 leste
2224 3111 2277 3153 et
2309 3103 2472 3170 digne
2519 3105 2923 3173 conscripsere,
2987 3115 3252 3174 quantum
3309 3107 3458 3169 licet,
3490 3123 3554 3161 ea
3593 3108 3668 3161 ab

367 3196 480 3248 τῶν
506 3198 586 3260 είς
617 3197 732 3264 φῶς
760 3200 1018 3265 γνώσεως
1043 3197 1342 3268 θειοτέρας,
1381 3199 1441 3264 ἐξ
1468 3195 1543 3254 ὧν
1570 3205 1765 3255 ἐκεῖνοι
1791 3204 1948 3272 οὖρα-

2058 3189 2192 3258 ipsis
2221 3203 2466 3247 mutuata
2501 3203 2556 3247 et
2601 3195 2732 3248 mihi
2764 3205 2817 3250 et
2851 3194 3111 3251 fratribus
3151 3199 3202 3250 in
3239 3197 3538 3252 cbaritatot
3561 3214 3657 3250 ex-

368 3287 496 3349 νίως
531 3287 620 3340 καὶ
664 3288 829 3350 ἀξίως
871 3289 1054 3342 αὐτῶν
1089 3289 1518 3358 συνεγράψαντο,
1555 3292 1680 3345 ὅσον
1720 3294 1948 3363 ἐγχωρεῖ

2057 3298 2219 3350 pono.
2254 3283 2317 3337 Et
2347 3286 2450 3340 hoc
2492 3296 2577 3340 est
2613 3302 2801 3341 eorum
2865 3289 3156 3343 consilium
3211 3300 3267 3344 et
3311 3290 3658 3344 mandatum.

365 3382 436 3435 τὰ
459 3382 593 3451 παρ’
615 3380 842 3434 ἐκείνων
868 3383 1037 3449 κάμοί
1063 3400 1120 3434 τε
1156 3382 1251 3434 καὶ
1284 3385 1397 3446 τοῖς
1425 3384 1670 3449 ἀδελφοῖς
1697 3385 1953 3454 ὲκτίίξημι

367 3475 428 3528 ἐν
459 3475 670 3545 ἀγάπῃ.
698 3475 808 3527 Καὶ
831 3472 990 3527 τοῦτο
1012 3475 1247 3544 ὲπιταγὴ
1277 3474 1503 3528 ἐκείνων
1527 3478 1622 3529 καὶ
1648 3477 1949 3545 κέλευσμασ

363 3569 465 3621 καὶ
493 3569 575 3622 ὅτι
597 3570 731 3622 ’ἐπεὶ
769 3570 890 3633 ταῖς
921 3569 1108 3638 εὐχαῖς
1145 3569 1324 3623 αὐτῶν
1376 3571 1472 3638 τῆς
1509 3569 1689 3623 αὐτῶν
1729 3572 1951 3642 χάριτος

364 3661 670 3729 ἡξιώμεθα,
735 3663 1039 3728 ἀναγκαῖον
1087 3664 1217 3732 περὶ
1272 3657 1348 3716 ὧν
1381 3664 1716 3736 ἑνεργοῦμεν
1765 3667 1946 3730 θείων,

365 3754 644 3819 ἐξετάζειν
672 3755 768 3808 καὶ
798 3755 1094 3825 μεριμνᾷν,
1139 3755 1226 3810 ἵνα
1257 3755 1393 3824 πρὸς
1433 3757 1636 3824 γνῶσιν
1683 3773 1950 3829 χειραγω-

363 3849 593 3917 γώμεθα
623 3847 844 3916 μείζονα
899 3847 1042 3902 κατὰ
1079 3847 1179 3916 τὴν
1226 3849 1454 3902 ἐκείνων
1495 3848 1830 3920 ὲκμίμησιν·
1864 3850 1948 3928 ὅτι

363 3942 462 3995 καὶ
489 3941 682 3995 τούτου
713 3942 874 4010 χάριν
901 3939 1047 3993 οὗτοι
1078 3939 1146 3994 τὰ
1193 3939 1311 3994 θεῖα
1353 3941 1687 4010 ήρμήνευον.
1721 3940 1804 3995 Τὰ
1847 3942 1948 4013 μὲν

342 4030 460 4100 ,οὖν
495 4036 624 4104 περὶ
662 4034 758 4102 τῆς
790 4034 942 4105 ἱερᾶς
971 4032 1343 4103 λειτουργίας,
1373 4035 1442 4104 ἢν
1471 4035 1824 4102 εὐχαριστίαν
1854 4038 1948 4090 καὶ

363 4129 650 4182 κοινωνίαν
830 4129 858 4180 ὁ
889 4125 1240 4188 ίσαπόστολος
1273 4124 1530 4194 ὀνομάζει
1579 4125 1723 4194 ἱερὸς
1757 4126 1945 4179 Διονύ-

365 4239 503 4286 σιος,
536 4224 599 4273 ἐκ
625 4221 818 4273 τούτου
869 4220 964 4272 καὶ
1005 4218 1212 4272 λοιπῶν
1237 4219 1413 4271 ἄλλων
1437 4219 1644 4282 ὁμοίων
1672 4219 1822 4288 αὐτῷ
1852 4219 1946 4271 λα-

2061 3376 2121 3427 Ει
2187 3378 2451 3443 qnoniam
2519 3395 2614 3448 per
2670 3377 2862 3434 eorum
2933 3397 3144 3450 preces,
3177 3399 3368 3438 eorum
3432 3400 3662 3454 quoque

2055 3473 2228 3539 gratia
2281 3471 2432 3538 digni
2482 3473 2765 3538 habemur,
2813 3490 3043 3530 necesse
3108 3487 3210 3538 est,
3249 3488 3306 3530 ut
3339 3478 3406 3532 de
3434 3478 3503 3531 iis
3532 3494 3656 3548 qua:

2052 3577 2344 3627 onerantur
2373 3565 2594 3629 divinis,
2625 3566 2974 3635 inquiratnus
3020 3567 3333 3638 diligenter,
3363 3578 3420 3622 ut
3445 3571 3510 3624 ad
3543 3584 3656 3622 ma-

2045 3654 2220 3726 jorem
2282 3656 2646 3726 perducemur
2685 3657 2970 3712 scientiam
3009 3660 3165 3730 juxta
3224 3661 3468 3730 ipsorum
3525 3663 3654 3715 imi-

2055 3749 2367 3816 tationem;
2431 3749 2596 3819 buyus
2637 3752 2782 3805 enim
2839 3751 3086 3821 scientiae
3157 3753 3354 3820 gratia,
3401 3754 3436 3808 ii
3469 3755 3654 3811 divina

2053 3843 2394 3910 interpretati
2444 3851 2593 3897 sunt.
2629 3842 2758 3909 Quae
2793 3844 2958 3918 igitur
3003 3858 3174 3898 sacrae
3230 3846 3461 3914 Iiturgire
3497 3856 3654 3912 sunt,

2054 3932 2460 3988 Eucharistiam
2505 3944 2557 3988 et
2585 3935 3025 3988 communionem
3083 3936 3330 3988 nominat
3380 3936 3469 4010 ille
3521 3952 3653 4006 apo-

2049 4027 2317 4078 stolorum
2347 4025 2540 4080 similis
2567 4035 2793 4082 sanctus
2826 4026 3140 4095 Dionysius.
3179 4024 3336 4080 Exeo
3364 4037 3417 4082 et
3441 4031 3658 4086 creti-ris

2051 4114 2153 4182 ipsi
2189 4115 2461 4171 similibus
2519 4119 2764 4170 animum
2825 4128 3142 4183 sumentes,
3200 4127 3255 4172 et
3290 4118 3359 4174 de
3397 4120 3518 4172 aliis
3553 4133 3658 4188 pro

2049 4207 2266 4260 viribus
2311 4207 2424 4274 iam
2489 4208 2751 4272 diximus,
2791 4224 2983 4278 nempe
3045 4212 3111 4264 de
3138 4225 3296 4264 sacro
3333 4212 3555 4278 templo,
3584 4213 3654 4264 de

363 4312 552 4374 εόντες
591 4311 689 4372 τὰς
723 4310 999 4380 ἀφορμὰς,
1033 4309 1128 4362 καὶ
1157 4311 1212 4361 ὲν
1242 4308 1425 4371 ἄλλοις
1458 4309 1768 4378 εἰρήκαμεν
1803 4309 1945 4363 κατά

2056 4300 2223 4356 sacris
2255 4299 2590 4354 indumentis
2620 4309 2676 4354 et
2714 4301 2783 4356 de
2813 4315 2971 4355 sacra
3017 4302 3293 4358 doctrina.
3333 4301 3489 4358 Nunc
3520 4321 3655 4360 vero

365 4404 623 4475 δύναμιν,
657 4402 788 4472 περί
821 4419 882 4455 τε
912 4402 1042 4456 ναοῦ
1070 4401 1237 4465 θείου,
1271 4400 1366 4454 καὶ
1394 4399 1503 4454 τῶν
1530 4400 1688 4470 ἱερῶν
1716 4400 1946 4468 ἑνδυμά-

362 4513 496 4560 των,
529 4497 620 4549 καὶ
651 4496 779 4565 περὶ
811 4495 911 4562 τῆς
939 4493 1092 4562 ίερᾶς
1119 4492 1507 4561 μυσταγωγίας
1528 4493 1659 4544 ⁸*κιιιὶ
1686 4491 1782 4543 νῦν
1811 4491 1944 4544 ἀκο-

364 4589 575 4651 λούθως
603 4591 713 4651 τοῖς
744 4588 1059 4658 εἰρημένοις
1085 4585 1160 4649 ὡς
1186 4588 1244 4638 ὲν
1280 4584 1472 4657 βραχεῖ
1497 4584 1565 4649 τά
1595 4587 1724 4652 περὶ
1753 4585 1942 4637 τούτου

364 4686 440 4741 ὡς
476 4685 629 4753 ἰσχὺς
661 4680 1074 4751 ἐρμηνεύσομεν
1109 4679 1199 4732 διά
1226 4695 1286 4731 τε
1321 4677 1382 4730 τὸ
1416 4677 1508 4730 τοῦ
1537 4677 1698 4743 λόγου
1734 4675 1943 4744 ἑπόμε-

363 4795 475 4844 νον,
506 4777 602 4831 καὶ
641 4776 740 4845 τὴν
768 4774 923 4838 τάξιν
948 4775 1056 4825 τῶν
1088 4771 1430 4841 μυστηρίων.
1471 4769 1737 4823 Κοινωνία
1764 4769 1944 4820 τοίνυν

364 4872 516 4940 ὲστῖν
547 4869 742 4930 ἔνωσις
785 4865 922 4920 Θεοῦ
968 4866 1087 4936 μεθ’
1121 4863 1304 4934 ἡμῶν,
1329 4863 1521 4925 θέωσις
1571 4861 1751 4930 ἡμῶν,
1785 4849 1944 4926 ἁγια-

365 4963 522 5030 σμὸς,
556 4962 779 5030 χάριτος
821 4958 1120 5028 πλήρωμα,
1154 4955 1443 5024 ἔλλαμψις,
1483 4953 1771 5024 ἀποτροπὴ
1804 4969 1943 5004 παν-

353 5053 454 5114 τὸς
484 5051 752 5106 ἐναντίου.
791 5049 1041 5118 Χορηγία
1076 5047 1276 5110 παντὸς
1313 5046 1544 5114 ἀγαθοῦ,
1589 5046 1685 5099 καὶ
1729 5046 1782 5097 τί
1822 5043 1942 5095 ἓτε-

364 5158 460 5211 ρον
491 5142 525 5211 ἢ
552 5140 686 5195 Θεοῦ
737 5140 1041 5207 σύγκρασις
1080 5155 1139 5190 τε
1185 5139 1280 5190 καὶ
1309 5137 1598 5199 κοινωνίας
1633 5133 1802 5187 Τοῦτο
1836 5151 1942 5201 μυ-

365 5235 585 5304 στήριον
611 5232 948 5304 μυστηρίων,
997 5232 1089 5284 καί
1117 5230 1290 5296 ἁγίων
1322 5227 1613 5296 ἁγιασμὸς,
1648 5229 1745 5280 καὶ
1771 5226 1941 5288 ὅντως

363 5325 533 5392 ἁγίων
569 5328 746 5387 ἅγιον,
774 5328 870 5378 καὶ
897 5325 1128 5377 τελετῶν
1160 5322 1390 5375 ἁπασῶν
1423 5321 1634 5390 τελετὴ,
1668 5321 1760 5375 καὶ
1792 5320 1940 5371 τελε-

361 5420 567 5489 τάρχης
593 5435 651 5472 τε
677 5420 770 5472 καὶ
805 5417 1112 5487 τελεστική.
1145 5419 1298 5470 Ἐπεὶ
1326 5417 1418 5469 καὶ
1441 5417 1469 5467 ὁ
1501 5414 1660 5484 μόνος
1685 5411 1940 5482 τελετάρ-

362 5529 464 5580 χης
489 5511 662 5579 Λόγος
697 5509 870 5580 αὐτὴν
897 5512 1192 5578 εἰργάσατο
1239 5511 1333 5563 καὶ
1374 5508 1682 5576 παρέδωκε,
1714 5508 1808 5560 καὶ
1837 5505 1937 5557 αῦ-

359 5603 452 5665 τός
504 5604 654 5654 ἐστιν
701 5601 879 5671 αὕτη·
926 5605 1021 5656 καὶ
1073 5603 1162 5657 ἵνα
1207 5602 1342 5672 μένῃ
1406 5601 1526 5670 μεθ’
1565 5597 1723 5667 ἡμῶν
1770 5597 1938 5667 αὐτὴν

2050 4401 2452 4461 consequenter
2501 4391 2569 4448 de
2626 4393 2842 4463 liturgia
2898 4393 3144 4451 dicemus
3206 4397 3442 4450 breviter
3470 4409 3524 4452 et
3551 4414 3652 4467 pro

2047 4486 2279 4550 viribus,
2313 4495 2426 4538 tum
2453 4494 2674 4555 propter
2720 4487 2990 4541 orationis
3024 4490 3497 4557 consequentiam,
3525 4499 3642 4544 tum

2049 4587 2270 4644 propter
2319 4577 2702 4644 mysteriorum
2761 4578 3029 4633 ordinem.
3084 4578 3411 4634 Commuuio
3467 4579 3634 4648 igitur

2045 4679 2132 4725 est
2169 4671 2258 4723 Dei
2312 4669 2442 4724 unio
2488 4670 2996 4736 nobiscum-nostri
3051 4670 3350 4738 deiﬁcatio,
3395 4671 3631 4726 sanctiﬁ-

2046 4763 2209 4826 catio,
2247 4762 2434 4830 gratiae
2489 4763 2791 4831 plenitudo,
2837 4762 3188 4825 illuminatio,
3221 4764 3402 4817 omnis
3444 4762 3644 4817 adver-

2045 4853 2175 4907 sarii
2216 4852 2451 4917 eversio,
2482 4852 2660 4906 omnis
2687 4851 2810 4906 boni
2841 4852 3150 4917 concessio,
3181 4863 3236 4906 et
3295 4851 3424 4922 quid
3487 4851 3635 4905 aliud

2045 4941 2152 4996 nisi
2195 4957 2320 4996 cum
2378 4943 2485 4996 Deo
2543 4943 2805 4996 immistio
2856 4951 2911 4996 et
2960 4942 3502 4996 commnnicatio‘tid
3560 4933 3649 4996 es‘

2047 5035 2432 5104 mysteriorum
2462 5037 2806 5106 mysterium,
2843 5045 2897 5088 et
2947 5044 3268 5090 sanctorum
3310 5034 3631 5090 sanctiﬁcat“.

2047 5127 2125 5181 1Ῐο
2160 5136 2214 5181 et
2245 5141 2369 5180 νοτε
2401 5134 2650 5180 sanctum
2703 5135 3042 5187 sanctorum,
3075 5136 3127 5178 ει
3157 5129 3634 5179 consecratiouutu

2044 5221 2290 5274 onmium
2321 5220 2665 5273 consecratio
2699 5235 2714 5285 ;
2749 5228 2800 5272 et
2824 5216 3258 5270 consecrationis
3277 5224 3556 5282 operator,
3585 5226 3642 5272 et

2044 5313 2186 5368 facta
2241 5311 2588 5367 consecratio
2641 5327 2657 5376 ;
2719 5310 2981 5378 quoniam
3049 5319 3106 5362 et
3165 5307 3342 5360 solum
3399 5303 3638 5361 Verbum

2049 5404 2484 5462 consecrationis
2511 5403 2841 5473 principium
2867 5416 2984 5454 vam
3012 5407 3299 5470 operatum
3329 5406 3415 5454 est
3445 5409 3498 5452 et
3531 5412 3645 5453 tra-

2042 5499 2198 5564 didit,
2229 5507 2283 5553 et
2323 5499 2499 5568 ipsttm
2549 5510 2613 5550 ea
2671 5503 2806 5562 est;
2840 5495 2997 5547 nobis
3043 5502 3097 5548 et
3147 5507 3264 5545 eam
3307 5493 3536 5547 tradidit
3577 5503 3638 5548 ut

2046 5595 2330 5650 nobiscum
2395 5587 2881 5656 maneat.Magnus
2917 5587 3083 5656 igitur
3125 5585 3415 5656 Dionysius
3473 5584 3640 5653 hujus

361 5659 768 5765 παραδέδωκεν.
922 5698 1020 5768 μὲν
1061 5691 1152 5751 οὖν
1183 5659 1630 5759 θΙεῐοςΙΔιονύσιος
1687 5691 1937 5759 συνάγων

2056 5698 2211 5742 lautae
2238 5682 2670 5740 consecrationis
2709 5682 2943 5735 maxima
2980 5678 3204 5748 periodo
3235 5689 3288 5734 et
3307 5679 3640 5744 cogitatione

360 5789 427 5843 ’ιά
475 5789 575 5857 τῆς
620 5789 841 5856 τελετῆς
897 5791 993 5858 τῆς
1034 5789 1298 5859 μεγίστες
1350 5787 1547 5854 ταύτης
1598 5787 1662 5853 τῇ
1702 5785 1934 5852 μεγίστῃ

2045 5777 2303 5850 mysteria
2338 5775 2520 5833 omnia
2574 5774 2827 5845 exposuit
2869 5784 3126 5844 tanquam
3187 5773 3241 5827 in
3285 5768 3634 5840 compendio,
