4114 6272
455 329 566 394 255

1314 335 1697 398 SYMEONIS
1737 331 2493 396 THESSALONICENSIS
2527 333 2881 396 ARCBIEP.

2615 116 2649 138 ε

3627 337 3731 400 Ξῖεῧ

449 457 503 497 ιιι
533 445 972 516 splendidissima
1026 451 1234 519 edocet,
1291 460 1425 506 utet
1475 454 1542 506 de
1576 453 1701 506 aliis
1745 449 2076 522 mysteriisa

2166 451 2350 521 ρράσει
2385 467 2444 504 τε
2478 451 2574 504 καὶ
2605 425 2810 519 ὲννοίᾷ,
2853 443 3030 506 πάντα
3062 452 3119 505 ὲν
3153 453 3400 523 ἐπιτόμῳ
3433 453 3731 520 ἐκτίθεται,

449 535 559 590 Nos
587 549 767 593 autem
832 540 1042 596 debiles
1103 553 1160 597 et
1219 544 1397 597 ultimi
1455 543 1850 610 discipulorum
1917 540 2038 608 ejus

450 631 727 701 discipuli,
760 636 1034 700 quomodo
1082 636 1330 706 magistri
1386 638 1694 691 doctrinam
1733 636 2042 705 penetrabi-

454 723 613 777 musl
649 723 753 778 Sed
791 735 992 791 tamen,
1043 737 1312 797 quantum
1367 732 1671 796 potuimus,
1725 731 1791 784 ad
1825 728 2037 782 anima-

456 830 574 868 rum
609 827 914 872 vestrarum
951 819 1159 883 lumen,
1208 836 1272 875 ex
1312 822 1430 890 ipso
1459 821 1672 876 discere
1699 831 1753 876 et
1787 821 1950 876 etiam
1972 835 2037 874 ex

451 905 522 960 iis
555 910 644 975 qui
679 919 798 978 post
829 925 953 964 eum
977 913 1205 980 gratiam
1233 927 1493 982 accepere
1524 922 1578 966 et
1605 913 1805 968 divinis
1839 913 2042 967 nostris

458 1001 725 1069 patribus,
763 1017 860 1072 pro
888 1002 1095 1059 viribus
1145 1004 1412 1070 dicemus,
1457 1016 1514 1058 ιιι
1545 1021 1644 1059 nos
1688 1007 2046 1075 interrogavi-

459 1092 578 1145 stis.
622 1091 746 1148 Ideo
780 1105 836 1148 et
863 1094 932 1150 de
989 1095 1057 1150 iis
1082 1112 1202 1166 qum
1234 1098 1289 1150 in
1349 1098 1724 1168 propositione
1747 1107 1798 1152 et
1835 1115 1955 1168 quae
1987 1099 2042 1152 in

459 1183 616 1238 altari
651 1198 1064 1252 consecrantur,
1098 1190 1351 1244 onmibus
1387 1189 1660 1246 disserere
1701 1191 2044 1256 curabimus,

463 1275 820 1344 iuquirentes,
895 1289 954 1332 ut
1019 1281 1475 1350 valemus,quas
1558 1281 1798 1334 rationes
1875 1297 2040 1336 unum

460 1369 718 1438 quodque
766 1369 982 1426 habeat.
1009 1372 1188 1441 Atque
1243 1388 1376 1426 sane
1399 1373 1452 1426 iu
1507 1371 1727 1427 Christo
1783 1373 2044 1431 dicimus.

993 1581 1221 1636 CAPUT
1272 1583 1508 1638 LXXIX.

463 1660 602 1732 Quid
630 1670 886 1738 signiﬁcet
917 1675 1182 1727 antistitis
1207 1675 1266 1726 de
1289 1677 1410 1728 sede
1436 1675 1728 1739 episcopali
1748 1675 2042 1738 descensio,

533 1749 584 1790 et
620 1741 744 1806 quid
775 1757 866 1807 per
897 1760 1053 1852 spera
1088 1747 1419 1811 vestimenta,
1454 1745 1770 1816 tuorumque
1799 1745 2049 1800 induitia-

534 1825 651 1852 mm
682 1827 746 1852 nn
776 1823 893 1852 plur

534 1825 652 1860 nem
682 1827 746 1864 no
776 1823 893 1867 etur
921 1823 933 1870 ε

534 1921 778 1978 Pontifex
816 1941 847 1982 e
883 1928 1078 1982 throno
1105 1942 1208 1982 suo
1245 1928 1530 1984 descendit
1565 1945 1580 1994 ;
1615 1929 1662 1984 is
1690 1938 1771 1985 est
1797 1928 1890 1984 Dei
1925 1930 2054 1986 des-

464 2030 707 2081 censns;
743 2029 796 2072 et
844 2027 929 2074 ter
962 2021 1198 2077 adorans
1259 2021 1450 2085 Deum,
1500 2023 1728 2092 gratiam
1785 2033 1839 2077 et
1886 2024 2056 2078 virtu-

467 2113 573 2159 tem
607 2105 788 2162 divina
839 2111 1150 2178 perﬁciendi
1192 2111 1469 2181 efﬂagitat,
1511 2113 1806 2168 ostendens
1833 2129 1890 2168 se
1934 2131 2058 2170 esse

466 2212 683 2252 servum
727 2200 819 2255 Dei
854 2211 907 2256 et
936 2202 1105 2272 ipsius
1137 2204 1349 2257 'virtute
1380 2204 1552 2274 ipsius
1596 2205 1903 2260 ministerio
1939 2220 2057 2261 ser—

467 2294 607 2347 vire.
663 2292 864 2352 Deinde
925 2313 1112 2353 sacras
1173 2307 1352 2376 vestes
1409 2297 1611 2363 induit,
1665 2314 1789 2370 quae
1845 2313 2056 2370 septem

467 2392 617 2449 sunt,
643 2397 867 2454 propter
899 2399 1104 2458 septem
1141 2387 1377 2458 Spiritus
1409 2392 1582 2446 sancti
1635 2393 1799 2448 dona.
1845 2392 1933 2448 Ea:
1958 2411 2058 2450 au-

465 2485 647 2529 autem
719 2488 848 2533 sunt
894 2498 909 2535 :
967 2483 1317 2545 sticharium,
1369 2483 1807 2552 epitrachelium,
1880 2503 2040 2552 zona,

468 2565 814 2632 epirnanieia,
867 2572 1148 2640 gremiale,
1215 2574 1582 2643 plueuolium,
1649 2591 1867 2642 saccus,
1909 2580 2061 2650 poly-

465 2653 856 2719 staurium,ae
914 2660 1129 2715 tandem
1186 2667 1590 2732 omophorium.
1645 2667 1845 2725 Omnes
1894 2671 2057 2726 simul

468 2744 672 2801 Christi
707 2749 1139 2810 incarnationem
1175 2761 1502 2825 ostendunt,
1539 2772 1592 2817 et
1621 2779 1742 2832 qua:
1777 2766 1842 2818 ad
1876 2765 2059 2819 Incar-

471 2837 750 2892 nationem
815 2849 1112 2910 pertinent.
1157 2847 1510 2923 Unaquaaque
1559 2871 1691 2910 vero
1780 2859 2055 2928 propriam

470 2933 921 3001 sigttiﬂcaliouem
954 2941 1133 2997 habet.
1171 2942 1528 3009 Sticharium,
1555 2948 1702 3016 quod
1733 2948 1914 3002 album
1953 2959 2055 3016 est,

475 3027 654 3082 lumen
687 3027 778 3083 Dei
817 3043 1174 3100 repraesentat
1249 3053 1468 3105 purum,
1507 3047 1562 3092 et
1613 3039 1761 3108 quod
1807 3051 2055 3094 naturam

472 3129 714 3175 nostram
752 3120 893 3176 Deus
925 3138 1112 3192 puram
1145 3129 1349 3182 creavit
1378 3139 1433 3184 et
1476 3131 1794 3200 assumpsit.
1833 3132 1890 3186 Si
1932 3149 2057 3187 vero
2085 3161 2127 3217 ε

474 3214 702 3272 rubrum
729 3216 820 3279 sit,
846 3226 1066 3286 propter
1101 3221 1410 3286 passionem
1466 3237 1572 3286 est,
1636 3226 1764 3291 quia
1833 3235 2056 3292 prttplcr

476 3325 576 3365 nos
598 3310 919 3379 sanguinem
951 3309 1144 3365 eﬂ'udit
1175 3311 1405 3365 Verbum
1440 3326 1808 3368 mearuatum.
1837 3315 1966 3381 Quae
2002 3318 2054 3370 iu

477 3404 600 3468 ipso
632 3403 885 3457 videntur
918 3403 1166 3468 ﬂttinina,
1225 3404 1557 3461 chariSmata
1584 3409 1849 3464 doctrinae
1875 3421 2062 3464 osten-

475 3497 636 3562 dunt,
659 3505 714 3550 et
735 3495 895 3549 etiam
916 3493 1216 3550 Salvatoris
1241 3495 1412 3550 nostri
1441 3500 1723 3568 sanguinis
1746 3501 1912 3558 rivos.
1937 3503 2061 3557 ideo

477 3597 534 3644 et
572 3587 918 3642 solummodo
955 3602 1018 3642 ea
1079 3588 1182 3642 fert
1209 3589 1522 3658 episcopale
1587 3593 1910 3647 stieharium
1954 3610 1969 3662 ;
2005 3603 2064 3650 ut

479 3691 535 3734 et
563 3678 826 3748 mandyas
855 3678 1089 3749 (eappa).
1122 3679 1241 3748 Ipse
1279 3681 1498 3748 quidem
1543 3685 1833 3756 episcopus
1873 3689 2062 3756 provi-

480 3773 695 3826 dentem
785 3780 842 3825 et
912 3773 1417 3841 comprehensivatn
1515 3785 1570 3830 et
1689 3787 2060 3850 protegentem

481 3865 710 3932 gratiam
752 3863 845 3918 Dei
906 3876 1263 3932 repraesentat
1301 3876 1356 3920 et
1384 3874 1556 3920 totum
1623 3883 1825 3938 corpus
1860 3872 2066 3942 colligit

480 3969 536 4012 et
560 3957 993 4027 comprehendit.
1028 3957 1277 4011 Flumina
1331 3967 1510 4014 autem
1549 3960 1856 4029 signiﬁcant
1887 3965 2066 4020 varios

482 4048 746 4102 doctrina:
785 4054 986 4112 motus,
1020 4061 1084 4101 ex
1116 4051 1330 4102 duohus
1373 4052 1714 4104 testamentis
1755 4054 2068 4121 perenniter

481 4138 848 4194 scaturientes
870 4153 936 4194 ex
985 4139 1171 4193 Vetere
1197 4149 1248 4194 et
1280 4157 1343 4194 ex
1377 4139 1527 4195 Novo
1564 4159 1578 4208 ;
1625 4159 1746 4210 quae
1773 4146 1878 4200 duo
1907 4155 2068 4201 testa-

486 4241 666 4285 menta
729 4234 918 4298 pocula
972 4229 1212 4282 iudicant
1267 4247 1281 4297 ;
1338 4239 1390 4283 et
1436 4233 1614 4287 adhuc
1675 4249 1795 4292 eam
1854 4251 1975 4304 qua:
2015 4236 2067 4289 in

486 4332 727 4393 pectore,
765 4321 817 4376 id
843 4329 928 4377 est
961 4322 1014 4376 in
1047 4321 1212 4375 corde
1253 4333 1436 4388 aperta
1465 4330 1566 4388 est,
1599 4323 1873 4394 Evangelii
1915 4326 2071 4380 Chri-

484 4421 553 4474 sti
591 4418 874 4474 scientiam
907 4416 1048 4479 quod
1092 4415 1444 4481 Evangelium
1487 4417 1772 4472 ordinatus
1815 4420 1866 4472 in
1896 4419 2071 4486 capite

2149 544 2242 597 καὶ
2275 543 2644 615 λαμπρότατα
2673 543 2890 614 θεωρεῖ,
2923 544 2998 607 ὡς
3054 545 3147 598 καὶ
3203 547 3328 614 περὶ
3369 546 3479 598 τῶν
3534 547 3736 598 λοιπῶν

2148 637 2290 689 ποιεί
2326 635 2648 706 μυστηρίων
2671 654 2684 668 ·
2719 637 2880 706 ἡμεῖς
2909 636 2965 690 δὲ
2997 637 3248 707 ἀδρανεῖς
3281 637 3432 699 ὄντες
3455 639 3549 690 καὶ
3578 638 3720 705 ἔσχα-

2147 743 2232 780 τοι
2282 726 2392 780 τῶν
2451 726 2710 796 μαθητῶν
2744 726 2912 781 αὐτοῦ
2947 727 3212 798 μαθηταὶ,
3243 730 3360 792 πῶς
3405 728 3474 781 τὰ
3525 729 3736 782 ἐκείνου

2149 819 2496 888 κατίδωμεν;
2554 821 2749 891 Ὅμως
2800 821 2925 874 ὅσον
2976 820 3278 890 ἰσχύσαμεν
3324 821 3403 882 εἰς
3457 819 3738 890 φωτισμὸν

2149 911 2258 965 τῶν
2280 911 2470 982 ψυχῶν
2496 912 2654 984 ήμῶν
2680 914 2743 966 ὲκ
2768 913 2962 966 τούτου
3000 913 3363 982 καταμαθεῖν,
3393 912 3488 966 καὶ
3517 911 3599 965 ἔτι
3629 911 3737 965 τῶν

2149 1005 2355 1058 λοιπῶν
2385 1003 2578 1058 τούτου
2611 1003 2876 1073 διαδόχων
2906 1004 3004 1073 τῆς
3039 1005 3264 1074 χάριτος
3294 1006 3389 1058 καὶ
3432 1003 3591 1057 θείων
3623 1002 3737 1055 Ila-

2150 1098 2326 1168 τέρων
2364 1098 2543 1169 ἡμῶν,
2576 1098 2717 1150 κατὰ
2750 1096 2981 1166 δύναμιν
3009 1097 3268 1167 ἐροῦμεν,
3293 1095 3370 1160 ὡς
3395 1096 3698 1164 ἐζητήσατε
3719 1111 3734 1126 °

2152 1192 2231 1246 διὸ
2259 1194 2353 1244 καὶ
2385 1190 2517 1260 περὶ
2546 1190 2656 1242 τῶν
2697 1193 2754 1242 ὲν
2786 1193 2853 1260 τῇ
2888 1189 3149 1260 προθέσει
3176 1189 3270 1242 καὶ
3311 1189 3420 1240 τῶν
3451 1191 3507 1240 ὲν
3528 1187 3606 1256 τῷ
3640 1188 3737 1240 θυι

2154 1282 2457 1352 σιαστηρίῳ
2504 1283 2848 1351 τελουμένων
2896 1282 3155 1336 ἁπάντων
3189 1281 3472 1334 διαλαϐεῖν
3508 1281 3743 1334 σπουδά-

2155 1393 2341 1445 σομεν.
2374 1374 2722 1440 ἐξετάζοντες
2757 1375 2832 1437 ὡς
2880 1375 3056 1443 ἰσχὺς,
3085 1375 3237 1437 τίνας
3269 1373 3461 1442 λόγους
3509 1373 3742 1426 ἕκαστον

2154 1469 2290 1539 ἔχει.
2326 1467 2436 1521 Καὶ
2466 1467 2531 1537 δὴ
2561 1467 2793 1538 λέγομεν
2821 1469 2880 1520 ὲν
2905 1466 3151 1538 Χριστῷ.

2749 1580 3000 1635 ΚΕΦΑΛ.
3031 1579 3152 1636 ΟΘ’.

2162 1674 2222 1726 Τί
2251 1671 2432 1738 δηλοῖ
2457 1673 2495 1738 ἡ
2535 1672 2644 1726 τοῦ
2677 1674 2961 1741 ίεράρχου
2995 1675 3064 1726 ἐκ
3097 1675 3203 1727 τοῦ
3232 1674 3450 1741 θρόνου
3485 1671 3742 1727 κατάϐα-

2225 1759 2347 1806 σις,
2383 1743 2483 1796 καὶ
2509 1745 2580 1796 τὰ
2613 1743 2742 1812 ἱερὰ
2770 1744 3097 1814 ἐνδύματα,
3126 1744 3227 1799 καὶ
3256 1743 3323 1797 τὸ
3353 1744 3542 1798 ταῦτα
3565 1742 3742 1796 ἐνδύ-

2083 1817 2124 1870 Β
2222 1815 2473 1866 σασθαι.

2239 1925 2298 1978 Ὀ
2328 1927 2591 1997 ίεράρχης
2631 1928 2965 1998 κατέρχεται
3010 1928 3106 1982 τοῦ
3140 1929 3330 2000 θρόνου
3362 1926 3549 1987 αὑτοῦ.
3583 1925 3744 1980 τοῦτο

2159 2019 2193 2086 ἠ
2243 2016 2379 2071 Θεοῦ
2433 2020 2869 2088 συγκατάδασις,
2919 2022 3014 2073 καὶ
3063 2022 3454 2092 προσκυνήσας
3507 2021 3627 2087 τρὶς
3664 2018 3744 2089 τῷ
3779 2048 3791 2060 '

2159 2108 2297 2178 Θεῷ,
2321 2111 2622 2176 ὲξαιτεῖται
2653 2114 2814 2182 χάριν
2844 2114 2940 2167 καὶ
2972 2113 3202 2183 δύναμιν
3229 2114 3324 2167 τοῦ
3355 2113 3639 2169 ἐκτελέσαι
3673 2114 3741 2166 τὰ

2160 2199 2303 2267 θεῖα,
2336 2201 2558 2268 δεικνὺς
2612 2205 2695 2258 ὃτι
2745 2204 2930 2270 δοῦλος
2967 2207 3127 2269 Θεοῦ,
3178 2208 3274 2260 καὶ
3300 2209 3366 2276 τῇ
3396 2206 3563 2261 αὑτοῦ
3598 2207 3744 2275 ίσχύῖ

2159 2297 2271 2359 τοῖς
2294 2296 2462 2350 αὐτοῦ
2490 2297 2832 2370 ἑξυπηρετεί,
2867 2296 2995 2354 Εἶτα
3017 2301 3082 2354 τὰ
3113 2301 3234 2370 ἱερὰ
3265 2299 3509 2353 ἐνδύεται
3537 2299 3742 2370 ἄμφια,

2161 2387 2301 2441 ἑπτὰ
2332 2387 2461 2442 ὄντα
2507 2389 2598 2443 διὰ
2632 2392 2732 2453 τὰς
2773 2392 2914 2446 ἑπτὰ
2943 2393 3226 2462 ἐνεργείας
3266 2392 3360 2446 τοῦ
3401 2392 3740 2460 Πνεύματος.

2162 2479 2346 2532 Ταῦτα
2372 2481 2430 2535 δέ
2472 2483 2580 2535 είσι
2626 2485 2928 2554 στιχάριον,
2960 2485 3372 2554 ὲπιτραχήλιον,
3417 2485 3584 2547 ζώνη,
3627 2485 3744 2536 ὲπι-

2165 2573 2414 2641 μανίκια,
2449 2575 2815 2641 ὲπιγονάτιον,
2850 2576 3146 2643 φαινόλιον,
3181 2576 3215 2648 ἢ
3259 2577 3486 2641 σάκκος,
3519 2576 3746 2646 ἢπολυ-

2163 2665 2440 2733 σταύριον,
2477 2667 2573 2720 καὶ
2606 2668 2758 2728 τέλος
2789 2669 3119 2739 ὠμοφόριον.
3153 2669 3406 2723 Ἀπαντα
3456 2667 3593 2738 ὁμοῦ
3644 2667 3744 2737 τὴν

2161 2756 2578 2828 ὲνανθρώπησιν
2627 2759 2846 2830 δηλοῦσι
2908 2760 3172 2828 Χριστοῦ,
3205 2761 3299 2813 καὶ
3345 2762 3412 2815 τὰ
3445 2761 3543 2826 τῆς
3587 2763 3742 2813 ἐναν-

2161 2849 2522 2918 θρωπήσεως.
2564 2849 2694 2921 ’ἰδίᾳ
2717 2850 2772 2903 δὲ
2807 2851 3041 2904 ἕκαστον
3073 2852 3347 2920 σημασίαν
3365 2851 3476 2918 ἕχει
3515 2849 3656 2902 τινά·
3678 2848 3740 2902 τὺ

2166 2939 2262 3001 μὲν
2294 2942 2574 3011 στιχάριον
2603 2940 2798 2994 λευκὸν
2825 2941 2905 3007 ὃν,
2930 2943 2991 2994 τὸ
3023 2942 3136 3012 φῶς
3157 2940 3246 2994 τοῦ
3276 2938 3410 2992 Θεοῦ
3445 2941 3536 2992 καὶ
3565 2939 3741 2991 καθα-

2165 3030 2276 3097 ρὸν,
2341 3032 2437 3084 καὶ
2484 3031 2566 3084 δτι
2619 3031 2864 3100 καθαρὰν
2898 3035 2997 3103 τὴν
3027 3032 3186 3101 φύσιν
3223 3031 3377 3101 ἡμῶν
3409 3030 3589 3082 ἔκτισε
3645 3032 3744 3083 καὶ

2163 3122 2549 3191 προσείληφεν.
2582 3125 2644 3176 El
2671 3123 2728 3176 δὲ
2753 3124 3094 3193 πορφυροῦν,
3125 3123 3209 3177 διὰ
3241 3127 3301 3178 τὸ
3339 3124 3534 3188 πάθος,
3567 3125 3650 3176 ὅτι
3685 3124 3750 3176 τὸ

2163 3206 2305 3281 αἷμα
2331 3213 2515 3283 ἐξέχεε
2553 3215 2621 3268 δι’
2649 3217 2798 3284 ἡμᾶς
2847 3219 2874 3269 ὀ
2905 3215 3340 3286 ὲνανθρωπήσας
3383 3215 3562 3283 λῦγος.
3598 3215 3667 3269 Οί
3691 3217 3751 3269 ὲν

2162 3306 2311 3375 αύτῷ
2356 3307 2412 3361 δὲ
2461 3311 2717 3377 ποταμοὶ,
2757 3312 2827 3364 τὰ
2864 3309 3184 3380 χαρίσματα
3238 3310 3336 3377 τῆς
3369 3309 3747 3372 διδασκαλίας,

2163 3399 2242 3452 ἔτι
2297 3400 2356 3453 δὲ
2413 3403 2506 3454 καὶ
2548 3402 2676 3466 τοὺς
2720 3403 2815 3456 τοῦ
2865 3405 3099 3473 αἵματος
3155 3403 3252 3456 τοῦ
3285 3404 3543 3473 Σωτῆρςς
3591 3403 3750 3470 ἡμῶν

2167 3491 2451 3559 κρουνούς.
2480 3493 2571 3546 Διὸ
2628 3493 2722 3546 καὶ
2776 3495 2940 3564 μόνον
2995 3495 3220 3557 τούτους
3259 3494 3319 3547 τὸ
3361 3493 3749 3565 ἀρχιερατικὸν

2167 3582 2448 3654 στιχάριον
2482 3585 2780 3653 κέκτηταιέ
2814 3585 2891 3648 ὡς
2924 3588 3012 3639 καὶ
3050 3591 3078 3640 ὁ
3127 3587 3386 3655 saw-Jac.
3438 3586 3598 3647 αὐτὸς
3645 3584 3744 3653 μὲν

2166 3674 2262 3745 τὴν
2308 3679 2679 3748 προνοητικὴν
2729 3681 2825 3734 καὶ
2875 3681 3200 3748 συνεκτικὴν
3247 3680 3342 3734 καὶ
3378 3677 3742 3748 σκεπαστικὴν

2165 3770 2324 3840 χάριν
2352 3772 2602 3825 ἐκτυπῶν
2623 3772 2718 3826 τοῦ
2747 3774 2908 3840 Θεοῦ,
2940 3775 3034 3827 καὶ
3064 3774 3184 3826 ὅλον
3218 3775 3278 3828 τὸ
3315 3774 3475 3843 σῶμα
3505 3771 3744 3841 συνέχων

2170 3864 2264 3916 καὶ
2292 3864 2704 3933 συλλαμὸἁνων.
2731 3867 2796 3920 Οί
2828 3867 3066 3934 ποταμοὶ
3098 3865 3155 3918 δὲ
3177 3865 3246 3919 τὰ
3273 3865 3509 3932 διάφορα
3541 3864 3640 3934 τῆς
3669 3863 3750 3916 δι-

2168 3956 2466 4021 δασκαλίας
2503 3960 2800 4029 κινήματα,
2825 3961 2890 4012 ὲκ
2911 3959 3020 4010 τῶν
3053 3959 3145 4012 δύο
3171 3959 3487 4026 πηγάζοντα
3507 3958 3750 4020 ἀεννάως

2169 4048 2475 4115 Διαθηκῶν,
2503 4050 2607 4120 τῆς
2641 4051 2880 4113 παλαιᾶς
2926 4067 2986 4102 τε
3039 4051 3132 4102 καὶ
3162 4052 3308 4117 νέας,
3338 4049 3403 4110 ἃς
3433 4048 3652 4116 δηλοῦσι
3682 4048 3752 4100 τὰ

2173 4139 2413 4208 πώματα
2440 4155 2455 4171 ⁶
2503 4142 2600 4193 καὶ
2627 4143 2709 4193 ἔτι
2739 4142 2838 4210 τὴν
2871 4144 2927 4194 ὲν
2963 4141 3044 4210 τῷ
3078 4143 3265 4212 στήθει
3309 4142 3425 4210 ἤτοι
3460 4143 3522 4208 τῇ
3549 4139 3750 4208 καρδία

2174 4234 2528 4305 ἀνεῳγμένην
2577 4232 2777 4300 γνῶσιν
2835 4233 2932 4286 τοῦ
2967 4234 3298 4302 Εὐαγγελίου
3352 4229 3751 4300 Χριστοῦ,ὅδὴ

2174 4329 2268 4380 καὶ
2298 4327 2392 4380 ἐπὶ
2425 4327 2670 4396 κεφαλῆς
2729 4327 3203 4398 χειροτονούμενος
3253 4326 3599 4394 ἀνεῳγμένον
3640 4323 3757 4376 ἑδέ-

2177 4418 2324 4481 ξατο.
2358 4418 2446 4469 Διὸ
2484 4420 2598 4483 καὶ,
2644 4438 2661 4470 ι
2699 4416 2758 4471 '0
2787 4418 3062 4472 πιστεύων
3111 4419 3189 4481 είς
3241 4418 3366 4486 ἐμὲ,
3406 4419 3558 4486 φησι,
3592 4432 3758 4469 ποτα-

482 4523 728 4584 apertum
783 4512 1010 4579 accepit.
1052 4509 1174 4563 Ideo
1211 4527 1228 4585 ι
1270 4509 1370 4574 Qui
1414 4509 1584 4562 ert-dit
1635 4509 1686 4562 in
1723 4526 1829 4572 me,
1872 4512 2068 4580 inquit,

2181 4510 2272 4575 μοὶ
2304 4509 2367 4562 ὲκ
2396 4511 2495 4576 τῆς
2525 4509 2733 4572 κοιλίας
2767 4508 2934 4563 αὑτοῦ
2968 4507 3469 4580 ῥεύσουσ.ν¹-ῦδατος
3497 4506 3752 4569 ζῶντος,»

485 4607 706 4661 ﬂumina
732 4604 800 4658 de
831 4613 1015 4658 ventre
1041 4602 1160 4672 ejus
1215 4601 1380 4655 ﬂuent
1420 4618 1574 4671 aquae
1618 4603 1770 4664 vivae,
1810 4624 1826 4655 ι
1865 4603 1916 4658 id
1965 4616 2069 4668 est,

497 4698 746 4768 Spiritus
776 4697 950 4752 sancti
975 4695 1225 4757 virtutes,
1273 4703 1329 4746 nt
1392 4695 1567 4764 ipsum
1620 4696 1777 4748 docet
1850 4711 2067 4751 sacrum

491 4789 861 4857 Evangelium,
898 4787 1086 4840 dicens
1113 4806 1124 4838 :
1157 4804 1175 4836 ι
1204 4786 1260 4839 ld
1296 4797 1477 4839 autem
1498 4786 1734 4850 dicebat,
1766 4788 1834 4840 de
1863 4787 2069 4857 Spiritu

488 4896 646 4950 quem
677 4879 947 4934 debebant
973 4877 1219 4946 accipere
1242 4879 1524 4932 credentes
1549 4881 1603 4932 in
1639 4895 1781 4934 eum.
1801 4899 1817 4930 ι
1858 4880 1916 4934 Ει
1945 4883 2069 4946 quia

489 4968 719 5039 gratiam
779 4966 1098 5033 accipimus,
1158 4982 1265 5020 non
1324 4983 1451 5020 vero
1501 4981 1746 5021 naturam
1813 4969 2071 5036 Spiritus,

491 5060 642 5115 addit
679 5077 694 5113 :
723 5079 742 5111 ι
764 5057 1018 5112 Nondum
1051 5059 1196 5112 enim
1234 5071 1350 5112 erat
1395 5060 1629 5127 Spiritus
1662 5073 1908 5125 sanctus,
1943 5063 2071 5132 quia

491 5154 651 5210 Jesus
695 5154 939 5206 nondum
998 5161 1115 5206 erat
1179 5152 1532 5222 gloriﬁcatus.
1607 5171 1627 5204 ι
1701 5154 1838 5218 Quid
1900 5154 2074 5208 illud?

491 5246 746 5302 Nondum
781 5253 896 5299 erat
927 5244 1160 5310 Spiritus
1191 5253 1404 5299 sanctus
1435 5244 1458 5296 ξ)
1501 5245 1712 5298 Etenim
1739 5254 1856 5298 erat
1885 5253 1938 5298 et
1989 5254 2074 5299 est

490 5351 546 5396 et
584 5341 712 5405 erit,
777 5339 1076 5396 sccundum
1122 5330 1371 5392 naturam
1423 5349 1472 5390 et
1557 5337 1890 5407 hypostasim
1955 5353 1968 5400 ;
2021 5346 2078 5390 et

492 5434 616 5490 fons
655 5433 1049 5488 charismatum
1103 5447 1320 5501 semper
1361 5438 1466 5485 est.
1519 5431 1624 5486 Sed
1681 5430 1922 5484 nondmn
1954 5431 2077 5483 data

487 5538 648 5583 erant
680 5527 799 5596 ejus
849 5527 1223 5590 charismata,
1282 5526 1542 5594 quoniam
1605 5523 1845 5579 nondum
1900 5523 2080 5578 oblata

2176 4601 2294 4669 ἦτοι
2348 4601 2441 4653 τοῦ
2480 4602 2796 4670 [Ινεύματος
2826 4603 2881 4654 αί
2929 4602 3221 4670 ἐνέργειαι,
3247 4597 3325 4660 ὡς
3350 4598 3481 4650 αὐτὸ
3509 4596 3759 4650 διδάσκει

2178 4695 2238 4746 τὸ
2269 4693 2416 4764 ἱερὸν
2451 4694 2806 4762 Εὐαγγέλιον,
2833 4693 3012 4759 λέγον,
3061 4713 3079 4743 ι
3113 4689 3284 4744 Τοῦτο
3315 4690 3370 4742 δὲ
3419 4690 3574 4756 ἔλεγε
3631 4691 3760 4758 περὶ

2175 4783 2270 4836 τοῦ
2301 4782 2638 4852 ΙΙνεύματος,
2665 4782 2725 4834 οὗ
2756 4783 2985 4852 ἔμελλον
3006 4780 3310 4851 λαμϐάνειν
3331 4780 3380 4832 οἱ
3408 4777 3762 4839 πιστεύοντες

2179 4879 2261 4938 εἰς
2295 4877 2497 4930 αὐτόν’
2545 4876 2640 4930 καὶ
2678 4876 2759 4928 ὅτι
2792 4874 2952 4945 χάριν
2990 4871 3366 4942 λαμϐάνομεν,
3397 4868 3492 4922 καὶ⁹
3541 4867 3611 4945 οὐ⁸
3661 4866 3765 4934 τὴν

2181 4970 2344 5039 φύσιν
2405 4967 2501 5022 τοῦ
2552 4942 2904 5036 Πνεύματοςή,
2986 4966 3210 5032 ἐπάγει,
3251 4982 3270 5014 ι
3313 4963 3480 5015 Οὔπω
3531 4942 3641 5030 γὰ’ρ
3695 4954 3766 5029 ἧν

2186 5064 2412 5133 Πνεῦμα
2471 5061 2648 5128 ἅγιον,
2700 5062 2783 5115 ὅτι
2825 5059 3035 5129 Ἰησοῦς
3064 5058 3276 5112 ούδέπω
3323 5053 3604 5122 ἐδοξάσθη.
3643 5070 3660 5102 ι
3700 5052 3768 5105 Τί

2181 5156 2342 5209 τοῦτο
2377 5155 2573 5223 λέγων,
2613 5173 2630 5205 ι
2670 5153 2837 5206 Οῠπω
2869 5147 2936 5222 ἦν
2977 5149 3205 5220 Πνεῦμα
3245 5150 3430 5216 ἃγιον;
3466 5143 3616 5228 »Ικαὶ
3659 5144 3769 5213 γὰρ

2181 5243 2272 5317 ἧν,
2307 5247 2402 5299 καὶ
2462 5246 2600 5309 ἔστι,
2635 5246 2731 5298 καὶ
2790 5243 2966 5307 ἔσται,
2999 5241 3139 5294 κατὰ
3187 5241 3288 5309 τὴν
3317 5238 3492 5306 φύσιν,
3535 5236 3630 5290 καὶ
3668 5234 3770 5302 τὴν

2185 5340 2522 5392 ὑπόστασινο
2557 5338 2650 5388 καὶ
2713 5337 2865 5404 πηγὴ
2923 5333 3287 5403 χαρισμάτων
3335 5330 3422 5382 ἀεί
3457 5332 3627 5382 ἐστιν.
3659 5323 3770 5396 95

2198 5427 2336 5482 Ἀλλ’
2357 5427 2510 5480 οὔπω
2531 5427 2685 5495 ὲδόθη
2718 5427 2784 5478 τὰ
2806 5424 2996 5478 τούτου
3029 5423 3373 5494 χαρίσματα,
3399 5421 3524 5472 ἐπεὶ
3557 5417 3772 5470 οὐδέπω

2191 5521 2219 5587 ἡ
2255 5520 2340 5571 διὰ
2378 5517 2616 5588 σταυροῦ
2654 5516 3005 5587 προσηνέχθη
3062 5513 3244 5568 θυσία.
3284 5512 3458 5565 Τοῦτο
3500 5511 3610 5579 γάρ
3651 5509 3773 5560 ἐστι

493 5614 670 5668 fuerat
699 5631 794 5683 per
815 5631 1032 5672 crucem
1068 5617 1310 5670 victima.
1343 5613 1477 5670 lllttd
1516 5617 1660 5668 enim
1709 5621 1794 5669 est
1821 5631 1834 5666 :
1871 5631 1889 5665 ι
1922 5611 2076 5670 Jesus

2188 5612 2267 5674 τὸ,
2312 5630 2331 5663 ι
2362 5611 2485 5662 ὐτι
2527 5609 2734 5678 Ἰησοῦς
2787 5608 3002 5662 οὐδέπω
3049 5604 3312 5673 ἐδοξάσθη
3354 5619 3368 5634 ο
3409 5621 3426 5655 ι
3473 5600 3597 5654 ἐπεὶ
3645 5597 3775 5664 δόξᾶ

484 5673 736 5782 {nondum
802 5715 919 5762 erat
981 5706 1332 5775 glorificatus.
1385 5723 1402 5756 ι
1442 5701 1625 5758 Gloria
1674 5704 1819 5760 enim
1881 5703 2076 5760 Christi

2193 5703 2432 5775 Χριστοῦ
2457 5705 2483 5756 ὁ
2518 5701 2769 5772 σταυρός.

495 5809 631 5852 ειωι
663 5805 771 5852 θὸῑ.
