4090 6258
491 395 599 458 2.39

1346 395 1728 457 SYMEONIS
1769 393 2520 457 TllESSALONlCEVSIS
2577 395 2930 458 ARClIIEP.

3646 398 3760 462 2-50

480 507 638 561 dotes
669 520 817 560 suos.
855 525 873 556 ι
918 505 1115 560 Deinde
1144 504 1332 560 Zona:
1366 523 1488 576 qua:
1513 493 1869 575 roprmsentat
1890 523 1918 561 a
1953 507 2060 561 Deo

2175 509 2285 576 ρεῖς
2321 505 2508 560 αὐτοῦ.
2546 525 2562 558 ι
2622 502 2754 560 Εἶτα
2801 507 2902 574 τὴν
2933 503 3132 574 ζώνην,
3162 505 3258 576 τὴν
3289 505 3398 560 ἀπὸ
3435 505 3571 560 Θεοῦ
3599 508 3763 579 ἰσχὺν

482 598 668 654 datam
705 597 958 650 virtutem
986 597 1130 652 circa
1160 612 1319 653 renes
1354 598 1551 666 posita.
1588 598 1653 652 Et
1687 609 1916 653 testatur
1946 615 2067 651 ora-

459 700 464 704 ‘
497 689 595 742 tio.
627 678 761 740 Du'm
797 689 940 739 enim
974 688 1236 756 cingitur,
1281 687 1414 744 dicit
1449 705 1464 743 :
1506 709 1523 741 ι
1576 687 1897 743 Benedictus
1932 689 2070 742 Deus

485 779 582 850 qui
637 778 922 846 praecingit
969 793 1054 834 me
1108 780 1330 833 virtute.
1381 799 1398 831 ι
1440 779 1614 834 Simul
1654 781 1888 834 diaconii
1926 795 2065 846 opus

481 874 774 945 signiﬁcat.
815 873 1084 926 Diaeonns
1134 872 1278 926 enim
1313 881 1367 925 et
1417 872 1531 939 ipse
1577 872 2066 942 circumcingitur;

480 974 536 1020 et
560 963 738 1017 adhuc
789 962 1107 1031 sapientiam
1139 976 1200 1015 ac
1234 961 1559 1029 puritatem,
1611 977 1731 1029 qua:
1757 961 1809 1014 in
1851 963 2072 1017 renibus

481 1063 535 1108 et
569 1053 767 1107 lumbis
807 1055 906 1106 sita
956 1061 1057 1106 est.
1124 1053 1324 1104 Deinde
1385 1051 1643 1120 greuiiale
1697 1051 1896 1118 induit,
1927 1054 2071 1120 quod

495 1143 686 1198 mortis
738 1142 1028 1196 victoriam
1087 1141 1349 1204 ostendit,
1395 1148 1448 1193 et
1505 1139 1804 1194 Salvatoris
1830 1155 2073 1193 resurre-

478 1239 739 1301 ctionem,
769 1235 914 1304 quod
950 1232 1236 1301 romphaea:
1271 1230 1498 1285 formam
1530 1231 1712 1296 habet,
1743 1241 1797 1286 et
1833 1232 1960 1285 illud
1987 1231 2074 1285 di-

477 1327 556 1381 cit
602 1325 860 1381 oration
890 1324 1188 1394 Accingere
1244 1323 1513 1392 romphaea
1562 1330 1672 1387 tua,
1706 1337 1864 1391 super
1897 1323 2074 1377 femur

488 1429 661 1478 tuum.
695 1416 1072 1485 potentissime
1099 1431 1114 1481 ;
1152 1432 1168 1465 ›
1208 1415 1286 1468 sic
1315 1414 1563 1466 indicans
1591 1421 1645 1466 et
1693 1413 1988 1482 potentiam
2021 1423 2076 1467 et

487 1507 771 1560 victoriam
803 1514 860 1558 et
891 1505 1349 1560 resurrectionem
1405 1501 1608 1558 Christi
1643 1518 1739 1572 per
1774 1502 2068 1572 puritatem

481 1605 536 1652 et
569 1597 978 1652 innocentiam:
1017 1596 1136 1650 ideo
1195 1594 1342 1650 enim
1387 1602 1441 1648 et
1499 1594 1629 1648 illud
1679 1595 1828 1648 circa
1855 1593 2076 1648 lumbos

481 1689 857 1757 suspenditur.
913 1707 932 1741 ι
1000 1686 1067 1741 Et
1096 1687 1276 1756 specie
1312 1696 1404 1740 tua
1434 1695 1487 1740 et
1515 1685 1929 1755 pulchritudine
1961 1695 2072 1750 tua,

481 1780 680 1847 inquit,
745 1779 986 1844 intende,
1031 1793 1288 1847 prOSptere
1343 1777 1576 1844 procede
1611 1786 1666 1830 et
1720 1791 1910 1846 regna,
1948 1791 2075 1846 pro-

483 1881 604 1939 pter
635 1871 924 1925 veritatem
951 1880 1004 1923 et
1030 1869 1497 1926 niansucttnlinem
1537 1881 1590 1922 et
1618 1868 1917 1937 justitiam,
1950 1884 2077 1941 pro-

483 1972 603 2031 pter
658 1962 942 2016 veritatem
997 1960 1214 2030 quidem
1253 1960 1378 2029 quia
1421 1960 1534 2030 ipse
1564 1971 1641 2014 est
1689 1964 1931 2017 veritas:
1975 1981 1993 2014 ι
2023 1973 2078 2016 et

495 2073 514 2105 ι
561 2053 939 2108 misericordia
996 2061 1052 2108 et
1107 2052 1310 2106 veritas
1344 2062 1467 2105 ante
1496 2051 1686 2104 faciem
1747 2050 1958 2106 Domini
1997 2067 2012 2117 ;
2050 2070 2068 2106 ι

483 2153 707 2214 propter
777 2141 1242 2197 mansuetudinem
1300 2157 1463 2202 vero,
1495 2141 1618 2210 quia
1669 2144 1934 2210 patienter
1980 2142 2078 2196 du-

488 2237 640 2292 lores
670 2237 931 2291 susninuit
956 2253 972 2302 ;
1009 2245 1064 2288 et
1091 2243 1308 2302 proriter
1332 2235 1590 2305 justitiam
1613 2250 1627 2300 ;
1647 2236 1793 2302 quia,
1824 2249 1942 2288 cum
1971 2251 2074 2288 nun

484 2328 844 2393 peccavisset,
890 2336 1156 2392 mortuus,
1213 2339 1440 2380 mortem
1486 2328 1707 2380 occidit.
1747 2327 1953 2382 Deinde
1983 2342 2074 2382 ac-

482 2420 618 2489 cipit
641 2419 968 2490 epimanicia
1021 2434 1144 2488 quae
1173 2419 1392 2487 quidem
1431 2417 1521 2472 Dei
1556 2433 1713 2485 Opus,
1743 2420 2074 2472 creationem

487 2512 752 2567 indicant.
806 2511 868 2566 Et
913 2512 965 2566 id
1022 2512 1196 2566 oratio
1253 2511 1385 2567 dicit
1429 2525 1442 2563 :
1491 2529 1508 2562 ι
1545 2509 1773 2564 Dextera
1829 2521 1940 2576 tua,
1973 2511 2077 2564 Do-

482 2605 652 2668 mine,
682 2601 977 2673 glorificata
1015 2609 1100 2655 est
1159 2602 1210 2655 in
1251 2603 1488 2667 virtute;
1525 2619 1543 2652 ι
1583 2611 1634 2653 et
1699 2601 1824 2654 illud
1870 2620 1886 2655 :
1924 2619 1941 2650 ‹
1974 2599 2080 2654 Ma-

481 2710 585 2750 nus
611 2705 715 2749 tua:
741 2693 987 2750 fecerunt
1015 2711 1098 2749 me
1132 2703 1186 2749 et
1218 2695 1627 2763 plasmavernnt
1661 2708 1764 2746 me.
1806 2711 1824 2743 ι
1880 2694 2073 2748 Adhuc

482 2803 610 2842 vero
643 2796 697 2842 et
720 2788 864 2856 quod
897 2789 1149 2840 manibus
1213 2785 1479 2855 peregerit
1538 2786 1802 2853 mysteria
1854 2800 1977 2847 sua,
2032 2801 2062 2839 e

483 2888 678 2928 manus
720 2874 911 2944 ligatas
959 2875 1227 2927 habuerit.
1286 2871 1486 2926 Deinde
1543 2870 1869 2939 phrenulium
1911 2912 1925 2935 ,
1964 2871 2078 2925 sive

479 2980 672 3020 saccus
720 2966 812 3028 sit,
843 2966 958 3020 sive
1004 2965 1417 3036 polystauriuui;
1455 2979 1576 3034 quae
1601 2965 1816 3034 quidem
1867 2965 2074 3035 clamy-

477 3054 600 3108 deut
627 3055 938 3124 significant
960 3071 1063 3125 qua
1092 3056 1145 3109 in
1177 3055 1429 3124 passione
1460 3054 1682 3111 indutus
1711 3065 1816 3111 est.
1863 3055 1923 3110 Et
1955 3071 2073 3112 sac-

2169 599 2512 651 ὲκτυποῦσαν
2547 598 2674 668 περὶ
2704 597 2800 666 τὴν
2834 597 3008 667 ὀσφῦν
3037 596 3329 666 τιθεμένην
3355 616 3370 632 ο
3417 598 3515 652 καὶ
3549 601 3582 670 ἡ
3622 602 3764 672 εὐχὴ

2173 694 2478 774 μαρτυρεῖοο
2517 693 2574 744 ιν
2618 691 2695 760 τῷ
2728 691 3197 759 περιζωννύεσθαί
3243 709 3377 761 φησι
3413 692 3549 765 γὰρ,
3587 713 3608 746 ι
3651 696 3763 748 Εὐ-

2167 780 2393 850 λογητὸς
2423 784 2452 834 6
2475 781 2630 845 Θεὸς,
2663 783 2691 836 6
2723 780 3108 852 περιζωννύων
3145 797 3212 847 με
3238 781 3494 852 δύναμιν.
3532 802 3552 834 ο
3591 783 3763 851 Ἀμι

2169 871 2226 926 δὲ
2254 871 2351 924 καὶ
2377 871 2434 925 τὸ
2458 871 2559 941 τῆς
2581 872 2856 936 διακονίας
2885 871 3048 940 ἔργον
3076 871 3264 941 δηλοῖ·
3293 871 3320 924 6
3345 873 3454 942 γὰρ
3483 873 3764 928 διακονῶν
3802 942 3804 944 τ

2174 961 2604 1029 περιζώννυταιο
2637 962 2731 1014 καὶ
2759 960 2842 1014 ἔτι
2871 963 2971 1029 τὴν
3001 961 3358 1030 σωφροσύνην
3383 961 3476 1015 καὶ
3501 963 3763 1030 ἁγνείαν,

2173 1055 2266 1106 ἐπὶ
2295 1055 2418 1116 τοὺς
2443 1053 2682 1123 νεφροὺς
2700 1054 2960 1121 κειμένην
2990 1053 3081 1104 καὶ
3109 1051 3207 1121 τὴν
3237 1041 3681 1120 δσφύνξἜπειτα
3702 1053 3766 1107 ta

2172 1145 2649 1217 ὲπιγονάτιον,τὴν
2680 1144 2820 1196 κατὰ
2847 1142 2942 1196 τοῦ
2965 1143 3195 1197 θανάτου
3229 1144 3388 1212 νίκην
3413 1145 3642 1213 δηλοῦν,
3663 1147 3764 1200 καὶ

2172 1239 2284 1309 96
2306 1237 2402 1307 τὴν
2431 1237 2523 1290 τοῦ
2553 1238 2804 1307 Σωτῆρος
2836 1237 3150 1301 ἀνάστασιν,
3178 1238 3314 1306 ὅπερ
3340 1239 3437 1292 καὶ
3465 1238 3543 1303 ὼς
3569 1239 3765 1308 σχῆμα

2176 1328 2449 1401 ῥομφαίας
2483 1330 2595 1400 ἔχει
2615 1346 2632 1365 ο
2664 1331 2759 1385 καὶ
2788 1333 2821 1398 ἠ
2858 1331 2994 1401 εὐχὴ
3022 1329 3180 1383 τοῦτό
3212 1347 3369 1399 φησι,
3399 1348 3418 1382 ι
3442 1330 3767 1401 Περίζωσαι

2173 1423 2273 1492 τὴν
2310 1423 2586 1492 ῥομφαίαν
2632 1439 2728 1473 σου
2761 1420 2855 1474 ἐπὶ
2890 1421 2980 1475 τὸν
3015 1421 3194 1492 μηρόν
3226 1437 3343 1484 σου,
3374 1422 3601 1484 δυνατὲ,
3646 1442 3666 1476 ι
3701 1426 3766 1478 ὲκ

2174 1514 2366 1566 τούτου
2422 1515 2513 1566 καὶ
2566 1513 2664 1581 τὴν
2713 1513 2966 1581 δύναμιν,
3007 1515 3102 1567 καὶ
3154 1514 3255 1584 τὴν
3305 1515 3485 1585 νίκην,
3519 1517 3622 1568 καὶ
3661 1515 3765 1584 τὴν

2177 1605 2396 1676 ἔγερσιν
2427 1604 2520 1658 τοῦ
2561 1604 2798 1675 Χριστοῦ
2847 1605 2938 1658 διὰ
2977 1607 3079 1684 τῆς
3111 1607 3486 1679 καθαρότητος
3533 1609 3640 1662 καὶ
3669 1609 3763 1661 ἀν-

2179 1699 2530 1768 αμαρτησίας
2564 1697 2760 1766 δηλῶν.
2790 1698 2888 1752 Διὰ
2921 1697 3078 1752 τοῦτο
3110 1698 3220 1770 γὰρ
3242 1700 3337 1752 καὶ
3366 1699 3500 1753 αὐτὸ
3533 1699 3634 1753 ἐπὶ
3663 1703 3765 1770 τῆς

2180 1790 2378 1858 ὀσφύος
2401 1789 2766 1859 ἐκκρέμαται.
2803 1807 2821 1840 ι
2859 1789 2969 1841 Kal
2999 1791 3066 1860 τῇ
3099 1790 3396 1860 ὼραιότητί
3429 1808 3522 1845 σου
3549 1795 3650 1846 καὶ
3683 1793 3764 1864 τῷ

2181 1881 2368 1934 κάλλει
2424 1897 2542 1946 σου,
2575 1881 2734 1952 φησὶ,
2761 1881 2856 1934 καὶ
2889 1882 3126 1936 ἑντειναι
3170 1883 3268 1937 καὶ
3316 1885 3622 1940 κατευεδοῦ
3669 1887 3766 1940 καὶ

2182 1971 2435 2040 βασίλευε
2491 1973 2677 2026 ἕνεκεν
2725 1971 2988 2042 ἀληθείας
3044 1975 3141 2028 καὶ
3196 1974 3506 2044 πραότητος
3556 1978 3660 2033 καὶ
3688 1978 3766 2034 δι·
3867 1985 3876 1990 “

2161 2061 2496 2134 ,καιοσύνης.
2529 2081 2548 2115 ι
2611 2063 2720 2116 Kal
2763 2063 3025 2134 ἀληθείας
3072 2065 3193 2133 μὲν,
3231 2067 3314 2120 ὅτι
3353 2067 3516 2130 αὑτός
3540 2070 3697 2123 ἐστιν
3730 2071 3760 2142 ἠ

2179 2154 2427 2222 ἀλήθεια,
2457 2171 2476 2205 ι
2511 2155 2606 2208 καὶ
2641 2155 2789 2218 ἔλεος
2821 2154 2919 2207 καὶ
2936 2142 3166 2226 ἀλήθεια
3193 2157 3301 2228 πρὸ
3339 2159 3633 2228 προσώπου
3668 2161 3761 2215 τοῦ

2181 2247 2337 2299 Θεοῦ.
2367 2265 2384 2297 ι
2420 2247 2734 2317 Πραότητος
2767 2246 2848 2313 δὲ,
2869 2246 2957 2301 διὰ
2984 2249 3093 2302 τῶν
3133 2251 3476 2320 παθημάτων
3495 2254 3597 2322 τὴν
3629 2256 3762 2308 ὕπο-

2185 2341 2377 2411 μονήν.
2414 2340 2521 2393 Καὶ
2543 2339 2914 2408 δικαιοσύνης,
2938 2342 3020 2396 ὅτι
3057 2343 3132 2414 μὴ
3171 2343 3520 2416 ἁμαρτήσας,
3553 2347 3755 2415 θανὼν,

2180 2433 2270 2483 τὸν
2301 2431 2530 2485 θάνατον
2560 2430 2785 2486 ὤλεσεν.
2816 2430 2950 2487 Εἶτα
2983 2433 3252 2504 λαμϐάνει
3294 2438 3365 2492 τὰ
3394 2441 3721 2510 ὲπιμανίκια
3741 2459 3758 2475 ·

2159 2524 2217 2590 ,ἃ
2254 2523 2318 2593 δὴ
2347 2525 2406 2577 τὺ
2435 2525 2839 2592 παντουργικδν
2872 2527 3202 2594 σημαίνουσι
3247 2529 3345 2582 τοῦ
3383 2530 3517 2584 Θεοῦ
3541 2548 3555 2562 ·
3589 2535 3688 2586 καὶ
3724 2534 3757 2603 ἡ

2181 2617 2315 2687 εὐχὴ
2339 2617 2497 2670 τοῦτο
2525 2615 2672 2684 λέγει
2697 2633 2711 2647 ’
2757 2634 2774 2667 ι
2809 2617 2873 2670 Ἦ
2898 2617 3049 2685 δεξιά
3076 2635 3192 2682 σου,
3221 2621 3414 2692 Κύριε,
3447 2623 3758 2689 δεδόξασται

2183 2713 2239 2762 ὲν
2271 2709 2435 2778 ίσχύῖ.
2475 2727 2493 2758 ι
2535 2710 2642 2762 Kal
2665 2709 2749 2772 τὸ,
2787 2727 2806 2759 t
2845 2711 2908 2762 Al
2935 2712 3116 2781 χεῖρές
3149 2729 3245 2766 σου
3278 2715 3536 2785 ἐποίησάν
3565 2733 3632 2786 με
3659 2716 3757 2769 καὶ

2183 2801 2428 2852 ἕπλασάν
2463 2817 2548 2866 με,
2583 2818 2599 2850 ι
2635 2801 2757 2852 Ἔτι
2787 2801 2842 2853 δὲ
2877 2803 2972 2855 καὶ
3005 2802 3065 2854 τὸ
3097 2805 3215 2866 ταῖς
3247 2807 3435 2875 χερσὶν
3468 2808 3754 2877 ἱερουργῆ-

2183 2912 2272 2948 σαι
2308 2893 2375 2947 τὰ
2414 2893 2689 2963 μυστήρια
2719 2893 2916 2947 ἑαυτοῦ
2941 2910 2954 2923 ·
2988 2897 3081 2949 καὶ
3131 2896 3192 2948 τὸ
3245 2899 3341 2960 τὰς
3383 2901 3566 2966 χεῖρας
3591 2899 3751 2968 δεθῆ-

2183 3004 2292 3040 ναι.
2325 2982 2458 3039 Εἶτα
2481 2984 2540 3037 τὸ
2562 2985 2858 3052 φαινόλιον,
2885 2986 2915 3055 ἢ
2948 2985 3150 3051 σάκκος
3173 2987 3249 3046 δν.
3273 2989 3304 3056 ἢ
3331 2988 3743 3058 πολυσταύριον,

2183 3076 2219 3132 ἃ.
2247 3077 2309 3146 δὴ
2348 3076 2448 3147 τὴν
2483 3077 2540 3126 ὲν
2568 3074 2644 3144 τῷ
2679 3074 2841 3127 πάθει
2876 3077 3204 3144 σημαίνουσι
3235 3077 3476 3148 χλαῖναν.
3505 3078 3609 3132 Kal
3651 3079 3746 3132 τὸν

479 3163 603 3200 cum
642 3149 812 3216 magis
843 3163 1054 3214 saccus,
1086 3160 1140 3204 et
1178 3150 1568 3220 polystaurium
1607 3150 1986 3220 protectricem
2022 3153 2082 3205 el

2192 3168 2396 3220 σάκκον
2431 3166 2633 3234 μᾶλλον
2663 3168 2691 3219 6
2725 3167 2928 3229 σάκκος
2955 3181 2970 3197 ⁸
3016 3167 3196 3220 καὶτὸ
3229 3166 3618 3238 πολυσταύριον
3657 3167 3750 3220 δέ’

477 3239 873 3296 custodientem
922 3251 974 3294 et
1031 3242 1086 3295 in
1135 3243 1389 3298 Omnibus
1445 3241 1816 3310 providentem
1851 3244 2078 3311 gratiam

493 3329 608 3397 Dei,
640 3346 735 3400 per
765 3348 926 3400 quam
957 3342 1010 3388 et
1053 3333 1195 3387 inter
1245 3349 1344 3388 nos
1392 3334 1541 3387 visus
1563 3343 1644 3388 est
1691 3345 1745 3387 et
1775 3337 2077 3403 passionem

494 3423 776 3476 sustinuit.

999 3510 1227 3568 CAPUT
1279 3513 1536 3568 LXXXII.

473 3600 631 3665 Quod
663 3605 933 3658 lmmerale
972 3621 1035 3658 ex
1069 3605 1192 3676 (una
1223 3623 1384 3676 neque
1411 3624 1475 3662 ex
1517 3607 1631 3663 ulla
1675 3610 1782 3662 alia
1845 3613 2073 3667 materia

556 3676 742 3748 parari
784 3687 1028 3748 oportet;
1075 3674 1140 3727 Et
1170 3674 1426 3743 quosnam
1456 3683 1698 3732 denotent
1747 3683 1836 3747 qui
1872 3685 2072 3748 ϐιώσο-

549 3759 670 3815 pum
701 3745 950 3798 inlinunt.
983 3744 1049 3798 Et
1081 3749 1204 3815 quid
1233 3749 1348 3816 ejus
1373 3765 1553 3803 versus
1579 3744 1908 3804 occidentem
1938 3770 2070 3822 pro-

558 3830 756 3871 οεδειιε.

546 3905 811 3962 Ultimum
865 3912 951 3960 est
1009 3907 1391 3976 omophorium
1423 3951 1435 3973 ,
1502 3914 1648 3981 quod
1705 3916 1772 3967 ab
1826 3917 2070 3975 humeris

475 3997 783 4070 pontificem
845 3995 1192 4053 circumdatis
1239 4002 1477 4058 errantis
1531 4005 1650 4059 ovis
1688 4009 2070 4080 limuinumque

495 4093 726 4149 salutem
764 4099 818 4146 et
875 4093 1276 4148 revocationem
1320 4108 1708 4167 repraesentat;
1761 4101 1919 4171 cujus
1952 4105 2070 4174 qui-

475 4191 600 4243 dem
645 4185 897 4242 Salvator
947 4185 1181 4242 formam
1237 4196 1500 4259 suscepit,
1557 4195 1609 4250 in
1643 4212 1750 4263 qua
1787 4211 1841 4251 ct
1865 4216 2064 4267 passus

477 4293 574 4347 per
608 4290 830 4332 crucem
856 4291 958 4331 nos
997 4277 1254 4333 salvavit.
1314 4279 1471 4338 Unde
1501 4299 1566 4338 ex
1596 4285 1717 4340 luna
1752 4291 2064 4355 conficitur,

475 4380 529 4420 rt
555 4375 680 4421 ante
709 4377 768 4421 et
804 4377 949 4421 retro
970 4377 1024 4422 et
1049 4367 1102 4421 in
1133 4381 1349 4436 pertore
1375 4371 1427 4426 in
1455 4372 1684 4430 formam
1713 4385 1897 4434 crucis
1925 4398 2061 4447 qua-

477 4468 604 4511 tuor
650 4471 843 4512 cruces
881 4458 1064 4524 habet,
1103 4475 1226 4529 quae
1286 4465 1696 4520 crucifixionein
1764 4485 2062 4538 reprazsen-

475 4557 614 4603 tant.
674 4547 740 4604 Et
800 4550 871 4604 ita
937 4550 1157 4620 quidem
1224 4552 1446 4609 indutus
1506 4567 1615 4612 stat
1687 4561 1951 4628 pontifex.
2004 4564 2069 4620 Et

476 4640 749 4694 benedicit
784 4654 880 4695 eos
928 4642 1021 4710 qui
1078 4643 1177 4712 ipsi
1238 4646 1575 4702 ministrant.
1631 4648 1669 4703 li
1725 4667 1886 4719 porro
1939 4669 2067 4710 sunt

473 4732 729 4796 diaconi,
777 4733 1000 4802 angelos
1051 4735 1471 4805 signiﬁcantes,
1539 4743 1636 4810 qui
1695 4742 2064 4804 lnearnationi

475 4821 793 4892 mysterium
853 4839 1015 4878 suum
1068 4828 1442 4894 praebuerunt.
1492 4832 1628 4888 Cum
1686 4837 1886 4906 quibus
1941 4843 2062 4895 dia-

471 4914 634 4969 conis
657 4917 750 4982 qui
781 4913 894 4968 bini
952 4920 1274 4985 pracedunt,
1317 4935 1536 4990 prapter
1567 4926 1767 4982 bonum
1800 4931 2062 4986 calorum

473 5002 726 5058 ordinem
766 5019 927 5072 quem
970 5005 1252 5060 imitantur
1273 5011 1363 5078 qui
1397 5013 1612 5068 interra
1643 5027 1798 5082 sunt,
1828 5034 1950 5074 cum
1983 5023 2061 5074 si—

473 5089 644 5150 lentio
676 5095 744 5150 ad
775 5096 1116 5152 occidentem
1169 5103 1414 5168 procedit
1465 5109 1704 5174 pontifex
1732 5123 1855 5179 post
1885 5114 2070 5169 diaco-

473 5199 576 5239 nos
636 5185 883 5242 veniens.
944 5187 1113 5257 [dque
1166 5193 1402 5247 ostendit
1460 5210 1624 5263 quam
1687 5199 1969 5256 humiliter
2013 5214 2070 5260 et

472 5276 792 5344 simpliciter
826 5278 1018 5334 vixerit
1048 5279 1297 5337 Salvator
1332 5283 1385 5336 in
1421 5287 1596 5354 primo
1654 5305 1755 5344 suo
1807 5293 2070 5362 adventu,

471 5379 529 5422 et
563 5378 691 5424 ante
751 5369 943 5424 faciem
992 5385 1146 5425 suam
1196 5375 1475 5442 apostolos
1508 5393 1640 5432 suos
1685 5380 1838 5436 binos
1898 5384 2066 5448 misit,

469 5461 680 5530 quibus
708 5464 938 5518 aderant
981 5477 1343 5535 conparantes
1379 5471 1581 5539 angeli.
1613 5472 1859 5530 Pontifex
1895 5476 2058 5546 igitur

471 5553 546 5606 ad
573 5555 946 5610 occidentales
989 5555 1135 5612 fores
1187 5574 1311 5615 cum
1348 5561 1599 5620 diaconis
1640 5569 1926 5631 consistit,
1976 5586 2061 5623 re-

471 5659 810 5713 praesentans
829 5649 1155 5706 descensum
1176 5655 1380 5710 Christi
1414 5657 1467 5710 in
1501 5666 1674 5714 terras
1707 5671 1758 5715 et
1819 5662 1869 5714 iu
1921 5664 2064 5732 ipstis

472 5736 702 5802 inferos,
735 5753 830 5808 per
871 5756 1033 5808 quem
1059 5753 1113 5798 et
1149 5747 1396 5801 viventes
1429 5757 1482 5802 et
1514 5758 1760 5806 mortuos
1785 5751 2063 5810 liberavit.

2185 3259 2322 3312 ἀλλὰ
2366 3261 2460 3311 καὶ
2488 3259 2586 3326 τὴν
2619 3258 2986 3328 προνοητικὴν
3011 3259 3106 3313 καὶ
3129 3262 3507 3330 φρουρητικὴν
3536 3263 3592 3311 ἐν
3619 3262 3749 3314 πᾶσι

2183 3353 2278 3403 xxi.
2304 3349 2628 3424 συνεκτικὴν
2657 3351 2819 3420 χάριν
2845 3351 2938 3404 τοῦ
2965 3349 3124 3416 Θεοῦ,
3147 3351 3218 3403 δι’
3244 3352 3314 3421 ἢν
3343 3355 3440 3406 καὶ
3461 3351 3580 3407 καθ’
3605 3353 3750 3422 ἡμᾶς

2179 3444 2358 3512 ὤφθη,
2389 3443 2483 3496 x..l
2513 3443 2580 3495 τά
2611 3441 2760 3508 πάθη
2786 3442 3087 3511 ὑπήνεγκε.

2763 3534 3014 3587 ΚΕΦΛΛ.
3043 3533 3167 3588 ΠΒ’.

2179 3623 2301 3676 Ὅτι
2347 3624 2413 3676 τὸ
2469 3622 2807 3692 ὠμοφόριον
2835 3622 2904 3685 ἐξ
2933 3622 3120 3689 ἐρίου,
3168 3624 3267 3676 καὶ
3306 3626 3417 3678 οὐκ
3449 3626 3518 3688 ἐξ
3555 3626 3730 3691 ἄλλης

2245 3694 2402 3761 ὕλης
2445 3693 2539 3746 δεῖ
2581 3692 3135 3752 κατασκευάζεσθαι
3158 3709 3172 3722 ·
3201 3695 3502 3763 καὶτίνας
3536 3696 3736 3763 δηλοῦ-

2246 3780 2352 3817 σιν
2413 3768 2465 3816 οἱ
2519 3764 2882 3830 φορένοντες
2936 3764 3044 3814 τὸν
3096 3762 3404 3832 ἀρχιερέω
3444 3767 3542 3819 καί
3588 3762 3636 3818 τί
3680 3764 3742 3817 τὸ

2244 3833 2637 3901 κατέρχεσθαι
2670 3833 2822 3899 πρὸς
2847 3832 3111 3897 δυσμάς.

2245 3926 2351 3978 Καὶ
2403 3926 2706 3979 τελευταῖον
2749 3927 2810 3978 τὸ
2862 3925 3192 3996 ὡμοφὸριον,
3227 3927 3255 3980 ὃ
3301 3929 3406 3982 ἀπὸ
3453 3930 3561 3982 τῶν
3589 3929 3744 3998 ὤμων

2171 4019 2417 4075 ἑλίττων,
2450 4019 2548 4087 τὴν
2583 4017 2675 4070 τοῦ
2707 4016 3074 4087 πλανηθέντος
3106 4019 3382 4089 προϐάτου
3408 4021 3517 4074 τῶν
3545 4017 3748 4089 ἀνθρὼ-

2172 4129 2288 4164 πων
2322 4111 2477 4180 ἡμῶν
2507 4111 2658 4180 δηλοῖ
2689 4110 2971 4180 σωτηρίαν
3016 4127 3074 4163 τε
3114 4112 3210 4164 καὶ
3253 4113 3572 4182 ἀνάκλησιν,
3597 4109 3654 4165 οὗ
3680 4113 3743 4179 δὴ

2170 4205 2265 4255 καὶ
2295 4203 2393 4272 τὴν
2431 4203 2649 4273 μορφὴν
2677 4201 2939 4256 ἀνέλαϐεν
2968 4203 2996 4255 6
3027 4202 3236 4274 Σωτὴρ,
3270 4205 3326 4257 ἐν
3360 4199 3392 4280 ᾖ
3425 4209 3514 4257 καί
3559 4202 3742 4256 παθὼν

2168 4293 2258 4347 διὰ
2289 4295 2527 4366 σταυροῦ
2564 4295 2710 4364 ἡμᾶς
2761 4292 3005 4347 ἔσωσεν·
3055 4295 3181 4348 ὅθεν
3225 4296 3318 4348 καὶ
3345 4297 3402 4362 ἐξ
3437 4294 3604 4366 ἐρίου.
3635 4292 3744 4346 Καὶ

2171 4379 2487 4457 ἔμπροσθέν
2537 4404 2596 4439 τε
2653 4386 2748 4438 καὶ
2806 4387 3031 4439 ὄπισθεν
3087 4389 3181 4442 καὶ
3237 4389 3327 4440 ἐπὶ
3369 4390 3463 4440 τοῦ
3519 4387 3741 4457 στήθους

2175 4479 2536 4549 σταυροειδῶς
2570 4479 2845 4550 τέσσαρας
2894 4478 3008 4551 ἔχει
3044 4481 3332 4551 σταυροὺς,
3364 4482 3464 4550 τὴν
3495 4483 3744 4550 σταύρω-

2174 4587 2258 4623 σιν
2291 4570 2677 4634 ὲκτυποῦντας.
2714 4571 2826 4623 Kal
2855 4571 2997 4625 οὕτω
3038 4571 3135 4641 μὲν
3178 4572 3563 4639 στολισάμενος
3593 4572 3745 4622 ἵστα-

2167 4681 2256 4715 ται
2305 4665 2333 4716 6
2381 4665 2667 4734 ἀρχιερεύς
2690 4679 2703 4693 ·
2739 4663 2835 4714 καὶ
2864 4663 3078 4731 εὐλογεί
3115 4665 3239 4725 τοὺς
3273 4662 3745 4732 ὑπηρετήσαντος.

2168 4756 2329 4810 Οῦτοι
2354 4757 2411 4809 δὲ
2460 4757 2698 4810 διάκονοί
2731 4757 2857 4821 εἰσι,
2889 4756 3015 4819 τοὺς
3043 4756 3310 4823 ἀγγέλους
3351 4755 3650 4818 τυποῦντες
3677 4756 3744 4824 τῇ

2171 4846 2449 4915 σαρκώσει
2490 4847 2962 4918 ύπηρετήσαντας.
2994 4845 3130 4900 Μεθ’
3157 4839 3231 4899 ὧν
3262 4847 3326 4916 δὴ
3355 4847 3614 4899 καὶκατὰ
3655 4863 3750 4898 συ·

2171 4937 2364 5006 ζυγὲαν
2398 4938 2896 5010 προπορευομένων
2947 4937 3035 4991 διὰ
3081 4939 3179 5008 τὴν
3221 4937 3280 4990 ἒν
3317 4938 3564 5009 οὐρανοῖς
3595 4939 3750 4991 εὐταο

2172 5031 2315 5097 ξίαν,
2352 5033 2419 5103 ἣν
2455 5030 2748 5102 μιμοῦνται
2799 5033 2850 5083 οί
2901 5032 2993 5084 ἐπὶ
3033 5035 3158 5101 γῆς,
3209 5031 3347 5101 μετὰ
3399 5032 3560 5103 σιγῆς
3613 5033 3750 5100 πρδς

2171 5122 2381 5190 δυσμὰς
2410 5121 2832 5193 προπορεύεται,
2861 5121 3026 5175 αὑτοῦ
3072 5121 3163 5176 τοῦ
3195 5126 3496 5194 ἀρχιερέως
3527 5122 3750 5177 ὄπισθεν

2175 5214 2356 5268 αὐτῶν
2381 5213 2696 5282 ἐρχομένου,
2728 5211 3012 5284 δηλοῦντος
3056 5213 3246 5267 τούτο)
3292 5214 3366 5277 ὡς
3399 5216 3670 5278 ταπεινῶς
3694 5231 3752 5268 τε

2178 5306 2270 5357 καὶ
2332 5305 2563 5367 εὐτελῶς
2606 5301 2674 5375 ἦν
2713 5304 3130 5373 πολιτευόμενος
3177 5304 3206 5357 6
3244 5305 3436 5376 Σωτὴρ
3477 5307 3622 5362 κατὰ
3655 5307 3754 5374 τὴν

2176 5395 2339 5450 αὑτοῦ
2368 5395 2591 5465 πρώτην
2625 5399 2948 5467 παρουσίανο
2985 5400 3077 5449 καὶ
3113 5396 3219 5468 πρὸ
3254 5398 3549 5467 προσώπου
3589 5396 3749 5452 αὐτοῦ

2171 5489 2295 5550 τοὺς
2359 5488 2686 5551 ἀποστόλους
2739 5489 3058 5541 ἀπέστειλεν
3107 5490 3209 5542 ἀνὰ
3256 5489 3370 5553 δύο,
3426 5485 3622 5560 οἷσπερ
3659 5489 3754 5544 καὶ
3838 5486 3840 5488 ⁷

2177 5579 2417 5648 συκῆσαν
2453 5579 2839 5650 συνεργοῦντες
2889 5581 3131 5650 ἄγγελοι.
3177 5581 3238 5634 '0
3284 5583 3381 5653 μὲν
3424 5580 3518 5638 οῦν
3567 5587 3756 5654 ἀρχιεσ

2178 5672 2302 5739 ρεὺς
2335 5673 2462 5741 περὶ
2486 5671 2583 5733 τὰς
2614 5672 2748 5742 πρὸς
2779 5671 2986 5741 δυσμὰς
3011 5673 3230 5726 ἵσταται
3268 5676 3442 5739 πύλας
3476 5676 3617 5745 μετά
3646 5674 3754 5728 τῶν

2170 5760 2458 5822 διακόνων.
2483 5761 2581 5833 τὴν
2604 5761 2767 5832 μέχρι
2790 5763 2887 5832 τῆς
2921 5764 3022 5834 γῆς
3053 5765 3148 5818 καὶ
3175 5766 3342 5820 αὑτοῦ
3368 5767 3462 5820 τοῦ
3495 5768 3628 5840 ᾅδου
3661 5768 3755 5837 δη-

470 5831 580 5884 λῶν
623 5830 716 5883 τοῦ
757 5831 997 5901 Χριστοῦ
1053 5839 1324 5907 σωτήριον
1368 5838 1613 5906 κάθοδον,
1645 5842 1712 5896 δι’
1737 5839 1804 5912 ἧς
1845 5844 1970 5910 τούς
2003 5865 2059 5901 τε
2101 5849 2310 5915 ζῶντας
2349 5854 2443 5907 καὶ
2473 5830 2773 5919 τεθνεῶτας
2803 5830 3092 5920 ἐρρύσατο.
