4114 6272
315 375 415 446 261

905 494 1158 549 ΚΕΦΛΛ.
1180 493 1306 550 HF’.

315 586 378 638 Tt
423 586 704 651 σημαίνει
768 582 830 636 τὸ
891 587 1226 654 λαμϐάνειν
1253 586 1540 652 εὐλογίαν
1579 588 1740 654 παρὰ
1785 587 1892 640 τοῦ

382 659 620 725 πρώτου
665 653 984 725 ἀρχιερέωρ
1019 658 1160 722 τούς
1207 675 1270 711 τε
1323 661 1424 710 ὑπ’
1465 653 1890 725 αὺτθνίάρχιε-

375 724 503 793 ρεῖς
553 723 730 792 ἱερεῖς
784 742 850 776 τε
897 726 999 780 καί
1039 727 1391 794 κληρικοὺς,
1419 729 1490 781 ὲν
1529 725 1608 791 τῷ
1635 723 1893 794 μέλλειν

383 795 490 860 τὰς
521 794 683 860 ἱερὰς
716 793 918 876 αὐτῶν
945 793 1177 860 στολὰς
1214 798 1562 860 ἐνδύεσθαι,
1593 793 1690 848 καί
1713 800 1889 868 μετά-

379 881 553 920 νοιαν
582 880 797 920 ποιειν.

393 959 450 1012 ⁸0
485 958 665 1029 ἱερεὺς
696 957 754 1012 δὲ
800 960 856 1012 ὲν
885 958 964 1030 τῷ
1001 961 1397 1035 θυσιαστηρίῳ,
1431 964 1646 1034 πρῶτον
1677 963 1756 1033 τῷ
1789 964 1891 1033 ἀρ·

307 1054 484 1123 χιερεῖ
512 1051 923 1121 προσκυνήσας,
959 1053 1059 1122 τὴν
1102 1054 1385 1128 ὑποταγὴν
1433 1057 1768 1120 ἐπιδεικνὺς,
1795 1057 1891 1110 καὶ⁵

306 1141 558 1209 εὐλογίας
601 1140 878 1206 ἀξιωθεὶς,
934 1145 1170 1197 ποιεῖται
1217 1147 1317 1213 τὴν
1345 1149 1717 1217 προσκομιδήν
1743 1162 1756 1177 ·
1808 1147 1892 1200 δεῖ

309 1219 416 1302 γάρ
451 1235 614 1303 εὐχὴν
640 1236 1007 1304 προηγεῖσθαι
1043 1239 1150 1291 τῶν
1177 1240 1338 1293 θείων
1371 1241 1568 1312 ἔργων,
1600 1242 1691 1296 καὶ
1721 1244 1888 1297 αἱτεῖ-

308 1329 433 1379 σθαι
460 1325 810 1396 συγχώρησιν
837 1343 850 1357 ·
879 1328 960 1381 διὸ
993 1330 1257 1400 πρότερον
1281 1333 1535 1401 εὐλογίαν
1560 1334 1760 1400 λαϐὼν,
1793 1337 1886 1389 καὶ

307 1421 694 1488 ἀσπασάμενος
721 1419 822 1489 τὴν
851 1422 1009 1491 χεῖρα
1043 1423 1136 1474 τοῦ
1162 1424 1421 1494 ἱεράρχου
1463 1427 1544 1489 εἱς
1571 1427 1634 1479 τὸ
1673 1429 1886 1498 ἱερουρ-

304 1513 426 1576 γεῖν
458 1513 782 1580 ἀπέρχεται,
813 1512 888 1575 ὡς
919 1514 1012 1565 καὶ
1039 1515 1304 1584 πρότερον
1329 1518 1389 1568 ὲν
1421 1517 1498 1586 τῷ
1544 1518 1762 1586 μέλλειν
1795 1522 1885 1572 ὲν-

305 1602 526 1656 δύεσθαι
579 1602 676 1665 τὰς
730 1605 1011 1672 ἱερατικὰς
1060 1605 1209 1677 αὐτῷ
1267 1608 1460 1671 στολάς
1510 1611 1559 1662 οἱ
1618 1610 1881 1676 διάκονοι,

307 1694 712 1765 μαρτυροῦντες
739 1689 886 1749 οὗτοι
917 1697 1012 1749 καὶ
1042 1696 1208 1767 ἱερεῖς
1237 1700 1332 1752 καὶ
1353 1699 1652 1769 ἀρχιερεῖς,
1679 1703 1884 1766 πάντες

1515 384 1611 444 DE
1657 382 1846 444 SACR
1861 385 1896 441 Α
1931 383 2332 464 LITURGIA.

3473 392 3584 456 Ξίτὲ

2521 504 2751 562 CAPUT
2787 502 3072 572 LXXXIII.

2009 592 2150 659 Quid
2181 596 2440 665 signiﬁcet
2472 598 2611 663 quod
2650 599 3059 651 benedirtionem
3100 599 3164 650 ab
3196 599 3588 666 archiepiscopo

2079 667 2341 729 accipiunt
2387 669 2477 736 qui
2524 669 2620 722 sub
2649 685 2708 722 eo
2741 677 2865 722 sunt
2905 669 3156 735 episcopi,
3192 672 3489 722 sarerdotes
3537 679 3586 722 et

2076 736 2277 795 clerici,
2307 737 2517 804 quando
2551 740 2729 791 volunt
2757 754 2943 792 sacras
2975 743 3141 792 stolas
3182 755 3308 792 suas
3351 740 3586 805 induere,

2077 816 2231 874 atque
2260 815 2416 874 caput
2449 820 2498 860 et
2526 825 2715 877 corpus
2759 825 2938 863 coram
2965 807 3056 862 illo
3086 807 3363 863 inclinant.

2079 958 2350 1018 Sacerdos
2405 963 2458 1020 in
2489 963 2646 1019 altari
2702 966 2938 1036 primum
2991 974 3120 1021 ante
3173 965 3480 1036 pontiﬁcem
3528 980 3590 1020 se

2006 1056 2331 1121 prosternit,
2373 1056 2737 1110 obedientiam
2777 1059 3093 1122 ostendens,
3120 1067 3174 1113 et
3205 1058 3586 1113 benedimione

2006 1153 2252 1210 accepta,
2287 1146 2623 1200 oblationem
2657 1146 2808 1203 iacit.
2840 1148 3067 1218 Oportet
3099 1149 3242 1202 enim
3276 1149 3582 1202 orationem

2010 1236 2194 1290 divina
2227 1252 2392 1307 opera
2427 1239 2734 1308 praecedere
2774 1249 2828 1294 et
2861 1240 3074 1293 veniam
3122 1239 3423 1309 implorari.
3460 1239 3585 1294 Ideo

2004 1326 2157 1394 prius
2196 1319 2633 1383 benedictionem
2685 1331 2883 1400 accipit
2917 1339 2970 1384 et
3033 1345 3253 1385 manum
3304 1330 3586 1385 Pnntiticis

2000 1417 2316 1482 osculatur,
2360 1434 2522 1487 quam
2580 1422 2644 1474 ad
2694 1421 3114 1476 sacrificandum
3193 1422 3371 1477 abeat.
3418 1423 3490 1474 Ita
3529 1430 3584 1475 et

2006 1511 2158 1577 prius
2200 1509 2412 1565 faciunt
2456 1511 2714 1574 diaconi,
2777 1529 2900 1567 cum
2933 1530 3119 1570 sacras
3171 1515 3276 1568 sibi
3331 1515 3585 1584 proprias

2000 1612 2180 1660 vestes
2220 1605 2275 1659 in
2309 1621 2371 1660 eo
2406 1616 2534 1661 sunt
2580 1617 2638 1664 ut
2699 1608 2958 1673 induant,
2994 1609 3297 1662 indicantes
3329 1609 3365 1662 ii
3417 1620 3466 1663 et
3496 1623 3583 1664 Sil-

1997 1695 2247 1750 cerdotes
2305 1705 2360 1750 et
2406 1698 2694 1768 episcopi,
2736 1699 2866 1753 dum
2924 1700 2976 1754 id
3041 1700 3268 1765 iaciunt,
3307 1717 3366 1755 se
3412 1717 3579 1756 manu

303 1784 463 1840 τοῦτο
492 1787 774 1850 ποιοῦντες
802 1788 921 1842 κατ’
951 1790 1198 1862 ὀφειλὴν,
1237 1791 1311 1854 ὡς
1357 1793 1446 1846 διὰ
1475 1794 1574 1864 τῆς
1605 1795 1702 1848 τοῦ
1736 1795 1870 1864 πρὼι

2001 1788 2160 1855 primi
2200 1787 2481 1844 Pontiﬁcis
2512 1791 2796 1847 ordinatos
2827 1807 2948 1846 esse
2973 1802 3027 1847 et
3058 1808 3152 1862 per
3195 1809 3320 1848 eum
3367 1809 3425 1848 se
3455 1811 3584 1850 esse

302 1897 399 1934 του
431 1880 620 1934 τούτου
651 1882 954 1952 ἀρχιερέως
980 1884 1165 1953 χειρὸς
1188 1880 1337 1940 οὗτοι
1384 1889 1884 1958 κεχειροτόνηνται,

303 1972 398 2025 καὶ
442 1971 723 2042 ἀρχιερεῖς
768 1974 863 2028 καὶ
903 1976 1072 2044 ἱερεῖς
1106 1976 1215 2029 εἰσί
1259 1993 1320 2030 τε
1359 1979 1454 2031 καὶ
1491 1977 1765 2049 κληρικοὶ,
1790 1981 1886 2034 καὶ

300 2061 410 2132 97
448 2065 547 2130 τῆς
590 2063 844 2132 εὐλογίας
897 2067 1208 2136 μετέχουσι,
1263 2069 1357 2122 καὶ
1409 2068 1511 2139 τὴν
1556 2070 1885 2138 ταπείνωσιν

300 2155 646 2218 ἀποεὼζουσι
675 2156 770 2208 καὶ
792 2155 892 2227 τὴν
917 2157 1074 2221 τάξιν
1093 2171 1108 2186 '
1147 2160 1238 2211 καὶ
1267 2160 1349 2212 ὅτι
1375 2160 1775 2229 προσέρχονται
1807 2159 1883 2230 τῷ

302 2245 421 2314 Θεῷ
457 2245 575 2314 μετ’
606 2246 858 2315 εὐλογίας
885 2249 979 2301 καὶ
1009 2251 1408 2320 συγχωρήσεως
1429 2267 1442 2283 ’
1475 2252 1569 2304 καὶ
1601 2252 1720 2321 μετ’
1750 2255 1884 2306 ὑπο-

299 2341 475 2407 ταγῆς
505 2355 564 2392 τε
616 2339 710 2393 καί⁵
754 2341 978 2413 εἱρὴνης
1018 2341 1080 2394 τὸ
1129 2343 1231 2412 τῆς
1279 2343 1554 2406 διακονίας
1601 2346 1884 2400 ἐκτελέσαι

301 2429 526 2494 ἕκαστος
559 2429 802 2501 ἔρχεται.
845 2432 1123 2486 Ἀπελθὼν
1151 2434 1244 2488 οὖν
1277 2436 1419 2502 μετὰ
1463 2436 1561 2507 τὴν
1596 2437 1884 2507 συγχώρη-

304 2538 387 2574 σιν
419 2526 510 2575 καὶ
537 2523 790 2590 εὐλογίαν
842 2523 951 2578 τῶν
980 2525 1170 2594 ἱερέων
1211 2527 1238 2578 ὁ
1281 2525 1558 2596 δεύτερος,
1593 2528 1782 2600 ἐπειδὴ
1814 2529 1883 2582 τά

299 2615 565 2685 προοίμια
589 2617 689 2685 τῆς
726 2616 1038 2687 ἱερουργίας
1064 2618 1234 2682 τελεῖ,
1265 2620 1360 2671 καὶ
1395 2620 1471 2682 ὡς
1496 2619 1565 2672 τά
1592 2621 1881 2691 δευτεραῖα

225 2750 228 2752 ν
294 2709 390 2763 τοῦ
448 2709 669 2780 πρώτου
712 2709 852 2781 ἔχων
914 2713 1106 2776 ἐστὶν,
1138 2712 1170 2780 ἢ
1206 2712 1408 2781 μᾶλλον
1457 2715 1635 2767 εἰπεῖν
1675 2714 1742 2767 τά
1771 2715 1881 2768 τῶν

295 2803 592 2873 προφητῶν
621 2802 882 2871 ἐμφαίνει
909 2803 1118 2856 τυπικά
1152 2803 1454 2873 αἰνίγματα
1489 2807 1584 2858 καὶ
1619 2805 1880 2876 πράγμα-

1994 1885 2050 1930 et
2077 1879 2395 1933 sacerdotes
2423 1887 2478 1933 et
2506 1881 2816 1950 episcopos,
2850 1892 2904 1935 et
2933 1881 3202 1950 clericos;
3233 1893 3288 1938 et
3317 1884 3578 1939 benedic-

2001 1967 2206 2022 tionem
2267 1971 2596 2042 participant
2647 1980 2701 2028 et
2735 1973 3095 2030 humilitatem
3140 1987 3362 2032 servant
3395 1988 3449 2031 et
3483 1992 3580 2032 0r-

1989 2058 2194 2114 dinem.
2257 2060 2323 2116 Et
2375 2063 2442 2116 ad
2499 2063 2668 2127 Deum
2722 2081 2846 2119 cum
2900 2067 3280 2122 benedictione
3311 2079 3366 2122 ct
3419 2073 3575 2126 venia

1989 2151 2276 2206 accedunt.
2309 2151 2374 2206 Et
2406 2169 2528 2207 cum
2582 2155 2888 2210 obedientia
2925 2163 2979 2210 ct
3013 2173 3148 2227 pace
3197 2161 3578 2229 unusquisque

1988 2244 2075 2297 sui
2137 2245 2433 2300 ministerii
2487 2246 2680 2303 ciliciis
2730 2248 2998 2317 fungitur.
3059 2251 3354 2319 Postquam
3410 2252 3576 2319 igitur

1987 2344 2108 2404 post
2137 2336 2358 2390 veniam
2389 2347 2442 2393 et
2466 2339 2928 2403 benedictionem,
2967 2344 3242 2398 secundus
3286 2359 3352 2398 ex
3389 2358 3581 2400 sacer-

1986 2427 2209 2483 dotibus
2239 2429 2487 2495 recessit,
2531 2431 2625 2498 qui
2675 2438 2950 2490 secundus
2990 2445 3076 2490 est
3117 2440 3375 2506 quoniam
3408 2439 3579 2490 sacri-

1989 2521 2036 2574 ti-
2061 2522 2093 2574 ii
2125 2528 2389 2590 prommia
2431 2527 2649 2580 coniicit
2673 2535 2728 2581 et
2757 2536 3012 2597 tanquam
3049 2531 3347 2586 secundum
3395 2532 3576 2585 locum

1984 2611 2169 2666 habet.
2209 2615 2310 2668 Hic
2360 2617 2506 2669 enim
2558 2620 2946 2687 prophetatum
3013 2623 3195 2691 elypica
3243 2623 3574 2692 aenigmata,

1986 2706 2100 2760 sive
2140 2721 2228 2759 res
2258 2710 2374 2761 sive
2400 2723 2686 2764 sermones
2732 2711 3065 2766 manifestat.
3111 2713 3163 2766 In
3200 2715 3576 2782 propositione

1982 2799 2128 2850 enim
2160 2798 2290 2852 dicit
2316 2815 2434 2868 qua:
2470 2802 2535 2856 ad
2569 2803 3000 2858 immolationem
3029 2814 3083 2859 et
3113 2818 3342 2859 mortem
3366 2807 3573 2861 Chrzsti

1985 2890 2260 2954 pertinent
2319 2893 2461 2962 apud
2507 2895 2700 2950 Isaiam
2733 2906 2785 2950 et
2837 2909 3062 2952 (αξιοι-οε
3122 2901 3459 2968 prophetas;
3520 2907 3578 2954 ct

294 2987 426 3057 περὶ
461 2989 560 3055 τῆς
594 2988 815 3057 σφαγῆς
853 2990 949 3042 καὶ
980 2990 1076 3042 τοῦ
1113 2991 1350 3044 θανάτου
1395 2993 1660 3060 Χριστοῦ,
1689 2995 1754 3047 ἐκ
1784 2994 1870 3048 τοῦ

1981 2981 2110 3034 dum
2140 2984 2450 3040 oblationes
2484 2999 2887 3055 praeparantur,
2919 2989 3174 3060 Baptista:
3215 3002 3370 3046 actus
3399 3005 3574 3058 usque

303 3079 529 3132 Ἦσατου
579 3081 674 3134 καὶ
721 3081 830 3133 τῶν
873 3081 1100 3148 λοιπῶν,
1138 3084 1232 3136 καὶ
1268 3085 1326 3136 ἐν
1369 3085 1445 3154 τῷ
1473 3089 1540 3138 τά
1571 3085 1718 3155 δῶρα
1746 3104 1870 3154 προ-

1981 3070 2046 3123 ad
2075 3069 2289 3124 Domini
2328 3074 2646 3144 adventum.
2683 3075 2922 3146 Baptista
2954 3078 3122 3143 enim,
3160 3079 3290 3132 dum
3327 3082 3572 3148 baptiza-

291 3171 626 3240 ετοιμάζειν,
657 3173 752 3225 καὶ
778 3173 872 3226 τοῦ
912 3173 1219 3228 Βαπτιστοῦ
1264 3175 1502 3241 ἅπαντα,
1529 3177 1633 3240 ἕως
1661 3173 1826 3248 ἦλθεν
1851 3179 1870 3230 ἐ

1981 3162 2076 3217 hat
2102 3203 2117 3229 ,
2154 3163 2434 3219 Christum
2503 3168 2829 3235 pra’dicahat
2858 3177 2912 3224 et
2946 3185 3070 3224 eum
3126 3172 3484 3226 annuntiabat
3517 3182 3598 3226 οι·

293 3263 520 3333 Κύριος·
553 3264 580 3316 ὁ
619 3263 933 3331 Βαπτιστὴς
964 3267 1069 3334 γὰρ
1105 3264 1384 3334 βαπτίζων
1419 3265 1653 3337 Χριστὸν
1704 3269 1870 3321 ἐδίδα-

1983 3255 2089 3324 ipsi
2142 3257 2515 3332 ministrabat_.
2557 3258 2610 3312 Id
2673 3261 2837 3329 igitur
2888 3265 3114 3318 secundi
3169 3265 3456 3318 sacerdotii
3487 3274 3572 3321 est

290 3370 412 3416 σκε,
444 3357 540 3408 καὶ
573 3356 702 3424 περὶ
737 3353 910 3408 αὑτοό
944 3356 1232 3425 κηρύττων
1261 3353 1350 3429 ἦν,
1387 3358 1482 3411 καὶ
1516 3359 1666 3428 αὐτῷ
1698 3360 1870 3431 ὑπῆρ-

1981 3348 2240 3404 cilicium.
2273 3351 2400 3406 Abit
2435 3353 2603 3421 igitur
2636 3354 2726 3409 hic
2757 3363 2811 3408 cl
2837 3369 2962 3410 cum
3011 3357 3239 3426 reliquis
3271 3359 3572 3414 sacerdoti-

287 3463 382 3516 χεν
413 3447 726 3516 ὑπηρετῶν,
770 3448 865 3501 καὶ
912 3448 1150 3502 ἐνταῦθα
1185 3452 1211 3503 ὁ
1255 3450 1511 3520 δεύτερος
1541 3451 1649 3504 τῶν
1684 3452 1870 3522 ἱερέων

1982 3442 2081 3495 bus
2119 3457 2308 3500 saetas
2338 3455 2516 3501 vestes
2557 3447 2751 3501 induit.
2788 3445 2897 3501 Ter
2936 3447 3096 3517 igitur
3133 3465 3191 3504 se
3240 3458 3364 3504 ante
3400 3450 3449 3503 al
3474 3465 3573 3506 are

291 2911 359 2946 τα
392 2896 484 2946 καὶ
536 2893 890 2964 κηρύγματα,
924 2895 982 2947 ὲν
1029 2899 1096 2966 τῇ
1143 2897 1400 2966 προθέσει
1451 2899 1560 2969 γάρ
1613 2899 1762 2968 λέγει
1810 2902 1880 2955 τὰ

288 3540 573 3608 ὑπηρετεῖ.
620 3537 948 3609 ’Δπέρχεται
990 3534 1084 3592 οὖν
1122 3540 1298 3606 οὗτος,
1333 3543 1427 3594 καὶ
1461 3545 1599 3611 μετὰ
1623 3543 1732 3596 τῶν
1761 3544 1876 3599 λοιο

288 3630 406 3682 πῶν
438 3629 635 3701 ἱερέων
685 3631 755 3684 τά
787 3633 1039 3700 ἱερατικά
1067 3634 1452 3703 περιϐάλλεται
1481 3634 1682 3704 ἄμφια.
1736 3636 1872 3707 Τρὶς

286 3726 396 3794 γάρ
445 3727 834 3796 προσκυνήσας
879 3725 974 3778 τοῦ
1036 3728 1430 3798 θυσιαστηρίου
1477 3726 1730 3793 ἐνώπιον,
1775 3732 1869 3783 καὶ

286 3815 428 3888 άπερ
461 3815 665 3887 ηὔξατο
693 3820 722 3870 ὁ
754 3820 1065 3890 ἀρχιερεὺς,
1094 3818 1391 3887 εὐξάμενος
1424 3819 1516 3872 καὶ
1547 3821 1734 3886 αὐτὸς,
1771 3821 1868 3874 καὶ

284 3911 382 3978 τὴν
412 3908 566 3976 ἱερὰν
598 3909 985 3975 ἀσπασάμενος
1012 3910 1312 3979 τράπεζαν,
1346 3911 1560 3975 δεικνὺς
1594 3914 1693 3982 τὴν
1728 3915 1864 3985 πρξις

285 4001 418 4054 Θεὸν
443 4002 663 4072 ἀγάπην
687 4001 854 4056 αὐτοῦ
886 4004 980 4056 καὶ
1012 4006 1113 4072 την
1147 4004 1360 4066 ἕνωσιν,
1396 4005 1488 4056 καὶ
1518 4005 1600 4057 ὅτι
1635 4005 1742 4058 άπὸ
1768 4005 1862 4058 τοῦ

287 4096 674 4165 θυσιαστηρίου
704 4095 986 4165 ἡγίασται.
1026 4096 1297 4148 Ἕκαστον
1342 4097 1560 4164 εὐλογεῖ
1602 4098 1677 4160 ὡς
1710 4100 1806 4151 καὶ
1835 4100 1862 4152 ὁ

283 4189 576 4258 ἀρχιερεὺς
615 4186 728 4241 τῶν
755 4188 918 4258 ἱερῶν
949 4188 1264 4258 ἐνδυμάτων
1294 4207 1350 4241 τε
1384 4189 1481 4241 καὶ
1508 4189 1817 4253 ἀσπάζεται
1841 4207 1857 4221 ο

282 4281 375 4334 καὶ
418 4278 562 4332 οὕτω
614 4278 680 4352 δὴ
723 4279 1128 4350 περιϐάλλεται,
1161 4279 1394 4346 δεικνὺς,
1431 4279 1508 4343 ὠς
1546 4280 1858 4350 ἡγιασμένοι

281 4373 411 4433 είσὶ,
454 4371 550 4424 καὶ
581 4372 638 4424 ὲν
661 4369 739 4440 τῷ
767 4372 986 4439 σταυρῷ
1023 4372 1118 4425 τοῦ
1148 4371 1386 4442 Χριστοῦ
1418 4372 1728 4440 ἁγιάζεται,
1763 4373 1854 4425 καὶ

281 4463 556 4531 άγιασμοῦ
591 4463 924 4533 μεταδοτικά
943 4465 1049 4517 εἱσι
1076 4466 1238 4519 πάλιν
1267 4465 1661 4534 ὑπενδυόμενα.
1695 4467 1851 4535 Περι-

1977 3535 2296 3602 prosternit,
2327 3544 2380 3590 et
2411 3553 2601 3605 preces
2635 3554 2772 3608 quas
2827 3541 3022 3594 recitat
3068 3544 3356 3611 episcopus
3378 3586 3394 3608 ,
3454 3543 3569 3612 ipse

1975 3626 2144 3697 dicit;
2206 3636 2259 3679 ct
2311 3645 2524 3684 sacram
2585 3645 2830 3684 mensam
2895 3632 3202 3697 osculatur,
3267 3637 3568 3688 ostendens

1973 3741 2127 3779 suam
2171 3723 2430 3778 'm.Deum
2463 3723 2784 3776 charitatem
2817 3732 2872 3777 et
2913 3740 3035 3778 cum
3087 3741 3153 3778 eo
3187 3729 3442 3780 unionem
3465 3767 3481 3790 ,
3512 3740 3566 3780 et

1973 3831 2032 3871 se
2061 3832 2156 3887 per
2183 3816 2353 3869 altare
2389 3812 2754 3868 sanctiﬁcari.
2799 3813 3238 3884 Unumquodque
3283 3817 3565 3871 indumen-

1974 3915 2153 3959 torum
2183 3904 2476 3969 benedicit,
2509 3913 2568 3957 ut
2598 3903 2919 3972 episcopus,
2966 3913 3021 3958 et
3049 3905 3346 3958 osculatur.
3395 3903 3458 3958 Et
3483 3907 3565 3961 sic

1970 3997 2137 4066 ig7tur
2169 4007 2348 4052 vestes
2404 4011 2595 4051 sacras
2648 3995 2878 4062 induit,
2933 3997 3230 4049 ostendens
3283 4011 3376 4049 eas
3432 4012 3560 4051 esse

1969 4088 2379 4154 sanctiﬁcatas,
2425 4089 2563 4142 etin
2618 4103 2784 4144 cruce
2851 4087 3059 4141 Christi
3114 4088 3449 4142 sanctitlcari
3505 4097 3560 4142 et

1972 4197 2166 4236 rursus
2223 4181 2448 4236 indutas
2495 4182 2982 4236 sanctiﬁcationem
3025 4182 3258 4235 tradere.
3307 4180 3561 4249 Quinque

1967 4273 2211 4328 vestibus
2236 4274 2629 4334 circumdatur,
2659 4284 2917 4334 tanquam
2953 4282 3008 4328 et
3035 4275 3148 4342 ipse
3177 4284 3559 4349 consecratus,

1959 4377 2014 4420 ct
2075 4374 2487 4420 consecrantem
2551 4366 2780 4434 gratiam
2844 4366 3072 4421 habens.
3112 4368 3362 4435 Quinque
3409 4369 3554 4421 enim

1960 4466 2088 4511 sunt
2122 4457 2348 4526 perfecti
2376 4471 2573 4512 sensus
2597 4456 2840 4526 corporis
2871 4468 2924 4512 et
2949 4457 3190 4528 quinque
3219 4458 3415 4513 anima:
3443 4459 3558 4511 vir-

282 4554 535 4607 6άλλεται
561 4549 654 4607 οὖν
680 4554 840 4607 πέντε
871 4553 1169 4625 ἐνδύματα,
1200 4555 1274 4617 ὡς
1301 4555 1507 4618 τέλειος
1546 4559 1639 4610 καὶ
1667 4557 1855 4622 αὐτὸς,

1977 4559 2134 4615 mles,
2161 4564 2298 4618 quas
2337 4549 2596 4604 sacerdos
2633 4549 2938 4603 sanctiﬁcat
2964 4589 2979 4614 ,
3019 4549 3305 4618 haptizans
3336 4559 3390 4602 et
3422 4564 3556 4603 san-

280 4645 373 4699 καὶ
401 4646 733 4699 τελειοποιδν
755 4645 896 4716 ἔχων
918 4647 1096 4718 χάριν,
1127 4647 1292 4700 Πέντε
1323 4646 1430 4718 γὰρ
1456 4649 1510 4700 αἱ
1544 4647 1750 4702 τέλειαὶ
1784 4651 1861 4702 εἱ-

282 4756 364 4792 σιν
407 4740 691 4811 αἰσθήσεις
736 4740 832 4792 τοῦ
868 4741 1146 4809 σώματος,
1182 4739 1279 4794 καὶ
1312 4743 1475 4796 πέντε
1507 4742 1564 4794 αἱ
1593 4742 1858 4811 δυνάμεις

277 4829 375 4898 τῆς
401 4829 605 4901 ψυχῆς,
643 4830 709 4894 ἃς
763 4832 858 4884 καὶ
880 4833 908 4884 ὀ
943 4831 1123 4899 ἱερεὺς
1156 4830 1394 4898 ἁγιάζει,
1449 4831 1730 4900 βαπτίζων
1763 4832 1860 4884 καὶ

275 4921 519 4986 ἁγιάζων
548 4922 638 4974 τὸν
661 4920 966 4989 ἄνθρωπον.
1004 4921 1159 4974 Ἐστι
1209 4921 1264 4972 δὲ
1314 4922 1348 4974 ἃ
1387 4920 1634 4974 ἐνδύεται
1670 4923 1859 4990 στιχά-

276 5027 410 5078 ριον,
443 5011 854 5080 ὲπιτραχήλιον,
911 5011 1080 5080 ζώνη,
1122 5011 1468 5078 ὲπιμανίκια,
1528 5010 1624 5064 καὶ
1665 5013 1858 5078 φαινό-

271 5102 406 5157 λιον.
442 5104 629 5155 Λευκά
668 5103 726 5156 δὲ
755 5102 926 5157 ταῦτα
983 5103 1072 5156 διὰ
1135 5103 1194 5156 τὸ
1222 5102 1466 5171 καθαρὸν
1495 5103 1594 5172 τῆς
1631 5104 1856 5173 χάριτός

269 5211 327 5246 τε
355 5194 448 5247 καὶ
491 5196 785 5263 φωτεινόν·
820 5192 1079 5257 πολλάκις
1124 5193 1180 5246 δὲ
1231 5194 1326 5246 καὶ
1372 5197 1658 5263 πορφύρεα
1714 5194 1855 5247 κατά

269 5287 464 5355 καιρὸν
495 5285 608 5339 τῶν
634 5285 920 5354 νηστειῶν,
954 5284 1045 5339 διά
1074 5300 1138 5348 γε
1169 5283 1228 5336 τὸ
1251 5283 1463 5337 πενθεῖν
1495 5286 1640 5354 ἡμᾶς
1672 5285 1854 5354 άμαρ-

265 5377 561 5448 τήσαντας,
591 5378 685 5430 καὶ
716 5377 803 5429 διὰ
833 5377 926 5429 τὸν
964 5376 1242 5444 σφαγέντα
1284 5375 1426 5443 ὑπὲρ
1469 5376 1647 5444 ἡμῶν,
1677 5377 1740 5428 ἵν’
1772 5378 1852 5442 εἱς

269 5469 584 5540 ὑπόμνησιν
618 5468 863 5529 ἐλθόντες
891 5467 984 5520 τοῦ
1022 5467 1230 5530 πάθους
1261 5467 1449 5534 αὑτοῦ,
1483 5467 1644 5519 αὐτὸν
1678 5487 1852 5539 μιμη-

269 5562 517 5631 σώμεθα,
563 5560 592 5614 ὃ
638 5562 730 5615 καὶ
785 5562 1050 5631 μέλλομεν
1095 5559 1396 5632 ἑορτάζειν.
1450 5560 1606 5622 Τινὲς
1643 5561 1698 5614 δὲ
1743 5563 1852 5615 τῶν

269 5651 504 5720 πρώτων
566 5652 972 5722 πρεσσυτέρων,
1033 5650 1154 5721 ἦτοι
1200 5652 1250 5702 οἱ
1297 5651 1687 5720 σταυροφόροι,
1737 5653 1848 5705 τῶν

264 5743 709 5815 ἁρχιμανδριτῶν
762 5745 821 5796 τέ
875 5760 1038 5807 τινες,
1091 5744 1184 5794 καὶ
1236 5742 1580 5809 ὲπιγονάτιον
1641 5742 1845 5811 έχουσι.

265 5835 438 5889 Τοῦτο
469 5836 528 5890 δὲ
570 5837 708 5892 κατὰ
734 5836 948 5906 δωρεάν
1005 5838 1154 5889 ἐστιν
1185 5833 1605 5906 ἀρχιερατικὴν,
1641 5833 1716 5898 ὡς
1751 5836 1846 5888 καὶ

1964 4642 2210 4697 ctiticans
2241 4641 2538 4697 hominem.
2568 4640 2756 4696 Vestes
2797 4642 2964 4713 igitur
3009 4656 3146 4710 quas
3191 4642 3400 4702 induit.
3425 4651 3555 4697 sunt

1968 4734 2327 4802 sticharium,
2385 4728 2842 4803 epitrachelium,
2892 4749 3067 4803 zona,
3117 4732 3445 4804 eplmanicia
3497 4743 3557 4788 et

1959 4827 2320 4898 phaenolium.
2371 4827 2525 4880 Alba.
2559 4837 2742 4881 autem
2790 4837 2921 4882 sunt
2946 4867 2960 4888 .
2989 4834 3208 4896 propter
3237 4832 3424 4894 gratiae
3453 4842 3556 4896 pu-

1962 4924 2264 4997 rltatetn‘ac
2297 4919 2644 4990 splendorem
2683 4937 2698 4986 ;
2729 4935 2871 4988 saepe
2907 4933 3038 4974 vero
3071 4920 3270 4983 rubrae,
3302 4929 3552 4989 tempore
3623 4989 3632 4997 α

1955 4993 2312 5079 ieiuniorum,
2363 5018 2422 5064 ut
2473 5024 2584 5064 eos~
2623 5010 2718 5078 qui
2755 5020 3118 5078 peccaverunt
3173 5010 3439 5080 poeniteat
3492 5019 3549 5062 et

1959 5111 2184 5171 propter
2217 5101 2350 5155 Eum
2387 5102 2480 5168 qui
2520 5116 2619 5169 pro
2656 5102 2814 5156 nobis
2874 5101 3188 5156 immolatus
3239 5110 3356 5165 est,
3387 5109 3446 5153 nt
3480 5103 3548 5155 ad

1959 5191 2273 5246 memoriam
2309 5191 2581 5261 passionis
2633 5191 2754 5260 ejus
2814 5194 3105 5247 redeuntes
3129 5231 3144 5254 ,
3195 5190 3332 5244 Eum
3371 5192 3548 5245 imitv-
3588 5265 3592 5270 δ

1957 5300 2107 5352 mur;
2139 5300 2300 5355 quam
2335 5287 2643 5355 passionem
2679 5287 2730 5340 in
2766 5301 2833 5341 eo
2865 5301 3058 5340 sumus
3086 5294 3145 5339 ut
3181 5285 3546 5341 celebremus.
3593 5271 3613 5325 ’-

1957 5373 2190 5442 Quidam
2223 5386 2404 5430 autem
2443 5378 2745 5444 primorum
2778 5377 3247 5446 presbyterorum,
3281 5376 3315 5429 ii
3347 5367 3544 5444 nempe

1956 5468 2050 5538 qui
2087 5483 2309 5523 crucem
2341 5477 2580 5537 gestant,
2619 5479 2672 5522 et
2703 5469 2922 5538 quidam
2949 5466 3392 5522 archintandriue
3421 5484 3545 5536 gre-

1961 5558 2124 5612 miale
2158 5558 2379 5612 habent.
2423 5558 2533 5611 Iloc
2565 5567 2746 5611 autem
2773 5557 3056 5627 dignitatis
3085 5560 3412 5627 episcopalis
3436 5572 3540 5614 est.

1959 5648 2130 5703 Nemo
2163 5651 2331 5713 enim,
2374 5659 2605 5719 excepto
2630 5650 2905 5719 episcopo,
2943 5664 3134 5704 cruces
3183 5649 3238 5702 in
3271 5650 3544 5718 phamolin

1953 5752 2005 5796 et
2045 5757 2210 5811 supra
2241 5753 2404 5812 caput
2438 5754 2655 5812 gestare
2705 5752 2905 5812 potest,
2949 5758 3121 5814 neque
3151 5744 3432 5814 gremiale.
3469 5743 3540 5796 Iis

1951 5843 2154 5900 tamen.
2187 5848 2253 5891 00
2283 5835 2429 5905 quod
2464 5851 2574 5906 pm
2605 5836 2728 5893 aliis
2775 5838 2930 5906 primi
2961 5836 3199 5891 ordinati
3233 5844 3386 5900 sunt,
3415 5848 3543 5886 crus-
3605 5856 3612 5862 -
