4114 6272
500 375 605 449 963

1351 381 1735 444 SYMEONIS
1769 379 2533 442 TIIESSALONICENSIS
2570 378 2928 442 ARCHlEP.

3675 383 3782 448 ιιι

499 514 616 556 cem
650 497 848 552 habere
883 511 1048 568 supra
1079 505 1243 566 caput
1269 503 1322 550 ct
1361 496 1622 566 gremiale
1667 496 1720 550 in
1761 495 1948 548 divino
1991 509 2077 548 sa-
2105 496 2139 556 Α

2261 498 2514 566 σταυρός.
2572 496 2762 558 Οὐδεὶς
2792 496 2905 565 γὰρ
2959 494 3098 563 πλὴν
3149 497 3241 548 τοῦ
3293 495 3598 566 ἀρχιερέως
3643 498 3778 556 τοὺς

502 587 712 642 oriﬁcio
735 597 951 658 gestare
991 588 1170 651 datur;
1210 587 1467 656 quoniam
1495 602 1622 640 cum
1673 583 2003 646 sacerdotio,
2035 584 2089 636 et

500 677 703 745 judicis
741 666 1141 734 ordinationem
1177 681 1402 741 hahent,
1435 679 1734 732 maximum
1761 678 1813 731 in
1841 675 2086 731 Ecclesia

507 769 867 822 ministerium
914 791 926 824 :
971 769 1118 837 iique
1177 781 1419 840 pastores
1476 768 1781 822 animarum
1830 776 1886 821 et
1914 823 1922 834 κ
1955 779 2083 835 pro-

503 868 786 914 curatores
839 861 1120 916 constituti
1161 868 1288 914 sunt
1319 867 1373 913 et
1422 857 1671 930 quzedam
1732 858 1887 927 signa
1925 856 2088 928 primi

505 951 753 1006 Pastoris
783 950 984 1012 ferunt,
1024 960 1082 1006 ut
1120 960 1174 1006 et
1205 950 1357 1005 illum
1388 950 1692 1004 imitentur.

2194 587 2464 656 σταυρούς
2518 605 2578 640 τε
2619 589 2676 640 ἐν
2703 587 2780 657 τῷ
2815 587 3077 656 φαινολίῳ
3121 589 3216 640 καὶ
3248 586 3341 639 ἐπὶ
3381 588 3650 658 κεφαλῆς,
3681 589 3781 641 καὶ

2192 675 2252 728 τὸ
2279 676 2622 743 ἐπιγονάτιον
2652 678 2839 744 φορεῖν
2867 673 3115 729 δύναται.
3151 674 3376 737 Τούτοις
3407 675 3462 728 δὲ
3495 677 3646 744 ὅμως
3679 676 3770 729 διὰ

2191 767 2252 819 τὸ
2291 767 2542 838 πρώτους
2567 768 2679 821 τῶν
2701 768 2878 823 ἄλλων
2911 768 3362 838 χειροτονεῖσθλι,
3397 769 3458 821 τὸ
3489 769 3582 822 ἐπὶ
3611 785 3784 838 κεφαο

2191 861 2289 927 λῆς
2354 860 2501 929 ἐχειν
2560 860 2797 929 σταυρὸν
2853 860 3039 928 μόνον,
3069 863 3164 915 καὶ
3215 859 3558 928 ὲπιγονάτιον
3605 862 3666 914 ἐν
3711 861 3782 932 τῇ

2195 951 2478 1020 ἱερουργίᾳ
2541 953 2730 1021 φορεῖν
2784 951 3006 1006 δῖδοται.
3062 952 3215 1005 Ἐπεὶ
3278 953 3418 1020 μετὰ
3461 953 3558 1021 τῆς
3622 952 3786 1021 ἱερω-

508 1044 674 1117 σύνης
722 1046 818 1098 καὶ
846 1045 1036 1114 κριτοῦ
1070 1045 1404 1114 χειροτονίαν
1435 1047 1482 1098 οἱ
1516 1045 1613 1114 μὲν
1638 1044 1822 1115 ἔχουσι
1854 1043 1948 1097 καὶ
1973 1041 2249 1107 διακονίας
2283 1046 2551 1116 μεγίστης
2587 1047 3049 1117 ἐκκλησιαστικῆς
3111 1063 3292 1110 τινος·
3357 1048 3406 1100 οἱ
3463 1047 3519 1100 δὲ
3591 1048 3786 1116 ποιμέ-

507 1161 593 1207 vs;
642 1143 832 1212 ψυχῶν
873 1143 968 1198 καὶ
1015 1143 1290 1212 οἰκονόμοι
1327 1142 1707 1206 καθίστανται,
1744 1141 1838 1196 καὶ
1873 1141 2076 1209 σημεῖά
2127 1157 2250 1195 τινα
2295 1146 2525 1213 φέρουσι
2577 1143 2674 1196 τοῦ
2709 1143 2930 1214 πρώτου
2975 1144 3238 1213 ποιμένος
3332 1142 3404 1206 ὥς
3447 1143 3513 1196 ἂν
3575 1144 3785 1198 ἐκεῖνον

509 1237 875 1307 ἐκμιμῶνται.

1011 1329 1242 1386 CAPUT
1278 1329 1566 1385 LXXXIV.

556 1424 630 1478 De
665 1425 769 1479 illis
793 1441 908 1493 quat
942 1427 992 1478 iu
1027 1425 1297 1494 offertoria
1346 1425 1450 1477 sive
1484 1423 1645 1475 missa
1677 1431 2022 1490 peraguntur.

587 1521 854 1572 Sacerdos
884 1521 976 1586 qui
1025 1519 1300 1572 secundas
1350 1517 1512 1570 hanet
1562 1516 1614 1568 in
1684 1515 2096 1584 propositzone,

511 1607 700 1662 abiens
737 1623 860 1662 eum
913 1607 1151 1662 diacono
1202 1607 1294 1675 qui
1348 1623 1503 1662 sacra
1562 1620 1691 1660 vasa
1744 1605 2094 1674 praeparavit,

512 1710 801 1767 postquam
839 1709 923 1753 ter
951 1701 1117 1754 Deum
1151 1701 1424 1765 adoravit,
1463 1699 1592 1752 facit
1637 1697 2098 1752 benedictionem.

2795 1327 3044 1381 ΚΕΦΑΛ.
3080 1329 3202 1381 DA'.

2335 1413 2472 1481 nep}
2505 1412 2625 1466 τῶν
2649 1415 2722 1466 ἐν
2751 1412 2826 1482 τῇ
2847 1413 3230 1482 προσκομιδῇ
3263 1416 3669 1482 τελουμένων.

2290 1507 2348 1557 ὐ
2378 1507 2714 1575 δευτερεύων
2744 1507 2800 1560 δὲ
2829 1507 2937 1560 τῶν
2972 1508 3161 1576 ἱερέων
3186 1507 3245 1560 ἐν
3277 1511 3341 1577 τῇ
3385 1507 3644 1577 προθέσει
3679 1510 3789 1562 ἁπ-

2205 1598 2376 1652 ε).θὼν
2409 1599 2547 1668 μετᾶ
2577 1599 2830 1652 διακόνου
2875 1599 2970 1651 τοῦ
3009 1599 3080 1652 τὰ
3113 1601 3233 1668 ἱερὰ
3278 1599 3446 1670 σκεύη
3485 1617 3792 1670 προευτρεο

2201 1691 2480 1758 πίσαντος,
2517 1691 2908 1760 προσκυνήσας
2936 1691 3056 1762 τρὶς
3083 1691 3164 1761 τῷ
3193 1692 3334 1762 Θεῷ.
3377 1695 3614 1745 ποιεῖται
3637 1693 3792 1746 εὐλοο

515 1789 573 1843 Et
608 1807 671 1845 ex
709 1790 944 1859 panibus
982 1791 1165 1844 allatis
1198 1805 1368 1844 unum
1407 1804 1630 1845 Smnens
1667 1791 1847 1858 signat
1875 1787 2102 1856 cuspide
2136 1800 2139 1854 ι

2222 1785 2405 1852 γητὸν·
2439 1786 2534 1837 καὶ
2578 1787 2643 1837 ἐκ
2677 1784 2787 1838 τῶν
2824 1786 3286 1854 προσφερομένων
3332 1785 3516 1854 ἄρτων
3563 1785 3660 1838 ἕνα
3695 1786 3794 1838 λα-

515 1882 570 1935 in
601 1880 828 1934 formam
860 1881 1066 1943 cruris,
1108 1891 1165 1936 ιιι
1197 1883 1496 1936 salutarem
1530 1881 1732 1934 Christi
1787 1879 2098 1947 passionem

2222 1875 2335 1942 ἰὼν,
2369 1878 2667 1946 σφραγίζει
2715 1876 2905 1932 τοῦτον
2943 1877 3086 1946 μετὰ
3120 1879 3217 1947 τῆς
3257 1879 3459 1948 λόγχης
3503 1896 3794 1950 σταυροει·

452 1967 457 1977 ’
517 1981 885 2042 reprtesentet,
921 1981 976 2028 et
1019 1976 1342 2027 memoriam
1405 1972 1592 2036 faciat,
1645 1981 1706 2026 ut
1755 1971 1962 2025 dictum
1994 1981 2101 2034 est,

2222 1970 2330 2036 ἰῶς,
2361 1969 2421 2023 τὸ
2475 1971 2744 2040 σωτήριον
2791 1970 2961 2034 πάθος
3011 1971 3357 2038 ἐξεικονέζων
3395 1973 3656 2043 Χριστοῦ,
3695 1979 3794 2028 καὶ

515 2066 636 2137 ejus
665 2066 941 2121 dolorum.
988 2063 1056 2120 Et
1086 2076 1169 2119 ter
1205 2065 1356 2119 addit
1391 2081 1406 2120 :
1449 2085 1466 2116 ι
1513 2065 1572 2119 1η
1624 2064 1945 2118 memoriam
2000 2062 2104 2117 Do-

2222 2064 2314 2115 ςῶν
2361 2062 2529 2116 αὑτοῦ
2585 2064 2954 2134 μεμνημένος,
3001 2064 3076 2128 ὼς
3129 2063 3371 2134 εἴρηται,
3421 2065 3792 2135 παθημάτων.

518 2157 650 2214 mini
705 2167 761 2213 et
815 2157 906 2211 Dei
961 2166 1014 2212 et
1071 2158 1372 2212 Salvatoris
1412 2157 1586 2212 nostri
1619 2152 1746 2212 Jesu
1778 2155 2024 2216 Christi';
2079 2174 2098 2205 ι

2222 2157 2316 2210 Καὶ
2347 2157 2464 2225 τρὶς
2497 2156 2762 2224 ἐπιλέγει,
2804 2176 2823 2208 ι
2853 2158 2945 2221 Εἰς
2980 2158 3292 2227 ἀνάμνησιν
3326 2159 3420 2212 τοῦ
3457 2159 3660 2229 Κυρίου
3695 2161 3796 2214 καὶ

520 2252 813 2307 manifeste
841 2253 1160 2315 ostendens,
1191 2251 1341 2320 quod
1374 2248 1876 2319 Ejustraditionem
1909 2262 2105 2317 opera-

2222 2246 2343 2300 θεοῦ
2382 2248 2475 2301 καὶ
2509 2248 2767 2318 Σωτῆρος
2821 2249 2982 2318 ἡμῶν
3022 2248 3197 2316 Ἰησοῦ
3232 2250 3492 2319 Χριστοῦ,
3518 2269 3538 2302 ι
3588 2253 3796 2324 προδή-

519 2356 630 2398 tur.
671 2344 873 2399 Deinde
921 2361 1016 2413 per
1069 2343 1351 2409 cuspidem
1411 2351 1814 2411 repraesentans
1849 2356 1970 2396 eam
2002 2356 2108 2410 qua

2222 2357 2313 2400 tu);
2337 2339 2576 2402 δεικνὺς,
2605 2338 2680 2402 ὡς
2706 2339 2806 2408 τὴν
2838 2340 3004 2392 αὑτοῦ
3041 2341 3256 2410 ἐνεργεῖ
3303 2343 3626 2410 παράδοσιν.
3660 2337 3796 2396 Εἶτα

525 2436 787 2490 Dominus
822 2438 1142 2491 vulneratus
1171 2445 1251 2490 est
1277 2472 1294 2498 ,
1335 2435 1527 2490 dividit
1575 2435 1630 2488 in
1679 2434 1834 2504 signo
1862 2433 2106 2487 oblatum

2222 2429 2296 2483 Ξιὰ
2322 2422 2420 2498 τῆς
2445 2429 2668 2499 λόγχης,
2695 2431 3037 2499 ἐκτυπούσης
3067 2432 3306 2502 ἐκείνην.
3335 2431 3406 2484 δι’
3428 2427 3494 2503 ἧς
3526 2431 3740 2501 ἐτρώθη
3767 2434 3797 2486 ὀ

526 2531 580 2583 in
640 2540 879 2599 quatuor
931 2539 1113 2598 partes
1170 2527 1286 2582 haec
1345 2525 1502 2580 Isaia:
1568 2525 1732 2579 verba
1796 2525 2043 2580 referens
2092 2541 2108 2579 :

529 2639 548 2674 ι
588 2620 868 2691 Tanquam
918 2621 1038 2675 ovis
1081 2621 1147 2674 ad
1202 2619 1538 2674 occisionem
1591 2617 1789 2672 ductus
1823 2626 1948 2679 est,
2005 2635 2023 2668 ι
2058 2627 2113 2671 et

523 2725 741 2779 caetera,
774 2713 1066 2768 ostendens
1093 2712 1516 2780 praenuntiatum
1576 2711 1910 2782 mysterium.
1959 2709 2113 2764 Post~

525 2821 689 2874 quam
715 2815 896 2858 autem
922 2804 1093 2858 dixit:
1117 2821 1136 2854 ι
1182 2801 1406 2858 Sublata
1435 2810 1520 2856 est
1552 2817 1581 2854 e
1613 2811 1759 2854 terra
1797 2802 1905 2854 vita
1935 2801 2107 2866 eius,»

527 2897 748 2964 oblique
796 2895 1083 2963 cuspidem
1141 2895 1498 2948 introducens
1524 2932 1540 2955 ,
1573 2895 1752 2946 aufert
1781 2906 1906 2946 cum
1957 2893 2115 2964 signo

525 2987 983 3058 quadripartitqu
1017 3001 1206 3055 panem
1238 2993 1290 3038 et
1323 2999 1448 3039 eum
1492 2985 1544 3038 in
1600 2985 1757 3040 disco
1796 2983 2041 3056 deponit.

1055 3271 1285 3329 CAPUT
1316 3270 1580 3327 LXXXV.

529 3369 670 3438 Quid
700 3369 909 3422 denotet
940 3368 992 3420 in
1028 3367 1265 3438 prothesi
1297 3369 1404 3420 sive
1431 3367 1627 3420 sacello
1655 3367 1724 3418 ad
1747 3367 1992 3420 dextram
2028 3367 2112 3420 be-

757 3441 915 3492 matis
948 3441 1050 3490 σξιο
1077 3437 1304 3491 rotunda
1339 3454 1539 3501 mensa,
1575 3449 1623 3490 et
1653 3439 1878 3505 reliqua.

602 3533 797 3589 Discus
856 3532 1020 3602 igitur
1071 3530 1274 3584 caelum
1340 3540 1736 3597 reprmsentat,
1805 3541 1857 3583 et
1907 3530 2113 3584 ideirco

533 3626 805 3682 rotundus
829 3630 933 3689 est,
966 3630 1021 3676 et
1058 3621 1349 3676 Dominum
1401 3622 1668 3677 caelorum
1708 3621 1969 3676 continet.
2009 3621 2112 3685 Qui

535 3728 717 3773 autem
769 3717 972 3772 dicitur
1021 3715 1362 3777 asteriscus,
1410 3717 1596 3768 stellas
1628 3726 1680 3768 et
1719 3730 1838 3769 eam
1895 3729 2013 3783 qua:
2062 3715 2113 3768 in

546 3810 833 3865 nativitate
893 3807 1097 3864 Christi
1153 3809 1447 3876 apparuit,
1486 3806 1729 3871 iudicat,
1793 3815 1852 3859 ut
1904 3816 1958 3858 et
1998 3806 2112 3858 vola

537 3901 854 3972 signiﬁcant
887 3899 1318 3963 lirmamentum,
1367 3912 1581 3966 pannos
1612 3907 1668 3953 et
1711 3897 1999 3951 sindonem
2032 3913 2119 3950 se-

535 3991 751 4064 pulchri
798 4003 853 4047 ct
881 3991 1244 4058 linteamina;
1296 3989 1456 4044 simul
1487 3991 1628 4043 enim
1655 3999 2016 4060 repraesentat
2064 3999 2120 4046 et

540 4100 661 4154 qua:
695 4083 761 4136 ad
818 4080 1250 4136 Incarnationem
1283 4087 1338 4133 et
1383 4093 1507 4147 quae
1547 4080 1614 4132 ad
1659 4079 2071 4136 cruciﬁxionem
2100 4118 2118 4144 ,

537 4175 664 4246 quia
703 4177 823 4229 ideo
866 4173 1185 4226 incarnatus
1217 4180 1304 4225 est
1361 4179 1420 4224 ut
1458 4185 1558 4241 pro
1592 4172 1750 4228 nobis
1786 4171 2116 4226 inttttoletut‘.

540 4267 643 4323 Sed
663 4277 716 4322 et
734 4264 1039 4336 Propusitio
1058 4262 1286 4334 ﬁguram
1305 4259 1468 4316 refert
1490 4261 1761 4332 speluncae
1778 4272 1830 4316 et
1850 4263 2116 4333 praesepii.

540 4361 690 4416 Calix
723 4372 852 4414 vero
892 4356 1161 4427 signiﬁcat
1189 4369 1314 4410 eum
1351 4353 1405 4408 in
1457 4371 1563 4425 qun
1593 4354 1850 4410 Christus
1899 4357 2124 4426 sangui-

544 4467 667 4507 nem
715 4464 877 4506 suum
927 4449 1299 4505 consecravit.
1347 4446 1474 4501 Ideo
1530 4458 1816 4517 postquam
1862 4446 2001 4502 dixit
2029 4464 2124 4504 eas

2213 2518 2438 2589 Κύριος,
2484 2521 2783 2589 ἀνατέμνειν
2816 2522 2874 2572 ἐν
2916 2525 2982 2591 τῇ
3018 2524 3279 2591 σφραγῖδι
3315 2523 3669 2594 τετραμερῶς
3695 2524 3798 2594 τὴν

2213 2613 2558 2683 προσφορὰν,
2591 2614 2660 2667 τὰ
2685 2614 2780 2667 τοῦ
2826 2614 3054 2668 Ἡσαΐου
3090 2617 3378 2681 ἐπιλέγων,
3419 2637 3437 2669 ι
3469 2618 3554 2679 Ὠς
3585 2617 3797 2684 πρόσι-

2213 2723 2302 2758 τον
2336 2709 2431 2760 ἐπὶ
2470 2707 2686 2776 σφαγὴν
2717 2706 2882 2777 ἢχθη,
2914 2726 2932 2758 ι
2969 2708 3063 2760 καὶ
3098 2710 3164 2761 τὰ
3193 2707 3376 2775 λοιπά,
3409 2709 3620 2772 δεικνὺς
3655 2722 3800 2778 προ-

2214 2798 2624 2867 κηρυττόμενον
2682 2799 2744 2850 τὸ
2794 2800 3118 2875 μυστήριον.
3158 2799 3287 2853 Ὅτε
3317 2799 3374 2852 δὲ
3409 2799 3572 2865 εἴποι,
3614 2819 3634 2850 ι
3671 2801 3798 2856 Ὅτι

2216 2889 2434 2959 αἴρεται
2460 2888 2570 2941 ἀπὸ
2603 2887 2702 2958 τῆς
2723 2891 2882 2959 γῆςή
2917 2890 3029 2960 ζωὴ
3060 2890 3244 2954 αὐτοῦ,
3278 2909 3298 2941 ι
3334 2895 3396 2944 ἐκ
3435 2891 3662 2956 πλαγίου
3691 2893 3796 2960 τὴν

2215 2981 2418 3051 λόγχην
2441 2982 2774 3048 εἰσαγαγὼν,
2811 2983 3031 3050 ἐκφέρει
3061 2981 3198 3050 μετὰ
3231 2984 3327 3047 τῆς
3352 2981 3465 3053 98
3495 2983 3796 3052 σφραγῖδος

2219 3073 2537 3144 τετραμερῆ
2565 3075 2653 3125 τὸν
2683 3075 2848 3143 ἄρτον
2873 3091 2888 3106 ο
2921 3075 3014 3128 καὶ
3047 3076 3124 3138 εἰς
3148 3074 3239 3128 τὸν
3263 3073 3444 3127 δίσκον
3475 3074 3635 3128 αὐτὸν
3661 3078 3800 3128 ἁπο-

2139 3157 2185 3217 C
2220 3181 2248 3216 τ
2276 3164 2456 3231 θησιν.

2801 3281 2937 3330 ΚΕΦ
2958 3281 3050 3332 ὶΛ.
3095 3279 3216 3332 llii'.

2227 3369 2285 3421 Τί
2315 3371 2596 3438 σημαίνει
2639 3375 2672 3424 ό
2710 3373 2782 3425 ὲν
2812 3371 2884 3438 τῇ
2909 3373 3202 3496 ὶπῧοθέιζει
3228 3373 3397 3442 ἅγιος
3431 3372 3668 3440 δίσκος,
3704 3375 3804 3430 και

2857 3459 2928 3496 τα
3003 3459 3168 3496 οιπα.
3339 3458 3345 3462 ·

2857 3459 2928 3497 τα
2960 3458 3168 3498 λοιπα.
3339 3458 3345 3462 ’

2303 3531 2360 3583 '0
2389 3532 2488 3591 μὲν
2513 3531 2606 3585 οὖν
2630 3531 2809 3593 δίσκος
2843 3534 3002 3585 τυποῖ
3028 3534 3118 3585 τὸν
3145 3532 3394 3603 ούρανδν,
3419 3534 3514 3587 καὶ
3535 3533 3623 3588 διὰ
3648 3534 3805 3588 τοῦτο

2223 3622 2562 3693 κυκλοτερὴς
2589 3625 2729 3687 ἐστι,
2758 3625 2853 3679 καὶ
2904 3624 2998 3678 τὸν
3046 3624 3140 3678 τοῦ
3173 3625 3408 3694 οὐρανοῦ
3442 3628 3662 3695 κατέχει
3709 3630 3803 3678 Δε-

2226 3716 2453 3784 σπότην.
2501 3715 2560 3768 'U
2599 3715 2893 3785 λεγόμενος
2929 3715 2985 3770 δὲ
3015 3717 3339 3787 ἀστερίσκος
3370 3720 3466 3771 καὶ
3495 3721 3620 3782 τοὺς
3647 3720 3806 3771 ἀστέ·

2225 3822 2346 3877 ρας,
2385 3807 2480 3859 καὶ
2527 3807 2692 3860 αὑτὸν
2725 3809 2816 3861 τὸν
2848 3809 2940 3862 ἐπὶ
2971 3811 3036 3879 τῇ
3072 3811 3321 3879 γεννήσει
3362 3811 3600 3880 Χριστοῦ
3635 3813 3806 3881 δηλοῖ,

2222 3896 2297 3959 ὡς
2325 3895 2419 3949 καὶ
2444 3897 2513 3950 τὰ
2539 3897 2875 3968 καλύμματα
2901 3902 2963 3953 τὸ
2995 3899 3303 3970 στερέωμα,
3329 3903 3395 3955 τὰ
3427 3903 3718 3974 σπάργανά
3748 3920 3805 3954 τε

2226 3989 2322 4041 καὶ
2355 3989 2459 4060 τὴν
2489 3989 2702 4042 σινδόνα
2756 3990 2850 4043 τοῦ
2885 3991 3060 4061 τάφου
3115 3993 3213 4046 καὶ
3255 3994 3323 4047 τὰ
3360 3994 3606 4062 ἐντάφια.
3655 3995 3812 4060 "Ayz

2227 4087 2337 4157 γάρ
2373 4086 2469 4138 καὶ
2501 4085 2571 4138 τὰ
2594 4086 2692 4155 τῆς
2722 4085 3050 4155 σαρκώσεως
3091 4087 3184 4140 καὶ
3215 4086 3309 4139 τοῦ
3340 4086 3570 4140 θανάτου
3601 4085 3812 4139 τυποῦ-

2231 4195 2336 4241 σιν,
2366 4178 2449 4231 ὅτι
2481 4177 2567 4231 διὰ
2596 4177 2752 4230 τοῦτο
2791 4178 3161 4248 σεσάρκωται,
3197 4180 3285 4232 ἵνα
3318 4179 3624 4247 σφαγιασθῇ
3665 4179 3810 4249 ὑπὲρ

2229 4267 2406 4338 ἡμῶν.
2453 4268 2615 4320 Ἀλλά
2643 4271 2735 4321 καὶ
2766 4270 2798 4338 ἡ
2844 4269 3050 4336 πρόθεσ
3075 4287 3103 4332 ς
3126 4269 3294 4322 τύπον
3335 4268 3521 4337 ἐπέχει
3543 4266 3635 4319 τοῦ
3668 4283 3810 4338 σπη-

2229 4358 2383 4411 λαίου
2413 4375 2474 4410 τε
2504 4360 2598 4411 καὶ
2643 4359 2739 4428 τῆς
2769 4361 3001 4428 φάτνης.
3029 4362 3100 4413 Τὸ
3144 4362 3404 4429 ποτήριον
3437 4359 3493 4411 δε
3519 4359 3695 4411 ἐκεῖ-ιο
3719 4375 3813 4410 τ.)-

2233 4452 2346 4513 ποϊ,
2381 4451 2437 4503 ἐν
2467 4443 2510 4517 ᾧ
2545 4452 2602 4502 τὸ
2634 4445 2776 4519 αἷμα
2792 4451 3168 4520 ’ἱερούργησεν
3223 4453 3248 4502 ὁ
3301 4451 3520 4520 Σωτήρ.
3579 4451 3670 4504 Διὸ
3718 4453 3814 4504 καὶ

544 4543 895 4616 prnpheticas
934 4557 1097 4598 voces
1125 4542 1182 4596 in
1214 4556 1435 4611 panem,
1459 4556 1580 4609 qua:
1607 4543 2034 4596 immolationem
2071 4556 2124 4599 et

2231 4542 2371 4610 μετὰ
2405 4541 2464 4595 τὸ
2512 4543 2690 4596 εἰπεῖν
2725 4542 2791 4596 τὰ
2835 4544 3151 4614 πρνιφητικᾶ
3201 4545 3259 4595 ἐν
3299 4541 3377 4611 τῷ
3427 4546 3599 4611 ἄρτῳ,
3631 4542 3668 4596 ἃ
3713 4545 3816 4613 τὴν

543 4635 872 4694 sacriﬁcium
897 4633 1026 4691 Jesu
1052 4633 1439 4704 praenuntiant,
1461 4648 1695 4704 tiempe:
1721 4652 1739 4684 ι
1779 4633 1916 4689 Ecce
1951 4651 2125 4705 agnus

548 4729 640 4784 Dei
663 4729 758 4798 qui
788 4727 928 4782 tollit
950 4736 1234 4797 peccatum
1260 4725 1448 4781 mundi
1473 4741 1491 4792 ;
1524 4743 1542 4776 ι
1577 4733 1631 4781 et
1663 4743 1678 4781 :
1706 4725 1963 4782 «Sublata
1993 4737 2129 4784 este

551 4834 697 4878 terra
732 4821 839 4873 rita
872 4818 994 4890 ejus
1021 4834 1038 4885 ;
1067 4830 1354 4889 postquam
1380 4835 1571 4889 nempe
1596 4835 1794 4891 passus
1829 4822 2129 4876 resurrexit

547 4925 602 4971 et
651 4912 898 4968 ascendit
951 4912 1006 4964 in
1041 4911 1210 4966 eteius
1265 4911 1357 4966 ubi
1393 4914 1584 4968 vivens
1620 4922 1702 4969 est
1749 4923 1803 4968 et
1847 4915 1992 4968 unde
2033 4931 2130 4969 nos

551 5003 903 5069 sanctiﬁcat;
951 5002 1147 5057 dividit
1201 5017 1419 5057 rursum
1474 5018 1669 5073 panem
1729 5019 1824 5074 per
1885 5004 2126 5058 medium

555 5097 838 5159 sacerdos,
869 5109 1090 5149 crucem
1125 5092 1338 5148 faciens
1365 5133 1380 5158 ,
1427 5094 1482 5147 in
1543 5095 1797 5148 omnibus
1833 5095 2131 5151 ostendens

559 5196 609 5248 id
641 5207 763 5250 esse
790 5189 996 5246 Christi
1030 5187 1470 5251 cruciﬁxionem,
1499 5196 1552 5240 et
1575 5187 1875 5242 ostendens
1917 5185 1972 5240 id
2007 5201 2131 5240 esse

554 5283 760 5342 Christi
796 5281 1171 5346 sacriﬁcium,
1204 5281 1613 5336 cruciﬁxionem
1658 5295 1871 5349 nempe.
1923 5277 1989 5331 Et
2033 5280 2134 5332 im-

557 5380 810 5441 molatur,
849 5376 1027 5447 inquit
1061 5376 1405 5446 prophetice,
1442 5388 1618 5440 agnus
1654 5372 1746 5429 Dei
1793 5389 1892 5443 pro
1941 5372 2130 5426 mundi

556 5472 664 5524 vita
717 5484 782 5524 ac
840 5470 1039 5523 salute.
1087 5467 1292 5522 Deinde
1336 5466 1530 5536 pungit
1580 5465 1807 5534 cuspide
1849 5479 2042 5533 panem
2101 5479 2132 5518 a

559 5564 794 5627 dextris,
832 5561 1018 5614 omnia
1048 5559 1138 5613 illa
1172 5557 1414 5629 figurans
1441 5573 1562 5625 qua:
1593 5560 1647 5611 in
1697 5557 1924 5611 salutari
1959 5555 2136 5610 salva-

559 5655 699 5709 toris
727 5669 960 5721 cet-pore
990 5652 1132 5706 facta
1159 5658 1310 5706 sunt.
1360 5649 1425 5703 Et
1477 5651 1664 5704 statim
1710 5648 2038 5703 bt-nediceus
2081 5657 2136 5700 et

562 5747 744 5798 \llttllll
795 5754 850 5799 ct
900 5759 1141 5812 aquam,
1206 5743 1260 5795 in
1311 5742 1532 5796 calicem
1595 5739 1840 5795 infundit
1899 5739 2133 5800 dicens;

561 5839 689 5892 dum
715 5838 910 5908 pungit
935 5838 1198 5905 quidem:
1232 5853 1250 5887 ι
1301 5834 1448 5892 Unus
1489 5835 1722 5892 militum
1761 5836 1948 5891 lancea
1993 5835 2136 5890 latus

2231 4633 2450 4703 σφαγὴν
2495 4635 3043 4704 προκαταγγέλλουσι
3077 4633 3170 4686 καὶ
3213 4633 3310 4703 τὴν
3343 4632 3538 4686 θυσίαν
3567 4633 3664 4687 τοῦ
3710 4635 3816 4706 ’1ης

2231 4726 2347 4787 σοῦ,
2388 4743 2406 4777 t
2443 4726 2617 4790 Αὐτὸς
2665 4729 2778 4796 γὰρ
2833 4727 2870 4778 ὁ,
2907 4726 3076 4796 ἀμνὸς
3116 4725 3210 4778 τοῦ
3259 4725 3394 4779 Θεοῦ
3441 4728 3468 4779 ὁ
3514 4727 3688 4796 αἴρων
3715 4730 3818 4798 τὴν

2233 4819 2506 4888 ἁμαρτίαν
2542 4818 2635 4870 τοῦ
2667 4819 2928 4888 Metron,»
2956 4820 3048 4872 καὶ
3087 4837 3106 4872 ι
3149 4819 3328 4889 ἰιρθη
3366 4819 3424 4872 δὲ
3451 4819 3560 4872 ἀπὸ
3587 4820 3684 4888 τῆς
3713 4821 3816 4889 γῆς

2233 4913 2269 4981 ἡ
2300 4911 2412 4980 ζωὴ
2447 4910 2670 4976 aurei,»
2705 4911 2844 4979 μετὰ
2869 4913 2930 4962 τὸ
2975 4913 3144 4975 πάθος
3179 4911 3569 4976 ἐξαναστάντος
3601 4915 3696 4965 καὶ
3736 4916 3819 4977 εἰς

2230 5005 2357 5066 τοὺς
2405 5005 2672 5073 οὐρανοὺς
2726 5004 3066 5069 ἀνελθόντος,
3131 5005 3226 5056 καὶ
3271 5003 3498 5068 ζῶντος,
3557 5005 3816 5058 κάκεῖθεν

2233 5095 2379 5164 ἡμᾶς
2412 5094 2748 5161 ἁγιάζοντος,
2782 5095 2969 5162 τέμνει
3027 5094 3190 5148 πάλιν
3215 5095 3304 5147 τὸν
3356 5096 3520 5164 ἄρτον
3581 5097 3724 5148 κατὰ
3758 5097 3820 5148 τὸ

2238 5187 2404 5255 μέσον
2463 5190 2491 5239 ὁ
2549 5188 2748 5259 ἱερεὺς,
2784 5187 3016 5257 σταυρὸν
3064 5189 3330 5257 ἐνεργῶν,
3367 5190 3422 5240 ἐν
3454 5187 3561 5257 ὅλῳ
3602 5188 3818 5251 δεικνὺς

2235 5279 2327 5330 τοῦ
2361 5276 2599 5348 Χριστοῦ
2639 5278 2739 5347 τὴν
2783 5277 3112 5348 σταύρωσιν,
3159 5281 3249 5332 καὶ
3292 5278 3392 5349 τὴν
3435 5279 3626 5332 θυσίαν
3660 5280 3822 5334 τοῦτο

2235 5364 2376 5420 εἶναι
2424 5369 2572 5436 λέγει
2624 5370 2886 5440 Χριστοῦ,
2939 5372 3038 5441 τὴν
3085 5371 3396 5439 σταύρωσιν
3440 5370 3668 5441 δηλαδή.
3709 5373 3822 5426 Καὶ

2238 5461 2450 5524 θύεται,
2483 5464 2637 5531 φησι,
2678 5463 3060 5533 προφητικῶς,
3100 5465 3127 5516 ὁ
3171 5463 3342 5530 ἀμνὸς
3384 5461 3479 5517 τοῦ
3511 5462 3647 5516 Θεοῦ
3678 5465 3820 5534 ὑπὲρ

2237 5556 2338 5623 τῆς
2369 5554 2462 5607 τοῦ
2501 5557 2706 5625 κόσμου
2734 5557 2878 5626 ζωῆς
2908 5559 3002 5609 καὶ
3034 5556 3329 5626 σωτηρίας.
3361 5552 3493 5610 Εἶτα
3523 5557 3618 5611 καὶ
3641 5558 3826 5612 νύττει

2238 5649 2328 5698 τὸν
2360 5647 2524 5716 ἄρτον
2576 5649 2640 5700 ἐκ
2672 5647 2863 5712 δεξιῶν
2899 5653 2964 5719 τῇ
3005 5650 3199 5721 λόγχῃ,
3235 5650 3413 5704 πάντα
3442 5651 3629 5702 ἐκεῖνα
3663 5652 3824 5703 ἐκτυ-

2240 5739 2358 5792 πῶν
2395 5741 2489 5792 καὶ
2533 5740 2722 5805 ποιῶν,
2775 5743 2876 5794 ὅσα
2928 5742 2992 5812 δὴ
3023 5742 3100 5805 εἰς
3135 5743 3195 5794 τὸ
3234 5743 3505 5811 σωτήριον
3538 5741 3702 5809 σῶμα
3727 5745 3823 5798 τοῦ

2243 5833 2492 5904 Σωτῆρος
2525 5833 2757 5901 ἐγένετο.
2796 5837 2905 5890 Καὶ
2957 5834 3121 5897 εὐθὺς
3173 5831 3417 5902 εὖλογὼν
3448 5834 3540 5887 τὶν
3584 5830 3728 5889 οἶνόν
3769 5849 3826 5890 τι
