4090 6258
1589 429 1686 490 DE
1726 379 1963 488 saeua
2022 419 2417 484 LITURGIA.
2691 472 2694 474 ν
3067 404 3074 409 ·
3154 469 3157 472 _
3518 399 3624 463 ξπ)

993 551 1221 607 κΕοΑΛ
1275 555 1349 616 ω.
1993 590 2010 635 λ

2665 523 3039 587 CAPUT'XC.

402 689 470 746 Τί
517 689 619 744 τό·
655 701 676 738 ι
727 683 1009 755 Ὠμοιώοη
1067 687 1106 755 ᾗ
1163 685 1449 750 βασιλεία
1521 681 1642 737 τῶν
1695 678 1966 749 οὐρανῶν

2111 680 2201 731 luis
2223 693 2405 732 sensus
2451 677 2720 730 uerborum
2746 661 3300 755 ρΙαειΙι.)ιιι,Ξξ;;“ι
3338 652 3517 709 Simile
3554 660 3634 704 est

1053 734 1445 822 ⁴ᾆηῶἷῖ”””
1529 734 1542 737 ⁷
1607 734 1613 736 ⁷
1763 734 1781 749 ’

2416 760 2632 816 regnum
2669 742 2912 796 caelorum
2948 734 3218 803 fermento.
3256 743 3275 776 ι

471 851 566 922 Μὴ
621 849 878 904 ἀποσείου
922 847 1003 903 δὲ
1060 848 1160 916 τὴν
1199 844 1378 914 ζύμην
1437 846 1536 915 τῆς
1569 826 1967 913 ἀφθαρσίας,

2140 861 2215 916 Ne
2245 860 2459 929 rejicias
2523 857 2848 913 fermentum
2912 842 3359 913 incorruptionis,
3423 837 3511 891 cui
3558 837 3633 929 si—

403 941 662 1012 ῶμοιὼθη
717 942 752 1009 ἡ
799 938 1045 1009 βασιλεία
1072 935 1178 992 τῶν
1209 936 1476 1006 οὐρανῶν,
1511 934 1599 988 διά
1625 934 1687 986 τὸ
1712 933 1966 1000 συνάγειν

2111 953 2194 1008 ιίὶο
2247 927 2333 1006 εει
2380 963 2603 1018 regnum
2654 946 2942 1004 caelorum,
2977 954 3042 994 eo
3087 933 3232 1005 quod
3263 945 3446 986 secum
3482 927 3635 980 uniat

404 1048 463 1086 τε
501 1033 597 1086 καὶ
623 1030 776 1085 ἑνοῦν
805 1031 974 1101 ἑαυτῇ
1006 1029 1099 1083 καὶ
1147 1028 1394 1082 ἀλλοιοῦν
1423 1028 1482 1078 ὲν
1512 1027 1678 1094 ἑαυτῇ
1724 1025 1850 1087 τοὺς
1889 1023 1968 1091 τῷ

2111 1053 2124 1100 l
2163 1046 2411 1098 immutet
2455 1055 2548 1094 eos
2578 1037 2686 1108 qui
2717 1033 2914 1089 divinae
2963 1023 3335 1100 praedicationi
3371 1018 3634 1074 obcdiunt

405 1124 536 1192 θείῳ
587 1123 902 1192 κηρύγματι
955 1119 1336 1190 πειθομινους.
1377 1121 1480 1172 Ἢν
1501 1119 1565 1186 δὴ
1609 1119 1704 1170 καὶ
1741 1115 1902 1184 γυνὴ,
1933 1116 1967 1183 ή

2112 1135 2216 1190 uod
2277 1132 2598 1187 fermentum
2645 1124 2861 1180 mulier.
2916 1117 3158 1173 Ecclesia
3191 1109 3435 1168 caelestis
3465 1120 3631 1175 spatio

418 1213 716 1283 Ἐκκλησία
757 1212 852 1264 τοῦ
903 1211 1302 1280 ύπερουρανίου
1333 1207 1590 1278 νυμφίου,
1618 1205 1856 1276 ἔκρυψεν
1891 1207 1972 1266 εἰς

2111 1227 2143 1290 i,
2203 1221 2486 1278 abscondit
2530 1219 2584 1274 in
2617 1216 2802 1270 farinae
2825 1211 2958 1265 satis
2985 1207 3182 1268 tribus,
3218 1215 3404 1258 eorum
3439 1209 3635 1261 nempe

412 1300 642 1370 ἀλεύρου
675 1300 814 1354 σάτα
838 1298 989 1367 τρία,
1042 1299 1142 1360 τὰς
1176 1298 1286 1351 τῶν
1313 1296 1638 1366 σωζομένων
1684 1295 1834 1363 τρεῖς
1875 1294 1974 1346 τά-

413 1388 545 1455 ξεις,
579 1389 779 1444 δούλων
803 1389 896 1443 καὶ
927 1387 1181 1458 μισθίων,
1218 1388 1317 1441 καὶ
1344 1387 1498 1451 υἱῶν,
1531 1386 1627 1440 καὶ
1659 1385 1768 1439 τῶν
1799 1387 1858 1440 ὲν
1879 1385 1976 1451 γά-

415 1497 503 1550 μῳ
532 1479 952 1549 σωφρονούντων
978 1495 1039 1533 τε
1070 1478 1163 1532 καὶ
1191 1478 1501 1547 παρθένων,
1533 1476 1640 1539 ἓως
1665 1475 1726 1528 οῦ
1757 1473 1975 1543 ὲζυμώ-

414 1569 484 1638 θη
513 1571 634 1625 ὅλον
689 1572 746 1623 ὲν
773 1573 840 1641 τῇ
874 1570 1164 1626 ἀναστάσει
1216 1570 1316 1639 τῆς
1368 1569 1463 1623 τοῦ
1509 1568 1649 1623 Θεοῦ
1701 1568 1980 1637 βασιλείας

417 1660 664 1726 ἀξιωθὲν,
716 1663 750 1732 ἡ
785 1662 878 1714 καὶ
922 1661 1046 1723 τοὺς
1103 1660 1211 1732 πρὸ
1241 1659 1334 1713 τοῦ
1365 1660 1531 1728 νόμου
1568 1658 1834 1720 δικαίους,
1885 1657 1981 1710 καὶ

397 451 502 504 Σϋυ

2075 1317 2168 1388 qui
2205 1315 2503 1373 salvantur,
2545 1309 2718 1362 tribus
2757 1301 3062 1360 ordinibus.
3096 1306 3380 1390 servorum
3419 1298 3636 1390 et'mer-

2078 1385 2439 1464 cenariorum,
2473 1400 2732 1460 filiorum,
2777 1403 2831 1449 et
2895 1390 3175 1460 virginum
3207 1385 3264 1439 in
3317 1385 3521 1450 nuptiis
3552 1391 3642 1430 sa-

2079 1497 2369 1570 pientium,
2413 1494 2587 1546 donec
2640 1489 3026 1544 fermentatum
3055 1488 3140 1534 est
3161 1485 3330 1532 totum
3367 1474 3424 1570 in
3452 1483 3637 1525 resur-

2087 1567 2348 1649 rectione,
2372 1598 2539 1655 regno
2561 1581 2652 1634 Dei
2674 1580 2895 1648 dignum
2925 1572 3207 1635 habitum;
3236 1567 3378 1655 quod
3410 1574 3637 1655 regnum

2083 1692 2134 1734 et
2157 1693 2251 1735 eos
2267 1678 2360 1746 qui
2385 1651 2507 1727 ante
2525 1673 2692 1739 legem
2711 1668 2842 1738 justi
2871 1674 3049 1727 erant,
3069 1669 3124 1716 ct
3139 1673 3232 1713 eos
3253 1655 3345 1726 qui
3364 1654 3417 1707 in
3435 1651 3572 1746 lege,
3592 1657 3646 1702 et

419 1750 541 1813 τοὺς
575 1751 714 1803 κατά
746 1750 910 1818 νόμον
964 1751 1057 1804 καὶ
1109 1752 1169 1802 ὲν
1219 1752 1284 1820 τῇ
1319 1749 1503 1820 χάριτι
1555 1748 1978 1817 συναθροίσασα.

425 1842 490 1895 Ὀ
519 1841 582 1910 δὴ
610 1844 702 1893 καὶ
733 1843 766 1911 ή
795 1841 956 1912 χάρις
980 1839 1077 1895 τοῦ
1109 1842 1444 1909 Εύαγγελίου
1478 1842 1780 1894 τετόλεκεν.
1810 1839 1982 1902 am;

419 1934 528 2003 γὰρ
552 1934 580 1984 δ
605 1934 814 2002 Σωτὴρ,
848 1934 881 2002 ἡ
903 1933 1023 1985 θεία
1046 1932 1216 1995 ὅντως
1245 1941 1339 1986 καὶ
1373 1933 1730 2001 καθαρωτάτη
1764 1929 1933 2000 ζύμη,
1959 1933 1988 1982 ὁ
2017 1912 2061 1967 Β

420 2027 515 2080 καὶ
545 2027 707 2095 ἄρτος
737 2027 836 2095 τῆς
863 2024 1028 2094 ζωῆς,
1063 2025 1156 2078 καὶ⁵
1189 2024 1441 2092 βασιλεὺς
1483 2024 1561 2077 ῶν
1595 2023 1832 2085 αἰώνιος,
1864 2020 1989 2084 τούς

423 2131 482 2168 τε
508 2115 614 2182 πρὸ
641 2116 804 2184 νόμου
839 2117 932 2169 καὶ
959 2117 1086 2179 τοὺς
1134 2117 1195 2169 ἐν
1228 2117 1376 2186 νόμῳ
1408 2115 1714 2183 σαρκωθεὶς
1739 2155 1754 2176 ,
1787 2111 1880 2164 καὶ
1909 2112 1990 2174 είς

425 2207 514 2259 τὸν
544 2209 748 2276 κόσμον
801 2208 970 2262 ἐλθὼν
1001 2208 1193 2272 ἔσωσε,
1224 2209 1335 2261 τῶν
1387 2207 1604 2277 δεσμῶν
1633 2205 1989 2276 ἀφαρπάσας,

425 2297 518 2348 καὶ
550 2298 661 2358 τοῖς
685 2298 765 2359 είς
795 2299 957 2352 αὑτὸν
981 2299 1337 2352 πιστεύσασιν
1367 2297 1600 2368 ἥνωσεν.
1625 2298 1722 2359 ’ος
1743 2295 1869 2349 κατ’
1901 2282 1994 2347 ἄλ-

427 2389 516 2442 λον
550 2389 712 2444 πάλιν
763 2389 966 2443 σκοπὸν
1015 2389 1092 2453 ὡς
1147 2390 1298 2458 ζύμη
1351 2388 1569 2457 καθαρά
1613 2405 1672 2440 τε
1720 2389 1816 2440 καὶ
1844 2387 1994 2450 ζῶσα

429 2481 765 2550 κρύπτεται·
801 2476 913 2533 οἷον
943 2482 1010 2550 τῇ
1046 2480 1242 2548 λογικῇ
1285 2479 1462 2532 κτίσει
1519 2477 1688 2530 αὐτοῦ
1745 2477 1888 2529 κατὰ
1935 2477 1997 2528 τὸ

430 2571 602 2638 παρὸν
624 2569 898 2637 ἀναλόγως
936 2587 964 2621 τ
973 2569 1174 2638 ρισσῶς
1195 2567 1575 2636 διαιρουμένη,
1609 2568 1722 2629 τοῖς
1747 2565 2001 2633 ἀγγέλοις

433 2649 652 2732 δηλαδὴ,
685 2663 915 2723 καὶτοῖς
939 2660 1116 2727 ἁγίοις
1155 2660 1268 2721 τοῖς
1291 2657 1606 2722 ἀπελθοῦσι,
1640 2659 1737 2710 καὶ
1765 2660 1879 2719 τοῖς
1913 2675 2004 2710 πι-

436 2751 716 2806 στεύουσιν
743 2752 822 2814 είς
851 2750 1014 2806 αὑτὸν
1040 2751 1133 2804 καὶ
1155 2748 1321 2812 ζῶσιν
1347 2749 1502 2818 ἡμῖν,
1534 2748 1637 2810 ἓως
1662 2740 1724 2800 οὗ
1747 2743 2002 2815 ιζυμὼθη

436 2846 576 2909 ὅλον,
607 2844 904 2910 ἐξαναστάν
931 2842 1050 2897 ὅλον
1078 2841 1148 2894 δι’
1169 2839 1356 2902 αὑτοῦ,
1390 2840 1484 2892 καὶ
1500 2839 1558 2892 ἓν
1581 2839 1731 2894 ἅπαν
1757 2837 2001 2907 γεγονὸς,

439 2932 817 3003 μετασχούσης
843 2929 1008 2984 αὑτοῦ
1035 2931 1135 2999 τῆς
1165 2929 1346 2998 δόξης,
1379 2930 1480 2997 τῆς
1519 2943 1580 2980 τε
1607 2926 1719 2980 τῶν
1756 2927 2004 2996 ἀγγέλων

437 3023 599 3077 αὐτοῦ
630 3023 724 3078 καὶ
749 3022 847 3092 τῆς
871 3020 1149 3092 ἡμετέρας
1193 3019 1432 3090 φύσεως.

1017 3153 1432 3221 ΚΕΦΑΛ.ιΑκ

989 3356 1182 3425 χάριτι
1212 3356 1471 3426 ἐνζυμοι.

517 3449 648 3501 Ἐσο
672 3446 765 3502 οῦν
802 3448 898 3502 καὶ
921 3448 1082 3510 αὐτὸς
1108 3445 1458 3517 ἐζυμωμένος
1483 3450 1540 3501 ιν
1570 3450 1651 3519 τῷ
1679 3448 1890 3519 Κυρίῳ,
1917 3449 2010 3503 καὶ

440 3540 540 3608 τῆς
575 3538 751 3609 ζύμης
779 3537 1045 3600 σπούδαζε
1080 3533 1219 3591 εἶναι
1251 3539 1347 3608 τῆς
1379 3539 1657 3608 βασιλείας
1707 3539 1818 3592 τῶν
1852 3540 2011 3609 οὐρα-

443 3630 572 3694 νῶν,
598 3630 691 3682 καὶ
723 3629 797 3698 μὴ
829 3629 893 3682 ὲκ
920 3629 1028 3681 τῶν
1058 3627 1497 3700 ἀζύμων,ᾶρτων
1526 3629 1722 3683 σπεῦδε
1759 3631 2011 3699 μετέχειν

441 3721 552 3773 τῶν
583 3719 822 3789 νομικῶν
844 3735 858 3750 ο
892 3719 1021 3772 ὅτιό
1044 3720 1208 3789 νόμος
1248 3723 1376 3775 σκιά
1403 3725 1518 3776 ἐστι
1557 3723 1652 3775 καὶ
1681 3721 1844 3775 εἰκὼν
1877 3721 2017 3790 ἀψυ-

445 3826 540 3878 χος
569 3809 663 3862 καὶ
693 3809 753 3862 οὗ
787 3809 972 3873 ζῶσαο
1014 3799 1106 3884 καὶ
1156 3811 1246 3864 διὰ
1304 3810 1462 3864 τοῦτο
1523 3812 1599 3875 ὡς
1635 3812 1864 3882 νεκροὺς
1923 3811 2017 3865 καὶ

449 3902 698 3964 σκιώδεις
733 3901 856 3964 τοὺς
886 3899 1131 3971 ἀζύμους
1163 3903 1411 3971 προεῖχεν
1441 3903 1666 3972 ἄρτους,
1717 3903 1767 3955 οἵ
1803 3904 1894 3957 καὶ
1919 3903 2018 3972 οὐχ

449 3995 638 4058 ἁπλῶς
668 3995 916 4061 ἐλέγοντο
962 3994 1141 4065 ἄρτοι,
1177 3993 1295 4048 ἀλλ’
1328 3996 1550 4065 ἄζυμοι,
1589 3997 1648 4048 τὸ
1677 3995 1832 4066 ἄρτοι
1883 3997 2022 4049 κατά

455 4086 691 4158 μετοχὴν
724 4088 817 4140 καὶ
851 4087 1040 4156 κλῆσιν
1099 4086 1313 4156 ἔχοντες
1359 4089 1551 4158 μόνην.
1611 4087 1718 4142 Καὶ
1763 4087 2022 4150 κοινωνὸς

451 4179 545 4232 ἔσο
597 4179 692 4247 τῆς
727 4177 973 4247 μεγάλης
1000 4177 1095 4230 τοῦ
1126 4177 1458 4247 Μελχισεδὲκ
1493 4178 1703 4240 θυσίας.
1757 4170 1826 4248 ἧς
1860 4177 2024 4248 ἄρτος

451 4272 555 4324 οὐκ
583 4267 793 4337 ἄζυμος
819 4270 912 4322 καὶ
943 4263 1106 4333 οἶνος,
1139 4268 1404 4339 προοίμια
1436 4268 1536 4338 τῆς
1561 4267 1656 4321 τοῦ
1685 4268 2026 4338 Μελχισεδὲκ

454 4361 646 4430 καινῆς
671 4359 885 4430 θυσίας,
920 4359 1014 4412 τοῦ
1049 4358 1266 4412 αἰωνίου
1317 4358 1412 4411 καὶ
1435 4357 1667 4428 ἀληθοῦς
1692 4357 2026 4428 Μελχισεδὲκ

457 4452 553 4502 καὶ
613 4449 915 4519 ἀρχιερέως
969 4449 1128 4518 μόνου
1181 4447 1356 4520 Ἰησοῦ
1390 4447 1653 4518 Χριστοῦ,
1683 4449 1811 4519 περὶ
1839 4443 1899 4512 οὗ
1934 4451 2028 4517 γέ-

2085 1783 2178 1823 eos
2212 1744 2305 1835 qui
2344 1764 2395 1817 in
2422 1760 2615 1831 gratia,
2640 1755 3005 1826 congregavit.
3030 1751 3182 1817 Quod
3214 1745 3446 1835 quidem
3466 1744 3637 1835 Evan-

2087 1859 2207 1928 gelii
2231 1834 2419 1926 gratia
2461 1849 2708 1922 perfecit.
2758 1847 2876 1916 Ipse
2903 1845 3046 1898 enim
3083 1842 3354 1928 Salvator,
3402 1834 3643 1888 divinum

2091 1944 2655 2019 perfectissimumque
2679 1936 3024 1995 fermentum,
3048 1931 3276 1999 etpanis
3297 1927 3441 1987 vitae,
3473 1933 3528 2019 et
3552 1937 3645 1975 rex

2089 2016 2346 2100 aeternus,
2373 2043 2427 2089 et
2453 2049 2544 2089 eos
2590 2031 2684 2102 qui
2715 2038 2840 2084 ante
2864 2028 3039 2096 legem
3077 2035 3130 2078 et
3169 2038 3263 2076 eos
3298 2019 3390 2088 qui
3426 2019 3478 2072 in
3510 2016 3645 2084 lege,

2091 2128 2407 2181 incarnatus
2433 2129 2487 2176 et
2519 2121 2572 2174 in
2600 2119 2861 2172 mundum
2923 2115 3219 2183 ingressus,
3245 2106 3499 2172 salvavit,
3530 2104 3653 2158 illos

2101 2217 2338 2272 vinculis
2366 2213 2665 2282 abripiens,
2723 2218 2775 2263 et
2801 2209 2919 2261 illos
2942 2221 3064 2260 cum
3104 2205 3170 2258 iis
3201 2202 3290 2268 qui
3336 2200 3388 2252 in
3444 2213 3502 2264 se
3533 2210 3654 2250 cre-

2099 2308 2340 2364 diderint
2381 2303 2581 2368 univit,
2635 2299 2726 2367 qui
2779 2299 2831 2351 in
2901 2296 3067 2350 alium
3127 2294 3348 2363 quidem
3402 2283 3654 2358 scopum.

2095 2407 2355 2466 tanquam
2415 2406 2611 2461 purum
2673 2398 2725 2443 et
2755 2389 2940 2440 vivum
2992 2385 3325 2440 fermentum
3371 2379 3663 2434 abscondi-

2097 2497 2211 2555 tur,
2242 2485 2498 2541 rationali
2524 2490 2789 2537 creatura:
2827 2478 3077 2549 praesenti
3121 2487 3371 2544 tempore
3427 2471 3665 2541 triplici-

2101 2587 2182 2632 ter
2238 2575 2496 2636 divisum,
2541 2571 2750 2640 angelis
2807 2583 3026 2638 nempe,
3057 2567 3264 2622 sanctis
3293 2562 3386 2640 qui
3461 2561 3665 2616 mortui

2102 2677 2248 2728 sunt,
2281 2673 2335 2718 et
2361 2644 2427 2718 iis
2461 2661 2551 2731 qui
2583 2659 2640 2714 in
2673 2658 2850 2729 ipsum
2887 2655 3122 2711 credunt
3176 2654 3443 2723 nobisque
3473 2654 3667 2706 viven-

2105 2758 2290 2820 tibus;
2343 2753 2518 2809 doncc
2571 2749 2955 2804 fermentatum
3009 2747 3079 2801 sit
3107 2754 3307 2811 totum,
3366 2756 3662 2813 resurgens
3745 2786 3748 2793 .

2104 2863 2201 2919 per
2253 2846 2431 2919 ipsum
2465 2851 2520 2898 et
2579 2849 2752 2896 totum
2819 2837 2952 2891 illud
3019 2851 3185 2889 unum
3217 2835 3493 2900 elfectum,
3533 2847 3660 2886 cum

2104 2938 2278 3007 ipsius
2315 2933 2500 3004 gloriae
2530 2929 2807 3002 particeps
2838 2925 2942 2982 erit
2961 2933 3016 2981 et
3046 2925 3362 2994 angelorum
3395 2931 3591 2979 natura
3613 2931 3669 2977 et

2106 3033 2316 3082 nostra.

2691 3153 2921 3212 CAPUT
2953 3154 3087 3209 XCI.

437 3275 600 3342 Ᾰιατι
651 3287 721 3344 ἐν
750 3287 831 3354 τῷ
885 3293 1046 3356 νόμῳ
1082 3286 1199 3355 μὲν
1251 3287 1458 3357 ἄζυμοι
1486 3287 1675 3356 ἄρτοι,
1714 3288 1786 3342 ἐν
1830 3287 1900 3342 δὲ
1932 3286 2004 3357 τῇ

2113 3269 2292 3336 Quare
2321 3267 2417 3323 sub
2443 3267 2550 3338 lege
2567 3266 3255 3357 panes_inlferrnentati,osed
3283 3264 3376 3318 sub
3402 3263 3675 3334 Evangelii

2613 3337 2786 3404 gratia
2817 3336 3164 3404 fermentati?
3199 3377 3206 3392 .
3499 3379 3502 3382 .

2180 3450 2308 3506 Esto
2331 3449 2496 3521 igitur
2520 3459 2574 3504 et
2601 3459 2655 3502 tu
2691 3450 2744 3503 in
2770 3449 2992 3504 Christo
3037 3450 3418 3513 fermentatus,
3452 3459 3506 3504 et
3535 3464 3674 3505 cura

2119 3551 2179 3597 ut
2204 3544 2355 3611 regni
2379 3543 2636 3596 cwlornm
2669 3541 2917 3597 fermenti
2945 3544 3023 3598 sis
3055 3545 3349 3613 particeps.
3405 3541 3588 3612 Neque
3608 3558 3676 3596 ex

2115 3634 2324 3704 azymis
2397 3633 2532 3704 legis
2588 3635 2824 3703 panibus
2872 3643 3082 3703 partem
3132 3635 3356 3690 habeas.
3419 3635 3557 3700 Quia
3588 3635 3674 3687 lex

2119 3727 2313 3780 umbra
2339 3733 2502 3780 estet
2535 3723 2715 3792 imago
2769 3738 2873 3777 non
2935 3725 3172 3778 animata
3223 3740 3322 3778 nec
3377 3725 3582 3778 vivens.
3621 3725 3681 3777 lit

2123 3817 2266 3878 ideo,
2304 3825 2360 3868 ut
2409 3826 2676 3880 mortuos,
2710 3824 2763 3868 rt
2799 3830 2979 3870 meras
3008 3815 3227 3883 figuras,
3262 3830 3482 3885 azymos
3513 3819 3682 3882 panes

2122 3907 2376 3973 habebat,
2432 3907 2523 3976 qui
2575 3922 2685 3962 non
2744 3907 3066 3976 simpliciter
3116 3922 3286 3976 panes
3338 3905 3683 3969 dicebantur,

2121 3996 2216 4050 sed
2246 3998 2442 4066 azymi,
2475 3997 2629 4064 panis
2678 3998 3054 4051 tantummodo
3086 4012 3180 4066 per
3213 3997 3684 4066 participationem

2125 4099 2319 4139 nomen
2373 4086 2689 4138 retinentes.
2774 4086 3057 4155 Particeps
3104 4095 3222 4141 esto
3286 4088 3468 4156 magni
3539 4086 3686 4141 illius

2124 4177 2518 4232 Melchisedech
2551 4177 2826 4240 sacrillcii,
2863 4177 3022 4243 cujus
3079 4179 3235 4246 panis
3280 4194 3388 4231 non
3430 4193 3679 4247 azymus,

2126 4279 2181 4324 et
2237 4269 2443 4331 vinum,
2503 4269 2768 4338 prooemia
2810 4269 2933 4323 novi
2975 4268 3369 4325 Melchisedech
3403 4259 3686 4327 sacrificii;

2127 4366 2181 4412 et
2235 4358 2424 4413 aeterni
2481 4365 2534 4412 et
2565 4357 2679 4412 veri
2744 4357 3140 4414 Melchisedech
3203 4369 3257 4414 et
3292 4361 3460 4414 solius
3492 4351 3688 4414 Pontii

2131 4448 2249 4504 ﬁcis
2301 4447 2430 4535 Jesu
2471 4448 2700 4503 Christi.
2749 4449 2823 4504 De
2854 4464 2964 4519 quo
3028 4451 3292 4519 scriptum
3347 4461 3468 4506 est:
3529 4467 3548 4501 ι
3608 4449 3690 4504 ‘l‘u

456 4558 743 4612 γραπται,
804 4561 824 4595 ι
859 4543 930 4596 Σὺ
986 4537 1037 4596 εί
1070 4542 1246 4612 ἱερεὺς
1292 4545 1372 4606 εἰς
1424 4543 1517 4596 τὸν
1565 4541 1734 4596 αίῶνα
1770 4544 1910 4597 κατὰ
1936 4543 2010 4614 τὴε

2137 4555 2196 4596 es
2248 4541 2504 4596 sacerdos
2583 4543 2636 4596 in
2721 4551 2982 4596 aeternum
3056 4543 3356 4596 secundum
3436 4540 3690 4596 ordinem

455 4633 610 4699 τάξιν
641 4633 994 4702 Μελχισεδέκ.
1029 4651 1047 4685 ι
1081 4633 1144 4687 Εἰ
1174 4632 1218 4685 δ’
1245 4633 1344 4686 οῦκ
1373 4632 1675 4703 ἐθελήσεις,
1721 4635 1854 4697 ἴσως
1883 4632 2022 4703 μετὰ

458 4727 566 4778 τῶν
589 4726 815 4796 ἀζύμων
866 4727 960 4780 καὶ
996 4725 1165 4795 ἀμνὸν
1218 4725 1410 4793 ἄλογον
1463 4724 1665 4791 θύσεις,
1727 4727 1823 4779 καὶ
1883 4723 2026 4778 κατὰ

473 4817 756 4881 Ἰουδαίους
823 4815 1157 4887 μεθέξεις,ἧ
1213 4819 1308 4871 καὶ
1365 4819 1751 4891 συνεορτάσεις
1801 4817 2022 4879 αὐτοῖς·

460 4908 558 4961 καὶ
574 4908 643 4960 τά
671 4907 856 4976 ἄζυμα
884 4908 959 4970 ὡς
997 4908 1144 4973 ξένια
1178 4906 1347 4980 λήψῃ,
1381 4908 1410 4962 ὃ
1451 4911 1562 4972 τοῖς
1591 4911 1748 4978 ,ἐμοῖς
1769 4907 2024 4977 ,Πατράσι

461 5002 634 5052 ποιεῖν
667 4999 1070 5070 ἅπηγόρευται³
1100 4997 1132 5066 ἢ
1157 4999 1250 5072 καὶ
1281 4998 1668 5070 περιτμηθήσῃ
1695 4999 1790 5051 καὶ
1823 4999 2026 5052 6166a.-

461 5091 665 5154 τίσειςο
697 5075 853 5142 τοῦτο
901 5089 1010 5157 γὰρ
1057 5087 1350 5142 ἀκόλουθον
1374 5104 1388 5119 ο
1419 5090 1544 5142 ἐπεὶ
1596 5089 1693 5150 καὶ
1719 5087 1872 5140 οὐδὲν
1905 5087 2026 5154 βδε-

463 5181 653 5236 λυκτόν
684 5197 798 5235 σοι·
856 5181 1130 5243 κοινωνεῖς
1180 5180 1288 5251 γὰρ
1323 5180 1416 5250 καὶ
1445 5179 1726 5248 τραπέζης
1763 5178 2026 5241 πολλάκις

463 5274 573 5334 τοῖς
611 5272 885 5335 Ἰουδαίοις
912 5285 927 5300 ο
963 5270 1057 5323 καὶ
1089 5268 1262 5340 μικρά
1279 5286 1361 5332 τις
1394 5268 1625 5338 διαφορά
1655 5267 1861 5320 τούτων
1888 5267 2028 5337 πρὸς

467 5362 529 5415 σὲ
558 5362 666 5415 τῶν
705 5361 1002 5415 θεοκτόνων
1028 5363 1122 5415 καὶ
1154 5359 1345 5413 ἀθέων.
1390 5357 1528 5412 Ἀλλ’
1555 5360 1684 5429 ἡμίν
1716 5359 1869 5412 οὐδὲν
1916 5375 2028 5412 κοι-

464 5453 555 5507 νὸν
585 5453 720 5522 πρὸς
751 5451 967 5515 αύτούς.
997 5469 1017 5503 ι
1055 5452 1166 5506 Καὶ
1210 5452 1278 5503 τά
1317 5451 1520 5520 ἀρχαία
1566 5450 1880 5519 παρῆλθεν·
1916 5449 2027 5502 ἰδοὺ

465 5544 656 5614 γέγονε
681 5544 748 5597 τά
778 5543 953 5597 πάντα
974 5541 1155 5606 καινὰ,
1195 5559 1214 5592 ι
1262 5539 1359 5610 βοᾷ
1406 5539 1615 5604 Παῦλος
1635 5552 1651 5569 ⁸
1689 5539 1783 5592 καὶ
1807 5538 1881 5600 ὡς
1910 5539 2032 5593 ἀντὶ

468 5637 768 5706 περιτομῆς
803 5633 1087 5704 βάπτισμα
1115 5634 1248 5702 ἡμῖν
1276 5635 1414 5698 ἐστι,
1445 5639 1535 5689 καὶ
1561 5634 1682 5685 ἀντὶ
1700 5633 1890 5696 θυσίας
1915 5632 2029 5685 ἀλό·

470 5742 565 5792 γου
599 5729 627 5778 ὁ
683 5726 853 5795 ἀμνὸς
897 5723 989 5777 τοῦ
1035 5725 1193 5788 Θεοῦ,
1253 5725 1349 5777 καὶ
1380 5725 1503 5778 ἀντὶ
1533 5725 1759 5793 ἀζύμων
1791 5725 1972 5793 ἀρτων
2002 5727 2030 5776 ὁ

472 5816 697 5882 ἑνζυμος
720 5815 816 5883 τῆς
847 5813 1121 5883 βασιλείας
1150 5814 1241 5867 τοῦ
1269 5814 1529 5881 Χριστοῦ,
1561 5816 1616 5878 ὃς
1643 5818 1790 5869 ἐστιν
1813 5816 1840 5867 ὁ
1870 5815 2031 5884 ᾰρςος

2127 4631 2542 4688 Melchisedech.
2599 4653 2616 4679 ι
2692 4633 2842 4698 Quod
2887 4633 2930 4687 si
2978 4634 3135 4694 nolis,
3188 4633 3327 4688 forte
3363 4650 3490 4688 cum
3564 4649 3691 4705 azy-

2126 4723 2230 4776 mis
2285 4733 2340 4776 et
2391 4737 2590 4792 agnum
2656 4722 3025 4777 irrationalem
3074 4723 3402 4789 immolabis,
3466 4734 3518 4779 et
3570 4741 3694 4780 cum

2125 4811 2327 4868 Iudaeis
2379 4813 2851 4884 participationem
2931 4815 3157 4870 habebis
3190 4857 3204 4882 ,
3290 4826 3382 4870 aut
3443 4830 3567 4872 cum
3629 4817 3696 4872 iis

2127 4904 2267 4962 festa
2318 4905 2663 4972 celebrabis;
2697 4913 2790 4959 aut
2840 4920 3049 4976 azyma,
3104 4915 3360 4978 tanquam
3417 4909 3696 4980 peregrina

2127 4995 2379 5063 accipies,
2403 5010 2510 5064 quo
2537 4996 2670 5051 meis
2700 4994 2951 5052 Patribus
2984 4997 3329 5054 interdictum
3357 5011 3478 5066 est;
3503 5008 3558 5054 et
3587 4999 3695 5053 cir-

2126 5087 2804 5152 cumciderig-etSabbata
2832 5087 3173 5146 observabis.
3205 5091 3261 5145 Id
3313 5090 3458 5144 enim
3503 5105 3695 5144 conse-

2128 5192 2301 5248 quens
2317 5187 2417 5232 est.
2433 5176 2498 5232 Et
2515 5179 2650 5233 nihil
2669 5180 2935 5254 horrebis,
2953 5195 3075 5236 cum
3095 5181 3163 5234 iis
3181 5181 3694 5248 mensacaccumbes;

2129 5279 2184 5325 et
2231 5284 2418 5338 parum
2442 5270 2691 5326 intererit
2713 5273 2855 5325 inter
2892 5280 2946 5326 te
2974 5281 3029 5326 et
3058 5273 3156 5326 hos
3187 5267 3278 5326 Dei
3321 5272 3448 5326 inter
3465 5271 3697 5326 feetores

2128 5371 2182 5417 et
2205 5362 2421 5432 impios.
2442 5360 2546 5418 Sed
2569 5363 2725 5416 nobis
2750 5361 3006 5416 nihilcum
3037 5363 3102 5417 iis
3126 5376 3411 5417 commune
3439 5373 3542 5418 est.
3573 5381 3592 5414 ι
3631 5363 3699 5419 Ει

2132 5463 2313 5507 vetera
2339 5453 2670 5506 transierunt
2715 5469 2728 5505 :
2779 5466 2905 5505 ecce
2934 5465 3071 5505 nova
3101 5451 3240 5506 facta
3281 5463 3403 5506 sunt
3433 5455 3636 5518 omnia,
3674 5475 3694 5508 ι

2133 5546 2388 5600 inclamat
2449 5544 2669 5600 Paulus.
2697 5545 2761 5598 Et
2802 5543 3262 5613 quemadmodum
3286 5561 3382 5613 pro
3409 5546 3698 5602 circumci-

2133 5638 2286 5693 sione
2327 5637 2486 5692 nobis
2518 5645 2601 5693 est
2634 5636 2957 5705 baptismus,
2989 5647 3156 5706 etpro
3186 5639 3554 5694 immolatione
3574 5643 3701 5708 agni

2136 5727 2485 5792 irrationalis,
2517 5729 2632 5798 ipse
2649 5729 2833 5796 Agnus
2853 5727 2968 5791 Dei,
2991 5729 3062 5782 ita
3080 5744 3178 5798 pro
3197 5733 3400 5800 azymis
3445 5733 3698 5800 panibus.

2141 5819 2298 5888 panis
2333 5821 2482 5890 regni
2504 5820 2746 5875 caelestis
2775 5828 2827 5874 et
2857 5818 3082 5887 Christi,
3108 5823 3198 5890 qui
3230 5833 3312 5878 est
3341 5824 3496 5889 panis
3526 5821 3700 5886 vivus,
