4114 6272
422 335 534 404 2’73

1622 353 1721 414 DE
1763 350 2003 412 SACRA
2031 351 2429 425 LITURGIA,

3557 352 3665 415 271

425 455 494 546 τά
525 453 618 546 τοῦ
651 454 822 524 νόμου
857 455 1020 518 πάλιν
1065 461 1336 532 τελῶμεν,
1373 464 1607 533 Χριστὸς
1661 465 1812 536 ἡμᾶς
1839 463 1991 518 οὐδὲν

2098 468 2154 524 in
2209 471 2462 541 Spiritu;
2499 488 2674 546 neque
2743 486 2942 530 carnes
2990 469 3203 527 oblatas
3252 476 3306 524 et
3346 468 3667 538 sanguinem

422 545 719 614 ὠφελήσει,
749 547 911 602 πάλιν
939 550 967 601 ό
999 550 1210 615 Παῦλός
1237 570 1394 623 φησι.
1428 555 1657 626 Χριστὸς
1683 557 1793 627 γὰρ
1817 556 1994 611 πάντα

427 637 725 705 πληρώσας
751 637 894 707 ὑπὲρ
918 640 1096 710 ἡμῶν,
1117 643 1266 713 ἡμᾶς
1291 646 1688 716 ἠλευθέρωσεν.
1723 648 1878 703 Ἐπεὶ
1899 650 1994 703 καὶ

423 728 771 800 περιετμήθη
803 729 902 797 μὲν
953 734 1179 796 ἐκεῖνος,
1213 735 1329 788 ἀλλ’
1383 739 1543 806 ἡμεῖς
1571 738 1631 792 ού
1667 741 1994 810 περιτεμνό-

423 819 597 886 μεθα·
626 817 1009 892 βαπτιζόμεθα
1059 824 1118 881 δὲ
1165 827 1224 879 ἑν
1261 827 1538 898 Πνεύματι
1564 848 1579 864 ’
1612 833 1709 887 καὶ
1753 831 1813 886 o6
1854 833 1994 904 κρέα

422 909 664 978 θυόμενα
695 913 792 967 καὶ
815 910 955 982 αἷμα
989 915 1272 986 ἐσθίομεν,
1309 920 1444 974 ἀλλά
1477 921 1576 992 τὴν
1600 923 1776 992 σάρκα
1805 926 1903 978 καὶ
1932 923 1994 977 τὸ

423 996 563 1069 αἷμα
591 1003 782 1060 αὑτοῦ.
815 1006 986 1076 Δῆλον
1022 1003 1117 1062 οὖν
1157 1010 1380 1079 μᾶλλον,
1414 1014 1497 1067 ὅτι
1529 1014 1562 1084 ἡ
1621 1014 1780 1069 θυσία
1827 1012 1993 1068 αὐτοῦ

421 1092 515 1147 τοῦ
543 1093 772 1164 φρικτοῦ
822 1095 988 1168 ἄρτου
1013 1099 1108 1154 καὶ
1139 1104 1427 1172 ποτηρίου,
1459 1105 1553 1158 καὶ
1593 1105 1652 1160 οὐ
1688 1107 1750 1158 τὸ
1782 1106 1876 1160 τοῦ
1912 1107 1997 1161 νό-

425 1203 526 1253 μου
582 1187 772 1257 Πάσχα
825 1185 896 1261 ἦν
943 1192 977 1259 ἡ
1036 1193 1354 1266 παράδοσις,
1412 1195 1494 1249 ὅτι
1542 1199 1698 1266 φησι,
1764 1215 1783 1249 ι
1820 1199 1991 1252 Τοῦτό

422 1276 569 1330 ἐστιν
618 1279 651 1349 ή
685 1281 844 1350 καινὴ
873 1282 1114 1355 Διαθήκη
1166 1287 1225 1339 ὲν
1278 1285 1356 1357 τῷ
1384 1286 1503 1359 ὲμῷ
1534 1289 1747 1359 αῖματι.
1784 1309 1802 1342 ι
1842 1291 1950 1345 Καί
1978 1310 1992 1325 ο

422 1368 594 1423 Τοῦτό
625 1370 741 1426 ἐστι
773 1374 832 1426 τὺ
870 1369 1011 1445 αἷμά
1034 1393 1136 1446 μου
1167 1377 1228 1432 τὸ
1259 1381 1358 1450 τῆς
1407 1381 1601 1451 καινῆς
1631 1382 1930 1453 Διαθήκης.
1971 1402 1990 1437 ι

435 1461 525 1525 Ὠς
556 1465 649 1516 καὶ
679 1468 787 1532 arpi;
832 1468 1028 1522 τούτου
1067 1472 1169 1538 τὴν
1205 1471 1402 1525 ἑαυτοῦ
1435 1473 1615 1544 σάρκα
1655 1475 1830 1538 διδοὺς
1863 1477 1998 1547 ἡμῖν

420 1555 506 1616 είς
536 1558 762 1628 τροφὴν,
814 1560 988 1627 ἔλεγε,
1029 1580 1049 1613 t
1071 1563 1301 1626 Λάϐετε,
1342 1565 1541 1634 φάγετε
1566 1582 1580 1596 ·
1603 1565 1762 1620 τοῦτό
1797 1570 1912 1622 ἐστι
1938 1568 2000 1622 τὸ

429 1646 589 1713 σῶμά
623 1667 746 1716 μου.
791 1667 810 1703 ι
842 1651 1019 1723 Ὅπερ
1047 1653 1169 1708 οὐδὲ
1191 1653 1321 1725 δύνῃ
1354 1656 1642 1724 μιμεῖσθαι
1678 1658 1740 1710 σύ
1765 1674 1779 1689 ο
1813 1659 1999 1713 τοσοῦ-

426 1757 519 1792 τον
554 1741 658 1793 ὑπὸ
688 1741 782 1795 τοῦ
812 1742 1024 1811 άξύμου
1077 1747 1513 1818 κατεκρατήθηζ.
1563 1748 1669 1801 Καὶ
1698 1749 1816 1802 οὐδὲ
1868 1751 2000 1819 τέμο

2096 563 2494 624 manducamus
2524 583 2539 633 ;
2568 566 2662 623 sed
2690 565 2861 636 Ipsius
2883 575 3102 619 carnem
3126 569 3183 616 et
3205 559 3546 628 sanguinem.
3567 556 3673 613 Pa..-

2097 663 2176 712 ιρι
2207 656 2371 728 igitur
2405 658 2580 730 magis
2607 672 2671 713 ac
2699 656 2870 726 magis
2900 655 3043 726 quod
3077 653 3279 708 oblatio
3309 651 3469 719 huius
3523 665 3668 703 reve‘

2095 745 2249 801 rendi
2280 746 2436 816 panis
2464 757 2515 802 et
2545 746 2749 814 salicis,
2775 760 2882 801 non
2915 753 3091 799 autem
3104 743 3234 811 legis
3262 741 3464 797 Pascha
3494 739 3672 794 trade-

2097 838 2278 901 batur,
2307 851 2433 891 eum
2461 837 2606 893 dicat
2638 853 2653 890 :
2691 855 2711 889 ι
2747 834 2860 890 Hoc
2893 841 2979 890 est
3005 847 3207 888 novum
3263 831 3670 886 Testamentum

2097 928 2152 983 in
2191 943 2310 984 meo
2339 927 2634 1000 sanguine;
2665 947 2684 979 ι
2708 936 2791 984 et:
2817 946 2835 981 t
2873 926 2974 982 Hic
2998 934 3082 981 est
3108 923 3332 995 sanguis
3365 936 3517 978 meus
3549 922 3672 974 novi

2097 1018 2430 1076 Testamenti
2466 1038 2485 1072 ι
2522 1019 2982 1090 quemadmodum
3009 1018 3240 1088 etprius
3259 1028 3486 1071 carnem
3514 1028 3668 1069 suam

2097 1109 2257 1166 nobis
2282 1109 2335 1164 in
2367 1109 2551 1166 cibum
2579 1111 2846 1173 tribuens,
2877 1109 3092 1165 dicebat
3119 1109 3132 1162 ι
3166 1126 3186 1160 ι
3223 1107 3487 1176 Accipite,
3518 1117 3661 1158 tuan-

2098 1201 2293 1256 ducate
2318 1218 2333 1255 ι
2361 1200 2476 1256 Hoc
2507 1211 2590 1258 est
2617 1217 2815 1270 corpus
2870 1215 3050 1256 meum
3090 1219 3108 1252 ι
3134 1199 3281 1270 quod
3317 1208 3373 1251 tu
3429 1211 3534 1250 non
3583 1210 3678 1264 po-

2100 1303 2183 1350 tes
2218 1295 2462 1360 imitari;
2506 1295 2642 1350 adeo
2685 1309 2876 1368 azgmo
2907 1294 3151 1359 teneris;
3210 1307 3388 1359 neque
3434 1288 3680 1350 dividet-,c

2099 1396 2276 1458 potes,
2314 1397 2370 1441 et
2419 1388 2664 1456 praebere
2711 1383 3435 1455 corpus;quemadmodum
3496 1395 3678 1447 nequc

2098 1477 2438 1547 sanguinem.
2456 1477 2553 1533 Illo
2577 1485 2759 1532 tamen
2779 1477 3032 1533 dicente:
3059 1475 3233 1529 Bibite
3259 1490 3324 1528 ex
3356 1488 3422 1528 eo
3443 1486 3670 1526 omnes:

2100 1571 2186 1625 hic
2198 1578 2281 1625 est
2295 1569 2516 1638 sanguis
2535 1585 2710 1632 meus,
2728 1569 2820 1622 sed
2843 1576 2898 1623 tu
2918 1583 3026 1622 non
3046 1567 3202 1621 facis.
3223 1565 3320 1631 Qui
3339 1565 3480 1620 enim
3501 1572 3678 1617 ten-um

2097 1665 2284 1718 volunt
2307 1663 2742 1726 communicare,
2767 1676 2850 1716 ets
2895 1675 3000 1714 non
3035 1657 3199 1713 oﬁers
3241 1655 3500 1717 calicem;
3539 1655 3675 1706 aleo

2102 1754 2283 1808 omnia
2312 1753 2604 1808 innovasti.
2623 1752 2728 1805 Sed
2753 1766 2852 1806 nos
2877 1751 2930 1805 in
2965 1750 3183 1804 Christo
3206 1746 3576 1802 sacrificamus
3594 1759 3679 1796 se.

428 1847 544 1883 νειν
583 1831 734 1903 δύνῃ,
773 1834 864 1886 καὶ
900 1835 1162 1906 παρέχειν
1196 1838 1256 1889 τὸ
1305 1838 1486 1908 σῶμα,
1535 1839 1723 1911 ὥσπερ
1759 1841 1880 1895 οὐδὲ
1939 1845 1995 1896 τὸ

2102 1845 2337 1900 cundum
2387 1842 2562 1912 ipsum
2595 1859 2609 1908 ;
2635 1852 2688 1896 ct
2719 1857 2909 1912 panem
2930 1839 3253 1909 frangimus.
3273 1847 3331 1890 ut
3353 1838 3464 1906 ipse
3483 1834 3639 1905 fregit
3661 1851 3684 1912 ;‘

431 1916 574 1990 αἷμα
601 1941 614 1955 ·
647 1925 826 1976 καίτοι
850 1942 914 1992 γε
949 1926 1139 1979 τούτου
1170 1927 1442 1996 λέγοντος,
1486 1948 1506 1982 t
1542 1930 1698 1984 Πίετε
1729 1932 1788 1996 ἐξ
1833 1935 1995 1988 αὐτοῦ

2099 1945 2153 1991 et
2177 1950 2278 1990 nos
2309 1935 2569 1998 bibimus,
2611 1943 2670 1988 ut
2696 1934 2810 2002 ipSc
2833 1932 2970 1986 dixit
2998 1947 3012 1993 ;
3039 1938 3093 1984 et
3153 1928 3404 1982 ίὶιίιιιιιιιιε
3454 1926 3678 1980 calicem

434 2015 636 2075 πάντες
659 2030 675 2046 ⁸
702 2015 860 2067 τοῦτό
899 2017 1013 2069 ἐστι
1049 2017 1110 2070 τδ
1136 2012 1276 2087 αἷμά
1327 2036 1452 2089 μου.
1495 2039 1514 2073 ι
1559 2021 1701 2075 Ἀλλ’
1727 2022 1836 2076 οὐδ’
1870 2025 1995 2079 αὐτὸ

2103 2028 2366 2083 tradimus
2395 2042 2410 2094 ;
2439 2026 2804 2096 etperfcctum
2848 2037 3038 2092 panem
3086 2019 3398 2083 oderimus;
3425 2018 3685 2084 quoniam

435 2103 501 2154 σὺ
537 2104 798 2174 ὲνεργεῖς.
846 2106 954 2160 Καὶ
986 2107 1094 2177 γὰρ
1124 2109 1239 2171 τοῖς
1271 2112 1735 2182 προσερχομένοις
1777 2130 1859 2166 σοι
1882 2131 1995 2168 κοι-

2101 2125 2156 2171 et
2192 2117 2310 2187 ipse
2333 2115 2612 2187 perfectus
2641 2116 2806 2169 homo
2837 2121 2890 2168 et
2913 2113 2964 2167 in
2996 2111 3184 2182 legalis
3227 2107 3484 2164 sacriﬁcii
3536 2107 3689 2162 abla-

435 2195 623 2246 νωνεῖν
652 2195 712 2246 ού
747 2195 1041 2265 μεταδίδως
1071 2196 1165 2250 τοῦ
1201 2197 1494 2268 ποτηρίου·
1531 2199 1784 2255 τοσοῦτον
1825 2205 1995 2259 πάντα

2103 2207 2327 2274 tionem,
2357 2207 2614 2275 quoniam
2643 2205 2897 2266 cessavit,
2931 2203 3150 2273 quando
3177 2201 3428 2271 apparuit
3458 2199 3687 2254 veritas.

437 2285 930 2354 κεκαινοτόμηκας.
975 2285 1116 2338 Ἀλλ’
1145 2289 1306 2358 ἡμεῖς
1351 2290 1410 2344 ὲν
1440 2291 1658 2364 Χριστῷ
1687 2294 1995 2369 ίερουργοῦ·

2104 2299 2173 2354 Et
2201 2299 2476 2354 credimus
2515 2298 2792 2353 Christum
2836 2294 3220 2349 fermentatum
3277 2299 3331 2344 ct
3388 2287 3690 2360 perfectum

444 2390 542 2442 μεν
568 2373 689 2427 κατ’
717 2375 900 2442 αὑτὸν,
946 2378 1042 2431 καὶ
1067 2377 1160 2430 τὸν
1192 2378 1357 2448 ἄρτον
1383 2380 1623 2450 κλῶμεν,
1655 2385 1731 2448 ὡς
1779 2385 1995 2441 ἔκλασει

2107 2407 2300 2462 partem
2334 2391 2675 2447 sacriﬁcasse
2709 2389 2763 2443 in
2819 2389 3084 2443 Paschatc
3133 2384 3275 2452 quod
3332 2381 3688 2447 desideravit,

439 2467 632 2528 αὐτός’
666 2467 760 2519 καὶ
807 2467 971 2536 ἡμεῖς
1022 2469 1296 2539 εσθίομεν,
1354 2473 1430 2538 ὡς
1474 2473 1600 2545 ἔφη,
1644 2476 1882 2539 καὶτοῖς
1923 2497 1995 2532 πι‹

2107 2482 2214 2537 etsi
2250 2481 2420 2552 legale
2451 2480 2659 2535 Pascha
2692 2479 2844 2548 prius
2895 2476 3124 2547 peregit.
3171 2474 3381 2528 Etenim
3441 2488 3563 2526 cum
3606 2486 3693 2526 re-

442 2557 589 2619 στοῖς
625 2558 984 2628 μεταδίδομεν
1004 2574 1019 2589 ·
1050 2561 1147 2614 καὶ
1177 2563 1383 2616 τέλειον
1426 2565 1594 2636 ἄρτον
1625 2569 1995 2641 προσάγομεν⁴

2108 2574 2390 2628 cumbcret
2422 2584 2474 2627 ct
2504 2573 2742 2628 catinum
2778 2569 3002 2623 haberet
3035 2569 3088 2622 in
3114 2582 3220 2636 quo
3257 2565 3476 2618 intinxit
3497 2563 3690 2625 ludas.

441 2649 568 2702 ἐπεὶ
611 2651 704 2702 καὶ
747 2650 955 2712 τέλειος
1001 2651 1290 2723 ἄνθρωπος
1320 2653 1503 2724 αὐτὸς,
1533 2659 1628 2712 καὶ
1661 2663 1742 2724 εἰς
1783 2663 1883 2733 τὴν
1911 2663 1995 2731 τῆς

2109 2681 2218 2720 non
2248 2665 2418 2734 legale
2437 2675 2563 2724 tunc
2587 2663 2794 2718 Pascha
2814 2651 3070 2731 operatus
3088 2673 3207 2713 esse
3233 2658 3469 2713 videtur.
3490 2655 3688 2711 Omnia

440 2744 672 2814 νομικῆς
695 2745 887 2809 θυσίας
905 2747 1206 2816 ἀναίρεσιν,
1223 2748 1343 2802 ἐπεὶ
1362 2750 1637 2806 πέπαυται
1657 2753 1812 2823 102
1832 2759 1995 2824 φανεί-

2108 2756 2254 2812 enim
2286 2755 2340 2809 in
2368 2754 2458 2808 illo
2480 2753 2744 2810 Paschate
2777 2754 2898 2822 igne
2926 2767 3050 2806 assa
3077 2765 3197 2806 esse
3224 2757 3476 2818 oportere
3534 2745 3692 2812 dicit,

444 2849 544 2904 σης
566 2834 665 2903 τῆς
693 2836 974 2900 ἀληθείας.
1004 2838 1116 2892 Kal
1146 2839 1474 2909 πιστεύομεν
1517 2843 1595 2906 ὡς
1638 2849 1733 2899 καὶ
1782 2845 1995 2916 ἔνζυμοι

2113 2863 2289 2916 neque
2320 2848 2374 2901 in
2398 2862 2538 2915 aqua
2574 2855 2755 2901 cocta.
2785 2843 3092 2901 Verisimile
3143 2851 3228 2898 est
3277 2841 3440 2910 igitur
3487 2837 3694 2894 Pascha

441 2924 646 2976 τέλειον
673 2924 840 2996 ἄρτον
871 2925 1228 2998 ἱερούργησεν
1271 2929 1300 2982 6
1330 2931 1520 3002 Σωτὴρ
1556 2935 1638 2995 είς
1670 2933 1730 2986 τὸ
1775 2936 1995 3007 Πάσχαί

2111 2939 2280 3009 legale
2312 2936 2419 2992 alio
2450 2948 2690 3005 tempore
2743 2950 2866 2989 eum
2898 2933 3226 3000 celebrasse,
3256 2941 3311 2986 ct
3343 2941 3471 2985 tunc
3524 2941 3686 2984 suum

445 3013 812 3085 ἐπεθύμησεν,
839 3017 954 3086 εῐγε
999 3019 1093 3073 καὶ
1143 3020 1206 3074 τὸ
1238 3022 1462 3092 νομικὸν
1492 3023 1786 3094 εἰργάσατο
1819 3031 1995 3098 πρότε·

2112 3028 2323 3085 Pascha
2364 3031 2508 3100 quod
2540 3027 2889 3084 desideravit.
2921 3025 2983 3081 Et
3010 3025 3064 3079 id
3107 3024 3306 3092 saepius
3359 3023 3503 3083 dico,
3544 3018 3693 3100 dcsi:

321 3154 330 3158 -
446 3123 558 3176 ρον.
610 3107 763 3161 Ἐπεὶ
795 3109 1155 3180 ἀνακείμενος
1181 3111 1277 3181 ὢν,
1304 3089 1408 3188 ⁷καὶ
1434 3089 1688 3185 τρυδλίον
1713 3089 1995 3192 ἔχωνλνᾷ

2110 3119 2310 3177 derans
2361 3136 2462 3190 ego
2507 3120 2561 3175 in
2607 3120 2722 3188 ipso
2766 3118 2926 3187 hujus
2980 3115 3212 3170 viventis
3243 3111 3540 3179 Paschalis
3577 3089 3694 3162 fiet-i

447 3198 645 3267 ἔϐαψεν
677 3199 707 3251 6
725 3199 949 3267 Ἰούδας,
978 3203 1040 3256 οὐ
1069 3202 1131 3256 τὺ
1159 3205 1381 3275 νομικὸν
1403 3205 1524 3260 τότε
1554 3208 1798 3278 ἐνεργεῖν
1825 3213 1995 3284 Πάσχι

2121 3210 2417 3279 particeps,
2447 3209 2622 3279 ipsius
2653 3207 3050 3270 misericordia,
3081 3215 3136 3261 et
3183 3218 3327 3258 nunc
3377 3209 3428 3255 et
3461 3200 3516 3252 in
3551 3198 3698 3253 futu-

353 3345 356 3348 ,
447 3289 694 3358 φαίνεται
714 3307 728 3320 ·
770 3291 948 3345 πάντα
981 3293 1090 3364 γάρ
1119 3295 1236 3348 ἰκεῖ
1272 3297 1414 3352 όπτά
1446 3299 1580 3370 πυρί
1611 3317 1777 3372 φησιν
1805 3298 1944 3358 εἶναι
1987 3325 1995 3357 ι

2097 3320 2185 3362 .ro
2209 3304 2446 3370 saeculo.
2466 3302 2532 3357 Et
2561 3303 2690 3357 mihi
2721 3303 2771 3356 id
2799 3316 2918 3356 csse
2950 3307 3174 3369 μετοριο
3201 3309 3414 3365 semper
3441 3302 3497 3348 ct
3519 3290 3699 3344 omni-

449 3379 636 3448 νόμος,
666 3381 764 3436 καὶ
792 3383 868 3452 μὴ
893 3383 952 3439 ἐν
980 3383 1137 3438 ὕδατι
1165 3381 1428 3456 ἑψόμενα.
1464 3389 1619 3454 Εἰκὸς
1656 3389 1750 3446 οὖν
1771 3394 1831 3449 ἐν
1872 3395 1995 3467 άλλη

2122 3378 2223 3450 lius
2254 3393 2389 3448 meis
2419 3391 2700 3447 fratribus.
2736 3388 2800 3444 Et
2829 3396 3078 3445 sanctum
3111 3386 3338 3440 calicem
3364 3394 3696 3436 consecran-

447 3471 626 3542 καιρῷ
649 3472 710 3526 τὺ
729 3475 952 3544 νομικὸν
974 3475 1214 3542 τελέσαι,
1241 3479 1338 3534 καὶ
1358 3480 1478 3535 τότε
1497 3481 1560 3534 τὸ
1579 3483 1774 3546 ἑαυτοῦ
1801 3486 1990 3559 Πάσχα

2126 3493 2208 3539 tes
2237 3483 2290 3538 in
2312 3487 2430 3556 ipso
2459 3485 2676 3541 Christo
2728 3484 2836 3538 Deo
2869 3491 3076 3546 nostro,
3109 3477 3202 3548 qui
3252 3475 3492 3545 scipsum
3541 3467 3700 3525 nobis

446 3559 615 3634 οὗπερ
667 3567 757 3618 καὶ
788 3565 1129 3638 ἐπεθύμησε.
1181 3568 1292 3623 Καὶ
1339 3571 1496 3639 τοῦτο
1527 3573 1674 3640 λέγω
1730 3576 1992 3644 πολλάκις

2119 3581 2289 3642 dedit,
2327 3589 2378 3633 et
2401 3577 2663 3632 fratribus
2688 3590 2753 3629 ex
2787 3588 2852 3629 co
2884 3571 3200 3635 bibendum,
3233 3577 3291 3622 ut
3313 3564 3454 3637 jussi
3481 3578 3697 3624 sumus.

447 3653 728 3724 ἐπιθυμῶν
760 3657 915 3725 κάγὼ
965 3660 1024 3713 ὲν
1069 3659 1220 3732 αὐτῷ
1249 3661 1441 3717 τούτου
1470 3663 1566 3721 τοῦ
1597 3664 1798 3732 ζῶντος
1828 3671 1995 3742 Πάσχι

2116 3672 2174 3726 in
2208 3671 2477 3724 charitate
2504 3668 2722 3731 damus,
2754 3679 2921 3718 unum
2947 3661 3152 3729 ell’ecti,
3186 3668 3246 3714 ut
3267 3657 3465 3718 oravit.
3494 3665 3549 3710 et
3577 3669 3700 3708 cum

450 3745 682 3798 πάντοτε
714 3747 972 3815 γεύεσθαι
1002 3749 1142 3803 ἐλέει
1163 3750 1330 3805 αὑτοῦ
1357 3750 1454 3812 νῦν
1485 3769 1544 3812 τε
1571 3755 1666 3812 καὶ
1695 3757 1755 3810 ὲν
1779 3757 1856 3826 τῷ
1889 3760 1995 3828 μέλη

2117 3775 2184 3817 eo
2216 3761 2377 3815 simul
2407 3772 2533 3813 cum
2569 3753 2730 3809 Patre
2759 3761 2813 3806 et
2842 3749 3111 3820 Spirituin
3142 3749 3348 3803 unitate
3393 3743 3699 3803 constitutir

449 3837 595 3891 λοντι
619 3854 634 3869 ⁸
672 3839 766 3892 καὶ
791 3839 951 3893 τοῦτο
999 3839 1227 3912 εὔχομαι
1260 3843 1385 3916 ἐμοὶ
1411 3843 1706 3911 διαπαντὸς
1746 3842 1888 3903 εἶναι
1925 3869 1994 3904 κα

2121 3863 2181 3908 ιιι
2207 3852 2360 3908 dixit.
2386 3849 2492 3904 Sed
2522 3848 2635 3903 haec
2690 3843 2962 3902 sttﬂiciunt
2990 3849 3078 3908 get
3118 3841 3399 3910 plusquam
3426 3837 3706 3908 proposuit

453 3931 588 3984 πᾶσι
614 3934 729 3994 τοῖς
775 3932 1048 4002 ἀδελφοῖς.
1094 3935 1204 3988 Kal.
1249 3935 1313 3990 τὸ
1341 3935 1488 4006 ῖερὸν
1515 3937 1572 3992 δὲ
1605 3938 1995 4010 ίερουργοῦντει

2122 3957 2245 3998 mus
2272 3940 2512 3998 breviter
2543 3939 2748 4002 dicere,
2773 3935 3032 3996 diximus,
3058 3944 3312 3986 sermone
3341 3929 3462 3999 ipso
3499 3927 3701 3982 coacti.

455 4025 717 4093 ποτήριον
750 4024 810 4077 ὲν
830 4024 980 4097 αὐτῷ
1011 4026 1232 4097 Χριστῷ
1261 4028 1337 4098 τῷ
1368 4026 1486 4099 Θεῷ
1511 4029 1691 4100 ἡμῶν,
1718 4031 1798 4100 τῷ
1826 4032 2198 4105 laus-lelva
2227 4031 2510 4096 δεδωκότι,
2549 4030 2646 4082 καὶ
2698 4027 2813 4088 τοῖς
2856 4022 3105 4092 ἀδελφοῖς
3171 4019 3349 4074 πίνειν
3419 4015 3480 4081 ἐξ
3536 4013 3704 4069 αὑτοῦ

454 4118 640 4183 πᾶσιν,
667 4120 744 4183 ὡς
785 4121 1209 4192 ὲκελεύσθημεν,
1245 4123 1560 4195 παρέχομεν
1607 4125 1666 4180 ὲν
1715 4126 1929 4200 ἀγάπῃ,
1956 4127 2015 4182 ἓν
2045 4129 2321 4198 γινόμενοι
2353 4125 2546 4195 ὥσπερ
2571 4120 2798 4194 ηὔξατο,
2825 4119 2919 4173 καὶ
2949 4117 3048 4171 σὺν
3074 4112 3223 4184 αὐτῷ
3285 4113 3426 4183 μετά
3492 4109 3706 4179 Πατρός

453 4231 511 4266 τε
539 4213 636 4266 καὶ
663 4214 980 4284 Πνεύματος
1009 4215 1067 4269 ἓν
1096 4215 1455 4286 ὑπάρχοντες,
1489 4215 1678 4288 ὥσπερ
1711 4218 1838 4288 ἔφη.
1879 4220 2021 4273 Ἀλλ’
2063 4220 2226 4276 ἱκανὰ
2255 4218 2433 4275 ταῦτα
2455 4233 2472 4250 ο
2502 4217 2601 4272 καὶ
2635 4213 2797 4268 πλέον
2847 4211 2882 4283 ἦ
2919 4206 3260 4282 προεθέμεθα
3348 4208 3406 4263 ὲν
3472 4204 3704 4277 ἐπιτομῇ

360 4329 364 4332 ·
455 4305 657 4374 λέγειν.
689 4309 938 4377 εῖπομεν,
971 4308 1076 4368 ὑπὸ
1119 4307 1213 4361 τοῦ
1243 4307 1402 4379 λόγου
1433 4309 1772 4379 βιασθέντες.
3076 4298 3084 4306 ⁹

530 4373 847 4472 Κληρικόξ.
891 4403 1190 4470 Ἀναγκαῖα
1231 4373 1508 4474 εἰρῆσθαι,
1535 4404 1795 4470 δέσποτα,
1829 4409 1920 4462 καὶ
1953 4424 1995 4462 τι

2207 4407 2465 4464 Clericus.
2495 4402 2627 4471 Quae
2661 4397 2974 4458 necessaria
2997 4403 3125 4453 sunt
3155 4391 3363 4458 dixisti,
3381 4390 3627 4454 Domine,
3653 4373 3713 4444 e't

461 4492 577 4562 Θεῷ
607 4495 768 4561 χάρις
812 4493 952 4563 ύπὲρ
1007 4495 1246 4549 τούτων·
1282 4473 1648 4565 ἀσφαλίζουσι
1695 4497 1802 4568 γὰρ
1855 4499 1995 4567 ἡμᾶς

2097 4482 2106 4523 ⁵
2134 4515 2234 4572 pro
2258 4501 2325 4555 iis
2351 4498 2458 4554 Deo
2485 4499 2707 4569 gratias.
2737 4492 2846 4549 Nos
2873 4490 3017 4547 enim
3055 4491 3275 4560 firmant
3302 4494 3357 4540 et
3378 4485 3442 4538 de
3469 4496 3535 4537 eo
3557 4479 3706 4550 quod

463 4585 558 4636 καὶ
592 4584 722 4653 περὶ
773 4583 866 4637 τοῦ
894 4583 1058 4650 ὀρθοὖ
1089 4601 1148 4637 τε
1185 4585 1280 4638 καὶ
1318 4585 1556 4655 ἀληθοῦς
1608 4586 1810 4658 πολλὴν
1869 4605 1995 4658 παρα

2138 4603 2344 4648 rectum
2375 4598 2459 4649 est
2479 4605 2545 4646 ac
2566 4604 2749 4645 verum
2775 4586 3002 4642 multam
3053 4577 3460 4657 intelligentiam
3491 4583 3545 4632 et
3591 4589 3720 4631 cere.

463 4691 619 4744 χουσι
646 4675 742 4744 τὴν
774 4674 990 4733 σύνεσιν
1026 4678 1121 4734 καὶ
1153 4675 1468 4745 βεϐαίωσιν.

2138 4683 2422 4739 titudiuem
2455 4689 2735 4751 prmstant.

545 4766 893 4835 Ἅρχιερεύς.
930 4767 1200 4832 Πλεῖστοι,
1245 4769 1463 4837 ἀδελφὲ,
1519 4769 1652 4825 θεῖοι
1709 4770 1878 4834 ὄντως
1935 4788 1995 4826 κο

2213 4769 2486 4837 Pontifex.
2537 4767 2712 4832 Multi,
2769 4763 2954 4829 frater,
3003 4770 3186 4820 mente
3235 4773 3362 4815 vero
3409 4756 3596 4812 divina
3642 4769 3708 4815 ac

468 4854 658 4924 ὑψηλοὶ
686 4855 785 4916 τὴν
816 4855 1053 4908 διάνοιαν
1107 4857 1361 4925 εἰρήκασι
1397 4872 1526 4925 περι
1559 4855 1763 4910 τούτων
1788 4870 1803 4885 ’
1833 4859 1927 4909 καὶ
1961 4856 1995 4910 ἀ

2138 4859 2353 4915 excelsa
2379 4835 2618 4927 praediti
2648 4855 2716 4910 de
2741 4853 2808 4908 iis
2832 4853 2997 4908 locuti
3031 4859 3179 4917 sunt,
3242 4860 3296 4905 et
3319 4849 3478 4919 quasi
3511 4835 3722 4916 super-'

471 4944 743 5013 παρέλκον
785 4943 1032 5015 ἡγοῦμαι
1079 4947 1172 4996 καὶ
1230 4943 1501 5014 τολμηρὸν
1554 4945 1615 4998 τὸ
1669 4944 1856 5015 λέγειν
1894 4946 1995 5014 κὰμ

2139 4950 2308 5005 ﬂuum
2346 4964 2410 5004 ac
2433 4948 2778 5003 temerarium
2809 4946 2878 5001 de
2908 4945 2977 4999 iis
3008 4945 3273 5013 meipsum
3310 4949 3418 4994 tam
3443 4935 3715 4993 humilem

470 5036 828 5106 περὶτούτων
857 5038 1111 5095 ταπεινὸν
1141 5035 1288 5089 ὄντα.
1321 5036 1468 5105 Πλὴν
1499 5037 1532 5106 ἡ
1557 5037 1746 5106 ἀγάπη
1771 5035 1994 5105 βιάζετα

2140 5036 2412 5091 disserere
2463 5034 2678 5105 opinor.
2738 5032 2897 5102 Cogit
2939 5041 3120 5086 tamen
3169 5028 3393 5084 caritas.
3461 5023 3729 5091 Accipite.

472 5128 698 5198 Δέχεσθε
724 5126 817 5184 οὖν
851 5130 942 5182 καὶ
975 5129 1128 5188 αὐτοὶ
1158 5130 1219 5182 τὸ
1264 5130 1402 5182 κατὰ
1427 5127 1655 5197 δύναμιν
1694 5125 1827 5197 παρ’
1857 5126 1995 5196 ἡμῶε

2144 5127 2307 5197 igitur
2343 5139 2397 5181 et
2425 5141 2523 5180 vos
2548 5139 2670 5194 qum
2705 5139 2928 5194 possum
2962 5137 3059 5192 pro
3110 5119 3317 5175 viribus
3343 5117 3547 5171 dicere.
3581 5111 3710 5166 Pero

474 5217 556 5272 Τὰ
584 5219 888 5288 τελεώτερα
923 5217 980 5272 δὲ
1008 5219 1160 5288 παρά
1208 5220 1318 5278 τῶν
1354 5217 1608 5288 μεγάλων
1651 5215 1995 5287 ὲπιζητοῦντε

2147 5217 2372 5270 fectiora
2425 5228 2556 5268 vero
2600 5229 2630 5268 a
2661 5215 2872 5284 magnis
2924 5210 3260 5282 inquirentes
3299 5205 3530 5268 discite;
3577 5200 3730 5283 Quia.

476 5309 798 5378 μανθάνετε.
829 5309 954 5364 Ὀτι
983 5311 1090 5373 πᾶς
1115 5310 1144 5362 6
1170 5309 1350 5379 ζητῶν
1378 5309 1623 5380 εὑρήσει,
1651 5309 1806 5379 φησί.

2146 5305 2325 5362 omnis
2352 5305 2445 5374 qui
2469 5303 2666 5374 quarit
2700 5301 2930 5367 invenit,
2956 5309 3015 5354 ut
3047 5299 3252 5355 dictum
3280 5304 3388 5351 est.
3674 5306 3684 5311 ’

1051 5403 1304 5461 ΚΕΦᾹΛ.
1346 5400 1461 5468 ῌΥ.

2707 5389 2938 5446 CAPUT-
2993 5385 3153 5442 XCII.

598 5494 737 5563 napi
769 5495 887 5550 τῶν
914 5495 984 5548 ἐν
1013 5494 1085 5562 τῇ
1118 5491 1498 5563 προσκομιδῇ
1518 5489 1923 5560 τελουμένων.

2446 5483 2523 5538 De
2561 5483 2626 5537 iis
2656 5498 2772 5553 qua:
2801 5484 2855 5536 in
2884 5480 3044 5534 Missa
3071 5487 3412 5548 peraguntur.

545 5585 732 5648 Οὕτως
754 5587 784 5640 6
809 5587 986 5653 ίερεὺς
1008 5585 1097 5638 τὸν
1121 5581 1351 5653 ενζυμον
1380 5583 1583 5637 ἐκεῖνον
1606 5581 1768 5651 ἄρτον
1788 5581 1851 5632 ὲκ
1879 5576 1995 5647 μέσι

2224 5573 2316 5630 Sic
2348 5575 2512 5647 igitur
2542 5584 2830 5644 postquam
2864 5569 3120 5631 sacerdos
3146 5568 3526 5623 fermentatum
3560 5565 3732 5620 illum.

478 5678 573 5732 τοῦ
604 5678 772 5748 ἄρτου
818 5674 1126 5748 ἐξαγαγὼν,
1158 5673 1336 5746 δηλῶν
1387 5673 1491 5727 κάν
1522 5671 1698 5748 τούτῳ
1727 5669 1804 5733 ὥς
1849 5671 1915 5722 ἐκ
1947 5668 1995 5720 τί

2156 5678 2352 5739 panem
2405 5681 2473 5722 ea
2523 5665 2705 5721 medio
2742 5679 2880 5735 pane
2921 5661 3243 5732 assumpsit,
3279 5657 3578 5715 ostendens
3611 5657 3717 5712 hoc

468 5741 742 5846 ἡμετέρας
769 5741 1117 5840 φύσεως-καῖ
1161 5741 1263 5827 06x
1306 5765 1366 5832 ἐξ
1411 5765 1606 5840 ἑτέρας
1633 5741 1823 5828 οὐσίας
1849 5761 1995 5837 σεσάι

2158 5759 2321 5817 modo
2377 5757 2654 5816 Christum
2704 5771 2768 5814 ex
2812 5761 2999 5813 nostra
3057 5759 3254 5810 natura
3289 5765 3464 5822 neque
3491 5764 3566 5810 ex
3608 5747 3718 5809 alia
