4114 6272
480 326 585 389 279

1268 339 1649 403 SYMEONIS
1692 345 2446 412 THESSALONICENSIS
2489 350 2842 412 ARCHIEP.

3615 355 3722 421 280

477 442 641 512 cujus
667 442 863 499 litteris
907 446 1039 517 quid
1099 450 1367 519 agendum
1416 463 1578 520 esset,
1609 470 1888 528 accepere.
1940 457 2050 515 Nec

2153 465 2181 517 δ
2210 467 2310 535 τῆς
2354 465 2707 535 Ἀλεξάνδρου
2745 466 2803 520 δὲ
2855 465 2949 520 καὶ
2984 464 3285 536 Ἀντιόχου,
3316 467 3413 522 καὶ
3441 467 3542 534 τῆς
3572 467 3726 534 θείας

482 529 679 587 Petrus
710 534 871 589 modo
903 535 1116 592 locutus
1162 548 1265 605 est,
1298 540 1391 595 sed
1424 551 1479 597 et
1515 541 1756 600 Jacobus
1790 555 1844 601 et
1887 546 2052 604 Joan-

480 637 582 679 nes
604 635 659 679 et
690 627 895 694 caeleri,
925 640 1093 699 atque
1120 632 1193 685 ita
1227 632 1390 688 simul
1423 634 1475 689 iu
1503 634 1744 706 Epistola
1778 639 2046 698 scribunt.

481 710 545 767 Et
581 723 740 769 antea
771 714 987 785 Petrus,
1021 721 1245 790 quando
1277 732 1338 779 ut
1407 726 1795 796 adimpleretur
1844 729 2049 786 duode-

481 802 588 855 cim
626 805 997 871 apostolorum
1029 824 1310 878 numerus,
1341 813 1576 883 aliquem
1609 814 1810 886 eligere
1849 817 2040 881 voluit,

479 907 588 947 non
621 894 730 954 sibi
765 895 869 964 ipsi
913 898 1166 966 confidit,
1211 901 1308 958 sed
1336 912 1393 958 et
1426 920 1551 960 cum
1606 906 1885 977 plerisque
1915 908 2049 963 deli-

479 985 815 1043 iterationem
847 990 1059 1056 habuit,
1095 1003 1302 1049 etcum
1349 996 1460 1053 illis
1509 1013 1647 1067 opus
1707 1000 1951 1069 perfecit.
1983 1000 2050 1056 Et

474 1082 694 1145 quando
718 1097 842 1137 cum
885 1086 1222 1143 revelatione
1241 1086 1554 1145 Cornelium
1600 1093 1829 1162 accepit,
1863 1092 2048 1148 multis

479 1169 665 1225 verbis
693 1182 748 1227 et
782 1177 1148 1243 praesentibus
1177 1180 1408 1237 testibus
1453 1178 1586 1236 illud
1615 1196 1755 1251 opus
1781 1181 1876 1237 Dei
1901 1196 2047 1249 esse,

475 1276 582 1316 non
616 1278 800 1332 suum,
844 1269 1058 1324 caeteris
1103 1273 1365 1340 apostolis
1423 1273 1696 1344 probavit,
1756 1283 1815 1328 ut
1863 1286 1919 1329 et
1968 1274 2045 1330 illi

475 1355 807 1422 acciperent.
846 1358 911 1412 Et
935 1360 1135 1415 Paulus
1172 1362 1422 1417 similiter
1466 1365 1674 1434 incepit
1697 1374 1751 1420 et
1780 1366 2048 1436 praedica-

474 1442 679 1499 tiOnem
730 1461 885 1503 suam
950 1452 1073 1506 aliis
1132 1455 1575 1519 communicavit,
1604 1469 1672 1508 ne
1712 1456 1767 1510 in
1813 1471 2042 1512 vacuum

402 1598 407 1605 ν
473 1544 718 1589 curreret
751 1547 843 1591 aut
863 1541 1216 1607 cucurrisset,
1246 1540 1468 1611 Paulus,
1490 1546 1876 1615 quiChristum
1896 1563 2045 1617 gere-

474 1622 683 1694 bat,qui
710 1629 909 1698 ubique
940 1645 971 1685 a
1021 1642 1215 1688 sancto
1267 1635 1477 1707 Spiritu
1535 1639 1877 1695 movebatur.
1909 1640 2043 1708 Quis

469 1712 638 1782 igitur
659 1722 884 1775 omnino
907 1737 967 1778 se
1017 1727 1403 1783 commendare
1450 1729 1698 1796 auderet,
1729 1745 1833 1785 nou
1867 1747 1895 1785 a
1933 1731 2042 1788 Deo

2151 555 2361 617 πόλεως
2400 555 2785 626 Ἰερουσαλήμ·
2826 555 2919 609 καὶ
2951 554 3034 608 ἐτι
3069 556 3118 609 οί
3158 556 3497 626 πανταχόθεν
3525 557 3726 623 πάντες

2149 647 2374 716 λογάδες
2404 648 2498 701 καὶ
2521 647 2786 717 ἔκκριτοι.
2822 638 2887 701 Οἳ
2918 646 3015 701 καὶ
3040 646 3385 716 ὁμοθυμαδὸν
3414 647 3724 712 διαλύοντες

2148 738 2217 789 τὰ
2277 737 2772 808 ἀμφισϐητούμενα
2799 778 2814 804 ,
2864 737 2931 790 τά
2985 738 3260 807 ἀκραιφνῆ
3307 754 3366 791 τε
3401 738 3500 793 καὶ
3542 738 3720 810 ἀληθῆ

2149 827 2298 898 ὅροις
2337 827 2622 881 ἐϐεϐαίουν
2660 829 2755 881 καὶ
2789 826 2970 891 καλῶς
2995 827 3358 898 ἠσφαλίζοντο
3383 844 3399 859 ⁸
3432 829 3526 883 καὶ
3559 826 3720 883 τοῦτο

2150 917 2302 987 παρὰ
2324 917 2430 972 τῶν
2464 918 2778 972 ἀποστόλων
2821 917 3102 981 λαϐόντες.
3148 916 3343 972 Ἦνίκα
3371 920 3481 990 γάρ
3521 922 3548 974 ό
3587 922 3720 990 περὶ

2148 1005 2247 1075 τῆς
2305 1006 2609 1076 περιτομῆς
2664 1007 2817 1075 παρά
2871 1023 3033 1060 τινων
3091 1006 3318 1079 είσήχθη
3367 1006 3560 1075 λόγος,
3617 1011 3721 1066 οὐκ

2147 1090 2463 1168 ἐθάρρησαν
2511 1097 2726 1161 ἑαυτοῖς
2758 1096 2969 1162 Παῦλός
3015 1116 3075 1152 τε.
3112 1101 3206 1152 καὶ
3239 1098 3526 1172 Βαρνάϐας
3554 1118 3718 1172 νομο-

2150 1186 2346 1253 θετεῖν,
2385 1187 2519 1241 ἀλλά
2549 1191 2615 1260 τῇ
2643 1188 2752 1242 τῶν
2784 1188 3105 1243 ¹ἀποστόλων
3150 1190 3376 1261 συνόδῳ,
3405 1186 3472 1244 δι’
3503 1185 3572 1263 ἧς
3617 1192 3715 1244 καὶ

2146 1278 2210 1333 τὸ
2235 1280 2509 1353 πρακτέον
2547 1279 2957 1351 ἐνεγράμμασιν
2985 1280 3196 1335 ἔλαϐονο
3236 1283 3324 1335 ὅτε
3376 1280 3468 1335 καὶ
3515 1281 3577 1335 οὐ
3608 1280 3718 1336 Ili-

2144 1385 2276 1443 τρος
2333 1371 2497 1441 μόνον
2542 1370 2746 1437 ἐλάλει,
2776 1371 2913 1425 ἀλλὰ
2956 1371 3051 1425 καὶ
3097 1371 3374 1438 Ἰάκωϐος,
3404 1371 3499 1425 καὶ
3537 1371 3721 1425 Ἰωάνο

2146 1481 2266 1534 νης,
2294 1464 2390 1520 καὶ
2423 1464 2473 1518 οί
2501 1464 2698 1518 λοιποί·
2728 1463 2826 1518 καὶ
2856 1463 3030 1526 οὕτως
3061 1464 3197 1534 δμοῦ
3228 1463 3535 1534 γράφουσιν
3560 1465 3618 1517 ἐν
3646 1463 3715 1534 τῇ

2144 1554 2350 1608 τούτων
2381 1555 2662 1627 ἐπιστολῇ.
2689 1553 2803 1609 Καὶ
2822 1555 2930 1627 πρὸ
2956 1554 3147 1608 τούτου
3184 1555 3411 1625 Πέτρος,
3442 1555 3607 1626 ⁴ἡνίκα
3635 1555 3718 1618 είς

2144 1646 2244 1714 τὴν
2278 1645 2671 1717 ἀναπλῂρωσιν
2712 1646 2812 1715 τῆς
2855 1646 3153 1708 δωδεκάδος
3183 1645 3293 1699 τῶν
3326 1647 3586 1717 μαθητῶν
3614 1648 3714 1703 ἕνα

2146 1735 2341 1807 ἢθελεν
2381 1736 2748 1800 ἀπολέξασθαι
2773 1778 2789 1802 ,
2839 1737 2940 1792 ούκ
3000 1737 3307 1809 ἐθάρρησεν
3345 1738 3544 1809 ἐαυτῷ,
3578 1738 3715 1794 ἀλλὰ

468 1814 525 1856 et
551 1824 579 1857 a
623 1806 717 1887 Dei
749 1813 947 1867 servis-
974 1818 1428 1874 commendatusl
1473 1820 1536 1876 Et
1579 1836 1740 1891 quem
1796 1822 2041 1893 proferre

2149 1828 2264 1890 τοῖς
2303 1826 2521 1889 πολλοῖς
2555 1826 2908 1894 ἐκοινώσατο,
2943 1829 3037 1880 καὶ
3070 1806 3166 1881 σῦν
3196 1806 3427 1891 ἐκείνοις
3456 1806 3518 1882 τδ
3555 1830 3718 1901 ἔργον

469 1907 692 1963 possent
727 1909 916 1958 contra
944 1904 1133 1963 Patres
1162 1909 1464 1976 doctorem,
1487 1929 1767 1984 unumque
1813 1925 1869 1971 et
1896 1916 2035 1973 duos

470 1997 525 2042 rt
578 1990 789 2058 plures.
834 1999 1248 2055 temerariorum
1302 2003 1613 2074 dogmatum
1678 2015 1731 2062 et
1777 2006 2035 2087 falsorum

470 2092 773 2141 assertores
795 2086 820 2139 ?
845 2086 994 2154 Quos
1020 2088 1189 2149 falsos
1233 2092 1485 2151 doctores
1524 2112 1867 2167 consequens
1886 2086 2039 2154 esset

430 2237 442 2249 υ
470 2174 678 2239 dicere,
710 2176 812 2232 alia
840 2180 1098 2237 docentes
1124 2190 1178 2237 et
1212 2198 1350 2238 nova
1405 2194 1733 2254 statuentes,
1770 2189 2038 2244 adversus

469 2278 532 2317 ca
555 2280 679 2334 quae
703 2272 1068 2326 communiter
1103 2285 1322 2343 accepta
1354 2283 1483 2329 sunt
1516 2287 1571 2329 et
1623 2277 1854 2341 ﬁrmata,
1891 2286 1945 2330 et
1974 2277 2041 2331 ab
2084 2294 2087 2295 '

467 2359 720 2413 omnibus
750 2360 1006 2417 Patribus
1033 2365 1198 2419 simul
1221 2374 1274 2420 et
1294 2366 1347 2420 in
1375 2368 1761 2423 communibus
1788 2368 2041 2424 conciliis

469 2459 524 2503 et
560 2451 760 2521 ubique
791 2454 1009 2511 tradita.
1069 2456 1135 2509 Et
1183 2456 1458 2512 sufficiunt
1511 2475 1632 2529 quae
1657 2460 1726 2515 do
1770 2475 1838 2516 eo
1894 2462 2040 2517 dicta

470 2549 619 2597 sunt.
652 2543 820 2599 Sacer
852 2560 982 2600 vero
1013 2546 1197 2602 discus
1223 2551 1581 2604 sacerrimum
1633 2566 1830 2620 panem
1876 2554 2038 2609 habet

467 2643 521 2686 et
552 2633 795 2690 divinum
830 2639 1078 2705 calicem,
1123 2639 1309 2694 viuum
1341 2648 1396 2694 et
1426 2657 1644 2708 aquam,
1676 2643 1785 2699 Deo
1831 2645 2035 2699 oblata.

468 2723 590 2794 Ipse
622 2736 801 2781 autem
833 2730 1370 2798 sacerdos,etaliam
1407 2733 1740 2788 oblationem
1766 2736 2043 2805 accipiens

467 2831 536 2870 ex
559 2832 622 2870 eo
644 2817 863 2886 quodin
890 2820 1068 2875 medio
1092 2832 1175 2877 est
1196 2823 1352 2894 signo
1378 2838 1541 2877 unam
1573 2833 1782 2894 partem
1807 2828 2035 2896 cuspide

466 2907 652 2963 educit
677 2924 694 2976 ;
717 2918 772 2966 et
796 2911 849 2966 in
867 2911 1132 2969 honorem
1157 2918 1221 2971 ac
1241 2917 1561 2973 memoriam
1581 2917 1824 2986 Dciparze
1845 2918 2038 2988 oﬂ'ert;

466 3011 697 3067 eumque
724 3009 934 3071 partem
957 3018 987 3058 ο
1016 3004 1208 3061 dextro
1235 3008 1393 3077 pauls
1423 3010 1516 3079 qui
1545 3011 1595 3064 in
1624 3009 1778 3067 disco
1806 3021 1890 3068 est
1911 3012 2038 3067 late-

2142 1920 2380 1973 ἐτέλεσε.
2405 1921 2515 1972 Καὶ
2544 1920 2632 1974 ὅτε
2672 1919 2727 1973 δέ
2768 1920 2907 1991 μετὰ
2932 1919 3330 1991 ἀποκαλύψεως
3365 1921 3456 1976 τὸν
3494 1921 3717 1994 Κορνή-

2143 2012 2258 2065 λιον
2297 2011 2648 2082 παρεδέξατο,
2685 2012 2965 2074 πλείστοις
2990 2012 3172 2083 λόγοις
3206 2014 3300 2067 καὶ
3337 2015 3576 2086 μάρτυσι
3604 2017 3718 2079 τοῖς

2146 2102 2583 2173 παρατυχοῦσιν,
2626 2103 2702 2167 ὡς
2734 2105 2816 2157 ὅτι
2851 2105 2999 2173 παρὰ
3037 2104 3173 2158 Θεοῦ
3215 2106 3276 2160 τὸ
3325 2106 3483 2178 ἔργον
3517 2102 3585 2179 ἦν
3619 2108 3716 2160 καὶ

2142 2195 2206 2249 ού
2238 2195 2372 2266 παρ’
2429 2194 2634 2262 αὐτοῦ,
2681 2196 2797 2260 τοῖς
2849 2196 3058 2263 λοιποῖς
3097 2199 3207 2252 τῶν
3250 2199 3565 2254 ἀποστόλων
3603 2199 3721 2253 ἐϐε-

2142 2286 2416 2340 ϐαιώσατο
2444 2328 2460 2355 ,
2516 2284 2592 2350 ὡς
2660 2285 2728 2341 ἂν
2779 2287 2877 2342 καὶ
2928 2290 3082 2342 αὐτοὶ
3136 2289 3566 2362 παραδέξωνται.
3610 2291 3721 2345 Καὶ

2145 2375 2356 2440 Παῦλος
2394 2377 2449 2430 δὲ
2505 2377 2712 2449 ὁμοίως
2763 2379 3028 2450 ἀνήρχετο
3073 2381 3169 2433 καὶ
3221 2381 3500 2435 ἐκοινοῦτο
3534 2382 3595 2435 τὸ
3624 2383 3723 2452 κή-

2145 2486 2330 2541 ρυγμα
2384 2469 2581 2540 μήπως
2620 2471 2700 2534 είς
2753 2469 2908 2524 κενὸν
2953 2472 3203 2543 τρέχῃ,ἢ
3239 2473 3467 2543 ἔδραμε·
3504 2470 3714 2535 Παῦλος

2143 2563 2173 2614 ό
2229 2561 2322 2614 τὸν
2377 2560 2615 2632 Χριστὸν
2675 2561 2858 2633 φέρων
2888 2563 2924 2615 ό
2980 2564 3211 2617 πάντοτε
3255 2563 3359 2617 ὑπὸ
3417 2562 3509 2616 τοῦ
3556 2562 3714 2631 ἁγίου

2146 2651 2468 2722 κινούμενος
2510 2646 2847 2720 Πνεύματος.
2888 2651 3091 2705 Λοιπὸν
3122 2651 3206 2716 τίς
3228 2653 3552 2723 τολμήσειεν
3581 2651 3719 2716 ὅλως

2150 2742 2343 2798 ἑαυτὸν
2374 2744 2652 2814 συνιστᾷν,
2695 2744 2769 2815 μὴ
2810 2745 2963 2814 παρὰ
3002 2743 3138 2798 Θεοῦ
3177 2745 3273 2800 καὶ
3309 2745 3420 2798 τῶν
3450 2744 3544 2800 τοῦ
3576 2741 3715 2798 Θεοῦ

2149 2834 2538 2904 συνιστάμενος
2594 2834 2831 2901 δούλων;
2899 2836 2971 2889 Ἥ
3014 2837 3137 2889 τίνα
3194 2837 3509 2906 προφέρειν.
3539 2835 3717 2905 ἐχοιέν

2144 2939 2293 2984 τινες
2331 2923 2482 2994 παρά
2529 2924 2656 2986 τοὺς
2709 2924 2961 2995 Πατέρας
2997 2923 3332 2988 διδάσκαλον,
3367 2924 3464 2977 ἕνα
3509 2939 3567 2976 τε
3619 2924 3714 2977 καὶ

2145 3013 2241 3069 δύο
2262 3014 2358 3067 καὶ
2383 3012 2658 3082 πλείονας,
2683 3015 2792 3069 τῶν
2813 3014 3080 3087 κιϐδήλων
3104 3016 3389 3084 δογμάτων
3412 3016 3510 3070 καὶ
3538 3017 3717 3088 ἀμυή-

466 3101 529 3141 re
553 3090 726 3156 ponit.
751 3091 867 3158 Ipse
893 3093 1040 3148 enim
1080 3095 1235 3162 panis
1281 3095 1449 3167 llgura
1475 3106 1561 3154 est
1583 3102 1762 3156 adhuc
1788 3104 2035 3172 corporis

466 3178 668 3203 m___,__,
695 3197 709 3203 _
736 3197 860 3203 hu
1559 3199 1570 3203 -
1941 3196 1952 3203 .

2150 3123 2261 3160 των
2300 3105 2621 3178 μυστηρίων
2655 3106 3029 3178 ἐξάρχοντας;
3064 3104 3157 3171 οῦς
3197 3106 3719 3203 ψιυδοδιδασκάλους

465 3178 668 3235 Clu-isti
693 3197 709 3249 ;
735 3197 863 3252 pars
891 3194 1074 3240 autem
1100 3186 1192 3241 illa
1221 3199 1577 3260 repraesentat
1600 3206 1720 3248 eam
1745 3208 1866 3263 quae
1882 3196 2046 3250 etiam

2156 3197 2360 3267 μᾶλλον
2403 3197 2582 3251 εἰπεῖν
2632 3197 2952 3265 ἀκόλουθον,
2997 3197 3350 3261 διδάσκοντας
3407 3197 3576 3268 ἕτερα
3625 3197 3722 3252 καὶ

471 3270 632 3339 Virgo
655 3273 935 3331 Christum
964 3278 1175 3347 genuit,
1198 3280 1346 3333 salva
1386 3281 1553 3350 igitur
1577 3293 1632 3338 et
1660 3283 1714 3337 in
1751 3284 1927 3361 ﬁgura
1951 3300 2050 3342 ve-

2152 3282 2582 3360 νομοθετοῦντας
2613 3291 2800 3356 καινὰ,
2828 3308 2904 3345 πα
2914 3291 2983 3362 ρὰ
3007 3290 3077 3344 τά
3113 3290 3309 3354 κοινῶς
3336 3288 3635 3361 δεδογμένα
3658 3304 3720 3344 τε

468 3363 658 3418 ritate:
686 3364 739 3418 in
764 3366 983 3421 Psalmo
1010 3370 1155 3422 enim
1175 3370 1381 3426 adstitit
1407 3370 1610 3443 Regina
1632 3389 1660 3429 a
1694 3374 1900 3432 dextris
1930 3377 2048 3431 Filii

2152 3382 2252 3435 καὶ
2293 3379 2684 3449 βεϐαιωθέντα,
2716 3384 2811 3439 καὶ
2842 3383 3009 3459 παρὰ¹
3041 3380 3152 3437 τῶν
3197 3379 3461 3451 Πατέρων
3500 3380 3720 3436 πάντων

464 3461 522 3507 et
548 3452 710 3525 Regis
726 3455 951 3515 Christi.
973 3457 1217 3514 Primum
1249 3462 1506 3532 honorem
1537 3467 1754 3535 accipit,
1786 3475 2044 3537 tauquam

2145 3470 2281 3541 όμοῦ
2327 3473 2385 3525 ἐν
2427 3490 2487 3525 τε
2530 3474 2652 3536 ταῖς
2698 3475 2907 3537 κοιναῖς
2935 3472 3277 3529 συνελεύσεσι
3316 3473 3411 3527 καὶ
3442 3469 3722 3542 πανταχοῦ

467 3542 663 3599 Mater.
686 3545 905 3603 Primus
937 3550 1134 3604 etenim
1169 3550 1321 3608 locus
1345 3565 1424 3610 est
1459 3555 1741 3611 dexterum
1773 3557 1935 3613 latus.

2145 3562 2584 3633 παραδεδομένα.
2618 3564 2730 3618 Καὶ
2759 3564 2924 3619 ἱκανά
2955 3565 3054 3635 μὲν
3080 3564 3309 3634 τὼπερὶ
3336 3562 3559 3631 τούτουῇ
3588 3564 3618 3617 ό
3665 3561 3722 3616 δέ

468 3634 611 3709 ἱερὸς
641 3641 823 3707 δίσκος
849 3644 941 3698 τὸν
993 3646 1287 3715 ἱερώτατον
1318 3650 1484 3721 ἄρτον
1511 3651 1646 3722 ἔχει,
1674 3655 1771 3708 καὶ
1809 3657 1870 3709 τὸ
1910 3655 2053 3711 θεῖον
2087 3660 2370 3730 ποτήριον,
2399 3661 2492 3713 τὸν
2515 3658 2657 3714 οἶνον
2707 3660 2845 3730 μετὰ
2882 3634 2977 3716 τοῦ
3048 3660 3262 3727 ὓδατος,
3328 3652 3721 3727 άνατεθειμένα

463 3732 603 3802 θεῷ·
639 3735 812 3799 Αὗτδς
845 3737 901 3791 δὲ
936 3737 965 3791 ὃ
994 3739 1195 3808 ἱερεὺς,
1242 3744 1337 3796 καὶ
1382 3743 1577 3815 ἐτέραν
1621 3746 1801 3802 λαϐὼν
1849 3748 2186 3821 προσφορὰν,
2218 3753 2279 3805 ἐκ
2337 3751 2432 3821 τῆς
2459 3755 2516 3806 ἐν
2547 3755 2703 3827 μέσῳ
2746 3754 3040 3827 σφραγῖδος
3081 3752 3212 3825 μίαν
3278 3752 3464 3821 ἐξάγει
3531 3749 3722 3821 μερίδα

463 3823 493 3875 δ
523 3827 554 3879 ἀ
582 3829 682 3898 τῆς
714 3826 936 3899 λόγχης.
963 3831 1057 3884 καὶ
1081 3835 1160 3898 εἷς
1188 3836 1357 3907 τιμὴν
1390 3839 1484 3890 καὶ
1521 3842 1744 3910 μνήμην
1774 3844 2042 3915 προσάγει
2084 3843 2185 3909 τῆς
2236 3823 2569 3918 Θεομήτρος.
2623 3823 2734 3903 Kal
2779 3823 2985 3918 ταύτην
3023 3823 3092 3913 ἐκ
3132 3845 3324 3913 δεξιῶν
3360 3845 3455 3901 τοῦ
3524 3847 3582 3899 ἐν
3640 3841 3722 3914 τῷ

472 3920 649 3991 δίσκῳ
681 3922 828 3991 ἱεροῦ
855 3923 1040 3994 ’ἄρτου
1079 3926 1315 3997 τίθησιν.
1348 3930 1515 3991 Αὐτὸς
1556 3931 1656 3999 μὲν
1683 3932 1791 4002 γάρ
1837 3937 1863 3985 ὁ
1896 3936 2059 4003 ἄρτος
2100 3934 2391 4001 ἀντίτυπός
2438 3939 2590 3992 ἐστιν
2632 3937 2714 3993 ἔτι
2758 3938 2851 3993 τοῦ
2893 3937 3144 4008 σώματος
3195 3936 3291 3993 τοῦ
3354 3933 3596 4010 Χριστοῦ
3625 3951 3640 3968 ⁶
3683 3936 3719 4007 ἡ

469 4017 627 4085 μερὶς
674 4016 733 4069 δέ
794 4018 976 4088 ἐκείνη
1025 4020 1140 4071 ἀντ’
1179 4020 1350 4088 αὐτῆς
1407 4024 1506 4090 τῆς
1547 4024 1735 4078 τοῦτον
1782 4028 2047 4098 τεκούσης
2087 4029 2452 4100 παρθενικῶς.
2488 4032 2808 4102 Σωζομένης
2837 4028 2929 4087 οῦν
2957 4035 3062 4087 κάν
3088 4032 3166 4103 τῷ
3224 4032 3381 4101 τύπῳ
3425 4031 3524 4101 τῆς
3585 4031 3719 4100 ἀλη-

463 4107 636 4170 θείας,
662 4109 997 4176 παρίσταται
1028 4113 1061 4181 ὴ
1092 4113 1391 4167 Basiliam:
1429 4115 1718 4187 ψαλμικῶς
1751 4120 1812 4172 ἐκ
1839 4120 2027 4186 δεξιῶν
2065 4124 2156 4177 τοῦ
2195 4125 2324 4182 Υίοῦ
2354 4125 2449 4180 καὶ
2505 4124 2778 4190 Βασιλέως
2814 4127 3077 4197 Χριστοῦ,
3108 4127 3204 4190 τὰς
3267 4125 3488 4197 πρώτας
3556 4124 3719 4193 τιμὰς

461 4198 536 4263 ὠς
567 4201 770 4271 Μήτηρ
801 4202 1160 4273 κομιζομένη.
1200 4205 1422 4274 Πρῶτον
1462 4207 1695 4280 καὶγὰρ
1737 4211 1800 4264 τὸ
1843 4212 2035 4276 δεξιόν.

1030 4317 1259 4376 CAPUT
1290 4321 1473 4380 XCIV.

462 4425 542 4483 De
569 4427 763 4483 oblatis
788 4429 843 4484 in
872 4434 1108 4502 pret/tesi
1140 4437 1420 4519 peniculi:
1460 4454 1556 4506 pro
1597 4443 1801 4497 sanctis
1839 4444 2043 4515 piisque

1110 4521 1391 4561 universas.

530 4593 572 4646 A
610 4594 850 4652 sinistris
883 4604 1091 4661 autem.
1126 4608 1180 4651 et
1215 4613 1280 4654 ex
1321 4601 1603 4657 oblatione
1632 4604 1768 4660 alias
1811 4606 2039 4674 cuspide

2705 4329 2958 4384 ΚΕΦΔΔ.
3020 4327 3132 4397 ιιιν.

2147 4442 2286 4518 Περὶ
2340 4440 2472 4518 τῶνΔ
2513 4440 3026 4518 apage-epopsng
3045 4441 3115 4492 ἐν
3138 4437 3214 4505 τῇ
3244 4437 3713 4518 προθέσεεμερι-

2215 4510 2337 4565 δων
2358 4512 2510 4578 ὺπέρ
2533 4527 2597 4563 τε
2617 4508 2803 4579 ἁγίων
2824 4508 2923 4565 καί
2945 4509 3192 4565 πάντων
3211 4508 3330 4563 τῶν
3353 4508 3640 4564 εὐσεϐῶν.

2227 4602 2319 4668 Ἐξ
2344 4603 2648 4673 ἀριστερῶν
2682 4602 2762 4665 δέ,
2790 4603 2853 4654 ἐκ
2879 4602 3196 4671 προσφορᾶς
3225 4601 3418 4669 ἐτέρας
3442 4601 3508 4668 τῇ
3540 4598 3716 4670 λόγχη

461 4695 640 4752 partes
659 4688 935 4744 abducens
959 4689 1014 4747 in
1046 4692 1275 4746 formam
1303 4694 1483 4748 crucis
1509 4711 1573 4750 ex
1592 4697 1746 4766 siguo
1762 4700 2038 4763 sacerdos.

2150 4684 2372 4762 με’ρίδας
2404 4690 2615 4759 ἐξάγων
2659 4688 3017 4760 σταυροειδῶς
3069 4690 3135 4745 ἐκ
3188 4689 3287 4757 τῆς
3347 4687 3641 4757 σφραγῖδος
3688 4686 3718 4738 ό

461 4776 708 4830 omnium
770 4789 1085 4839 sanctorum
1149 4782 1279 4839 facit
1334 4789 1936 4857 counuemorationem,
1985 4799 2041 4849 et

465 4883 558 4922 eas
590 4869 766 4937 ponit.
813 4869 875 4923 Et
903 4888 1064 4926 unam
1100 4876 1321 4942 quidem
1373 4879 1425 4931 in
1451 4878 1711 4935 honorem
1736 4892 1791 4934 et
1827 4897 2035 4936 meum-

462 4962 599 5015 riam
664 4962 970 5017 cwlestium
1019 4978 1076 5020 et
1133 4968 1572 5026 lionnrandarum
1629 4973 1912 5027 virtutum.
1974 4973 2039 5028 Et

462 5069 692 5120 ιιοριδεο
713 5066 798 5111 est
834 5067 892 5112 ut
921 5073 1020 5128 pro
1069 5059 1202 5131 ipsis
1228 5062 1569 5134 offerantur;
1603 5069 1730 5137 quia
1753 5077 1807 5123 et
1852 5070 2034 5127 incar-

462 5146 706 5201 nationis
741 5149 1002 5218 mysterio
1065 5150 1196 5217 ipsa:
1251 5154 1749 5225 miuistrnverunt;
1795 5171 1850 5217 et
1907 5160 2034 5228 quia

464 5239 750 5293 nobiscum
781 5242 945 5297 uuitze
969 5252 1118 5306 sunt.
1146 5252 1200 5300 et
1224 5261 1326 5300 una
1368 5246 1609 5303 Ecclesia
1656 5250 1779 5309 ίοιιιί
1820 5268 2034 5307 stituus.

462 5327 527 5383 Et
556 5331 684 5398 quia
711 5333 939 5402 cupiunt
966 5342 1090 5389 aute
1122 5335 1307 5391 divina
1334 5336 1585 5394 Ecclesiae
1613 5342 1868 5412 mysteria
1907 5356 2038 5412 pro-

2149 4785 2327 4854 ίερεὺς
2354 4822 2371 4847 ,
2417 4783 2525 4836 τῶν
2579 4783 2750 4850 ἁγίων
2798 4782 3058 4837 ἁπάντων
3096 4783 3318 4852 μνήμην
3352 4782 3584 4840 ποιεῖται
3619 4779 3717 4832 καὶ

2143 4876 2347 4943 τίθησι.
2386 4876 2495 4929 Καὶ
2541 4873 2642 4944 τὴν
2691 4874 2791 4945 μέν
2851 4876 2929 4937 είς
2958 4874 3125 4943 τιμὴν
3157 4874 3254 4926 καὶ⁵
3297 4873 3516 4941 μνήμην
3546 4887 3716 4939 προσ-

2143 4969 2307 5034 φέρει
2335 4966 2442 5018 τῶν
2464 4965 2665 5035 τιμίων
2701 4966 3043 5035 ἐπουρανίων
3069 4963 3373 5030 δυνάμεων.
3406 4963 3514 5014 Kal
3543 4961 3715 5028 ἀναγ-

2143 5058 2297 5110 καῖον
2327 5057 2662 5125 προσφέρειν
2714 5055 2854 5124 ὑπὲρ
2891 5053 3092 5118 αὐτῶν,
3124 5055 3207 5106 ὅτι
3250 5051 3344 5105 καὶ
3393 5049 3470 5121 τῷ
3509 5066 3716 5121 μυστη-

2141 5147 2242 5219 ρίῳ
2270 5148 2367 5217 τῆς
2399 5148 2712 5218 οἰκονομίας
2765 5146 2922 5200 αὐτοὶ
2974 5146 3437 5215 καθυπούργησαν
3457 5158 3476 5177 ο
3503 5143 3601 5197 καὶ
3629 5143 3714 5195 ὅτι

2143 5241 2432 5313 ήνώθησαν
2464 5244 2596 5311 ἡμῖν
2621 5284 2636 5306 ,
2675 5242 2768 5300 καὶ
2805 5243 2899 5310 μία
2943 5240 3109 5309 ἐσμὲν
3136 5239 3456 5307 Ἐκκλησία·
3492 5236 3587 5291 καὶ
3629 5236 3713 5289 ὅτι

2141 5331 2472 5402 ἐπιθυμοῦσι
2500 5331 2886 5400 παρακύπτειν
2916 5332 2998 5392 εἰς
3029 5328 3098 5382 τά
3115 5329 3215 5396 τῆς
3257 5324 3577 5398 Ἐκκλησίας
3610 5340 3714 5393 μυ-

459 5421 736 5488 cumbere,
810 5425 1141 5494 accipientes
1215 5437 1270 5484 et
1321 5431 1451 5500 ipsa:
1534 5446 1882 5503 progressum
1916 5475 1931 5497 ,
1977 5432 2042 5492 Et

2145 5428 2363 5497 στήρια,
2407 5423 2763 5495 κομιζόμενοι
2816 5426 2913 5478 καὶ
2957 5418 3105 5475 οῦτοι
3151 5420 3451 5476 ἀνάϐασιν·
3486 5416 3583 5471 καὶ
3628 5416 3714 5470 ὄτι

461 5515 585 5583 quia
615 5516 896 5573 nobiscum
919 5532 1047 5585 sunt
1064 5521 1223 5579 nobis
1245 5524 1500 5581 custodes
1525 5533 1579 5581 et
1604 5540 1701 5595 pro
1719 5525 1874 5579 nobis
1893 5524 2033 5593 apud

2145 5517 2265 5590 μεθ’
2326 5518 2483 5588 ἡμῶν
2557 5518 2666 5569 εἱσι
2738 5516 2978 5585 φύλακες
3043 5517 3175 5584 ἡμῖν
3239 5513 3335 5568 καὶ
3397 5507 3714 5565 διαλλακταὶ

468 5605 641 5660 Deum
677 5606 1045 5669 intercedunt.
1080 5614 1259 5670 Aliam
1312 5631 1440 5673 vero
1469 5616 1625 5675 θεῖοι-ι
1664 5617 1717 5672 in
1769 5617 2029 5679 honorem

2146 5609 2302 5679 105
2335 5608 2471 5679 πρὸς
2504 5606 2637 5661 θεὸν
2668 5606 2821 5669 ὅντες
2849 5622 2862 5637 ·
2903 5606 3003 5676 τὴν
3033 5604 3093 5658 δὲ
3127 5606 3211 5667 είς
3237 5601 3406 5674 τιμὴν
3439 5601 3535 5655 καὶ
3571 5598 3712 5670 μνή-

461 5705 511 5749 et
541 5700 856 5753 memoriam
907 5704 1201 5759 venerandi
1256 5703 1643 5773 Piacursoris,
1681 5716 1735 5761 et
1785 5705 2027 5761 omnium

2145 5719 2251 5772 μην
2281 5699 2378 5754 τοῦ
2411 5699 2592 5769 τιμίου
2630 5698 2946 5770 Προδρόμου
2968 5737 2985 5759 ,
3018 5695 3114 5750 καὶ
3145 5695 3364 5749 πάντων
3398 5691 3506 5746 τῶν
3538 5689 3712 5758 ἁγίων

468 5798 780 5853 sanctorum
814 5794 1200 5871 prophetarqu
1232 5808 1283 5852 et
1322 5797 1615 5868 justorum,
1648 5798 1738 5868 qui
1771 5812 2028 5877 prmuuu.

2145 5790 2433 5871 προφητῶν
2461 5790 2555 5843 καὶ
2584 5788 2830 5857 δικαίων,
2859 5784 3448 5865 προκαταγγειλάντων
3474 5779 3564 5836 τοῦ
3598 5779 3709 5841 Κυ-
