4090 6258
337 355 433 417 231

1534 366 1631 424 DE
1675 366 1914 425 suum
1960 369 2354 434 LITURGIA.

3475 382 3580 448 282

342 471 456 533 ρίου
489 470 584 539 τὴν
618 469 1024 543 ἐνινθρὼπησιν
1050 493 1062 506 ε
1102 477 1196 547 τὴν
1232 477 1282 531 δὲ
1320 480 1396 533 είς
1430 481 1599 549 τιμὴν
1633 481 1728 533 καὶ
1765 480 1896 550 μνή-

2027 487 2205 542 iavere
2254 488 2468 546 Domini
2546 491 3028 560 lncaruatiouem;
3091 493 3251 548 aliam
3309 503 3488 549 autem
3517 495 3576 550 in

342 577 450 624 μην
506 561 610 610 τῶν
655 566 821 622 ἁγίων
885 569 976 620 καὶ
1023 573 1390 636 πανευφῆμων
1434 572 1784 631 ἀποστόλων,
1828 573 1904 634 ὡς

340 651 630 719 ὑπηρετῶν
662 654 756 708 τηῦ
793 657 1029 724 Χριστοῦ
1051 700 1064 725 ,
1101 659 1175 722 ῶς
1209 661 1439 727 πρώτων
1476 662 1663 729 ἱερέων
1697 664 1790 716 καὶ
1825 662 1906 715 δι-

337 739 620 792 δασκάλων
659 741 760 810 τῆς
796 743 1064 808 πίστεως,
1100 747 1191 800 καὶ
1229 749 1338 800 τῶν
1385 750 1501 816 μετ’
1528 750 1724 813 αὐτοὺς
1769 751 1909 822 ὑπὲρ

338 829 439 898 τῆς
472 831 754 896 εὐσεϐείας
787 836 1367 898 ἐσπουδακότων,·τῶν
1405 839 1575 906 ἁγίων
1611 836 1905 910 ἱεραρχῶν,

339 921 448 971 τῶν
477 923 647 986 ἁγίων
675 925 768 976 καὶ
794 927 1116 980 καλλινίκων
1147 929 1458 998 μαρτύρων,
1488 931 1580 984 καὶ
1607 931 1716 983 τῶν
1746 933 1908 984 ὁσίων

343 1012 441 1064 σὺν
474 1014 611 1065 πᾶσι
647 1016 760 1076 τοὶς
794 1015 968 1082 ἁγίοις
995 1034 1010 1048 ο
1053 1017 1366 1072 τελευταῖον
1399 1021 1458 1072 δὲ
1500 1023 1581 1082 είς
1615 1021 1780 1090 τιμὴν
1817 1024 1908 1073 καὶ

346 1103 572 1172 μνήμην
607 1108 906 1176 προσφέρει
943 1107 1037 1160 τοῦ
1079 1111 1220 1161 κατᾶ
1257 1111 1356 1179 τὴν
1389 1111 1601 1181 ἡμέραν
1636 1113 1794 1180 ἁγίου
1823 1154 1836 1177 ,
1875 1113 1908 1183 ἢ

343 1191 438 1245 τοῦ
475 1193 892 1264 ἑορταζομένου,
926 1200 1019 1251 καὶ
1053 1200 1143 1252 τοῦ
1178 1201 1567 1270 Χρυσοστόμου
1606 1205 1837 1271 Πατρδς,
1874 1202 1907 1274 ἢ

345 1285 624 1339 Βασιλείαν
646 1325 662 1351 ,
696 1281 758 1340 o6
791 1290 824 1358 ἠ
863 1292 1173 1359 λειτουργία
1208 1295 1319 1344 ἐστὶ
1340 1333 1355 1356 ,
1391 1295 1486 1347 καὶ
1522 1295 1740 1348 πάντων
1773 1293 1909 1364 ὁμοῦ

348 1377 510 1428 πάλιν
536 1379 640 1432 τῶν
667 1381 859 1447 ἁγίων,
887 1384 1072 1453 ἐπειδὴ
1103 1386 1298 1448 πάντες
1327 1389 1383 1437 ἐν
1411 1386 1627 1457 Χριστῷ
1653 1389 1908 1457 ῆνωνται.

353 1469 461 1520 Καὶ
501 1470 797 1537 ἀναγκαῖον
843 1474 981 1542 μετὰ
1025 1475 1124 1542 τῆς
1166 1478 1525 1546 ἀναμνήσεως
1562 1479 1656 1530 τοῦ
1706 1477 1909 1547 Κυρίου

2011 579 2271 634 hooorem
2299 595 2364 638 ac
2391 583 2710 637 memoriam
2736 594 3056 639 sam-torum
3086 595 3141 640 et
3165 585 3578 640 benetlictoruut

2011 676 2410 744 apostolorum,
2470 683 2731 745 tanquam
2805 676 3006 731 Christi
3073 679 3473 743 ministrorum,
3523 685 3581 732 et

2011 769 2313 836 primorum
2349 769 2694 824 sacerdotum
2727 785 2792 825 ac
2817 771 2936 824 li.lei
2973 771 3352 840 magistrorum
3385 788 3398 835 ;
3429 770 3568 842 et.iu

2013 859 2329 913 memoriam
2358 873 2550 914 eorum
2586 861 2680 928 qui
2738 868 2857 926 post
2894 861 3016 914 illos
3043 877 3142 930 pro
3179 862 3379 929 pietate
3401 869 3578 915 certa-

2011 965 2157 1013 vere,
2183 960 2495 1006 sanctorum
2550 965 2742 1020 nempe
2772 953 3134 1025 puntilicuut,.
3161 959 3476 1006 sanctorum
3521 958 3579 1004 et

2010 1043 2471 1110 triumphantium
2508 1053 2809 1112 martyrum
2834 1054 2887 1096 et
2918 1045 3130 1111 piorum
3172 1059 3296 1099 cum
3323 1043 3580 1100 omnibus

2009 1131 2235 1183 sanctis.
2264 1127 2508 1196 Denique
2559 1129 2717 1184 oliert
2761 1131 2816 1184 iu
2857 1131 3119 1186 honorem
3149 1148 3212 1186 ac
3256 1133 3575 1185 memoriam

2010 1220 2174 1284 hujus
2201 1221 2372 1274 sancti
2405 1221 2562 1289 cujus
2583 1221 2804 1277 estdies
2857 1223 3053 1291 festus,
3082 1231 3137 1274 et
3185 1221 3364 1277 Patris
3403 1222 3575 1276 nostri

2009 1312 2407 1381 thrySostomi,
2467 1323 2563 1367 aut
2613 1312 2821 1374 Basilii.
2879 1316 3147 1382 cujusest
3207 1314 3449 1382 litui-gis.
3515 1311 3580 1365 Et

2011 1404 2255 1459 omnium
2299 1405 2462 1457 simul
2502 1419 2690 1460 rursus
2731 1416 3090 1473 sanctorum;
3137 1423 3262 1460 cum
3291 1421 3484 1460 omnes
3518 1405 3574 1458 iu

2009 1496 2229 1552 Christo
2275 1497 2570 1560 unizintur;
2604 1509 2658 1552 et
2713 1513 2936 1554 necesse
2973 1500 3044 1552 sit
3094 1508 3152 1552 ut
3173 1514 3296 1552 cum
3332 1511 3602 1567 commeﬁ

349 1560 440 1608 καὶ
464 1559 563 1628 τὴν
592 1561 894 1630 ἀνάμνησιν
922 1566 1193 1619 nou-Ioh:
1219 1567 1326 1619 τῶν
1351 1567 1552 1621 δούλων
1581 1568 1746 1621 αὑτοῦ
1770 1582 1787 1599 ⁶
1818 1571 1910 1622 καὶ

2018 1591 2317 1646 moratione
2350 1591 2562 1644 Damini
2610 1591 3057 1644 commemoratio
3103 1600 3415 1643 sanctorum
3459 1589 3576 1655 ejus

346 1650 561 1718 πρῶτον
597 1652 698 1719 μὲν
725 1653 823 1722 τῆς
857 1655 1162 1724 ἀλοχεύτως
1196 1659 1358 1711 αὐτὸν
1387 1660 1687 1729 τεκούσης,
1720 1660 1798 1723 ὡς
1831 1660 1906 1712 εί-

347 1758 538 1810 ρηται,
565 1743 629 1794 δι’
651 1740 714 1814 ἦς
745 1747 813 1798 τὰ
846 1749 1116 1818 μυστήρια
1139 1751 1237 1818 τῆς
1270 1755 1543 1821 σωτηρίας
1577 1755 1732 1822 ἡμῶν
1759 1757 1910 1808 ἐκτε-

349 1834 605 1887 τέλεσται
631 1851 646 1868 ο
693 1837 884 1891 ἔπειτα
925 1840 1034 1893 τῶν
1077 1842 1250 1909 ἁγίων
1291 1845 1577 1914 ἀγγέλων,
1626 1847 1700 1909 ὠς
1747 1849 1912 1901 καθυ-

349 1929 781 1994 πουργησάντων
828 1930 906 2000 τῷ
955 1936 1274 2005 μυστηρίῳ,
1327 1938 1419 1990 καὶ
1470 1938 1536 1990 δι’
1566 1940 1730 1991 αὑτοῦ
1781 1941 1911 2008 ἡμῖν

345 2019 674 2081 ἑνωθέντων,
705 2025 795 2074 καὶ
830 2026 1335 2094 περιφυλαττόντων
1367 2030 1510 2098 ἡμᾶς
1535 2047 1550 2062 ⁶
1585 2031 1772 2085 ἔπειτα
1803 2033 1912 2085 τῶν

347 2110 811 2180 προκηρυξὰντων
858 2117 925 2168 τὰ
971 2117 1067 2170 τοῦ
1120 2119 1420 2188 μυστηρίου
1475 2123 1770 2192 προφητῶν
1817 2125 1912 2178 καὶ

343 2209 594 2274 δικαίων,
638 2206 713 2265 ὧν
753 2211 1031 2282 ἐξαίρετος
1071 2215 1165 2267 καὶ
1206 2217 1442 2286 σφραγὶς
1483 2217 1512 2269 ό
1555 2217 1864 2281 Βαπτιστής
1893 2232 1907 2247 ⁸

345 2300 539 2384 ἔπειτα
571 2303 673 2354 τῶν
704 2303 947 2357 θεοπτῶν
978 2304 1269 2374 κηρύκων,
1302 2308 1614 2361 ἀποστόλων
1644 2325 1705 2360 τε
1737 2309 1830 2362 καὶ
1861 2309 1912 2361 οἳ

346 2395 438 2446 τὸν
476 2393 678 2463 κόσμον
715 2397 1090 2466 κατηύγασαν,
1126 2397 1248 2466 μεθ’
1272 2391 1346 2450 ὧν
1382 2401 1478 2450 καὶ
1511 2399 1617 2451 τῶν
1653 2398 1913 2468 διαδόχων

347 2485 529 2545 αὐτῶν
561 2489 861 2557 ἱεραρχῶ-ι,
895 2491 986 2541 καὶ
1017 2488 1111 2542 τοῦ
1146 2488 1358 2556 καρποῦ
1393 2489 1485 2542 τοῦ
1523 2490 1877 2558 κηρύγματος
1899 2528 1913 2553 ,

346 2578 460 2630 τῶν
507 2579 794 2646 μαρτύρων
833 2580 928 2630 καὶ
969 2579 1080 2630 τῶν
1118 2579 1318 2630 ὁσίων·
1368 2580 1656 2641 κα“ι’τέλος
1697 2581 1918 2631 πάντων

346 2666 492 2734 ὁμοῦ
515 2709 528 2728 ,
567 2668 750 2736 ἐπειδὴ
782 2670 846 2737 τῇ
891 2667 1052 2738 θυσίᾳ
1084 2667 1256 2739 ταύτῃ
1292 2671 1356 2739 τῇ
1394 2670 1517 2740 ἱερᾷ
1550 2673 1750 2733 πάντες
1783 2670 1918 2742 ὁμοῦ

349 2757 583 2826 ἄγγελοί
621 2775 680 2810 τε
723 2761 814 2811 καὶ
855 2758 1134 2837 ἄνθρωποι
1182 2759 1328 2826 ἅγιοι
1373 2761 1467 2812 καὶ
1511 2759 1800 2829 ήνώθησαν
1841 2762 1920 2832 τῷ

349 2848 583 2918 Χριστῷ
605 2889 620 2914 ,
653 2851 743 2902 καὶ
777 2851 832 2901 ὲν
861 2848 1008 2919 αὐτῷ
1038 2850 1376 2922 ήγιάσθησαν
1399 2892 1414 2913 ,
1445 2851 1540 2905 καὶ
1569 2852 1742 2923 τούτῳ
1770 2854 1920 2924 ἡμᾶς

345 2941 476 2993 ἐνοῦ
484 2957 583 2995 σιν.

432 3054 450 3088 ι
485 3028 583 3087 Ὧν
633 3037 752 3099 ταῖς
805 3035 1038 3099 ἱκεσίαις
1086 3037 1378 3108 ἐπίσκεψαι
1431 3039 1603 3108 ἡμᾶς,
1656 3038 1844 3108 φησὶν,
1891 3039 1920 3092 ὁ

342 3127 519 3190 Θεδς,
557 3128 650 3179 καὶ
687 3127 930 3197 δώρησαι
971 3129 1102 3198 ἡμῖν
1141 3129 1317 3181 πάντα
1352 3131 1423 3183 τὰ
1462 3130 1597 3198 πρὸς
1638 3131 1918 3199 σωτηρίαν

341 3221 633 3290 αἰτήματα
653 3263 669 3288 ,
705 3221 799 3273 καὶ
831 3221 977 3292 ζωὴν
1005 3219 1104 3289 τὴν
1137 3221 1374 3276 αἰώνιον.
1414 3239 1434 3272 ›
1473 3223 1773 3290 Κατανοεϊς
1793 3260 1809 3286 ,
1839 3221 1916 3284 ὡς

342 3313 475 3366 ἀντὶ
516 3311 623 3365 τῶν
662 3310 832 3380 ἁγίων
871 3313 1007 3364 εἱσὶν
1045 3312 1102 3366 αἱ
1144 3312 1393 3382 μερίδες;
1433 3312 1526 3366 καὶ
1569 3313 1648 3374 εἱς
1694 3312 1917 3382 μνήμην

339 3401 532 3456 αὐτῶν
563 3401 657 3455 καὶ
685 3402 850 3470 τιμὴν
869 3443 883 3470 ,
917 3400 1012 3456 καὶ
1042 3401 1112 3456 δι’
1134 3401 1314 3456 αὐτῶν
1344 3405 1423 3466 εἱς
1457 3402 1732 3472 σωτηρίαν
1761 3402 1919 3472 ἡμῶν

338 3494 832 3565 προσφερόμεναι;
863 3493 1148 3566 μετέχουσι
1179 3496 1286 3566 γὰρ
1316 3495 1410 3549 καὶ
1437 3494 1583 3548 οὗτοι
1608 3493 1686 3563 τῷ
1715 3509 1919 3562 μυστη-

337 3590 452 3659 ρίῳ
487 3586 566 3656 τῷ
603 3587 818 3658 φρικτῷ
848 3587 1020 3658 τούτῳ
1053 3587 1129 3650 ὡς
1162 3587 1623 3658 συνηγωνισμένοι
1659 3585 1880 3655 Χριστῷ
1902 3622 1918 3648 ,

334 3680 511 3749 δόξης
541 3679 636 3732 καὶ
661 3679 983 3743 ἀναϐάσεως
1016 3679 1285 3749 μείζονος,
1310 3681 1376 3749 τῇ
1405 3677 1662 3747 κοινωνίᾳ
1687 3677 1785 3747 τῆς
1817 3692 1919 3729 σω-

310 3767 652 3843 ’τηριώδους
699 3771 910 3839 θυσίας,
957 3771 1054 3825 καὶ
1098 3772 1246 3840 ἡμᾶς
1291 3770 1441 3840 αὐτῷ
1483 3769 1920 3824 καταλλάσσουσι

332 3866 442 3917 καὶ
497 3863 873 3916 συνάπτουσι·
923 3861 1021 3915 καὶ
1064 3861 1267 3932 μᾶλλον
1306 3862 1417 3932 ὅσῳ
1458 3861 1663 3914 τούτων
1713 3859 1924 3930 μεμνή-

335 3953 518 4026 μεθα.
548 3954 693 4024 Πλὴν
716 3953 778 4006 οὐ
807 3953 1232 4023 μεταϐάλλονται
1261 3952 1318 4008 ai
1348 3952 1565 4023 μερίδες
1591 3951 1623 4022 ἢ
1654 3951 1734 4014 εἱς
1762 3950 1922 4020 σῶμα

2013 1685 2104 1740 liat
2137 1701 2153 1752 ;
2184 1694 2236 1738 et
2288 1684 2466 1750 primo
2510 1682 2728 1750 quidem
2793 1681 2976 1748 hujus,
3007 1696 3129 1750 qua:
3155 1695 3372 1748 semper
3427 1682 3580 1750 virgo

2014 1790 2136 1828 eum
2164 1773 2370 1841 genuit.
2406 1781 2463 1825 ut
2488 1771 2688 1824 dictum
2737 1779 2859 1835 est;
2898 1786 2991 1839 per
3025 1785 3189 1838 quam
3225 1771 3418 1822 salutis
3473 1786 3574 1822 no-

2013 1863 2454 1933 strte‘mysteria
2536 1861 2724 1915 ell‘ccta
2781 1870 2948 1923 sunt;
3002 1861 3198 1914 deinde
3257 1871 3574 1914 sanetormu

2013 1957 2347 2026 angelorum,
2370 1955 2464 2025 qui
2527 1953 2791 2024 mysterio
2843 1953 3330 2007 subministravere
3368 1967 3429 2005 ne
3487 1966 3582 2021 per

2015 2047 2142 2101 illud
2177 2047 2460 2102 nobiscum
2493 2047 2628 2100 uuiti
2684 2053 2836 2109 sunt,
2868 2053 2920 2097 et
2943 2059 3040 2098 nos
3078 2044 3391 2098 custodiunt
3423 2062 3439 2107 ;
3490 2047 3583 2096 de-

2015 2140 2146 2193 inde
2174 2153 2364 2192 eorum
2393 2137 2486 2205 qui
2537 2152 2599 2190 ea
2621 2151 2744 2205 quae
2801 2136 2867 2190 ad
2921 2137 3239 2206 mysterium
3286 2136 3576 2204 pertinent,
3645 2184 3649 2187 .

2013 2230 2397 2300 pra-dixerunt,
2451 2229 2840 2298 prophetarum
2870 2237 2924 2282 et
2971 2230 3272 2296 iustorum,
3341 2243 3578 2295 quorum

2012 2322 2402 2392 inclytissimus
2447 2329 2502 2376 et
2542 2321 2699 2390 quasi
2751 2320 3085 2388 signaculum
3152 2327 3232 2373 est
3303 2317 3580 2384 Baptista;

2013 2413 2208 2467 deinde
2248 2425 2554 2477 praeconum
2595 2409 2688 2478 qui
2748 2408 2916 2464 Deum
2970 2411 3237 2475 viderunt,
3302 2411 3578 2478 apostolo-

2016 2516 2243 2570 rumque
2272 2503 2362 2570 qui
2397 2500 2654 2554 mundum
2693 2500 3141 2554 illuminaverunt
3175 2518 3189 2565 ;
3226 2515 3350 2554 cum
3381 2501 3583 2569 quibus

2020 2604 2077 2650 et
2115 2593 2431 2662 pontificum
2461 2591 2554 2660 qui
2587 2591 2720 2660 ipsis
2749 2599 3135 2646 successerunt
3161 2607 3176 2656 ;
3208 2607 3272 2644 ac
3323 2592 3582 2659 prauliea-

2017 2685 2184 2740 tionis
2225 2683 2454 2750 l‘ructus,
2508 2691 2804 2752 martyrum
2858 2691 2913 2736 et
2939 2684 3174 2750 piorum.
3216 2681 3312 2737 Est
3350 2683 3586 2749 denique

2018 2776 2268 2829 omnium
2309 2774 2492 2838 simul,
2526 2775 2788 2842 quooiam
2825 2772 2924 2826 hac
2955 2787 3110 2828 sacra
3147 2773 3366 2827 victima
3392 2787 3584 2826 omm-s

2022 2867 2186 2921 simul
2211 2866 2496 2935 angelique
2546 2879 2612 2918 ac
2661 2864 2911 2919 homines
2972 2865 3145 2919 sancti
3180 2880 3303 2918 cum
3361 2863 3586 2918 Christo

2019 2943 2152 3012 uniti
2188 2967 2317 3011 situt
2341 2967 2395 3009 et
2427 2956 2482 3010 in
2513 2955 2631 3024 ipso
2660 2954 3006 3016 sanctiﬁcati,
3036 2965 3088 3008 et
3116 2969 3182 3008 eo
3213 2969 3313 3007 nos
3366 2954 3584 3007 uniunt.

2095 3066 2115 3099 ι
2157 3045 2238 3100 Ad
2271 3047 2465 3101 horum
2500 3059 2810 3115 quaesumus
2865 3058 3054 3113 preces
3110 3043 3320 3112 respice
3351 3042 3404 3095 in
3464 3057 3587 3105 nos.

1953 3153 1994 3223 ς
2023 3138 2188 3200 Deus.
2228 3146 2282 3192 et
2313 3133 2473 3192 nobis
2501 3137 2642 3191 dona
2670 3150 2791 3205 quae
2817 3135 2882 3188 ad
2908 3134 3138 3189 salutem
3175 3133 3325 3187 utilia
3360 3141 3510 3198 sunt,
3533 3143 3590 3184 et

2019 3227 2354 3298 postmodum
2382 3226 2547 3280 vitam
2585 3234 2864 3280 aeternam.
2894 3243 2910 3275 ι
2950 3221 3137 3278 Viden‘
3156 3233 3214 3278 ut
3233 3224 3350 3278 loco
3364 3231 3586 3277 sam-to-

2017 3337 2134 3377 rum
2169 3318 2444 3387 particula:
2469 3317 2656 3388 posita:
2680 3329 2807 3371 sunt
2825 3316 2850 3368 ἲ
2879 3325 2932 3368 ut
2960 3314 3026 3368 ad
3077 3314 3318 3384 ipsorum
3350 3327 3590 3368 comme-

2019 3412 2376 3469 morationem
2401 3424 2466 3465 ac
2489 3409 2753 3465 honorem
2770 3415 2824 3463 et
2848 3408 2914 3462 ad
2943 3417 3181 3462 nostram
3205 3407 3436 3460 salutem
3458 3407 3594 3459 coni

2019 3501 2303 3558 tribuunt?
2334 3499 2468 3554 Nam
2491 3499 2669 3555 sancti
2700 3513 2917 3568 quoque
2943 3496 3201 3566 mysterio
3222 3495 3298 3551 illi
3320 3495 3591 3551 horrendo

2020 3593 2347 3664 participant
2375 3601 2435 3647 ut
2465 3589 2668 3647 Christi
2702 3589 3125 3654 commilitones,
3165 3587 3277 3641 imo
3325 3585 3511 3655 gloria
3535 3591 3590 3637 et

2017 3686 2338 3743 elevationis
2397 3683 2621 3750 maioris
2648 3680 3064 3751 participatione
3121 3678 3380 3734 salutaris
3423 3675 3592 3732 sacri-

2021 3775 2127 3831 licii
2162 3781 2307 3845 quod
2335 3787 2434 3829 nos
2458 3771 2688 3826 Domino
2720 3768 3020 3839 coniungit,
3051 3768 3350 3822 dummodo
3375 3765 3592 3821 sincera

2022 3874 2204 3922 mente
2233 3865 2385 3921 illius
2447 3860 2692 3935 mysterii
2733 3861 3046 3916 memoriam
3098 3858 3386 3914 faciamus.
3425 3853 3594 3912 Parti-

2020 3959 2156 4013 συιδ
2190 3964 2370 4012 autem
2400 3970 2509 4010 non
2562 3954 2618 4009 in
2647 3967 2847 4023 corpus
2892 3949 3110 4006 Domini
3147 3956 3242 4002 aut
3274 3947 3329 4001 in
3366 3953 3589 4000 sancto-

329 4048 695 4112 δεσποτικὸν,
725 4046 758 4119 ἢ
789 4049 868 4108 εἱς
893 4045 962 4099 τὰ
989 4044 1218 4116 σώματα
1240 4044 1350 4098 τῶν
1378 4043 1550 4112 ἁγίων
1571 4059 1588 4075 ο
1617 4042 1752 4097 ἀλλὰ
1783 4041 1925 4111 μόνα

329 4142 505 4213 δῶρὰ
540 4142 646 4194 εἱσι
680 4141 771 4193 καὶ
805 4137 1123 4209 προσφοραὶ
1152 4138 1245 4190 καὶ
1277 4134 1455 4189 θυσίαι
1488 4133 1554 4188 δι’
1581 4133 1748 4202 ἄρτου
1780 4128 1924 4184 κατὰ

335 4237 591 4305 μίμησιν
618 4231 708 4285 τοῦ
741 4230 1034 4295 Δεσπότου,
1061 4229 1157 4284 καὶ
1185 4225 1272 4280 ιπ⁹
1295 4226 1518 4294 ὀνόματι
1543 4228 1748 4278 τούτων
1773 4219 1924 4291 αὐτῷ

2023 4065 2143 4104 rum
2172 4061 2402 4116 corpora
2460 4054 2764 4109 mutantur,
2794 4042 2890 4098 sed
2919 4038 3266 4096 solummodo
3294 4038 3437 4093 dona
3461 4044 3593 4090 sunt

2022 4148 2076 4195 et
2099 4137 2368 4195 sacriﬁcia
2405 4137 2580 4191 oblata
2606 4151 2700 4205 per
2717 4149 2907 4204 panem
2930 4134 2997 4188 ad
3012 4130 3320 4200 exemplum
3347 4125 3589 4190 Domini,

2027 4237 2191 4296 atque
2225 4225 2326 4278 hoc
2355 4225 2512 4278 titulo
2550 4225 2835 4278 sauctilicii
2889 4222 3079 4277 oblatae
3125 4230 3178 4274 et
3231 4233 3327 4288 per
3393 4224 3594 4287 myste-

2027 4321 2237 4375 riorqu
2296 4315 2669 4386 operationem
2712 4324 2766 4368 et
2831 4314 3086 4367 unionem
3141 4311 3495 4366 sanctiﬁcata:
3532 4307 3587 4360 iu

2030 4427 2126 4468 eos
2158 4423 2376 4481 quoque
2397 4422 2632 4479 quorum
2663 4408 2840 4460 locum
2868 4413 3077 4468 tenent,
3102 4399 3591 4456 sanetilieatiouem

1959 4483 2004 4539 θ
2033 4503 2346 4565 conferunt,
2367 4499 2637 4568 nobisque
2657 4497 2789 4566 ipsis
2825 4511 2918 4565 per
2951 4503 3168 4550 sanctos
3197 4489 3594 4546 transmittunt.

2034 4593 2100 4648 Et
2159 4593 2262 4648 hoc
2307 4607 2400 4660 per
2459 4604 2650 4657 preces
2673 4587 2731 4642 lit
2761 4589 2805 4642 si
2841 4600 3026 4640 eorum
3085 4597 3354 4638 memores
3382 4579 3596 4649 templis

2034 4681 2226 4743 eorum
2285 4695 2378 4740 aut
2403 4681 2651 4751 reliquiis
2707 4689 2802 4734 aut
2833 4677 3168 4747 imaginibus
3197 4673 3598 4744 appropinqua-

2037 4794 2178 4832 mus.
2215 4775 2349 4828 Dum
2373 4775 2520 4828 enim
2553 4773 2728 4827 sancti
2763 4771 2864 4838 ipsi
2913 4783 2942 4822 a
2970 4770 3078 4822 Deo
3134 4767 3440 4821 itmnediatc
3469 4779 3596 4818 san-

2039 4870 2370 4930 ctiticantur,
2417 4879 2522 4918 nos
2554 4865 2810 4928 deinceps
2867 4851 3231 4914 sanctilicant.
3285 4854 3440 4920 Quod
3466 4854 3508 4906 si
3542 4854 3598 4908 in

2036 4960 2246 5015 caneris
2289 4970 2472 5025 preces
2512 4964 2724 5006 nostras
2754 4951 2856 5004 lzeti
2885 4959 3136 5014 acceptas
3169 4946 3432 5009 referunt,
3459 4942 3598 4995 mul-

2037 5061 2092 5106 to
2121 5048 2347 5118 gratiori
2379 5046 2563 5100 animo
2617 5053 2720 5099 ‘eas
2770 5043 2824 5096 in
2857 5042 3130 5097 sacriticio
3198 5053 3262 5093 ac
3327 5034 3600 5106 mysteriis

2035 5138 2325 5206 recipient.
2369 5132 2504 5187 Nam
2555 5134 2600 5186 si
2645 5129 3080 5185 immaterialiter
3127 5134 3182 5181 et
3241 5124 3600 5193 spirituatiter

2035 5229 2313 5285 Christum
2347 5229 2397 5280 in
2434 5225 2630 5278 animis
2667 5225 2952 5292 recipiunt,
3019 5235 3112 5288 per
3164 5214 3489 5271 sacriﬁcium
3546 5212 3601 5263 in

2036 5337 2145 5388 quo
2181 5335 2238 5373 se
2265 5317 2471 5370 mundo
2523 5314 2740 5376 obtulit.
2777 5326 3046 5366 summam
3078 5306 3305 5375 gloriam
3328 5306 3600 5365 obtinent,

2035 5412 2161 5482 quia
2196 5416 2553 5477 conperautes
2590 5402 3091 5472 eouglorilicautur.
3125 5395 3227 5450 Sed
3256 5394 3424 5448 divini
3468 5406 3604 5458 quo-

2043 5520 2150 5572 que
2181 5499 2358 5570 angeli
2420 5506 2608 5566 utpote
2639 5493 2926 5548 nobiscum
2959 5488 3265 5553 conjuncti,
3321 5493 3376 5539 et
3413 5483 3466 5538 iu
3491 5496 3606 5551 my.

331 4326 807 4400 προσφερόμεναι
828 4359 845 4384 ,
881 4323 976 4376 καὶ
1007 4323 1073 4391 τῇ
1115 4319 1398 4389 ἱερουργίᾳ
1426 4317 1534 4370 τῶν
1569 4314 1887 4386 μυστηρίων
1908 4351 1924 4377 ,

329 4423 404 4492 τῇ
436 4416 646 4473 ἑνώσει
670 4433 728 4468 τε
755 4415 848 4469 καὶ
878 4412 1130 4482 κοινωνίᾳ
1153 4410 1533 4479 ἀγιαζόμεναι,
1559 4407 1653 4460 καὶ
1679 4408 1758 4467 είς
1784 4405 1926 4458 ὲκεί-

332 4531 468 4574 νους
527 4511 663 4578 ὑπὲρ
702 4501 776 4560 ὧν
811 4507 952 4569 εἰσι,
986 4505 1078 4557 τὸν
1109 4501 1380 4571 ἀγιασμδν
1415 4498 1932 4570 παραπέμπουσαι,

333 4609 434 4659 καὶ
479 4603 580 4656 διὰ
611 4600 720 4653 τῶν
757 4600 894 4668 ὑπὲρ
929 4596 1035 4649 τῶν
1069 4597 1238 4662 ἁγίων
1279 4594 1359 4658 είς
1403 4594 1550 4661 ἡμᾶς
1576 4607 1590 4624 ο
1636 4590 1823 4659 ὥσπερ
1862 4587 1929 4658 δὴ

334 4700 435 4752 καὶ
468 4695 572 4750 διὰ
602 4693 708 4744 τῶν
740 4691 914 4761 εὐχῶν
944 4687 1103 4742 τοῦτο
1132 4686 1361 4754 γίνεται,
1399 4683 1560 4754 ἡνίκα
1595 4680 1926 4752 μνησθῶμεν

337 4789 538 4842 αὐτῶν
559 4827 574 4848 ,
607 4784 638 4853 ἢ
674 4786 800 4837 ὅταν
829 4784 939 4842 τοῖς
971 4783 1113 4842 ναοῖς
1143 4780 1176 4848 ἢ
1205 4782 1317 4841 τοῖς
1345 4776 1618 4845 λειψάνοις
1648 4773 1826 4826 αὐτῶν
1847 4811 1863 4837 ,
1895 4769 1929 4840 ἢ

297 4916 304 4922 -
339 4883 469 4944 ταῖς
510 4877 689 4931 εἰκόσι
723 4877 776 4928 τὶ
808 4873 1280 4944 προσενέγκωμεν.
1316 4869 1478 4922 Αὐτοὶ
1514 4867 1613 4936 μὲν
1648 4865 1755 4934 γὰρ
1789 4864 1930 4933 ἀμέ-

342 4987 462 5032 σως
497 4965 822 5036 ἁγιάζονται
853 4964 1003 5035 παρὰ
1026 4961 1118 5015 τοῦ
1147 4958 1282 5013 Θεοῦ
1305 4973 1319 4987 ⁶
1353 4957 1628 5028 δεχόμενοι
1659 4956 1715 5010 δὲ
1747 4955 1839 5006 καὶ
1866 4954 1932 5006 τὰ

341 5061 485 5129 παρ’
521 5059 682 5129 ἡμῶν
707 5095 722 5119 ,
758 5055 826 5108 δι’
852 5054 1028 5110 αὐτῶν
1069 5053 1213 5124 ἡμᾶς
1256 5048 1592 5118 ἁγιάζουσιν.
1633 5047 1695 5100 El
1741 5046 1834 5098 οὖν
1876 5046 1933 5096 ὲν

340 5155 461 5214 τοῖς
500 5151 684 5210 ἄλλοις
719 5147 1012 5200 ἀποδεκτόν
1045 5146 1226 5206 αὐτοῖς
1260 5143 1321 5196 τδ
1362 5141 1695 5212 προσφέρειν
1729 5141 1808 5200 είς
1846 5155 1931 5190 τι-

343 5245 462 5314 μὴν
494 5246 595 5294 καὶ
627 5242 846 5311 μνήμην
870 5237 1072 5299 αὐτῶν,
1098 5235 1279 5302 πολλῷ
1303 5251 1366 5302 γε
1391 5232 1546 5286 τοῦτο
1573 5231 1776 5300 μᾶλλον
1800 5232 1932 5283 ἀπο-

339 5338 602 5402 δέξονται
644 5335 700 5385 ὲν
735 5335 799 5402 τῇ
846 5329 1116 5401 ἱερωτάτη
1154 5326 1334 5397 θυσίᾳ.
1371 5325 1431 5377 Ei
1473 5324 1584 5392 γὰρ
1623 5323 1718 5376 καὶ
1756 5321 1932 5383 ἀΰλως

343 5429 446 5480 καὶ
498 5423 701 5492 νοερῶς
755 5424 1037 5492 μετέχουσι
1082 5421 1177 5487 τῆς
1220 5417 1314 5470 τοῦ
1361 5413 1598 5484 Χριστοῦ
1647 5413 1932 5473 κοινωνίας

342 5523 472 5582 ταῖς
508 5517 733 5586 ψυχαῖς,
767 5515 902 5567 ἀλλὰ
935 5512 1027 5565 καὶ
1057 5511 1148 5562 διὰ
1176 5509 1273 5578 τῆς
1303 5505 1465 5561 αὑτοῦ
1500 5504 1831 5575 ἱερουργίας,
1867 5502 1935 5572 ἣν

283 5599 290 5614 ’
343 5572 504 5680 υπὲνρ
524 5572 634 5664 ’τοὶ
664 5572 870 5674 κόσμου
903 5603 1192 5676 παρέδωκε
1223 5572 1470 5668 γίνεσθαι
1490 5639 1505 5662 ,
1542 5572 1806 5666 μεγίστης
1841 5612 1918 5662 με·

2044 5595 2210 5648 sterio
2235 5598 2611 5658 coopet'autes,
2669 5582 2857 5653 gratiae
2879 5587 3161 5648 compotes
3218 5575 3372 5631 ﬁunt.
3408 5572 3605 5628 Praci-

341 5709 581 5773 τέχουσι
612 5701 708 5769 τῆς
741 5697 898 5767 δόξης
919 5737 933 5761 ,
964 5695 1037 5758 ὡς
1074 5693 1518 5765 συμπονήσαντες
1553 5689 1644 5741 καὶ
1682 5688 1918 5752 συνδοξα

2044 5701 2150 5754 pne
2185 5694 2366 5738 autem
2429 5679 2522 5733 Dei
2549 5675 2707 5731 Verbi
2737 5673 2928 5747 Mater,
2966 5684 3172 5740 magna:
3203 5664 3606 5723 incarnationis

344 5755 603 5873 ςτιῖλενσι.
648 5793 808 5855 Ἀλλὰ
860 5791 954 5845 καὶ
1001 5792 1051 5844 οἱ
1103 5789 1364 5848 θειότατοι
1412 5783 1667 5853 ἄγγελοι,
1715 5781 1785 5844 ὡς
1842 5780 1918 5834 κα

2041 5791 2215 5842 serra,
2279 5773 2471 5828 divina:
2543 5769 2762 5829 unionis
2825 5765 3060 5833 olliciua,
3112 5760 3290 5833 magni
3349 5755 3604 5815 sacriﬁcii
