4090 6258
411 1373 413 1376 ι
503 1337 658 1391 διαιιει
722 1350 775 1393 et
831 1342 1118 1399 sindoncm
1180 1349 1448 1416 signiﬁcat

496 403 536 466 2
572 406 604 466 7
1276 406 1664 471 SYMEONIS
1703 409 2439 471 THESSALONIGENSIS
2476 409 2828 470 ARCHIEP.
3602 407 3712 470 238

495 518 696 572 malum
745 521 914 588 operit
954 521 1269 589 virtutibus,
1306 534 1362 577 ut
1409 523 1746 588 DeusJesus
1779 524 2055 588 Christus;

2182 523 2434 586 ιυνέσεως
2467 523 2632 578 αὑτοῦ
2669 524 2882 594 πλήρης
2917 524 2949 593 ἡ
2983 523 3076 592 γῆ.
3117 543 3133 575 ι
3174 523 3346 586 Αὐτδς
3379 523 3436 574 δί
3487 525 3632 576 ἐστιν
3670 525 3731 585 ες
3801 567 3812 573 -

501 621 558 667 et
585 612 850 682 sapientia
881 615 1000 670 sive
1053 618 1367 684 cognitione
1417 619 1533 686 ejus
1577 620 1734 688 plena
1788 619 1927 674 facta
1986 627 2069 674 est

502 713 671 760 terra.
701 705 822 774 ipso
850 723 1086 777 namque
1117 711 1426 778 incarnato,
1473 712 1652 766 omnis
1711 721 1856 765 terra
1890 711 2066 780 ipsum

500 811 626 850 cum
660 797 822 851 Patre
851 811 903 854 et
937 800 1142 871 Spiritu
1176 803 1458 873 cognovit.
1492 801 1606 857 Hoc
1633 813 1813 856 autem
1848 803 2068 871 psalmi.

499 903 622 940 cum
648 901 808 956 sttper
833 905 1042 959 Omnes,
1073 893 1117 946 si
1159 895 1339 961 plures
1370 892 1589 964 quidem
1652 901 1782 948 sunt
1843 895 2063 959 calices,

501 979 654 1032 addit
688 999 698 1033 :
737 997 902 1035 unum
961 985 1104 1038 enim
1169 985 1409 1040 oblatum
1466 995 1521 1039 et
1577 1001 1744 1039 unum
1799 987 2066 1053 poterium

500 1068 663 1120 etiam
700 1071 751 1122 iu
778 1073 1012 1126 divorsis
1049 1075 1280 1134 videtur.
1314 1092 1378 1129 eo
1411 1077 1558 1146 quod
1593 1079 1754 1132 unius
1773 1088 1856 1132 est
1897 1094 2064 1132 unum

500 1161 962 1226 rorpusetunius
1021 1166 1264 1234 sanguis.
1322 1165 1604 1222 Postremo
1669 1184 1876 1237 ponens
1942 1184 2068 1223 aera

500 1253 757 1303 sacerdos
812 1251 1094 1320 Sullicndo,
1138 1256 1230 1324 qui
1281 1258 1681 1314 firmamentum
1743 1262 1796 1313 in
1841 1275 1954 1330 quo
1984 1270 2070 1316 est

1499 1367 1513 1417 ;
1577 1361 1862 1420 propterea
1917 1355 2064 1408 enim

509 1428 843 1495 myrrhatutn
895 1443 1165 1488 mortuum
1231 1438 1432 1508 pluries
1494 1440 1715 1496 involvit
1766 1442 1954 1499 Jesum
2013 1455 2070 1500 et

509 1513 754 1573 funebris
789 1520 1011 1590 dicitur;
1053 1527 1228 1596 ipsum
1261 1529 1450 1584 educet
1486 1547 1658 1601 usque
1693 1533 1747 1586 itt
1773 1532 1934 1587 finem
1984 1535 2066 1588 ni-

510 1607 618 1661 title
661 1621 913 1678 tanquam
949 1616 1000 1669 in
1029 1618 1212 1672 tabula
1240 1623 1584 1690 mysterium,
1633 1623 1777 1693 quod
1808 1625 1924 1692 ipse
1945 1640 2069 1693 pro-

507 1700 763 1765 phetatus
803 1714 861 1759 ut
917 1722 1092 1777 agnus
1144 1711 1378 1780 desuper
1422 1729 1452 1767 c
1504 1715 1660 1771 ccelis
1725 1719 1892 1780 venit,
1921 1730 1976 1772 et
2015 1719 2069 1771 in
2107 1735 2112 1740 '

510 1791 775 1857 spelunca
839 1801 1214 1870 prmsepioque
1271 1805 1570 1858 secundum
1633 1821 1848 1861 carnem
1911 1818 2069 1863 natus

507 1891 614 1945 est,
647 1894 700 1935 et
727 1886 994 1950 passionis
1016 1889 1134 1957 ejus
1165 1891 1306 1947 facta
1340 1896 1679 1964 praeﬁgurata
1703 1905 1832 1952 sunt
1860 1900 1912 1952 in
1953 1899 2071 1970 ipso

509 1983 654 2026 ortu.
689 1974 896 2030 Etenim
935 1980 1088 2036 stella
1123 1984 1337 2052 quidem
1376 2002 1538 2056 super
1565 1989 1714 2042 illum
1743 1991 1914 2053 stetit,
1987 1992 2070 2062 ip-

428 2100 432 2104 -
510 2079 630 2116 sum
657 2067 829 2136 magis
861 2074 1191 2141 Ostcndens;
1227 2075 1468 2133 Herodes
1522 2091 1701 2135 autem
1751 2093 2073 2148 persecutus

510 2166 614 2222 cst,
647 2167 700 2212 ct
724 2161 941 2218 Simeon
972 2165 1024 2219 in
1057 2166 1202 2222 ulnis
1267 2171 1539 2240 accipiens
1563 2174 2070 2244 prmdicavitipsum

513 2252 639 2317 poni
701 2253 754 2305 in
810 2255 1025 2324 signum
1079 2261 1166 2313 cui
1235 2262 1667 2326 contradicatur,
1725 2267 2073 2334 gladiumque

513 2345 1072 2402 trsnsverheraturum
1155 2365 1278 2405 esse
1336 2352 1507 2421 ipsius
1557 2352 1744 2409 Matris
1810 2358 2071 2413 animant.

515 2431 744 2502 Ideo-gite
783 2452 870 2491 res
924 2441 1196 2508 passionis
1249 2443 1337 2499 hic
1419 2446 1856 2508 subindicantur.
1935 2450 2070 2505 Cum

514 2525 679 2593 igitur
698 2528 895 2584 sttﬂivit
924 2530 1120 2587 divinae
1149 2536 1540 2604 propositionis
1578 2540 1745 2606 dona,
1804 2549 2066 2612 tanquam

515 2617 626 2671 Deo
661 2629 896 2684 sacrata,
938 2622 1148 2693 ipsique
1163 2626 1362 2692 oblata,
1393 2639 1447 2684 et
1480 2629 1670 2686 eﬂ‘ccta
1735 2634 2070 2688 sanctissimi

512 2716 762 2781 corporis
794 2724 851 2769 et
881 2719 1166 2785 sanguinis
1227 2721 1364 2792 typi,
1420 2725 1724 2778 orationem
1776 2723 2075 2781 oblationis

515 2805 728 2873 adjicit,
757 2819 1121 2879 precaturque
1143 2813 1314 2867 Deum
1345 2827 1411 2868 ac
1455 2811 1693 2878 Patrem,
1760 2814 1855 2883 qui
1913 2831 2072 2869 suum

516 2891 1202 2966 Filium,supcrcmlestem
1252 2916 1469 2971 panem,
1513 2902 1581 2957 ad
1635 2920 1733 2958 nos
1793 2908 1960 2974 nusit,
2019 2916 2078 2962 ut

519 2989 794 3054 proposita
867 2989 1173 3058 hencdtcat,
1228 3002 1286 3050 et
1341 2995 1397 3050 in
1458 2997 1845 3066 supercmlcste
1905 2999 2078 3056 altare

517 3091 677 3130 suum
708 3078 796 3134 illa
848 3082 1099 3154 recipiat,
1149 3089 1574 3157 recordeturque
1625 3089 1966 3159 aﬂ'erentium
2013 3107 2078 3148 ac

423 3186 426 3188 ν
518 3167 736 3226 illorum
812 3186 1034 3245 propter
1081 3194 1220 3248 quos
1273 3181 1389 3237 haec
1441 3183 1753 3238 obtulerunt
1795 3200 1812 3249 ;
1869 3198 2078 3239 necnon

2182 3159 2345 3214 αὑτοῦ
2394 3160 2812 3226 ἀποστείλαντα,
2848 3163 2942 3218 τὸν
2989 3163 3314 3235 ἐπουράνιον
3357 3163 3542 3233 ἄρτον,
3588 3161 3740 3214 εὐλοο
3803 3215 3806 3217 Α

516 3265 893 3321 sacriﬁcantes
945 3270 1000 3323 in
1049 3270 1450 3328 sacriﬁcatione
1532 3273 2084 3343 irreprehensibiliter

518 3352 818 3408 custodiat.
850 3352 913 3408 Et
950 3355 1033 3411 sic
1067 3357 1413 3413 absolutione
1442 3358 1608 3422 iacta,
1655 3359 1827 3428 ipsam
1855 3359 2084 3414 oblatio-

521 3458 648 3498 nem
677 3458 1000 3515 sacramque
1058 3462 1303 3503 mensam
1337 3449 1642 3516 tlturillcat;
1683 3451 1879 3506 deinde
1905 3467 2085 3508 sacer-

521 3533 729 3589 dotium
793 3544 967 3590 totum
1018 3554 1035 3605 ;
1113 3537 1496 3594 demonstrans
1553 3555 1620 3596 ex
1682 3541 1793 3597 Deo
1854 3543 2083 3612 primam

523 3625 918 3681 charismatum
969 3628 1024 3683 in
1069 3629 1278 3684 sanctis
1331 3645 1456 3688 esse
1507 3631 2082 3702 communicationem,

523 3727 581 3773 et
600 3733 696 3787 per
721 3726 943 3777 sanctos
969 3722 1021 3777 in
1045 3723 1278 3778 caneris.
1304 3723 1516 3780 Etenim
1545 3725 1797 3782 novimus
1819 3727 2086 3797 quosdam

525 3812 841 3868 universum
872 3815 1132 3885 templum
1170 3827 1224 3872 et
1255 3819 1510 3888 populum
1561 3819 1968 3891 tlturiticantu,
2029 3829 2091 3875 ut

526 3913 750 3962 sanctus
789 3905 864 3960 ait
889 3905 1201 3979 Dionysius,
1230 3909 1442 3974 dicens,
1483 3914 1628 3982 quod
1699 3921 1826 3968 ante
1881 3914 2092 3969 sacritl-

527 3997 796 4052 cationem
826 3996 896 4052 ab
927 3998 1085 4054 altari
1145 3997 1359 4057 sttﬂitus
1407 4001 1690 4068 perﬁcitur
1721 4004 1776 4058 in
1803 4003 1918 4059 aede
1976 4014 2088 4060 tuta

525 4096 584 4142 et
614 4088 808 4143 iterum
835 4089 901 4143 ad
927 4089 1099 4145 altare
1119 4091 1456 4161 regreditur;
1482 4094 1738 4163 quoniam
1760 4095 2088 4167 principium

527 4188 584 4234 et
611 4178 733 4236 ﬁnis
767 4182 1028 4236 honorum
1057 4191 1140 4237 est
1188 4181 1352 4252 Deus,
1407 4183 1572 4254 hujus
1627 4194 1808 4241 autem
1861 4190 2092 4244 thronus

527 4284 581 4326 et
610 4272 766 4327 sedes
803 4280 887 4328 est
914 4273 1101 4329 altare.
1134 4273 1257 4329 Ideo
1293 4276 1347 4329 in
1373 4277 1522 4332 omni
1579 4277 1985 4334 thuriticatioue
2019 4281 2091 4333 ita

532 4364 592 4418 tit
623 4381 637 4417 :
669 4364 740 4420 ah
765 4365 924 4420 altari
948 4381 1169 4422 sumens
1199 4366 1412 4422 initium
1439 4370 1799 4437 thttriticator,
1832 4372 1899 4426 ad
1958 4371 2090 4426 illttd

530 4457 741 4510 reducit
789 4457 972 4512 tinem.
1003 4457 1273 4524 Quoniam
1305 4469 1485 4514 autem
1530 4461 1736 4516 Christi
1791 4473 1952 4532 typus
2005 4472 2092 4518 est

537 4547 973 4612 archisacerdos,
1023 4557 1078 4602 ct
1131 4548 1304 4618 ipsius
1353 4552 1592 4618 potentia
1645 4553 1871 4615 ditatnr,
1926 4562 2092 4620 atque

528 4638 694 4691 etiam
725 4636 904 4691 omnis
933 4635 1240 4690 animarum
1275 4647 1538 4706 patronus
1560 4637 1837 4692 Christum
1871 4640 2089 4710 ﬁgurat,

530 4727 586 4779 itt
623 4727 708 4780 his
743 4742 963 4797 quoque
987 4728 1131 4790 istud
1161 4728 1461 4783 invenitur.
1504 4727 1745 4793 Primum
1809 4731 1951 4785 enim
2007 4746 2092 4783 ar-

530 4817 883 4871 chisacerdos
941 4819 1222 4872 incensum
1264 4819 1464 4889 signat,
1508 4829 1571 4874 ut
1609 4819 1739 4872 illttd
1774 4817 1886 4874 Deo
1909 4819 2091 4890 proie-

533 4921 684 4968 rens,
715 4921 776 4959 ac
810 4915 924 4974 post
957 4922 1166 4961 sacram
1206 4924 1448 4965 mensam
1485 4916 1540 4963 et
1561 4919 1779 4966 sanctas
1803 4911 2089 4980 imagines,

531 4996 742 5064 primus
798 4995 913 5064 ipse
975 4996 1343 5066 thttriﬁcatur,
1402 5007 1456 5052 et
1510 4999 1705 5054 deinde
1754 5002 1974 5067 caeteri;
2039 5009 2095 5056 et

533 5097 658 5156 post
686 5103 895 5151 omnes,
930 5089 1058 5158 ipso
1080 5103 1309 5157 rursus;
1342 5106 1464 5144 nam
1519 5092 1608 5146 ille
1657 5093 1980 5164 principium
2041 5105 2095 5150 et

533 5181 659 5236 linis
715 5188 800 5235 est
829 5194 1110 5235 sacrarum
1169 5182 1468 5249 actionum,
1508 5185 1925 5256 divinorumque
1961 5188 2095 5241 cha-

535 5272 815 5326 rismatum
847 5273 1281 5327 communicatur
1313 5290 1328 5340 ;
1366 5285 1420 5329 et
1448 5277 1514 5330 ad
1539 5277 1688 5333 illius
1711 5279 2094 5343 imitationem,

533 5361 586 5414 in
659 5361 745 5417 his
795 5362 889 5432 qui
959 5363 1159 5416 habent
1223 5377 1482 5417 manuum
1549 5364 2096 5419 archisacerdotalem

536 5453 929 5523 impasitionem
959 5464 1014 5510 et
1041 5463 1304 5524 praesunt,
1337 5455 1442 5512 hoc
1489 5456 1604 5513 ﬁeri
1637 5457 1939 5512 coitsuevit.
1972 5458 2100 5510 Hazc

535 5556 712 5597 autem
772 5544 1102 5599 tltttrilicatiu
1151 5562 1215 5600 cx
1275 5547 1432 5602 initio
1512 5547 1929 5602 sacriﬁcationis
1993 5563 2099 5601 non

536 5636 712 5688 solum
739 5635 904 5702 intus,
936 5639 1029 5691 sed
1064 5638 1225 5693 etiam
1259 5640 1625 5714 extrinsecus,
1659 5654 1714 5694 et
1771 5641 1824 5693 itt
1862 5639 2099 5693 maxima

535 5727 1109 5783 Thessalonicensiqu
1189 5732 1416 5786 ecclesia
1510 5733 1680 5786 videri
1749 5743 1942 5800 potest.
1979 5746 2101 5786 esse

540 5816 682 5872 facta
714 5834 726 5872 :
757 5817 808 5872 itt
863 5820 1038 5888 primo
1097 5837 1266 5878 sacra:
1313 5823 1542 5893 liturgiac
1590 5824 1737 5879 aditu
1781 5822 1992 5880 sumtus
2039 5839 2104 5878 cx

2167 612 2262 665 καὶ⁸
2306 613 2400 664 τὸν
2454 613 2683 683 οὐρανὸν
2735 613 3001 670 καλύπτει
3054 616 3169 671 ταῖς
3219 615 3441 684 ἀρεταῖς
3488 614 3566 671 ὡς
3597 613 3730 676 Θεὸς

2177 701 2389 770 Ἰησοῦς
2413 703 2668 774 Χριστός.
2701 703 2808 758 Kal
2836 703 2936 772 τῆς
2971 704 3236 766 συνέσεως
3261 703 3450 768 αὐτοῦ,
3483 705 3602 773 ήτοι
3627 704 3732 774 τῆς

2167 791 2440 859 γνώσεως,
2463 793 2674 863 πλήρης
2704 795 2737 864 ή
2767 793 2838 863 γῆ
2867 794 3180 863 γεγένηται.
3208 794 3593 864 Σαρκωθέντος
3617 795 3727 865 γὰρ

2168 881 2356 949 αὐτοῦ,
2393 885 2542 936 πᾶσα
2573 885 2606 954 ή
2652 884 2722 953 γῆ
2759 885 2922 938 αὑτὸν
2953 887 3051 940 σὺν
3080 885 3159 954 τῷ
3187 886 3362 956 Πατρὶ
3391 885 3605 952 ἐπέγνω
3633 886 3729 940 καὶ

2170 971 2468 1040 Πνεύματι.
2522 973 2596 1026 Τδ
2627 974 2683 1027 δέ
2715 972 2986 1042 ψαλμικδν
3013 972 3172 1025 τοῦτο
3198 972 3291 1024 ἐπὶ
3329 972 3519 1035 πᾶσιν,
3553 972 3604 1022 at
3634 973 3729 1026 καὶ

2167 1063 2340 1116 πολλά
2384 1065 2502 1118 ὲστι
2534 1065 2602 1118 τὰ
2634 1067 2870 1134 ποτήρια
2903 1063 3163 1132 ἐπιλέγει.
3197 1065 3293 1116 Ἐν
3330 1063 3437 1132 γὰρ
3471 1062 3532 1116 τὺ
3559 1079 3728 1130 προσο

2167 1157 2490 1222 φερόμενον.
2545 1159 2642 1210 καὶ
2689 1156 2747 1210 ἓν
2795 1156 2856 1210 τὸ
2889 1158 3168 1226 ποτήριον,
3224 1157 3317 1210 καὶ
3351 1159 3410 1210 ἐν
3451 1156 3728 1222 διαφόροις

2166 1247 2382 1315 ὁρᾶται,
2433 1247 2513 1301 ὅτι
2561 1247 2655 1300 καὶ
2687 1246 2804 1308 ἐνὸς
2835 1246 2897 1300 τὸ
2929 1245 2987 1299 ἐν
3020 1246 3183 1314 σῶμα
3218 1246 3314 1300 καὶ
3343 1246 3460 1307 ἐνὸς
3501 1245 3560 1298 τὸ
3589 1243 3730 1310 αἷμά

2168 1340 2336 1392 ἐστιν.
2375 1333 2505 1392 Εἶτα
2534 1339 2842 1392 τελευταῖον
2891 1338 2984 1390 τὸν
3023 1338 3160 1408 ἀέρα
3192 1338 3306 1400 θεὶς
3338 1341 3366 1391 6
3417 1341 3595 1406 ἱερεὺς
3637 1338 3729 1390 θυ-

2172 1430 2398 1499 μιάσας,
2423 1431 2482 1494 ὃς
2512 1430 2575 1501 δὴ
2607 1432 2700 1485 καὶ
2733 1431 2792 1484 τὸ
2827 1431 3115 1500 στερέωμα
3149 1433 3206 1484 ἐν
3242 1425 3286 1499 ᾧ
3335 1433 3364 1484 6
3404 1431 3604 1500 ἀστὴρ,
3639 1429 3731 1482 καὶ

2169 1521 2268 1589 τὴν
2297 1523 2511 1576 σινδόνα
2558 1523 2834 1592 σημαίνει,
2868 1523 2957 1576 διὰ
2996 1521 3153 1576 τοῦτο
3195 1522 3304 1589 γὰρ
3341 1522 3440 1575 καὶ
3472 1523 3732 1589 ἐσμυρνιο

2173 1615 2374 1682 σμένον
2414 1615 2607 1678 νεκρὸν
2643 1613 2901 1676 πολλάκις
2935 1613 3220 1682 περιφέρει
3252 1613 3345 1666 τὸν
3385 1613 3595 1680 Ἰησοῦν
3637 1613 3733 1666 καὶ

2172 1683 2458 1770 ἐπιτάφιος
2493 1705 2733 1770 λέγεται,
2768 1706 2899 1757 αὐτὸ
2929 1705 3169 1759 διδάσκει
3199 1707 3328 1774 ἄχρι
3350 1705 3534 1767 τέλους
3565 1704 3729 1758 καθα-

2176 1793 2282 1863 ρῶς
2307 1793 2380 1854 ὡς
2411 1796 2468 1846 ἐν
2495 1795 2683 1846 πίνακι
2713 1793 2773 1846 τὸ
2805 1795 3250 1865 μυστήριον.”οτι
3276 1795 3438 1856 αὐτὸς
3460 1796 3488 1847 6
3521 1810 3733 1864 προφη-

2173 1885 2381 1947 τευθεὶς
2411 1885 2486 1947 ὼς
2520 1885 2713 1953 ἀμνὸς,
2749 1886 2845 1939 καὶ
2886 1885 3144 1956 ὑπεράνω
3171 1886 3280 1939 τῶν
3307 1884 3552 1956 οὐρανῶν
3580 1880 3732 1956 ἦλθε,

2171 1977 2266 2028 καὶ
2305 1978 2364 2028 ὲν
2399 1977 2648 2046 σπηλαίῳ
2675 1977 2770 2030 καὶ
2795 1978 2969 2049 φάτνῃ
3012 1979 3153 2034 κατὰ.
3175 1980 3355 2048 σάρκα
3387 1978 3732 2047 γεγέννηται.

2173 2069 2284 2120 Kal
2324 2069 2392 2121 τά
2419 2069 2514 2122 τοῦ
2545 2069 2750 2132 πάθους
2779 2070 2940 2133 εὐθὺς
2965 2075 3020 2124 tv
3042 2070 3121 2140 τῷ
3147 2069 3475 2140 γεννηθῆναι
3505 2087 3736 2138 προετυ·

2175 2157 2329 2230 πὼθη
2365 2161 2420 2211 ἐν
2455 2159 2619 2229 αὐτῷ.
2671 2160 2780 2213 Kal
2823 2161 2932 2230 γάρ
2979 2162 3154 2232 ἀστὴρ
3198 2161 3303 2230 μὲν
3330 2161 3531 2230 ἐπέστη
3565 2161 3736 2227 αὐτῷ,

2173 2253 2287 2310 τοῖς
2334 2252 2534 2318 μάγοις
2576 2251 2736 2306 αὗτὸν
2781 2253 2992 2320 δηλῶν
3049 2257 3078 2307 ό
3130 2253 3188 2306 δὲ
3229 2253 3475 2325 Ἡρώδης
3522 2254 3732 2309 ἐδίωκε.

2173 2341 2284 2394 Kal
2316 2343 2542 2410 Συμεὼν
2574 2345 2695 2406 ταῖς
2726 2344 2882 2412 χερσὶ
2926 2343 3127 2407 λαϐὼν,
3167 2345 3434 2414 ἐκήρυξεν
3465 2345 3628 2398 αὑτὸν
3657 2349 3735 2408 εἰς

2175 2433 2402 2498 σημεῖον
2454 2433 2670 2486 κεῖσθαι
2721 2433 3160 2505 ἀντιλεγόμενον.
3218 2437 3328 2490 Καὶ
3359 2436 3435 2499 ὡς
3492 2437 3736 2507 ῥομφαία

2174 2520 2505 2575 διελεύσεται
2531 2522 2628 2592 τὴν
2652 2523 2832 2594 ψυχὴν
2860 2526 2958 2594 τῆς
2981 2525 3144 2578 αὐτοῦ
3175 2525 3550 2595 Μητρός.·Διά
3577 2527 3732 2580 τοῦτο

2175 2613 2270 2664 καὶ
2297 2613 2362 2666 τὰ
2397 2613 2490 2667 τοῦ
2523 2615 2732 2680 πάθους
2765 2611 2869 2670 ὧδε
2905 2616 3418 2687 καθυπογράφεται.
3451 2619 3732 2688 Θυμιάσας

2174 2701 2268 2756 οὖν
2309 2703 2379 2757 τά
2414 2704 2473 2758 ἐν
2513 2707 2580 2774 τῇ
2615 2705 2735 2777 θείᾳ
2780 2707 3035 2776 προθέσει
3061 2707 3232 2776 δῶρα,
3276 2707 3350 2771 ὡς
3381 2709 3736 2779 άφιιρωμένα

2175 2792 2328 2863 Θεῷ,
2383 2797 2472 2848 καὶ
2507 2796 2582 2860 ὡς
2612 2797 2761 2865 αὐτῷ
2795 2798 3196 2868 προσαχθέντα,
3229 2799 3324 2852 καὶ
3351 2799 3425 2863 ὡς
3469 2799 3736 2853 ἀντίτυπα

2176 2885 2440 2953 γεγονότα
2485 2885 2580 2940 τοῦ
2623 2888 2894 2957 παναγίου
2934 2888 3186 2958 σώματός
3235 2906 3294 2942 τε
3345 2892 3441 2944 καὶ
3482 2884 3736 2958 αἵματος,

2177 2975 2275 3046 τήν
2304 2976 2470 3046 εὐχήν
2500 2977 2602 3046 τῆς
2635 2979 3009 3050 προσκομιδῆς
3037 2980 3299 3048 ἐπιλέγει,
3349 2981 3442 3036 καὶ
3469 2980 3560 3032 τὸν
3599 2980 3736 3034 Θεὸν

2177 3067 2270 3120 καὶ
2307 3067 2528 3140 Πατέρα
2564 3068 2913 3124 ἐπικαλεῖται
2961 3070 3056 3123 τδν
3105 3071 3242 3142 πρὸς
3286 3071 3431 3140 ἡμᾶς
3471 3070 3564 3123 τὸν
3606 3069 3739 3123 Υίδν

2181 3253 2350 3320 γῆσαι
2381 3251 2450 3306 τὰ
2483 3253 2840 3322 προτεθέντα,
2884 3254 2982 3308 καὶ
3019 3254 3422 3326 προσδέξασθαι
3451 3252 3624 3307 ταῦτα
3661 3253 3741 3315 είς

2180 3341 2241 3394 τὸ
2266 3342 2666 3414 ὑπερουράνιον
2691 3343 2886 3398 τοΰτου
2924 3344 3338 3414 θυσιαστήριον,
3374 3340 3744 3414 μνημονεῦσαί

2181 3449 2244 3487 τε
2290 3435 2400 3488 τῶν
2455 3436 2970 3507 προσενεγκάντων,
3022 3437 3120 3490 καὶ
3163 3436 3295 3500 τῶν,
3332 3434 3401 3490 δι’
3444 3434 3540 3496 οὓς
3574 3432 3748 3487 ταῦτα

2184 3528 2564 3596 προσήγαγον,
2625 3528 2723 3582 καὶ
2789 3527 2919 3592 τοὺς
2977 3527 3402 3597 ίιρουργοῦντας
3459 3526 3518 3580 6t
3573 3526 3632 3578 tv
3681 3527 3745 3594 τῇ

2189 3620 2472 3690 ἱερουργίᾳ
2546 3621 2953 3693 ἀκατακρίτους
3009 3619 3358 3689 διαφυλάξαι.
3428 3619 3538 3673 Kal
3607 3617 3748 3671 οὕτω

2188 3714 2424 3782 ποιήσας
2459 3711 2745 3777 ἀπόλυσιν,
2777 3712 2950 3781 αὐτήν
2996 3729 3058 3766 τε
3099 3711 3200 3783 τὴν
3230 3710 3623 3784 προσκομιδὴν,
3656 3711 3751 3764 καὶ

2185 3801 2286 3872 τὴν
2321 3803 2472 3871 ἱερὰν
2492 3799 2770 3872 τράπεζαν
2798 3800 3154 3871 σταυροειδῶς
3176 3800 3346 3870 θυμιᾷ
3367 3815 3382 3829 ·
3415 3792 3533 3852 εἶτα
3568 3797 3661 3852 καὶ
3689 3797 3749 3850 τὸ

2191 3892 2457 3963 ίερατεῑον
2473 3893 2611 3948 ὅλονο
2633 3896 2847 3959 δεικνὺς
2863 3894 2960 3964 τὴν
2990 3896 3054 3948 ἐκ
3070 3893 3232 3963 108
3255 3891 3350 3946 τοῦ
3375 3891 3508 3946 Θεοῦ
3527 3891 3748 3962 πρώτην

2187 3984 2299 4039 τῶν
2329 3986 2687 4057 χαρισμάτων
2724 3989 2784 4042 ἐν
2816 3987 2933 4051 τοῖς
2967 3986 3145 4055 ἁγίοις
3181 3985 3490 4056 μετάδοσιν.
3527 3984 3621 4038 καὶ
3665 3982 3752 4036 διά

2188 4077 2299 4132 τῶν
2330 4077 2502 4147 ἁγίων
2531 4080 2589 4133 ἐν
2617 4080 2731 4142 τοῖς
2778 4079 3007 4141 λοιποῖς.
3057 4079 3169 4134 Kal
3209 4077 3318 4149 γὰρ
3358 4075 3574 4147 εἴδομεν
3601 4089 3750 4137 τινας

2190 4173 2288 4226 καὶ
2317 4171 2410 4226 τὸν
2439 4171 2566 4224 ναδν
2600 4171 2782 4226 πάντα
2811 4169 2908 4224 καὶ
2940 4169 3032 4223 τὸν
3057 4169 3187 4223 λαδν
3215 4168 3544 4238 θυμιῶντας.
3581 4165 3753 4236 Ὅπερ

2191 4265 2286 4318 καὶ
2311 4265 2340 4316 ό
2375 4264 2521 4334 ίερός
2543 4281 2678 4335 φησι
2707 4265 3004 4328 Διονύσιος,
3041 4263 3124 4317 ὅτι
3157 4261 3265 4331 πρὸ
3288 4261 3388 4329 τῆς
3418 4259 3754 4328 λειτουργίας

2191 4356 2302 4410 ἀπὸ
2332 4355 2429 4410 τοῦ
2457 4357 2852 4426 θυσιαστηρίου
2892 4355 2952 4408 τὸ
2988 4355 3244 4424 θυμίαμα
3269 4353 3504 4406 τελεῖται
3537 4351 3756 4420 γινόμε-

2195 4462 2281 4499 νον
2306 4448 2364 4499 ἐν
2388 4446 2498 4517 ὅλῳ
2530 4447 2608 4516 τῷ
2635 4449 2794 4518 οἴκῳ,
2826 4448 2921 4502 καὶ
2966 4447 3131 4500 πάλιν
3167 4447 3246 4508 εἰς
3274 4445 3335 4498 τὸ
3366 4443 3754 4510 θυσιαστήριον
3835 4484 3876 4525 ι,

2123 4514 2166 4570 θ
2193 4514 2502 4609 ἀνέρχεται.
2543 4514 2695 4593 Ἐπεὶ
2743 4514 2898 4610 *ἁρχὴ
2952 4541 3048 4594 καὶ
3099 4539 3253 4599 τέλος
3300 4536 3411 4590 τῶν
3461 4535 3679 4604 ἀγαθῶν
3725 4533 3756 4586 6
3831 4514 3844 4533 ³

2194 4630 2326 4693 Θεός
2345 4647 2361 4664 ο
2388 4631 2578 4685 τούτου
2609 4631 2666 4684 δὲ
2701 4631 2889 4701 θρόνος
2921 4633 3016 4686 καὶ
3059 4635 3224 4694 τόπος
3253 4630 3312 4683 τὺ
3347 4627 3753 4695 θυσιαστήριον.

2194 4722 2286 4774 Διὸ
2317 4723 2408 4774 καὶ
2440 4721 2498 4775 tv
2529 4724 2692 4776 παντὶ
2724 4722 3031 4792 θυμιάματι
3057 4721 3200 4776 οὕτω
3241 4721 3452 4789 γίνεται
3473 4735 3491 4753 ο
3526 4719 3631 4772 άπὸ
3659 4716 3754 4770 τοῦ

2196 4813 2586 4884 θυσιαστηρίου
2617 4816 2644 4867 ό
2694 4813 2906 4882 θυμιῶν
2949 4814 3060 4884 γὰρ
3099 4803 3420 4884 ἀρχόμενος,
3474 4810 3634 4863 πάλιν
3677 4810 3758 4872 εἰς

2195 4905 2329 4959 αὐτὸ
2361 4905 2688 4976 καταλήγει.
2735 4906 2888 4958 Ἐπεὶ
2913 4906 2968 4958 δέ
3001 4907 3095 4958 καὶ
3121 4904 3293 4966 τύπος
3322 4903 3561 4973 Χριστοῦ
3591 4903 3619 4954 ό
3660 4901 3759 4970 άρ-

2195 4997 2436 5068 χιερεὺς,
2485 4996 2580 5050 καὶ
2623 4995 2722 5065 τήν
2751 4995 2919 5049 αὑτοῦ
2957 4995 3204 5049 πλουτῶν
3233 4999 3349 5050 ἐστι
3379 4995 3630 5063 δύναμιν,
3663 4990 3759 5044 καὶ

2197 5089 2278 5142 ἔτι
2311 5091 2418 5152 πᾶς
2450 5090 2756 5158 προστάτης
2787 5087 2977 5157 ψυχῶν
3003 5088 3092 5140 τὸν
3127 5089 3359 5157 Χριστόν
3389 5090 3538 5139 ἐστιν
3567 5083 3760 5138 είκονί-

2199 5179 2342 5245 ζων·
2392 5182 2487 5234 καὶ
2518 5183 2577 5233 tv
2625 5181 2812 5242 αὐτοῖς
2860 5180 3016 5234 τοῦτο
3057 5180 3290 5245 γίνεται.
3320 5179 3563 5247 ’Πρῶτον
3600 5176 3705 5244 γάρ
3731 5175 3761 5228 6

2199 5273 2488 5344 ἀρχιερεὺς
2531 5273 2624 5325 καὶ
2654 5271 2715 5324 τὸ
2745 5272 2996 5339 θυμίαμα
3031 5270 3320 5339 σφραγίζει
3367 5269 3441 5330 ὡς
3471 5270 3762 5334 προσάγων

2201 5365 2362 5417 τοῦτο
2407 5364 2526 5430 Θεῷ
2548 5376 2562 5391 °
2599 5365 2693 5415 καὶ
2729 5364 2864 5430 μετὰ
2890 5361 2987 5430 τὴν
3025 5360 3178 5430 ἱερὰν
3206 5357 3484 5432 τράπεζαν
3527 5358 3620 5410 καὶ
3665 5356 3763 5419 τὰς

2201 5456 2362 5522 ἁγίας
2397 5456 2615 5518 είκόνας
2665 5457 2879 5527 πρῶτος
2923 5457 3085 5520 αὐτὸς
3141 5455 3437 5525 θυμιᾶται·
3476 5453 3668 5504 ἔπειτα
3711 5451 3763 5506 οἱ

2200 5547 2415 5602 λοιποίο
2467 5550 2563 5602 καὶ
2611 5552 2749 5619 μετὰ
2787 5551 3018 5612 πάντας,
3046 5548 3208 5602 πάλιν
3255 5547 3439 5608 αὑτός.
3486 5545 3640 5598 Ἐπεὶ
3671 5544 3764 5595 καὶ

2202 5640 2346 5711 ἀρχὴ
2391 5641 2487 5694 καὶ
2516 5640 2670 5704 τέλος
2703 5635 2859 5703 οὗτος
2887 5640 2998 5694 τῶν
3030 5639 3193 5708 ίερῶν
3222 5637 3499 5708 πράξεων,
3530 5633 3623 5688 καὶ
3656 5632 3765 5693 τῶν

2204 5728 2364 5783 θείων
2392 5731 2752 5800 χαρισμάτων
2801 5728 3182 5800 μεταδοτικόςο
3219 5726 3313 5780 καὶ
3351 5724 3494 5778 κατὰ
3533 5722 3767 5791 μίμησιν

2213 5821 2403 5882 τούτου
2432 5823 2524 5878 καὶ
2561 5825 2618 5878 ὲν
2646 5827 2753 5887 τοῖς
2798 5819 3134 5890 χειροτονίαν
3166 5814 3551 5890 ἀρχιερατικὴν
3583 5813 3766 5890 ἔχουσι
