4114 6272
341 322 448 386 289

1560 321 1656 382 DE
1697 320 1940 380 SACRA
1980 321 2266 386 LlTURG
2285 327 2354 386 [A
2368 373 2382 387 .

3476 324 3586 387 2ὶο

339 432 780 503 καθηγουμένοις
810 431 970 486 τοῦτο
998 393 1249 498 γίνεσθαι
1283 431 1424 498 ἔθος.
1453 434 1526 488 Τὸ
1548 435 1601 488 δὲ
1630 436 1828 506 θυμιᾷν
1854 435 1899 498 ἐξ

2016 435 2175 490 altari
2201 440 2376 513 suinit
2410 438 2651 506 initium,
2687 454 2751 494 ac
2779 454 2875 510 per
2910 440 3088 511 ipsum
3123 439 3388 494 diaconus
3419 454 3589 494 evan-

337 529 518 600 ἀρχῆς
571 528 667 593 τῆς
708 528 1022 596 ἱερουργίας
1071 529 1133 581 οὐ
1187 527 1348 596 μόνον
1395 528 1563 591 ἔνδον,
1622 529 1765 579 ἀλλὰ
1817 531 1910 582 καὶ

337 619 564 686 ἔξωθεν,
601 618 694 670 καὶ
740 618 800 670 ὲν
829 619 893 686 τῇ
932 617 1166 688 μεγίστῃ
1205 618 1315 671 τῶν
1349 617 1788 671 Θεσσαλονικέων
1817 621 1903 670 ὲκ-

337 710 541 780 κλησίᾳ
595 708 745 762 ἔστιν
803 710 930 761 ίδεῖν
981 711 1291 777 γινόμενον,
1337 711 1394 760 ὲν
1447 711 1512 778 τῇ
1570 709 1761 778 πρώτῃ
1813 710 1909 776 ti};

339 803 490 872 ἱερᾶς
530 800 872 870 λειτουργίας
929 801 1118 868 εἰσόδῳ
1165 799 1430 867 θυμιατοῦ
1470 803 1532 852 ὲκ
1566 800 1660 852 τοῦ
1715 805 1906 872 θυσια-

340 891 566 962 στηρίου
599 892 962 960 ὲξερχομένου
996 889 1064 942 δι’
1087 885 1148 942 ού
1179 893 1205 942 ό
1235 889 1499 953 διάκονος,
1529 892 1620 943 καὶ
1645 891 1911 957 16Ean-

339 984 516 1051 γέλιον
575 981 788 1034 καὶτὸν
823 980 1105 1050 ἀρχιερέα,
1143 981 1233 1032 καὶ
1271 980 1396 1041 τοὺς
1429 980 1907 1048 συλλειτουργοῦν-

335 1091 438 1137 τας
474 1073 624 1142 αὑτῷ
674 1071 1004 1140 ίερωμὲνους
1041 1071 1232 1140 θυμιᾷ.
1267 1073 1331 1123 Ὃ
1370 1072 1523 1140 δηλοῖ
1558 1071 1655 1140 τὴν
1683 1071 1776 1124 ἀπ’
1813 1073 1907 1124 οὐ·

227 1217 230 1220 .
342 1166 504 1235 ρανοῦ
529 1166 693 1234 χάριν
739 1164 833 1216 καὶ
872 1162 1083 1233 δωρεὰν
1120 1163 1449 1233 ἐκχυθεῖσαν
1484 1163 1560 1233 τῷ
1590 1164 1784 1233 κόσμῳ
1819 1163 1908 1216 διὰ

348 1258 525 1328 Ἰησοῦ
557 1256 791 1326 Χριστοῦ
847 1257 940 1310 καὶ
992 1256 1221 1309 εὐωδίαν
1276 1255 1371 1308 τοῦ
1425 1254 1762 1324 Πνεύματος,
1812 1255 1908 1307 καὶ

251 1331 264 1334 -
347 1350 509 1404 πάλιν
547 1352 627 1410 εἰς
672 1350 763 1401 τὸν
809 1347 1040 1418 οὐρανὸν
1074 1347 1139 1399 δι’
1172 1344 1341 1399 αὐτοῦ
1395 1347 1744 1415 ἁναχθεῖσαν.
1799 1345 1908 1398 Kal

331 1441 490 1493 τοῦτο
549 1441 782 1493 πάντοτε
828 1439 964 1508 ἡμῖν
1028 1437 1117 1492 διὰ
1150 1437 1326 1507 Ἰησοῦ
1388 1435 1626 1505 Χριστοῦ
1675 1437 1904 1506 γίνεται.

333 1531 414 1584 Τὰ
462 1530 560 1600 μὲν
607 1526 700 1584 οῦν
752 1531 883 1598 περὶ
929 1529 1030 1598 τῆς
1105 1529 1478 1599 προσκομιδῆς
1543 1528 1729 1597 οὕτω,
1762 1532 1822 1582 ἐν

332 1626 425 1678 καὶ
455 1625 656 1685 πάντες
701 1621 1168 1697 πρεσϐύτεροίιτε
1225 1623 1596 1691 προσφέρουσι
1648 1622 1776 1692 περὶ
1825 1615 1907 1675 ὧν

329 1717 516 1786 χρεία,
559 1715 653 1768 καὶ
695 1713 931 1784 μάλιστα
957 1713 1066 1765 τῶν
1098 1713 1196 1778 τὴν
1221 1712 1416 1783 ἑορτὴν
1451 1713 1752 1776 τελούντων
1811 1717 1907 1768 καὶ

2016 528 2240 596 gelium,
2274 531 2798 593 archisacerdotem,
2831 541 2887 586 et
2921 532 3201 587 ministros
3237 546 3426 586 sacros
3457 545 3584 585 cum

2016 618 2134 686 ipso
2159 619 2432 690 liturgiam
2467 633 2823 691 exi-quentes,
2855 623 3131 677 tburiiieat
3158 641 3174 677 :
3239 621 3382 690 quod
3409 622 3582 691 signi-

2015 705 2140 759 iirat
2177 710 2364 762 ectelo
2396 712 2624 777 gratiam
2659 722 2711 764 et
2771 713 2973 766 donum
3039 713 3329 766 devenisse
3379 711 3584 766 mundo

2014 810 2109 863 per
2143 795 2329 850 Jesum
2363 799 2638 855 Christum
2697 816 2745 856 et
2787 803 2988 857 bonum
3040 804 3276 873 Spiritus
3334 804 3606 861 odorem,

2013 898 2070 940 et
2110 887 2309 942 iterum
2342 893 2406 943 ad
2441 892 2635 946 ιιωιυηι
2670 909 2764 961 per
2801 897 2974 963 ipsum
3027 911 3148 949 esse
3206 895 3418 948 sublata
3450 912 3464 958 ;
3527 905 3581 948 et

2013 978 2115 1031 hoc
2141 994 2357 1050 semper
2381 983 2537 1037 nobis
2570 983 2625 1036 ill
2697 1001 2791 1054 per
2855 985 3038 1040 Jesum
3084 986 3388 1040 Christum.
3448 986 3580 1050 Qua:

2010 1071 2153 1124 circa
2208 1073 2534 1126 oblationem
2585 1077 2739 1140 tiunl,
2798 1078 2869 1128 ita
2929 1093 2987 1131 se
3037 1079 3237 1131 habent
3303 1095 3315 1130 :
3365 1078 3417 1130 in
3469 1087 3576 1146 qua

2011 1177 2144 1218 sane
2168 1165 2332 1218 etiam
2367 1166 2548 1220 cuncti
2605 1167 2904 1238 presbyteri
2941 1184 3037 1238 pro
3097 1170 3164 1224 iis
3243 1171 3442 1238 quibus
3496 1181 3578 1223 est

2011 1266 2168 1318 opus,
2195 1251 2478 1320 offerunt;
2536 1257 2837 1324 praesertim
2895 1271 3027 1310 vero
3083 1257 3379 1326 profestum
3439 1260 3581 1311 ενι.»-

2009 1341 2312 1409 brantibus,
2342 1342 2568 1414 ipsoque
2600 1346 2875 1414 pontiﬁce,
2915 1361 2978 1400 ac
3016 1347 3274 1415 deinceps
3331 1347 3574 1414 reliquis,

2008 1431 2209 1499 quibus
2239 1448 2460 1489 necesse
2503 1445 2606 1490 est.
2643 1434 2908 1490 Similiter
2943 1451 3133 1491 omnes
3167 1437 3380 1491 diaconi
3444 1437 3576 1490 olfe-

2008 1533 2138 1577 runt
2169 1539 2264 1592 per
2292 1526 2664 1596 presbyteros.
2706 1527 2892 1596 Neque
2919 1529 3060 1581 enim
3093 1527 3174 1582 fas
3206 1537 3288 1583 cst
3331 1529 3578 1584 diacc-nis

2022 1597 2120 1677 per
2139 1625 2196 1663 se
2224 1609 2374 1679 ipsos
2403 1611 2594 1666 olferre
2632 1615 3110 1685 ;quand0‘quidem
3172 1619 3374 1671 donum
3439 1620 3578 1672 οσο-

2006 1698 2161 1753 rendi
2199 1699 2308 1756 Deo
2366 1719 2472 1756 non
2529 1705 2769 1767 habent;
2829 1708 3098 1776 siquidem
3150 1709 3364 1764 diaconi
3424 1721 3575 1776 sunt,

328 1767 797 1877 ⁸ῖδιῖιιῐινρχιερέζιιις,
836 1806 932 1858 καὶ
957 1799 1032 1856 ὧν
1076 1767 1296 1874 ἁνὰγκη
1323 1767 1528 1857 λοιπῶν
1549 1818 1562 1834 ·
1594 1771 1688 1857 καὶ
1717 1803 1765 1857 oi
1792 1767 1899 1858 διὰέ

2008 1782 2299 1846 ministerii
2331 1791 2597 1862 dignitate
2636 1805 2843 1850 tantum
2871 1767 3102 1865 praediti.
3149 1798 3201 1854 Si
3234 1802 3402 1872 igitur
3457 1802 3574 1856 tieri

328 1913 477 1953 κονοι
532 1898 589 1951 δὲ
639 1899 837 1960 πάντες
883 1896 970 1949 διὰ
1016 1895 1126 1950 τῶν
1174 1894 1584 1965 πρεσϐυτέρων.
1613 1896 1748 1950 Οὐδὲ
1795 1896 1905 1966 γὰρ

330 1987 488 2058 θέμις
543 1991 882 2058 προσφέρειν
929 1987 1213 2051 διακόνους
1259 1988 1330 2041 δι’
1375 1987 1610 2044 ἑαυτῶν.
1652 1987 1807 2041 Ἐπεὶ
1841 1986 1904 2040 τδ

334 2081 580 2150 χάρισμα
605 2080 665 2132 τὸ
697 2080 1095 2149 προσκομίζιιν
1125 2078 1246 2148 Θεῷ
1277 2080 1378 2132 οὐκ
1419 2080 1624 2152 ἔχουσι.
1653 2081 1906 2133 Διὰκονοι

331 2171 439 2239 γάρ
470 2171 595 2229 εἰσι.
631 2168 731 2240 τὴν
759 2169 1138 2240 λειτουργικὴν
1182 2169 1340 2233 ἀξίαν
1371 2169 1586 2241 ἔχοντες
1624 2169 1804 2240 μόνον.
1838 2169 1901 2224 Ei

330 2258 424 2316 οῦν
451 2262 512 2315 ού
545 2261 771 2315 δυνατὸν
815 2263 999 2325 αὐτοῖς
1033 2261 1304 2333 ἱερατικὸν
1338 2262 1664 2316 ἐνδύσασθαι
1690 2262 1900 2332 ᾶμφιον

329 2352 450 2422 δίχα
487 2353 738 2422 εὐλογίας
771 2353 1073 2424 ἁρχιερίως
1105 2354 1138 2424 ἢ
1189 2353 1397 2425 ίερίως,
1431 2353 1544 2408 οὔτ’
1571 2353 1902 2424 ἐνάρξασθαι

326 2464 470 2509 τινος
520 2447 672 2518 inpii;
699 2446 924 2518 τελετῆς
970 2449 1100 2502 ἄνευ
1148 2446 1524 2519 πρεσϐυτέρου
1578 2447 1612 2518 ἢ
1649 2446 1912 2526 εὐλογίας

323 2538 419 2592 τοῦ
453 2540 855 2609 πρεσϐυτέρου,
899 2540 1018 2603 πῶς
1061 2539 1170 2611 ἄρα
1199 2538 1354 2604 οὗτος
1385 2540 1453 2594 δι’
1497 2538 1692 2594 ἑαυτοῦ
1726 2556 1899 2610 προσο

323 2616 583 2700 κομίσας
619 2633 725 2684 Καὶ
755 2633 804 2684 εί
833 2633 863 2685 ό
893 2631 1078 2686 κανὼν
1125 2632 1458 2702 ἀπαγορεύει
1503 2631 1750 2686 διάκονον
1793 2631 1900 2703 πρὸ

321 2719 413 2774 τοῦ
465 2722 656 2790 ίερέως
692 2724 990 2792 μετασχεῖν
1041 2724 1136 2775 καὶ¹
1190 2723 1298 2777 τῶν
1333 2725 1534 2792 τιμίων
1578 2723 1768 2793 δώρων
1811 2742 1897 2778 τε·

321 2810 680 2875 ὴιωθέντων,
730 2813 818 2868 ῐνα
849 2814 1044 2884 τηροίη
1078 2814 1178 2884 τὴν
1217 2814 1414 2869 ἑαυτοῦ
1451 2815 1605 2880 τάξιν
1639 2816 1895 2883 ἕκαστος,

321 2903 437 2966 πῶς
485 2906 545 2956 ἐν
587 2906 698 2968 τοῖς
740 2906 935 2976 δώροις
983 2908 1345 2978 προσκομίσει
1393 2907 1638 2971 διάκονος
1662 2926 1677 2974 ;
1716 2909 1808 2963 Διδ
1835 2910 1895 2964 τὸ

321 2995 451 3063 πρὶν
481 2997 772 3065 γινόμενον
803 2999 862 3050 ὲν
891 2998 1285 3070 Θεσσαλονίκῃ,
1321 2999 1416 3052 καὶ
1443 2998 1537 3052 νῦν
1561 3000 1618 3052 ἐν
1648 2999 1726 3070 τῷ
1755 3001 1896 3071 ἁγίῳ

2007 1895 2118 1935 non
2163 1892 2343 1950 potest
2374 1894 2434 1939 ut
2491 1886 2593 1956 ipsi
2625 1890 2963 1946 sacerdotale
3020 1893 3407 1947 vestimentum
3457 1896 3577 1949 sine

2003 1975 2284 2042 pontiﬁcis
2307 1985 2403 2032 aut
2459 1981 2764 2036 sacerdotis
2797 1983 3178 2039 benedictione
3208 1985 3453 2043 induant.
3483 1995 3578 2042 aut

2006 2065 2176 2120 ullum
2203 2081 2424 2123 sacrum
2449 2071 2768 2141 mysterium
2793 2072 2912 2127 sine
2940 2075 3258 2144 presbytero
3285 2077 3571 2143 inchoent,

2005 2172 2239 2228 quanam
2275 2160 2486 2215 ratione
2517 2177 2614 2232 per
2641 2178 2699 2218 se
2730 2163 2876 2234 ipsos
2907 2166 3142 2220 oderent
3171 2165 3194 2219 ί
3225 2168 3287 2222 Et
3310 2171 3354 2223 si
3392 2185 3569 2224 canon

2003 2260 2152 2304 vetat
2209 2251 2500 2307 diaconum
2559 2263 2686 2309 ante
2745 2258 3087 2312 sacerdotem
3163 2261 3571 2316 communionis

2009 2341 2331 2411 participem
2359 2342 2497 2408 ﬁeri,
2531 2347 2782 2412 quamvis
2853 2349 3115 2417 praeclara
3186 2367 3410 2406 munera
3459 2353 3573 2409 sint

2013 2444 2362 2502 consecrala,
2390 2447 2449 2489 ut
2472 2437 2700 2505 quilibet
2722 2455 2882 2493 suum
2911 2443 3137 2510 gradum
3170 2455 3370 2508 servet,
3436 2461 3573 2514 quo-

2001 2527 2167 2580 modo
2213 2528 2268 2581 in
2322 2528 2600 2584 oblatione
2660 2545 2948 2586 munerum
3016 2534 3282 2590 diaconus
3335 2536 3572 2592 oﬂ'eret?

2000 2612 2129 2669 ideo
2163 2615 2308 2686 quod
2349 2618 2502 2688 prius
2535 2617 2736 2673 factum
2765 2628 2848 2674 est
2879 2620 3284 2679 Thessalonicae
3320 2635 3375 2680 et
3426 2642 3571 2682 nunc

2001 2706 2060 2760 iit
2085 2706 2139 2761 in
2188 2722 2346 2763 sacro
2380 2720 2564 2764 monte
2597 2709 2760 2777 Atlio,
2795 2727 2900 2766 non
2933 2721 3017 2768 est
3057 2713 3195 2770 bene
3249 2715 3570 2772 ordinatum

2004 2811 2106 2851 nec
2129 2812 2484 2854 conveniens.
2542 2798 2812 2871 Et-super
2877 2803 2979 2857 hoc
3017 2814 3098 2857 est
3149 2804 3567 2863 attendendum.

1999 2890 2059 2947 Si
2098 2891 2222 2962 quis
2255 2903 2435 2946 autem
2492 2892 2848 2948 diacouorum
2903 2893 3151 2965 proferre
3203 2896 3335 2950 velit
3381 2908 3572 2967 partes

1997 2986 2067 3041 ob
2105 2985 2368 3052 debitum,
2401 3000 2496 3056 per
2545 2987 2900 3057 presbyteros
2927 2987 3031 3041 hoc
3071 2987 3257 3052 faciat,
3296 2991 3572 3046 retinente

317 3085 433 3156 δρει
460 3086 540 3155 τῷ
562 3087 734 3159 Ἄθῳ,
753 3089 812 3141 τὸ
835 3089 1118 3152 διακόνους
1145 3091 1604 3160 προσφέρειν,ούκ
1629 3090 1890 3146 εὖτακτον
1923 3097 1966 3158 c
1998 3074 2218 3144 ουῑάθιη
2257 3077 2575 3145 Ρ¹¹ε⁸¹³Υιθ¹³ο
2607 3076 2941 3131 οωεηίοηθω
2967 3086 3026 3144 βι
3061 3088 3286 3140 “nemo
3320 3089 3376 3134 ει
3429 3095 3558 3150 Pro“

318 3177 428 3230 οὐδ’
455 3178 736 3247 ἁρμόδιον.
775 3179 883 3233 Kal
915 3181 1246 3250 προσεκτέον
1289 3179 1349 3234 τὸ
1391 3182 1518 3250 περὶ
1565 3182 1785 3237 τούτου.
1831 3185 1898 3238 El

318 3286 403 3330 τις
445 3267 503 3321 δὲ
537 3270 645 3321 τῶν
685 3268 952 3323 διακόνων
983 3271 1322 3341 προσφέρειν
1359 3271 1606 3340 βούλοιτο
1651 3273 1769 3344 Θεῷ
1799 3291 1894 3342 με·

321 3359 474 3428 ρίδας
531 3361 650 3414 κατ’
705 3362 966 3431 ὀφειλὴν,
1028 3363 1116 3415 διὰ
1165 3363 1258 3414 τοῦ
1312 3363 1683 3433 πρεσόυτέρου
1737 3366 1892 3419 τοῦτο

318 3453 585 3520 ποιείτωθ
638 3456 969 3523 κατέχοντος
1039 3455 1137 3524 μὲν
1196 3454 1293 3508 τοῦ
1355 3456 1733 3527 πρεσϐυτέρου
1793 3459 1892 3527 τὴν

323 3546 646 3617 προσφορὰν
675 3549 769 3600 καὶ
801 3547 898 3617 τὴν
943 3548 1168 3617 λόγχην,
1218 3549 1314 3600 καὶ
1346 3549 1405 3600 ὲν
1432 3547 1510 3618 τῷ
1539 3550 1755 3616 ἐξάγειν
1794 3553 1893 3617 τὴν

330 3641 523 3708 μερίδα
559 3640 832 3706 λέγοντος,
871 3660 890 3691 ι
937 3639 1258 3707 Πρόσδεξαι,
1307 3639 1503 3710 Κύριε,
1559 3642 1656 3710 τὴν
1706 3633 1896 3694 θυσίαν

323 3732 530 3801 ταύτην
563 3732 706 3802 ὑπὲρ
739 3733 830 3786 τοῦ
877 3733 1065 3797 δεῖνος,
1099 3733 1266 3801 τιμῆς
1300 3734 1397 3802 μὲν
1433 3733 1528 3786 καὶ
1575 3736 1797 3804 μνήμης
1845 3733 1899 3786 εἴ

321 3841 468 3888 τινος
494 3825 604 3876 τῶν
634 3825 827 3890 ἁγίων,
857 3823 1089 3894 ἱλασμοῦ
1124 3823 1180 3875 δὲ
1215 3825 1308 3876 καὶ
1336 3824 1582 3893 ἁφέσεώς
1614 3842 1759 3888 τινος
1788 3825 1894 3877 τῶν

320 3916 604 3986 ζώντωνῆ
652 3914 994 3969 τεθνεώτων·
1039 3915 1132 3968 τοῦ
1179 3915 1430 3968 διακόνου
1490 3916 1544 3968 δὲ
1595 3917 1653 3970 ἐν
1685 3917 1895 3988 ἑκάστῃ

324 4007 505 4077 μεοίδι
555 4008 823 4069 λέγοντος,
863 4025 879 4057 ι
921 4007 1246 4075 Μνὴσθητι,
1286 4008 1498 4077 Κύριε,
1544 4010 1684 4079 ὑπὲρ
1726 4009 1893 4077 τιμῆς

213 4124 225 4133 ·
321 4100 415 4152 καὶ
451 4100 676 4168 μνήμης
705 4119 722 4150 ι
758 4098 816 4150 οῦ
855 4097 1105 4166 βούλεται
1154 4098 1336 4165 ἁγίου,
1384 4097 1418 4168 ἢ
1467 4099 1604 4167 ὑπὲρ
1650 4099 1894 4166 ἀφέσεως

325 4189 561 4243 ἑκάστου
600 4184 673 4241 ὧν
705 4191 893 4258 χρείαν
929 4188 1042 4258 ἔχει
1067 4204 1081 4220 ⁶
1122 4187 1156 4260 ἢ
1208 4180 1407 4259 μᾶλλον
1452 4187 1480 4240 ὃ
1533 4189 1628 4240 καὶ
1675 4189 1897 4258 ἀκριϐέ-

323 4298 518 4351 στερον
568 4283 766 4350 λέγειν,
804 4299 820 4331 ι
864 4281 1150 4351 Μνὴσθητι
1181 4321 1196 4346 ,
1253 4282 1523 4344 Δέσποτα,
1557 4299 1576 4332 ι
1629 4281 1768 4352 ὑπὲρ
1821 4275 1896 4335 ὧν

1999 3168 2222 3223 ferendo
2251 3179 2458 3237 partem
2488 3169 2745 3226 dicente:
2787 3186 2807 3220 ι
2834 3168 3084 3240 Suscipe,
3121 3171 3364 3236 Domine,
3427 3172 3568 3226 hanc

1997 3247 2231 3318 hostium
2287 3263 2340 3316 in
2407 3262 2534 3317 talis
2562 3264 2791 3332 gratiam
2834 3263 3096 3330 ;bonoris
3123 3263 3341 3335 quidem
3368 3280 3430 3320 ac
3458 3282 3569 3320 me-

1999 3357 2209 3425 morim,
2240 3357 2284 3410 si
2312 3357 2376 3410 de
2398 3346 2632 3426 quodam
2667 3365 2981 3410 sanctorum
3039 3359 3240 3426 agitur,
3301 3361 3569 3429 pmpitia-

1999 3449 2162 3503 tionis
2195 3459 2375 3502 autem
2404 3463 2466 3502 ac
2499 3447 2866 3512 remissionis,
2899 3452 2946 3505 si
2965 3448 3032 3503 de
3052 3449 3289 3521 quodam
3315 3441 3572 3505 vivorum

1996 3543 2077 3595 vel
2108 3551 2443 3596 mortuorum
2476 3559 2490 3608 ;
2516 3541 2747 3598 diacono
2777 3555 2962 3598 autem
2992 3544 3060 3599 ad
3119 3560 3568 3615 unamquamque

1994 3643 2201 3702 partem
2226 3635 2440 3688 dicente
2479 3651 2492 3686 :
2529 3634 2821 3697 Memento,
2883 3637 3128 3701 Domine,
3195 3637 3249 3691 in
3303 3638 3566 3692 honorem

1996 3743 2059 3783 ac
2113 3731 2430 3782 memoriam
2467 3729 2608 3782 illius
2661 3732 2842 3799 (quem
2893 3729 3146 3800 intendit)
3177 3733 3373 3797 sancti,
3399 3737 3478 3788 vel
3512 3737 3568 3788 in

1998 3821 2368 3875 remissionem
2422 3821 2858 3892 uniuscujusque
2919 3838 3110 3877 corum
3169 3826 3368 3894 quibus
3428 3842 3569 3894 opus

1995 3912 2230 3979 est;ch
2259 3911 2403 3981 quod
2482 3912 2678 3977 melius
2746 3921 2798 3968 et
2854 3915 3168 3969 accuratius
3222 3926 3307 3970 est
3365 3919 3566 3982 dicere,

1995 4003 2288 4060 Memento.
2319 4003 2565 4067 Domine,
2592 4021 2754 4072 super
2785 4006 2869 4059 his
2915 4005 2966 4059 in
3003 4021 3140 4074 quos
3175 4014 3256 4061 est
3279 4007 3555 4063 voluntas.

1996 4094 2110 4149 Non
2144 4106 2322 4148 autem
2351 4096 2422 4148 illi
2455 4097 2535 4149 ias
2566 4106 2648 4150 est
2673 4107 2938 4166 pra-senio
2962 4099 3270 4163 sacerdote,
3298 4115 3456 4155 voces
3488 4102 3557 4156 ad

1999 4187 2164 4239 Deum
2200 4186 2470 4240 attollere.
2549 4189 2750 4243 Deinde
2803 4190 2965 4244 datur
3006 4192 3074 4244 ab
3130 4191 3568 4248 art-bisacerdote

1997 4281 2174 4349 primo
2203 4280 2558 4332 diaconorum
2595 4283 2811 4334 occasio
2839 4284 3196 4338 ministerium
3225 4285 3516 4352 incipiendi
3547 4302 3565 4342 :

320 4373 594 4443 βούλεται.
644 4373 778 4426 Οὐδὲ
820 4376 928 4442 γὰρ
974 4374 1126 4435 ἄδεια
1169 4371 1346 4442 τούτῳ
1391 4374 1688 4442 ἀναφέρειν
1758 4373 1894 4444 πρὸς

2003 4387 2105 4426 ηοιι
2137 4372 2282 4426 enim
2309 4371 2516 4440 absque
2575 4376 2694 4442 ipso
2739 4374 2947 4442 aliquid
3002 4376 3116 4428 iieri
3149 4376 3408 4443 possibile
3453 4389 3560 4432 est.

319 4436 451 4516 θεὸν
486 4466 587 4526 τὰς
615 4436 842 4530 φωνὰς,-
861 4436 1132 4535 παρόντος
1161 4463 1255 4516 τοῦ
1291 4436 1670 4535 ἱερέωςίῐείῐτα
1699 4436 1892 4534 καιρὸς

2003 4464 2259 4518 Summus
2287 4465 2542 4518 sacerdos
2565 4461 2609 4517 J.
2631 4479 2726 4518 sus
2756 4465 2857 4518 hoc
2893 4468 2970 4520 ait

319 4555 516 4610 δίδοται
570 4557 669 4626 τῆς
731 4557 1003 4627 ὲνὰρξεως
1051 4559 1152 4626 τῆς
1203 4555 1548 4624 λειτουργίας
1599 4556 1752 4626 παρὰ
1795 4557 1888 4609 τοῦ

319 4651 624 4719 ἀρχιερέως
695 4649 774 4722 τῷ
839 4648 1044 4718 πρώτῳ
1092 4648 1202 4702 τῶν
1266 4647 1552 4702 διακόνων.
1603 4648 1737 4701 Οὐδὲ
1783 4649 1890 4719 γὰρ

317 4745 486 4809 χωρὶς
533 4741 698 4793 αὑτοῦ
751 4757 803 4794 τι
853 4739 1188 4809 πράττεσθαι
1220 4738 1464 4792 δυνατόν.
1510 4739 1621 4793 Kal
1649 4741 1676 4790 ὁ
1715 4739 1889 4808 μέγας

319 4834 615 4904 ἀρχιερεὺς
680 4832 889 4904 Ἰησοῦς
939 4832 1097 4886 τοῦτό
1145 4849 1303 4902 φησι,
1360 4849 1381 4882 t
1432 4829 1611 4900 Χωρὶς
1661 4832 1792 4901 ἐμοῦ
1828 4833 1889 4886 οὐ

313 4925 547 4980 δύνασθε
595 4928 772 4978 ποιεῖν
805 4926 982 4980 οὐδέν.
1036 4943 1054 4976 ι
1103 4924 1165 4978 '0
1216 4924 1316 4994 μὲν
1365 4918 1458 4977 οῦν
1509 4923 1754 4986 διάκονος
1787 4926 1876 4977 τὸν

3028 4479 3042 4518 :
3097 4466 3228 4521 Siue
3286 4482 3371 4522 me
3429 4469 3566 4525 nihil

2001 4557 2233 4627 potestis
2265 4555 2464 4610 facere.
2491 4555 2762 4612 Diaconos
2810 4557 2974 4626 igitur
3026 4559 3369 4614 sacerdotem
3401 4563 3567 4615 bene-

1997 4649 2178 4703 dicere
2211 4648 2443 4703 invitat:
2499 4653 2754 4704 sacerdos
2812 4661 2991 4704 autem
3039 4649 3316 4706 bonedieit
3370 4651 3564 4716 Deum,

1998 4744 2112 4812 ipse
2137 4744 2229 4812 qui
2268 4742 2397 4798 fecit
2426 4745 2752 4798 oblationem
2811 4744 2864 4798 in
2918 4745 3336 4815 prepositioue;
3381 4755 3438 4801 et
3488 4748 3564 4802 ita

1996 4837 2279 4903 sequentia
2331 4836 2488 4898 tlunt,
2530 4835 2670 4889 sicut
2746 4836 2799 4890 in
2849 4837 3294 4908 interpretatione
3336 4839 3568 4910 liturgian

1994 4926 2154 4995 juxta
2185 4926 2325 4980 vires
2347 4927 2619 4996 copiosius
2643 4928 3056 4997 explicavimus.

317 5021 472 5090 ἱερέα
523 5019 767 5086 εὐλογεῖν
815 5018 1208 5088 προσκαλεῖται
1231 5034 1246 5050 ·
1295 5020 1324 5071 ό
1374 5017 1550 5087 ίερεὺς
1583 5017 1638 5069 δὲ
1667 5016 1882 5083 εύλογεί
1921 5019 2011 5072 τὸν
2047 5019 2206 5085 Θεὸν,
2235 5019 2400 5083 αὐτὸς
2441 5021 2471 5072 ὁ
2500 5021 2595 5076 καὶ
2623 5021 2722 5092 τὴν
2788 5025 3164 5096 inponentem
3229 5027 3292 5079 ὲν
3321 5027 3390 5096 τῇ
3434 5041 3569 5096 προ,

314 5113 463 5166 θέσει
501 5116 770 5182 ποιήσαςο
820 5109 916 5164 καὶ
948 5109 1090 5162 οὕτω
1119 5105 1188 5164 ut
1234 5109 1507 5164 ἀκόλουθα
1541 5108 1776 5179 γίνεται,
1845 5109 1922 5176 ὡς
2001 5112 2096 5165 καὶ
2149 5109 2493 5182 πλατύτερον
2540 5114 2602 5166 ὲν
2656 5116 2724 5185 τῇ
2774 5114 3041 5188 ἑρμηνείᾳ
3088 5117 3188 5186 τῆς
3221 5117 3570 5187 λειτουργίας

312 5207 454 5259 κατὰ
488 5207 722 5278 δύναμιν
753 5205 1208 5276 ἡρμηνεύσαμεν.

789 5390 949 5462 109
979 5389 1228 5444 ΚΕΦΑΛ.
1285 5391 1399 5457 cz'.

314 5513 452 5568 Τίνα
488 5508 667 5565 τυποῖ
698 5510 731 5564 ὸ
755 5506 1092 5578 ἀρχιερεὺς,
1132 5505 1228 5559 καὶ
1255 5506 1420 5572 τίνας
1454 5506 1510 5560 οι
1537 5505 1661 5561 σὺν
1691 5504 1880 5572 αὐτῷ.

379 5670 489 5722 Καὶ
520 5664 991 5734 ωνοπτικὼτερον
1013 5655 1114 5714 ὦδε
1141 5661 1397 5731 λέγομεν,
1426 5660 1502 5723 ὡς
1532 5661 1580 5714 oi
1612 5659 1710 5730 μὲν
1731 5658 1880 5713 ἔνδον

2544 5386 2772 5444 CAPUT
2801 5386 3009 5442 XCVII.

1993 5501 2253 5572 Quanam
2292 5501 2564 5571 episcopis
2603 5511 2653 5554 et
2681 5501 2770 5570 qui
2809 5517 2928 5553 cum
2959 5516 3019 5554 eo
3055 5509 3179 5554 sunt
3209 5500 3564 5571 signiﬁcant?

2064 5663 2132 5720 Et
2157 5664 2246 5719 hic
2273 5662 2662 5733 compendiose
2684 5659 2918 5716 dicimus
2952 5669 3162 5716 stantes
3212 5659 3432 5729 quidem
3476 5658 3563 5714 in-

316 5760 404 5814 τοῦ
437 5759 679 5830 βήματος
705 5761 870 5830 ἱερεῖς
893 5761 988 5825 τὰς
1019 5754 1376 5823 ὲπουρανῖους
1407 5752 1633 5825 πρώτας
1657 5751 1878 5822 δηλοῦσι

2003 5766 2072 5811 ira
2103 5753 2476 5812 sanctuarium
2513 5749 2848 5817 sacerdotes.
2912 5749 3122 5821 primos
3179 5749 3428 5806 caelestes
3468 5764 3560 5802 or-
