4114 6272
410 341 510 400 m
1632 345 1725 399 na
1765 345 2005 398 saeua
2035 345 2428 406 munera.

3564 355 3669 420 298

412 485 545 551 ξεως
565 492 582 509 '
619 479 755 548 μετὰ
773 479 829 535 δὲ
854 479 1077 544 τοῦτους
1115 480 1219 550 πρὸ
1248 480 1357 534 τῶν
1408 479 1568 550 ἱερῶν
1607 479 1791 533 πυλῶν
1822 478 1971 534 ἄλλοι

2104 481 2191 535 nis
2253 482 2755 553 liturgicidiacom.
2795 487 2926 547 Post
2991 492 3139 562 ipsos
3171 504 3350 549 autem
3419 495 3508 549 alii
3569 501 3668 564 qui

410 573 754 631 ὑποδιὰκονοί
809 589 891 638 τε,
950 573 1041 626 καὶ
1089 573 1187 626 σὺν
1256 574 1441 635 αὐτοῖς
1495 571 1872 640 ἁναγνώσταις
1933 573 1981 624 οί

410 661 648 733 ὑμνῳδοί
673 678 686 692 ·
724 658 963 732 μεθ’”οὒς
1046 660 1203 714 πάλιν
1235 659 1583 715 κοινωνοῦσιν
1610 662 1658 713 οί
1684 659 1776 713 τοῦ
1811 678 1980 729 μονα-

408 752 564 824 χικοῦ
591 753 873 822 σχήματος
891 793 905 817 ,
935 749 1010 814 ὡς
1041 751 1366 820 προέχοντες
1394 751 1488 805 τοῦ
1524 750 1678 804 λαοῦ.
1704 752 1813 804 Καὶ
1844 753 1980 820 μετὰ

406 845 625 906 τούτους
673 843 814 898 κατὰ
844 843 998 910 τάξιν
1052 837 1209 905 αὖθις
1259 831 1308 896 οί
1339 843 1536 896 λαῑκοί.
1578 843 1712 896 Οὐδὲ
1750 845 1858 912 γὰρ
1891 845 1980 894 καὶ

406 935 549 990 οῦτοι
581 936 782 997 πάντες
814 933 1030 1003 ὲπίσης.
1059 933 1124 985 Οἱ
1152 931 1252 1000 μὲν
1285 931 1395 1001 γὰρ
1418 931 1600 992 καλῶς
1630 931 1898 997 ἵστανται,
1929 934 1978 985 οί

405 1029 461 1083 δὲ
495 1025 879 1098 μετανοοῦντές
910 1025 1068 1077 εἰσιν.
1133 1024 1201 1077 ’Δ
1252 1023 1316 1093 δὴ
1379 1023 1557 1077 πάντα
1603 1023 1834 1076 ἑκάστου
1872 1023 1980 1075 τῶν

408 1119 742 1190 μετεχόντων
771 1115 905 1168 Θεοῦ
947 1103 1046 1186 τήν
1092 1131 1150 1167 τε
1176 1115 1332 1180 τάξιν
1377 1114 1530 1185 δηλοῖ
1563 1117 1658 1169 καὶ
1690 1113 1976 1178 ἀνάϐασιν,

406 1209 574 1263 καὶτὸ
600 1207 854 1278 ἁρμόδιον
884 1206 976 1258 καὶ
1000 1207 1210 1276 πρέπον
1239 1207 1336 1276 τῆς
1372 1207 1674 1269 κοινωνίας.
1721 1205 1780 1260 Ὀ
1802 1208 1980 1259 ἀσπα-

408 1300 541 1371 σμὸς
589 1301 646 1353 δὲ
680 1303 776 1352 σὺν
815 1300 882 1370 τῇ
915 1297 1176 1369 ὁμολογίᾳ
1214 1299 1311 1366 τῆς
1341 1298 1614 1362 πίστεως,
1642 1297 1739 1368 τὴν
1769 1297 1860 1348 ἐπὶ
1909 1298 1977 1368 τῇ

404 1393 665 1464 ὁμολογίᾳ
692 1393 786 1446 τοῦ
808 1391 943 1445 Θεοῦ
981 1389 1300 1461 συμφωνίαν
1327 1391 1422 1443 καὶ.
1448 1390 1546 1460 τὴν
1573 1391 1796 1460 εἰρήνην
1830 1389 1980 1458 δηλοῖ

404 1487 498 1540 καὶ
529 1486 628 1556 τὴν
657 1484 898 1554 ἀγάπην.
954 1482 1108 1535 Μετὰ
1157 1482 1212 1535 δέ
1243 1498 1305 1550 γε
1343 1482 1434 1534 τὸν
1483 1482 1775 1550 ἀσπασμὸν
1807 1481 1840 1550 ἡ
1867 1479 1976 1533 τῶν

407 1575 720 1646 μυστηρίων
791 1575 1071 1644 ἱερουργία
1104 1576 1168 1644 τῇ
1219 1573 1500 1645 ἐπικλήσει
1528 1572 1622 1626 τοῦ
1664 1571 1977 1642 Πνεῦματος

402 1665 636 1734 γίνεται.
672 1666 796 1717 Ὀτι
836 1664 994 1734 μίαὴ
1038 1663 1264 1731 δύναμις
1302 1663 1402 1730 τῆς
1456 1662 1709 1734 Τριάδος,
1757 1661 1974 1717 καὶτοῦ

2084 581 2232 627 stant
2287 584 2414 629 ante
2467 573 2613 632 fores
2673 593 2878 645 sacras,
2929 581 3360 654 subdiaconique
3411 600 3475 639 ac
3533 602 3658 642 cum

2085 663 2220 732 ipsis
2254 665 2548 720 lectoribus
2579 678 2857 723 cantores.
2888 669 3019 727 Post
3046 673 3184 728 istos
3240 675 3380 729 dona
3410 691 3658 731 commu—

2085 753 2271 806 nicant
2301 754 2352 808 lii
2378 757 2471 824 qui
2500 767 2627 810 sunt
2660 762 2951 836 monastici
2988 771 3180 824 status.
3242 776 3494 834 tanquam
3554 783 3649 837 pn-

2083 844 2264 912 pulum
2299 847 2684 914 praecedentes.
2747 851 2809 904 Et
2849 854 3170 921 postistos,
3202 859 3505 911 secundum
3565 875 3654 912 or-

2080 935 2282 1000 dinem,
2316 937 2511 990 iterum
2547 939 2666 994 Iaici
2700 957 2715 1007 ;
2791 957 2893 997 non
2924 945 3067 999 enim
3135 955 3188 1000 et
3220 946 3271 1000 lii
3306 958 3432 1001 sunt
3460 965 3656 1003 omnes.

2079 1027 2398 1096 asqualiter;
2453 1029 2548 1083 alii
2580 1033 2811 1100 namque
2859 1035 3246 1092 honorabiliter
3274 1039 3511 1104 adstant,
3568 1042 3656 1094 alii

2081 1131 2210 1172 vero
2262 1120 2586 1187 pmnitentes
2619 1130 2787 1180 sunt:
2824 1141 2946 1195 quas
2975 1139 3168 1184 cuncta
3223 1132 3655 1202 uniuscujusque

2081 1212 2600 1268 communicantium
2666 1215 2775 1270 Deo
2832 1219 3079 1272 ordinem
3137 1230 3191 1274 et
3242 1225 3651 1285 ascensionem,

2079 1308 2133 1353 et
2182 1302 2632 1369 concinnitatem,
2688 1317 2743 1361 et
2801 1311 3234 1365 convenientiam
3307 1316 3650 1369 communio-

2079 1392 2166 1446 nis
2217 1395 2526 1450 ostendnnt.
2564 1398 2928 1472 ‘Amplexatio
2964 1416 3088 1455 cum
3126 1401 3248 1456 ﬁdei
3289 1404 3639 1460 confessioxie

2079 1485 2430 1540 concordiam
2469 1497 2524 1542 et
2583 1505 2769 1558 pacem
2824 1500 2879 1546 et
2925 1492 3268 1550 dilectionem
3321 1497 3374 1550 in
3428 1496 3646 1552 confes-

2079 1572 2232 1628 sione
2289 1573 2383 1629 Dei
2408 1577 2702 1646 signiﬁcat.
2760 1579 2892 1635 Post
2959 1593 3138 1637 autem
3195 1586 3648 1653 amplexationem

2079 1665 2462 1733 mysteriorum
2499 1672 2745 1738 operatio
2790 1687 2948 1728 sacra
2980 1675 3038 1728 ﬁt
3067 1676 3412 1733 invocatione
3469 1676 3648 1749 Spiri-

404 1757 535 1811 Υἱοῦ
587 1757 982 1826 σαρκωθέντος,
1013 1757 1041 1809 ὁ
1079 1755 1268 1826 Πατὴρ
1293 1754 1528 1809 εὐδοκῶν
1567 1749 1658 1826 ἦν,
1692 1756 1720 1807 6
1747 1754 1874 1817 Υἱὸς
1917 1752 1974 1807 δὲ

2082 1761 2206 1821 lus;
2260 1760 2516 1827 quoniam
2546 1777 2653 1816 una
2711 1775 2794 1818 est
2826 1776 3069 1834 potestas
3097 1769 3402 1830 Trinitatis.
3435 1780 3488 1826 et
3522 1787 3647 1827 cum

402 1817 746 1920 αὐτουργιῦν,
787 1851 883 1902 καὶ
911 1817 976 1903 τὸ
999 1817 1561 1918 Πνεῦμα-’συνεργοῦν
1590 1817 1664 1902 ’τὸ
1686 1847 1973 1916 πανὰγιον.

2079 1844 2250 1900 Filius
2273 1862 2403 1904 caro
2448 1849 2624 1908 factus
2681 1865 2788 1920 est,
2813 1853 2976 1912 Pater
3012 1868 3130 1913 erat
3177 1861 3525 1926 benevolens,
3563 1862 3652 1918 Fi-

399 1941 553 1996 Μετὰ
577 1941 634 1993 δὲ
660 1940 760 2011 τὴν
792 1939 1104 2010 ἱερουργίαν
1138 1941 1174 2006 ή
1200 1939 1341 2010 ὑπὲρ
1380 1939 1638 1994 ἁπάντων
1667 1939 1976 2008 ἀνάμνησις

399 2035 486 2089 διὰ
511 2033 571 2087 τὸ
594 2032 939 2102 σωτηριῶδες
965 2032 1066 2102 τῆς
1114 2031 1321 2093 θυσίας.
1370 2033 1476 2084 Καὶ
1507 2030 1615 2083 τῶν
1654 2030 1826 2098 ἁγίων
1851 2028 1908 2082 δὲ
1939 2031 1973 2096 ἠ

401 2123 755 2194 ἀνακήρυξις,
802 2123 885 2176 δτι
934 2121 1238 2176 συνέπαθον
1278 2121 1448 2191 αὐτῷ,
1475 2123 1572 2174 καὶ
1599 2121 1695 2175 νῦν
1724 2119 1978 2184 συνδοξά-

402 2218 604 2284 ζονται.
650 2215 974 2284 Ἐξαιρέτως
1023 2213 1081 2268 δὲ
1121 2216 1155 2284 ἠ
1208 2216 1309 2284 τῆς
1342 2215 1622 2283 Παναγίας
1679 2213 1774 2268 καὶ
1807 2213 1976 2283 μόνης

402 2310 665 2365 Θεοτόκου
698 2308 1025 2378 ἀνάμνησις,
1053 2308 1136 2362 ὅτι
1173 2307 1268 2361 καὶ
1308 2306 1403 2361 νῦν
1437 2307 1530 2360 καὶ
1559 2305 1682 2359 τότε
1713 2304 1774 2358 τὸ
1798 2305 1974 2358 κοινόν

403 2403 518 2453 ἔστι
542 2399 742 2461 παντὸς
772 2397 980 2466 κόσμου
1042 2397 1310 2468 σωτήριον
1333 2413 1347 2428 ο
1388 2398 1456 2467 ἢν
1488 2395 1582 2450 καὶ
1616 2396 1816 2458 πάντες
1846 2397 1974 2446 alvu-

405 2489 664 2560 μνοῦμεν,
701 2489 825 2541 ἐπεὶ
867 2487 962 2540 καὶ
994 2486 1063 2541 δι’
1092 2486 1268 2556 αὐτῆς
1313 2485 1413 2553 τὴν
1454 2486 1731 2556 σωτηρίαν
1762 2483 1973 2547 ἐλπίζο-

407 2598 523 2652 μεν.
547 2581 702 2635 Μετὶι
730 2580 788 2633 δὲ
820 2578 920 2650 τὴν
955 2579 1179 2649 μνήμην
1227 2578 1485 2632 ἁπάντων
1515 2579 1548 2646 ἡ
1578 2577 1793 2642 αἴτησις
1827 2577 1976 2645 παρὰ

403 2671 494 2726 τοῦ
526 2671 846 2741 ἀρχιερέως·
869 2669 1059 2741 ὥσπερ
1093 2669 1512 2739 ὲπισφράγισμα
1554 2669 1662 2724 τῶν
1706 2669 1976 2736 αἰτήσεων

403 2755 654 2830 ἁπασῶν,
677 2763 818 2817 ὥστε
843 2762 1026 2816 δοῦναι
1059 2762 1117 2815 ὲν
1148 2761 1229 2816 ἐνὶ
1254 2762 1484 2831 στόματι
1514 2763 1608 2815 καὶ
1641 2761 1743 2832 μιᾷ
1777 2761 1974 2831 καρδίᾳ

405 2856 567 2911 αὐτὸν
599 2855 844 2922 δοξάζειν
875 2855 967 2909 τὸν
998 2855 1056 2910 ἐν
1088 2854 1282 2925 Τριὰδι
1307 2853 1460 2919 Θεὸν,
1496 2853 1684 2907 καὶτὰ
1731 2853 1852 2923 ἑλέη
1877 2854 1973 2907 τοῦ

407 2948 780 3020 σαρκωθέντος
833 2948 930 3002 καὶ
969 2947 1222 3010 τυθέντος
1250 2947 1392 3016 ὑπὲρ
1426 2945 1583 3015 ἡμῶν
1617 2945 1714 2999 καὶ
1764 2947 1977 3016 ἱερουρ-

404 3043 664 3118 γηθέντος
684 3044 778 3097 καὶ
806 3041 1172 3112 προκειμένου
1205 3038 1380 3110 Ἰησοῦ
1422 3039 1657 3108 Χριστοῦ
1681 3037 1774 3091 τοῦ
1805 3038 1972 3108 μεγὰ-

2078 1934 2184 1992 lius
2236 1950 2417 1994 autem
2451 1956 2546 2008 per
2579 1957 2638 1999 se
2693 1959 2883 2014 agens.
2907 1956 2960 2002 et
2991 1947 3230 2016 Spiritus
3266 1959 3491 2006 sanctus
3522 1966 3648 2006 coo-

2079 2042 2296 2097 perans.
2325 2029 2452 2086 Post
2479 2047 2692 2088 sacram
2713 2037 3082 2105 operationem
3111 2040 3169 2095 ﬁt
3197 2055 3360 2110 super
3392 2042 3644 2096 omnibus

2078 2119 2342 2175 memoria
2405 2132 2623 2193 prepter
2657 2127 2912 2182 virtutem
2969 2129 3163 2184 hostias
3191 2131 3556 2195 salutiferam,
3592 2140 3650 2185 et

2079 2219 2394 2266 sanctorum
2458 2217 2812 2283 praeconium,
2872 2234 2937 2275 eo
2962 2220 3110 2289 quod
3164 2237 3289 2277 cum
3348 2225 3467 2293 ipso
3499 2225 3644 2292 passi

2077 2308 2228 2366 sunt,
2282 2311 2335 2357 et
2412 2318 2559 2359 nunc
2628 2307 3150 2377 congloriﬁcantur;
3207 2318 3260 2364 et
3319 2311 3651 2366 excellenter

2077 2393 2439 2448 sanctissimae
2506 2395 2786 2466 unicarque
2858 2398 3102 2468 Deiparas
3165 2401 3486 2466 recordatio,
3516 2417 3652 2470 quo-
3740 2401 3744 2403 ’

2079 2483 2222 2536 uiam
2245 2494 2299 2537 et
2321 2499 2462 2539 nunc
2488 2495 2542 2540 et
2571 2495 2700 2542 tunc
2745 2492 3052 2546 communis
3082 2501 3167 2547 est
3206 2494 3352 2548 salus
3406 2494 3648 2549 universi

2078 2573 2286 2639 mundi,
2315 2590 2479 2644 quam
2504 2577 2669 2631 etiam
2691 2594 2881 2634 omnes
2903 2583 3264 2650 celebramus,
3284 2601 3349 2640 co
3375 2587 3518 2656 quod
3553 2603 3650 2656 per

2077 2665 2248 2733 ipsam
2281 2682 2563 2735 speramus
2593 2670 2849 2727 salutem.
2892 2673 3022 2730 Post
3048 2676 3294 2729 omnium
3328 2679 3645 2732 memoriam

2076 2759 2253 2811 oratio
2281 2758 2340 2812 ﬁt
2367 2773 2396 2812 a
2429 2760 2706 2828 pontiﬁce,
2729 2773 2983 2833 tanquam
3038 2759 3297 2821 omnium’
3334 2769 3644 2824 orationum

2075 2850 2335 2918 sigillum,
2385 2861 2442 2906 ut
2499 2857 2579 2909 sic
2635 2855 2796 2910 detur
2849 2856 2903 2910 in
2956 2873 3067 2913 uno
3114 2874 3212 2914 ore
3239 2875 3454 2929 unoque
3482 2861 3645 2916 corde

2078 2943 2254 3013 ipsum
2284 2944 2590 3014 gloriﬁcare
2627 2945 2793 3001 Deum
2825 2949 2878 3001 in
2911 2947 3178 3004 Trinitate
3195 2962 3561 3019 constantem,
3591 2961 3645 3005 ct

2077 3033 2456 3090 miserationes
2488 3037 2610 3106 ejus
2663 3038 2757 3105 qui
2809 3055 2907 3109 pro
2971 3041 3130 3096 nobis
3190 3041 3528 3106 incarnatus,
3586 3053 3655 3107 et_

402 3137 493 3190 λου
523 3135 659 3190 Θεοῦ
687 3121 828 3188 εἷναί
858 3135 1088 3188 πάντοτε
1124 3131 1244 3202 μεθ’
1270 3131 1447 3202 ἡμῶν.
1489 3131 1718 3184 Ἔπειτα
1745 3131 1842 3201 τὴν
1870 3131 1968 3198 τῆς

2077 3124 2404 3192 immolatus,
2436 3135 2489 3181 et
2517 3128 2569 3182 in
2591 3128 2859 3184 sacriﬁcio
2886 3130 3122 3194 oblatus,
3171 3131 3260 3186 Jes
3275 3133 3638 3197 us-Christus,

406 3228 676 3291 υἱοθεσίας
726 3227 886 3298 χάριν
916 3226 975 3278 ἐν
1020 3225 1153 3293 ἡμῖν
1197 3223 1226 3275 ὁ
1284 3222 1550 3293 ἱεράρχης
1581 3220 1971 3291 προσεύχεται,

405 3319 498 3376 καὶ
517 3319 811 3386 ὲξαιτεῖται
831 3313 1234 3394 καταξιωθῆναι
1252 3315 1415 3384 ἡμᾶς,
1439 3313 1594 3383 112
1613 3311 1699 3366 διὰ
1718 3311 1812 3365 τοῦ
1833 3310 1974 3364 κατὰ

406 3415 566 3481 φύσιν
609 3409 743 3464 Υίοῦ
769 3409 869 3480 ήδη
902 3407 1199 3476 τεθυμένον
1222 3407 1330 3468 τοῖς
1381 3403 1701 3474 μυστηρίοις
1719 3401 1815 3455 καὶ
1845 3417 1974 3471 προ-

405 3503 684 3572 κειμένου,
718 3501 904 3554 καλετν
946 3499 1096 3568 ἡμᾶς
1136 3496 1375 3567 Πατέρα,
1411 3497 1536 3556 τοὺς
1558 3494 1718 3564 φύσει
1744 3491 1975 3562 κτίσμα-

406 3596 474 3650 τὰ
501 3611 560 3647 τε
594 3593 689 3647 καὶ
711 3592 952 3657 δούλους,
983 3591 1075 3643 τὸν
1127 3589 1261 3642 Θεὸν
1311 3588 1402 3640 τὸν
1447 3586 1789 3655 ἐπουράνιον.
1820 3583 1974 3638 Μετὰ

409 3684 464 3738 δὲ
506 3684 606 3754 τὴν
643 3680 950 3752 προσευχὴν
979 3679 1073 3734 καὶ
1124 3679 1224 3748 τὴν
1268 3679 1494 3750 είρήνην
1547 3677 1644 3730 καὶ
1671 3678 1774 3746 τὴν
1800 3676 1976 3729 κλίσιν

408 3777 505 3845 τῆς
534 3773 797 3844 κεφαλῆς,
848 3772 886 3827 ἃ.
916 3772 982 3841 δὴ
1017 3770 1113 3842 τὴν
1142 3769 1278 3839 πρὸς
1315 3770 1446 3823 Θεὸν
1490 3767 1732 3822 δουλείαν
1758 3765 1975 3836 δηλοῦσι

409 3869 500 3921 καὶ
527 3867 802 3936 ἒνωσιν,ή
834 3863 927 3917 τοῦ
963 3863 1248 3933 ζωηφόρου
1291 3863 1465 3932 ἄρτου
1505 3861 1710 3930 γίνεται
1744 3859 1972 3929 ὖψωσιτ,

407 3938 577 4030 αὐτὴν
607 3956 857 4010 τυποῦσα
904 3955 1004 4026 τὴν
1032 3953 1176 4022 ὑπὲρ
1198 3953 1356 4022 ἡμῶν
1402 3950 1498 4005 τοῦ
1531 3952 1784 4020 Σωτῆρος
1813 3950 1976 4003 σταύ-

410 4066 575 4120 ρωσιν
597 4065 610 4080 ·
650 4048 748 4101 καὶ
777 4047 838 4101 τὸ
864 4046 1025 4100 αὐτὸν
1049 4044 1144 4097 τὸν
1173 4042 1410 4112 Χριστὸν
1429 4041 1625 4105 ἐλθεῖν,
1660 4036 1974 4099 καὶέαυτοῦ

405 4143 536 4211 ἡμῖν
573 4137 916 4211 μεταδοῦναι,
947 4138 1028 4190 ὅτι
1055 4136 1150 4189 καὶ
1187 4127 1344 4196 οὗτός
1372 4134 1520 4187 ἐστιν
1565 4134 1593 4186 ὁ
1639 4131 1780 4200 ὑπὲρ
1819 4129 1974 4201 ἡμῶν

411 4231 767 4303 σταυρωθεὶς,
789 4229 884 4283 καὶ⁷
906 4227 1070 4282 αὐτὸν
1091 4226 1360 4280 δείκνυσιν
1376 4225 1510 4294 ἡμῖν
1540 4222 1816 4291 μυστικῶς
1836 4221 1976 4292 ὑπὲρ

403 4323 561 4394 ἡμῶν
578 4321 903 4376 πεπονθότα.
951 4321 1042 4374 Διὸ
1089 4319 1186 4374 καὶ
1247 4335 1266 4370 ι
1300 4317 1684 4386 Προσέχωμεν,
1722 4333 1742 4367 ι
1787 4313 1972 4385 ὲκόοᾷ,

404 4415 543 4468 ὥστε
573 4413 776 4483 γνῶναι
813 4411 961 4480 ἡμᾶς
985 4408 1047 4463 τὸ
1097 4407 1416 4479 μυστήριον.
1458 4405 1569 4460 Καὶ
1604 4404 1818 4472 ἐπάγει,
1851 4421 1869 4454 ι
1892 4403 1973 4455 Τὰ

405 4505 573 4574 Ἅγια
599 4505 710 4566 τοῖς
742 4503 951 4571 ἁγίοις*
985 4520 1004 4552 ι
1037 4499 1230 4571 δηλῶν,
1266 4497 1340 4560 ὡς
1372 4500 1399 4550 6
1429 4494 1759 4566 σταυρωθεὶς
1795 4492 1969 4562 ἁγιος,

404 4597 498 4650 καὶ
532 4596 586 4649 οι
629 4593 821 4648 τούτου
860 4593 1078 4663 μέτοχοι
1125 4589 1274 4658 ἅγιοι
1325 4587 1634 4656 ὀφείλουσιν
1661 4579 1824 4648 εἶναι,
1876 4583 1971 4636 καὶ

405 4689 587 4741 πίστει
620 4685 822 4748 πάντες
849 4683 1066 4754 βοῶσιν,
1109 4699 1129 4735 ι
1162 4675 1258 4744 Εἷς
1292 4680 1469 4748 ἁγιος,
1515 4673 1595 4741 εἷς
1623 4674 1825 4746 Κύριος
1867 4674 1972 4744 ’11]-

407 4778 534 4843 σοῦς
565 4776 820 4846 Χριστὸς,
848 4793 868 4827 ι
914 4774 1011 4845 τὴν
1040 4771 1335 4844 ὁμολογίαν
1363 4771 1636 4840 λέγοντες,
1667 4767 1789 4838 ἥτις
1816 4763 1970 4820 ἔσται

403 4872 497 4925 καὶ
522 4873 581 4923 ὲν
628 4869 708 4939 τῷ
740 4867 1012 4940 μέλλοντι,
1035 4867 1110 4924 ὡς
1136 4862 1344 4926 Παῦλός
1381 4878 1534 4932 φησι.
1564 4859 1666 4913 Διὰ
1701 4859 1811 4928 γὰρ
1844 4857 1968 4910 τούς

403 4979 494 5015 του
518 4959 616 5014 τοῦ
660 4956 981 5030 μονογενοῦς
1008 4954 1142 5010 Υἱοῦ
1169 4954 1554 5026 σαρκωθέντος
1594 4953 1688 5006 καὶ
1731 4965 1976 5019 σταυρω-

404 5054 584 5116 θέντος
617 5049 962 5121 ήγιὰσθημέν
1001 5064 1064 5102 τε
1127 5047 1224 5101 xei.
1270 5046 1366 5100 τοῦ
1424 5045 1658 5099 θανάτου
1697 5041 1976 5114 ὶρῤύσθη-

407 5162 525 5214 μεν,
578 5145 674 5197 καὶ
732 5141 834 5222 τῇς
897 5139 1192 5202 ἀθανασίας
1235 5139 1543 5207 ἐτύχομενο
1598 5135 1658 5196 ὃς
1711 5135 1808 5186 καὶ
1852 5131 1976 5185 τότε

404 5234 553 5287 ἔσται
585 5234 718 5302 ἡμῖν
745 5230 950 5300 θεωρία
971 5247 1028 5284 τε
1049 5231 1142 5282 καὶ
1177 5226 1496 5290 ἀπόλαυσις,
1514 5225 1597 5278 ὃτι
1630 5223 1977 5292 ἀπεθάνομεν

404 5326 668 5395 πρότερον
726 5323 844 5392 μὲν,
879 5319 1084 5391 ἱσοθεῖᾳ
1119 5318 1435 5380 κλαπέντες,
1471 5319 1566 5369 κα)⁸
1601 5315 1750 5386 παρὰ
1780 5313 1969 5383 καιρὸν

406 5417 659 5470 ἀθάνατοι
718 5417 814 5468 καὶ
843 5412 956 5466 θεοὶ
981 5411 1234 5481 γενέσθαι
1276 5407 1590 5479 ζητοῦντες,
1622 5408 1928 5475 γεγόναμεν
1950 5421 1964 5436 ·

406 5506 500 5560 νῦν
518 5507 575 5560 δὲ
602 5506 928 5574 ἁνέστημεν,
963 5503 1054 5556 καὶ
1101 5502 1304 5570 ζῶμεν,
1348 5501 1443 5553 καὶ
1471 5497 1607 5551 Θεοῦ
1669 5498 1969 5568 μετέχομεν

403 5598 509 5651 τῶν
542 5597 805 5667 χαρίτων,
834 5595 929 5648 καὶ
960 5594 1071 5648 θεοί
1104 5594 1291 5662 ἐσμεν,
1325 5591 1400 5656 ὡς
1426 5592 1536 5644 τῶν
1573 5593 1636 5659 τῇ
1663 5590 1970 5661 παραϐάσει

404 5690 656 5742 ἐναντίων
711 5687 806 5740 νῦν
859 5686 1188 5754 γεγονότων,
1239 5685 1335 5738 τοῦ
1395 5683 1530 5737 Θεοῦ
1581 5683 1968 5754 σαρκωθέντος

403 5781 492 5832 τοὶ
527 5777 796 5833 ἀθανάτου
824 5776 964 5846 ὑπὲρ
994 5776 1152 5845 ἡμῶν
1172 5814 1187 5839 ,
1215 5776 1308 5829 καὶ
1341 5774 1530 5829 δούλου
1569 5776 1782 5846 μορφὴν
1813 5777 1964 5830 ἐνδυ-

725 5876 991 5936 i’naon.
1049 5871 1165 5931 Gn.
1208 5867 1378 5926 CLV.

2076 3230 2309 3284 magnus
2349 3216 2508 3283 Deus,
2568 3233 2782 3289 semper
2833 3235 2956 3275 esse
3041 3223 3327 3277 nobiscum
3389 3225 3641 3278 intendit.

2076 3304 2270 3361 Postea
2317 3306 2596 3363 ﬁliationis
2647 3309 2880 3380 gratiam
2938 3312 2990 3364 in
3033 3313 3188 3366 nobis
3213 3313 3328 3366 ﬁeri
3383 3323 3641 3381 precatur

2075 3397 2338 3453 sacerdos
2366 3409 2662 3470 exoratque
2684 3416 2780 3456 nos
2817 3401 2933 3455 ﬁeri
2962 3401 3156 3472 dignos
3185 3418 3281 3472 per
3313 3403 3508 3458 Filium
3541 3419 3638 3458 na-

2078 3485 2302 3540 turalem
2333 3485 2444 3555 jam
2488 3487 2827 3543 immolatum
2879 3490 3255 3558 acjacentem,
3312 3501 3370 3548 ut
3398 3509 3496 3548 nos
3551 3510 3656 3571 vo:

2075 3587 2261 3630 cemus
2301 3576 2536 3645 Patrem,
2574 3593 2674 3632 nos
2701 3579 2792 3647 qui
2847 3589 3040 3635 natura
3067 3597 3258 3639 sumus
3285 3594 3554 3639 creatura:
3578 3600 3644 3638 ac

2075 3667 2238 3731 servi,
2275 3667 2440 3722 Deum
2469 3670 2560 3738 qui
2587 3670 2640 3724 in
2661 3674 2815 3727 caelis
2841 3681 2946 3728 est.
2985 3675 3112 3730 Post
3146 3677 3287 3731 hanc
3315 3687 3494 3731 autem
3523 3693 3642 3732 ora-

2076 3757 2277 3812 tionem
2301 3770 2352 3813 et
2370 3773 2554 3828 pacem
2581 3771 2631 3814 et
2651 3763 2844 3831 capitis
2880 3762 3306 3832 inclinationem,
3332 3782 3452 3834 quae
3472 3770 3642 3823 servi-

2078 3857 2242 3902 tutem
2261 3864 2324 3904 ac
2349 3852 2601 3905 unionem
2626 3852 2691 3906 ad
2712 3851 2880 3906 Deum
2901 3854 3231 3924 signiﬁcant,
3253 3857 3448 3910 viviﬁci
3485 3861 3640 3926 panis

2078 3941 2135 3995 ﬁt
2155 3941 2404 4008 elevatio,
2424 3945 2595 4012 ipsam
2615 3943 2855 4012 ﬁgurans
2877 3960 2974 4015 pro
3008 3948 3166 4002 nobis
3189 3949 3488 4004 Salvatoris
3514 3965 3641 4004 cru-

2075 4031 2409 4098 ciﬁxionem,
2461 4049 2672 4089 necnon
2734 4035 2916 4104 ipsum
2969 4036 3248 4092 Christum
3301 4041 3537 4107 venisse,
3578 4057 3642 4097 ac

2075 4124 2425 4192 semet‘psum
2481 4126 2772 4184 tradidisse
2825 4144 2926 4198 pro
2985 4129 3182 4184 nobis:
3241 4131 3358 4199 ipse
3408 4146 3640 4201 namque

2073 4223 2160 4268 est
2207 4214 2301 4283 qui
2346 4229 2446 4283 pro
2502 4217 2655 4271 nobis
2724 4219 3020 4275 cruciﬁxus
3081 4229 3186 4286 est,
3219 4228 3278 4276 et
3329 4222 3505 4292 ipsum
3549 4226 3641 4281 illa

2076 4303 2232 4359 nobis
2277 4305 2512 4360 ostendit
2542 4308 2769 4378 mystice
2818 4323 2918 4377 pro
2973 4309 3129 4366 nobis
3187 4326 3427 4382 passum.
3484 4313 3642 4369 Ideo-

2076 4410 2182 4466 que
2233 4414 2252 4448 ι
2285 4395 2637 4454 Advertamns
2672 4416 2692 4450 ι
2753 4399 2970 4465 clamat,
3023 4413 3082 4456 ut
3137 4419 3237 4458 nos
3292 4406 3642 4463 intendamus

2078 4488 2394 4558 mysterium
2418 4504 2435 4555 ;
2467 4495 2522 4544 et
2551 4489 2739 4545 addit:
2768 4509 2786 4542 ι
2811 4488 3011 4547 Sancta
3041 4495 3244 4550 sanctis
3271 4513 3291 4548 ι
3322 4497 3641 4567 signiﬁcans

2077 4578 2222 4650 quod
2259 4579 2552 4636 cruciﬁxus
2593 4591 2678 4636 est
2713 4591 2936 4638 sanctus
2970 4592 3025 4638 et
3063 4583 3140 4638 illi
3181 4585 3270 4654 qui
3299 4597 3427 4640 sunt
3470 4588 3666 4656 ipsius.

2075 4672 2391 4742 participes,
2431 4672 2632 4728 debent
2657 4687 2781 4728 esse
2811 4675 3028 4741 sancti;
3068 4682 3124 4730 ct
3163 4690 3350 4731 omnes
3390 4675 3495 4732 ﬁde
3523 4679 3641 4733 cla-

2076 4772 2228 4818 mant
2253 4781 2269 4818 :
2297 4781 2318 4817 ι
2352 4764 2502 4820 Unus
2531 4773 2769 4828 sanctus,
2795 4780 2936 4820 unus
2965 4766 3252 4832 Dominus,
3297 4767 3455 4824 Jesus
3480 4768 3642 4824 Chri-

2075 4865 2216 4921 Stus,
2242 4873 2262 4907 ι
2288 4854 2686 4911 confessionem
2717 4856 2980 4926 dicentes,
3003 4873 3145 4928 quas,
3165 4860 3306 4915 sicut
3324 4861 3399 4915 ait
3417 4861 3639 4926 Paulus,

2073 4946 2176 5000 erit
2209 4947 2262 5000 in
2286 4946 2486 5000 sacculo
2522 4946 2708 5001 futuro
2747 4965 2762 5002 :
2799 4963 2896 5018 per
2933 4949 3080 5004 hunc
3114 4952 3258 5006 enim
3298 4953 3637 5023 unigenitum

2073 5035 2270 5090 Filium
2303 5036 2642 5092 incarnatum
2691 5047 2744 5093 et
2795 5041 3114 5096 cruciﬁxum
3167 5043 3487 5099 sanctiﬁcati
3544 5059 3640 5100 su-

2075 5143 2220 5194 mus,
2251 5137 2305 5183 et
2331 5144 2359 5180 a
2391 5135 2564 5182 morte
2589 5143 2781 5186 sumus
2802 5131 3037 5197 liberati,
3066 5133 3638 5204 immortalilatetnque

2074 5221 2452 5282 obtinuimus;
2489 5230 2545 5274 et
2576 5221 2668 5276 ille
2695 5231 2826 5278 tunc
2874 5225 3033 5278 nobis
3062 5225 3166 5278 erit
3216 5225 3456 5296 jucunda
3497 5227 3638 5281 visio

2080 5326 2287 5367 necnon
2312 5309 2521 5364 fruitio.
2555 5309 2690 5365 Nam
2723 5317 2920 5368 mortui
2947 5315 3164 5382 quidem
3197 5315 3418 5379 fuimus,
3455 5331 3638 5386 aequa-
3691 5322 3694 5325 ’

2077 5403 2283 5456 litatem
2320 5417 2442 5456 cum
2487 5402 2598 5456 Deo
2635 5403 3024 5473 subripientes,
3060 5415 3118 5460 et
3149 5417 3345 5474 praeter
3375 5417 3636 5476 opportu-

2078 5498 2302 5551 nitatem
2358 5496 2694 5552 immortales
2746 5507 2800 5551 et
2852 5499 2926 5554 dii
2978 5499 3092 5553 ﬁeri
3131 5509 3476 5569 quaerentes;
3529 5501 3641 5555 nati

2078 5601 2206 5642 vero
2239 5601 2430 5642 sumus
2476 5601 2643 5654 nunc,
2674 5594 2838 5656 atque
2886 5589 3227 5644 surreximus
3277 5604 3342 5644 ac
3391 5589 3640 5654 vivimus,

2075 5688 2129 5734 et
2167 5679 2257 5732 Dei
2289 5679 2581 5748 gratiarum
2615 5694 2806 5734 sumus
2848 5680 3159 5751 participes,
3190 5689 3446 5749 tanquam
3497 5698 3641 5738 con-

2080 5772 2264 5830 trariis
2300 5772 2688 5840 trangressioni
2720 5790 2866 5830 nunc
2903 5774 3079 5840 factis,
3105 5790 3226 5829 cum
3258 5774 3398 5830 Deus
3423 5776 3644 5831 immor-

3200 5863 3267 5925 10
