4090 6258
446 312 554 373 ΞΩΒ

1261 304 1343 364 SY
1355 303 1403 363 Μ
1419 298 1651 362 EONIS
1689 288 2442 357 THESSALONICE‘NSIS
2497 286 2846 348 ARCHIEP.
3592 271 3697 332 $00

445 427 570 480 talis
600 438 697 494 pro
721 421 875 476 nobis
928 429 1008 476 est
1064 433 1191 473 caro
1247 420 1442 483 lactus,
1480 415 1730 485 servique
1778 409 2047 467 formam.

2153 408 2378 478 αμένου,
2421 406 2515 459 καί⁵
2543 403 2761 474 θνητοῦ,
2799 400 2897 456 καὶ
2951 397 3092 450 κατὰ
3121 392 3189 448 τὰ
3226 390 3511 494 κτίσματα
3535 402 3699 494 γεχο·

442 523 498 570 et
521 514 769 570 mortalis
801 513 1044 577 indutus,
1065 521 1118 566 et
1153 509 1452 566 secundum
1473 515 1753 562 creaturas
1784 502 2011 557 eﬂ‘cctus

443 617 605 674 atque
637 619 759 659 vere
793 607 955 658 homo
1008 604 1437 664 demonstratns,
1492 607 1546 653 et
1576 613 1673 668 pro
1707 595 1862 650 nobis
1911 593 2013 647 im-

444 697 694 749 molatus.
727 694 878 750 Unde
911 693 1141 748 stultitia
1176 692 1396 762 quidem
1442 697 1563 745 erat
1605 695 1851 742 nostrum
1894 692 2014 737 ten-

447 798 646 851 tamen,
685 803 794 856 quo
851 787 1166 841 volebamus
1216 784 1331 839 ﬁeri
1387 783 1521 838 deos
1576 786 1630 834 et
1687 773 2014 846 transgredi,

447 880 710 950 siquidem
771 877 1105 946 impossibile
1130 885 1215 930 est
1249 891 1349 929 nos
1379 873 1469 946 qui
1497 862 1763 937 creatura:
1802 881 2018 934 sumus,

447 970 582 1024 deos
651 967 1148 1023 ﬁcri.0Economia
1206 980 1333 1022 vero
1376 963 1471 1018 Dei
1512 960 1697 1026 Verbi,
1760 969 2018 1028 tanquam

447 1061 618 1115 solius
659 1060 1073 1132 omnipotentis,
1110 1073 1236 1114 vera
1264 1057 1364 1110 fuit
1407 1063 1462 1110 et
1491 1055 1662 1119 bona,
1689 1061 2018 1123 propterque

449 1161 692 1205 nostram
726 1153 978 1205 salutem.
1017 1147 1170 1204 Unde
1194 1148 1352 1202 nobis
1389 1160 1600 1202 summe
1663 1145 1879 1198 unitum
1912 1151 2018 1208 est,

449 1243 591 1311 quod
628 1257 793 1310 snpra
833 1258 932 1294 nos
971 1249 1112 1306 crat,
1140 1249 1195 1294 et
1221 1253 1385 1294 carne
1418 1252 1515 1307 pro
1548 1235 1708 1290 nobis
1749 1242 2021 1287 mortuum

452 1345 558 1400 est,
587 1335 732 1404 quod
767 1343 884 1388 erat
931 1349 1203 1388 summum
1237 1333 1499 1388 bonitatis
1536 1347 1552 1397 ;
1590 1338 1644 1385 et
1701 1326 2026 1383 immortali-

455 1434 620 1480 tatem
653 1441 716 1479 ac
747 1426 973 1480 Deitatis
1013 1425 1238 1496 gloriam
1271 1440 1366 1494 per
1401 1439 1554 1478 suam
1598 1433 1828 1475 mortem
1867 1419 2026 1473 nobis

453 1517 727 1585 praestitit.
791 1517 1062 1572 Videtisne
1101 1529 1364 1585 quantum
1423 1513 1786 1584 mysterium?
1819 1511 2022 1565 Deinde

456 1608 516 1663 lit
548 1609 690 1663 sacri
717 1608 906 1663 fractio
940 1609 1132 1677 panis:
1163 1617 1383 1679 propter
1413 1622 1514 1661 nos
1546 1606 1693 1659 enim
1729 1605 1788 1657 lit
1827 1602 2024 1658 fractio

455 1701 575 1770 ejus
608 1700 702 1770 qui
729 1700 999 1769 infragilis
1024 1709 1129 1765 est,
1182 1707 1242 1752 ut
1271 1713 1464 1752 omnes
1494 1697 1668 1766 ipsius
1703 1695 1877 1750 simus
1906 1708 2030 1762 par-

2120 501 2294 566 νότος,
2317 499 2411 552 καὶ
2442 496 2660 566 ἀληθῶς
2694 491 2989 563 ἀνθρώπου
3031 483 3395 552 δεδειγμένου,
3426 480 3522 532 καὶ
3545 479 3699 531 τεθυ-

2124 592 2285 662 μένου
2337 589 2480 658 ὑπὲρ
2519 585 2698 657 ἡμῶν.
2754 585 2919 638 Ὅθεν
2983 577 3266 650 ἀφροσύνη
3303 576 3399 645 μὲν
3439 573 3473 641 ὴ
3542 567 3699 640 ἡμῶν

2122 684 2461 753 ἐγχείρηστς,
2502 681 2568 733 τὸ
2595 678 2922 749 βουληθῆναι
2959 672 3220 742 γενέσθαι
3257 669 3416 728 θεοὺς
3447 663 3547 717 καὶ
3592 679 3700 712 πα-

2127 779 2394 850 ραϐῆναν
2435 775 2517 828 δτι
2565 775 2660 827 καὶ
2713 770 2978 825 ἀδύνατον
3032 763 3286 836 γενέσθαι
3353 759 3508 821 θεοὺς
3552 755 3700 850 ἡμᾶς

2125 848 2403 938 σιτίσματα
2455 866 2636 928 ὄντας.
2683 863 2746 916 Ἦ
2786 857 3071 928 οἰκονομία
3106 857 3161 910 δὲ
3210 853 3304 907 τοῦ
3337 849 3472 905 Θεοῦ
3507 848 3699 938 Λόγου,

2126 962 2200 1023 ὡς
2236 937 2646 1024 παντοδυνάμου
2686 954 2875 1024 μόνου,
2911 951 3116 1020 ἀληθής
3155 964 3215 1001 τε
3249 945 3344 999 καὶ
3381 939 3581 1011 ἀγαθὴ,
3608 937 3703 990 καὶ

2128 1049 2267 1116 ὑπὲρ
2300 1047 2397 1115 τῆς
2427 1046 2583 1117 ἡμῶν
2622 1041 2916 1111 σωτηρίας.
2974 1038 3137 1093 Ὅθεν
3168 1035 3264 1090 καὶ
3288 1031 3473 1103 ήνὼθη
3512 1029 3700 1094 ἄκρως

2128 1141 2278 1210 ἡμῖν,
2311 1139 2447 1206 ὅπερ
2497 1137 2638 1204 ὑπὲρ
2692 1134 2842 1205 ἡμᾶς
2880 1129 2980 1200 ἦν’
3027 1130 3122 1182 καὶ
3181 1125 3418 1190 ἀπέθανε
3446 1120 3512 1174 δι’
3553 1118 3702 1210 ἡμας

2131 1207 2316 1296 σαρκὶ,
2356 1227 2490 1296 ὅπερ
2521 1221 2592 1296 ἦν
2643 1225 2703 1276 τὸ
2729 1223 2898 1296 ἄκρον
2945 1221 3044 1290 τῆς
3077 1216 3416 1286 ἀγαθότητος
3435 1229 3448 1242 ·
3479 1212 3575 1263 καὶ
3606 1207 3703 1277 τὴν

2133 1316 2432 1374 ἀθανασίαν
2463 1315 2557 1366 καὶ
2586 1313 2686 1384 τὴν
2713 1313 2810 1381 τῆς
2837 1311 3100 1380 Θεότητος
3125 1307 3281 1372 δόξαν
3306 1305 3396 1358 διὰ
3416 1301 3510 1354 τοῦ
3545 1298 3704 1353 θανά-

2131 1427 2225 1462 του
2257 1407 2422 1461 αὑτοῦ
2464 1409 2595 1477 ἡμῖν
2656 1406 3012 1476 ἐχορήγησεν.
3053 1402 3252 1470 Ὁρᾶτε
3307 1397 3368 1450 τὸ
3404 1393 3701 1464 μυστήριον

2134 1503 2295 1568 ὃσον;
2351 1495 2537 1554 Εἷταὸ
2596 1497 2860 1569 μελισμὸς
2902 1494 2999 1548 τοῦ
3058 1491 3208 1562 ἱεροῦ
3269 1491 3436 1559 ἄρτου
3472 1485 3702 1552 γίνεται.

2151 1593 2320 1662 ’Υπὲρ
2354 1590 2509 1661 ἡμῶν
2526 1590 2634 1660 γὰρ
2660 1589 2945 1660 μερίζεται
2971 1587 3000 1640 6
3031 1584 3347 1653 ἀμέριστος,
3381 1579 3467 1632 ἵνα
3507 1576 3708 1636 πάντες

2138 1683 2301 1737 αὐτοῦ
2335 1683 2652 1752 μετέχωμεν
2676 1697 2688 1711 ·
2730 1680 2825 1733 καὶ
2843 1675 3145 1745 ἀδιαίρετος
3173 1671 3269 1734 ὢν,
3296 1669 3363 1722 δι’
3393 1666 3540 1738 ἡμᾶς
3570 1663 3707 1752 διαι-

462 1750 653 1860 tieipes
681 1806 698 1857 ;
725 1801 778 1845 et
807 1791 912 1858 qui.
931 1789 1278 1844 indivisibilis
1300 1797 1405 1854 est,
1439 1801 1534 1856 pro
1559 1785 1719 1840 nobis
1741 1783 2029 1850 dividitur,

2151 1750 2348 1834 psit-at,
2363 1750 2500 1826 ἑνῶν
2526 1750 2669 1842 ἡμᾶς
2697 1768 2896 1838 ἑαυτῷ,
2941 1768 3038 1820 καὶ
3065 1765 3124 1816 ἓν
3154 1761 3349 1824 ποιῶν,
3377 1756 3568 1822 ὥσπερ
3598 1750 3700 1818 ηὕ-

463 1881 566 1937 sibi
599 1897 706 1950 nos.
732 1883 944 1947 unicus,
974 1891 1048 1946 et,
1075 1882 1215 1936 sicut
1267 1889 1539 1943 oraverat,
1583 1893 1752 1933 unum
1809 1877 2033 1932 iaciens.

469 1976 565 2030 Est
587 1984 766 2030 autem
805 1975 990 2030 calicis
1021 1973 1279 2028 adunatio
1329 1971 1497 2026 divini
1529 1970 1687 2040 panis
1721 1969 1774 2024 in
1811 1967 2035 2022 calicem

471 2065 826 2131 introductio,
851 2064 1108 2134 quoniam
1146 2078 1286 2118 unus
1330 2070 1416 2117 est
1469 2060 1748 2126 Christus,
1806 2059 1934 2114 licet
1983 2059 2038 2112 in

472 2157 640 2212 calice
669 2173 916 2226 paneque
963 2157 1232 2222 videatur,
1287 2163 1340 2209 et
1377 2156 1516 2208 idem
1571 2153 1644 2207 sit
1700 2165 1799 2221 per
1843 2164 2039 2220 panem

472 2251 640 2305 robur
664 2259 719 2305 et
754 2265 848 2318 per
880 2249 1104 2304 calicem
1124 2247 1336 2303 laetitia.
1371 2245 1482 2300 Pax
1510 2245 1676 2300 etiam
1709 2252 1795 2298 est
1825 2254 2038 2297 nostra.

471 2341 664 2397 Postea
703 2343 760 2395 ﬁt
799 2342 1132 2407 communio,
1169 2340 1296 2408 quia
1345 2338 1430 2393 hic
1477 2345 1562 2392 est
1617 2335 1858 2391 omnium
1893 2334 2040 2397 linis,

474 2433 566 2488 Dei
619 2433 1064 2497 communicatio,
1117 2432 1262 2502 quod
1307 2439 1392 2485 est
1439 2442 1655 2484 summe
1715 2427 1916 2482 bonum
1978 2441 2044 2481 ac

369 2585 372 2588 ,
472 2524 854 2580 desiderabile.
889 2522 1203 2578 Secundum
1227 2521 1476 2577 ordinem
1497 2534 1628 2575 vero
1652 2517 1714 2573 ﬁt
1748 2518 1875 2584 ista,
1901 2521 2045 2596 sicut

473 2615 674 2669 dictum
706 2627 809 2678 est,
845 2623 1064 2685 propter
1095 2613 1293 2667 bonam
1326 2610 1733 2665 ordinationem
1767 2625 1832 2664 ac
1881 2609 2045 2679 justi-

415 2763 418 2767 ,
475 2707 631 2770 tiam,
653 2706 792 2761 etab
823 2707 1123 2760 humilitate
1147 2706 1386 2776 genitam
1415 2704 1669 2772 pietatem
1703 2719 1721 2766 ;
1747 2703 2049 2772 unusquis-

474 2814 580 2866 que
605 2800 749 2852 enim
787 2798 842 2850 in
867 2811 969 2851 suo
986 2796 1200 2864 ordine,
1219 2800 1480 2864 mysteria
1509 2793 1821 2862 participat.
1852 2791 2046 2848 Justus

475 2883 624 2937 enim
657 2897 720 2937 ac
754 2889 935 2937 ret-tus
970 2882 1182 2936 cutnsit
1208 2881 1489 2947 Dominus,
1515 2883 1568 2935 in
1598 2881 1809 2950 justitia
1845 2889 2049 2935 semet-

2142 1871 2286 1937 ξατο.
2339 1871 2402 1922 Ἦ
2427 1868 2518 1922 τοῦ
2555 1866 2818 1937 ποτηρίου
2854 1865 2910 1919 δὲ
2934 1863 3152 1927 ἓνωσις,
3199 1858 3262 1911 τὸ
3293 1852 3608 1922 εἰσαγαγεῖν
3645 1850 3706 1900 ὲν

2138 1966 2215 2034 τῷ
2244 1964 2486 2034 ποτηρίῳ
2512 1963 2602 2015 τδν
2631 1962 2771 2015 θεῖον
2795 1958 2979 2028 ἄρτον,
3006 1958 3088 2010 ὅτι
3112 1949 3192 2016 εἷς
3225 1953 3375 2004 ἐστιν
3397 1951 3424 2002 6
3450 1941 3706 2034 Χριστος,

2141 2033 2195 2109 εί
2225 2057 2318 2108 καὶ
2345 2033 2401 2106 ὲν
2427 2053 2668 2123 ποτηρίῳ
2695 2053 2790 2106 καὶ
2813 2051 2964 2120 ἄρτῳ
3005 2045 3304 2115 καθορᾶται
3322 2043 3468 2094 "Rat
3491 2038 3518 2088 6
3547 2033 3712 2123 αὐτὸς

2145 2147 2446 2218 στηριγμός
2479 2161 2538 2199 τε
2557 2121 2652 2197 διὰ
2684 2143 2776 2198 τοῦ
2807 2142 2996 2213 ἄρτου.
3020 2139 3116 2192 καὶ
3155 2130 3468 2204 εὐφροσύνη
3497 2129 3585 2192 δια
3615 2121 3710 2179 τοῦ

2144 2239 2403 2309 ποτηρίου
2425 2254 2440 2269 ·
2471 2238 2565 2291 καὶ
2593 2236 2784 2306 εἰρήνη
2816 2233 2972 2304 ἡμῶν
3003 2235 3134 2283 ἔστι.
3161 2226 3316 2282 Μετὰ
3347 2224 3505 2278 τοῦτο
3534 2223 3568 2291 ἡ
3597 2236 3713 2272 κοι-

2144 2334 2330 2399 νωνία,
2363 2335 2444 2387 ὅτι
2472 2331 2630 2384 τοῦτο
2685 2329 2838 2390 τέλος
2885 2325 3164 2384 ἁπάντων,
3199 2322 3231 2390 ἡ
3264 2317 3400 2372 Θεοῦ
3433 2313 3708 2376 κοινωνία,

2147 2422 2333 2478 καὶτὸ
2361 2422 2545 2490 ἄκρως
2575 2420 2733 2474 τοῦτο
2787 2417 2992 2487 ἀγαθόν
3047 2429 3106 2469 τε
3148 2415 3243 2468 καὶ
3289 2411 3503 2479 ἐφετὸν.
3556 2406 3714 2460 Κατὰ.

2145 2518 2297 2582 τάξιν
2343 2515 2400 2570 δὲ
2429 2517 2523 2568 καὶ
2572 2513 2736 2584 αὕτη,
2785 2513 2862 2574 ὡς
2911 2509 3346 2580 προειρήκαμεν,
3380 2505 3590 2572 γίνεται
3623 2499 3711 2554 διὰ

2146 2611 2246 2678 τὴν
2275 2607 2528 2673 εὐταξίαν
2559 2622 2618 2658 τε
2665 2605 2760 2658 καὶ
2809 2601 3179 2669 δικαιοσύνην,
3218 2598 3317 2651 καὶ
3343 2595 3441 2666 τὴν
3475 2591 3714 2662 ἁπδητῆς

2146 2698 2650 2768 ταπεινοφροσύνης
2694 2695 2996 2750 εὐλάϐειαν.
3036 2694 3308 2752 ’Ἕκαστος
3363 2688 3472 2756 γὰρ
3527 2687 3586 2739 ὲν
3633 2683 3712 2754 τῷ
3792 2736 3795 2739 .

2145 2793 2333 2862 οἰκείῳ
2355 2792 2595 2860 τάγματι
2614 2788 2828 2858 μετέχει
2853 2787 2962 2840 τῶν
3001 2783 3331 2855 μυστηρίων.
3369 2781 3583 2840 Δίκαιος
3607 2776 3718 2845 γὰρ

2151 2883 2227 2935 ὣν
2260 2883 2352 2936 καὶ
2386 2880 2547 2943 εὐθὺς
2583 2881 2634 2932 ὁ.
2665 2880 2888 2949 Κύριος,
2918 2879 2978 2932 ἐν
3006 2875 3318 2945 δικαιοσύνῃ
3363 2870 3554 2925 ἑαυτὸν
3585 2871 3718 2940 ἡμῖν

479 2977 656 3046 ipsum
685 2974 840 3030 nobis
869 2974 1123 3029 omnibus
1148 2974 1370 3042 prabet.
1411 2972 1566 3029 Unde
1622 2971 1837 3042 quidem
1896 2973 2047 3028 solus

2151 2979 2263 3039 τοῖς
2293 2977 2426 3029 πᾶσι
2450 2973 2695 3043 παρέχει.
2726 2971 2888 3026 Ὅθεν
2917 2970 3013 3023 καὶ
3039 2970 3257 3038 ἀμέσως
3285 2965 3380 3035 μὲν
3398 2962 3589 3016 τούτου
3620 2961 3718 3014 καί

478 3081 541 3122 ac
567 3068 773 3138 primus
799 3067 945 3120 hunc
978 3065 1289 3120 immediate
1314 3065 1604 3135 participat
1636 3065 1900 3135 pontifex,
1934 3067 2047 3121 sic-

2158 3068 2314 3134 μόνος
2347 3065 2440 3118 καὶ
2467 3065 2684 3132 πρῶτος
2718 3063 2961 3115 κοινωνεῖ
2990 3064 3019 3111 6
3051 3060 3371 3130 ἀρχιερεύς·
3421 3056 3495 3117 ὡς
3523 3054 3618 3107 καὶ
3654 3055 3717 3106 ὲν

478 3167 538 3215 ut
599 3160 652 3214 in
702 3159 1039 3228 arcbangelis
1098 3156 1254 3226 primi
1305 3157 1541 3226 primum
1611 3157 1959 3227 participant,
1996 3167 2047 3212 et

2152 3156 2262 3215 τοῖς
2291 3152 2649 3222 ἀρχαγγέλοις
2695 3152 2744 3203 οἱ
2777 3152 2984 3219 πρῶτοι
3022 3149 3238 3218 πρῶτον
3281 3147 3590 3216 μετέχουσι,
3625 3145 3720 3198 καὶ

480 3266 576 3322 per
606 3253 754 3320 ipsos
809 3252 998 3315 medii,
1036 3258 1089 3302 et
1123 3258 1246 3317 post
1305 3250 1458 3317 ipsos
1505 3249 1707 3313 caeteri,
1764 3249 1909 3303 sicut
1979 3249 2047 3304 ait

2151 3245 2218 3299 δι’
2251 3244 2433 3298 αὐτῶν
2461 3245 2512 3296 oi
2547 3244 2726 3314 μέσοι,
2766 3243 2863 3296 καὶ
2901 3242 3020 3311 μετ’
3063 3240 3304 3303 ἐκείνους
3337 3241 3385 3292 οί
3417 3236 3612 3296 λοιποὶ,
3643 3236 3721 3297 ὥς

483 3343 794 3414 Dionysius.
827 3341 982 3397 [inde
1009 3341 1176 3394 etiam
1231 3356 1325 3410 per
1381 3357 1655 3396 summum
1711 3343 2047 3397 sacerdotem

2154 3354 2284 3406 φησι
2314 3337 2609 3400 Διονύσιος.
2655 3334 2820 3388 Ὅθεν
2863 3335 2958 3389 καὶ
2990 3333 3058 3387 δι’
3091 3334 3394 3403 ἀρχιερέως
3433 3328 3720 3383 ἐπίσκοποί

481 3434 718 3504 episcOpi
750 3441 804 3486 et
831 3432 1153 3501 presbyteri,
1181 3442 1236 3486 et
1267 3446 1362 3501 per
1393 3433 1706 3488 sacerdotes
1733 3433 2054 3503 reliqniom-

488 3542 586 3582 nes
674 3527 988 3584 sacerdotes
1047 3531 1102 3576 et
1153 3522 1390 3580 diaconi.
1456 3522 1660 3579 Ultimo
1709 3539 1838 3579 vero
1886 3526 2059 3581 sacris

484 3618 651 3674 divini
688 3618 844 3688 panis
877 3616 1129 3686 reliquiis.
1163 3617 1216 3671 in
1253 3617 1477 3673 calicem
1509 3619 1838 3675 intromissis
1865 3631 2054 3676 osten-

483 3711 635 3766 ditur
676 3710 931 3766 omnibus
981 3711 1142 3776 istud,
1199 3712 1346 3779 quod
1405 3721 1491 3766 est
1541 3710 1815 3776 Christus,
1878 3712 2055 3780 ipsum

484 3800 659 3872 ipsius
688 3815 818 3856 vere
846 3815 1047 3871 corpus
1101 3809 1158 3856 et
1209 3799 1458 3871 sanguis,
1511 3815 1633 3870 quae
1677 3811 1898 3871 propter
1954 3816 2057 3857 nos

486 3908 648 3950 suum
675 3895 937 3963 populum
974 3894 1328 3962 peculiarem,
1392 3894 1651 3958 sacravit,
1707 3905 1764 3947 et
1810 3894 2054 3960 gustari,

488 3989 680 4054 videri,
707 3989 965 4059 tangique
988 3989 1193 4057 praebet
1217 4001 1282 4039 ac
1299 3985 1596 4042 desiderat.
1627 3985 1842 4041 Idcirco
1883 4000 2056 4056 popu-

490 4081 574 4137 lus
603 4091 826 4136 sanctus
862 4095 928 4135 ex
987 4081 1168 4135 anima
1195 4081 1340 4134 videt
1383 4079 1532 4134 illum
1568 4087 1623 4134 et
1679 4079 1891 4146 adorat,
1920 4088 1974 4134 et
1993 4079 2062 4135 ab

489 4173 608 4244 ipso
635 4172 892 4229 salutaria
925 4173 1078 4240 petit,
1115 4169 1244 4224 dum
1295 4170 1560 4226 diaconus
1585 4171 1804 4238 quidem
1863 4171 2064 4226 clamat

492 4263 944 4333 progrediendum
995 4276 1118 4318 esse
1174 4277 1296 4317 cum
1352 4271 1499 4317 Inetu
1561 4260 1657 4316 Dei
1716 4275 1780 4315 ac
1833 4260 1962 4325 ﬁde,
1994 4275 2064 4315 ne

493 4354 634 4410 forte
671 4355 890 4425 quidam
921 4353 1248 4421 participare
1294 4353 1676 4421 procedentes,
1702 4351 1757 4404 in
1786 4349 2058 4420 judicium

2151 3446 2212 3482 τε
2245 3431 2340 3482 καὶ
2370 3430 2556 3499 ίερεῖς,
2589 3428 2684 3482 καὶ
2709 3427 2796 3480 διὰ
2850 3425 2959 3478 τῶν
3003 3426 3194 3496 ἱερέων
3228 3427 3277 3478 oi
3309 3424 3487 3476 λοιποὶ
3518 3423 3720 3484 πάντες

2156 3521 2320 3589 ίερεῖς
2359 3522 2454 3573 καὶ
2488 3521 2746 3573 διάκονοι.
2780 3518 3050 3588 ’Ὕστερον
3090 3516 3136 3570 δ’
3159 3515 3316 3579 αὖθις
3343 3513 3723 3585 είσκομισθέν-

2153 3629 2264 3665 των
2295 3610 2403 3663 τῶν
2430 3611 2592 3681 ίερῶν
2623 3609 2896 3680 λειψάνων
2927 3610 3022 3665 τοῦ
3066 3611 3211 3664 θείου
3255 3610 3424 3680 ἄρτου
3463 3611 3522 3662 ὲν
3544 3607 3622 3678 τῷ
3654 3609 3724 3660 ίε-

2161 3702 2238 3772 ρῷ
2282 3703 2552 3772 ποτηρίῳ,
2581 3701 2853 3755 δείκνυται
2893 3701 3055 3755 τοῦτο
3120 3702 3305 3765 πᾶσιν,
3351 3701 3488 3770 ὅπερ
3525 3701 3672 3755 ἐστὶν
3698 3702 3727 3754 6

2159 3793 2413 3863 Χριστὸς,
2446 3793 2580 3847 αὐτὸ
2605 3792 2773 3847 αὑτοῦ
2811 3793 3028 3862 ἀληθῶς
3072 3793 3134 3847 τὸ
3172 3793 3333 3864 σῶμα
3375 3795 3472 3848 καὶ
3500 3790 3663 3862 αἷμα,
3692 3791 3730 3847 ἃ

2158 3884 2248 3938 διὰ
2279 3883 2369 3936 τὸν
2387 3884 2517 3937 λαὸν
2549 3885 2715 3937 αὑτοῦ
2739 3884 2832 3937 τὸν
2863 3883 3171 3954 περιούσιον
3195 3885 3344 3954 ἡμᾶς
3381 3884 3723 3956 ἱερούργησε,

2159 3975 2257 4028 καὶ
2286 3974 2543 4042 γεύεσθαι
2589 3976 2681 4033 καὶ
2709 3975 2929 4045 βλέπειν
2959 3977 3052 4030 καὶ
3082 3975 3352 4029 ἅπτεσθαι
3389 3977 3620 4046 παρέχει
3670 3991 3729 4028 τε

2162 4064 2262 4118 καὶ
2293 4065 2525 4133 ἐφίεται.
2559 4067 2651 4118 Διὸ
2675 4067 2772 4120 καὶ
2803 4068 2834 4119 6
2857 4066 3002 4136 ἱερὸς
3029 4065 3158 4130 λαός
3188 4068 3252 4119 ὲκ
3280 4065 3456 4136 ψυχῆς
3483 4068 3584 4138 δρᾷ
3612 4066 3733 4120 τοῦ·

2161 4175 2274 4222 τον,
2304 4157 2397 4211 καὶ
2431 4161 2748 4227 προσκυνεῖ,
2776 4161 2872 4213 καὶ
2899 4159 2968 4214 τὰ
2993 4161 3131 4230 πρὸς
3155 4161 3432 4231 σωτηρίαν
3459 4163 3694 4216 αίτεῖται
3712 4177 3729 4193 ·

2163 4250 2253 4303 τοῦ
2279 4251 2527 4305 διακόνου
2561 4251 2660 4322 μὲν
2688 4251 2917 4322 βοῶντος
2936 4253 2999 4308 τὸ
3037 4254 3353 4324 προσελθεῖν
3390 4255 3530 4324 μετὰ
3555 4253 3725 4323 φόόου

2165 4343 2299 4396 Θεοῦ
2333 4344 2427 4398 καὶ
2479 4343 2737 4408 πίστεως,
2780 4345 2868 4398 ἵνα
2905 4349 3199 4416 μετασχεῖν
3229 4363 3379 4412 τινες
3410 4347 3733 4416 προσελθόν-

492 4447 596 4502 sibl
628 4445 960 4515 participem
995 4460 1011 4512 ;
1043 4458 1292 4499 summus
1343 4456 1474 4497 vero
1535 4440 1793 4496 sacerdos
1842 4455 2047 4510 progre‘

2170 4451 2282 4498 τες,
2315 4435 2391 4505 μὴ
2422 4438 2501 4497 είς
2554 4435 2729 4505 κρίμα
2774 4438 3115 4506 μετάσχωσιν
3144 4440 3358 4503 ἑαυτοῖς
3377 4455 3392 4470 ·
3421 4440 3514 4493 τοῦ
3543 4441 3732 4510 ἀρχιε-

494 4537 766 4594 dientibus
790 4537 884 4592 dat
912 4551 1006 4606 per
1032 4550 1220 4590 ansam
1253 4533 1602 4604 participare.
1629 4532 1694 4586 Et
1717 4532 1822 4587 hoc
1865 4547 2064 4587 secun-

495 4628 622 4683 dum
662 4626 816 4680 Isaiae
840 4626 1140 4680 visionem:
1171 4623 1430 4694 quoniam
1459 4639 1566 4677 non
1599 4638 1794 4678 omnes
1828 4629 2064 4691 oportet,

499 4724 559 4772 ut
588 4716 792 4771 dictum
819 4725 923 4782 est,
953 4717 1264 4771 immediate
1289 4716 1602 4770 divinorum
1654 4729 1719 4769 ac
1758 4713 2070 4768 tremendo-

502 4823 623 4863 rum
649 4823 772 4863 esse
814 4808 1156 4878 participes;
1211 4819 1266 4864 et
1326 4811 1584 4878 quoniam
1645 4824 1810 4878 super
1867 4809 2070 4864 divinis

507 4899 686 4954 vereri
750 4899 1411 4976 circumspectionemque
1447 4911 1632 4956 tenere
1679 4915 1910 4957 necesse
1964 4911 2068 4958 est.

449 5034 454 5039 _
506 4991 563 5046 Si
604 4989 904 5045 Cherubim
945 5002 1320 5057 revereantur,
1353 5001 1559 5059 quanto
1587 4993 1765 5061 magis
1783 5008 1884 5048 nos
1909 5009 2071 5064 opor-

501 5092 579 5139 tet
602 5081 867 5146 revereri,
914 5073 1038 5136 cum
1075 5081 1238 5135 etiam
1301 5083 1354 5134 in
1413 5081 1500 5138 bis
1573 5098 1682 5137 non
1744 5094 1949 5155 typum,
1978 5087 2070 5140 sed

499 5175 674 5246 ipsam
712 5176 994 5230 veritatem
1036 5173 1452 5242 conspicimus?
1480 5176 1606 5230 Ideo
1641 5175 1708 5230 ad
1761 5178 2071 5244 pontilicem

503 5267 586 5321 vel
651 5266 990 5322 sacerdotem
1072 5264 1257 5319 divina
1317 5267 1578 5335 mysteria
1650 5267 2073 5322 tlistribuentem

504 5365 720 5425 oportet
760 5359 1152 5424 procedentem
1180 5357 1245 5412 ad
1281 5349 1797 5412 communicandum
1847 5359 2078 5414 adorare

504 5457 560 5503 et
638 5451 853 5504 veniam
911 5450 1281 5521 expostulare,
1367 5461 1624 5519 tanquam
1686 5451 1756 5514 ab
1823 5445 2078 5507 omnibus

509 5540 759 5596 ﬁdelibus
784 5541 977 5609 prius;
1012 5551 1068 5596 et
1097 5543 1273 5609 ipsum
1309 5541 1364 5594 in
1412 5541 1583 5597 calice
1620 5541 1892 5596 viventem
1950 5559 2072 5598 cum

510 5632 772 5698 sanguine
803 5646 1016 5700 panem,
1063 5647 1238 5701 usque
1267 5633 1333 5687 ad
1365 5636 1540 5688 solum
1557 5650 1619 5689 ex
1641 5632 1827 5712 animo
1853 5619 2072 5705 oportet

511 5719 760 5780 adorare.
791 5727 845 5776 et
866 5720 964 5791 psic
986 5735 1182 5777 manus
1216 5722 1271 5778 in
1317 5738 1535 5780 crucem
1569 5715 1849 5794 colligere,
1881 5725 1937 5783 in
1959 5741 2072 5784 ser-

2168 4525 2303 4597 ρέως
2327 4527 2384 4579 δὲ
2415 4529 2526 4588 τοῖς
2547 4527 2905 4596 προσελθοῦσι
2932 4528 3253 4597 μεταλαϐεῖν
3273 4530 3506 4589 διδόντος
3526 4530 3613 4583 διὰ
3626 4520 3738 4583 ’λα-

2166 4617 2308 4696 ϐίδος
2329 4635 2342 4647 '
2367 4620 2460 4671 καὶ
2480 4621 2634 4673 τοῦτο
2657 4625 2794 4675 κατὰ
2813 4621 2910 4694 τὴν
2923 4623 3190 4677 ὀπτασίαν
3208 4624 3301 4677 τοῦ
3324 4626 3365 4694 ι
3379 4624 3478 4696 1.3
3492 4626 3739 4690 Ἠσαίου,

2167 4711 2250 4764 ὅτι
2283 4693 2360 4762 κού
2423 4715 2527 4782 χρὴ
2591 4713 2796 4774 πάντας
2859 4693 3081 4784 ἀμέσως
3131 4693 3417 4786 μετέχειν,
3585 4716 3740 4784 εἴρηδ

2167 4821 2278 4862 ται,
2327 4804 2434 4856 τῶν
2497 4804 2654 4858 θείων
2710 4823 2770 4859 τε
2801 4807 2897 4858 καὶ
2927 4808 3172 4876 φρικτῶν
3193 4825 3205 4839 ⁸
3240 4812 3329 4861 καί
3398 4811 3480 4863 ὅτι
3513 4811 3603 4861 ἐπὶ
3628 4811 3740 4869 τοῖς

2171 4897 2333 4959 θείοις
2363 4897 2709 4953 εὐλαϐεῖσθαι
2749 4899 2830 4952 δεῖ
2865 4903 2958 4952 καὶ
3009 4900 3413 4954 συστέλλεσθαι.
3447 4901 3554 4953 Καὶ
3587 4901 3635 4952 εί
3666 4901 3733 4952 τὰ

2172 4989 2456 5060 Χερουϐὶμ
2480 4991 2789 5058 ηὐλαϐεῖτο,
2817 4991 2996 5062 πολλῷ
3017 5009 3080 5059 γε
3108 4991 3308 5063 μᾶλλον
3327 4993 3475 5063 ἡμᾶς
3495 4991 3741 5046 εὐλαϐεῖ-

2175 5083 2295 5136 σθαι
2326 5083 2464 5155 χρὴ,
2517 5085 2613 5137 καὶ
2641 5085 2812 5138 ταῦτα
2844 5086 2904 5136 ού
2937 5085 3128 5147 τύπον,
3169 5085 3308 5138 ἀλλὰ
3353 5085 3452 5154 τὴν
3484 5086 3741 5156 ἀλήθειαν

2172 5175 2414 5246 ὁρῶντας
2439 5175 2631 5246 αὑτήν.
2673 5171 2766 5229 Διὸ
2815 5177 2906 5229 τόν
2953 5193 3014 5229 τε
3038 5178 3271 5246 νέμοντα
3306 5177 3570 5248 ίεράρχην
3597 5177 3628 5246 ἢ
3661 5177 3743 5229 ίε-

2179 5265 2276 5335 ρέα
2303 5266 2369 5319 τὰ
2390 5267 2508 5320 θεῖα
2540 5270 2814 5336 μυστήρια
2876 5268 2959 5321 δεῖ
2981 5269 3073 5321 τὸν
3106 5271 3540 5339 προσερχόμενον
3577 5285 3744 5336 μετα-

2175 5358 2384 5424 λαϐεῖν,
2412 5362 2736 5430 προσκυνεῖν
2774 5363 2866 5413 καὶ
2904 5361 3252 5433 συγχώρησιν
3282 5361 3640 5426 ἐξαιτεῖσθαι,
3669 5360 3748 5424 ὡς

2178 5452 2269 5503 καὶ
2293 5454 2444 5521 παρὰ
2477 5452 2584 5504 τῶν
2609 5454 2817 5505 πιστῶν
2860 5454 3078 5507 πάντων
3104 5455 3387 5523 πρότερον.
3431 5454 3540 5505 Καὶ
3583 5453 3749 5506 αὐτὸν

2179 5544 2244 5613 δὴ
2270 5545 2359 5596 τὸν
2381 5548 2438 5598 ὲν
2469 5543 2546 5616 τῷ
2585 5545 2830 5616 ποτηρίῳ
2861 5547 3040 5610 ζῶντα
3082 5549 3246 5616 ἄρτον
3276 5547 3415 5616 μετὰ
3454 5545 3548 5598 τοῦ
3581 5547 3750 5613 αἷμα-

2178 5652 2268 5700 τος
2319 5636 2478 5707 ἄχρις
2515 5637 2746 5706 ἐδάφους
2791 5639 3067 5710 ολοψύχως
3101 5638 3184 5692 δεῖ
3240 5639 3606 5709 προσκυνεῖν⁶
3657 5639 3754 5692 καὶ

2180 5727 2325 5786 οὓτω
2348 5732 2445 5797 τὰς
2479 5733 2670 5799 χεῖρας
2702 5733 2926 5799 δεσμεῖν
2963 5732 3273 5798 σταυρικῶς
3304 5734 3382 5794 είς
3401 5729 3626 5795 ἔνδειξιν
3650 5733 3751 5793 τῆς
