4090 6258
309 351 316 357 ’
342 381 442 448 301

1584 385 1681 446 DE
1713 381 1951 445 SACRA
1991 383 2391 447 LITURGIA.

3489 386 3594 450 302

342 498 590 582 δουλείας
631 497 724 552 καὶ
755 497 851 565 τῆς
880 496 971 556 τοῦ
992 496 1408 568 ὲσταυρωμένου
1444 495 1732 566 ὁμολογίας
1756 512 1770 527 ο
1804 493 1926 548 ἐπεὶ

2036 494 2222 550 vitutis
2255 511 2316 551 ac
2348 494 2594 553 cruciﬁxi
2640 495 3011 552 confessionis
3049 494 3286 566 signum;
3323 495 3592 564 siquidem

341 592 439 646 καὶ
458 591 622 645 αὐτου
651 591 975 660 κοινωνῆσαι
1011 588 1416 660 προσέρχεταιο
1481 590 1571 644 καὶ
1604 587 1748 642 οὓτω
1781 587 1922 658 μετά

341 681 510 752 φόϐου
538 681 628 733 καὶ
655 681 858 751 φρίκης
879 681 971 733 καὶ
1003 681 1386 743 ταπεινώσεως
1416 680 1646 750 καρδίας
1687 679 1920 751 προσέρ-

339 775 549 846 χεσθαι.
588 769 922 826 Κοινωνοῦσι
982 771 1163 825 τοίνυν
1216 771 1418 834 εὐθύς·
1464 771 1678 841 πρῶτον
1719 773 1814 840 μὲν
1868 771 1919 823 oi

340 865 438 916 καὶ
483 862 711 916 πάντοτε
746 865 888 917 κατά
941 863 1121 916 πᾶσαν
1169 861 1480 932 ἱερουργίαν
1531 860 1920 923 κοινωνοῦντες

342 955 707 1019 ὐποδιάκονοι,
735 957 815 1006 ὅτι
841 955 982 1019 μετὰ
1011 955 1133 1016 τοὺς
1167 953 1449 1015 διακόνους
1477 944 1623 1005 οὗτοι
1654 967 1668 980 ·
1702 951 1798 1006 καὶ
1822 951 1922 1004 οὐκ

251 1033 259 1040 ’
342 1043 497 1098 ἀδεια
527 1045 736 1106 τούτοις
759 1043 906 1097 ἔνδον
934 1044 1030 1096 τοῦ
1054 1041 1307 1113 βήματος
1333 1043 1610 1096 κοινωνεῖν
1635 1059 1648 1072 ·
1686 1041 1767 1095 ὅτι
1801 1041 1920 1094 οὐδὲ

346 1135 499 1196 ἐντὸς
528 1134 1003 1205 κεχειροτόνηνται
1025 1149 1038 1163 ·
1072 1133 1263 1186 ἔπειτα
1301 1133 1648 1201 ἀναγνῶσται
1683 1133 1778 1184 καὶ
1814 1147 1909 1200 p.0-

343 1226 498 1296 ναχοί
521 1233 536 1257 δ
587 1227 682 1279 καὶ
718 1225 838 1295 μετ’
890 1223 1086 1285 αὐτοὺς
1116 1221 1166 1276 oi
1214 1222 1427 1276 λαῖκοί·
1465 1213 1593 1275 οὐτε
1622 1223 1732 1293 γάρ
1768 1221 1922 1284 ὲντδς

343 1316 438 1368 τοῦ
503 1314 746 1386 βήματος
803 1315 943 1384 πλὴν
990 1314 1317 1385 ἀρχιερέων,
1377 1315 1767 1385 πρεσϐυτέρων
1828 1313 1923 1366 καὶ

346 1407 608 1460 διακόνων
631 1424 712 1470 τις
745 1407 924 1470 ἄλλως
961 1403 1368 1475 μεταλαμϐάνει
1393 1446 1406 1466 ,
1434 1403 1516 1462 ὅτι
1547 1403 1642 1456 καὶ
1691 1403 1747 1456 αί
1773 1405 1923 1473 τρεῖς

346 1497 529 1564 τάξεις
550 1493 707 1551 αὗται
735 1491 884 1558 ὲντὺς
938 1495 1099 1566 μόναι
1125 1492 1560 1565 χειροτονοῦνται
1609 1493 1702 1546 τοῦ
1745 1492 1924 1563 βήμα-

346 1605 458 1651 τος.
487 1589 549 1644 Oi
574 1587 752 1641 λοιποὶ
772 1587 829 1641 δὲ
869 1587 1068 1654 ἔξωθεν
1102 1587 1294 1640 τούτου
1344 1579 1468 1639 οὔτε
1504 1585 1583 1648 είς
1612 1583 1710 1646 τὰς
1731 1584 1923 1654 χεῖρας

347 1679 440 1731 τὸν
467 1678 609 1731 Θείον
657 1677 822 1748 ἄρτον
852 1676 1242 1745 λαμϐάνουσιν,
1279 1673 1680 1747 ὑποϐεϐηκότες
1722 1676 1786 1745 τῇ
1827 1673 1920 1726 τά·

349 1770 432 1836 ξει
478 1768 694 1822 καὶτοῦ
736 1769 966 1839 ἐσχάτου
1030 1769 1228 1836 μέρους
1255 1767 1536 1830 τελοῦντες
1587 1764 1667 1837 τῷ
1703 1764 1917 1836 βαθμῷ,

350 1861 457 1913 κᾶν
481 1860 646 1930 ἀρετῇ
681 1861 1009 1931 ὐπερέχωσι.
1052 1859 1150 1914 Διδ·
1187 1863 1281 1914 καί
1323 1861 1557 1914 ἕκαστον
1589 1861 1780 1914 τοῦτον
1813 1857 1921 1929 χρὴ
1957 1840 1996 1895 Β

350 1952 452 2022 τὴν
502 1951 656 2017 τάξιν
687 1951 853 2006 αὐτοῦ
902 1953 1110 2022 τηρεῖν,
1167 1951 1242 2015 ὼς
1275 1953 1372 2005 καὶ
1403 1954 1428 2006 6
1460 1950 1672 2014 Παῦλος
1708 1965 1925 2020 παραγ·

351 2043 552 2113 γέλλει,
596 2063 614 2096 ι
642 2044 933 2110 Ἕκαστος,
992 2043 1189 2112 λέγων,
1224 2045 1281 2096 ἐν
1421 2045 1622 2116 ἐκλήθη
1652 2042 1822 2109 τάξει,
1865 2045 1924 2099 ἐν

353 2133 523 2202 ταύτῃ
579 2133 816 2202 μενέτω·
845 2152 864 2185 ι
913 2133 1002 2186 ἵνα
1036 2133 1132 2186 καλ⁸
1186 2133 1388 2202 μᾶλλον
1439 2135 1468 2186 6
1520 2132 1774 2202 θεμέλιος
1807 2133 1924 2186 τῶν

352 2222 564 2291 ἀρετῶν
599 2223 654 2274 ὲν
690 2220 866 2292 τούτῳ
912 2217 1262 2291 εὖρίσκηται,
1304 2222 1339 2292 ἡ
1384 2221 1716 2284 ταπείνωσις
1741 2235 1756 2250 ⁸
1799 2221 1922 2291 ἥτις

352 2311 444 2367 καὶ
463 2313 518 2366 ὲν
540 2312 786 2381 ἀγγέλοις
807 2313 944 2364 ἐστί’
967 2315 1061 2366 uti
1081 2313 1140 2366 ἐν
1169 2315 1246 2380 τῷ
1273 2311 1518 2381 μέλλοντι
1543 2312 1714 2374 οὕτως
1739 2311 1917 2365 ἔσται.

357 2422 377 2454 ι
408 2401 680 2466 Ἕκαστος
730 2403 809 2466 δὲ,
871 2404 1008 2471 φησὶ
1065 2401 1229 2454 πάλιν
1260 2403 1491 2467 Παῦλος,
1543 2405 1602 2455 ἐν
1631 2402 1709 2470 τῷ
1735 2401 1922 2468 οἰκείῳ

351 2495 610 2562 τάγματι.
650 2510 670 2544 ι
698 2492 968 2561 ’Υστερον
1000 2491 1058 2546 δὲ
1077 2492 1215 2562 πρὸς
1238 2492 1327 2544 τὸν
1347 2493 1478 2544 λαδν
1519 2493 1554 2559 ἡ
1596 2491 1818 2556 εὐλογία
1846 2491 1925 2544 δί-

351 2585 522 2646 δοται,
547 2585 622 2643 di:
649 2582 758 2635 ἀπὸ
805 2582 898 2634 τοῦ
933 2583 1183 2652 Σωτῆρος
1205 2581 1390 2646 αὐτοῦ,
1421 2582 1489 2650 ἢν
1505 2580 1569 2650 δὴ
1601 2582 1629 2633 6
1661 2580 1926 2650 ἱεράρχης

353 2679 610 2739 ποιεῖται,
647 2674 742 2727 καὶ
798 2671 1076 2740 σωτηρίαν
1109 2673 1276 2724 πᾶσιν
1307 2669 1620 2740 ἐπεύχεται.
1662 2665 1801 2722 Εἶτα
1833 2669 1927 2722 καὶ

356 2767 526 2836 θυμιᾷ
562 2767 702 2837 ὲντῇ
741 2763 992 2836 τραπέζῃ
1031 2762 1196 2816 πάλιν
1226 2760 1294 2814 τὰ
1326 2761 1479 2829 ᾶγια,
1534 2762 1603 2814 τά
1625 2761 1725 2832 τῆς
1765 2761 1923 2813 Ἀνα-

354 2857 570 2928 λὴψεως
599 2856 791 2924 λέγων,
824 2853 1164 2925 εὐχαριστῶν
1197 2852 1273 2923 τῷ
1312 2853 1452 2924 ὑπὲρ
1488 2853 1642 2923 ἡμῶν
1673 2853 1768 2906 καὶ
1795 2867 1923 2922 σαρ-

355 2947 584 3002 κωθέντι
614 2947 708 2999 καὶ
751 2945 979 2998 παθόντι
1025 2945 1121 2998 καὶ
1169 2943 1464 2999 ἀναστάντι
1494 2947 1677 3012 σαρκὶ,
1711 2943 1816 2997 καὶ
1847 2943 1928 3006 είς

351 3041 612 3112 οὐρανοὺς
642 3037 1004 3108 ἀνυψωθέντι,
1029 3040 1122 3091 καὶ
1148 3037 1333 3103 ζῶντι,
1373 3037 1467 3090 καὶ
1491 3038 1588 3106 τῆς
1621 3037 1777 3106 δόξης
1825 3035 1928 3090 αὐ-

2027 583 2094 640 ad
2123 586 2297 655 ipsum
2358 586 2794 658 participandum
2820 586 2969 642 venit
3003 603 3017 653 ;
3051 595 3106 641 et
3139 586 3213 640 ita
3275 599 3400 640 cum
3440 594 3590 640 metu

2025 687 2088 729 ac
2149 683 2384 729 tremore
2441 664 2978 745 atque'h‘umilitate
3032 676 3212 731 cordis
3275 674 3588 744 procedere.

2026 765 2444 820 Communicant
2477 780 2607 835 ergo
2657 767 2866 833 statim,
2896 766 3075 836 primo
3129 759 3346 836 quidem
3387 766 3465 820 illi
3499 767 3593 836 qui

2027 869 2242 925 semper
2272 855 2325 909 in
2356 870 2515 910 sacra
2549 855 2831 912 iunctione
2873 857 3281 912 communicant
3309 857 3598 913 subdiaco-

2039 948 2119 1013 ni,
2154 947 2410 1017 quoniam
2443 951 2566 1018 post
2607 950 2863 1005 diaconos
2895 949 2985 1006 isti
3022 958 3168 1018 sunt,
3197 955 3295 1005 nec
3318 950 3448 1020 ipsis
3478 951 3598 1004 lici-

2026 1046 2136 1090 tum
2167 1048 2253 1092 est
2281 1039 2422 1093 intra
2458 1042 2830 1095 sanctuarium
2876 1041 3305 1105 communicare,
3338 1055 3404 1097 eo
3448 1042 3594 1111 quod

2026 1145 2134 1184 non
2173 1130 2322 1186 intus
2355 1131 2594 1186 ordinati
2626 1139 2749 1186 sunt
2777 1147 2793 1200 ;
2823 1132 3020 1187 deinde
3050 1133 3280 1189 lectores
3305 1141 3362 1187 et
3399 1147 3593 1187 mona-

2024 1220 2134 1285 chi,
2157 1230 2208 1274 et
2229 1229 2350 1288 post
2382 1222 2528 1291 ipsos
2546 1222 2669 1277 laici
2693 1240 2706 1277 :
2738 1231 2846 1276 non
2865 1223 3008 1276 enim
3031 1222 3175 1277 intra
3204 1224 3594 1286 sanctuarimn,

2024 1323 2223 1382 praeter
2256 1312 2568 1382 pontiﬁces,
2601 1315 2954 1385 presbyteros
2987 1322 3040 1368 et
3080 1313 3365 1377 diaconos,
3389 1314 3590 1383 aliquis

2026 1401 2167 1455 alius
2209 1403 2624 1468 communicat;
2659 1404 2916 1470 quoniam
2942 1413 3052 1458 tres
3087 1403 3163 1457 illi
3224 1403 3448 1459 ordines
3494 1405 3594 1473 ipsi

2027 1492 2130 1546 soli
2165 1493 2304 1546 intra
2339 1494 2711 1548 sanctuarium
2741 1492 3085 1548 ordinantur.
3129 1495 3324 1551 Caeteri
3357 1509 3485 1550 vero
3529 1509 3597 1548 ex

2031 1589 2113 1636 tra
2153 1582 2309 1648 illud,
2347 1597 2447 1638 nec
2479 1585 2530 1638 in
2567 1599 2761 1639 manus
2793 1583 3038 1639 divinum
3063 1601 3259 1654 panem
3301 1585 3596 1655 accipiunt,

2031 1679 2092 1725 ut
2118 1669 2408 1728 inferiores
2439 1674 2628 1728 ordine
2670 1673 3136 1746 terminantesque
3161 1676 3406 1730 ultimam
3437 1678 3598 1733 istius

2002 1765 2255 1834 partem,
2287 1766 2387 1819 etsi
2419 1767 2618 1819 virtute
2649 1766 3054 1834 prmemin'eant.
3089 1767 3276 1836 Itaque
3303 1769 3599 1839 unusquis-

2025 1861 2131 1926 que
2169 1855 2382 1910 illorum
2418 1854 2581 1910 debet
2615 1870 2774 1912 suum
2812 1857 3061 1911 ordinem
3098 1871 3341 1923 servare,
3373 1860 3516 1914 sicut
3541 1871 3598 1914 et

2026 1942 2227 2002 Paulus
2265 1948 2530 2018 principit,
2556 1948 2786 2005 dicens:
2821 1947 3241 2019 «Unusquisque
3278 1951 3331 2005 in
3365 1966 3473 2022 quo
3503 1966 3598 2004 vo-

2025 2045 2274 2093 catusest
2295 2039 2506 2103 ordine,
2530 2040 2585 2093 in
2605 2039 2705 2094 hoc
2728 2051 3074 2109 permaneat;
3109 2061 3127 2093 ι
3161 2043 3396 2098 utetiam
3424 2044 3597 2114 magis

2026 2127 2081 2183 in
2108 2131 2211 2184 hoc
2243 2132 2551 2185 inveniatur
2575 2132 2793 2187 virtutis
2824 2130 3261 2199 fundamentum,
3287 2133 3590 2198 humilitas,

2026 2235 2146 2291 quae
2164 2221 2243 2276 vel
2266 2222 2318 2274 in
2340 2221 2548 2292 angelis
2575 2220 2745 2287 adest,
2767 2229 2821 2275 et
2841 2222 2893 2275 in
2917 2221 3103 2275 futuro
3121 2223 3201 2277 sic
3221 2225 3345 2277 erit.
3375 2241 3394 2275 ι
3421 2222 3598 2278 Unus-

2024 2316 2277 2386 quisque,
2307 2314 2383 2366 ait
2421 2313 2598 2368 denuo
2650 2312 2869 2377 Paulus,
2927 2313 2981 2368 in
3032 2315 3252 2385 proprio
3314 2313 3525 2370 ordine.
3574 2335 3593 2367 ι

2025 2399 2364 2461 Postremum
2399 2402 2463 2456 ad
2491 2405 2770 2472 populum,
2792 2412 3050 2474 tanquam
3068 2405 3136 2460 ab
3158 2405 3276 2475 ipso
3294 2404 3596 2470 Salvatore,

2028 2495 2190 2549 datur
2222 2492 2552 2554 benedictio,
2586 2507 2746 2561 quam
2768 2495 3007 2561 pontifex
3038 2497 3310 2562 concedit,
3339 2499 3599 2554 omnibus

2028 2581 2330 2652 deprecans
2370 2579 2627 2640 salutem.
2654 2581 2847 2636 Postea
2871 2585 3150 2640 thuriﬁcat
3182 2575 3380 2640 iterum
3408 2597 3600 2642 sancta

2031 2668 2195 2746 super
2227 2683 2491 2742 mensam,
2521 2689 2584 2731 ea
2641 2689 2763 2744 quae
2819 2677 3132 2736 refectionis
3193 2691 3321 2735 sunt
3373 2682 3584 2741 dicens.

2030 2770 2237 2840 gratias
2266 2783 2430 2837 agens
2461 2767 2535 2823 illi
2573 2769 2663 2838 qui
2707 2774 3064 2838 propter'nos
3115 2779 3196 2825 est
3253 2771 3596 2834 incarnatus.

2029 2879 2223 2940 passus
2253 2869 2357 2927 est,
2387 2861 2687 2917 resurrexit
2717 2877 2882 2918 carne
2915 2871 2973 2918 et
3002 2863 3055 2917 in
3093 2863 3262 2919 cmlos
3328 2864 3596 2926 ascendit,

2029 2965 2081 3011 ct
2109 2955 2263 3019 vivit,
2297 2962 2349 3008 et
2373 2953 2544 3024 gloria
2591 2965 2687 3008 sua
2750 2955 3058 3009 universam
3123 2963 3324 3009 terram
3384 2955 3597 3026 implet.

2033 3046 2096 3102 Et
2131 3054 2417 3115 postquam
2456 3045 2732 3100 benedixit
2762 3043 2950 3114 Deum,
2985 3046 3246 3115 reliquias
3291 3049 3603 3103 sanctiﬁca—

351 3130 444 3186 τοῦ
474 3131 571 3201 τὴν
594 3130 698 3199 γῆν
732 3130 914 3182 πᾶσαν
955 3129 1326 3199 πληρῶσαντι.
1359 3128 1470 3182 Καὶ
1503 3129 1807 3196 εὐλογήσας
1834 3131 1927 3184 τὸν

2039 3145 2215 3192 torum
2243 3137 2296 3190 in
2333 3135 2699 3206 propositione
2720 3133 2813 3188 dat
2837 3135 3187 3202 auferendas,
3215 3146 3268 3192 et
3290 3153 3322 3191 a
3352 3139 3600 3194 diaconis

352 3221 509 3288 Θεὸν,
551 3222 767 3275 δίδωσιν
807 3220 1172 3292 ἀπενεχθῆναι
1225 3221 1294 3274 τὰ
1331 3220 1756 3291 περιλειφθέντα
1808 3220 1922 3276 τῶν

2034 3227 2329 3298 separatim
2366 3227 2846 3282 administrandas.
2886 3225 3173 3282 Secundus
3204 3237 3387 3284 autem
3444 3245 3475 3284 e
3507 3246 3602 3285 sa-

353 3313 527 3381 ἁγίων
551 3315 610 3366 ἐν
635 3316 702 3383 τῇ
738 3312 1019 3383 προθέσει,
1051 3312 1147 3366 καὶ
1169 3315 1321 3382 παρά
1352 3312 1459 3366 τῶν
1503 3313 1768 3366 διακόνων
1791 3311 1927 3366 διοι-

353 3405 614 3474 κηθῆναι.
647 3403 706 3457 '0
729 3403 984 3474 δεύτερος
1009 3403 1066 3457 δὲ
1093 3403 1203 3456 τῶν
1233 3404 1425 3474 ἱερέων
1452 3405 1554 3474 τὴν
1567 3403 1928 3476 όπισθάμδω·

353 3515 444 3552 νον
470 3495 633 3567 εὐχὴν
677 3496 821 3566 ὑπὲρ
848 3495 944 3549 τοῦ
978 3496 1110 3550 λαοῦ
1151 3493 1351 3562 ἔξωθεν
1375 3495 1469 3550 τοῦ
1503 3496 1654 3567 ίερού
1683 3495 1930 3566 βήματος

352 3590 436 3654 είς
477 3590 712 3660 ἐπήκοον
738 3589 993 3658 ὲκφωνεῖ,
1029 3588 1320 3659 εὐχόμενος
1345 3588 1445 3658 μὲν
1471 3589 1674 3660 ταῦτην
1706 3587 1809 3660 τὴν
1838 3597 1928 3642 τε·

353 3680 610 3736 λευταίαν
643 3679 812 3751 εὐχὴν
843 3680 985 3751 ὑπὲρ
1015 3678 1109 3732 τοῦ
1143 3679 1295 3744 λαοῦ,
1341 3679 1502 3750 ἔργον
1531 3671 1588 3733 δὲ
1625 3681 1798 3733 ποιῶν
1831 3679 1929 3733 τοῦ

355 3771 657 3842 ἀρχιερέως
683 3785 698 3800 °
728 3770 811 3823 ὅτι
839 3770 934 3823 καὶ
969 3770 1023 3821 αἱ
1069 3769 1236 3838 ἀρχαὶ
1273 3768 1385 3821 τῶν
1408 3767 1586 3837 εὐχῶν
1613 3770 1710 3821 καὶ
1751 3769 1810 3821 τὺ
1837 3769 1923 3821 τέο

355 3863 446 3926 λος
479 3862 640 3933 ἔργον
698 3861 886 3916 αὐτοῦ.
947 3860 1139 3930 Ὅμως
1185 3861 1283 3914 καί
1314 3862 1343 3914 6
1378 3861 1670 3932 ἀρχιερεὺς
1722 3860 1932 3928 ταύτην

357 3955 509 4008 Ινδον
540 3954 818 4024 μυστικῶς
851 3952 986 4022 πρὸς
1028 3952 1120 4006 τὸν
1160 3953 1296 4006 Θεὸν
1317 3954 1610 4022 ἀναφέρειζ
1633 3955 1733 4006 Διά
1769 3952 1932 4005 τοῦτο

359 4043 454 4098 οὖν
479 4046 572 4098 καὶ
604 4043 969 4114 προσελθόντα
1010 4043 1303 4112 σφραγίζει
1359 4042 1450 4095 τὸν
1499 4043 1672 4112 ἱερέα,
1708 4043 1931 4112 μετάλτδ

362 4137 536 4190 είπεῐν
564 4135 662 4206 τὴν
707 4134 894 4205 εὐχὴν,
928 4135 1006 4198 ὡς
1049 4133 1336 4204 ὑπηρέτην
1363 4132 1496 4186 ὅντα
1525 4132 1723 4187 αὐτοῦ.
1760 4133 1933 4194 Αὐτὸς

360 4225 419 4279 Si
473 4224 638 4278 πάλιν
685 4227 712 4279 6
765 4224 1028 4294 ίεράρχης
1086 4224 1148 4278 τὸ
1187 4223 1403 4293 είλητὸν
1460 4223 1704 4292 είλήσας,
1741 4222 1934 4278 καὶτὸ

364 4317 703 4386 Εὐαγγέλιον
731 4317 866 4380 θεὶς,
899 4318 994 4368 καὶ
1025 4315 1413 4384 ἀσπασάμενος
1434 4313 1564 4366 αὐτὸ
1600 4314 1694 4366 καὶ
1721 4312 1822 4384 τὴν
1859 4315 1932 4366 is-

367 4407 469 4478 ράν
488 4406 789 4477 τράπεζαν,
817 4407 992 4477 δηλῶν
1009 4406 1072 4458 ὲκ
1095 4403 1284 4458 τούτου
1314 4403 1388 4466 ὡς
1416 4403 1623 4458 ἐκεῖθεν
1651 4403 1931 4472 ἡγίασται,

364 4501 461 4554 καὶ
504 4500 780 4569 ἡνωμένος
825 4498 903 4568 τῷ
949 4498 1326 4568 θυσιαστηρίῳ
1361 4498 1536 4561 ἐστὶν,
1583 4497 1801 4550 έπεὶοτά
1827 4495 1927 4565 τῆς

2037 4516 2087 4560 et
2115 4506 2312 4576 populo
2336 4483 2654 4560 antidorum
2713 4506 3032 4574 distribuit;
3069 4509 3324 4577 quoniam
3356 4483 3464 4564 non
3519 4483 3605 4564 est
3699 4549 3710 4555 -

362 4588 704 4658 λειτουργίας
732 4588 1006 4650 τετέλεκε,
1063 4588 1196 4657 πρὸς
1231 4588 1328 4650 τὰς
1365 4586 1533 4657 θύρας
1564 4585 1657 4640 τοῦ
1691 4587 1935 4656 βήματος

361 4679 556 4747 ἔξεισι,
615 4679 711 4731 καὶ
738 4677 816 4747 τῷ
842 4676 956 4748 λαῷ
993 4679 1049 4730 τὸ
1078 4679 1376 4748 ἀντίδωρον
1431 4678 1699 4746 ἀπονέμει
1721 4693 1733 4707 ο
1761 4679 1843 4730 ὅτι
1873 4679 1936 4731 οὐ

359 4771 460 4826 τοῦ
487 4771 730 4842 βήματος
761 4773 789 4825 6
813 4771 960 4834 λαὸς,
1003 4769 1099 4823 καὶ
1127 4771 1210 4823 δτι
1241 4773 1352 4832 τοῖς
1379 4773 1659 4833 ταπεινοῖς
1679 4773 1706 4822 ὁ
1731 4768 1937 4838 ὑψηλὸς

365 4862 822 4930 συγκατέρχεται,
874 4861 965 4913 καὶ
991 4861 1184 4912 ἑαυτὸν
1224 4859 1408 4921 αὐτοῖς
1457 4857 1645 4912 δίδωσι
1672 4856 1932 4926 πολυτρό-

365 4972 506 5017 πως.

960 5064 1208 5119 ΚΕΦΑΛ.
1261 5064 1311 5117 P'

2032 3318 2352 3374 cerdotibus
2381 3317 2739 3386 profectionis
2771 3318 3071 3373 orationem
3101 3329 3321 3391 propter
3340 3322 3601 3391 populum

2031 3421 2184 3467 extra
2220 3410 2616 3475 sanctuarium,
2679 3411 2752 3466 ita
2811 3421 2870 3467 ut
2919 3413 3194 3478 audiatur,
3257 3416 3598 3484 pronuntiat,

2032 3500 2240 3555 faciens
2265 3500 2484 3569 quidem
2543 3499 2681 3553 hanc
2716 3498 2962 3554 ultimam
3015 3502 3326 3557 oratiOuem
3375 3520 3474 3574 pro
3508 3520 3605 3574 po-

2033 3591 2180 3662 pulo,
2215 3589 2310 3646 sed
2341 3603 2479 3662 opus
2515 3603 2682 3662 agens
2711 3590 2984 3661 pontiﬁcis
3004 3610 3018 3648 :
3038 3603 3169 3647 nam
3191 3594 3346 3648 initia
3375 3609 3598 3664 precum

2027 3683 2174 3738 sicut
2203 3692 2258 3738 et
2283 3681 2414 3738 linis
2471 3695 2608 3751 opus
2647 3682 2798 3736 illius
2839 3691 2988 3736 sunt.
3044 3683 3299 3739 Attamen
3330 3696 3377 3740 et
3413 3687 3600 3755 ponti-

2033 3774 2120 3828 fex
2192 3774 2338 3828 intus
2397 3773 2466 3827 ad
2522 3771 2692 3826 Deum
2749 3772 2909 3827 istam
2989 3776 3312 3844 mysteriose
3374 3778 3598 3845 profert.

2033 3862 2331 3936 Propterea
2369 3864 2762 3934 regredientem
2796 3865 2977 3934 signat
3037 3867 3408 3933 sacerdotem,
3450 3879 3599 3938 post-

2031 3970 2194 4027 quam
2224 3955 2315 4010 hic
2369 3957 2668 4010 orationem
2701 3954 2858 4020 dixit,
2890 3965 3147 4026 tanquam
3213 3957 3384 4026 ipsius
3436 3961 3602 4014 mini-

2032 4055 2231 4102 atrum.
2257 4046 2382 4115 ipse
2405 4061 2536 4101 vero
2560 4061 2778 4101 rursum
2815 4043 3064 4101 Pontifex
3089 4048 3418 4103 convolvens
3448 4046 3606 4104 invo-

2037 4139 2253 4192 lucrum
2315 4139 2778 4208 Evangeiiumque
2828 4141 3066 4208 positum
3133 4154 3301 4209 super
3359 4155 3604 4197 mensam

2033 4233 2314 4286 osculatus
2349 4241 2403 4286 et
2429 4233 2610 4298 istam,
2643 4233 2960 4302 signiﬁcans
3007 4251 3072 4288 ex
3108 4236 3214 4290 isto
3240 4237 3386 4306 quod
3407 4238 3605 4294 exinde

2037 4324 2139 4378 fuit
2165 4322 2562 4388 sanctiﬁcatus,
2591 4332 2645 4377 et
2672 4325 2859 4378 unitus
2892 4333 2977 4380 est
3026 4326 3205 4391 altari,
3236 4342 3360 4381 cum
3392 4344 3455 4383 ea
3485 4346 3606 4399 ηυδε

2038 4424 2165 4469 sunt
2194 4414 2426 4484 liturgia:
2459 4415 2772 4484 complevit,
2802 4417 2916 4469 exit
2962 4417 3028 4471 ad
3063 4421 3361 4474 sanctuarii
3389 4431 3600 4491 portas,

2041 4597 2338 4653 sanctuarii
2382 4598 2638 4668 populus,
2663 4608 2715 4652 et
2762 4600 3019 4668 quoniam
3077 4600 3373 4655 humilibus
3427 4603 3608 4656 excel-

2040 4704 2134 4744 sus
2173 4690 2574 4751 condesceudit,
2607 4689 3068 4759 semetipsumque
3089 4690 3181 4745 dat
3224 4692 3305 4746 eis
3334 4691 3606 4747 multifor-

2043 4793 2089 4830 ιιι
2101 4777 2228 4832 iter.
2755 4831 2771 4865 .

2655 5042 2884 5099 CAPUT
2921 5045 2984 5101 C.

369 5179 509 5250 Περὶ
558 5179 666 5235 τοῦ
693 5177 1044 5245 ἀντιόὠρου,
1076 5175 1174 5250 τεαὶ
1211 5174 1302 5228 ὅτι
1344 5172 1710 5242 ἠγιιισμένος
1755 5170 1927 5240 ἄρτος

2039 5155 2130 5250 οε,
2159 5155 2405 5250 caligare
2445 5165 2494 5250 et
2528 5158 2683 5250 quodJ
2694 5159 2921 5250 dicunt.
2943 5161 3096 5229 panis
3137 5131 3440 5242 benedictus
3491 5163 3602 5242 (qui

1051 5242 1250 5310 οὗτος.

440 5403 612 5456 Τοῦτο
639 5400 694 5454 δὲ
725 5400 787 5452 τὸ
808 5398 1101 5467 ἀντίδωρον
1127 5395 1461 5467 ἡγιασμένος
1490 5396 1653 5464 άρτος
1679 5393 1850 5460 εστὶν,
1876 5395 1934 5446 ὲν

371 5499 437 5566 τῇ
464 5494 722 5564 προθέσει
751 5490 1158 5562 προσενεχθεὶς,
1187 5481 1248 5542 οὐ
1280 5487 1341 5539 τὸ
1387 5487 1710 5556 μεσαίτατον
1742 5485 1938 5556 ἐκϐλη-

371 5586 462 5640 θὲν
510 5582 862 5654 ίερουργήθη,
892 5583 988 5634 καὶ
1025 5579 1185 5647 σῶμα
1213 5579 1446 5646 Χριστοῦ
1481 5576 1724 5644 γέγονεν.
1792 5575 1936 5628 Ἀντί

371 5677 500 5746 γοῦν
531 5676 625 5731 τοῦ
673 5675 906 5746 μεγάλου
940 5672 1151 5726 ἐκείνου
1200 5670 1372 5739 δώρου
1407 5671 1505 5738 τῆς
1543 5669 1782 5739 φρικτῆς
1822 5683 1936 5718 κοι-

372 5771 589 5842 νωνίας,
636 5771 757 5822 ἐπεὶ
806 5769 866 5821 οὐ
912 5768 1109 5827 πάντες
1145 5759 1353 5817 ἐκείνου
1408 5764 1583 5817 ἱκανοὶ
1623 5762 1931 5832 μετασχεῖν,

2108 5224 2612 5364 έοεο)ΕυεΙιιινίιιίω
2650 5224 2990 5282 distribuitur
3019 5247 3122 5282 non
3162 5224 3604 5285 communicanti-

2144 5312 2224 5349 us.

2144 5312 2224 5349 us.

2112 5391 2225 5444 Hoc
2266 5399 2444 5446 autem
2477 5391 2788 5446 antidorum
2837 5391 3212 5447 sanctiﬁcatus
3236 5401 3319 5447 est
3365 5393 3519 5461 panis
3547 5392 3604 5447 in

2035 5481 2306 5538 oblatione
2325 5481 2585 5551 prolatus,
2604 5483 2758 5552 cuius
2777 5482 3006 5538 maxime
3024 5482 3258 5537 medium
3277 5491 3603 5550 extractum,

2039 5584 2417 5631 consecratum
2447 5587 2530 5630 est
2565 5574 2879 5643 factumque
2920 5574 3124 5630 Christi
3160 5589 3378 5644 corpus.
3431 5575 3602 5644 Hujus

2040 5667 2211 5737 igitur
2244 5667 2364 5722 loco
2427 5665 2606 5737 magni
2657 5665 2949 5722 tremendae
2998 5664 3396 5720 communionis
3448 5664 3602 5731 doni,

2042 5759 2302 5829 quoniam
2337 5774 2445 5814 non
2477 5772 2667 5813 omnes
2689 5757 2833 5813 illius
2869 5767 3097 5828 possunt
3131 5773 3253 5814 esse
3293 5759 3603 5830 participes,
