4090 6258
493 297 602 359 303
1372 294 1672 358 SYMEON
1682 293 1753 354 IS
1785 288 2532 358 THESSALONICENSIS
2563 296 2921 358 ARCHIEP.
3629 299 3733 362 3M

493 411 595 467 hoc
621 422 719 481 pro
749 408 842 464 illo
861 408 1043 472 datur,
1092 411 1152 462 et"
1190 406 1496 462 antidorum
1527 406 1747 477 proprie
1777 404 2059 474 cognomi-
2086 403 2108 460 Δ

2118 403 2318 459 ιτοῦτο
2355 405 2556 462 δίδοται
2596 409 2714 464 ἀντ’
2753 409 2984 474 ἐκείνου,
3041 408 3136 462 καὶ
3177 407 3472 480 άντίδωρον
3513 409 3733 478 οἰκείως

491 516 652 561 natur
682 522 696 558 :
733 517 856 557 nam
893 502 1058 556 etiam
1096 498 1190 553 Dei
1237 498 1424 569 gratiae
1454 498 1658 552 donum
1707 505 1952 566 praestat,
1981 495 2058 549 si-

2160 499 2644 570 προσονομάζεται,
2661 501 2743 555 δτι
2760 502 2851 555 καὶ
2869 500 3076 571 δωρεὰν
3093 501 3312 572 χάριτος
3335 491 3494 574 ili.
3510 505 3733 576 παρέχει

487 597 704 668 quidem
726 602 781 648 et
799 593 916 663 ipse
934 592 1311 648 sanctiﬁcatus
1329 591 1602 660 estpanis,
1623 597 1769 645 sorte
1785 587 2056 659 signatus,

2156 592 2318 676 Θεοῦ.
2362 589 2518 647 Ἐπεῐ
2566 597 2661 677 καὶ
2687 594 3022 664 ήγιασμὲνος
3062 594 3178 647 ἐστὶ
3230 593 3326 646 καίΙ
3356 587 3515 658 οὗτος
3547 594 3730 664 άρτος,

493 688 777 757 sacrisque
810 685 996 740 verbis
1027 684 1248 739 ditatus.
1283 681 1400 738 Non
1435 691 1619 736 tamen
1650 690 1734 736 est
1758 679 2056 750 participa-

2157 681 2595 754 σφραγιζόμενός
2623 701 2681 737 τε
2706 686 2773 754 τῇ
2802 683 2995 754 λόγχῃ,
3027 685 3122 737 καὶ
3155 684 3278 754 ape
3307 684 3598 756 δεχόμενος
3633 688 3729 758 ῥή-

485 780 563 835 ιίο
588 777 835 849 corporis
861 775 1084 832 Christi.
1117 774 1244 829 Haec
1264 773 1408 828 enim
1441 781 1572 828 sunt
1597 771 1852 842 mysteria
1884 788 1899 825 :
1924 769 2053 824 illud

2159 791 2326 845 ματα·
2354 776 2416 830 οὐ
2451 779 2560 847 μὴν
2587 777 2644 830 δὲ
2686 778 2720 848 ὴ
2759 777 3013 832 κοινωνία
3053 775 3147 830 τοῦ
3177 775 3431 846 σώματος
3455 777 3552 831 τοῦ
3595 779 3728 848 Χρι-

484 881 669 928 antem
722 878 809 926 est
857 869 1034 926 solum
1089 865 1540 924 sanctiﬁcationis
1587 863 2056 930 communicatio,

2160 866 2308 922 στοῦ.
2338 866 2418 922 Τὰ
2447 869 2725 939 μυστήρια
2759 869 2870 939 γὰρ
2905 869 3091 923 ικεῖνά
3119 869 3248 923 είσι·
3278 868 3439 923 τοῦτο
3472 870 3528 925 δὲ
3575 871 3729 939 ἁγια-

483 963 728 1019 divinam
761 961 990 1031 gratiam
1017 975 1048 1015 a
1097 959 1490 1030 propositionis
1547 956 1734 1012 verbis
1766 964 2053 1026 praestans.

2161 957 2302 1028 σμοῦ
2336 960 2688 1033 μετιαδοτικδν
2735 963 2920 1032 μόνον,
2951 961 3046 1015 καὶ
3075 961 3288 1034 δωρεᾶς
3313 963 3461 1026 θείας
3493 964 3729 1034 πάροχον

483 1053 726 1111 Tandem
782 1052 1061 1123 populum,
1091 1065 1216 1106 cum
1243 1049 1426 1105 denuo
1481 1047 1720 1118 signavit
1746 1057 1800 1102 et
1829 1045 2056 1102 benedi-
2092 1124 2098 1126 _

2157 1050 2254 1120 τῆς
2293 1051 2401 1104 ἀπὸ
2445 1052 2556 1107 τῶν
2605 1054 2664 1106 ἐν
2707 1055 2773 1124 τῇ
2822 1053 3082 1124 προθέσει
3127 1055 3412 1126 ῥημάτων.
3445 1055 3610 1119 Τέλος
3640 1055 3729 1110 τὸν

483 1151 719 1204 ctionem
755 1163 786 1202 a
820 1146 1052 1202 Domino
1090 1144 1415 1213 deprecatus
1460 1149 1566 1205 est,
1596 1140 1837 1210 pontifex
1873 1138 2056 1194 dimit-
2092 1124 2098 1131 ’

2158 1141 2287 1196 λαὸν
2322 1142 2483 1197 πάλιν
2515 1143 2849 1215 σφραγίσας,
2899 1145 2995 1197 καὶ
3043 1124 3300 1213 εὐλογίαν
3327 1145 3483 1213 παρὰ
3520 1147 3725 1214 Κυρίου

486 1243 571 1306 tit,
605 1249 890 1310 postquam
917 1251 1104 1290 verum
1137 1235 1305 1288 Deum
1333 1240 1578 1287 nostrum
1611 1229 1923 1292 Christum,
1957 1241 2054 1298 per

2160 1233 2536 1304 ἐπευξάμενος
2586 1236 2617 1288 ὀ
2671 1235 2988 1305 ἀρχιερεὺς,
3039 1235 3292 1299 ἀπολύει,
3341 1237 3432 1289 τὸν
3476 1236 3758 1321 ἀληθινὸν.

485 1334 678 1389 merita
719 1327 1082 1386 sanctissimae
1113 1326 1285 1396 ipsius
1329 1322 1518 1377 Matris
1555 1331 1612 1377 et
1647 1322 1894 1377 omnium
1925 1335 2053 1376 san-

2218 1327 2286 1380 ίδν
2322 1326 2481 1398 ἡμῶν
2504 1327 2596 1382 τδν
2617 1328 2853 1399 Χριστὸν
2873 1327 2960 1381 διὰ
2990 1327 3102 1385 τῶν
3119 1329 3218 1399 τῆς
3250 1327 3528 1396 Παναγίας
3561 1327 3724 1383 αὐτοῦ
3821 1399 3833 1406 Α

485 1436 720 1490 ctorum,
752 1421 995 1478 omnium
1030 1415 1276 1473 misereri
1309 1423 1645 1484 cunctosque
1684 1413 1896 1468 salvare
1919 1427 2053 1484 sup-

2154 1420 2379 1492 Μητρδς
2409 1419 2718 1492 πρεσϐειῶν
2752 1421 2849 1474 καὶ
2891 1422 3111 1474 πάντων
3143 1420 3255 1475 τῶν
3295 1419 3467 1489 ἁγίων
3506 1419 3726 1491 ἐλεῆσαι

481 1515 695 1584 pliciter
730 1511 1012 1575 exoravit;
1074 1507 1376 1579 praedicans
1427 1505 1594 1560 simul
1648 1513 1703 1559 et
1736 1511 2053 1561 contestans

2153 1512 2364 1576 πάντας
2391 1513 2484 1566 καὶ
2536 1513 2710 1567 σῶσαι
2742 1512 3237 1583 ἐπικαλεσάμενος,
3278 1513 3564 1584 κηρύττων
3613 1513 3727 1582 ἅμα

482 1620 582 1660 nos
638 1619 734 1674 per
786 1600 1082 1658 Salvatoris
1122 1585 1483 1655 meonomiam
1538 1611 1860 1664 sacramque
1924 1595 2053 1650 lun-

2153 1606 2250 1659 καὶ
2279 1605 2598 1676 μαρτυρῶν,
2627 1605 2710 1659 ὅτι
2741 1605 2830 1660 διὰ
2854 1605 2953 1674 τῆς
2986 1604 3080 1658 τοῦ
3112 1605 3366 1674 Σωτῆρος
3411 1606 3725 1673 οἰκονομίας

481 1697 716 1753 ctionem
768 1709 890 1748 esse
935 1692 1172 1746 salvatos
1221 1703 1295 1743 ac
1352 1687 1682 1754 salvandos;
1724 1698 2096 1788 cooperante]

2105 1728 2128 1788 3
2153 1698 2249 1750 καὶ
2279 1697 2380 1768 τῆς
2413 1697 2726 1768 ἱερουργίας
2775 1696 3102 1764 σεσώσμεθά
3128 1714 3187 1750 τε
3208 1695 3310 1788 καὶ
3341 1696 3720 1788 σωθησόμεθα,

481 1790 730 1860 precibus
761 1785 1020 1854 adjutriee
1071 1781 1296 1836 maximi
1342 1780 1584 1853 mysterii
1633 1779 1883 1848 Deipara,
1927 1795 2050 1835 cum
2078 1779 2096 1788 “

2107 1779 2125 1787 ’
2159 1789 2529 1860 συνεργούσης
2559 1791 2679 1851 ταῖς
2711 1788 2898 1858 εὐχαῖς
2914 1788 3010 1842 τοῦ
3037 1787 3312 1857 ὑπηρέτου
3338 1785 3433 1841 τοῦ
3466 1787 3722 1856 μεγίστου

481 1873 738 1930 omnibus
771 1871 861 1940 qui
914 1884 980 1923 ex
1010 1867 1101 1922 illo
1131 1863 1455 1920 sanctiﬁcati
1511 1873 1657 1920 sunt.
1690 1862 1843 1918 Tunc
1873 1863 2054 1919 conti-

2157 1881 2479 1952 μυστηρίου,
2512 1881 2610 1950 τῆς
2636 1881 2926 1944 Θεοτόκου,
2953 1881 3048 1934 καὶ
3071 1881 3293 1934 πάντων
3320 1877 3430 1932 τῶν
3459 1877 3724 1948 ἡγιασμέ-

483 1958 964 2031 nuo..psallentium
991 1955 1214 2021 chorus,
1241 1955 1306 2009 ad
1341 1969 1495 2025 reges
1528 1963 1584 2010 et
1609 1954 1676 2008 ad
1703 1957 1884 2025 ipsum
1914 1971 2054 2024 pono
2153 1981 2260 2029 νων
2293 1977 2356 2028 ὲκ
2381 1975 2572 2028 τούτου
2596 1987 2612 2002 ο
2649 1973 2738 2028 ὅτε
2763 1971 3042 2041 παρευθὺς
3070 1974 3100 2026 δ
3125 1972 3233 2030 τῶν
3266 1971 3582 2041 ψαλλόντων
3631 1988 3726 2041 χο-

482 2055 703 2117 tiﬁccm,
739 2063 1008 2120 nonpure
1064 2047 1418 2118 praedicantes
1473 2046 1764 2113 hominem,
1796 2056 1920 2102 vola
1969 2047 2050 2100 l‘a-

2156 2067 2248 2134 ρδς
2281 2065 2408 2128 τούς
2444 2083 2505 2119 τε
2545 2065 2782 2129 βασιλεῖς
2817 2063 3037 2133 εῦχεται
3069 2063 3207 2132 μετὰ
3233 2063 3426 2132 ὕμνου,
3453 2062 3549 2116 καὶ
3567 2062 3724 2116 αὑτὸν

479 2138 676 2207 ciunt,’
707 2142 862 2198 ﬁdele
886 2152 1114 2208 regnum
1144 2145 1200 2193 et
1250 2135 1614 2192 orthodoxum
1670 2137 2046 2206 pontiﬁcatum

2151 2157 2242 2208 τὸν
2273 2156 2552 2226 ἀρχιερέα,
2589 2157 2649 2209 ού
2679 2155 2772 2208 τὸν
2799 2157 3086 2224 ἄνθρωπον
3109 2153 3296 2216 ἁπλῶς
3320 2152 3719 2224 εὐφημοῦντες,

478 2249 798 2309 permanere
848 2234 1237 2300 deprecantes,
1295 2242 1540 2298 opusque
1599 2242 1767 2283 sacra:
1821 2228 2052 2303 liturgize

2151 2246 2287 2299 ἀλλὰ
2315 2245 2408 2300 καὶ
2439 2246 2536 2316 τὴν
2567 2245 2766 2314 πιστὴν
2814 2244 3116 2314 βασιλείαν,
3163 2244 3260 2298 καὶ
3310 2243 3410 2313 τὴν
3445 2242 3723 2312 ὀρθὸδοεον

478 2335 701 2395 propter
734 2337 832 2376 nos
858 2334 1072 2388 semper
1118 2317 1287 2372 libere
1314 2317 1579 2372 exerceri.
1605 2316 1757 2383 Quos
1783 2324 1840 2374 et
1871 2333 2047 2388 popu-

2150 2335 2563 2407 ἀρχιερωσύνην
2608 2335 2890 2407 διαμένειν
2910 2335 3217 2405 εὐχόμενοι,
3258 2336 3356 2388 καὶ
3381 2333 3442 2386 τὸ
3470 2334 3632 2403 ἔργον
3658 2337 3718 2388 τὸ

476 2419 594 2471 lum
631 2430 754 2469 cum
781 2422 863 2467 ter
888 2411 1078 2470 ultimo
1107 2408 1359 2478 signavit,
1387 2422 1450 2462 ac
1466 2407 1742 2463 benedixit
1769 2408 2008 2478 pontifex
2032 2427 2048 2478 ;

2149 2429 2247 2499 τῆς
2277 2428 2588 2499 ἱερουργίας
2617 2426 2759 2495 ὕπερ
2791 2428 2948 2497 ἡμῶν
2976 2427 3210 2489 αίωνίως
3237 2425 3536 2490 ἀκωλύτως
3585 2427 3721 2480 διεν-

476 2521 697 2564 carmen
741 2522 760 2557 ι
796 2502 952 2596 Νμηο
1001 2502 1228 2557 dimittis
1261 2519 1279 2553 ι
1313 2515 1561 2557 seorsum
1593 2500 1743 2568 dicit,
1778 2502 2050 2559 Simeonis

2149 2519 2452 2589 εργεϊσθαι.
2485 2519 2593 2583 Οὓς
2613 2518 2822 2573 καὶτὸν
2852 2518 2983 2572 λαὸν
3009 2518 3130 2589 τρὶς
3160 2518 3471 2590 σφραγίσας
3495 2517 3721 2588 ὕστερον

474 2591 1000 2661 τεςοι-ιιοῑιιε,ἐιιηι
1041 2593 1326 2649 exsultans
1382 2591 1658 2647 Christum
1710 2593 1942 2662 excepit.
1981 2592 2050 2648 Et

2149 2612 2334 2678 πάλιν,
2369 2615 2464 2668 καὶ
2520 2611 2895 2682 ἐπευξάμενος
2945 2613 2975 2666 δ
3031 2611 3348 2682 ἀρχιερεὺς,
3399 2609 3497 2675 τὸ,
3551 2628 3570 2663 ι
3607 2610 3717 2664 Νῦν

429 2747 431 2749 ,
477 2700 605 2745 tunc
633 2703 788 2744 sacra
847 2687 1069 2756 deponit
1093 2685 1446 2738 vestimenta.
1480 2683 1618 2738 Cum
1653 2684 1930 2741 orationes
1953 2687 2044 2740 ab-

2149 2704 2428 2770 άπολύεις,
2467 2723 2486 2756 ι
2525 2702 2644 2757 καθ’
2693 2702 2888 2756 ἑαυτὸν
2937 2702 3031 2756 καὶ
3076 2701 3146 2756 τὰ
3195 2702 3360 2757 λοιπὰ
3408 2701 3581 2770 λέγει,
3626 2700 3719 2756 τοῦ

477 2783 657 2845 solvit,
688 2796 784 2850 pro
838 2778 1092 2833 omnibus
1138 2775 1349 2845 gratias
1385 2773 1494 2844 agit
1517 2783 1570 2828 et
1610 2783 1689 2829 ter
1715 2775 1947 2842 genibus
1978 2775 2047 2832 ad

2148 2793 2374 2864 Συμεὼν
2423 2793 2792 2864 μεμνημένος,
2837 2793 3005 2862 ἡνίκα
3036 2793 3129 2847 τὸν
3166 2795 3400 2866 Χριστὸν
3449 2795 3721 2864 ἀγκάλαις

476 2875 645 2927 altare
679 2871 833 2925 ﬂexis
859 2868 994 2923 abit.
1017 2867 1171 2921 Talia
1203 2874 1335 2920 sunt
1363 2879 1424 2918 ea
1452 2880 1574 2935 quae
1626 2865 1930 2936 respiciunt
1979 2868 2046 2923 ad

2147 2885 2386 2951 ἐδέξατο.
2417 2884 2528 2938 Καὶ
2553 2883 2622 2937 τὰ
2650 2883 2777 2952 ίερὰ
2803 2883 3122 2938 ἀποτίθεται
3153 2865 3350 2954 ἀμφια.
3397 2884 3716 2956 Προσευξά-

476 2977 732 3028 magnum
766 2968 1128 3027 sanctumque
1159 2956 1500 3027 mysterium.
1533 2955 1798 3014 Maximos
1819 2960 2039 3030 quidem

2152 2992 2311 3046 μενος
2338 2972 2432 3030 οὖν
2459 2977 2554 3028 καὶ
2578 2975 2882 3041 ἀπολύσας,
2913 2975 3058 3047 ὑπὲρ
3103 2968 3321 3031 πάῦτων
3356 2955 3672 3047 εὐχαριττεί
3701 2992 3718 3009 ⁸

475 3056 770 3132 secundum
798 3053 940 3108 istud
975 3061 1027 3104 ct
1061 3065 1226 3120 supra
1253 3064 1355 3105 nos
1387 3059 1672 3117 poscerent
1703 3067 1988 3111 sermones
2021 3075 2036 3112 :
2065 3052 2090 3116 ε

2098 3053 2112 3114 ἶ
2147 3069 2243 3124 καὶ
2275 3068 2394 3139 τρὶς
2416 3067 2493 3137 τῷ
2527 3067 2899 3138 θυσιαστηρίῳ
2942 3068 3351 3138 προσκυνήσας,
3385 3069 3713 3138 ἀπέρχεται.

473 3150 566 3203 sed
595 3147 748 3218 juxta
812 3145 1106 3214 potentiam
1164 3152 1429 3210 nostram,
1469 3154 1526 3198 ttt
1587 3156 1704 3200 erat
1764 3148 2042 3215 possibile,

2144 3160 2382 3216 Τοιαῦτα
2432 3161 2528 3214 καὶ
2569 3157 2638 3213 τὰ
2685 3159 2784 3230 τῆς
2833 3161 3079 3232 μεγάλης
3126 3162 3224 3216 καὶ
3275 3163 3424 3232 ίερᾶς
3471 3162 3717 3232 τελετῆς,

474 3241 694 3295 brevius
723 3237 1114 3306 complevimus
1144 3245 1198 3289 et
1224 3235 1486 3304 speculati
1513 3251 1744 3304 sumus;
1781 3239 2039 3307 qu0niam

2147 3255 2437 3324 μεγίστους
2467 3252 2566 3323 μὲν
2616 3253 2736 3306 κατ’
2771 3253 2944 3324 αὐτὴν
2992 3253 3088 3308 καὶ
3136 3255 3278 3326 ὑπὲρ
3327 3257 3476 3327 ἡμᾶς
3519 3255 3716 3326 ἔχουσα

479 3347 644 3400 super
673 3330 804 3383 illud
862 3327 1014 3380 multi
1050 3325 1219 3379 divini
1282 3325 1382 3379 viri
1435 3327 1652 3382 excelse
1707 3329 2048 3400 miriﬁceque

2143 3348 2270 3410 τοὺς
2299 3345 2512 3415 λόγους,
2546 3347 2688 3400 κατὰ
2713 3344 2945 3412 δύναμιν
2974 3346 3031 3399 δὲ
3059 3325 3438 3417 ἡμετέρανῶς
3460 3343 3530 3418 ἦν
3550 3325 3715 3403 δυνα-

477 3423 642 3478 locuti
671 3430 819 3482 sunt,
854 3427 908 3472 et
940 3431 1040 3471 nos
1067 3431 1176 3470 non
1206 3424 1424 3486 oportet
1448 3431 1512 3470 ea
1563 3427 1774 3475 tentare
1804 3436 1923 3492 quae
1947 3439 2039 3478 su-

2145 3438 2238 3490 τὸν
2269 3435 2736 3505 συνοπτικώτερον
2767 3438 3089 3490 συντεθεῖσά
3125 3455 3185 3491 τε
3220 3439 3318 3492 καὶ
3349 3439 3710 3508 θεωρηθείσα,

479 3530 571 3585 pra
604 3527 705 3567 nos
741 3517 886 3565 sunt.
923 3507 1045 3562 llaec
1074 3506 1219 3562 enim
1246 3506 1408 3562 etiam
1434 3519 1559 3564 sunt
1585 3519 1806 3580 propter
1855 3527 1974 3572 vos.

2146 3532 2269 3586 επεὶ
2309 3530 2526 3594 πολλοῖς
2557 3529 2686 3600 ’περὶ⁵
2719 3527 2924 3594 ταύτης
2969 3527 3220 3584 λέλεκται
3273 3529 3440 3595 θείοις
3463 3506 3716 3605 -άνδράσι

473 3606 569 3659 καὶ
599 3603 890 3677 ὑψηγόρως
942 3601 1040 3655 καὶ
1089 3599 1444 3668 θαυμαστῶς
1485 3602 1580 3656 καὶ
1627 3606 1690 3660 οὐ
1745 3608 1830 3667 δεί
1883 3624 2234 3699 κατατολμᾷν
2282 3627 2430 3698 ἡμᾶς
2480 3625 2590 3680 τῶν
2625 3625 2765 3695 ὑπερ
2819 3624 2988 3694 ἡμᾶς’
3034 3623 3132 3678 καὶ
3193 3624 3367 3680 ταῦτα
3455 3599 3601 3698 γὰρ⁷
3646 3623 3715 3682 δι’

470 3702 636 3772 ὑμᾶς.

537 3793 792 3851 Clericus.
850 3789 1067 3848 Gratias
1124 3790 1252 3858 Deo,
1304 3796 1452 3866 quod
1499 3814 1664 3871 super
1716 3805 2036 3878 huiusmodi

2211 3817 2534 3888 Κληρικός.
2563 3817 2738 3888 Χάρις
2770 3814 2850 3885 τῷ
2879 3815 3018 3887 Θεῷ,
3047 3817 3131 3871 ὅτι
3164 3819 3260 3872 καὶ
3298 3816 3427 3888 περὶ
3457 3818 3565 3872 τῶν
3593 3818 3709 3874 λίαν

468 3886 633 3941 rebus
663 3895 770 3940 tam
797 3883 1034 3940 excelsis
1082 3891 1138 3939 et
1180 3891 1290 3939 tam
1324 3885 1528 3944 divinis
1581 3893 1915 3957 sufﬁcienter
1942 3904 2038 3960 ad-

2142 3883 2580 3980 oﬁcwcwﬁtiaqltbv
2627 3883 2688 3961 τε
2759 3883 2855 3962 καὶ
2907 3883 3071 3961 θείων
3113 3883 3454 3980 πραγμάτων
3501 3911 3704 3966 τούτων

464 3977 566 4048 juti
611 3990 803 4033 sumus
846 3975 1142 4045 :cupimus
1194 3984 1376 4032 autem
1435 3988 1491 4034 et
1542 3981 1754 4043 discere
1805 4005 1867 4045 ea
1912 4009 2035 4064 qua

2145 3999 2346 4063 ίκανῶς
2390 3975 2773 4068 ωερελήθημεν.
2819 3997 3100 4069 Ζητοῦμεν
3145 3999 3204 4054 δὲ
3241 3975 3452 4070 μαθεῖν
3498 4001 3594 4054 καὶ
3639 4001 3707 4055 τὰ

469 4078 714 4140 spectant
758 4067 824 4123 ad
875 4066 1242 4162 initiationem
1289 4085 1355 4126 ac
1385 4079 1860 4138 consecrationem
1897 4094 2034 4144 tem-

2146 4091 2272 4162 περὶ
2311 4089 2409 4162 τῆς
2439 4066 2664 4159 τελετῆς
2693 4089 2788 4143 καὶ
2819 4066 3196 4161 καθιερώσεως
3233 4066 3328 4147 τοῦ
3355 4091 3514 4159 ναοῦ,
3537 4092 3612 4156 ὡς
3639 4093 3704 4147 ἂν

474 4161 582 4234 pli,
641 4150 995 4230 rationesque
1049 4160 1357 4220 divinorum
1397 4165 1454 4221 in
1501 4167 1608 4226 hoc
1655 4174 2029 4244 symbolarum
2073 4172 2082 4180 ’

2137 4150 2233 4236 καί
2255 4150 2452 4265 τῶνζδν
2480 4150 2657 4252 τούτω
2687 4179 2846 4234 θείων
2881 4150 3324 4251 συμϐόλων-τοὺς
3353 4150 3546 4252 λόγούς
3570 4150 3703 4254 ἔγω-

469 4255 690 4310 habere.
760 4285 770 4293 -
2139 4287 2260 4343 μιν,
