4114 6272
386 376 492 444 305
1162 472 1170 482 ι
1454 373 1467 392 ’
1644 399 1744 460 DE
1783 399 2011 463 SACRC

2049 403 2373 465 TEMPLO.
2471 438 2484 447 -
3529 377 3667 476 [ξοδ-ι

399 535 3488 582 ._.______.______________________________________________

1019 701 1418 832 ΠΕΡΙ
1491 707 1840 835 ΤΟΥ
1934 703 2462 843 ΑΓΙΟΥ
2535 712 2996 851 ΝΑΟΥ

1217 1038 1440 1127 ΤΗΣ
1510 968 2834 1138 ΤΟΥΤΟΥῒ-ἱίΑΘΙΕΡΩΣΕΩΣ.

1183 1360 1378 1544 DE
1546 1359 1822 1477 SAC
1872 1365 2072 1480 ΒΟ
2209 1367 2856 1485 TEMPLO-

1269 1709 1392 1800 EJ
1414 1711 1552 1804 US
1681 1709 2711 1805 CONSECRATIONE.

461 2076 813 2148 'Apxtepsﬁc.
848 2076 958 2132 Καὶ
1007 2077 1136 2148 περὶ
1168 2075 1360 2132 τούτου
1393 2075 1647 2148 ἐροῦμεν,
1694 2076 1828 2130 Θεοῦ
1863 2076 1940 2128 δι·
1969 2079 2019 2138 Α

2113 2077 2379 2149 Pontifex.
2439 2078 2505 2133 Et
2563 2092 2726 2148 super
2776 2079 2899 2144 hoc,
2964 2077 3072 2134 Deo
3129 2079 3313 2150 dante,
3359 2061 3626 2139 dicemus’
3681 2087 3709 2100 ‘

372 2169 581 2233 δόντος.
610 2169 764 2224 Ἐπεὶ
787 2171 886 2224 καὶ
913 2169 1228 2235 ἀκόλουθον,
1256 2173 1384 2239 περί
1402 2187 1462 2226 τε
1483 2170 1578 2225 τοῦ
1604 2169 1749 2223 θείου
1771 2170 1946 2240 μύρου

2051 2170 2311 2240 quoniam
2342 2177 2397 2227 et
2428 2183 2770 2240 consequens
2789 2181 2870 2225 est
2899 2185 3000 2224 nos
3023 2171 3088 2227 de
3120 2171 3309 2228 divino
3344 2184 3622 2244 unguento

375 2262 468 2314 καὶ
497 2261 597 2330 τῆς
625 2260 773 2327 ἱερᾶς
800 2261 1142 2330 λειτουργίας
1163 2261 1451 2332 εἰρηκότας
1491 2263 1663 2332 ἡμᾶς,
1694 2263 1788 2317 καὶ
1819 2262 1947 2332 περὶ

2051 2275 2317 2330 sacraque
2349 2259 2572 2330 liturgia
2615 2260 2828 2314 locutos
2861 2260 2928 2314 de
2953 2261 3056 2316 hoc
3085 2262 3251 2317 etiam
3304 2264 3574 2319 disserere
3605 2282 3620 2319 :

371 2349 564 2416 τούτου
596 2348 889 2402 διαλαὸεῖν·
927 2343 1047 2403 εἱτα
1079 2351 1171 2404 καὶ
1208 2351 1336 2417 περὶ
1369 2349 1469 2418 τῆς
1512 2350 1664 2414 θείας
1705 2369 1947 2421 χειροτο-

2051 2349 2250 2406 deinde
2303 2350 2370 2406 de
2421 2351 2604 2406 divina
2679 2351 3114 2422 uniuscujusque
3171 2369 3618 2410 consecratorum

374 2441 491 2507 via;
522 2441 754 2504 ἑκάστου
794 2441 901 2493 τῶν
936 2441 1254 2512 ἱερωμένων
1287 2442 1522 2511 ἀνδρῶν.
1565 2441 1788 2510 Ἐπειδὴ
1839 2444 1946 2513 γὰρ

2051 2442 2332 2497 hominum
2364 2443 2728 2498 ordinatione.
2753 2443 2963 2498 Etenim
3001 2445 3460 2514 quemadmodum
3485 2462 3622 2516 opus

371 2531 560 2602 ὥσπερ
593 2533 784 2601 χρείαν
804 2529 916 2601 ἔχει
937 2530 1242 2602 ἀρχιερέως
1263 2532 1296 2602 ἢ
1323 2531 1566 2603 ἱερέωςή
1588 2532 1708 2586 θεία
1735 2533 1882 2602 ἱερου
1893 2550 1949 2602 ρ-

2049 2541 2134 2589 est
2167 2533 2449 2603 pontiﬁce,
2501 2534 2589 2588 vel
2618 2533 2904 2589 sacerdote
2935 2549 3105 2589 sacrae
3159 2536 3411 2608 liturgiae,
3443 2539 3624 2606 ponti-

373 2627 490 2694 γὶα,
517 2627 610 2680 καὶ
639 2629 669 2695 ἡ
702 2627 1008 2697 χειροτονία
1041 2629 1099 2681 δὲ
1129 2629 1434 2700 ἀρχιερέως
1466 2629 1632 2697 μόνον
1665 2630 1764 2684 καὶ
1787 2630 1819 2695 ἡ
1848 2629 1946 2684 τοῦ

2051 2622 2153 2678 ﬁce
2179 2637 2310 2678 vero
2343 2630 2553 2678 tantum
2608 2623 2941 2678 ordiuationi
3004 2627 3377 2694 unguentique
3442 2627 3623 2682 initia-

377 2717 552 2788 μύρου
582 2717 793 2787 τελετὴ,
826 2718 971 2772 οὕτω
1000 2721 1096 2774 καὶ
1142 2721 1239 2774 τοῦ
1289 2721 1682 2790 θυσιαστηρίου
1734 2721 1947 2777 δέονται

2051 2712 2225 2778 tioni,
2261 2712 2341 2767 sic
2385 2712 2550 2767 etiam
2601 2723 2756 2780 egent
2784 2713 2887 2766 ista
2927 2713 3383 2770 sanctiﬁcationis
3453 2717 3617 2784 loco;

369 2809 561 2884 ταῦτα,
588 2810 723 2882 ὅπερ
759 2813 906 2866 ἐστὶν
935 2813 963 2865 6
997 2812 1119 2876 ναός
1157 2829 1172 2844 ο
1211 2814 1267 2867 ἐν
1319 2811 1396 2884 τῷ
1417 2813 1806 2884 θυσιαστηρίῳ
1832 2815 1942 2887 γὰρ

2050 2804 2139 2860 hic
2164 2811 2344 2860 autem
2376 2815 2458 2860 est
2505 2805 2790 2874 templum.
2818 2803 2873 2858 In
2908 2805 3066 2860 altari
3116 2809 3259 2862 enim
3291 2810 3348 2862 ﬁt
3379 2809 3625 2880 liturgia,

369 2899 464 2953 καὶ
496 2902 777 2970 ἱερουργία
807 2905 901 2956 καὶ
932 2904 1260 2974 χειροτονίαι
1296 2905 1390 2960 καὶ
1416 2905 1478 2959 τὸ
1509 2904 1683 2976 μύρον
1711 2907 1946 2974 γίνεται.

2049 2903 2103 2950 et
2133 2895 2528 2959 ordinationes,
2563 2905 2617 2950 et
2647 2910 2865 2951 sacrum
2891 2907 3249 2969 unguentum.
3281 2899 3514 2956 Necesse
3537 2912 3619 2954 est

383 2988 706 3056 Ἀναγκαῖον
731 2988 825 3045 οὖν
861 2995 1035 3046 εἰπεῖν
1058 2997 1152 3049 καὶ
1181 2996 1312 3065 περὶ
1341 2995 1444 3066 τῆς
1465 2993 1560 3049 τοῦ
1596 2995 1727 3048 ναοῦ
1761 2997 1945 3050 καθιε-

2049 2985 2216 3056 igitur
2245 2995 2297 3039 et
2348 2985 2413 3040 de
2471 2986 2654 3054 templi
2701 2988 3119 3042 consecratione
3159 2989 3306 3058 loqui
3342 3011 3356 3044 :
3390 2992 3442 3044 in
3497 2992 3617 3059 ipso

371 3077 610 3149 ρὼσεως.
661 3079 752 3133 Ἐν
806 3081 958 3154 αὐτῷ
1016 3085 1124 3153 γὰρ
1179 3085 1258 3154 τῷ
1309 3086 1419 3156 ναῷ
1463 3086 1524 3140 τὸ
1554 3087 1946 3160 θυσιαστήριον

2051 3090 2289 3147 namque
2340 3075 2538 3145 templo
2580 3077 2826 3131 ﬁrmatur
2857 3077 3049 3143 altare,
3093 3091 3148 3136 et
3177 3096 3272 3150 per
3295 3082 3464 3136 alt’are
3495 3099 3622 3136 san-

368 3161 672 3234 πήγνυται.
709 3168 819 3222 Καὶ
852 3169 949 3240 διὰ,
977 3171 1072 3224 τοῦ
1123 3172 1510 3246 θυσιαστηρίου
1560 3177 1717 3245 ἅγιος
1745 3177 1774 3229 6
1821 3176 1946 3242 ναός

2047 3176 2194 3222 etum
2241 3176 2322 3223 est
2347 3168 2644 3237 templum;
2685 3178 2739 3224 et
2774 3170 2891 3225 sine
2923 3171 3074 3224 altari
3103 3187 3210 3226 non
3233 3181 3314 3227 est
3342 3174 3621 3243 templum,

367 3257 506 3310 ἐστι·
529 3260 698 3330 χωρὶς
725 3259 782 3314 δὲ
820 3261 1209 3334 θυσιαστηρίου
1249 3267 1310 3320 οὐ
1341 3270 1486 3334 ναὸς,
1536 3269 1674 3324 ἀλλὰ
1705 3287 1947 3341 προσευ-

2047 3258 2144 3314 sed
2206 3265 2422 3313 tantum
2490 3260 2755 3316 orationis
2802 3261 3022 3324 domus,
3077 3263 3251 3316 solam
3301 3265 3613 3320 orationum

366 3346 472 3417 χῆς
499 3349 660 3419 μόνον
690 3349 860 3417 οἶκος,
894 3354 1140 3425 μετέχων
1166 3358 1266 3427 τῆς
1296 3359 1404 3412 ἀπὸ
1436 3360 1545 3414 τῶν
1567 3362 1746 3432 εὐχῶν
1773 3363 1944 3433 μόνης
1977 3416 1991 3433 ι

1998 3418 2016 3433 ι
2047 3349 2480 3405 benedictionem
2519 3348 2876 3418 participans,
2942 3367 3048 3406 non
3091 3350 3181 3406 Dei
3230 3353 3416 3422 gloriae
3446 3353 3623 3408 taber-

367 3416 697 3514 ἁγιωσύνης,
725 3444 786 3496 οὐ
827 3416 962 3499 Θεοῦ
994 3416 1154 3517 δξξης
1195 3416 1482 3519 σκήνωμα,
1520 3416 1942 3525 οὑδιέὶκιικιξοικηΣ
1975 3416 1992 3477 Ι

1996 3418 2320 3504 δοθειιιοηι,
2356 3439 2650 3508 necipsius
2680 3440 2860 3506 sedes,
2900 3455 2998 3494 nec
3042 3440 3225 3494 divina
3263 3442 3472 3508 pollens
3514 3444 3621 3496 vir-

365 3533 554 3600 τήριον
577 3533 790 3600 τούτου,
837 3536 957 3589 οὐδὲ
1009 3539 1164 3608 ίσχὺν
1211 3539 1458 3594 πλουτῶν
1508 3541 1682 3606 θείαν,
1722 3545 1823 3608 τὰς
1881 3546 1940 3598 ιν

2049 3537 2162 3582 tute
2195 3544 2384 3598 preces
2417 3537 2634 3585 nostras
2657 3544 2778 3598 quae
2800 3531 2936 3584 ﬁunt
2967 3533 3020 3586 in
3053 3545 3114 3585 ea
3155 3532 3220 3586 ad
3260 3531 3425 3586 Deum
3457 3535 3616 3587 attol-

367 3620 514 3690 αὐτῷ
543 3623 703 3692 ἡμῶν
734 3630 1046 3699 προσευχὰς
1083 3630 1222 3700 πρὸς
1245 3631 1378 3684 Θεὸν
1409 3632 1702 3703 ἀναφέρειν
1728 3634 1819 3688 διὰ
1842 3635 1942 3704 τῆς

2045 3622 2192 3676 lendi
2226 3637 2320 3691 per
2342 3623 2571 3692 gratiam
2598 3622 2698 3692 ipsi
2756 3623 3133 3678 inhaerentem.
3157 3622 3261 3678 Nec
3286 3625 3338 3677 in
3365 3641 3424 3679 ea
3449 3640 3612 3694 super

369 3713 428 3764 ὲν
461 3713 606 3781 αὐτῷ
640 3716 881 3784 χάριτος⁸
913 3719 1038 3773 οὐδὲ
1086 3723 1493 3793 προσφέρεσθαι
1526 3727 1582 3778 ὲν
1612 3727 1675 3795 τῇ
1704 3726 1762 3780 ὲν
1791 3727 1942 3798 αὕτῷ

2045 3727 2290 3766 mensam
2374 3712 2555 3766 divina
2628 3713 2856 3782 proponi
2908 3722 3139 3780 possunt
3205 3715 3368 3776 dona,
3421 3731 3621 3786 perque

365 3805 616 3876 τραπέζῃ
650 3807 718 3861 τὰ
753 3807 873 3862 θεῖα
914 3798 1084 3882 δῶρα,
1119 3815 1213 3868 καὶ
1240 3814 1325 3867 διὰ
1364 3817 1473 3871 τῶν
1519 3815 1814 3887 ἱερατικῶν
1846 3820 1941 3872 εὐ-

2045 3803 2407 3858 sacerdotales
2465 3817 2654 3871 preces
2681 3811 2732 3856 et
2775 3801 2956 3856 erucis
2991 3803 3202 3870 signum
3256 3805 3308 3857 in
3348 3821 3542 3874 corpus
3564 3818 3617 3861 et

367 3895 502 3964 χῶν,
533 3897 634 3966 τῆς
663 3898 758 3952 τοῦ
794 3900 1030 3971 σταυροῦ
1079 3921 1139 3957 τε
1183 3908 1495 3975 σφραγῖδος,
1543 3909 1625 3970 εἱς
1656 3909 1815 3980 σῶμα
1845 3910 1942 3964 καὶ

2044 3894 2359 3960 sanguinem
2413 3893 2612 3948 Christi
2664 3892 2867 3960 Spiritu
2918 3905 3112 3949 sancto
3181 3897 3448 3952 converti.
3507 3898 3610 3953 Sed

367 3982 506 4053 αἷμα
554 3987 794 4057 Χριστοῦ
829 3993 968 4061 ἁγίῳ
1011 3995 1291 4064 Πνεῦματι
1342 3999 1797 4065 μεταϐάλλεσθαι.
1832 4003 1942 4057 Καὶ

2045 4000 2144 4040 nec
2175 3985 2336 4039 etiam
2371 3992 2457 4039 est
2501 3985 2552 4039 in
2610 4000 2671 4039 ea
2726 4001 2933 4040 mensa.
2969 3987 3098 4040 Ideo
3135 3996 3190 4039 ιιι
3240 3987 3344 4041 ista
3384 3987 3535 4071 ﬁant.
3564 4000 3617 4044 et

363 4075 487 4130 οὐδὲ
535 4077 783 4146 τράπεζά
808 4083 956 4136 ἐστιν
985 4083 1044 4137 ὲν
1073 4085 1245 4156 αὐτῷ.
1270 4087 1360 4140 Διὸ
1383 4089 1469 4140 ἵνα
1493 4090 1719 4159 γένηται
1744 4091 1938 4158 ταῦτα,

2045 4074 2302 4127 virtutem
2351 4073 2614 4140 habeant,
2658 4085 2711 4129 et
2736 4074 2998 4142 templum
3035 4074 3247 4139 Dcisit,
3285 4075 3412 4130 illud
3452 4077 3614 4132 etiam

365 4167 460 4220 καὶ
487 4168 720 4237 δύναμιν
749 4171 872 4252 ἔχῃ,
902 4177 998 4232 καὶ
1023 4178 1149 4239 ναδς
1178 4155 1402 4250 ὕπάρχῃ
1446 4155 1623 4245 Genti,—
1649 4181 1742 4236 καὶ
1785 4155 1942 4236 τοῦτο

1376 4194 1402 4250 ῃ
1446 4155 1623 4245 Θέας
1649 4181 1742 4236 καὶ
1785 4155 1942 4236 τοῦτὸ
2042 4163 2123 4216 sic
2147 4155 2489 4216 const‘ruitur
2517 4169 2571 4218 et
2607 4162 3001 4218 sanctiﬁcatur.

363 4255 538 4322 οὕτως
573 4260 940 4332 οἰκοδομεῖται
969 4267 1063 4321 καὶ
1097 4268 1410 4337 ἁγιάζεται.

863 4379 1019 4450 115
1041 4381 1292 4440 ΚΕΦΔΛ.
1324 4384 1452 4440 PA'.

1385 4384 1452 4440 ι’.
2659 4373 2887 4429 CAPUT
2925 4375 3010 4431 οι.

364 4465 506 4532 Περὶ
532 4469 858 4541 οἱκοδομῆς
891 4471 1067 4542 ἁγίου
1095 4473 1272 4548 ναοῦ,
1321 4475 1422 4528 καὶ
1469 4474 1662 4545 εὐχῆς
1714 4474 1813 4529 ἐπὶ
1845 4478 1939 4531 θε-

2045 4469 2122 4523 De
2155 4467 2507 4548 a'diﬁcatione
2549 4466 2719 4548 sancti
2762 4466 2958 4533 templi,
3000 4476 3050 4520 et
3103 4467 3342 4548 precibus
3401 4471 3613 4528 quando

1048 4535 1267 4610 μελίῳξ
1543 4535 1579 4545 ”
1608 4535 1620 4544 ’
1638 4535 1653 4541 ⁷
2061 4565 2066 4571 ·
2262 4535 2266 4536 ί
2404 4537 2518 4605 ejus
2577 4535 2672 4604 fun

1638 4535 1653 4541 ”
2061 4565 2066 4571 -
2262 4535 2266 4536 ⁷
2404 4537 2518 4605 ejus
2577 4535 2980 4604 fundamentum
3025 4537 3259 4604 ponitur.

444 4626 506 4681 '0
536 4629 748 4698 μέλλων
791 4631 1146 4702 οἰκοδομῆσαι
1199 4633 1341 4688 θετον
1387 4635 1516 4690 ναὸν
1571 4636 1936 4708 προσέρχεται

2114 4628 2218 4694 Qui
2249 4627 2365 4682 vult
2391 4627 2637 4681 divinum
2671 4627 2933 4695 templum
2965 4627 3259 4692 aediﬁcare,
3294 4631 3607 4698 pontiﬁcem

360 4717 436 4786 τῷ
469 4719 740 4826 ἀρχιερεῖ,
790 4724 885 4826 καὶ
917 4725 1212 4791 ἐξαιτεῖ-ται
1243 4726 1604 4798 πρὸς,τούτου
1648 4729 1746 4798 τὴν
1789 4727 1932 4783 ἕνδο-
1962 4767 1985 4826 (

1988 4765 2008 4792 ,
2041 4718 2152 4776 adit
2182 4728 2236 4774 et
2259 4721 2328 4772 ab
2361 4719 2454 4772 illo
2503 4717 3064 4788 petitconcessiouem
3103 4734 3118 4772 :
3157 4734 3263 4773 non
3300 4721 3444 4776 enim
3497 4725 3613 4778 cui.

1988 4801 2007 4826 Ι
2122 4825 2133 4826 γ
2166 4824 2193 4826 ,_
2237 4809 2311 4826 ιι.-
2390 4815 2464 4826 ,-.
2516 4805 2715 4826 -l._._---
2779 4806 3072 4826 _-_.:u-‘ls
3125 4808 3279 4826 9,,,_o,
3413 4821 3425 4826 _
3469 4814 3519 4826 η-

362 4825 465 4862 σιν.
498 4811 634 4864 Οὐδὲ
664 4813 774 4880 γὰρ
803 4813 922 4878 ἐξόν
946 4832 1054 4868 τινι
1081 4819 1252 4886 χωρὶς
1281 4818 1676 4887 ἀρχιερατικῆς
1701 4835 1934 4888 προστα-

1986 4805 2007 4826 ¹
2037 4824 2202 4880 quam
2237 4809 2317 4862 las
2383 4815 2468 4862 est
2511 4805 2722 4875 absque
2779 4806 3072 4875 pontiﬁcali
3118 4808 3366 4877 iussione
3411 4814 3611 4871 talibus

361 4897 462 4966 γῆς
487 4902 600 4964 τοῖς
630 4904 897 4967 τοιούτοις
927 4905 1250 4976 ἐπιχειρεῖν.
1281 4907 1413 4978 Θείᾳ
1452 4909 1562 4978 γὰρ
1606 4911 1840 4980 ἐπιταγῇ
1872 4927 1932 4963 τε

2038 4913 2259 4953 manum
2293 4898 2584 4952 admovere
2618 4915 2633 4951 :
2669 4896 2856 4951 divino
2901 4913 3136 4967 namque
3178 4899 3342 4982 jussu
3368 4904 3607 4978 .divina.

359 4990 450 5040 καὶ
484 4989 687 5062 δοκιμῇ
713 4993 782 5046 τὰ
809 4993 926 5046 θεῖα
953 4995 1198 5062 γίνεσθαι
1227 4997 1357 5067 χρὴ,
1402 4999 1498 5052 καὶ
1526 4998 1583 5052 ἐν
1613 5001 1730 5062 τοῖς
1763 4998 1929 5064 θείοις

2033 5007 2138 5062 que
2183 4989 2502 5060 probatione
2530 4988 2714 5043 divina
2748 4988 2864 5044 ﬁeri
2899 5005 3123 5047 necesse
3161 5001 3266 5056 est,
3299 5003 3352 5050 et
3385 5000 3438 5052 iu
3469 4999 3610 5053 divi-

357 5080 450 5133 τδν
472 5081 608 5132 Θεὸν
640 5076 783 5135 εἶναι
811 5084 988 5154 ἀρχὴν
1014 5085 1123 5139 τῶν
1167 5086 1388 5140 πάντων
1431 5089 1674 5158 ἀρχηγὸν
1704 5089 1800 5142 καὶ
1839 5102 1929 5144 re;

2031 5084 2119 5138 nis
2156 5081 2477 5151 principium
2509 5096 2632 5136 esse
2680 5080 2875 5149 Deum,
2909 5089 3153 5143 omnium
3208 5098 3488 5144 auctorem
3545 5105 3608 5143 ac

356 5169 607 5238 λειωτὴν,
643 5172 701 5234 ὃς
731 5176 882 5226 ἐστιν
920 5176 1127 5244 Ἰησοῦς
1157 5177 1412 5245 Χριστὸς,
1454 5181 1482 5232 6
1531 5180 1674 5242 θεῖος
1717 5180 1931 5245 Παῦλος

2032 5182 2556 5235 consutnmatorem,
2611 5173 2703 5242 qui
2751 5181 2832 5228 est
2898 5176 3150 5236 Christus
3188 5179 3368 5245 Iesus,
3425 5181 3607 5248 inquit.

357 5275 545 5328 φησιν.
592 5262 716 5314 Ἐπὶ
766 5262 823 5316 δὲ
856 5265 945 5318 τὸν
975 5265 1161 5333 θρόνον
1212 5267 1452 5338 Χριστοῦ
1502 5270 1735 5339 κάθηται
1787 5271 1928 5326 ἐλέει

2031 5263 2191 5318 divus
2255 5262 2498 5328 Paulus;
2577 5281 2742 5336 super
2813 5279 2998 5325 autem
3051 5270 3257 5324 Christi
3317 5273 3599 5330 thronum,

356 5349 521 5404 αὐτοῦ
551 5354 579 5406 6
622 5353 933 5426 ἀρχιερεύς.
980 5360 1290 5428 Δοκιμάσας
1320 5357 1415 5415 οὖν
1459 5360 1612 5425 οὗτος
1642 5362 1734 5416 τὸν
1778 5365 1928 5416 οἱκο-

2041 5355 2216 5425 ipsius
2269 5357 2670 5423 misericordia,
2723 5361 2974 5414 considet
3034 5359 3302 5429 pontifex.
3359 5361 3605 5415 Probans

354 5439 539 5509 δομεῖν
569 5442 819 5509 θέλοντα,
851 5449 1062 5516 μήποτε
1093 5451 1343 5520 ἐπιχειρῇ
1379 5452 1499 5521 μὲν,
1535 5454 1596 5507 οὐ
1624 5454 1820 5526 τελέσῃ
1844 5455 1923 5520 δὲ,

2028 5448 2190 5516 igitur
2217 5449 2318 5502 iste
2340 5445 2462 5502 eum
2497 5453 2591 5519 qui
2621 5452 2734 5506 vult
2777 5451 3072 5516 mdiﬁcare,
3137 5451 3429 5520 nequando
3477 5453 3602 5520 qui-

355 5531 425 5593 ὼς
461 5537 592 5602 περὶ
630 5537 722 5588 τοῦ
775 5537 986 5610 πύργου
1037 5542 1093 5593 ὲν
1125 5542 1203 5612 τῷ
1243 5543 1563 5615 Εὐαγγελίῳ
1591 5547 1922 5615 γέγραπται,

2033 5540 2155 5595 dem
2188 5541 2432 5610 incipiat,
2480 5558 2588 5596 non
2620 5552 2802 5598 autem
2838 5543 3104 5613 perﬁciat,
3139 5544 3284 5598 sicut
3334 5549 3416 5598 de-
3460 5547 3602 5598 turri

354 5622 695 5678 ἀποστέλλει·
729 5628 818 5682 ἵνα
871 5633 946 5700 μὴ
1003 5632 1310 5704 ἀρξάμενός
1361 5653 1444 5699 τις
1495 5638 1595 5690 οὐκ
1642 5637 1923 5711 ἐκτελέσῃ,

2033 5632 2088 5684 in
2152 5630 2440 5702 Evangelia
2506 5634 2766 5698 scriptum
2818 5644 2936 5698 est,
2993 5633 3250 5693 dimittit.
3319 5648 3387 5688 ne
3452 5635 3599 5702 quis,

356 5713 388 5780 ἢ
445 5715 658 5782 μήποτε
705 5719 982 5786 τελεσθεὶς
1036 5725 1132 5792 καὶ
1168 5725 1450 5793 ἁγιασθεὶς
1500 5727 1674 5798 ἀφεθῇ
1724 5729 1752 5780 6
1799 5730 1927 5791 ναὸς

2033 5731 2321 5792 postquam
2379 5725 2658 5796 inceperit,
2715 5741 2822 5781 non
2875 5723 3139 5795 perﬁciat,
3174 5724 3255 5779 vel
3321 5725 3607 5795 nequando

361 5803 540 5880 πέλιν,
577 5809 671 5862 καὶ
719 5809 904 5892 ἀργῷν
935 5813 1176 5883 ἵσταται,
1214 5815 1288 5880 ὡς
1336 5817 1402 5871 τὰ
1448 5818 1579 5887 πρδς
1627 5818 1813 5887 χρείαν
1848 5818 1924 5887 μὴ

2039 5815 2250 5870 ﬁnitum
2303 5823 2356 5870 et
2382 5828 2759 5872 consecratum
2794 5817 3052 5887 templum
3087 5827 3273 5886 postea
3313 5815 3599 5872 deseratur
