4090 6258
505 359 626 432 ,3ἣῖ

1331 357 1711 419 SYMEONIS
1746 357 2888 428 THESSALONICENSIS'ARCHIEP.

3627 358 3734 419 3F8

501 475 562 521 et
607 465 840 520 otiosum
894 473 1208 529 remaneat,
1265 474 1519 536 tanquam
1576 463 1882 519 necessaria
1932 463 2087 540 usui‘

2177 468 2317 539 ἱχων.
2353 471 2443 524 Διδ
2473 473 2565 525 καὶ
2593 470 2974 540 ἐξεταζόμενος
3004 472 3033 524 6
3071 469 3416 540 οἰκοδομῆσαι
3468 466 3729 537 βουλόμε-

505 573 616 612 non
671 557 892 610 habens.
947 556 1094 622 Ideo,
1125 557 1373 611 examine
1419 555 1585 619 iacto,
1614 555 1706 624 qui
1739 555 1853 608 vult
1882 553 2055 608 aediﬁ-

2159 577 2270 626 νος,
2302 563 2395 614 καὶ
2442 561 2565 624 δοὺς
2612 563 2770 630 λόγον
2801 564 2876 624 ὼς
2909 564 2988 624 είς
3017 561 3170 623 τέλος
3215 557 3585 628 οἰκοδομήσει,
3635 555 3731 609 καὶ

504 661 650 708 care,
697 645 820 699 data
867 645 1082 699 ratione
1125 645 1266 718 quod
1328 647 1379 700 in
1446 647 1603 699 ﬁnem
1656 643 1973 713 aediﬁcahit.
2003 652 2058 712 et

2177 653 2225 706 :c‘z
2273 653 2415 718 κατὰ
2458 653 2648 724 χρείαν
2704 652 2930 718 ἅπαντα
2979 652 3280 720 ἐτοιμάσει,
3330 646 3730 715 προστάττεται

503 734 682 788 omnia
714 735 1014 788 necessaria
1069 735 1454 806 suppeditabit,
1505 735 1722 806 juhetur
1767 731 2054 790 adiﬁcare.

485 825 569 879 .Et
601 824 933 881 eﬂ’odiuntur
957 820 1344 890 fundamenta;
1377 836 1431 880 et
1481 834 1742 895 parantur
1791 829 2054 879 materiae.

504 912 569 966 Et
595 927 717 967 cum
750 922 962 984 tempus
1003 914 1306 968 aediﬁcandi
1333 915 1560 973 venerit;
1587 907 1702 982 ipse
1739 913 1978 982 pontifex
2003 914 2057 967 in

507 1005 626 1058 loco
651 1005 812 1060 sistit.
845 1007 911 1059 Et
943 1019 1155 1059 sacram
1194 1006 1414 1068 indutus
1471 1006 1664 1066 stolam
1695 1045 1711 1072 ,
1759 1007 1908 1062 clero
1956 1008 2060 1078 ipsi

504 1095 774 1155 adstante,
807 1094 975 1149 Deum
1036 1095 1332 1160 hencdicit,
1363 1110 1461 1164 pro
1491 1094 1676 1150 divino
1719 1110 1883 1164 opere
1939 1111 2060 1165 gra-

508 1185 608 1239 tias
635 1199 834 1254 agens;
865 1194 918 1241 et
948 1186 1194 1240 oratione
1221 1187 1426 1255 trisagii
1471 1201 1502 1240 a
1541 1187 1688 1241 clero
1725 1185 1885 1249 facta,
1920 1185 2058 1256 ipse,

505 1274 734 1329 incenso
782 1276 1087 1338 benedicta,
1139 1276 1472 1330 thuribulum
1529 1277 1824 1344 accipiens,
1869 1275 2065 1330 funda-

509 1373 689 1418 menta
718 1372 771 1418 et
798 1363 980 1419 foveas
1009 1365 1060 1417 in
1093 1367 1308 1426 modum
1331 1365 1509 1420 crucis
1543 1365 1835 1431 benedicit,
1883 1366 2064 1420 omnia

513 1453 917 1508 thuriﬁcatione
965 1454 1330 1510 sanctiﬁcans.
1366 1455 1603 1524 Spiritus
1649 1456 1794 1509 enim
1831 1456 2063 1526 gratiam

513 1548 794 1599 incensum
827 1585 842 1608 ,
895 1554 950 1600 et
1002 1545 1278 1602 Christum
1318 1553 1450 1602 crux
1501 1548 1755 1618 ﬁgurant.
1815 1548 2058 1602 Cunctas

507 1637 668 1691 etiam
705 1645 997 1707 praesentes
1055 1639 1314 1693 materias
1367 1637 1662 1709 thuriﬁcat,
1709 1638 2064 1693 sanctiﬁcans

508 1744 626 1792 eas,
658 1737 908 1798 tanquam
951 1730 1018 1782 ad
1045 1737 1288 1784 sanctam
1321 1729 1412 1782 Dei
1456 1729 1675 1784 domum
1713 1739 2065 1798 praeparatas.

2160 743 2487 816 οἰκοδομεῖν.
2517 744 2627 808 Kal.
2653 740 2975 812 ὀρύσσονται
3013 741 3112 809 μὲν
3138 741 3187 792 οἱ
3220 737 3481 808 θεμέλιοι·
3515 734 3733 802 ἐτοιμά-

2162 833 2342 897 ζονται
2391 833 2446 885 δὲ
2483 834 2537 886 αἱ
2569 832 2714 888 ὗλαι.
2759 834 2869 888 Καὶ
2913 831 3008 884 τοῦ
3044 827 3240 898 καιροῦ
3279 825 3373 880 τοῦ
3423 823 3732 891 οἰκοδομεῖν

2162 924 2502 988 ἐπιστάντος,
2548 924 2711 986 αὐτὸς
2740 923 2816 991 τῷ
2844 923 2994 991 τόπῳ
3037 919 3324 988 ἐφίσταται
3355 918 3382 969 6
3408 913 3724 986 ἀρχιερεύς.

2164 1017 2271 1078 Καὶ
2302 1015 2453 1085 ιερὰ.»
2482 1015 2841 1082 ἐνδυσάμενος
2868 1012 3082 1082 στολὴν,
3115 1010 3210 1062 τοῦ
3244 1008 3443 1076 κλήρου
3471 1020 3728 1073 συμπαρο

2163 1104 2316 1166 ὄντος
2365 1103 2533 1173 αὐτῷ,
2561 1105 2779 1172 εὐλογεῖ
2819 1103 2908 1156 τὸν
2939 1101 3094 1168 Θεδν,
3135 1098 3468 1169 εὐχαριστῶν
3495 1095 3572 1165 τῷ
3603 1094 3731 1159 θείῳ

2165 1194 2331 1264 ἔργῳ.
2383 1195 2494 1246 Καὶ
2549 1193 2856 1263 προσευχῆς
2915 1190 3210 1260 γινομένης
3275 1189 3370 1240 τοῦ
3427 1182 3727 1256 Τρισαγίου

2167 1287 2318 1358 παρά
2346 1285 2441 1339 τοῦ
2476 1285 2704 1354 κλήρου,
2763 1283 2928 1360 αὐτὸς
2977 1281 3282 1350 εὐλογήσας
3327 1276 3598 1346 θυμίαμα,
3631 1277 3729 1325 θυ-

2173 1377 2463 1446 μιατήριόν
2513 1392 2572 1428 τε
2623 1374 2804 1428 λαϐὼν
2853 1373 2979 1436 τούς
3012 1371 3296 1442 θεμελίους
3323 1367 3419 1422 καὶ⁸
3451 1365 3521 1419 τὰ
3569 1364 3730 1436 ὀρύγ-

2172 1483 2318 1536 ματα
2372 1466 2727 1535 σταυροειδῶς
2767 1464 3000 1532 εὐλογεῖ,
3065 1463 3247 1516 πάντα
3295 1458 3376 1526 τῷ
3428 1457 3733 1526 θυμιάματι

2171 1555 2438 1623 ἁγιάζων.
2472 1554 2585 1622 Τὴν
2641 1553 2805 1624 χάριν
2835 1555 2944 1622 γὰρ
2989 1553 3150 1606 τυποῖ
3193 1547 3288 1602 τοῦ
3323 1546 3633 1614 [Ῐνεύματος
3674 1544 3736 1596 τὺ

2172 1644 2444 1714 θυμίαμα,
2478 1645 2574 1696 καὶ
2603 1644 2632 1696 6
2658 1643 2892 1714 σταυρὸς
2913 1641 3007 1695 τὸν
3033 1639 3288 1710 Χριστόν.
3318 1638 3431 1692 Καὶ
3449 1635 3527 1688 ἐτι
3557 1634 3736 1697 πάσας

2173 1735 2345 1805 θυμιᾷ
2372 1735 2471 1796 τὰς
2500 1735 2678 1787 ἐκεῖσε
2720 1732 2876 1798 ὕλας,
2911 1729 3267 1799 καθαγιάζων
3310 1728 3499 1790 αὐτὰς,
3545 1725 3620 1789 ὼς
3651 1725 3733 1785 είς

513 1817 740 1884 Deinde,
773 1819 1092 1874 thurilicatis
1123 1817 1462 1874 adstantibus
1491 1826 1544 1872 et
1567 1819 1632 1872 ad
1668 1834 1806 1887 opus
1833 1819 2076 1872 accensis

2179 1824 2332 1890 ἅγιον
2363 1817 2512 1875 οἷκον
2559 1822 2696 1874 Θεοῦ
2746 1821 3219 1892 εὐτρεπισθείσας.
3277 1814 3410 1872 Εῐτα
3465 1816 3558 1870 καὶ
3605 1814 3731 1876 τούς

516 1909 1083 1979 οιᾳυεεεηρὶἰθοοιίε,
1106 1910 1254 1964 venit
1295 1911 1362 1964 ad
1399 1909 1661 1964 orientem
1697 1909 2077 1964 iundamento-

515 2019 658 2058 rum.
683 2003 770 2072 υίιί
793 2013 874 2056 est
899 2001 1283 2071 hemicyclium
1303 2002 1627 2064 sanctuarii,
1652 2011 1706 2078 et
1726 2014 1936 2055 sacram
1956 2016 2080 2056 ora-

515 2095 718 2148 tionem
743 2093 900 2156 facit,
921 2093 1217 2163 deprecans
1237 2095 1405 2148 Deum
1429 2090 1689 2157 Verbum,
1716 2090 1900 2146 Jesum
1921 2090 2080 2146 Chri-

515 2196 658 2242 stum
674 2185 764 2255 qui
780 2185 1000 2256 proprio
1014 2185 1275 2256 sanguine
1292 2198 1444 2240 suam
1459 2180 2074 2245 aediﬁcavitEcclesiam,

523 2291 582 2335 nt
610 2283 771 2336 etiam
795 2281 910 2334 haec
931 2280 1123 2333 domus
1149 2278 1252 2346 ipsi
1282 2276 1545 2332 aediﬁcata
1571 2274 1784 2329 rectein
1817 2273 1936 2342 ipso
1953 2272 2075 2326 fun-

515 2372 676 2425 dctur
694 2386 756 2424 ac
774 2377 1109 2441 permaneat.
1151 2367 1512 2438 Etdoxologia
1528 2366 1696 2430 dicta,
1726 2367 1838 2434 ipse
1873 2363 2076 2433 lapides

515 2473 569 2518 et
613 2463 816 2528 calcem
879 2462 1056 2516 vivam
1107 2462 1189 2525 vel
1249 2460 1418 2513 lutum
1481 2459 1666 2529 aliquo
1710 2459 2075 2512 instrumento

514 2555 697 2608 sumit.
749 2553 812 2608 Et
873 2553 926 2607 in
987 2551 1335 2617 fundamenta
1384 2549 1742 2618 descendens,
1771 2549 1825 2602 in
1853 2561 2072 2602 crucem

460 2649 464 2660 '
517 2644 720 2713 lapides
744 2643 896 2714 ponit
925 2658 1019 2710 eos
1083 2644 1327 2715 signans,
1383 2642 1572 2712 sicque
1621 2640 1965 2694 demonstrat
2013 2652 2073 2692 se

411 2767 415 2771 ~
512 2737 787 2790 Christum
817 2744 1023 2805 petram
1075 2735 1456 2798 inconcussam
1517 2745 1580 2784 ac
1609 2729 2070 2784 fundamentalcm

511 2829 780 2894 posuisse.
819 2825 980 2880 Juxta
1015 2826 1248 2880 medium
1275 2833 1456 2878 autem
1516 2822 1754 2892 lapidum
1823 2822 1876 2875 in
1902 2833 2068 2890 parva

516 2918 746 2985 quadam
770 2915 947 2983 fovea,
1006 2925 1265 2987 tanquam
1324 2917 1378 2969 in
1437 2913 1707 2984 sepulcro,
1788 2911 2068 2967 candelam

517 3021 802 3062 assumens
860 3015 912 3060 et
974 3006 1153 3060 oleum
1205 3004 1495 3059 infundens
1553 3013 1716 3073 atque
1767 3004 2069 3057 accenllens

519 3098 974 3166 henedicensque,
1012 3096 1186 3166 ponit,
1255 3095 1637 3149 demonstrans
1689 3091 1904 3162 quidem
1973 3105 2070 3158 per

517 3191 695 3244 oleum
725 3191 816 3245 Dei
851 3187 1300 3252 miscricordiam,
1325 3201 1445 3256 qua:
1477 3185 1674 3240 domus
1702 3183 2074 3250 exstructione

519 3281 976 3351 suppeditabitur,
1007 3281 1302 3348 perlumen
1341 3291 1472 3332 vero
1515 3278 1749 3344 desuper
1800 3275 2077 3328 illumina-

520 3372 722 3424 tionem
744 3384 772 3421 a
801 3369 1006 3431 lumine
1035 3382 1164 3421 vero
1187 3367 1408 3421 laetam.
1438 3376 1492 3421 et
1513 3367 1694 3434 ipsum
1728 3365 1830 3418 hoc
1859 3365 2076 3418 unicum

522 3459 726 3521 lumen,
752 3455 1052 3517 Christum,
1093 3456 1148 3507 in
1175 3455 1425 3522 sepulcro
1501 3468 1600 3519 pro
1633 3453 1789 3507 nobis
1814 3453 2079 3522 positum,

520 3548 651 3602 etin
677 3547 816 3607 oleo,
850 3547 1110 3616 quoniam
1153 3546 1274 3600 oleo
1295 3546 1481 3616 gratia?
1515 3561 1616 3600 nos
1652 3544 1832 3609 unxit,
1863 3552 1917 3598 et
1942 3559 2078 3614 quo-

522 3639 666 3691 niam
693 3653 784 3704 per
810 3638 986 3691 oleum
1019 3637 1133 3692 sive
1189 3646 1523 3707 unguentum
1574 3635 1769 3690 domus
1829 3635 2072 3690 initiabi-

523 3739 645 3794 tur;
676 3735 730 3782 et
753 3727 1008 3798 quoniam
1047 3729 1226 3783 lumen
1249 3727 1500 3783 Christus
1525 3729 1810 3783 nobiscum
1877 3727 2002 3789 erit,
2026 3737 2080 3781 et

524 3819 578 3870 in
607 3816 768 3872 domo
795 3818 1054 3883 residens,
1093 3818 1276 3872 oriens
1316 3833 1380 3871 ex
1415 3819 1543 3872 alto.
1573 3817 1867 3884 Postquam
1899 3798 2078 3870 autem

523 3910 733 3964 curavit
762 3909 904 3964 hanc
941 3911 1214 3965 lucernam
1279 3917 1395 3963 tuto
1451 3924 1674 3963 manere
1730 3916 1954 3976 prepter
1991 3924 2080 3963 sa-

524 4017 672 4057 cram
741 4001 1214 4062 illuminationem,
1267 4008 1321 4054 et
1377 4001 1444 4054 ad
1475 4000 1694 4068 pulchre
1743 3998 2076 4069 ﬁgurandam

527 4088 848 4155 Ecclesiam,
885 4090 1027 4144 sicut
1076 4090 1326 4150 dilectus.
1363 4089 1416 4142 in
1469 4087 1808 4158 Apocalypsi,
1847 4101 1907 4141 se
1938 4086 2081 4140 didi-

524 4180 665 4235 cisse
689 4180 764 4233 ait
789 4188 992 4248 septem
1021 4179 1272 4235 lucernas
1300 4193 1423 4234 esse
1450 4178 1744 4242 Ecelesias,
1767 4186 1820 4232 et
1849 4179 2078 4246 lapidem

525 4286 688 4340 super
745 4271 891 4324 illam
945 4270 1228 4339 imposuit,
1285 4272 1539 4340 quoniam
1608 4270 1860 4324 Christus
1929 4277 2080 4336 petra

524 4376 688 4430 super
780 4361 1073 4415 Ecclesiam
1133 4375 1286 4415 suam
1351 4360 1570 4426 insidet,
1628 4375 1660 4415 e
1712 4360 2080 4413 fundamentis

2180 1914 2594 1982 παρατυχόντας
2625 1912 2918 1979 θυμιάσας,
2946 1913 3041 1965 καὶ
3071 1911 3208 1982 πρὸς
3237 1910 3296 1962 τὸ
3321 1908 3482 1978 ἔργον
3505 1905 3731 1967 εὐθύνας

2179 1980 2272 2056 καί
2303 1980 2557 2067 ἁγιάσας,
2593 2003 2810 2072 ἔρχεται
2844 2003 2901 2054 ἐν
2931 2004 3041 2064 τοῖς
3079 1980 3416 2060 ἀθατολικοῖς
3443 1996 3732 2064 θεμελίοις,

2177 2094 2416 2163 ἔνθαπερ
2438 2096 2499 2148 τὸ
2532 2095 2914 2165 θυσιαστήριον
2936 2094 3207 2164 συστῆναι
3239 2089 3441 2160 μέλλει.
3466 2089 3576 2146 Καὶ
3598 2086 3734 2140 κατὰ

2177 2183 2235 2237 τδ
2271 2186 2432 2254 μέσον
2462 2186 2592 2248 στὰς
2635 2184 2746 2239 τῶν
2775 2185 2876 2254 τῆς
2918 2185 3184 2254 ἀνατολῆς
3212 2177 3540 2253 ὀρυγμάτων
3559 2219 3576 2244 ,
3611 2176 3732 2230 ἔνθα

2175 2277 2237 2330 τὸ
2267 2277 2361 2330 τοῦ
2411 2276 2660 2348 βήματος
2699 2275 3046 2345 ἡμικύκλιον,
3084 2274 3249 2344 εὐχὴν
3297 2271 3451 2341 ἱεράν
3481 2269 3733 2332 ποιεῖται,

2174 2369 2426 2437 δεόμενος
2473 2357 2566 2435 τοῦ
2592 2367 2729 2434 Θεοῦ
2758 2369 2932 2437 Λόγου
2971 2369 3145 2436 Ἰησοῦ
3191 2362 3456 2443 Χριστοῦ,
3504 2361 3601 2414 τοῦ
3639 2360 3734 2428 τὴν

2176 2459 2368 2513 ἑαυτοῦ
2408 2458 2740 2531 Ἐκκλησίαν
2779 2459 2858 2530 τῷ
2891 2459 3004 2529 ιδιῳ
3027 2456 3457 2528 θεμελιώσαντος
3511 2452 3724 2521 αἵματι,

2175 2552 2265 2603 καὶ
2293 2551 2384 2603 τὸν
2413 2550 2863 2620 οἰκοδομούμενον
2894 2545 3044 2604 οἵκον
3091 2547 3239 2616 αὐτῷ
3285 2545 3463 2607 καλῶς
3489 2544 3546 2596 ἐν
3580 2539 3728 2620 αὐτῷ

2175 2640 2532 2716 στηριχθῆναι
2563 2641 2658 2695 καὶ
2690 2641 2985 2710 διαμένειν.
3022 2637 3156 2692 Εἶτα
3175 2637 3553 2705 δοξολογήσας,
3572 2632 3727 2694 αὐτὸς

2171 2733 2290 2792 ταῖς
2323 2731 2482 2800 χερσί
2519 2731 2700 2794 λίθους
2734 2731 3006 2800 λαμϐάνει
3054 2729 3151 2784 καὶ
3197 2728 3462 2783 ἄσϐεστον
3493 2726 3528 2794 ἢ
3562 2723 3729 2795 πηλὸν

2171 2822 2390 2898 ὀργάνῳ
2420 2822 2545 2878 τινί.
2580 2803 2696 2876 Καὶ¹
2718 2822 2992 2876 κατελθὼν
3019 2824 3077 2875 ἐν
3103 2821 3213 2881 τοῖς
3241 2818 3531 2888 θεμελίοις,
3551 2817 3730 2884 τίθησι

2171 2915 2295 2986 τοὺς
2324 2913 2525 2979 λίθους,
2557 2915 2911 2984 σταυροειδῶς
2943 2912 3246 2988 σφραγίσας
3274 2909 3488 2971 αὐτοὺς,
3517 2907 3732 2968 δεικνὺς

2169 3006 2253 3058 ὅτι
2275 3005 2368 3058 τὸν
2405 3006 2639 3074 Χριστὸν
2683 3007 2782 3074 τὴν
2818 3006 3066 3060 ἄσειστον
3099 3004 3300 3071 πέτραν
3348 2997 3598 3069 θεμέλιον
3641 2997 3734 3049 τέ-

2179 3095 2350 3151 θεικε.
2381 3096 2539 3149 Κατὰ
2575 3096 2632 3149 δὲ
2671 3097 2732 3148 τὸ
2765 3097 2930 3164 μέσον
2956 3095 3064 3149 τῶν
3092 3093 3254 3146 λίθων
3290 3093 3346 3144 ἐν
3375 3087 3589 3159 σμικρῷ
3626 3105 3737 3140 τινι

2179 3187 2384 3257 λάκκῳ,
2419 3183 2531 3240 οἷον
2563 3187 2620 3238 ἐν
2648 3188 2824 3255 τάφῳ,
2858 3185 3126 3253 κανδήλαν
3145 3182 3346 3247 λαϐὼν,
3371 3185 3464 3234 καὶ
3486 3175 3735 3246 ἐμϐαλὼν

2180 3280 2356 3333 ἔλαιον
2387 3282 2482 3334 καὶ
2510 3279 2750 3351 άνάψας,
2785 3277 3021 3348 εὐλογῶν
3044 3293 3104 3329 τε
3124 3314 3141 3338 ,
3171 3275 3376 3346 τίθησιὲ
3407 3272 3620 3332 δεικνὺς
3651 3268 3734 3321 διὰ

2185 3368 2280 3437 μέν
2301 3367 2400 3420 τοῦ
2429 3367 2611 3420 ἐλαίου
2642 3367 2733 3419 τὸν
2765 3367 2913 3421 ἔλεον
2953 3366 3046 3419 τοῦ
3088 3364 3246 3426 Θεοῦ,
3295 3363 3352 3425 ὃς
3380 3361 3531 3414 ἔσται
3569 3375 3732 3429 χορη-

2180 3459 2442 3527 γούμενος
2476 3457 2565 3511 διὰ
2592 3457 2685 3511 τοῦ
2736 3458 3157 3526 άνεγειρομένου
3205 3452 3507 3517 obeam-ﬁta.
3534 3451 3590 3504 δέ
3623 3449 3732 3503 ¹τοῦ

2181 3548 2354 3616 φωτὸς
2382 3549 2473 3601 τὸν
2513 3547 2716 3602 ἄνωθεν
2767 3547 3046 3616 φωτισμὸν
3093 3546 3244 3612 παρὰ
3281 3544 3375 3596 τοῦ
3423 3543 3596 3612 φωτὸς
3644 3539 3734 3592 τοῦ

2181 3631 2454 3704 ἀληθινοῦ,
2505 3636 2598 3686 καὶ
2627 3635 2757 3686 αὐτὸ
2799 3633 2859 3685 τὸ
2913 3635 3073 3702 μόνον
3107 3631 3223 3701 φῶς
3269 3630 3360 3682 τὸν
3412 3625 3644 3698 Χριστὸν
3680 3625 3738 3677 ἐν

2181 3730 2334 3795 τάφῳ
2365 3725 2588 3778 τεθέντα
2618 3726 2688 3778 δι’
2719 3725 2886 3794 ἡμᾶς,
2935 3723 3029 3776 καὶ
3076 3724 3134 3775 ἐν
3178 3719 3363 3786 ἐλαίῳ,
3403 3718 3485 3770 ὅτι
3521 3711 3739 3784 ῆλειψεν

2181 3819 2328 3888 ἡμᾶς
2359 3817 2523 3887 ἐλαίῳ
2551 3817 2650 3884 τῆς
2680 3817 2928 3885 χάριτος,
2985 3816 3082 3868 καὶ
3128 3815 3211 3867 ὅτι
3266 3811 3314 3864 δι
3378 3809 3583 3871 ἐλαίου,
3620 3805 3737 3875 ῆτοι

2181 3907 2274 3960 τοῦ
2313 3907 2505 3976 μύρου,
2539 3909 2567 3960 6
2606 3903 2754 3966 οἶκος
2782 3905 3222 3970 τελειωθήσεταιο
3253 3903 3348 3956 καὶ
3389 3902 3470 3954 ὃτι
3519 3898 3580 3950 τὸ
3625 3894 3739 3965 φῶς

2181 4003 2209 4053 6
2234 4000 2466 4069 Χριστὸς
2493 3998 2611 4067 μεθ’
2643 3998 2800 4067 ήμῶν
2834 3999 3009 4058 ἔσται,
3041 3995 3136 4048 καὶ
3165 3997 3223 4047 ἐν
3265 3993 3344 4063 τῷ
3384 3991 3516 4061 οῐκῳ
3547 4005 3736 4043 κατοι-

2183 4091 2315 4153 κῶν,
2349 4092 2382 4158 ή
2417 4089 2474 4154 ἐξ
2507 4088 2674 4157 ὕψους
2699 4086 2954 4157 άνατολή.
2991 4085 3366 4153 Θίκονομήσας
3408 4083 3464 4134 δὲ
3511 4082 3605 4133 καὶ
3640 4078 3737 4147 τὴν

2182 4181 2516 4250 φωταγωγδν
2545 4180 2763 4245 ἐκείνην
2814 4177 3069 4246 ἀσφαλῶς
3103 4177 3283 4246 μένειν
3328 4176 3414 4227 διὰ
3457 4174 3547 4226 τὸν
3599 4169 3741 4239 ἱερὸν

2183 4271 2482 4340 φωτισμὸν,
2511 4271 2606 4321 καὶ
2635 4269 2725 4322 διὰ
2754 4269 2814 4320 τὸ
2843 4268 3024 4329 καλῶς
3059 4265 3346 4329 είκονίζειν
3375 4265 3474 4334 τήν
3513 4259 3742 4326 Ἐκκλη-

2184 4361 2326 4425 σίαν,
2353 4360 2428 4423 ὡς
2456 4363 2482 4412 6
2507 4359 2862 4428 ήγαπημένοξ
2895 4360 2955 4415 ἐν
2983 4360 3049 4427 τῇ
3085 4354 3449 4422 ’Δποκαλύψει
3475 4352 3608 4421 φησὶ
3639 4366 3744 4416 μα’

523 4451 818 4520 egreditur.
884 4448 950 4502 Et
1012 4450 1209 4504 iterum
1280 4449 1440 4502 aliam
1480 4449 1610 4502 facit
1663 4449 1989 4510 orationem,
2025 4456 2082 4502 ttt

2186 4452 2297 4504 θεῖν
2324 4451 2424 4512 τὰς
2457 4449 2596 4503 ἐπτὰ
2647 4449 2868 4519 λυχνίας
2919 4444 3062 4502 εἶναι
3113 4448 3210 4510 τὰς
3251 4444 3597 4514 Ἐκκλησιας,
3648 4440 3742 4492 καλ⁸

527 4543 616 4596 Dei
676 4541 1010 4612 providentia
1079 4541 1527 4608 protectioneque
1572 4550 1760 4608 surgat
1789 4539 1983 4593 domus
2017 4553 2080 4593 ac

498 4632 745 4696 ,pnlchre
777 4633 1090 4699 perﬁciatur
1121 4643 1380 4693 exorans,
1406 4641 1611 4681 necnon
1671 4636 1729 4680 ut
1765 4627 2081 4696 ipsiuslun-

523 4725 776 4776 damenta
811 4723 1032 4790 ipsaque
1071 4735 1287 4789 semper
1342 4721 1663 4774 inconcussa
1703 4729 2079 4787 permaneant,

523 4821 576 4865 ct
598 4811 929 4865 aediﬁcantes
991 4811 1056 4864 ab
1090 4810 1304 4879 injuriis
1350 4818 1404 4864 et
1451 4810 1627 4864 noxiis
1668 4809 1774 4864 sint
1805 4810 2074 4865 immunes

525 4903 650 4972 (hoc
680 4910 857 4955 autem
879 4901 1032 4964 dicit,
1063 4914 1129 4954 eo
1161 4900 1304 4967 quod
1325 4901 1596 4954 invidiosa
1628 4909 1756 4954 sunt
1788 4901 2078 4963 dtemonia,

527 5001 582 5046 ct
608 5005 775 5060 super
800 4991 884 5043 his
905 4989 1102 5044 divinis
1133 4989 1396 5057 maleﬁca)
1422 5030 1436 5054 ,
1483 4989 1934 5061 proferentesque
1968 4991 2080 5044 Deo

525 5098 612 5138 res
640 5083 706 5136 ad
735 5079 1155 5134 aediﬁcationem
1213 5083 1584 5145 necessarias,
1607 5083 1828 5135 divitem
1862 5082 1930 5136 ah
1962 5084 2081 5152 ipso

523 5171 825 5227 mercedem
856 5170 1142 5237 recipiant.
1172 5169 1462 5233 Postquam
1517 5171 1632 5226 haec
1696 5174 1990 5242 complevit
2029 5184 2083 5227 et

525 5263 756 5332 signavit
813 5270 868 5317 ct
893 5260 1086 5315 ultima
1144 5275 1308 5331 prece
1368 5260 1618 5326 ﬁrmavit,
1681 5262 1792 5316 abit
1853 5263 2082 5318 Domino

525 5353 724 5424 gratias
751 5368 941 5424 agens.
971 5350 1117 5421 Opus
1146 5361 1324 5405 autem
1351 5349 1462 5420 jam
1522 5351 1638 5406 ﬁeri
1705 5353 1891 5422 erepit.
1942 5354 2079 5408 Cum

525 5459 652 5499 vero
709 5452 930 5507 cuncta,
959 5442 1252 5513 adjuvante
1299 5441 1430 5506 Deo,
1458 5429 1725 5512 completa
1759 5453 1913 5508 sunt,
1943 5445 2082 5500 inte-

526 5534 668 5585 riora
703 5543 867 5601 atque
915 5532 1212 5595 exteriora,
1265 5531 1565 5586 sacrarium
1597 5533 1680 5586 vel
1703 5534 2077 5588 sanctuarium

528 5623 592 5674 ad
617 5623 884 5678 orientem
933 5623 1312 5688 constitutum,
1365 5623 1550 5678 tabula
1599 5624 1986 5691 propositionis
2014 5627 2079 5679 ad

527 5712 826 5778 dexteram,
857 5724 910 5769 et
941 5713 1005 5767 ad
1032 5714 1310 5768 sinistram
1333 5713 1649 5784 diaconatus
1715 5712 1870 5769 sedes
1934 5716 2081 5770 ordi-

2189 4544 2335 4597 λίθον
2369 4534 2552 4596 ἐπάνω
2597 4542 2800 4612 ταύτης
2832 4541 3079 4611 θέμενος,
3113 4541 3195 4593 ὅτι
3248 4538 3537 4607 Χριστὸςή
3568 4534 3742 4603 πέτρα

2189 4634 2520 4704 ἐπικάθηται
2565 4635 2667 4702 τῆς
2726 4632 3058 4700 Ἐκκλησίας
3095 4629 3280 4693 αὐτοῦ,
3316 4616 3594 4697 ἐξέρχεται
3637 4627 3747 4678 τῶν

2190 4727 2474 4798 θεμελίων.
2505 4729 2612 4780 Καὶ
2633 4713 2800 4780 ’πάλιν
2827 4727 3022 4796 ἑτέραν
3046 4727 3278 4779 ποιεῖται
3308 4724 3491 4794 εὐχήν,
3521 4723 3746 4792 προνοίᾳ

2189 4816 2320 4869 Θεοῦ
2353 4817 2448 4870 καὶ
2478 4817 2654 4886 σκέπῃ
2685 4817 2775 4868 τὸν
2818 4813 2965 4868 οἷκον
3014 4817 3320 4885 ἐγείρεσθαι
3392 4815 3486 4868 καὶ
3526 4814 3746 4866 τελειω-

2149 4977 2154 4982 .
2190 4909 2346 4977 θῆναι
2374 4907 2552 4969 καλῶς
2575 4906 2972 4975 ἐξαιτούμενος.
3004 4909 3098 4961 καὶ
3119 4909 3244 4967 τοὺς
3268 4905 3552 4974 θεμελίους
3577 4901 3741 4955 αὐτοῦ

2188 4999 2284 5051 καὶ
2315 4998 2477 5050 αὐτὸν
2506 4996 2834 5059 άσαλεύτους
2862 4997 3154 5059 διαπαντὸς
3187 4997 3485 5066 διαμένειν,
3537 4997 3744 5063 ἀνεπη-

2192 5090 2447 5155 ρεάστους
2481 5105 2540 5139 τε
2569 5083 2707 5141 εἶναι
2738 5088 2860 5151 τοὺς
2894 5084 3306 5157 οἰκοδομοῦντας
3337 5088 3428 5141 καὶ
3455 5087 3739 5149 ἁϐλαϐεἰςο

2186 5179 2344 5231 τοῦτο
2389 5178 2447 5230 δέ
2492 5178 2658 5244 λέγει,
2706 5178 2788 5230 ὅτι
2823 5177 3055 5247 φθονερὰ
3095 5179 3162 5231 τὰ
3200 5179 3448 5247 δαιμόνια
3497 5179 3590 5230 xal.
3648 5177 3741 5230 ἐπὶ

2187 5266 2395 5328 τούτοις
2423 5268 2534 5327 τοῖς
2563 5266 2726 5328 θείοις
2757 5267 3155 5336 ἐπηρεαστικάο
3179 5270 3302 5331 τούς
3334 5268 3742 5339 προσφέροντάς

2187 5372 2244 5406 τε
2289 5354 2409 5425 Θεῷ
2443 5353 2512 5407 τὰ
2566 5355 2700 5423 πρὸς
2730 5355 2830 5423 τὴν
2880 5356 3168 5426 οἰκοδομὴν
3214 5358 3372 5428 ιιθ
3409 5360 3502 5410 τὸν
3554 5359 3743 5428 μισθὸν

2190 5447 2455 5510 πλουσίως
2487 5448 2615 5518 παρ’
2644 5447 2809 5500 αὐτοῦ
2848 5447 3136 5517 λήψεσθαι.
3169 5449 3354 5503 Ταῦτα
3395 5450 3619 5514 τελέσας
3651 5448 3778 5504 καὶ’

2191 5538 2493 5609 σφραγίσας
2527 5540 2620 5591 καὶ
2642 5538 3030 5608 ἐπευξάμενος,
3070 5540 3368 5610 ἀπέρχεται
3403 5542 3739 5612 εὐχαριστῶν

2188 5629 2264 5697 τῷ
2291 5627 2498 5697 Κυρίῳ.
2529 5627 2602 5678 Τὸ
2623 5626 2680 5678 δὲ
2711 5626 2872 5693 ἔργον
2896 5628 3000 5696 ήδη
3031 5628 3290 5697 ἐνήρξατο
3315 5628 3576 5696 γίνεσθαι.
3604 5634 3738 5686 Πάν-

2189 5734 2296 5770 των
2321 5715 2377 5769 δέ
2412 5716 2508 5770 σὺν
2534 5714 2654 5783 Θεῷ
2687 5715 3067 5780 τελεσθέντων,
3102 5717 3208 5770 τῶν
3233 5735 3290 5770 τε
3323 5719 3473 5782 ἐντὸς
3517 5723 3612 5776 καὶ
3640 5722 3742 5784 τῶν
