4114 6272
385 353 491 417 30⁸)

1635 357 1731 414 DE
1788 358 2027 417 SACRO
2055 361 2369 422 TEMPLU.

3532 371 3638 432 3'10

376 467 603 530 ἔξωθεν,
644 462 740 518 τοῦ
775 463 1043 530 ἱερατείου
1077 479 1164 526 τε,
1216 465 1335 532 ἦτοι
1379 465 1475 520 τοῦ
1527 466 1792 534 βήματος,
1820 473 1962 524 κατά

2073 483 2206 529 nata:
2227 493 2243 540 ς
2268 477 2434 532 umbo
2463 491 2592 533 vero
2616 478 2668 532 in
2701 489 3002 550 conspectu
3051 483 3377 544 sanctuarii,
3408 485 3452 539 si
3486 484 3638 545 locus

377 554 642 615 ἀνατολὰς
668 552 997 621 ὁρισθέντος,
1030 553 1122 606 καὶ
1162 554 1262 623 τῆς
1297 555 1395 624 μὲν
1437 556 1749 625 προθέσεως
1770 561 1834 612 ὲκ
1864 561 1948 612 δε-

376 645 527 711 ξιῶν,
561 645 619 708 ἐξ
641 645 950 714 ἀριστερῶν
992 647 1049 698 δὲ
1081 645 1176 699 τοῦ
1216 646 1526 702 διακονικοῦ
1571 651 1946 717 τεταγμένων,

374 737 470 790 τοῦ
497 735 749 805 ἄμϐωνός
775 753 835 788 τε
875 739 1104 807 ἀντικρὺ
1159 738 1406 803 τεθέντος
1460 740 1554 794 τοῦ
1601 741 1867 814 βήματος,
1902 747 1952 798 εἰ

377 827 537 888 τόπος
564 825 703 890 ἐστὶ,
735 826 830 877 καὶ
858 826 967 879 τῶν
983 827 1286 890 διαστύλῳν
1315 829 1572 897 ἀσφαλῶς
1596 831 1950 900 ἱδρυθέντων,

377 912 527 973 ἐντός
557 930 615 965 τε
660 911 754 966 τοῦ
792 914 1034 984 βήματος
1065 915 1158 969 τοῦ
1201 917 1349 987 ἱεροῦ
1397 919 1661 990 κιϐώριον
1709 925 1804 978 καὶ
1837 924 1954 976 τῶν

379 1003 575 1056 κιόνων
600 1004 710 1056 τῶν
758 1005 1060 1076 μελλόντων
1095 1007 1194 1078 τὴν
1227 1008 1380 1078 ἱερὰν
1421 1011 1704 1081 τράπεζαν
1755 1013 1956 1082 βαστά-

386 1093 526 1157 ςειν,
559 1094 741 1158 καλῶς
791 1097 1224 1166 ὲρηρεισμένων,
1274 1099 1308 1168 ἢ
1356 1101 1450 1154 καὶ
1511 1102 1652 1167 ἑνὸς,
1689 1104 1812 1158 ἐπεὶ
1860 1106 1957 1158 καὶ

380 1179 459 1245 εἷς
491 1185 757 1255 ἐρείδεται
789 1187 947 1250 κίων,
975 1187 1035 1251 δς
1063 1189 1155 1240 καὶ
1189 1189 1434 1259 κάλαμος
1468 1191 1709 1260 λέγεται,
1761 1194 1796 1260 ἢ
1832 1195 1957 1248 ἀντὶ

381 1276 576 1329 κιόνων
628 1277 972 1348 τετραγώνου
1024 1281 1477 1351 οἰκοδομηθέντος
1520 1284 1716 1337 Πινσοῦ
1769 1285 1954 1354 βωμοῦ

382 1364 715 1434 λεγομένου,
771 1369 866 1422 καὶ
925 1369 1024 1438 τῆς
1077 1370 1359 1440 τραπέζης
1411 1371 1510 1442 τῆς
1563 1374 1715 1441 ἱερᾶς
1774 1375 1957 1439 καλῶς

383 1460 968 1530 προευτρεπισθείσης,
1026 1461 1164 1516 ἀλλὰ
1215 1463 1312 1516 καὶ
1369 1464 1478 1517 τῶν
1530 1465 1733 1519 λοιπῶν
1782 1467 1956 1521 ἄλλων

353 1550 679 1620 ,χρειωδῶη
711 1552 922 1607 σκευῶν
950 1571 1010 1606 τε
1045 1555 1206 1623 ἱερῶν
1241 1555 1384 1617 κατὰ
1411 1555 1476 1608 τὸ
1507 1557 1786 1627 προσῆκον
1812 1560 1958 1630 ήτοι-

385 1645 703 1713 μασμένων,
729 1646 1061 1715 ἀναφέρεται
1091 1647 1252 1702 πάλιν
1280 1647 1358 1716 τῷ
1388 1649 1637 1720 ἀρχιερεῖ
1663 1650 1855 1706 ταῦτα.
1897 1652 1956 1705 ὐ

2060 570 2168 626 est,
2201 564 2440 632 positus;
2484 569 2701 640 diastyli
2745 571 2924 626 solide
2973 573 3268 639 collocati;
3300 575 3441 630 intra
3508 593 3636 632 san-

2062 655 2356 723 ctuarium,
2387 673 2606 713 sacrum
2642 661 2910 716 ciboriunt
2961 671 3014 717 et
3076 665 3369 728 columnae,
3425 684 3637 722 sacram

2062 759 2307 799 mensam
2335 757 2743 814 sustentatum,
2796 753 2932 806 bene
2993 741 3321 821 diSpositzu;
3372 758 3455 810 rel
3510 744 3637 822 una,

2060 834 2330 903 siquidem
2361 846 2415 889 et
2463 853 2572 891 una
2607 840 2856 910 erigitur,
2912 857 3038 910 quae
3097 841 3298 896 dicitur
3349 845 3638 911 calamus;

2060 929 2167 988 vel,
2196 930 2608 997 procolumnis,
2648 935 3126 1005 quadrangulatus
3178 939 3370 1000 πὶνσος
3420 940 3637 1008 (proba-

2064 1019 2248 1075 biliter
2283 1021 2446 1086 πίναξ
2470 1024 2702 1095 quadra)
2731 1029 2823 1095 qui
2853 1028 3056 1083 dicitur
3075 1030 3224 1085 basis
3248 1031 3333 1086 vel
3367 1047 3482 1097 ara,
3514 1032 3643 1086 aedi-

2062 1113 2421 1180 ﬁcatus;sed
2449 1126 2504 1169 et
2573 1117 2677 1171 alia
2737 1127 2929 1173 cuneta
2981 1122 3134 1176 utilia
3185 1138 3423 1194 rasaque
3481 1139 3639 1179 sacra

2065 1203 2430 1260 condecenter
2456 1217 2754 1277 praeparata
2790 1226 2805 1276 ;
2840 1210 2952 1265 haec
2982 1212 3178 1266 iterum
3229 1215 3470 1282 pontiﬁci
3505 1214 3642 1268 offc-

2064 1303 2281 1349 runtur.
2317 1295 2418 1351 llic
2484 1308 2664 1353 autem
2725 1314 2822 1364 per
2877 1301 3188 1357 ministrum
3245 1307 3420 1372 parari
3487 1306 3643 1375 jubet

2065 1399 2187 1452 quat
2221 1395 2352 1440 sunt
2382 1387 2448 1440 ad
2479 1390 2945 1446 consecrationem
2996 1393 3325 1448 necessaria.
3385 1393 3494 1448 lloc
3545 1409 3644 1447 an-

2065 1480 2174 1528 tem
2215 1489 2340 1528 cum
2407 1474 2609 1529 factum
2637 1485 2742 1540 est,
2807 1487 2868 1531 ut
2913 1479 3116 1532 indicat
3143 1495 3238 1547 per
3268 1489 3448 1549 partes
3491 1480 3642 1534 ordi—

2064 1567 2245 1619 natrix
2272 1566 2584 1633 instructio,
2613 1569 2856 1637 pontifex
2886 1569 3123 1631 advenit,
3177 1580 3230 1624 et
3276 1587 3339 1626 ea
3367 1588 3483 1643 qnte
3508 1588 3642 1627 conv

2066 1657 2398 1713 secrati-onis
2423 1666 2555 1712 sunt
2578 1668 2863 1729 operatur,
2885 1669 2941 1713 ut
2965 1661 3232 1731 sequitur.

384 1735 436 1829 δὲ
474 1736 545 1790 δι’
580 1738 859 1809 ὑπηρέτου
915 1741 1311 1813 έτοιμασθῆναι
1357 1743 1510 1812 λέγει
1553 1745 1648 1797 καὶ
1703 1746 1772 1800 τὰ
1815 1749 1952 1818 πρὸς
1989 1749 2090 1822 τὴν
2127 1752 2458 1826 καθιέρωσιν
2493 1755 2817 1823 ἐπιτήδειαο
2873 1755 2969 1809 καὶ
3037 1755 3231 1810 τοῦτου
3276 1757 3640 1829 πραχθέντος,

387 1825 453 1890 ,ὓς
480 1831 706 1897 διέξεισι
758 1833 901 1886 κατὰ
958 1834 1121 1904 μέρος
1167 1835 1230 1888 τὸ
1277 1836 1554 1904 τακτικὸν,
1588 1839 1617 1892 ό
1657 1839 1949 1911 ἀρχιερεὺς
1986 1825 2372 1914 παραγίνεται,
2409 1848 2506 1900 καὶ
2535 1847 2602 1899 τὰ
2629 1847 2728 1915 τῆς
2753 1846 3136 1918 καθιερώσεως
3168 1825 3426 1919 ἐνεργεῖ,
3470 1851 3504 1904 ἃ
3545 1855 3642 1906 καὶ

388 1923 602 1995 ἔχουσιν
642 1922 842 1987 οὕτως.

950 2043 1218 2100 ,ΚΕΦΔΛ.
1267 2045 1389 2102 PB'.

383 2114 388 2119 1
457 2133 594 2202 Περὶ
624 2130 734 2200 τῆς
767 2132 874 2187 τοῦ
903 2134 1076 2202 ἁγίου
1107 2137 1549 2206 θυσιαστηρίου
1596 2138 1695 2193 καὶ
1736 2139 1889 2195 ναοῦ

957 2205 1384 2273 καθιερώσεως.

458 2293 691 2362 Ἰδωμεν
725 2292 781 2346 δὲ
826 2294 920 2346 καὶ
967 2295 1148 2365 ἡμεῖς,
1183 2295 1259 2359 ώς
1291 2299 1572 2368 ἐγχωροῦν
1611 2304 1705 2356 καὶ
1734 2305 1962 2358 δυνατὸν

394 2385 622 2454 initiati:
649 2384 750 2450 τῆς
779 2385 1011 2454 θεωρίας
1039 2387 1239 2440 αὐτῶν.
1261 2388 1525 2460 Ἔρχεται
1557 2393 1637 2456 εις
1663 2395 1754 2448 τὸν
1783 2396 1964 2450 καθιε-

393 2477 630 2546 ρωθῆναι
665 2477 929 2546 μέλλοντα
961 2480 1088 2530 ναὸν
1122 2483 1149 2532 ὁ
1178 2481 1491 2551 ἀρχιερεὺς,
1533 2485 1658 2537 ἐπεὶ
1693 2488 1787 2540 καὶ
1831 2487 1964 2551 Θεὸς

396 2565 522 2636 ἦλθε
550 2571 686 2639 πρὸς
709 2571 879 2640 ἡμᾶς,
901 2571 1050 2638 ἡμᾶς
1075 2571 1324 2638 ἁγιάσαι.
1347 2574 1455 2626 Καὶ
1483 2574 1724 2629 ἐνδύεται
1751 2579 1966 2632 ἅπαντα

399 2663 458 2714 τὰ
502 2662 894 2732 ἀρχιερατικὰ,
931 2662 1145 2726 δεικνὺς
1183 2666 1282 2734 τὴν
1328 2665 1468 2736 ὑπὲρ
1500 2668 1661 2738 ἡμῶν
1689 2669 1784 2722 τοῦ
1827 2671 1965 2726 Θεοῦ

395 2752 567 2820 Λόγου
598 2754 896 2822 σάρκωσιν.

975 2871 1222 2924 ΚΕΦΛΛ.
1268 2873 1386 2925 Pl".

397 2963 557 3014 Διατί
610 2965 642 3015 ό
705 2962 1020 3030 ἀρχιερεὺς
1078 2965 1501 3028 περιϐάλλεται
1557 2971 1815 3025 σινδόνα
1874 2973 1972 3029 καὶ

713 3042 732 3053 ’
1023 3033 1330 3094 ζώννυται.

476 3123 695 3176 Ἐπάνω
737 3125 794 3178 δὲ
847 3124 1054 3178 τούτων
1103 3127 1492 3195 περιϐάλλεται
1532 3130 1642 3183 ἀπὸ
1673 3132 1782 3186 τῶν
1808 3131 1975 3200 ὤμων

399 3214 612 3286 σινδόνα
640 3215 866 3284 λευκὴν,
900 3216 1196 3286 διήκουσαν
1232 3218 1362 3289 ἄχρι
1394 3222 1500 3274 τῶν
1533 3224 1732 3288 ποδῶν,
1768 3228 1847 3288 εἰς
1880 3228 1977 3278 τύ-

400 3323 499 3358 πον
527 3306 619 3358 τοῦ
648 3307 889 3377 Χριστοῦ
921 3311 1017 3375 τῆς
1053 3311 1142 3362 ἐπὶ
1188 3313 1264 3381 τῷ
1333 3316 1488 3382 τάφῳ
1520 3316 1776 3380 σινδόνος.
1825 3319 1978 3375 Ἐπεὶ

402 3393 508 3464 γὰρ
533 3397 593 3448 τὸ
630 3397 819 3466 μνῆμα
847 3398 941 3450 τοῦ
977 3401 1209 3470 Χριστοῦ
1244 3404 1454 3472 ἐγεῖραι
1485 3405 1670 3473 μέλλει
1694 3410 1788 3461 καὶ
1819 3401 1980 3476 ἁγιά-

402 3503 514 3552 σαι,
549 3487 648 3557 σιὴν
677 3489 828 3558 ἱεράν
858 3506 1001 3560 φημι
1031 3492 1330 3560 τράπεζαν,
1367 3497 1459 3547 καὶ
1486 3495 1555 3548 τὰ
1593 3495 1690 3550 τοῦ
1727 3490 1969 3568 ’μνήμα-

403 3596 496 3642 τος
529 3579 604 3641 ώς
633 3580 972 3650 μιμούμενος
995 3582 1085 3636 τὸν
1105 3584 1340 3655 Χριστὸν
1361 3584 1702 3655 θαπτόμενον
1725 3589 1973 3650 ἐκτυποῖ,

405 3672 515 3724 Καὶ
566 3674 714 3742 τρισὶ
765 3669 963 3735 ζώναις
1015 3675 1413 3742 περιζώννυται
1460 3677 1559 3747 τὴν
1616 3677 1830 3731 σινδόνα
1886 3679 1966 3742 εἰς

407 3762 566 3827 δόξαν
593 3767 690 3834 τῆς
716 3765 972 3834 Τριάδοςο
997 3766 1224 3820 ὄπισθεν
1258 3769 1352 3822 τοῦ
1383 3770 1631 3838 αὐχένος,
1664 3769 1750 3824 διά
1799 3787 1857 3824 τε
1886 3773 1978 3824 τὸν

406 3852 530 3905 νοῦν
557 3854 652 3907 καὶ
693 3855 790 3923 τὴν
820 3855 922 3923 τῆς
947 3855 1196 3919 δουλείας
1230 3858 1363 3927 πρὸς
1413 3858 1549 3911 Θεὸν
1587 3859 1833 3926 ἔνδειξιν,
1874 3861 1980 3914 ὑπὸ

404 3944 506 4006 τὰς
534 3945 816 4015 μασχάλας
847 3947 972 4015 περὶ
995 3948 1052 3999 τὸ
1080 3948 1292 4013 στῆθος,
1312 3949 1400 4002 διὰ
1421 3951 1480 4003 τὸ
1505 3951 1812 4018 λογιστικόν
1837 3968 1852 3983 ·
1883 3953 1977 4006 καὶ

408 4037 535 4105 περὶ
561 4038 660 4102 τὴν
689 4037 882 4103 ὀσφὺν,
912 4036 1001 4090 διὰ
1026 4037 1088 4090 τὸ
1119 4037 1359 4110 καθαρόν
1388 4058 1446 4092 τε
1475 4043 1570 4095 καὶ
1606 4044 1825 4112 ἰσχυρόν
1845 4059 1860 4082 ε
1888 4047 1983 4096 καὶ

409 4123 470 4176 τὸ
511 4125 610 4193 μὲν
657 4125 752 4178 τοῦ
793 4127 1031 4196 Πατρδς,
1087 4127 1147 4179 τὸ
1178 4127 1236 4180 δὲ
1273 4129 1369 4180 τοῦ
1417 4131 1614 4196 Λόγου,
1666 4131 1726 4182 τὸ
1773 4130 1832 4184 δὲ
1881 4132 1979 4183 τοῦ

411 4220 674 4283 ζωοποιοῦ
701 4221 794 4274 καὶ
819 4219 1058 4284 καθαροῦ
1093 4221 1425 4290 [Ινεύματος.
1462 4225 1570 4276 Καὶ
1592 4223 1652 4275 ἐν
1673 4225 1792 4285 ταῖς
1822 4223 1985 4292 χερσὶ

411 4312 466 4363 δὲ
493 4311 699 4378 ὁμοίως
753 4311 1019 4379 μανδύὶια
1052 4312 1417 4382 περιτίθεται,
1452 4314 1528 4376 ὡς
1564 4313 1796 4382 μανεκια
1850 4315 1988 4382 ἡνω-

417 4403 552 4470 μένα
580 4405 646 4472 τῇ
681 4403 899 4474 σινδόνι.
929 4403 1039 4456 Καὶ
1063 4404 1235 4456 ταῦτα
1266 4404 1414 4474 τρισὶ
1445 4404 1728 4482 δεσμεῖται
1756 4405 1986 4458 ἕκαστον

414 4492 634 4557 ζώναις,
697 4498 775 4558 εἰς
828 4495 998 4548 τύπον
1047 4496 1164 4564 τῆς
1193 4497 1428 4567 Τριάδος
1464 4497 1561 4566 τῆς
1618 4497 1984 4565 παντουργοῦ.

2681 2043 2914 2109 CAPUT
2943 2048 3055 2103 CII.

2247 2137 2319 2190 De
2341 2149 2522 2192 sancto
2555 2138 2714 2192 altari
2749 2137 2812 2193 et'
2831 2140 3012 2207 templi
3039 2142 3462 2210 inauguratiouc.

2139 2294 2435 2350 Videamus
2471 2307 2651 2349 autem
2677 2305 2732 2350 et
2767 2311 2884 2361 nos,
2918 2305 3179 2364 quantum
3233 2296 3357 2349 licet
3382 2304 3435 2350 et
3485 2298 3642 2352 nobis

2063 2395 2146 2442 est
2185 2386 2465 2456 possibile,
2501 2389 2923 2457 speculationem
2963 2403 3174 2441 eorum.
3208 2387 3367 2441 Venit
3403 2391 3468 2443 ad
3507 2405 3642 2443 con-

2064 2480 2388 2533 secraudum
2416 2481 2676 2548 templum
2735 2479 2996 2547 pontifex,
3058 2480 3326 2548 siquidem
3383 2489 3436 2533 et
3503 2479 3642 2535 Deus

2067 2573 2214 2626 venit
2242 2573 2306 2626 ad
2340 2587 2458 2636 nos,
2502 2579 2560 2626 ut
2591 2587 2689 2624 nos
2721 2571 3090 2624 sanctificaret
3124 2589 3137 2633 ;
3169 2580 3224 2624 et
3252 2570 3430 2624 induit
3456 2561 3640 2624 omnia.

2069 2665 2389 2718 veslimenta
2425 2662 2776 2731 pontificalia,
2811 2661 2903 2716 Dei
2935 2660 3099 2716 Verbi
3139 2676 3234 2730 pro
3269 2663 3426 2716 nobis
3458 2663 3643 2718 incar-
3712 2658 3734 2674 “

2071 2755 2343 2810 nationem
2383 2753 2715 2824 significans.

2669 2867 2900 2923 CAPUT
2947 2867 3081 2923 CIII.

2203 2960 2378 3025 Quare
2406 2963 2627 3016 antistes
2652 2961 2926 3015 sindonem
2954 2962 3124 3016 induit
3153 2977 3307 3031 seque
3335 2961 3520 3030 cingit.
3627 3006 3644 3018 .

2151 3117 2326 3185 Super
2357 3113 2445 3169 his
2474 3122 2652 3168 autem
2685 3113 2970 3169 sindonem
3025 3114 3414 3169 eireuminduit
3466 3117 3660 3170 albam-

2078 3210 2145 3263 ab
2171 3207 2412 3261 humeris
2445 3207 2513 3260 ad
2539 3206 2705 3275 pedes
2735 3220 2908 3272 usque
2937 3205 3342 3270 decurrentem,
3378 3207 3432 3260 in
3463 3217 3649 3277 typum

2078 3300 2280 3355 Christi
2309 3299 2554 3354 sindonis
2605 3299 2675 3353 ad
2723 3299 3058 3367 sepulturam
3099 3298 3348 3353 :Christi
3418 3315 3654 3370 namque

2084 3397 2502 3445 monumentum
2531 3389 2773 3444 excitare
2803 3389 2962 3444 debet
3028 3404 3090 3444 ac
3147 3392 3520 3455 sanctificare,
3565 3406 3652 3443 sa-

2079 3497 2251 3546 cram,
2283 3481 2389 3548 aio,
2445 3493 2720 3544 mensam,
2785 3486 2840 3533 et
2871 3494 2990 3548 quae
3014 3485 3352 3536 monumenti
3389 3493 3534 3548 sunt,
3574 3491 3649 3544 ut,

2080 3584 2177 3644 per
2242 3572 2629 3636 imitationem,
2693 3570 2976 3624 Christum
3045 3575 3313 3641 sepultum
3358 3573 3649 3641 exprimat.

2079 3663 2278 3719 Tribus
2307 3672 2485 3718 autem
2507 3663 2656 3715 zonis
2685 3662 2966 3716 sindonem
2987 3651 3289 3732 princittgil,
3309 3664 3360 3714 in
3395 3665 3654 3717 honorem

2081 3754 2369 3808 Trinitatis
2403 3771 2417 3805 :
2453 3760 2574 3822 post
2604 3753 2806 3807 collum
2834 3762 3056 3820 prepter
3095 3764 3330 3807 mentem
3368 3765 3421 3807 et
3488 3756 3657 3808 servi-

2085 3845 2214 3899 tutis
2248 3843 2315 3898 ad
2348 3841 2517 3897 Deum
2571 3841 3067 3911 significationem;
3107 3843 3210 3897 sub
3261 3841 3456 3895 axillas
3509 3843 3664 3896 circa.

2084 3946 2296 4006 pectus,
2343 3943 2564 4006 propter
2592 3935 2901 4001 rationem;
2939 3943 2994 3988 et
3023 3934 3170 3988 circa
3213 3948 3373 3987 renes
3437 3943 3657 4004 propter

2084 4029 2372 4097 puritatem
2409 4037 2462 4080 et
2489 4027 2858 4082 fortitudinem
2897 4042 2912 4091 ;
2941 4040 3042 4078 una
3061 4024 3278 4093 quidem
3312 4024 3364 4076 in
3396 4025 3665 4078 honorem

2087 4115 2263 4171 Patris
2294 4133 2309 4182 ;
2341 4116 2443 4169 alia
2467 4130 2594 4170 vero
2625 4116 2680 4169 in
2699 4115 2960 4169 honorem
2999 4111 3156 4168 Filii:
3197 4112 3354 4164 tertia
3391 4113 3444 4165 in
3486 4113 3652 4165 hono-

2084 4222 2200 4261 rem
2232 4205 2554 4260 vivificautis
2593 4214 2647 4260 et
2674 4205 2794 4274 puri
2830 4203 3085 4274 Spiritus.
3107 4203 3164 4256 In
3193 4203 3444 4258 manibus
3477 4212 3664 4257 autem

2089 4298 2290 4368 pariter
2323 4297 2668 4352 chirothecas
2711 4296 2884 4349 induit
2913 4304 3136 4365 propter
3176 4295 3380 4349 tortilia
3440 4296 3656 4351 sindoni
3744 4368 3748 4372 δ

2090 4389 2263 4444 unita.
2325 4385 2390 4439 Et
2433 4384 2859 4454 unumquodque
2914 4400 3106 4458 eorum
3165 4385 3338 4438 tribus
3397 4385 3657 4451 alligatur

2089 4480 2242 4534 zonis
2282 4478 2334 4532 in
2393 4485 2576 4549 typum
2617 4460 3010 4545 omnipotentis
3063 4474 3370 4528 Trinitatis.
3426 4473 3662 4528 «Manus

421 4601 438 4631 ι
459 4583 522 4635 Αἱ
553 4583 731 4651 χεῖρές
752 4601 845 4635 σου
869 4585 994 4653 γὰρ,
1029 4602 1047 4635 ι
1079 4585 1216 4652 πρὸς
1247 4566 1341 4637 τὸν
1370 4586 1589 4656 Πατέρα
1619 4587 1770 4654 λέγει
1799 4589 1963 4642 Δαὸὶδ

2091 4571 2234 4626 enim
2263 4579 2391 4630 tuae,
2423 4588 2441 4621 ι
2482 4569 2660 4638 inquit.
2687 4567 2850 4622 David
2885 4569 2950 4622 ad
2980 4567 3218 4632 Patrem,
3247 4566 3419 4621 Filius
3451 4567 3665 4620 scilicet

413 4675 442 4726 ό
483 4674 607 4736 Υἱὸς
638 4675 876 4743 δηλονότι
908 4676 1002 4728 καὶ
1033 4675 1092 4728 τὸ
1127 4675 1346 4746 Πνεῦμα
1376 4677 1434 4729 τὸ
1467 4677 1642 4744 ἅγιον,
1682 4696 1700 4729 ι
1727 4679 1967 4748 ὲποιήσά·

2091 4673 2144 4717 et
2169 4662 2403 4730 Spiritus
2434 4669 2681 4745 sanctus,
2714 4679 2732 4712 ι
2760 4659 3005 4715 fecerunt
3032 4674 3137 4726 me,
3172 4668 3224 4712 et
3257 4658 3660 4726 plasmavernnt

419 4779 486 4832 με
522 4764 616 4816 καὶ
649 4762 894 4816 ἔπλασαν
931 4781 1019 4835 με.
1063 4785 1080 4816 ι
1129 4767 1237 4818 Καὶ
1285 4767 1440 4819 ἐννέα
1479 4766 1714 4833 γίνονται
1746 4766 1910 4830 ζῶναι
1938 4787 1964 4819 ο

2094 4767 2198 4806 me.
2233 4770 2252 4803 ι
2288 4750 2355 4805 Et
2383 4764 2577 4804 novem
2608 4764 2756 4804 zonae
2797 4748 2937 4802 fimtt
2987 4748 3102 4802 haec
3162 4763 3358 4804 novem
3420 4750 3658 4814 vincula,

419 4855 572 4907 ἐννέα
597 4854 742 4906 οὗτοι
766 4854 977 4921 δεσμοὶ,
997 4857 1064 4908 τὰ
1095 4856 1253 4908 ὲννέα
1283 4855 1573 4926 δηλοῦντες
1596 4856 1853 4926 τάγματα
1883 4860 1967 4911 τῶε

2095 4859 2284 4899 novem
2317 4843 2603 4912 figurantia
2640 4841 2953 4910 angelorum
2979 4841 3220 4905 ordines,
3287 4841 3382 4908 qui
3441 4857 3664 4897 numero

419 4946 688 5013 ἀγγέλων,
724 4947 1020 5015 τριαδικῶς
1051 4947 1149 5017 τὴν
1181 4947 1386 5016 Τριάδα
1425 4948 1785 5017 κηρύττοντα.
1831 4951 1967 5002 ’Δλλε

2093 4935 2333 4988 ternario
2359 4931 2686 4986 Trinitatem
2714 4931 3035 5001 praedicant.
3071 4930 3176 4986 Sed
3199 4932 3360 4986 etiam
3400 4945 3458 4987 ut
3483 4935 3664 5003 ορριοίε

422 5040 513 5089 καὶ
545 5037 620 5099 ὡς
651 5036 899 5099 διάκονος
947 5039 1208 5107 μεγίστου
1239 5038 1401 5108 ἔργον
1447 5041 1475 5091 ό
1509 5039 1791 5109 ἱεράρχης,
1839 5057 1967 5110 περι

2095 5025 2313 5078 maximi
2351 5022 2600 5077 minister
2629 5021 2876 5089 pontifex
2937 5023 3010 5076 ita
3051 5024 3421 5093 praecingitur,
3482 5040 3510 5076 a
3559 5025 3666 5078 Deo

421 5128 686 5191 ξώννυται
712 5129 877 5188 οὕτω.
911 5131 1008 5196 τὴν
1037 5129 1145 5182 ἀπὸ
1184 5131 1280 5182 τοῦ
1314 5130 1448 5183 Θεοῦ
1486 5131 1805 5199 αἰτούμενος
1831 5132 1962 5185 δύνα

2098 5116 2390 5188 potentiam
2441 5124 2629 5186 petens
2700 5123 2754 5169 et
2787 5117 2853 5169 ad
2901 5130 3050 5184 opus
3102 5125 3370 5184 paratur;
3437 5115 3670 5170 forsitan.

429 5237 542 5288 μινυ
577 5222 670 5272 καὶ
705 5221 1056 5289 έτοιμάζεται
1090 5221 1226 5290 πρὸς
1256 5223 1317 5273 τὺ
1347 5221 1525 5290 ἔργον·
1559 5222 1686 5284 ἴσως
1715 5223 1774 5275 δὲ
1805 5226 1899 5277 καὶ
1927 5241 1967 5275 τέ

2097 5217 2275 5262 autem
2308 5216 2526 5276 propter
2555 5206 2978 5261 sacerdotalium
3011 5206 3450 5259 indumentorum
3510 5221 3664 5260 reve-

426 5313 679 5380 ῑερατικὰ
707 5313 882 5381 τιμῶν
910 5311 1114 5381 ἄμφια,
1161 5317 1254 5366 καὶ
1312 5313 1388 5382 μὴ
1421 5315 1805 5384 καταχραίνων
1854 5315 1967 5368 αὑτά

2095 5298 2432 5362 rentiam,ue
2451 5299 2798 5368 materiarum
2832 5299 3011 5367 Operis
3051 5297 3372 5350 tractatione
3428 5313 3695 5352 comtna~~

425 5406 488 5472 τῇ
521 5402 629 5456 τῶν
666 5403 804 5456 ὑλῶν
834 5403 927 5456 τοῦ
962 5404 1123 5474 ἔργον
1161 5406 1569 5474 μεταχειρήσει.

1008 5515 1412 5570 ΚΕΦΑΑ.ΡΔἏ

427 5609 585 5664 Atat!
631 5609 700 5662 ἐν
746 5608 820 5678 τῇ
855 5609 1210 5731 καθιερὼῖεέ.
1246 5608 1352 5730 etet";
1388 5609 1536 5663 ναοῦ
1580 5607 1894 5679 ἐξάγονται
1933 5613 1988 5664 οι

1101 5718 1115 5731 .
1142 5695 1180 5731 a
1205 5695 1274 5731 κο
1306 5717 1320 5730 .

1101 5695 1294 5732 ιιαικοι
1306 5717 1320 5730 .

511 5773 848 5843 Ἀρξᾶμενος
902 5775 956 5827 δὲ
989 5775 1247 5843 ἐνεργεῖν,
1284 5773 1466 5840 ἐξάγει
1523 5776 1719 5838 πάντα,
1760 5775 1882 5835 τοὺς
1919 5773 1994 5842 μὴ

2102 5392 2376 5447 culentur.

2589 5485 2591 5487 ’
2674 5508 2899 5564 CAPUT
2959 5507 3088 5562 CIV.

2100 5582 2276 5670 Quare
2330 5607 2380 5659 in
2435 5603 2610 5674 templi
2659 5600 3064 5722 inatzgttratione
3126 5601 3250 5654 laici
3292 5601 3538 5655 excedere
3574 5603 3669 5671 ju-

2799 5680 2968 5722 eatur.

2799 5680 2968 5723 eatur.

2177 5766 2418 5822 Actionis
2443 5775 2622 5819 autent
2659 5764 2838 5830 initio,
2871 5772 3098 5818 cunctos
3143 5780 3298 5819 sacro
3360 5763 3672 5816 chataCtete
