4090 6258
458 351 561 417 311

1301 347 1691 448 'SYMEONIS
1732 345 2482 410 THESSALONICENSIS
2535 329 2893 405 ARCHIEP.

3593 330 3702 393 312

453 480 560 518 non
595 461 878 530 insignitos
910 461 1154 532 expellit.
1181 446 1314 517 Nam
1347 476 1471 516 cum
1504 461 1661 517 debet
1692 477 2024 518 consecrare

2131 461 2406 532 σφραγῖδα
2457 461 2609 530 ἱερὰν
2661 459 2908 528 ἔχοντας.
2972 449 3193 522 Ἐπειδὴ
3248 449 3356 518 γάρ
3409 446 3699 516 καθιεροῦν

376 555 379 558 ’
450 556 694 618 ιίοηιιιιη,
725 561 1076 607 consecratos
1140 552 1304 608 etiam
1339 552 1660 608 sacerdotali
1709 553 2026 610 charactere

449 651 678 698 cunctos
739 651 954 711 oportet
1009 643 1200 698 adesse
1248 642 1670 713 ministrareque
1724 643 2022 699 secundum

455 731 882 802 uniuscujusque
921 739 1147 797 statum,
1190 748 1297 788 non
1355 743 1535 787 autem
1571 750 1638 789 ex
1666 734 1858 790 ordine
1884 733 2024 790 laico

446 838 773 894 quemquam
818 842 833 879 :
865 824 1017 880 intus
1049 823 1192 878 enim
1224 825 1317 895 qui
1348 825 1642 894 reperitur,
1679 839 1838 880 sacer
1865 825 2024 881 debet

445 931 568 971 esse
593 916 858 980 minister,
894 915 1034 970 sicut
1062 924 1118 970 et
1144 930 1300 971 sacra
1333 916 1530 971 domus
1567 923 1651 970 est
1679 932 1798 986 quas
1819 918 2023 973 sancti-

449 1007 662 1062 ﬁcatur.
700 1006 928 1077 Pr0pter
954 1007 1058 1061 hoc
1093 1006 1262 1076 igitur
1292 1007 1585 1077 exiguntur
1635 1006 1782 1072 laici,
1845 1009 2022 1063 donec

445 1105 826 1153 consecratum
858 1097 930 1153 sit
971 1098 1258 1168 templum,
1291 1106 1548 1167 tanquam
1580 1097 1646 1152 ad
1706 1097 1878 1155 altare
1909 1093 2018 1155 non

445 1189 802 1260 pertinentes.

1045 1278 1271 1335 CAPUT
1327 1282 1440 1338 CV.

853 1370 1026 1436 Quare
1052 1381 1192 1426 mota
1221 1383 1586 1441 exportantur.

520 1460 770 1530 Erigitur
806 1463 1178 1524 autemetiam
1207 1478 1237 1518 e
1271 1463 1468 1531 templo
1497 1467 1865 1534 quodcunque
1881 1479 2018 1519 mo-

444 1554 573 1616 bile,
605 1553 858 1624 quoniam
897 1553 1256 1622 quodcunque
1304 1555 1505 1610 mobile
1555 1565 1796 1610 mutatur
1825 1555 1893 1610 ab
1923 1555 2018 1609 ali-

446 1653 555 1707 quo
580 1653 794 1694 necnon
831 1638 1182 1708 transfertur,
1247 1641 1427 1711 ipsum
1501 1657 1630 1697 vero
1688 1644 1847 1699 debet
1893 1657 2020 1700 esse

2131 553 2318 624 μέλλει
2348 552 2440 605 τὸν
2477 548 2649 613 οἷκον,
2693 549 2788 602 καὶ
2821 544 3268 616 καθιερωμένους
3300 542 3368 612 τῇ
3407 540 3506 609 τῆς
3537 539 3700 607 ίερω-

2129 644 2299 713 σύνης
2330 642 2590 712 σφραγῖδι
2625 641 2835 702 πάντας
2857 635 3063 704 ὀφείλει
3090 633 3348 703 παρεῖναι
3373 629 3469 684 καὶ
3498 630 3702 700 ὑπηρε-

2124 737 2240 790 τεῖν
2270 733 2553 801 ἀναλόγως
2585 732 2840 794 ἕκαστον,
2872 727 2969 782 zeal
3006 726 3079 795 μή
3111 740 3236 777 τινα
3269 722 3378 776 τῶν
3408 723 3466 774 ὲν
3495 721 3702 784 λαῑκοῖς

2125 823 2502 893 τεταγμένων,
2557 819 2746 890 ἐπειδή
2782 833 2891 889 περ
2922 819 2952 870 6
2980 814 3228 885 εὑρεθεὶς
3261 812 3410 876 ὲντδς
3437 806 3577 865 εἶναι
3607 812 3700 865 καὶ

2128 915 2276 986 ίερδς
2312 912 2592 984 ὑπηρέτης
2620 910 2824 981 ὀφείλει
2857 903 3021 969 εἶναι,
3051 904 3127 968 ὡς
3169 903 3262 957 καὶ
3320 902 3465 972 ίερδς
3497 897 3646 964 οῐκος
3670 901 3702 952 6

2124 1005 2628 1074 καθαγιαζόμενοςο
2679 1001 2969 1069 ἐξάγονται
3041 996 3224 1050 τοίνυν
3276 995 3326 1048 oi
3382 992 3564 1048 λαῖκοὶ
3612 993 3701 1046 διά

2125 1093 2308 1160 τοῦτο,
2337 1093 2496 1164 ἄχρις
2544 1091 2701 1161 ιιῚ
2731 1089 2797 1145 ἂν
2827 1087 3066 1158 ἁγιασθῇ
3111 1086 3142 1140 6
3167 1083 3317 1152 ναὸς,
3351 1083 3428 1146 ὡς
3472 1083 3567 1136 καὶ
3604 1082 3700 1137 τοῦ

2127 1184 2523 1254 θυσιαστηρίου
2554 1182 2710 1245 ὄντες
2734 1181 2915 1243 ἐκτός.

2713 1271 2966 1326 ΚΕΦΑΛ.
2991 1269 3112 1325 PE'.

2410 1366 2575 1420 Διατί
2618 1363 2941 1433 ἐξάγονται
2974 1359 3047 1415 τά
3080 1360 3424 1430 κινούμενα.

2208 1456 2494 1525 Ἑξάγεται
2519 1454 2573 1508 δὲ
2602 1457 2695 1508 καὶ
2722 1455 2832 1508 πᾶν
2860 1452 3182 1522 κινούμενον
3199 1451 3292 1504 τοῦ
3317 1449 3470 1513 ναοῦ,
3491 1450 3570 1504 ὅτι
3593 1449 3701 1502 πᾶν

2122 1548 2439 1619 κινούμενον
2481 1548 2586 1600 ὑπό
2627 1562 2772 1609 τινος
2820 1542 3135 1616 μεταϐαίνει
3179 1544 3276 1596 καὶ
3325 1539 3697 1611 μετατίθεται.

2126 1641 2298 1700 Αὐτὸς
2333 1639 2390 1692 δὲ
2440 1637 2647 1706 ὀφείλει
2675 1636 2866 1706 ἄρτιος
2898 1632 3056 1702 εἶναι,
3092 1636 3189 1688 καὶ
3220 1633 3491 1703 μηδέποτε
3533 1648 3702 1702 μετα-
3815 1695 3819 1700 π

443 1739 592 1786 recte
616 1731 874 1801 positum,
904 1744 1004 1784 nec
1030 1745 1268 1799 unquam
1327 1732 1382 1785 in
1444 1731 1532 1787 his
1597 1747 1718 1801 quae
1769 1734 2016 1788 continet

2126 1729 2418 1801 κινηθῆναι
2461 1729 2572 1782 τῶν
2609 1727 2668 1780 ὲν
2701 1726 2870 1797 αὐτῷ.
2914 1726 3007 1780 Διὸ
3041 1727 3138 1778 καὶ⁵
3164 1725 3372 1786 είκόνες
3404 1723 3575 1790 ἅγιαι,
3605 1723 3700 1776 καὶ

447 1823 633 1877 subire
659 1825 1034 1878 mutationem.
1062 1824 1192 1878 Ideo
1222 1838 1392 1878 sacra:
1448 1824 1719 1895 imagines
1776 1840 2020 1894 vasaque

449 1929 604 1968 sacra
631 1923 684 1968 et
709 1916 914 1983 reliqua
949 1929 1071 1984 quae
1101 1915 1223 1970 loco
1262 1915 1525 1970 dimoveri
1562 1924 1815 1986 possunt,
1872 1917 2020 1973 l'oras

448 2005 760 2073 exiguntur,
816 2014 962 2059 utea
1019 2021 1138 2075 qua:
1205 2017 1453 2061 constant
1494 2014 1549 2060 et
1599 2021 1703 2061 non
1758 2010 2020 2063 movenda

448 2103 580 2150 sunt
617 2095 671 2148 in
707 2095 825 2173 ipso
858 2095 1308 2151 sanctiticentur..
1331 2093 1397 2148 Et
1443 2095 1521 2151 sic
1549 2095 1732 2165 ianuae
1762 2097 2022 2152 claudun-

449 2197 562 2239 tur.
593 2183 800 2262 Coslum
831 2187 977 2240 enim
1003 2186 1112 2254 jam
1147 2185 1209 2238 ﬁt
1241 2186 1519 2254 sanctique
1551 2186 1789 2256 Spiritus
1855 2187 2022 2242 adve-

450 2277 526 2329 nit
557 2275 818 2344 potentia.
851 2275 977 2330 ldeo
1007 2277 1161 2340 solos
1202 2276 1295 2344 qui
1326 2276 1393 2331 de
1418 2277 1562 2332 caelo
1619 2287 1766 2344 sunt,
1830 2278 1881 2331 id
1913 2287 2017 2344 est,

448 2375 799 2421 consecratos
825 2375 1036 2435 oportet
1060 2365 1270 2431 adesse,
1293 2381 1393 2421 nec
1421 2367 1587 2422 ullum
1615 2366 1780 2422 alium
1803 2369 1973 2424 videri
2006 2385 2022 2426 :

449 2468 636 2513 sancta
661 2473 898 2528 namque
921 2459 1128 2514 sanctis
1163 2470 1594 2528 eonsecrataque
1627 2461 1827 2526 sacris,
1851 2462 2025 2516 donec

450 2549 717 2619 completa
752 2551 905 2615 sint;
964 2560 1021 2604 et
1051 2559 1179 2605 tunc
1240 2565 1332 2620 per
1368 2551 1846 2621 participationem
1900 2551 2024 2606 aliis

450 2639 612 2693 etiam
644 2640 1059 2708 permittuntur,
1129 2656 1240 2695 non
1299 2649 1478 2694 tamen
1536 2641 1870 2703 immediate,
1927 2640 2021 2694 sed

435 2747 543 2798 per
577 2733 854 2802 complura
895 2733 1087 2784 aulaea.
1120 2723 1490 2801 Ingredientes
1517 2733 1660 2789 enim
1694 2745 1881 2802 postea
1905 2747 2024 2786 om-

451 2839 547 2878 nes
578 2822 700 2877 laici
755 2823 964 2885 tideles,
1020 2830 1073 2875 ct
1118 2836 1241 2875 cum
1291 2822 1424 2888 ipsis
1465 2827 1808 2890 paenitentes,
1855 2839 2024 2878 unus-

451 2913 684 2981 quisque
753 2912 1031 2982 pr0prium
1066 2920 1297 2981 occupat
1324 2911 1525 2965 locum.
1556 2913 1806 2966 Attamen
1833 2926 2024 2967 omnes

449 3013 603 3066 extra
631 3004 1004 3058 sanctuarium
1033 3013 1340 3058 remanent.
1394 3002 1610 3059 Clausis
1650 3004 1842 3073 itaque
1891 3019 2022 3072 pro-

2125 1820 2296 1892 σκεύη
2332 1821 2475 1892 ἱερά,
2516 1819 2611 1874 καὶ
2636 1819 2801 1872 λοιπά
2828 1813 3014 1887 χώραν
3056 1815 3248 1884 ἔχοντα
3295 1812 3694 1882 μετατίθεσθαι,

2124 1915 2406 1983 ἐξάγονται
2439 1912 2564 1978 ἔξω,
2597 1913 2688 1965 ἵνα.
2716 1911 2785 1964 τά
2812 1909 3022 1962 ἑστῶτα
3050 1907 3146 1960 καί¹
3178 1905 3440 1975 μέλλοντα
3469 1906 3697 1974 ἀκίνητα

2123 2005 2263 2060 εἶναι
2319 2009 2377 2059 ἐν
2429 2004 2580 2073 αὐτῷ
2633 2003 3002 2071 καθαγιασθῇ.
3055 2000 3165 2053 Καὶ
3211 1998 3387 2058 οὕτως
3440 1998 3496 2050 al
3532 1995 3695 2048 πύλαι

2126 2099 2414 2154 κλείονται.
2453 2095 2696 2166 Οὐρανὸς
2735 2094 2846 2165 γάρ
2876 2092 3088 2160 γίνεται
3139 2091 3264 2161 ιἤδη,
3299 2090 3397 2144 καὶ
3441 2088 3694 2158 Πνεῦμα-

2122 2208 2212 2254 τος
2247 2189 2406 2256 ἁγίου
2461 2186 2716 2255 ἐπιφοιτᾷ
2750 2184 3001 2254 δύναμις.
3037 2181 3130 2234 Διὸ
3174 2179 3280 2251 χρὴ
3335 2178 3532 2249 μόνους
3572 2177 3694 2238 τοὺς

2123 2279 2220 2333 τοῦ
2254 2276 2488 2348 οὐρανοῦ
2514 2270 2676 2340 εἶναι,
2703 2275 2830 2336 τοὺς
2863 2272 3194 2342 ίερωμένους
3221 2268 3444 2339 δηλαδὴ,
3469 2268 3564 2321 καὶ
3595 2283 3700 2337 μη-

2125 2373 2251 2426 δένα
2282 2369 2441 2423 ἄλλον
2485 2368 2640 2438 όρᾷν.
2688 2366 2770 2419 Τά
2807 2364 2916 2434 γάρ
2967 2364 3096 2430 ἆγια
3125 2365 3238 2424 τοῖς
3271 2360 3599 2428 ἁγίοις,“καὶ
3627 2360 3696 2410 ei

2125 2461 2475 2534 άφιερωμένα
2527 2461 2641 2523 τοῖς
2693 2459 2882 2528 ίεροϊς,
2923 2455 3030 2517 ἕως
3083 2454 3401 2518 τελεσθῶσι,
3436 2455 3530 2506 καὶ
3576 2453 3696 2535 τότε

2125 2555 2266 2608 κατά
2299 2551 2534 2622 μετοχὴν
2579 2549 2672 2602 καὶ
2699 2550 2811 2610 τοῖς
2842 2546 3025 2608 ἄλλοις
3058 2545 3357 2614 παρέχεται
3383 2559 3395 2574 ⁸
3432 2542 3566 2612 πλὴν
3593 2543 3696 2610 ἐμ.-

2127 2645 2332 2714 μέσως,
2364 2642 2457 2696 καὶ
2488 2641 2590 2693 οὐκ
2620 2638 2866 2708 άμέσως,
2905 2636 3003 2689 καὶ
3041 2635 3128 2688 διά
3179 2633 3697 2702 παραπετασμάτων

2125 2735 2307 2788 τινῶν.
2337 2732 2725 2801 Είσερχόμενοι
2758 2729 2867 2799 γὰρ
2894 2728 3032 2797 μετὰ
3062 2726 3232 2780 ταῦτα
3267 2729 3316 2779 υί
3345 2725 3528 2778 λαῖκοὶ
3560 2724 3699 2776 πάν-

2125 2847 2216 2893 τες
2244 2829 2451 2894 πιστοὶ,
2477 2829 2571 2880 καὶ
2599 2825 2696 2878 σὺν
2731 2825 2916 2886 αὐτοῖς
2944 2823 2992 2875 οί
3021 2819 3433 2891 μετανοοῦντες,
3469 2819 3698 2878 ἕκαστος

2125 2925 2215 2976 τὸν
2276 2923 2479 2974 οίκεῖον
2537 2918 2803 2988 λαμϐάνει
2883 2916 3071 2969 τόπον.
3125 2915 3314 2984 Ὅμως
3382 2913 3439 2964 δὲ
3495 2911 3698 2972 πάντες

2127 3014 2284 3076 ἐκτός
2324 3015 2429 3065 είσι
2476 3009 2573 3063 τοῦ
2618 3009 2767 3077 ἱεροῦ
2817 3008 3084 3078 βήματος.
3124 3004 3466 3073 κλειομένων
3514 3003 3698 3054 τοίνυν

453 3105 637 3164 pterea
663 3095 872 3164 jauuis,
917 3096 1081 3150 Deum
1119 3095 1396 3150 benedicit
1456 3095 1746 3165 pontifex;
1789 3104 1844 3150 et
1878 3096 2020 3151 facta

2127 3105 2235 3158 τῶν
2290 3101 2472 3173 θυρῶν
2518 3100 2606 3153 διὰ
2649 3097 2844 3160 ταῦτα,
2877 3098 3091 3165 εὐλογεῖ
3146 3096 3238 3149 τὸν
3277 3095 3408 3160 Θεὸν
3451 3097 3478 3147 6
3511 3094 3671 3162 ἀρχιε

447 3186 682 3256 Trisagii
699 3187 1009 3257 precatione
1029 3202 1242 3241 necnon
1259 3187 1505 3242 oratione
1529 3206 1547 3238 ι
1573 3186 1736 3242 Pater
1762 3198 1967 3252 noster,
1995 3205 2014 3238 ι

2125 3196 2273 3269 ρεύς.
2307 3196 2415 3248 Καὶ
2451 3192 2765 3264 προσευχῆς
2809 3191 3104 3260 γινομένης
3131 3187 3225 3240 τοῦ
3254 3185 3577 3257 Τρισαγίου,
3604 3187 3701 3238 καὶ

448 3282 573 3342 post
620 3277 996 3330 recitationem
1031 3283 1085 3329 et
1107 3275 1585 3343 gloriﬁcationem,
1647 3277 1798 3331 addit
1845 3279 2024 3346 ponti-

453 3365 542 3419 fex
568 3366 874 3419 orationem
919 3383 933 3418 :
974 3384 992 3417 ι
1030 3365 1261 3418 Domine
1290 3364 1434 3421 Deus
1471 3374 1677 3429 noster,
1707 3367 1800 3435 qui
1826 3376 2020 3422 cuneta

453 3450 610 3516 I‘acis,
640 3467 660 3501 ι
701 3450 880 3520 ipsum
909 3450 1079 3506 Deum
1132 3466 1368 3506 exorans
1429 3461 1491 3505 ut
1550 3453 1642 3507 ﬁat
1691 3455 2020 3524 principium

451 3541 657 3610 operis,
681 3550 736 3595 et
763 3541 868 3610 ipsi
898 3540 1034 3595 {erat
1066 3542 1402 3612 praesidium.

1011 3721 1236 3778 CAPUT
1300 3725 1431 3779 CVI.

591 3813 766 3879 Quare
798 3816 1136 3868 ceromastice
1167 3823 1216 3869 et
1243 3825 1484 3870 aromata
1519 3816 1854 3872 adhibentur.
1953 3882 1955 3884 η

517 3903 583 3958 Et
610 3915 891 3975 assumpto
921 3919 1068 3973 vase,
1101 3906 1190 3960 ubi
1234 3915 1316 3962 est
1363 3910 1717 3963 eeromastice
1761 3924 1868 3964 una
1899 3925 2024 3965 cum

447 3996 805 4064 aromatibus,
851 3999 1032 4066 qualia
1087 3998 1325 4065 myrrha,
1373 3998 1493 4052 aloe
1521 4006 1576 4052 et
1633 4009 1848 4066 caatera,
1905 4015 2026 4071 quae

448 4096 641 4143 cuncta
676 4089 1006 4158 sepulturam
1036 4089 1336 4144 Salvatoris
1363 4091 1618 4160 ﬁgurant,
1679 4093 1938 4162 quoniam
1974 4103 2028 4148 et

450 4181 760 4249 sepulcrum
791 4193 1320 4252 monumentumque
1373 4197 1528 4238 sacra
1581 4200 1769 4240 mensa
1807 4171 2024 4258 ﬁgurat,

447 4274 594 4328 sicut
621 4282 676 4328 et
709 4288 832 4327 cera
893 4283 1055 4343 atque
1088 4276 1352 4330 masticbe
1409 4284 1665 4347 tanquam
1701 4276 2026 4348 glutinantia

453 4373 679 4433 prepter
709 4365 1090 4418 necessitatem
1131 4365 1460 4421 adhibentur
1491 4377 1544 4419 et
1578 4377 1838 4438 tanquam
1889 4382 2026 4424 con-

2123 3290 2238 3357 τοῦ,
2292 3288 2482 3358 Πάτερ
2531 3286 2722 3357 ἡμῶν,
2758 3285 2916 3355 μετὰ-
2949 3284 3010 3337 τὺ
3047 3282 3365 3352 ὲκφωνῆσαι
3409 3283 3500 3334 καὶ
3543 3279 3698 3344 δοξά-

2126 3399 2236 3446 σαι,
2286 3380 2453 3450 εὐχὴν
2494 3377 2737 3445 ἐπιλέγει
2791 3378 2819 3429 6
2865 3375 3176 3444 ἀρχιερεὺς,
3220 3390 3240 3423 ι
3280 3372 3453 3438 Κύριε
3505 3373 3534 3424 6
3565 3370 3699 3431 Θεὸς

2125 3469 2283 3539 ήμῶν
2309 3473 2338 3522 6
2369 3469 2546 3522 πάντα
2576 3467 2744 3520 ποιῶν
2764 3481 2778 3497 ο
2819 3483 2838 3517 ι
2881 3464 3134 3533 δεόμενος
3189 3463 3356 3516 αὑτὸν
3383 3517 3391 3523 ,
3421 3460 3512 3513 τὸν
3555 3459 3691 3512 Θεὸν

2122 3560 2376 3630 γενέσθαι
2441 3559 2618 3629 ἀρχὴν
2687 3557 2780 3611 τοῦ
2841 3555 3003 3624 ἔργου
3066 3554 3157 3607 καὶ
3219 3550 3697 3607 συναντιλαϐέσθαι

2125 3652 2294 3723 αὐτῷ.

2701 3741 2955 3794 ΚΕΦΑΛ.
2990 3738 3127 3806 rq'.

2328 3833 2490 3886 Διατι
2516 3835 2945 3901 κηρωμαστίχη
2974 3829 3039 3884 τέ
3068 3830 3167 3885 καί
3193 3828 3491 3898 ἀρώματα.

2197 3924 2308 3978 Kal
2343 3922 2635 3992 λαϐόμενος
2681 3919 2774 3972 τοῦ
2807 3920 3048 3989 ἀγγείου,
3079 3918 3206 3972 ἔνθα
3236 3921 3268 3989 ἠ
3301 3920 3694 3989 κηρωμαστίχη

2130 4017 2268 4086 μετὰ
2321 4013 2432 4066 τῶν
2487 4012 2796 4081 ἀρωμάτων
2840 4013 3012 4075 ἐστὶν,
3057 4005 3186 4063 οἷον
3217 4011 3463 4080 σμύρνης
3504 4025 3562 4062 τε
3602 4010 3695 4061 καὶ

2130 4109 2314 4176 άλώης
2345 4105 2441 4160 καὶ
2471 4104 2577 4158 τῶν
2611 4103 2835 4167 λοιπῶν,
2866 4101 2903 4156 ἃ
2933 4103 3110 4156 πάντα
3139 4101 3238 4170 τὴν
3271 4103 3448 4170 ταφὴν
3497 4101 3695 4154 εἰκονί-

2128 4198 2282 4262 ζουσι
2320 4196 2414 4251 τοῦ
2450 4195 2720 4265 Σωτῆρος,
2751 4193 2833 4246 ὅτι
2863 4193 2954 4246 καὶ
2982 4193 3074 4244 τὸν
3093 4194 3264 4260 τάφον
3292 4193 3385 4245 καὶ
3414 4194 3474 4244 τὸ
3507 4194 3694 4261 μνῆμα

2127 4291 2160 4357 ἠ
2187 4290 2308 4360 ίερά
2345 4287 2598 4351 είκονίζει
2628 4285 2897 4356 τράπεζα,
2929 4284 3001 4347 ὡς
3037 4284 3130 4336 καὶ
3155 4286 3182 4337 ό
3208 4284 3374 4354 κηρὸς
3405 4285 3555 4354 καὶὴ
3593 4301 3695 4352 μα-

2133 4381 2290 4450 στίχη
2323 4379 2418 4432 καὶ
2445 4380 2519 4441 ὡς
2555 4377 2847 4446 κολλητικὰ
2894 4376 2982 4429 διά
3033 4375 3132 4444 τὴν
3161 4375 3350 4444 χρείαν
3392 4377 3691 4443 εἰσάγεται,

451 4457 695 4526 junctiva
719 4459 1172 4524 connectivaque,
1233 4467 1452 4526 propter
1496 4457 1700 4520 Christi
1755 4473 1928 4525 usque
1958 4457 2024 4513 ad

2133 4471 2228 4522 καὶ
2261 4471 2335 4533 ὡς
2361 4468 2598 4522 ἐνωτικὰ
2623 4467 2678 4520 δὲ
2705 4469 2800 4520 καὶ
2826 4465 3135 4529 συνδέοντα,
3164 4465 3253 4519 διά
3285 4468 3384 4536 τὴν
3421 4466 3515 4519 τοῦ
3557 4468 3693 4535 Χρι-

462 4554 692 4600 mortem
718 4560 846 4615 erga
907 4559 1008 4599 nos
1061 4544 1408 4598 dilectionem
1461 4552 1514 4596 et
1572 4545 1852 4608 unionem,
1905 4545 2020 4599 haec

2124 4559 2250 4613 στοῦ
2299 4560 2428 4628 ἄχρι
2457 4558 2551 4612 καὶ
2582 4558 2811 4612 Θανάτου
2843 4557 2980 4628 πρὸς
3007 4557 3152 4626 ἡμᾶς
3187 4557 3410 4626 άγάπην
3437 4557 3528 4608 καὶ
3559 4558 3694 4610 Eva)-

448 4637 688 4692 infundit
713 4639 764 4690 in
791 4639 1110 4705 ‘,columnas,
1167 4636 1251 4690 vel
1313 4635 1644 4699 columnam,
1703 4637 1786 4690 vel
1845 4637 2016 4691 basim

2124 4664 2230 4712 σιν,
2259 4649 2441 4718 ὲκχέει
2469 4646 2641 4699 ταῦτα
2670 4648 2780 4709 τοῖς
2806 4645 3000 4708 κίοτιν,
3027 4647 3060 4712 ἢ
3085 4645 3161 4715 τῷ
3188 4643 3347 4711 κίονι,
3371 4647 3402 4716 ἢ
3426 4647 3499 4716 τῷ
3525 4647 3692 4717 βωμῷ

451 4729 688 4798 propriis
725 4729 998 4793 manibus,
1033 4727 1126 4782 Dei
1170 4726 1483 4798 signiﬁcans
1530 4741 1690 4796 opus,
1720 4726 1926 4781 addens
1959 4738 2019 4782 ut

453 4822 508 4872 in
541 4819 866 4887 baptismate
889 4820 1210 4887 canet-isque
1234 4818 1612 4880 sacramentis,
1647 4835 1666 4868 ι
1707 4815 1764 4869 ln
1798 4821 2018 4873 nomine

451 4909 648 4970 l’atris,
699 4918 753 4961 et
793 4907 937 4971 Filii,
964 4917 1018 4961 et
1069 4908 1307 4977 Spiritus
1356 4909 1571 4972 sancti;
1607 4927 1626 4958 ι
1665 4909 2013 4976 'principium

447 5003 593 5055 enim
634 5010 688 5056 et
722 5003 846 5057 linis
878 5003 1163 5056 estomnis
1211 5003 1335 5056 boni
1389 5001 1648 5057 Trinitas.
1712 5004 1770 5058 Et
1833 5019 1862 5058 a
1914 5005 2022 5071 ιιιὶ-⁵

449 5092 641 5148 nistris
689 5093 868 5148 infusa
911 5091 1143 5162 plurima
1202 5092 1562 5146 ceromastice
1627 5095 2016 5165 paululumque

450 5181 789 5251 reirigerata,
851 5189 1103 5235 cantores
1155 5181 1374 5250 quidem
1445 5192 1646 5237 canunt
1680 5188 1946 5255 psalmum
1997 5206 2011 5241 :

451 5292 470 5324 ι
500 5273 762 5328 Exaltabo
789 5281 864 5339 te,
884 5272 1022 5326 Deus
1051 5287 1266 5338 meusgr
1297 5281 1349 5327 et
1371 5274 1585 5328 hunc'u
1624 5278 1881 5334 Dominus
1917 5295 2014 5349 pa-

449 5367 557 5421 scit
578 5381 684 5433 me,
717 5385 736 5418 ι
775 5368 828 5418 in
863 5365 1089 5436 gloriam
1119 5366 1234 5419 Dei.
1255 5365 1505 5421 Pontifex
1530 5378 1709 5423 autem
1742 5372 2014 5427 auxilian-

454 5459 602 5512 tibus
625 5459 729 5512 sibi
759 5457 1123 5528 praesentibus
1176 5458 1447 5530 episcopis
1470 5470 1524 5516 et
1553 5465 1935 5520 sacerdotibus
1961 5476 2015 5520 et

447 5549 684 5614 cuteris,
749 5549 918 5601 sumit
972 5562 1212 5604 mensam
1289 5561 1345 5605 et
1392 5568 1556 5623 super
1615 5554 1774 5610 bases
1828 5555 2009 5624 ponit,

451 5644 676 5697 ﬁrmans
707 5655 825 5695 eam
856 5650 1018 5710 atque
1040 5642 1344 5700 stabiliens.
1381 5643 1445 5697 Et
1494 5656 1680 5715 postea
1742 5647 2015 5702 benedicit

451 5732 644 5788 Deum.
668 5731 891 5804 Oportet
917 5734 1063 5790 enim
1099 5735 1248 5790 illum
1281 5735 1607 5793 benedicere
1641 5754 1802 5808 super
1835 5742 2010 5795 omni-

2121 4739 2355 4800 οίκείαις
2384 4740 2564 4807 χερσὶ,
2597 4738 2657 4790 τὸ
2707 4736 2868 4806 ἔργον
2903 4736 3078 4805 δηλῶν
3115 4737 3208 4791 τοῦ
3241 4738 3400 4803 Θεοῦ,
3425 4739 3691 4808 ἐπιλέγων

2121 4831 2194 4889 ὡς
2229 4830 2324 4883 ἐπὶ
2374 4829 2466 4882 τοῦ
2523 4828 2900 4898 βαπτίσματος
2947 4823 3041 4881 καὶ
3087 4829 3194 4881 τῶν
3225 4829 3400 4882 ἄλλων
3436 4831 3686 4893 τελετῶν,

2127 4939 2144 4968 ε
2187 4922 2278 4984 Είς
2311 4922 2370 4972 τὸ
2417 4921 2589 4989 ὄνομα
2636 4919 2726 4971 τοῦ
2773 4919 3004 4989 Πατρὸς,
3030 4920 3120 4972 καὶ
3155 4921 3248 4972 τοῦ
3278 4919 3430 4986 Υίοῦ,
3473 4921 3686 4974 καὶτοῦ

2119 5012 2275 5079 ἁγίου
2334 5010 2670 5079 Πνεῦματος.
2710 5027 2728 5060 ι
2789 5009 2956 5080 Ἀρχὴ
3007 5009 3116 5077 γὰρ
3162 5011 3256 5062 καὶ
3294 5011 3446 5074 τέλος
3488 5013 3688 5073 παντὸς

2118 5103 2326 5170 ἀγαθοῦ
2363 5105 2396 5172 ἡ
2427 5103 2616 5172 Τριάς.
2651 5101 2761 5154 Καὶ
2793 5102 2896 5154 ὑπὸ
2921 5102 3028 5154 τῶν
3058 5102 3348 5171 ὑπηρετῶν
3377 5103 3476 5172 τῆς
3509 5103 3688 5155 πλείου

2117 5209 2206 5254 νος
2229 5192 2558 5261 ἐκχεομένης
2578 5207 2646 5259 κη
2657 5190 3022 5260 ρωμαστίχης,
3040 5192 3134 5243 καὶ
3157 5192 3350 5262 μικρὸν
3365 5192 3688 5262 ψυχρανθεί-

2120 5301 2240 5354 σης,
2265 5285 2314 5336 οί
2341 5283 2538 5352 ψάλται
2569 5283 2668 5352 μὲν
2691 5283 2954 5351 ψάλλουσι
3000 5283 3238 5352 ψαλμὸν,
3272 5285 3352 5351 τὸ,
3393 5303 3412 5336 ι
3457 5285 3686 5354 ’Υψώσω

2119 5393 2202 5441 σε,
2229 5378 2257 5428 6
2293 5373 2426 5428 Θεός
2477 5391 2600 5444 μου,
2633 5392 2652 5425 ι
2691 5376 2785 5427 καὶ
2805 5374 2882 5438 τὸ,
2920 5393 2938 5426 ι
2981 5374 3180 5444 Κύριος
3215 5377 3490 5445 ποιμαίνει
3525 5395 3617 5442 με,
3658 5397 3678 5430 ι

2118 5469 2196 5531 είς
2227 5465 2536 5533 δοξολογίαν
2575 5465 2732 5519 Θεοῦ.
2781 5465 2839 5520 Ὀ
2886 5468 3177 5536 ἀρχιερεὺς
3211 5468 3289 5530 δὲ,
3322 5470 3684 5539 συναντιλαμο

2117 5557 2431 5625 ϐανομένων
2485 5555 2636 5624 αὑτῷ
2680 5558 2772 5609 καὶ
2803 5557 2913 5610 τῶν
2943 5559 3339 5627 συμπαρόντων
3373 5561 3682 5614 ἐπισκόπων

2068 5671 2080 5682 ι
2117 5652 2212 5704 καὶ
2246 5649 2436 5719 ἱερέων
2462 5649 2554 5702 καὶ
2581 5649 2803 5715 λοιπῶν,
2837 5651 3101 5720 λαμϐάνει
3131 5653 3230 5720 τὴν
3253 5653 3552 5720 τράπεζαν,
3589 5653 3680 5706 καὶ

2116 5740 2331 5812 τίθησιν
2387 5739 2479 5792 ἐπὶ
2526 5740 2633 5794 τῶν
2671 5741 2886 5808 κιόνων,
2915 5741 3348 5810 ἀσφαλιζόμενος
3377 5742 3547 5810 αὐτὴν
3580 5743 3675 5795 καίΙ
