4090 6258
283 447 286 451 .
386 349 491 414 313

1593 422 1595 424 .
1654 363 1749 424 DE
1785 361 2026 424 SACRO
2061 364 2382 428 TEMPLO.

3521 367 3625 430 3H

386 465 629 534 ἐρείδων.
665 464 774 519 Καὶ
822 467 960 534 μετὰ
997 469 1155 525 τοῦτο
1178 461 1394 540 εὐλογέί
1418 471 1510 526 τὸν
1539 473 1697 529 Θεόν.
1740 476 1834 529 Δεῖ
1863 476 1951 547 γὰι

2079 481 2182 535 bus
2205 480 2406 535 divinis
2439 479 2584 533 illius
2605 487 2826 549 propter
2846 494 2944 535 nos
2976 479 3250 550 operibus.
3282 477 3485 534 Deinde
3527 495 3626 549 pro

385 556 551 610 αύτὺν
580 557 822 626 εὐλογεῖν
852 559 945 612 ἐπὶ
978 561 1110 614 πᾶσι
1142 565 1253 626 τοῖς
1303 565 1466 628 θείοις
1497 565 1640 636 ὑπὲρ
1675 567 1832 637 ἡμῶν
1864 569 1954 640 ἐρ-

384 664 503 716 γοις
537 647 723 704 αὐτοῦ.
770 646 903 705 Εἶτα
943 653 1052 724 πρὸ
1094 654 1204 708 τῶν
1246 649 1415 720 ἁγίων
1456 657 1660 727 θυρῶν,
1687 659 1868 729 τάπης
1892 677 1952 714 τε

383 737 790 810 εὐτρεπίζεται,
821 746 914 797 καὶ
960 747 1401 815 προσκεφάλαιον
1443 751 1500 804 ἐν
1537 752 1710 818 αὐτῷ,
1739 754 1833 806 καὶ
1865 753 1956 808 διὰ

381 831 485 900 τὴν
512 831 616 898 τῆς
643 835 1052 908 ἀρχιερωσύνης
1075 841 1262 908 τιμὴν,
1285 840 1408 913 ητις
1431 842 1548 896 ἐστὶ
1569 841 1663 898 τοῦ
1691 845 1954 914 Χριστοῦ,

381 917 479 972 καὶ
531 919 642 974 τῶν
690 923 853 992 ιερῶν
895 925 1137 994 ἁμφίων,
1165 927 1253 983 ἵνα
1298 930 1376 1003 μὴ
1405 933 1838 1003 καταστρωθῶσι
1877 935 1970 1007 τῷ,

382 1010 594 1100 team,
629 1017 895 1086 σταυροὺς
927 1020 1022 1071 καὶ
1053 1020 1268 1083 εἰκόνας
1302 1021 1516 1092 ἔχοντα,
1545 1025 1641 1079 καὶ
1671 1024 1759 1079 διὰ
1787 1025 1847 1080 τὸ
1879 1028 1957 1100 μὴ

382 1096 525 1158 εἶναι
577 1103 659 1158 ἔτι
710 1107 773 1160 τὸ
819 1107 1016 1178 ἔδαφος
1049 1109 1225 1179 ἅγιον.
1259 1113 1431 1169 Τοῦτο
1460 1118 1569 1186 γάρ
1596 1096 1954 1187 καθιερωθεν,

382 1191 564 1260 τίμιόν
596 1196 731 1262 ἐστι,
757 1197 853 1253 καὶ
885 1200 1128 1256 πλεῖστοι
1152 1202 1310 1259 τοῦτο
1354 1205 1430 1267 ὡς
1477 1206 1714 1274 ούρανοῦ
1757 1209 1958 1280 ἔδαφος

382 1286 694 1356 ἠσπάζοντο
724 1289 834 1344 τῶν
881 1292 1159 1360 θεοφιλῶν.
1193 1295 1364 1350 Ἔνθα
1403 1297 1468 1368 δὴ
1515 1301 1957 1370 παρογενόμενος

381 1380 410 1432 ό
434 1381 745 1450 ἀρχιερεὺς,
781 1383 875 1436 καὶ
921 1385 1050 1452 γόνυ
1078 1384 1277 1457 κλίνων
1312 1388 1406 1440 καὶ
1447 1388 1540 1442 τὸν
1580 1390 1780 1462 αὐχένα
1815 1395 1957 1446 κατὰ

383 1476 672 1543 ἀνατολὰς,
697 1480 792 1532 καὶ
831 1483 1047 1534 πάντων
1074 1482 1364 1538 κλινόντων
1394 1485 1553 1554 ὁμοῦ,
1579 1485 1672 1539 τοῦ
1704 1485 1956 1539 διακόνου

383 1566 637 1637 βοῶντος,
669 1587 688 1622 ι
721 1568 842 1623 Ἔτι
887 1572 982 1626 καὶ
1011 1572 1110 1636 ἔτι,
1137 1574 1420 1639 κλίναντες
1476 1577 1544 1629 τὰ
1591 1577 1815 1645 γόνατα,
1864 1599 1882 1630 ι
1928 1580 1956 1632 ὁ

380 1660 670 1731 ἀρχιερεὺς
729 1661 962 1716 ἐνώπιον
1016 1662 1268 1732 κείμενος
1312 1665 1408 1720 τοῦ
1450 1666 1608 1732 Θεοῦ,
1641 1667 1741 1738 τὴν
1766 1668 1934 1738 εὐχὴν

380 1755 616 1806 ποιεῖται
668 1753 728 1805 εν
781 1755 1090 1820 κατανύξει,
1119 1757 1315 1825 λόγων,
1354 1778 1373 1812 ι
1415 1759 1477 1814 '0
1505 1761 1636 1823 Θεὸς
1662 1763 1690 1815 ό
1721 1761 1954 1831 ἄναρχος

2057 572 2271 627 foribus
2314 571 2620 637 disponitur
2651 579 2802 640 tapes
2849 581 2901 626 et
2936 573 2989 625 in
3024 586 3091 627 eo
3117 572 3371 639 pulvinus
3391 571 3463 625 ob
3490 584 3624 646 pou-

2057 665 2296 720 tilicattts
2330 662 2614 729 honorem,
2681 677 2772 732 qut
2802 671 2888 718 est
2945 663 3172 728 Christi,
3241 673 3296 720 ct
3341 678 3625 719 sacrorum

2059 757 2539 822 vestimentorum,
2565 761 2648 822 ut,
2708 769 2901 811 cruces
2929 763 2983 810 et
3030 753 3295 824 imagines
3353 752 3628 817 habentia,

2056 848 2249 902 nonin
2281 847 2405 901 solo
2462 855 2881 916 prosternamur
2926 861 2992 902 eo
3033 848 3177 916 quod
3243 846 3482 900 nondum
3545 852 3630 899 est

2055 932 2460 988 sanctificatum
2489 934 2664 988 solum
2693 953 2708 989 :
2739 935 2841 990 ltoc
2863 935 3006 990 enim
3036 949 3161 988 cum
3225 933 3624 987 sanctificatum

2055 1037 2156 1092 est,
2189 1027 2438 1097 plerique
2473 1027 2692 1097 piorum
2729 1037 2788 1082 ut
2821 1028 2941 1084 caeli
2983 1026 3348 1099 pavimentum
3376 1028 3632 1083 osculan-

2057 1130 2164 1176 tur.
2191 1119 2268 1175 Ibi
2296 1111 2460 1189 porro
2482 1133 2604 1172 cum
2636 1119 2794 1174 adest
2818 1120 3085 1190 pontifex,
3115 1137 3253 1191 genu
3315 1121 3627 1184 collumque

2059 1211 2282 1267 ﬂectens
2317 1210 2382 1266 ad
2415 1209 2702 1279 orientem,
2738 1209 2992 1265 omnibus
3043 1211 3206 1266 simul
3263 1210 3625 1275 flectentibus,

2057 1302 2326 1357 clamante
2351 1301 2584 1355 diacono
2615 1317 2630 1354 :
2667 1302 2860 1362 Adhuc
2885 1311 2934 1356 et
2989 1301 3163 1356 adhuc
3196 1315 3368 1370 genua
3405 1299 3631 1354 ﬂecten-

2060 1401 2139 1446 tes
2169 1391 2440 1462 ;pontifex
2460 1393 2516 1447 in
2535 1401 2831 1462 conspectu
2857 1392 2948 1447 Dei
2978 1401 3304 1462 prostratus.
3327 1391 3628 1445 orationem

2057 1485 2112 1539 in
2144 1487 2562 1556 compunctione
2613 1487 2762 1551 facit,
2828 1487 3068 1540 dicens:
3127 1487 3316 1541 «Deus
3365 1485 3630 1554 principio

2057 1591 2252 1632 carens
2280 1591 2342 1629 ac
2364 1576 2751 1646 sempiternus.
2801 1595 2819 1646 ρ
2859 1575 3010 1631 Hanc
3031 1587 3210 1630 autem
3236 1579 3398 1632 etiam
3417 1577 3627 1638 dicunt,

2059 1668 2217 1736 siqui
2245 1669 2357 1723 sint
2385 1683 2508 1724 cum
2535 1669 2654 1737 ipso
2677 1671 2996 1738 “pontiﬁces.
3029 1669 3091 1724 Et
3117 1678 3307 1722 exorat
3339 1683 3486 1731 eum,
3531 1667 3627 1736 qui

2072 1755 2120 1810 Μ
2139 1773 2304 1828 oysen
2329 1761 2378 1812 in
2407 1760 2615 1830 antiqui
2645 1761 2980 1816 tabernaculi
3028 1763 3357 1815 ercctiouem
3393 1768 3445 1812 et
3471 1757 3631 1812 Bese-

381 1844 480 1896 καὶ
523 1844 712 1904 ἀΐδιος.
757 1862 775 1896 t
817 1844 929 1916 Τὴν
963 1846 1134 1917 αὐτὴν
1159 1847 1218 1901 δὲ
1251 1847 1490 1913 λέγουσι,
1527 1852 1622 1905 καὶ
1654 1852 1815 1920 εἴπερ
1847 1853 1951 1904 eici

2065 1848 2254 1902 lecletn
2291 1849 2340 1902 in
2374 1850 2522 1905 illius
2551 1843 2931 1907 ornamentum
2956 1852 3255 1916 roboravit,
3295 1849 3628 1919 sapientem-

384 1933 484 1986 σὺν
513 1932 662 2003 αὐτῷ
687 1935 986 2006 ἀρχιερεῖς.
1013 1936 1122 1990 Καὶ
1151 1937 1462 2004 ὲξαιτεῒται,
1485 1941 1575 1994 τὸν
1597 1942 1955 2010 ὲνισχύσαντα

382 2025 462 2087 εἰς
510 2025 799 2094 ἀνέγερσιν
828 2026 928 2096 τῆς
962 2029 1128 2082 πάλαι
1177 2030 1383 2101 σκηνῆς
1427 2031 1520 2085 τὸν
1569 2033 1831 2102 Μωῦσῆν,
1864 2035 1956 2086 καὶ

383 2116 464 2178 είς
516 2115 851 2186 κατάρτησιν
885 2117 1060 2189 αὐτῆς
1103 2119 1194 2174 τὸν
1223 2119 1512 2192 Βεσελεὴλ,
1549 2122 1641 2175 καὶ⁵
1676 2123 1770 2176 τὸν
1801 2121 1958 2175 Σολο-

387 2206 574 2275 μῶντα
603 2210 924 2277 σοφίσαντα,
953 2210 1034 2274 είς
1059 2211 1416 2284 ἀνοικοδομὴν
1440 2214 1600 2284 118
1622 2214 1714 2267 καὶ
1739 2215 1957 2268 τελείω-

385 2315 470 2380 σιν
505 2299 599 2351 τοῦ
648 2299 814 2353 πάλαι
847 2301 1002 2368 ναοῦ,
1030 2301 1132 2360 καῖ
1173 2291 1299 2366 τοὺς
1351 2305 1684 2370 ἀποστόλους
1737 2307 1957 2376 ινισχύο

383 2403 551 2441 σαντα
593 2388 672 2451 είς
712 2389 1001 2459 ἀνέγερσιν
1044 2391 1104 2445 ἐν
1132 2391 1239 2462 ὅλῳ
1285 2392 1363 2463 τῷ
1411 2393 1602 2464 κόσμῳ
1650 2395 1757 2446 τῶν
1793 2395 1954 2465 ἱερῶν

381 2477 805 2549 θυσιαστηρίων,
857 2482 949 2532 καὶ
1004 2481 1196 2535 τοῦτον
1242 2481 1333 2535 τὸν
1387 2482 1512 2535 ναὸν
1562 2483 1807 2550 ἁγιάσαι,
1859 2485 1953 2538 καὶ

381 2568 648 2636 σκήνωμα
682 2568 841 2637 δόξης
871 2569 1098 2638 ποιῆσαι
1129 2570 1318 2638 αὑτοῦ,
1363 2572 1457 2623 καὶ
1495 2572 1704 2625 πολλῶν
1734 2574 1952 2641 ἀγαθῶν

383 2659 739 2727 παρεκτικδν,
769 2661 864 2712 καὶ
897 2659 992 2712 τοῦ
1029 2660 1266 2730 μεγάλου
1293 2661 1532 2732 θύματος
1565 2665 1948 2735 ἐργαστήριον·

2058 1953 2166 2007 que
2196 1936 2540 1996 Salomonem
2569 1942 2769 2008 eﬂ'ecit,
2824 1943 2878 1998 in
2909 1942 3324 1997 tedificationem
3351 1956 3415 1995 ac
3437 1954 3628 1995 conse-

2058 2029 2358 2086 crationem
2395 2032 2597 2088 veteris
2631 2034 2842 2103 templi,
2895 2034 3098 2104 quique
3163 2034 3366 2088 virtute
3403 2030 3630 2085 donavit

2057 2122 2336 2191 apostolos
2367 2131 2428 2178 ut
2481 2124 2535 2178 in
2572 2109 2852 2182 ‘universo
2907 2127 3109 2179 mundo
3164 2139 3318 2181 sacra
3354 2123 3627 2192 erigerent

2058 2213 2274 2281 altaria,
2299 2215 2408 2271 hoc
2436 2218 2598 2272 etiam
2627 2218 2972 2274 sanetilicare
3003 2217 3285 2284 templum,
3342 2216 3626 2285 ipsiusque

2058 2303 2242 2373 gloriae
2263 2306 2671 2363 tabernaculum
2713 2308 2944 2374 efﬁcere,
2983 2317 3042 2364 ut
3077 2311 3148 2364 sit
3191 2308 3455 2362 bonornm
3507 2321 3626 2358 om-

2059 2397 2210 2450 nium
2247 2401 2678 2457 communicatio
2728 2417 3038 2471 magnaeque
3086 2401 3323 2455 victimae
3372 2397 3624 2463 ofﬁcina;

2056 2496 2110 2542 et
2132 2496 2326 2544 uetera
2357 2506 2478 2562 qua:
2508 2503 2794 2548 enumerat
2825 2495 3021 2549 oratio.
3049 2492 3114 2548 Et
3139 2500 3424 2560 postquam
3456 2489 3620 2558 glori-

2057 2578 2238 2635 ﬂcavit
2265 2579 2455 2647 Deum,
2479 2584 2672 2654 surgit,
2700 2600 2976 2655 sacraeque
3026 2597 3227 2638 mensa:
3273 2581 3620 2652 propinquat,

2053 2676 2108 2722 et
2139 2685 2260 2738 qua:
2290 2671 2633 2741 baptismatis
2656 2683 2783 2728 sunt
2817 2673 3094 2742 exprimit.

380 2751 577 2804 καὶτὰ
607 2750 770 2804 λοιπὰ
797 2752 896 2805 ὅσα
938 2754 970 2822 ἡ
1008 2753 1140 2823 εὐχὴ
1172 2753 1480 2822 καταλέγει.
1533 2755 1643 2808 Καὶ
1688 2754 2048 2826 δοξολογήσας
2100 2757 2192 2811 τὸν
2237 2760 2393 2828 Θεὸν,
2434 2762 2732 2834 ἐγείρεται,
2771 2762 2864 2816 καὶ
2931 2765 2999 2834 τῇ
3066 2763 3189 2834 ἱερᾷ
3263 2759 3618 2834 προσεγγίζει

339 2909 344 2912 _
381 2845 655 2916 τραπέζῃ,
683 2845 780 2898 καὶ
807 2847 876 2899 τὰ
905 2846 999 2900 τοῦ
1036 2847 1417 2918 βαπτίσματος
1454 2849 1704 2902 ἐκτυποί.

955 2946 1207 3000 ΚΕΦΑΛ.
1236 2943 1356 3005 PZ'.

589 3036 752 3090 Διατί
787 3034 956 3090 ὕδατι
984 3036 1346 3092 ἐκπλύνεται
1383 3039 1421 3106 ἠ
1456 3037 1734 3109 τράπεζα.

2619 2943 2847 3000 CAPUT
2904 2943 3063 2999 CVII.

2303 3034 2479 3102 Quare
2539 3052 2691 3090 sacra
2729 3053 2906 3090 mensa
2940 3037 3175 3090 abluitur
3206 3052 3366 3105 aqua.

459 3129 614 3182 Ἐπεὶ
644 3129 752 3198 γὰρ
785 3129 876 3181 τὸν
918 3129 1130 3198 Ἰησοῦν
1166 3131 1198 3197 ἠ
1243 3131 1492 3200 τράπεζα
1526 3135 1808 3200 είκονίζει,
1844 3133 1946 3187 πέυ

2128 3129 2265 3185 Cum
2294 3129 2438 3184 enim
2461 3124 2671 3195 .Iesum,
2698 3130 2820 3181 vitae
2859 3136 3066 3194 petram
3090 3137 3144 3181 et
3167 3129 3350 3196 anguli
3387 3126 3616 3195 laptdem

331 3236 334 3238 '
376 3238 510 3291 τραν
536 3221 682 3286 ζωῆς
711 3221 1046 3290 καλούμενον
1075 3223 1172 3276 καὶ
1202 3222 1350 3277 λίθον
1372 3225 1598 3290 γωνίας,
1631 3227 1726 3280 καὶ
1755 3226 1824 3279 τά
1851 3225 1946 3279 τοῦ

377 3312 775 3383 βαπτίσματος.
809 3313 975 3367 αὐτοῦ
1030 3313 1268 3384 δέχεται,
1316 3316 1410 3369 καὶ
1464 3317 1623 3372 τοῦτο
1673 3317 1818 3371 κατὰ
1854 3319 1949 3372 δύο

372 3401 634 3471 τρόπους,
677 3403 932 3472 αἰσθητόν
981 3421 1044 3456 τε
1093 3406 1188 3458 καὶ
1233 3407 1443 3475 νοητὸν,
1477 3408 1566 3466 ἵνα
1609 3409 1705 3462 καὶ
1732 3410 1949 3480 καθαρὰ

372 3492 605 3560 γένηται
635 3492 992 3556 εκπλυθεῖσα,
1024 3496 1118 3546 καὶ
1153 3493 1500 3563 καθαγιασθῇ
1527 3495 1604 3564 τῷ
1638 3494 1815 3558 ὕδατι,
1847 3498 1948 3565 τὴν

371 3583 647 3652 κάθαρσιν
705 3583 844 3654 μετὰ
871 3584 967 3639 τοῦ
1004 3585 1321 3655 Πνεύματος
1363 3587 1652 3658 δεξαμένη,
1684 3589 1805 3642 επεὶ
1851 3589 1948 3643 καὶ

374 3678 693 3748 Πνεῦματος
723 3677 1045 3733 καθίσταται
1079 3678 1312 3749 ὄργανον
1333 3697 1349 3714 ο
1401 3679 1491 3734 διὰ
1533 3679 1692 3734 τοῦτο
1723 3680 1946 3752 χλιαρὸν

371 3771 748 3841 προσφέρεται
787 3770 950 3839 ὕδωρ.
987 3772 1094 3825 Καὶ
1128 3772 1289 3826 τοῦτο
1322 3771 1624 3841 εὐλογεῖται
1655 3773 1722 3828 δι’
1756 3773 1943 3844 εὐχῆς.

373 3863 488 3916 Καὶ
515 3864 626 3933 γὰρ
649 3862 740 3916 τδν
771 3865 829 3916 ὲν
871 3863 1109 3936 Ἰορδάνῃ
1141 3865 1509 3935 βαπτισθέντα
1547 3866 1941 3935 προσκαλεῖται

369 3957 456 4018 είς
501 3955 775 4025 ἁγιασμὸν
820 3955 1013 4009 τούτου
1060 3957 1155 4009 τοῦ
1191 3955 1380 4020 ὕδατος
1429 3957 1458 4009 ό
1501 3958 1816 4028 ἀρχιερεὺς,
1850 3960 1945 4013 καὶ

366 4048 655 4100 τελείωσιν
678 4047 771 4100 τοῦ
803 4046 951 4118 ίεροῦ
978 4047 1383 4119 θυσιαστηρίου.
1412 4041 1546 4100 Εἶτα
1571 4049 1752 4115 νίτρον
1780 4065 1947 4118 προσ-

368 4139 568 4205 άγεται
622 4137 818 4207 τούτῳ,
889 4138 958 4192 δι’
1019 4131 1080 4191 οὗ
1139 4137 1530 4207 εὐλογουμένου
1591 4140 1742 4208 τρεῖς
1802 4139 1947 4191 ποιεῖ

368 4231 646 4302 σταυροὺς
701 4231 759 4282 tv
811 4231 968 4300 αὐτῇ.
1014 4230 1125 4281 Καὶ
1154 4227 1249 4280 τοῦ
1282 4226 1508 4298 χλιαροῦ
1542 4227 1733 4290 ὓδατος
1778 4228 1944 4298 ἐκχυ-

367 4324 560 4385 θέντος
587 4322 729 4393 τρὶς,
772 4322 851 4384 είς
882 4320 1053 4373 τύπον
1101 4320 1202 4390 τῆς
1247 4320 1409 4388 ἁγίας
1439 4319 1691 4387 Τριάδος,
1715 4318 1806 4372 διὰ
1834 4319 1944 4373 τῶν

366 4413 726 4486 ἀντιμινσίιυν
753 4416 788 4485 η
815 4414 937 4485 ίερὰ
961 4413 1296 4481 ὲκμάσσεται
1323 4411 1593 4482 τράπεζα.

949 4525 1198 4580 ΚΕΦΑΛ.
1235 4528 1364 4580 ΡΗ’.

608 4629 624 4644 ⁹
687 4619 825 4687 Περὶ
858 4616 974 4673 τῶν
1009 4619 1182 4688 ιερῶν
1215 4618 1630 4686 ἀντιμινσίων.

439 4778 628 4833 Ταῦτα
656 4778 712 4830 δὲ
737 4777 805 4830 τὰ
835 4777 1148 4846 ἀντιμίνσια
1181 4778 1244 4830 ἐκ
1274 4776 1417 4830 λίνου
1450 4775 1770 4845 ὑφάσματός
1799 4777 1904 4828 εἰσι
1923 4790 1939 4807 ο

355 4875 457 4926 ’καὶ
483 4874 605 4926 ἀντὶ
635 4869 913 4940 τραπέζης
946 4871 1096 4941 ἱερᾶς
1131 4871 1397 4936 γίνονται.
1423 4869 1491 4922 Ἀ
1523 4868 1584 4940 δὴ
1614 4871 1709 4921 καὶ
1738 4868 1940 4937 ραπτό-

368 4981 509 5031 μενα
541 4963 804 5034 πρότερον
839 4963 1210 5032 ὲτοιμάζεται,
1235 4964 1308 5026 ὡς
1357 4963 1391 5032 ἡ
1415 4961 1660 5036 διάταξις
1711 4962 1936 5031 γράφει,

365 5057 462 5109 καὶ
497 5055 675 5108 πάντα
703 5055 939 5108 τελεῖται
987 5057 1044 5106 ὲν
1087 5055 1292 5120 αὐτοῖς,
1331 5055 1429 5107 ὅσα
1469 5056 1561 5106 καὶ
1596 5056 1653 5106 ἐν
1704 5057 1768 5123 τῇ
1820 5052 1940 5124 θείᾳ

363 5145 641 5217 τραπέζῃ.
695 5146 803 5198 Καὶ
851 5145 1047 5217 καιροῦ
1096 5147 1389 5208 καλοῦντος
1439 5144 1612 5199 ταῦτα
1665 5146 1937 5215 διακρίσει

363 5237 668 5307 ἀρχιερέως
728 5237 946 5300 τελείως
1000 5239 1350 5305 ἁγιασθέντα,
1406 5240 1547 5292 κατὰ
1593 5239 1793 5301 τόπους
1846 5237 1935 5302 ὲξ-

2052 3232 2334 3287 vocatum,
2363 3219 2637 3292 significat
2660 3235 2866 3286 mensa,
2900 3236 3022 3290 quae
3077 3230 3204 3274 sunt
3234 3221 3407 3289 ipsius
3450 3218 3625 3289 bapti-

2049 3317 2240 3374 smatis
2272 3315 2440 3371 etiam
2464 3313 2712 3384 suscipit,
2747 3321 2803 3368 et
2844 3313 2946 3367 hoc
2971 3312 3184 3368 duobus
3222 3312 3421 3375 modis,
3453 3311 3628 3367 sensi-

2049 3409 2142 3464 bili
2176 3423 2239 3463 ac
2294 3405 2644 3475 intelligibili,
2680 3413 2739 3458 ut
2773 3413 2826 3458 et
2863 3404 3046 3458 abluta
3081 3417 3214 3472 pura
3246 3403 3356 3468 ﬂat,
3390 3410 3444 3458 et
3479 3418 3617 3473 aqua

2047 3501 2439 3565 sanctificetttr,
2474 3497 2914 3568 purificationem
2939 3511 3065 3550 cum
3101 3495 3305 3566 Spiritu
3332 3496 3622 3565 recipiens,

2048 3591 2307 3662 quoniam
2339 3590 2580 3661 Spiritus
2597 3589 2762 3644 etiam
2789 3587 3140 3642 constituitur
3171 3587 3621 3641 instrumentum.

2046 3684 2172 3741 Ideo
2216 3681 2397 3752 tepida
2450 3681 2727 3751 profertur
2784 3692 2945 3746 aqua,
2999 3693 3120 3749 quat
3176 3693 3271 3746 per
3318 3677 3621 3732 orationent

2047 3773 2414 3832 benedicitur.
2473 3770 2684 3827 Etenim
2745 3770 2897 3825 illum
2939 3772 3030 3838 qui
3075 3770 3379 3838 baptizatus
3426 3779 3507 3825 est
3564 3769 3620 3824 itt

2045 3865 2284 3921 Iordane
2311 3862 2553 3935 pontifex
2584 3865 2637 3918 in
2695 3862 3186 3918 sanctificationcm
3251 3859 3414 3929 hujus
3466 3854 3622 3929 aqua;

2047 3957 2298 4027 sacrique
2327 3955 2799 4012 consecrationem
2871 3951 3061 4007 altaris
3113 3951 3352 4007 invocat.
3417 3951 3621 4007 Deinde

2047 4049 2128 4103 sal
2159 4046 2485 4100 immittitur
2523 4047 2596 4111 ei,
2642 4060 2737 4116 per
2799 4043 3046 4112 illudque
3117 4041 3459 4096 benedictum
3511 4051 3621 4099 tres

2047 4136 2320 4208 precando
2385 4152 2582 4192 cruces
2627 4136 2781 4189 facit.
2815 4134 2879 4189 Et
2906 4149 3045 4206 aqua
3084 4135 3262 4204 tepida
3310 4141 3392 4188 ter
3418 4134 3617 4198 eﬂ‘usa,

2046 4229 2104 4284 in‘
2134 4237 2318 4299 typum
2355 4236 2563 4283 sanctae
2594 4227 2903 4293 Trinitatis,
2943 4243 3040 4299 per
3071 4227 3391 4281 Antiminsia
3461 4242 3618 4282 sacra

2047 4333 2235 4375 mensa
2257 4317 2578 4390 detergitur.

2615 4518 2842 4575 CAPUT
2888 4519 3069 4575 CVIII.

2049 4611 2124 4668 De
2151 4615 2322 4668 sacris
2352 4614 2676 4669 antimittsiis
2707 4616 3064 4697 stveCmappis,
3097 4630 3375 4668 sacrarum
3408 4630 3613 4668 mensa-

2639 4701 2755 4736 τιιηι
2785 4700 3022 4737 utcartts.

2117 4771 2241 4828 ﬂare
2303 4782 2486 4828 autem
2550 4775 2864 4829 antimittsia
2895 4791 2958 4829 ex
3015 4777 3155 4829 lineo
3216 4784 3359 4829 texto
3390 4785 3516 4831 sunt
3562 4783 3616 4829 et

2043 4879 2140 4934 pro
2167 4879 2324 4919 sacra
2357 4879 2544 4919 mensa
2571 4867 2710 4920 liunt
2736 4864 2975 4921 Consuta
3020 4868 3168 4936 prius
3201 4876 3481 4938 parantur,
3508 4870 3615 4921 sic-

2043 4967 2097 5008 ut
2125 4957 2452 5011 constitutio
2476 4958 2686 5023 scribit,
2712 4967 2766 5010 et
2799 4959 2851 5011 in
2881 4959 2959 5013 eis
3014 4961 3196 5014 omnia
3231 4960 3607 5026 perficiuntur,

2043 5061 2171 5116 quae
2199 5048 2360 5102 etiam
2399 5049 2450 5102 in
2481 5049 2662 5102 divina
2694 5065 2900 5106 mensa.
2931 5051 2994 5104 Et
3023 5051 3307 5105 Occasione
3330 5059 3607 5119 poscente,

2043 5139 2317 5207 pontilicis
2351 5139 2580 5206 judicio,
2614 5141 2853 5208 perfecte
2899 5144 3232 5196 sanctiﬁcata
3272 5142 3385 5195 lucc
3412 5156 3607 5194 secun-

2039 5232 2166 5286 dum
2224 5232 2373 5288 locos
2427 5234 2770 5299 emittuntur,
2825 5237 2912 5290 ubi
2957 5244 3174 5290 nonest
3219 5236 3410 5298 altare,
3444 5243 3606 5302 atque

363 5325 812 5390 αποστέλλονται,
849 5326 978 5378 ἔνθα
1017 5327 1114 5380 οὐκ
1155 5327 1272 5379 ἔστι
1305 5326 1715 5396 θυσιαστήριον,
1755 5327 1850 5381 καὶ
1878 5328 1937 5380 ἐν

2052 5323 2093 5373 Ln
2133 5321 2213 5376 eis
2242 5319 2423 5375 divina
2458 5321 2738 5391 perficitur
2770 5326 3154 5393 mysteriorum
3183 5323 3499 5384 celebratio.

363 5416 550 5480 αὐτοῖς
578 5417 611 5486 ή
652 5417 771 5470 θεία
802 5409 1031 5471 τελεῖται
1057 5421 1166 5472 τῶν
1204 5420 1518 5490 μυστηρίων
1555 5421 1860 5490 ἱερουργία.

950 5533 1203 5586 ΚΕΦΛΛ.
1233 5535 1352 5588 PU'.

363 5623 505 5688 Περὶ
537 5622 657 5676 τῶν
684 5619 1396 5693 τεσσάρων-’ὑφασμάτων
1440 5624 1558 5678 τῶν
1602 5625 1671 5677 ἐν
1706 5624 1779 5693 τῇ
1808 5627 1935 5693 θείᾳ
2015 5647 2028 5661 -

1011 5694 1263 5763 τραπέζῃ
1273 5735 1286 5748 .

441 5786 540 5839 Διὰ
566 5786 769 5840 τούτων
803 5779 894 5838 οὖν
938 5786 1322 5856 ἐκμαςσομένη
1365 5789 1394 5857 ή
1427 5788 1673 5856 τράπεζα
1704 5790 1806 5844 in};
1838 5790 1930 5843 τοῦ

2597 5523 2827 5579 ΟᾹΡΠΤ
2879 5523 3017 5580 CIX.

2268 5614 2342 5668 De
2371 5627 2602 5686 quatuor
2637 5617 2936 5673 velamentis
2971 5636 3136 5675 sacra:
3171 5636 3380 5674 mensar.
3487 5674 3490 5678 .

2107 5793 2207 5849 Per
2238 5794 2350 5849 haec
2383 5794 2547 5864 igitur
2581 5811 2715 5866 aqua
2745 5798 3080 5855 sanctificata
3115 5799 3410 5869 dctergitur
3445 5813 3597 5852 mctt-
