4090 6258
488 333 593 395 315

1309 317 1693 394 svusoms
1726 324 2488 398 THESSALONICENSIS
2527 320 2884 382 ARCHIEP.

3619 310 3731 370 316

484 459 571 507 sa,
641 458 705 498 ve
764 459 861 514 per
885 447 988 501 alia
1021 458 1255 518 quatuor
1315 447 1544 509 textilia.
1576 460 1696 514 quae
1736 440 1974 498 ﬁnaliter
1997 440 2053 506 in
2084 465 2095 498 Α

2177 435 2511 506 ίγιασθέντος
2542 431 2754 495 ὓδατος,
2785 431 2818 500 ἦ
2849 428 2917 483 δι’
2949 427 3150 498 ἑτέρων
3169 424 3453 495 τεσσάρων
3477 423 3735 518 ὑφασμά-

485 544 724 605 qnatuor
757 549 926 590 sacra:
958 553 1158 594 mensa:
1188 540 1425 610 angulis,
1455 539 1509 592 in
1573 546 1760 608 typum
1821 543 2057 605 quatuor

489 625 798 692 divinorum
827 625 1320 700 Evangelistarum,
1347 639 1594 700 ponuntu
1606 643 1652 694 r._

1077 803 1304 866 CAPUT
1378 805 1491 861 CX.

703 895 880 960 Quare
917 896 1036 951 vino
1075 908 1124 952 et
1156 915 1291 968 aqua
1322 913 1539 952 roaacea
1570 896 1828 950 abluitur.

560 981 690 1036 Post
755 987 1144 1054 extersionem,
1211 989 1394 1044 vinum
1455 987 1786 1044 odoriferum
1821 999 1884 1039 ac
1911 1000 2056 1040 rosa-

490 1084 605 1130 tum
643 1077 970 1136 aﬂ‘eruntur.
1029 1079 1154 1135 Haec
1206 1091 1386 1135 autem
1447 1080 1708 1150 unguenti
1743 1079 1908 1134 divini
1936 1093 2062 1146 pro-

375 1169 380 1175 ’
491 1169 658 1230 (ninia
690 1183 819 1226 sunt
851 1172 903 1225 in
956 1171 1217 1243 honorem
1277 1171 1573 1241 sepulturae
1607 1169 1754 1235 .lesu,
1790 1168 2059 1238 siquidem

488 1270 544 1314 et
575 1248 679 1314 iste
710 1262 774 1325 de
803 1263 1107 1330 peccatrice
1137 1263 1273 1316 dixit
1299 1280 1311 1316 :
1355 1280 1376 1316 ι
1403 1261 1544 1328 Quid
1577 1262 1822 1316 molestia
1893 1259 2064 1314 infer-

490 1351 562 1404 tis
629 1353 987 1408 mulieriiin
1051 1355 1193 1430 diem
1253 1355 1545 1424 sepulturae
1626 1367 1760 1407 mea:
1822 1351 2063 1408 servavit

495 1441 648 1496 illud.
677 1460 696 1494 ι
746 1443 882 1500 Sunt
910 1446 1072 1500 etiam
1113 1448 1181 1502 ad
1234 1447 1674 1514 signiﬁcandum,
1708 1443 1856 1517 quod
1889 1442 2063 1499 altare

496 1531 664 1597 istud,
697 1533 764 1587 ad
806 1534 1157 1591 imitationem
1191 1535 1607 1600 Melchisedech,
1639 1537 1828 1592 vinum
1881 1534 2066 1590 odori-

491 1619 667 1684 ferum
702 1633 756 1679 et
777 1626 1050 1682 vivificum
1104 1643 1201 1698 per
1239 1632 1469 1700 gratiam
1504 1627 1613 1684 Deo
1661 1628 1902 1699 proferet
1933 1643 1948 1680 :
2005 1625 2062 1680 in

489 1715 750 1770 omnibus
773 1717 918 1771 enim
973 1718 1173 1775 divinis
1213 1720 1561 1780 adducuntur
1609 1720 1926 1790 prophetia.
1983 1718 2065 1774 lu-

2159 545 2292 591 των,
2362 525 2589 595 ὕστερον
2654 522 2951 590 τιθεμένων
3012 521 3070 572 ἐν
3125 521 3248 583 ταῖς
3304 519 3567 588 τέσσαρσι
3629 517 3734 584 τῆς

2166 620 2318 689 ίερᾶς
2362 614 2644 685 τραπέζης
2673 614 2896 684 γωνίαις
2940 610 3082 666 κατὰ
3121 611 3292 667 τύπον
3318 609 3426 666 τῶν
3450 609 3610 664 θείων
3637 607 3734 662 εύσ-

2161 709 2517 778 αγγελιστῶν.

2274 803 2278 808 ’
2760 795 3011 850 ΚΕΦΔΛ.
3043 796 3165 850 Pl'..

2267 892 2430 948 Διατί
2459 889 2830 946 ἐκπλύνεται
2863 888 3006 952 οἴνῳ
3035 886 3134 941 καί
3161 885 3625 954 ῥοδοσταγματι.

2231 983 2385 1036 Μετὰ
2415 981 2474 1034 τὺ
2526 979 2763 1049 ἐκμάξαι
2797 973 2940 1042 οίνος
2977 976 3212 1045 εῦοσμος
3259 976 3354 1030 καὶ
3389 975 3738 1045 ῥοδὸπαγμα

2162 1071 2616 1144 προσκομίζεται.
2649 1069 2838 1124 Ταῦτα
2877 1069 2936 1123 δὲ
2962 1068 3224 1137 προοίμια
3255 1067 3356 1121 τοῦ
3382 1066 3530 1120 θείου
3558 1067 3736 1136 μύρου

2163 1168 2300 1220 εἰσὶν
2328 1168 2409 1230 εἰς
2447 1165 2614 1235 τιμὴν
2644 1165 2741 1233 τῆς
2767 1163 2948 1234 ταφῆς
2973 1162 3069 1218 τοῦ
3096 1162 3295 1233 Ἰησοῦ,
3347 1162 3471 1216 ἐπεὶ
3507 1163 3604 1215 καὶ
3643 1160 3738 1215 οὗ·

2161 1275 2254 1323 τος
2299 1257 2426 1329 περὶ
2478 1257 2581 1327 τῆς
2613 1257 2820 1326 πόρνης
2864 1255 2992 1322 ἔφη,
3034 1273 3053 1308 ι
3089 1255 3157 1308 Τί
3221 1254 3421 1316 κόπους
3462 1253 3735 1323 παρέχετε

2161 1350 2228 1419 τῇ
2275 1349 2495 1416 γυναικί
2533 1365 2548 1414 ;
2582 1348 2662 1412 είς
2707 1348 2807 1417 τὴν
2845 1349 3066 1417 ἡμέραν
3093 1346 3189 1400 τοῦ
3225 1345 3596 1414 ἐνταφιασμοῦ
3628 1362 3733 1413 μου

2162 1437 2466 1508 τετήρηκεν
2497 1437 2630 1491 αὐτό
2651 1453 2665 1468 ’
2703 1456 2724 1489 ι
2761 1437 2878 1504 ἅμα
2935 1436 2993 1490 δὲ
3040 1436 3134 1499 καὶ
3164 1437 3244 1499 είς
3293 1435 3540 1500 ἔνδειξιν,
3567 1434 3644 1497 ὡς
3675 1434 3737 1486 τὺ

2165 1529 2558 1600 θυσιαστήριον
2594 1528 2756 1582 τοῦτο
2783 1523 2924 1590 οῐνον
2954 1527 3128 1598 εὐώδη
3167 1528 3258 1586 διὰ
3301 1528 3401 1596 τὴν
3435 1526 3600 1598 χάριν
3642 1527 3738 1580 καὶ

2167 1619 2416 1684 ζωτικὸν.
2451 1619 2596 1678 κατὰ
2631 1620 2866 1689 μίμησιν
2900 1618 2998 1684 τοῦ
3031 1618 3388 1688 Μελχισεδὲκ,
3434 1617 3738 1686 προσκομί-

2170 1725 2254 1764 σει
2281 1709 2360 1778 τῷ
2391 1708 2508 1780 Θεῷ
2526 1726 2541 1742 ·
2577 1711 2637 1764 ὲν
2663 1711 2799 1764 πᾶσι
2825 1707 2936 1779 γάρ
2963 1709 3075 1772 τοῖς
3101 1707 3264 1770 θείοις
3293 1707 3389 1762 καὶ
3410 1709 3737 1777 προφητεῖαι

492 1805 730 1870 fundens
754 1817 932 1864 autem
957 1810 1070 1866 haec
1095 1811 1148 1864 in
1169 1811 1386 1874 modum
1413 1811 1599 1872 crucis
1623 1825 1788 1880 super
1816 1825 2062 1866 mensam

2177 1801 2526 1870 προάγονται.
2612 1801 2853 1870 Ἑκκέων
2911 1800 2970 1854 δὲ
3011 1798 3190 1854 ταῦτα
3248 1798 3612 1868 σταυροειδῶς
3668 1800 3736 1867 τῇ

491 1897 731 1964 pontifex
788 1900 1054 1960 exclamat

492 1988 819 2053 mundabor,
849 2008 867 2041 ι
893 2003 944 2058 et
980 1994 1261 2062 sequentia
1300 1994 1516 2062 psalmi,
1561 2002 1643 2049 ter
1685 1993 1976 2063 adjiciens,
2007 1992 2065 2048 in

495 2075 899 2134 ﬁrmamentum
924 2081 1086 2137 simul
1122 2098 1185 2138 ac
1217 2085 1474 2141 honorem
1517 2083 1826 2144 Trinitatis.

1057 2248 1474 2322 CAPUT'CXL

535 2369 718 2435 Quare
755 2372 1010 2430 imbuitur
1034 2387 1318 2446 unguento,
1363 2377 1720 2447 acciniturqu
1771 2377 2013 2446 alleluja.

571 2530 775 2588 Deinde
851 2534 1015 2594 infert
1072 2537 1262 2600 altaris
1293 2539 1790 2603 consecrationem,
1848 2555 2066 2595 sacrum

504 2638 864 2695 unguentum,
916 2639 971 2685 et
1003 2630 1217 2686 alleluia
1249 2631 1481 2697 intonat,
1507 2633 1653 2704 quod
1685 2620 1768 2688 est
1794 2635 2069 2703 propheti-

466 2766 470 2769 _
496 2730 618 2771 cum
641 2735 878 2785 carmen,
903 2725 1247 2796 prmsentiam
1280 2725 1368 2778 Dei
1392 2726 1597 2794 Deique
1624 2725 1836 2779 laudem
1864 2725 2072 2794 signiﬁ-

496 2823 678 2864 cans:
733 2829 751 2861 ι
789 2813 964 2876 Venit,
1019 2815 1218 2883 inquit,
1281 2815 1592 2880 Dominus;
1631 2833 1650 2866 ι
1713 2816 1946 2885 primum
2015 2825 2070 2870 et

496 2901 825 2969 secundum,
862 2912 919 2957 ut
947 2906 1208 2974 diximus,
1247 2908 1538 2962 adventum
1573 2907 1694 2978 ejus
1733 2923 2026 2978 suggerens
2052 2951 2067 2976 ,

501 3001 556 3044 et
583 2995 902 3052 continuam
928 2998 994 3052 ad
1025 3015 1126 3054 nos
1159 3000 1396 3064 Spiritus
1426 3002 1790 3068 praesentiam.
1836 3001 2073 3070 Ideoque

1101 1918 1119 1959 :
1177 1920 1196 1953 ι
1248 1901 1522 1973 Asperges
1570 1916 1660 1956 me
1715 1901 1954 1972 hyssopo
2009 1911 2065 1957 et

2177 1891 2414 1964 τραπέζῃ
2441 1895 2468 1946 ό
2499 1893 2786 1965 ίεράρκης,
2820 1892 3008 1963 ἐκϐοᾷ,
3043 1911 3061 1944 ι
3085 1893 3354 1954 Ῥαντιεῖς
3379 1908 3447 1961 με
3475 1889 3737 1958 ὑσσώπῳ,

2164 1985 2258 2037 καὶ
2302 1983 2808 2053 καθαρισθήσομαι,
2846 2002 2866 2035 ι
2917 1983 3014 2046 καὶ
3058 1983 3126 2040 τὰ
3166 1983 3297 2052 ἑξῆς
3343 1980 3440 2036 τοῦ
3477 1980 3735 2052 Ψαλμοῦ,

2163 2076 2284 2143 τρὶς
2329 2075 2622 2146 ἐπιλέγων,
2673 2077 2756 2141 είς
2803 2075 3098 2146 βεϐαίωσιν
3142 2076 3262 2145 ἅμα
3304 2075 3400 2130 καὶ
3444 2072 3740 2144 τιμὴν.τῆς

2166 2168 2415 2240 Τριάδος.

2751 2261 3002 2315 ΚΕΦᾹΛ.
3033 2259 3183 2326 PlA'.

2169 2374 2332 2428 Διατί
2384 2371 2612 2444 χρίεται
2670 2376 2858 2446 μύρῳ,
2869 2375 2990 2499 faui
3044 2375 3112 2429 τὸ
3159 2377 3527 2446 Ἀλιηλούϊα
3582 2377 3745 2447 ψάλ-

2943 2461 3059 2499 ται.

2943 2461 3059 2502 ταί.

2241 2532 2372 2590 Εἶτα
2428 2540 2520 2591 καὶ
2559 2538 2657 2608 τὴν
2685 2536 2964 2592 τελείωσιν
3015 2537 3173 2606 φέρει
3201 2537 3295 2590 τοῦ
3333 2537 3736 2609 θυσιαστηρίου,

2168 2632 2229 2684 τὸ
2282 2632 2464 2702 μύρον.
2505 2631 2564 2684 τὸ
2615 2631 2796 2696 ἅγιον,
2841 2630 2936 2684 καὶ
2980 2630 3042 2682 τὸ
3077 2629 3395 2693 Ἀλληλούῖα
3434 2631 3687 2697 ὲκφωνεί,
3715 2629 3743 2683 δ

2171 2728 2506 2796 προφητικόν
2533 2726 2680 2781 ἐστιν
2704 2721 2878 2796 ᾆσμα,
2907 2723 3202 2793 ἐπιδημίαν
3225 2721 3363 2775 Θεοῦ
3415 2725 3509 2777 καὶ
3537 2725 3743 2776 αίνεσιν

2169 2817 2307 2870 Θεοῦ
2336 2816 2552 2885 δηλοῦν,
2579 2816 2692 2877 καὶ,
2737 2833 2756 2868 ι
2790 2815 3072 2884 Ἔρχεται,
3095 2814 3264 2900 λέγει,
3292 2815 3321 2865 δ
3349 2814 3569 2884 Κύριος,
3606 2833 3624 2866 ι
3645 2813 3742 2885 τὴν

2171 2905 2394 2977 πρώτην
2407 2905 2573 2960 αὐτοῦ
2594 2907 2686 2959 καὶ
2712 2906 2973 2975 δευτέραν
2989 2904 3295 2974 παριστῶν,
3316 2904 3390 2967 ὡς
3409 2906 3607 2973 είρήκα
3617 2923 3741 2970 μεν,

2173 2999 2498 3068 παρουσίαν,
2719 2999 2815 3055 καὶ
2841 2999 2939 3068 τὴν
2963 2997 3188 3067 διηνεκῆ
3209 2996 3344 3067 πρδς
3373 2998 3516 3067 ἡμᾶς
3554 2997 3744 3067 ἐπιδη-

501 3083 744 3138 Ecclesia
764 3089 1028 3147 continuo
1056 3091 1366 3161 sapiusque
1417 3092 1586 3158 canit,
1645 3108 1710 3147 ac
1765 3095 2095 3161 praesertim.

2179 3092 2308 3159 μίαν
2335 3089 2428 3142 τοῦ
2459 3089 2797 3160 Πνεύματος.
2833 3091 2924 3142 Διὸ
2954 3089 3050 3143 καὶ
3077 3091 3111 3158 ἡ
3149 3089 3451 3158 Ἐκκλησία
3481 3089 3746 3156 διηνεκῶς

500 3172 556 3227 in
594 3174 795 3231 divinis
825 3183 1333 3242 consecrationibus
1358 3197 1423 3242 ac
1453 3190 1580 3238 ante
1607 3183 1858 3242 divinum
1893 3183 2070 3242 Evan-

498 3267 724 3344 gclium,
760 3281 945 3342 utpote
1006 3288 1103 3341 per
1136 3274 1279 3342 quod
1316 3275 1730 3330 demonstratur
1786 3275 2072 3332 Dominus.

500 3359 634 3418 'l‘res
660 3361 824 3429 igitur
846 3379 912 3416 ex
944 3364 1046 3419 hoc
1079 3373 1320 3432 ungento
1347 3379 1510 3433 super
1538 3349 1753 3428 sacram
1804 3379 2071 3429 mensam,

505 3450 684 3504 medio
707 3461 760 3504 et
789 3453 1066 3522 utrinque,
1121 3469 1315 3512 cruces
1369 3455 1504 3520 facit
1561 3453 1828 3525 pontifex,
1876 3464 1930 3510 et
1981 3472 2076 3526 per

505 3549 617 3595 tres
646 3539 769 3597 illas
792 3550 958 3598 totam
992 3545 1135 3599 illam
1156 3546 1384 3617 inungit.
1413 3545 1548 3614 Cum
1571 3546 1716 3610 enim
1741 3557 2075 3620 unguentum

502 3645 703 3696 nomen
730 3644 810 3686 est
834 3632 1055 3690 Christo
1091 3634 1200 3702 Deo
1235 3647 1422 3702 nostro
1443 3637 1713 3709 elicitum,
1743 3653 1929 3704 mensa
1955 3653 2078 3710 quae

503 3722 775 3792 signiﬁcat
808 3724 958 3784 illum
985 3727 1061 3784 ibi
1094 3728 1364 3797 sepultum
1414 3738 1690 3802 unguento
1728 3731 1991 3800 ungitur:
2025 3740 2081 3786 et

504 3826 616 3876 tota
632 3819 689 3872 llt
702 3823 1210 3896 myrum,‘qnoniam
1231 3823 1342 3880 hac
1359 3823 1600 3893 Spiritus
1617 3824 1846 3894 gratiam
1865 3824 2077 3894 recipit.

503 3909 570 3964 Et
599 3909 746 3973 ideo,
774 3913 921 3975 sicut,
939 3912 1195 3977 diximus,
1226 3914 1440 3969 alleluia
1462 3915 1695 3980 canitur,
1727 3916 1979 3982 quoniam
2005 3915 2076 3968 ibi

504 4001 654 4064 Deus
680 4003 910 4072 habitat,
939 4013 993 4060 et
1020 4004 1112 4060 illa
1167 4006 1225 4058 fit
1252 4005 1489 4076 Spiritus
1530 4003 1922 4070 charismatum
1957 4005 2075 4064 olli-

506 4087 649 4149 cina.
679 4095 738 4147 In
773 4095 871 4150 bac
904 4095 1048 4151 enim
1085 4095 1448 4164 perﬁciuntur
1484 4093 1764 4150 tremenda
1797 4095 2078 4166 mysteria,

505 4185 960 4260 sacerdotumque
1011 4187 1386 4241 ordinationes
1419 4192 1472 4239 et
1527 4184 1934 4247 sanctissimum
1975 4201 2079 4248 un-

508 4284 792 4348 guentum,
823 4287 877 4332 et
903 4278 1252 4346 Evangelinm
1283 4279 1522 4346 ponitur,
1546 4287 1600 4332 et
1623 4278 1812 4332 subter
1839 4286 1968 4338 sunt
1995 4293 2082 4331 sa-

509 4385 616 4424 crae
651 4379 948 4440 martyrum
986 4371 1246 4439 reliquiae.
1309 4371 1378 4423 ita
1417 4378 1476 4422 ut
1515 4383 1642 4423 vere
1668 4369 1740 4423 sit
1771 4383 1957 4422 mensa
1983 4367 2083 4421 ista

2176 3184 2272 3250 καὶ
2315 3181 2576 3246 πολλάκις
2618 3181 2755 3253 ᾄδει,
2789 3184 2887 3236 καὶ
2922 3183 3121 3251 μᾶλλον
3161 3183 3220 3236 ὲν
3246 3184 3366 3246 ταῖς
3396 3181 3570 3245 θείαις
3601 3184 3747 3237 τελε-

2174 3277 2294 3338 ταῖς
2323 3275 2418 3328 καὶ
2449 3273 2556 3344 πρὸ
2582 3274 2675 3328 τοῦ
2711 3273 2858 3327 θείου
2891 3273 3253 3341 Εύαγγελίου,
3284 3274 3359 3336 ὡς
3392 3273 3746 3342 δεικνυμένου

2173 3365 2269 3419 τοῦ
2306 3365 2512 3435 Κυρίου
2543 3364 2612 3418 δι’
2635 3364 2822 3418 αὑτοῦ.
2855 3366 3019 3435 Τρεῖς
3046 3364 3139 3419 οῦν
3168 3365 3229 3430 te
3253 3364 3422 3420 αὐτοῦ
3449 3365 3543 3427 τοῦ
3576 3366 3746 3433 μύρου

2175 3456 2271 3510 ἐπὶ
2317 3457 2417 3528 τῆς
2467 3457 2616 3528 ίερᾶς
2656 3455 2939 3527 τραπέζης
2987 3456 3154 3526 μέσον
3207 3457 3302 3511 καί¹
3344 3455 3478 3525 παρ’
3510 3455 3747 3521 ἑκάτερα

2177 3549 2411 3600 ποιείται
2462 3547 2730 3616 σταυροὺς
2757 3547 2785 3598 ὁ
2816 3543 3108 3615 ἀρχιερεύς
3135 3560 3149 3575 ·
3201 3545 3298 3600 καὶ
3328 3543 3416 3597 διὰ
3445 3545 3557 3596 τῶν
3583 3543 3750 3611 τριῶν

2179 3637 2398 3708 ἅπασαν
2425 3637 2640 3706 ἀλείφει
2668 3637 2896 3707 ταύτην.
2941 3637 3094 3690 Ἐπεὶ
3118 3637 3228 3705 γὰρ
3259 3637 3432 3706 μύρον
3457 3636 3751 3691 ὲκκενωθὲν

2179 3733 2349 3800 δνομα
2377 3730 2600 3800 Χριστῷ
2623 3729 2703 3798 τῷ
2731 3730 2852 3799 θεῷ
2887 3731 3065 3799 ἡμῶν,
3094 3730 3191 3783 καὶ
3230 3732 3263 3800 ή
3295 3729 3533 3800 δηλοῦσα
3562 3730 3750 3784 τοῦτον

2179 3825 2270 3877 τὸν
2305 3825 2363 3876 ὲν
2390 3823 2563 3894 ταύτῃ
2591 3823 2835 3891 ταφέντα
2871 3823 3136 3890 τράπεζα,
3187 3821 3344 3891 μύρῳ
3373 3822 3588 3892 χρίεται
3613 3839 3626 3852 ·
3661 3822 3752 3873 καὶ

2180 3913 2277 3981 ὅλη
2309 3914 2518 3980 γίνεται
2574 3912 2768 3983 μύρον,
2827 3913 2910 3964 ὅτι
2964 3914 3060 3965 καὶ
3119 3910 3258 3979 αῦτη
3313 3912 3409 3981 τὴν
3456 3911 3614 3982 χάριν
3660 3912 3751 3965 τοῦ

2184 4005 2498 4074 Πνεύματος
2540 4002 2778 4074 δέχεται.
2819 4003 2930 4060 Καὶ
2968 4003 3058 4057 διὰ
3082 4002 3261 4067 τοῦτο,
3290 4003 3364 4065 ὡς
3396 4004 3627 4074 ἔφημεν,
3661 4002 3753 4055 καὶ

2182 4100 2243 4150 τὸ
2269 4095 2591 4167 Ἀλληλούῖα
2619 4097 2828 4168 ᾄδεται,
2879 4095 2966 4166 ὅτι
2991 4095 3216 4164 ὲνδημεί
3267 4097 3323 4146 ὲν
3357 4095 3533 4165 ταύτῃ
3585 4094 3751 4156 Θεόςο

2185 4189 2280 4244 καὶ
2320 4189 2427 4242 τῶν
2457 4186 2799 4258 δωρημάτων
2857 4185 2951 4238 τοῦ
2983 4184 3300 4254 [Ινεύματος
3343 4183 3554 4252 γίνεται
3585 4185 3752 4254 ἐργα-

2187 4285 2428 4351 στήριον.
2469 4281 2558 4333 Ἐν
2583 4279 2758 4348 ταύτῃ
2790 4277 2898 4348 γὰρ
2926 4277 3204 4331 τελοῦνται
3247 4279 3316 4330 τά
3347 4278 3552 4345 φρικτά
3580 4294 3638 4330 τε
3662 4275 3755 4328 καὶ

2191 4372 2450 4442 μυστικά,
2489 4371 2585 4424 καὶ
2608 4371 2665 4424 αἱ
2697 4369 2806 4422 τῶν
2841 4369 3028 4436 ἱερέων
3067 4368 3416 4440 χειροτονίαι,
3435 4368 3497 4420 τὸ
3528 4367 3754 4436 ἱερώτα-

515 4465 687 4519 altare
717 4463 946 4530 Christi,
968 4464 1202 4518 thronus
1224 4463 1430 4540 gloriae,
1459 4461 1728 4516 habitatio
1765 4459 1882 4525 Dei,
1916 4459 2081 4513 Chri—

2187 4481 2278 4517 τον
2308 4464 2502 4530 μύρον,
2533 4464 2626 4516 καὶ
2652 4461 2713 4513 τὸ
2741 4460 3072 4528 Εὐαγγέλιον
3099 4459 3328 4524 τίθεται,
3358 4459 3454 4512 καὶ
3502 4457 3756 4511 ὑποκάτω

511 4557 582 4612 sti
642 4566 1076 4620 monumentum,
1114 4558 1423 4626 sepulcrum
1480 4568 1544 4608 ac
1582 4550 1940 4619 requietionis
1992 4551 2074 4606 lo-

513 4666 632 4706 cus.
658 4649 953 4714 Postquam
987 4661 1169 4706 autem
1202 4648 1418 4720 myrrha
1451 4659 1609 4702 saera
1638 4657 1822 4697 iurensa
1860 4642 2082 4696 inuncta

510 4754 615 4807 est,
639 4744 821 4806 statim
845 4743 989 4796 illam
1004 4741 1364 4812 superinduit,
1382 4739 1510 4795 dum
1534 4745 1828 4792 cantantur
1845 4731 2036 4803 psalmi
2068 4747 2083 4784 :

521 4855 539 4886 ‹
569 4834 742 4899 Quam
767 4835 965 4888 dilecta
997 4834 1343 4908 tabernacula
1368 4839 1461 4886 tua
1489 4846 1505 4898 ;
1537 4849 1555 4882 ι
1591 4828 1850 4899 quoniam
1892 4827 1950 4878 fit
1989 4821 2085 4876 Dei

514 4928 924 4990 tabernaculum
954 4927 1221 4994 sedesque
1250 4926 1457 4994 gloriae.

2189 4555 2256 4608 τὰ
2287 4555 2411 4622 ιερὰ
2450 4553 2560 4607 τῶν
2597 4554 2890 4623 μαρτύρων
2922 4551 3172 4618 λείψανα.
3203 4551 3365 4602 Ὥστε
3411 4549 3624 4620 άληθῶς
3666 4549 3757 4601 καὶ

2188 4646 2576 4715 θυσιαστήριον
2607 4645 2848 4713 Χριστοῦ
2880 4645 3015 4714 αὕτη
3067 4646 3099 4714 ἡ
3149 4644 3419 4713 τράπεζα,
3450 4643 3541 4695 καὶ
3572 4644 3758 4712 θρόνος

2186 4738 2366 4808 δόξης,
2403 4738 2500 4790 καὶ
2533 4739 2958 4807 κατοικητήριον
2991 4735 3150 4799 Θεοῦ,
3180 4737 3273 4788 καὶ
3313 4736 3502 4804 μνῆμα
3543 4737 3638 4788 καὶ
3665 4733 3756 4785 τά·

2190 4846 2289 4899 φος
2338 4829 2576 4899 Χριστοῦ
2629 4829 2725 4882 καὶ
2751 4829 3077 4890 ἀνάπαυσις.
3114 4827 3268 4880 Μετὰ
3306 4826 3362 4881 δὲ
3387 4827 3446 4879 τὸ
3473 4825 3758 4896 χρισθῆναι

2194 4921 2271 4990 τῷ
2305 4921 2461 4991 μύρῳ
2493 4921 2593 4990 τὴν
2619 4921 2922 4991 ἱερωτάτην
2955 4918 3251 4989 τράπεζαν,
3287 4918 3534 4972 ὲπενδύει
3563 4917 3760 4984 ταύτην

514 5024 700 5090 εύθῦς,
723 5021 972 5091 Ψαλμῶν
997 5019 1292 5090 ᾀδομένων,
1331 5038 1350 5071 ι
1390 5019 1483 5081 Ὠς
1524 5016 1785 5086 ἀγαπητὰ
1814 5015 1882 5069 τὰ
1913 5015 2252 5086 σκηνώματά
2323 5032 2442 5081 σου,
2483 5035 2502 5068 ι
2533 5015 2656 5069 ἐπεὶ
2726 5015 2820 5069 καὶ
2889 5015 3154 5083 σκήνωμα
3213 5011 3403 5080 γέγονε
3459 5009 3596 5063 Θεοῦ
3673 5002 3761 5060 καὶ

513 5122 939 5194 κατοικητήριον
962 5118 1142 5187 δόξης.

1076 5231 1306 5288 CAPUT
1359 5229 1517 5285 CXII.

517 5333 661 5400 Quid
687 5335 910 5385 immuni
941 5327 1232 5382 velamenta
1279 5335 1327 5377 et
1359 5325 1658 5400 contiguum
1689 5337 1855 5400 saera:
1892 5335 2083 5374 mensa:

583 5406 888 5461 instratum,
912 5408 1202 5466 cwteraque
1229 5411 1346 5464 quae
1375 5396 1425 5446 in
1463 5395 1555 5446 illa
1585 5393 1996 5459 conspiciuntur.

582 5497 649 5550 Et
682 5496 856 5564 primo
886 5491 1098 5561 quidem
1128 5488 1276 5556 juxta
1301 5497 1534 5556 qumuor
1562 5498 1732 5539 sacrae
1758 5498 1958 5537 mensae
1993 5498 2091 5536 an-

513 5588 671 5656 gulos
693 5596 923 5656 quatuor
950 5589 1228 5652 ponuntur
1248 5580 1476 5658 textilia,
1496 5576 1717 5632 nomina
1733 5573 2091 5643 evangelista-

526 5695 667 5743 rum,
732 5675 1155 5744 unumquodque
1241 5689 1442 5737 unum,
1501 5668 1774 5728 habentia,
1837 5663 2095 5734 quoniam

519 5782 684 5836 totam
725 5768 1023 5825 Ecclesiam
1049 5767 1300 5836 exprimit
1335 5777 1541 5827 mensa,
1579 5777 1642 5816 ex
1669 5757 1928 5812 extremis
1960 5755 2108 5811 adu-t

2756 5223 3008 5278 ΚΕΦΑΛ.
3056 5223 3196 5276 ΡΙΒ’.

2201 5323 2261 5376 Τί
2290 5319 2361 5374 τὰ
2391 5317 2711 5388 ὑφάσματα
2740 5318 2839 5388 καί.
2863 5317 2930 5369 τὸ
2954 5313 3325 5388 κατασάρξςα,
3360 5310 3455 5363 καί
3490 5309 3558 5363 τὰ
3587 5307 3764 5362 λοιπὰ

2658 5390 2728 5442 ἐν
2765 5386 2839 5455 τῇ
2871 5386 2998 5452 θείᾳ
3034 5381 3306 5451 τραπέζῃ.

2271 5484 2381 5537 Καὶ
2403 5482 2622 5551 πρῶτον
2675 5482 2773 5550 μὲν
2816 5481 2884 5531 τὰ
2916 5477 3159 5542 τέσσαρα
3203 5472 3504 5542 ὑφάσματα
3534 5471 3764 5524 τίθενται

2203 5577 2344 5627 κατᾶ
2377 5573 2477 5634 τὰς
2504 5572 2775 5642 τέσσαρας
2803 5570 3004 5637 γωνίας
3047 5568 3144 5632 τῆς
3177 5567 3336 5632 ἁγίας
3366 5563 3671 5633 τραπέζης,
3703 5564 3769 5614 τὰ

2205 5665 2448 5734 ὀνόματα
2483 5664 2592 5716 τῶν
2642 5660 3048 5728 εύαγγελιστῶν
3087 5658 3312 5709 ἕκαστον
3353 5653 3410 5704 ἒν
3443 5651 3658 5721 ἔχοντα,
3689 5654 3770 5703 ὅτι

2203 5757 2299 5821 τὴν
2338 5755 2660 5820 Ἐκκλησίαν
2695 5755 2909 5806 ἃπασαν
2944 5753 2975 5819 ὴ
3007 5748 3256 5818 τράπεζα
3290 5746 3531 5804 ἐκτυποῖ,
3564 5743 3628 5794 ἐκ
3662 5742 3771 5794 τῶν
