4090 6258
427 319 532 380 31⁸)

1285 319 1664 379 SYMEONIS
1689 320 2437 384 THESSALONICENSIS
2475 321 2824 383 ARCHIEP.

3576 319 3680 381 320

429 432 573 494 latae,
612 431 679 487 ad
726 435 896 492 altare
931 434 1022 489 Dei
1074 433 1295 490 caeleste
1346 449 1564 490 sursum
1620 433 1886 491 ferantur.
1940 433 2006 489 Et

2112 398 2660 509 rtpoazpspottévagév
2693 433 2846 504 αὐτῷ
2869 433 3083 506 δεήσεις
3113 435 3482 506 ἀναφέρεσθαι
3515 435 3596 496 εἰς
3627 435 3684 488 ea

427 531 716 591 postquam
739 525 844 580 alta
866 540 1008 581 voce'
1032 524 1200 580 Deum
1225 526 1428 593 hymno
1446 525 1780 592 ‘celebravit,
1814 541 2003 596 pacem

427 613 689 668 omnibus
711 630 741 668 a
770 612 882 670 Deo
913 615 1101 683 gratiae
1151 615 1304 670 dicit.
1337 615 1406 670 Et
1443 616 1661 672 cunctis
1708 625 1875 686 caput
1927 617 2009 671 in-

429 702 784 772 clinantibus,
827 706 992 761 aliam
1024 707 1355 774 orationem,
1408 722 1530 778 qua
1562 716 1648 764 est
1699 707 1890 763 ultima
1939 706 2010 764 de

431 796 866 864 consecrat-ioue,
894 797 971 854 ait
1005 815 1023 852 :
1061 819 1080 852 ι
1134 798 1348 856 Gratias
1402 799 1616 870 agimus
1651 798 1770 864 tibi,
1821 797 2009 854 Domi-

429 897 521 947 ne,
567 902 586 936 ι
638 895 694 940 et
739 896 934 943 caetera
985 904 1109 944 cum
1161 889 1470 944 humilitate
1517 889 1707 943 dicens
1735 929 1750 952 ,
1815 905 1835 939 ι
1873 900 2010 957 quo-

426 975 574 1030 niam
602 976 744 1033 hanc
764 993 925 1048 quam
957 979 1146 1047 ipsein
1177 979 1455 1049 apostolos
1484 978 1731 1034 infudisti
1753 979 2004 1050 gratiam,

426 1073 481 1118 et
503 1080 669 1136 super
708 1082 806 1123 nos
837 1079 1155 1140 peccatores
1206 1069 1478 1125 infudisti.
1510 1069 1636 1126 Ideo
1662 1078 1720 1125 te
1746 1069 2009 1139 depreca-

427 1171 574 1220 mur,
624 1158 775 1228 reple
818 1161 992 1228 gratia
1021 1170 1174 1214 tuum
1239 1160 1346 1214 hoc
1375 1159 1586 1226 altare,
1649 1168 1708 1214 ut
1771 1160 1828 1215 in
1884 1161 2006 1231 ipso

426 1247 622 1304 oblatae
698 1250 898 1306 hostiae
963 1260 1398 1308 transmutentur
1474 1252 1529 1308 in
1597 1253 2002 1308 sanctissimum

427 1353 629 1409 corpus
661 1353 713 1397 et
752 1345 1069 1414 sanguinem
1094 1343 1215 1400 Filii
1249 1345 1328 1400 tui
1353 1345 1650 1416 uuigeniti,
1684 1345 1750 1400 ad
1775 1345 2003 1401 salutem

428 1432 670 1489 universi
691 1437 902 1505 mundi,
934 1452 1143 1492 necnon
1193 1437 1534 1508 indignitatis
1575 1446 1774 1494 nostra:
1812 1457 1827 1504 ;
1887 1455 1906 1490 ι
1950 1445 2008 1493 et

429 1530 716 1591 postquam
748 1541 879 1581 voce
909 1543 1102 1599 magna
1131 1529 1454 1598 deprecatus
1485 1539 1588 1595 est,
1617 1532 1822 1602 gratias
1871 1532 2003 1602 agit.

431 1613 496 1667 Et
533 1613 784 1682 lampade
809 1619 1042 1688 propriis
1079 1622 1332 1676 manibus
1388 1637 1484 1692 per
1540 1623 1720 1678 oleum
1770 1640 2003 1682 accensa

428 1701 664 1773 desuper
702 1723 732 1762 e
765 1723 920 1792 sacra
961 1727 1149 1767 mensa
1203 1714 1357 1782 ponit
1401 1716 1454 1770 in
1507 1717 1668 1772 istius
1711 1718 1996 1786 honorem,

430 1796 687 1860 quoniam
724 1798 894 1855 altare
923 1801 1124 1858 Christi
1159 1803 1299 1860 facta
1331 1818 1436 1874 est,
1473 1817 1549 1875 et,
1579 1811 1722 1864 sicut
1743 1810 1998 1876 diximus,

427 1879 634 1939 Christi
667 1885 864 1955 ﬁgurat
894 1890 1214 1959 Ecclesiam,
1238 1895 1442 1951 lumine
1480 1899 1668 1969 gratiae
1685 1898 1998 1971 fulgentem,

434 1983 488 2026 et
523 1975 626 2033 hoc
657 1977 839 2036 lumen
876 1983 1171 2039 adductum
1199 1988 1404 2042 mundo
1437 1989 1748 2059 praeferens.

1001 2182 1232 2240 CAPUT
1279 2185 1440 2242 CXV.

436 2268 591 2335 Quod
619 2282 738 2341 post
765 2273 1227 2348 inaugurationem
1251 2281 1525 2348 episcopus
1553 2286 1701 2340 exuit
1730 2285 2006 2342 sindonent

747 2355 796 2398 et
832 2346 1084 2414 reliquias
1111 2346 1415 2404 sanctorum
1430 2346 1434 2348 ’
1449 2357 1672 2423 reponit.

505 2431 562 2488 Si
593 2449 661 2490 ne
696 2435 861 2508 igitur
893 2441 1112 2508 quidem
1146 2450 1327 2512 potest
1359 2450 1828 2508 consecrationem
1877 2467 2001 2522 per-

431 2525 616 2594 licere,
646 2543 802 2585 sacra
825 2543 1021 2590 exutus
1064 2536 1227 2602 stola.
1292 2539 1427 2605 abit,
1461 2552 1515 2598 et
1573 2559 1713 2614 opus
1755 2547 1999 2603 crastina

432 2617 520 2671 die
546 2619 758 2689 perficit
790 2638 807 2689 ;
840 2625 976 2680 alias
1023 2638 1227 2694 autem,
1259 2634 1433 2687 solam
1476 2634 1702 2702 ejiciens
1747 2638 2002 2703 sindona,

431 2713 688 2778 quoniam
729 2730 1142 2775 monumentum
1179 2721 1383 2779 Christi
1427 2726 1678 2795 perfecit,
1729 2743 1853 2784 cum
1887 2732 2004 2787 sola

433 2803 736 2892 pontificali
769 2809 929 2882 stola,
957 2811 1165 2881 reliqua
1196 2823 1476 2883 operatur,
1522 2819 1779 2885 reliquias
1835 2820 2006 2892 depo-

434 2891 844 2961 nit,januarum
871 2911 1182 2970 aperturam
1209 2903 1356 2974 facit,
1401 2914 1456 2962 et
1495 2923 1710 2965 sacrum
1750 2891 2010 2984 adimplet

435 2985 789 3053 sacrificium,
819 2994 1075 3061 quoniam
1106 2997 1280 3065 ipsum
1311 3009 1395 3055 est
1434 3000 1740 3057 divinorum
1759 3005 2003 3060 omnium

343 3084 352 3087 “
433 3085 848 3140 consummatio.

995 3288 1221 3345 CAPUT
1248 3290 1430 3345 CXVI.

471 3381 650 3446 Quare
683 3381 914 3450 reliquiis
951 3393 1248 3454 martyrum
1286 3386 1380 3438 sub
1417 3386 1580 3441 altari
1613 3388 1973 3455 deponantur.

509 3560 568 3615 In
598 3568 844 3616 sanctum
903 3558 1070 3630 igitur
1096 3570 1252 3616 vetus
1304 3567 1564 3636 templum
1615 3584 1870 3627 reversus
1917 3575 2011 3632 ubi

440 3653 704 3722 reliquias
754 3651 1107 3722 deposuerat,
1171 3657 1494 3727 duabusque
1538 3661 1864 3730 deprecatus
1887 3681 2013 3722 ora—

440 3745 703 3813 tionibus,
748 3743 859 3802 Dco
892 3748 1100 3818 gratias
1139 3751 1596 3818 exprimentibus,
1646 3767 1867 3826 propter
1913 3760 2012 3816 do-

440 3854 570 3894 num
608 3839 960 3909 reliquiarum
1013 3850 1334 3910 martyrum,
1363 3859 1458 3900 eas
1489 3861 1655 3916 super
1700 3860 1862 3919 caput
1915 3868 2012 3923 ge-

440 3939 571 3986 stat.
600 3931 816 3986 Etcum
860 3931 1092 3998 venerit,
1129 3933 1353 4004 deponit
1405 3950 1498 3991 eas
1548 3953 1615 3993 ex
1676 3955 1868 3997 more:
1907 3959 2014 4001 non

441 4025 589 4079 enim
618 4022 704 4079 fas
742 4033 828 4079 est
853 4026 1066 4094 absque
1091 4035 1392 4096 martyrum
1449 4029 1699 4100 reliquiis
1757 4034 1840 4090 vel
1873 4038 2016 4093 ossi-

443 4115 545 4167 hus
589 4113 764 4170 sacris
800 4115 1016 4184 operari
1047 4117 1538 4187 consecrationem,
1576 4123 1840 4191 quoniam
1872 4143 2015 4182 mar-

441 4214 586 4274 tyres
614 4204 868 4261 Ecclesiae
929 4204 1278 4261 fundamenta
1325 4220 1455 4264 sunt
1498 4225 1663 4282 super
1705 4214 2004 4276 Salvatoris

443 4297 799 4354 fundamento
829 4295 1117 4352 atdillcata.
1149 4297 1376 4370 Oportet
1404 4302 1569 4358 etiam
1609 4305 1730 4363 illas
1754 4310 1857 4365 sub
1881 4311 2016 4368 alta-

443 4392 487 4446 ri
527 4404 674 4457 esse,
706 4387 966 4459 quoniam
1011 4388 1158 4444 istud
1193 4399 1279 4445 est
1311 4391 1588 4461 Ecclesia;
1642 4400 1900 4466 quoniam
1957 4411 2013 4457 et

2108 532 2205 586 τοῦ
2261 532 2398 585 Θεοῦ
2452 529 2775 598 ἐπουράνιον
2815 527 3226 597 θυσιαστήριον.
3270 527 3381 580 Kal
3427 527 3686 594 ἐκφώνως

2106 622 2200 677 τδν
2232 622 2366 677 Θεὸν
2409 621 2752 692 ἁνυμνήσας,
2783 619 3009 690 είρήνην
3065 618 3240 673 actast
3269 617 3420 686 λέγει
3448 617 3557 671 ἀπὸ
3585 617 3686 687 τῆς

2106 713 2202 770 τοῦ
2229 714 2367 770 Θεοῦ
2397 715 2640 786 χάριτος.
2675 713 2784 768 Καὶ
2817 711 3116 767 κλινάντων
3141 710 3358 765 πάντων
3387 710 3488 774 τὰς
3513 708 3686 782 κεφα-

2106 809 2226 876 λὰς,
2263 807 2427 879 εὐχὴν
2473 808 2671 876 ἑτέραν
2705 803 2806 876 τὴν
2836 805 2932 859 καὶ
2979 801 3298 857 τελευταίαν
3343 802 3438 855 ἐπὶ
3483 803 3550 873 τῇ
3583 820 3684 855 κα-

2109 899 2359 969 θιερώσει
2393 898 2558 967 φησίν
2581 915 2596 931 ο
2633 915 2652 950 ι
2683 894 3131 966 Εὑχαριστοῦμέν
3175 911 3282 955 σοι,
3311 895 3509 962 Κύριε,
3537 913 3557 946 ι
3592 896 3685 950 καὶ

2105 991 2175 1046 τὰ
2203 990 2366 1044 λοιπὰ
2397 989 2574 1058 λέγων
2605 989 2664 1042 ἐν
2687 983 3058 1053 ταπεινώσει(
3077 1006 3096 1039 ι
3128 987 3212 1040 ὅτι
3241 986 3311 1057 ἦν
3342 986 3562 1056 ἐξέχεας
3581 987 3684 1058 χά-

2111 1100 2196 1154 ριν
2221 1082 2315 1136 ἐπὶ
2339 1084 2452 1145 τοῖς
2483 1081 2826 1146 ἀποστόλοις,
2860 1081 2955 1135 καὶ
2995 1081 3084 1149 ἐφ’
3121 1080 3256 1151 ἡμῖν
3283 1082 3397 1142 τοῖς
3428 1080 3684 1149 ἁμαρτω-

2106 1175 2220 1238 λοῖς
2262 1173 2507 1244 ἐξέχεας.
2561 1174 2652 1229 Διδ
2683 1175 2917 1243 δεόμεθά
2963 1191 3080 1238 σου,
3115 1173 3410 1244 πλήρωσον
3463 1172 3684 1242 χάριτος

2105 1265 2168 1319 τὸ
2197 1265 2585 1335 θυσιαστήριόν
2616 1283 2710 1320 σου
2741 1267 2920 1330 τοῦτο,
2959 1266 3100 1321 ὥστε
3127 1267 3227 1328 τὰς
3251 1267 3308 1317 ἐν
3333 1263 3484 1332 αῦτῷ
3510 1280 3682 1332 προσ-

2109 1357 2421 1426 φερομένας
2471 1357 2668 1422 θυσίας
2721 1357 3136 1429 μεταποιεῖσθαι
3171 1357 3253 1421 είς
3303 1358 3365 1410 τὺ
3418 1358 3684 1422 πανάγιον

2107 1447 2270 1518 σῶμα
2312 1451 2406 1504 καὶ
2442 1445 2583 1521 αίμα
2611 1450 2707 1504 τοῦ
2741 1450 3066 1521 μονογενοῦς
3099 1468 3195 1504 σου
3229 1447 3381 1516 Υίοῦ,
3420 1449 3555 1515 πρὸς
3581 1465 3682 1501 σω-

2105 1541 2306 1614 τηρίαν
2335 1541 2431 1596 τοῦ
2465 1544 2676 1613 κόσμου
2713 1543 2937 1609 παντὸς,
2965 1543 3060 1596 καὶ
3087 1542 3184 1612 τῆς
3211 1544 3244 1612 ἠ
3255 1541 3372 1613 μῶν
3402 1540 3682 1609 ἀναξιότη-

2106 1651 2216 1700 τος,
2251 1653 2270 1687 ι
2301 1635 2396 1688 καὶ
2423 1634 2749 1703 ἐκφωνήσας
2769 1634 3104 1704 εὐχαριστεῖ.
3132 1633 3371 1703 Δυχνίαν
3390 1650 3447 1686 τε
3472 1632 3681 1701 ἀνάψας

2033 1763 2078 1820 Β
2107 1727 2228 1790 ταῖς
2261 1726 2419 1797 χερσί⁵
2469 1725 2539 1780 δι’
2573 1726 2781 1792 ἐλαίου,
2813 1725 2918 1796 τῆς
2965 1727 3117 1820 ἱερᾶς
3165 1725 3373 1778 ἄνωθεν
3402 1723 3680 1820 τραπέζης

2109 1819 2188 1879 είς
2217 1819 2385 1888 τιμὴν
2413 1817 2588 1887 αὐτῆς
2611 1817 2846 1888 τίθησιν,
2877 1815 3004 1870 ἐπεὶ
3029 1817 3418 1885 θυσιαστήριον
3444 1813 3680 1886 Χριστοῦ

2106 1911 2320 1978 γέγονε,
2353 1910 2448 1964 καὶ
2474 1911 2560 1964 δτι
2605 1910 2705 1980 τὴν
2748 1909 3084 1981 Ἐκκλησίαν
3134 1909 3387 1974 είκονίζει
3421 1909 3680 1979 Χριστοῦ,

1998 2075 2003 2080 Ι
2103 2003 2185 2066 ὡς
2232 2003 2559 2074 εἰρήκαμεν,
2593 2002 2692 2078 τῷ,
2725 2003 2868 2074 φωτὶ
2903 2002 3003 2072 τῆς
3060 2002 3286 2071 χάριτος
3334 2001 3680 2076 λάμπουσαν,

2108 2097 2200 2151 καὶ
2231 2094 2393 2150 τοῦτο
2419 2095 2481 2150 τὺ
2512 2095 2629 2166 φῶς
2656 2089 3000 2166 χορηγοῦσαν
3041 2095 3121 2165 τῷ
3151 2094 3364 2166 κόσμῳ.

2673 2211 2931 2266 ΚΕΦΑΛ.
2978 2209 3124 2266 PlE'.

2109 2303 2240 2357 Ὀτι
2267 2303 2418 2372 μετὰ
2443 2303 2560 2368 τὴν
2585 2303 2942 2371 καθιέρωσιν
2967 2303 3250 2356 ἐκϐάλλει
3291 2301 3408 2369 τὴν
3431 2301 3685 2357 σινδόνα

2181 2377 2214 2426 δ
2246 2373 2584 2442 ἀρχιερεὺς,
2620 2373 2720 2427 καί
2770 2373 2842 2428 τὰ
2873 2373 3142 2442 λείψανα
3192 2373 3609 2440 κατατίθησιν.

2179 2467 2352 2537 Είπερ
2380 2463 2475 2522 οῦν
2507 2465 2785 2528 ἀδυνάτως
2817 2466 2926 2538 ἐχει
2959 2465 3251 2518 τελειῶσαι
3275 2461 3472 2535 τά’τῆς
3501 2463 3683 2518 καθιε-
3741 2452 3756 2465 ’

2110 2558 2354 2630 ρώσεως,
2400 2559 2812 2628 ἀποδυσάμενος
2864 2558 2933 2611 τά
2979 2557 3084 2625 τῆς
3130 2557 3283 2628 ίερᾶς
3334 2559 3550 2626 στολῆς,
3586 2574 3686 2610 που

2111 2653 2351 2722 ρεύεται,
2411 2655 2508 2707 καὶ
2555 2651 2617 2704 τὸ
2666 2651 2828 2723 ἔργον
2859 2653 2926 2722 τῇ
2980 2650 3246 2720 ἐπαύριον
3278 2650 3512 2705 τελειοῖο
3544 2653 3594 2705 εί
3637 2648 3684 2705 δ’

2106 2737 2223 2808 οῦν,
2249 2743 2352 2812 τὴν
2405 2741 2621 2795 σινδόνα
2675 2743 2846 2812 μόνην
2896 2739 3171 2805 ἐκϐαλὼν,
3213 2741 3336 2794 ἐπεὶ
3380 2741 3442 2796 τὸ
3495 2744 3686 2812 μνῆμα

2108 2831 2348 2905 Χριστοῦ
2379 2833 2720 2897 τετελείωκε,
2755 2835 2896 2901 μετὰ
2935 2834 3105 2906 μόνης
3153 2833 3254 2904 τῆς
3287 2834 3685 2904 ἀρχιερατικῆς

2111 2924 2307 2993 στολῆς
2334 2924 2429 2978 καὶ
2455 2923 2525 2978 τὰ
2561 2923 2725 2978 λοιπά
2756 2926 3040 2996 διενεργεῖ,
3091 2927 3186 2979 καὶ
3227 2925 3297 2979 τὰ
3327 2925 3555 2992 λείψανα
3581 2943 3683 2980 κα-

2110 3017 2388 3089 τατίθησι,
2433 3017 2534 3088 τὴν
2564 3018 2767 3085 ἄνοιξίν
2811 3035 2872 3072 τε
2909 3022 3145 3073 ποιεῖται
3185 3019 3292 3072 τῶν
3336 3017 3541 3080 πυλῶν,
3586 3016 3682 3069 καὶ

2041 3118 2084 3174 (ζ
2118 3109 2188 3161 τὰ
2217 3109 2317 3178 τῆς
2349 3107 2663 3178 ἱερουργίας
2695 3109 2927 3188 ἐκτελεϊ,
2961 3109 3192 3182 ἐπείπερ
3221 3109 3360 3180 αὕτη
3389 3110 3494 3164 τῶν
3524 3108 3685 3163 θείων

2113 3201 2332 3255 πάντων
2360 3201 2509 3255 ἐστὶν
2535 3203 2568 3271 η
2602 3201 2903 3265 τελείωσις.

2639 3314 2910 3370 ’ΚΕΦΑΛ.
2962 3315 3124 3382 qu'.

2111 3396 2275 3458 Διαιέί
2303 3405 2572 3475 λείψανα
2597 3405 2720 3460 τῶν
2755 3378 3074 3474 μαρτύρωκ
3100 3405 3222 3461 ὑπὸ
3263 3378 3330 3460 τὸ
3360 3407 3683 3472 θυσιαστή-

2610 3493 2750 3545 ριον
2778 3477 3172 3530 κατατίθεται.

2183 3565 2276 3630 Είς
2303 3567 2395 3620 τὸν
2425 3567 2582 3636 ἅγιον
2611 3567 2792 3619 τοίνυν
2828 3565 3062 3619 παλαιὸν
3093 3567 3221 3618 ναὸν
3246 3567 3519 3634 ἀπελθὼν,
3559 3567 3682 3621 ἔνθα

2114 3657 2466 3729 προαπετέθη
2515 3658 2584 3712 τὰ
2641 3657 2892 3726 λείψανα,
2923 3658 3021 3712 καὶ
3069 3657 3237 3728 εὐχὰς
3277 3659 3372 3712 δύο
3422 3659 3680 3730 είρηκὼς,

2114 3750 2466 3820 εὐχαριστίαν
2511 3752 2743 3822 ἐχούσας
2782 3752 2941 3815 Θεοῦ,
2986 3753 3151 3807 ἐνεκα
3203 3753 3304 3823 τῆς
3332 3754 3542 3825 δωρεᾶς
3587 3755 3686 3824 τῆς

2113 3841 2223 3895 ἀπὺ
2257 3841 2366 3897 τῶν
2396 3843 2755 3914 μαρτυρικῶν
2786 3843 3076 3913 λειψάνων,
3105 3845 3198 3898 ἐπὶ
3245 3846 3488 3918 κεφαλῆς
3533 3847 3685 3914 φέρει

2114 3931 2310 3988 ταῦτα.
2356 3934 2469 3988 Kal
2519 3933 2688 3988 ἐλθὼν
2724 3935 3078 4007 κατατίθησιν
3129 3937 3320 4007 ὥσπερ
3369 3937 3512 4000 ἔθος.
3553 3938 3686 3992 Οὑδέ

2116 4026 2225 4096 γὰρ
2249 4027 2408 4097 θέμις
2427 4025 2551 4097 δίχα
2579 4025 2850 4097 λειψάνων
2879 4027 3235 4099 μαρτυρικῶν
3262 4029 3294 4098 ἢ
3322 4027 3487 4082 ὁσίων
3513 4029 3681 4098 ἁγίων

2117 4117 2449 4190 καθιέρωσιν
2493 4119 2764 4190 ἐνεργεῖν,
2803 4118 2886 4173 ὅτι
2932 4118 3173 4187 θεμέλιοι
3217 4119 3316 4190 τῆς
3359 4119 3685 4194 Ἐκκλησίας

2117 4209 2256 4263 εἰσὶν
2307 4210 2358 4263 oi
2408 4210 2708 4280 μάρτυρες,
2762 4209 2856 4263 ἐπὶ
2912 4209 2992 4279 τῷ
3030 4209 3268 4280 θεμελίῳ
3309 4209 3404 4264 τοῦ
3436 4211 3686 4282 Σωτῆρος

2116 4301 2673 4372 ἐποικοδομηθέντεςο
2711 4301 2808 4355 καὶ
2861 4301 2921 4354 ἐν
2967 4303 3035 4370 τῇ
3095 4301 3364 4373 ἐκκλησίᾳ
3414 4301 3532 4357 δέον
3563 4289 3690 4355 τούέ

2117 4409 2241 4455 τους
2278 4392 2386 4445 ὑπὸ
2435 4391 2498 4446 τὸ
2525 4390 2912 4464 θυσιαστήριον
2953 4386 3116 4459 εῖναι,
3167 4393 3293 4446 ἐπεὶ
3342 4393 3440 4447 καὶ
3467 4393 3684 4463 τοῦτοή

443 4483 678 4538 thronus
714 4480 806 4536 Dei
835 4488 920 4537 est
951 4488 1005 4536 et
1025 4479 1227 4536 Christi
1257 4481 1349 4536 Dei
1380 4498 1792 4542 monumentum
1824 4508 1838 4548 :
1868 4493 2012 4548 unde

2129 4483 2449 4553 Ἐκκλησία,
2477 4483 2602 4538 ἐπεὶ
2646 4485 2741 4538 καὶ
2785 4483 2975 4553 θρόνος
3003 4482 3140 4538 Θεοῦ
3176 4485 3292 4538 ἐστι
3345 4487 3443 4539 καὶ
3496 4487 3690 4556 μνῆμα

444 4589 662 4644 quoque
683 4573 902 4643 myrrha
937 4571 1178 4642 ungitur,
1241 4580 1296 4628 et
1329 4570 1686 4645 Evangelium
1726 4577 1909 4646 habet,
1958 4591 2015 4638 et

444 4651 547 4721 sub
569 4666 686 4734 ipso
710 4664 934 4734 pulchre
959 4673 1089 4720 sunt
1135 4671 1450 4720 sanctorum
1485 4666 1754 4738 reliquiae,
1788 4679 1844 4727 et
1897 4673 2016 4733 sine

446 4757 692 4826 reliquiis
722 4771 827 4811 non
861 4767 944 4812 est
970 4757 1230 4826 possibile
1259 4759 1728 4815 consecrationem
1771 4765 2012 4834 operari,

445 4851 590 4904 sicut
617 4848 790 4904 sancti
821 4849 1252 4904 declaraverunt.
1277 4851 1458 4906 Sacrae
1482 4867 1615 4907 vero
1639 4840 1882 4924 reliquiae
1907 4857 2020 4927 pri-

448 4957 515 4996 us
545 4940 890 5009 deponuntur
912 4942 964 4993 in
995 4942 1251 5010 templum
1272 4958 1337 4997 eo
1365 4943 1510 5011 quod
1533 4947 1868 5002 sanctificata
1891 4957 2021 5005 sunt

445 5025 650 5083 Christi
683 5029 920 5080 membra
949 5035 1003 5081 et
1029 5027 1244 5092 altaria,
1297 5036 1553 5100 tanquam
1587 5044 1808 5104 propter
1839 5037 2016 5106 ipsum

449 5117 749 5171 immolata.
781 5114 838 5171 ln
881 5117 1316 5174 sacratissimum
1372 5122 1735 5192 imponuntur
1783 5127 2018 5196 discum,

448 5211 579 5279 quia
619 5225 806 5280 parem
841 5225 964 5264 cum
997 5209 1225 5265 Domino
1255 5213 1590 5282 participant
1623 5217 1912 5283 honorem,
1951 5221 2023 5274 ob

448 5304 624 5374 ipsum
655 5305 956 5359 certamina
987 5318 1178 5374 passae.
1206 5303 1384 5375 Super
1413 5316 1784 5362 consecratam
1805 5325 2025 5380 ponun-

451 5403 539 5449 tur
556 5409 820 5460 tneusam,
845 5396 1113 5466 siquidem
1146 5411 1268 5451 cum
1299 5396 1518 5453 Christo
1545 5385 1771 5455 mortua:
1789 5409 1936 5465 sunt,
1971 5410 2027 5456 et

452 5487 736 5544 considere
777 5503 900 5543 cum
937 5491 1054 5558 ipso
1089 5503 1253 5560 super
1288 5490 1547 5546 thronum
1599 5492 1783 5560 gloriae
1812 5507 2027 5548 merue-

454 5587 605 5634 runt.
647 5578 879 5649 Ideoque
908 5595 1072 5650 super
1128 5595 1293 5652 caput
1336 5599 1461 5638 cum
1508 5583 1660 5638 disco
1726 5584 1865 5638 tollit
1931 5600 2026 5640 eas

460 5671 700 5743 pontifex
735 5713 751 5738 ,
803 5675 944 5729 sicut
979 5676 1093 5742 ipsa
1143 5675 1328 5729 divina
1394 5679 1673 5748 mysteria,
1732 5693 1934 5747 corpus
1972 5688 2027 5734 ct

463 5763 784 5833 sanguinem
845 5757 1074 5844 Christi,
1107 5772 1401 5821 honorans.
1443 5766 1655 5821 Etenim
1711 5767 1757 5823 si
1817 5769 2022 5825 Paulus

2117 4575 2358 4646 Χριστοῦ
2387 4573 2483 4630 τοῦ
2520 4575 2681 4632 Θεοῦ.
2708 4574 2873 4630 Ὀθεν
2921 4576 3019 4630 καὶ
3048 4576 3206 4646 μύρῳ
3238 4577 3471 4647 χρίεται,
3517 4577 3606 4630 καὶ
3630 4577 3690 4630 τὸ

2120 4667 2454 4736 Εὐαγγέλιον
2508 4667 2645 4738 ἔχει,
2689 4668 2784 4723 καὶ
2831 4666 2924 4720 ὑπ’
2952 4666 3100 4736 αὐτῷ
3149 4666 3333 4730 καλῶς
3377 4668 3487 4720 τῶν
3519 4667 3691 4736 ἁγίων

2117 4759 2226 4811 εἰσὶ
2257 4758 2326 4812 τά
2346 4757 2602 4828 λείψανα,
2629 4761 2724 4812 καὶ
2751 4759 2922 4828 χωρὶς
2950 4756 3223 4828 λειψάνων
3257 4758 3317 4812 οὐ
3354 4759 3690 4830 καθιερῶσαι

2117 4850 2362 4918 δυνατὸν,
2397 4850 2475 4914 ὡς
2508 4851 2559 4904 οι
2610 4850 2756 4917 ἅγιοι
2798 4851 3171 4920 ἀπεφήναντο.
3218 4851 3299 4902 Τά
3353 4849 3586 4919 λείψανα
3634 4850 3691 4902 δὲ

2119 4938 2548 5010 προαποτίθεται
2604 4938 2760 5008 121
2795 4937 2876 5000 είς
2922 4937 3071 5002 ναὸν,
3114 4939 3198 4991 ὅτι
3246 4939 3558 5009 ήγιασμένα
3601 4939 3692 4991 καὶ

2124 5036 2258 5106 μέλη
2314 5033 2554 5104 Χριστοῦ
2603 5035 2698 5088 xal
2726 5033 3091 5102 θυσιαστήρια
3139 5033 3214 5095 ὡς
3253 5033 3525 5102 τεθυμένα
3555 5031 3692 5102 ὑπὲρ

2120 5124 2307 5179 αὑτοῦ.
2349 5125 2461 5180 Kal
2509 5125 2589 5186 είς
2621 5121 2915 5194 ίερὼτατον
2962 5120 3323 5192 ἐμϐάλλονται
3379 5121 3583 5185 δίσκον,
3613 5121 3693 5173 ὅτι

2121 5217 2222 5284 τῆς
2253 5215 2376 5284 ῐσης
2409 5214 2695 5286 μετέχουσι
2727 5213 2806 5284 τῷ
2841 5215 3091 5285 Δεσπότῃ
3134 5213 3322 5283 τιμῆς,
3360 5214 3500 5282 ὑπὲρ
3528 5211 3693 5267 αὑτοῦ

2123 5306 2569 5375 διηγωνισμένοι.
2627 5306 2738 5358 Kal
2796 5305 2891 5358 ἐπὶ
2945 5303 3366 5373 καθιερωμένης
3413 5301 3696 5374 τραπέζης

2123 5397 2378 5462 τίθενται,
2407 5397 2531 5450 ἐπεὶ⁵
2561 5395 2932 5448 συναπέθανον
2961 5393 3041 5463 τῷ
3069 5391 3311 5462 Χριστῷ,
3341 5393 3438 5446 καὶ
3456 5392 3536 5462 τῷ
3570 5392 3699 5462 θείῳ

2124 5491 2220 5559 τῆς
2249 5487 2416 5542 αὐτοῦ
2464 5486 2623 5558 δόξης
2673 5486 2845 5557 θρόνῳ
2894 5484 3222 5556 τυγχάνουσι
3271 5484 3691 5554 παριστάμενοι.

2126 5582 2225 5633 Διὰ
2253 5578 2412 5633 τοῦτο
2439 5579 2532 5632 καὶ
2586 5578 2680 5629 ἐπί
2709 5577 2948 5648 κεφαλῆς
2994 5577 3132 5647 μετὰ
3181 5574 3275 5628 τοῦ
3306 5574 3494 5627 δίσκου
3538 5573 3568 5626 δ
3594 5575 3694 5644 ἀρ-

2126 5672 2343 5743 χιερεὺς
2379 5671 2524 5740 αῐρει
2560 5667 2755 5732 ταῦτα,
2783 5668 2858 5731 ὡς
2886 5667 3027 5721 αὐτὰ
3057 5666 3123 5736 δὴ
3164 5665 3228 5719 τὰ
3273 5665 3392 5718 θεία
3423 5667 3696 5736 μυστήρια

2129 5767 2187 5820 τὸ
2218 5764 2310 5820 τοῦ
2341 5763 2612 5816 Δεσπότου
2642 5760 2800 5832 σῶμα
2826 5761 2918 5815 καὶ
2942 5755 3080 5832 αἷμα
3111 5759 3304 5829 τιμῶν.
3331 5759 3394 5810 Ei
3429 5760 3540 5829 γὰρ
3562 5757 3696 5827 πρὸς
