4114 6272
379 354 479 420 321

1637 350 1734 412 DE
1768 346 2008 411 SACRO
2044 349 2367 410 TEMPLO.

3522 350 3625 414 322

382 469 590 528 πάντας
625 462 852 527 πιστοὺς
884 459 1046 517 τοῦτο
1079 459 1289 526 Παῦλός
1319 477 1507 531 φησιν,
1556 480 1574 514 ε
1617 461 1807 529 Ὑμεῖς
1834 462 1955 514 ἐστε

2065 460 2130 515 ad
2178 476 2367 517 omnes
2413 460 2601 517 ﬁdeles
2652 461 2755 519 hoc
2810 462 2940 518 ait:
2979 482 2999 515 ι
3061 464 3172 520 Vos
3224 465 3356 520 estis
3424 480 3625 536 corpus

381 560 541 631 σῶμα
580 554 815 627 Χριστοῦ
846 556 941 609 καὶ
971 555 1109 625 μέλη
1139 554 1204 607 ὲκ
1234 552 1459 624 μέρους,
1506 553 1687 624 πολλῷ
1715 570 1779 623 γε
1812 555 1948 625 μᾶλ-

378 653 470 705 λον
503 649 662 718 σῶμα
712 645 951 717 Χριστοῦ
1002 645 1097 700 καὶ
1134 644 1270 717 μέλη
1322 646 1545 701 ἔσονται
1584 649 1633 700 οἰ
1678 648 1818 720 ὑπὲρ
1853 648 1953 716 τῆς

379 741 538 809 δόξης
585 739 777 792 τούτου
822 736 1213 809 ἠγωνισμένοι,
1249 736 1343 792 καὶ
1386 736 1479 791 τὸν
1508 737 1737 792 θάνατον
1786 738 1954 793 αὑτοῦ

385 830 778 904 μιμησάμενοι.

944 945 1198 999 ΚΕΦΑΛ.
1239 943 1387 999 PIZ'.

383 1034 544 1089 Διατί
569 1034 639 1088 ἐκ
686 1004 951 1091 παλαιοῦ
992 1022 1147 1159 vagi“:
1176 1039 1263 1103 εἰς
1288 1037 1396 1091 τὸν
1421 1036 1567 1091 νέον
1590 1037 1665 1093 τὰ
1690 1036 1958 1105 λείψανα

1020 1124 1061 1159 ω
1097 1124 1319 1159 portat.

1018 1124 1319 1175 φερονται.

454 1195 546 1248 Διὸ
573 1195 667 1249 καὶ
696 1195 836 1265 μετά
866 1196 1208 1267 προπομπῆς
1241 1196 1337 1250 καὶ
1369 1196 1733 1267 θυμιαμάτων
1759 1197 1956 1267 φώτων

385 1301 445 1337 τε
478 1285 574 1339 καὶ
607 1286 790 1355 ὓμνων
821 1288 884 1341 ἐκ
925 1288 1286 1357 παλαιοτέρου
1337 1270 1784 1359 προηγιασμένου
1825 1289 1956 1343 ναοῦ

387 1381 467 1441 εἰς
494 1378 588 1433 τὸν
633 1380 752 1434 νέον
782 1381 1033 1449 ἄγονται,
1079 1380 1391 1446 δεικνύντος
1435 1382 1530 1436 τοῦ
1578 1382 1764 1450 ἔργου,
1799 1382 1881 1434 ὅτι
1908 1381 1959 1435 οἰ

390 1473 490 1539 μὲν
511 1472 671 1539 ,ἅγιοι
713 1472 800 1526 ἀεί
830 1474 935 1525 εἰσι
968 1473 1107 1542 μετά
1147 1472 1245 1526 τοῦ
1277 1473 1411 1526 Θεοῦ
1437 1488 1453 1503 ο
1480 1474 1723 1540 γίνονται
1774 1473 1833 1526 δὲ
1863 1472 1959 1526 καὶ

390 1563 513 1633 μεθ’
560 1562 740 1633 ἡμῶν,
790 1565 934 1619 καθά
979 1566 1008 1617 6
1040 1566 1297 1635 Χριστός.
1351 1566 1462 1618 Kal
1508 1564 1959 1634 ὲγκαινιζομένης

386 1654 486 1724 τῆς
515 1655 680 1708 αὑτοῦ
727 1656 949 1726 χάριτος
993 1659 1053 1711 έν
1081 1659 1234 1728 ἡμῖν,
1270 1659 1365 1711 καὶ
1399 1657 1547 1712 οὗτοι
1580 1658 1678 1710 σὺν
1705 1660 1841 1727 ἡμῖν
1870 1657 1959 1725 γί-

390 1762 597 1800 νονται.
648 1747 760 1799 Kal
807 1746 997 1818 ὥσπερ
1050 1749 1190 1801 κατὰ
1234 1749 1487 1821 διαδοχὴν
1543 1752 1577 1819 ἡ
1624 1751 1783 1820 χάρις
1822 1749 1959 1818 πρὸς

2054 547 2258 605 Christi
2303 560 2359 605 et
2417 553 2662 606 membra
2699 552 2766 607 de
2828 554 3095 620 membro,
3158 572 3175 604 ι
3227 556 3396 609 multo
3446 556 3624 623 magis

2053 639 2255 695 Christi
2278 655 2475 711 corpus
2503 651 2663 697 erunt
2711 656 2767 698 et
2793 646 3059 711 membra,
3112 646 3203 716 qui
3254 655 3476 716 pr0pter
3505 646 3625 715 ejus

2054 728 2279 801 gloriam
2300 743 2664 801 certaverunt,
2696 734 2977 807 ipsiusque
3004 744 3233 792 mortem
3256 737 3455 792 imitati
3476 748 3623 793 sunt.

2620 933 2846 988 CAPUT
2876 935 2963 989 CX
2979 935 3087 992 VII.

2058 1023 2166 1079 Cur
2207 1038 2273 1078 ex
2316 1024 2534 1093 antiquo
2560 1024 2748 1093 templo
2774 1029 2829 1081 in
2852 1044 3039 1081 novum
3065 1038 3341 1097 portentur
3366 1029 3622 1101 reliquiis.

2128 1178 2253 1235 Ideo
2305 1196 2426 1236 cum
2482 1196 2701 1252 pompa,
2764 1183 3192 1250 thurificatione,
3242 1184 3543 1242 luminibus
3573 1196 3629 1242 et

2060 1270 2277 1342 hymnis
2307 1287 2374 1326 ex
2399 1273 2705 1343 antiquiore
2755 1273 2957 1344 templo
2982 1275 3133 1344 prius
3188 1288 3512 1333 consecrato
3574 1278 3630 1332 in

2066 1378 2263 1416 novum
2299 1373 2612 1432 portantur,
2644 1380 2806 1436 opere
2847 1367 3212 1438 signiﬁcante,
3240 1369 3385 1437 quod
3454 1370 3631 1424 sancti

2061 1452 2278 1521 quidem
2303 1470 2518 1525 semper
2543 1472 2666 1510 enm
2703 1455 2814 1512 Deo
2850 1466 2998 1523 sunt,
3028 1458 3169 1512 [lunt
3222 1470 3405 1514 autem
3466 1462 3630 1514 etiam

2063 1547 2372 1611 nobiscum,
2411 1548 2625 1603 sicutct
2660 1548 2953 1616 Christus;
2987 1558 3041 1604 et
3087 1565 3213 1605 cum
3252 1551 3545 1643 innovatur
3574 1551 3631 1605 in

2064 1639 2223 1694 nobis
2249 1640 2420 1708 ipsius
2467 1641 2665 1709 gratia,
2697 1642 2862 1697 simul
2898 1643 2988 1698 isti
3022 1643 3311 1698 nobiscum
3361 1639 3522 1698 sunt.
3567 1644 3631 1698 Et

2063 1732 2525 1802 quemadmodum
2561 1748 2653 1801 per
2677 1743 2712 1787 ti
2729 1735 3024 1790 aditionem
3049 1736 3118 1789 ad
3148 1751 3246 1791 nos
3263 1737 3437 1807 gratia
3463 1737 3630 1799 venit,

389 1837 562 1907 ἡμᾶς,
594 1838 670 1901 ὡς
704 1841 813 1893 ἀπὸ
846 1841 939 1894 τοῦ
965 1813 1223 1911 -Σωτῆρος
1249 1842 1337 1896 διὰ
1520 1813 1835 1895 ἀποστόλων
1867 1813 1962 1894 καὶ

2066 1833 2323 1893 tanquam
2357 1840 2387 1878 a
2425 1824 2711 1879 Salvatore
2744 1842 2841 1894 per
2883 1829 3165 1897 apostolos
3205 1839 3258 1883 et
3280 1844 3633 1885 successores

274 1964 277 1967 -
387 1931 502 1985 τῶν
531 1932 790 2003 διαδόχων
817 1933 981 1988 αὐτοῦ
1013 1934 1171 2005 ἄχρις
1196 1937 1227 2003 ἠ
1238 1935 1355 2004 μῶν
1377 1934 1596 2006 ἔρχεται
1618 1934 1708 1988 διὰ
1730 1935 1827 2004 τῆς
1848 1951 1962 2003 χει-

394 2025 661 2093 ροτονίας,
683 2024 827 2078 οὕτω
858 2028 948 2080 καὶ
968 2028 1057 2081 διὰ
1087 2028 1195 2082 τῶν
1218 2028 1450 2097 πρώτων
1485 2028 1627 2081 ναῶν
1665 2027 1744 2090 εἰς
1774 2026 1964 2079 νεωτέ-

393 2129 520 2183 ρους
546 2117 707 2177 ναούς
728 2132 743 2147 °
778 2116 853 2179 ὡς
883 2118 976 2170 καὶ
1000 2118 1061 2171 τὸ
1103 2118 1273 2188 μύρον
1302 2120 1389 2172 διὰ
1417 2117 1510 2172 τοῦ
1553 2117 1727 2189 μύρου
1753 2118 1840 2172 διὰ
1865 2114 1958 2169 τοῦ

389 2205 755 2273 κεχρισμένου
778 2205 1161 2278 θυσιαστηρίου
1187 2207 1506 2278 τελούμενον
1525 2221 1540 2238 °
1572 2209 1635 2261 ἐκ
1661 2204 1850 2258 τούτου
1880 2204 1958 2258 δι-

385 2294 737 2367 δασκομένων
759 2299 935 2369 ἡμῶν,
961 2300 1037 2365 ὡς
1066 2302 1164 2371 οὐχ
1184 2303 1344 2371 ἡμεῖς
1361 2300 1454 2369 ἀφ’
1477 2300 1655 2370 ili-“3V9
1674 2298 1837 2368 ἀλλ’ἢ
1861 2297 1963 2367 κά“

390 2406 478 2459 ρις
506 2390 600 2443 τοῦ
646 2392 960 2462 Πνεύματος
993 2395 1228 2464 ἐνεργεῖ,
1260 2395 1386 2466 ἥτις
1446 2394 1552 2450 ἀπὸ
1590 2392 1683 2447 τοῦ
1711 2393 1961 2462 Σωτῆρος

387 2480 549 2550 ἡμῶν
589 2481 665 2545 ὡς
693 2485 874 2554 πηγῆς
911 2486 1246 2556 ἀρξαμένης,
1278 2487 1366 2539 διὰ
1416 2486 1527 2540 τῶν
1566 2484 1825 2555 μαθητῶν
1866 2484 1964 2537 αύ-

388 2572 486 2626 τοῦ
521 2575 612 2626 καὶ
641 2575 751 2627 τῶν
792 2577 935 2631 κατά
968 2580 1198 2645 καιροὺς
1246 2576 1509 2649 Πατέρων
1538 2577 1620 2640 εἰς
1664 2562 1811 2647 ﬁll-ac
1844 2576 1964 2647 έλή’

386 2665 541 2721 λυθε.
583 2665 693 2720 Καὶ
723 2669 926 2733 μᾶλλον
955 2670 1015 2722 τὸ
1047 2669 1288 2738 ἀσφαλὲς
1318 2671 1413 2725 καὶ
1462 2668 1680 2741 βέϐαιον
1718 2667 1914 2737 ἔχομεν
1943 2683 1958 2697 ο

386 2761 473 2813 ὅτι
496 2760 595 2829 οὐχ
626 2761 759 2830 ἡμῖν
793 2760 1128 2833 θαρροῦμεν,
1176 2762 1313 2816 ἀλλά
1347 2765 1411 2832 τῇ
1446 2763 1536 2816 διά
1561 2764 1672 2815 τῶν
1703 2762 1962 2832 Πατέρων

384 2849 487 2904 τοῦ
525 2850 844 2921 Πνεύματος
875 2852 1083 2924 χάριτι,
1117 2853 1192 2917 ὡς
1224 2854 1312 2908 καὶ
1343 2855 1376 2923 ή
1408 2853 1538 2924 εὐχὴ
1582 2852 1741 2907 τοῦτό
1771 2869 1958 2924 φησιν,

390 2962 413 2996 ε
452 2942 895 3014 Εὐχαριστοῦμέν
930 2961 1035 3010 σοι,
1069 2946 1327 3015 λέγουσα,
1358 2947 1440 3000 ὅτι
1471 2946 1541 3016 ἡν
1573 2947 1795 3014 έξέχεας
1859 2945 1959 3016 χά-

388 3051 481 3104 ριν
504 3036 598 3088 ἐπὶ
626 3036 754 3097 τοὺς
786 3036 976 3105 ἁγίους
1008 3053 1103 3091 σου
1129 3038 1463 3099 ἀποστόλους
1486 3037 1585 3091 καὶ
1615 3036 1743 3100 τοὺς
1779 3036 1961 3100 όσίους

384 3126 551 3197 ἡμῶν
581 3128 857 3199 Πατέρας,
902 3128 1145 3198 ἠξίωσας
1175 3129 1269 3182 καί
1303 3128 1497 3200 μέχρις
1537 3128 1694 3198 ἡμῶν
1726 3128 1834 3181 τῶν
1865 3146 1962 3183 τα·
1987 3167 2033 3230 C

384 3218 593 3273 πεινῶν
623 3220 881 3273 ἐκτεῖναι.
926 3237 945 3273 ι
971 3220 1238 3287 Λέγονται
1291 3220 1348 3274 δὲ
1400 3222 1492 3274 καὶ
1525 3221 1959 3291 εὐχαριστηριοι,

382 3311 464 3374 ὡς
490 3311 814 3383 εἰρήκαμεν,
845 3312 927 3375 εἰς
978 3312 1071 3365 τὸν
1103 3311 1335 3365 παλαιὸν
1371 3313 1502 3367 ναὸν
1545 3312 1698 3380 παρά
1731 3311 1827 3365 τοῦ
1859 3314 1963 3381 ἀρ-

383 3404 620 3476 χιερέως
666 3404 849 3475 εὐχαὶ,
901 3404 996 3460 καὶ
1048 3402 1210 3475 ὕμνοι
1257 3404 1383 3459 καθ’
1420 3403 1539 3458 όδδν
1585 3404 1823 3475 ᾅδονται,
1870 3403 1965 3457 καὶ

385 3499 545 3567 φῶτα
582 3498 678 3551 καὶ
723 3496 1048 3567 θυμιάματα
1094 3500 1175 3561 εἰς
1204 3497 1376 3567 τιμὴν
1424 3496 1534 3550 τῶν
1568 3496 1739 3564 ἁγίων
1792 3511 1965 3562 προσ-

385 3582 641 3661 φέρεται.
698 3591 806 3644 Kal
858 3592 1025 3658 ἐγγὺς
1079 3589 1174 3643 τοῦ
1228 3591 1348 3643 νέου
1405 3589 1539 3644 ναοῦ
1590 3587 1852 3652 πολλάκις
1880 3588 1962 3650 τὸ,

391 3700 414 3736 ε
458 3682 595 3747 Δόξα
618 3700 721 3748 σοι,
758 3681 962 3752 Χριστὲ
986 3682 1015 3735 6
1041 3680 1197 3748 Θεὸς,
1238 3700 1257 3734 ›
1288 3681 1529 3749 λέγεται,
1562 3682 1642 3743 εἰς
1674 3680 1840 3749 τιμὴν
1871 3681 1967 3733 αύ-

383 3772 511 3837 τοῦ,
553 3775 648 3825 καὶ
673 3770 781 3825 τῶν
809 3771 1126 3825 ἀποστόλων
1157 3771 1252 3826 καὶ
1288 3773 1399 3826 τῶν
1446 3770 1739 3843 μαρτύρων
1769 3770 1964 3835 αὑτοῦ,

386 3863 488 3920 καὶ
513 3861 671 3928 δόξαν
696 3862 796 3930 τῆς
824 3863 983 3931 ἁγίας
1014 3863 1261 3934 Τριάδος,
1292 3862 1326 3934 ἢ
1357 3863 1624 3933 κήρυγμα
1644 3862 1750 3916 τῶν
1773 3862 1963 3932 ἁγίων.

920 3964 921 3967 “
953 3973 1205 4028 ΚΕΦΔΛ.
1248 3974 1398 4029 PIH'.

386 4069 557 4124 Διατί
588 4067 890 4123 κλείονται
917 4067 977 4120 αἰ
1013 4066 1223 4137 mitur,
1278 4066 1378 4120 καί
1436 4063 1503 4120 τό
1536 4064 1742 4137 Ἄρατε
1792 4063 1966 4127 πύλας

1136 4152 1284 4190 εται.

1136 4152 1284 4190 stat.

465 4229 814 4292 Εἰσελθόντος
843 4230 901 4283 δὲ
950 4134 1398 4301 τοῦᾷέρχιερέως
1434 4227 1531 4282 τὸν
1570 4227 1823 4299 νάρθηκα
1872 4227 1967 4281 τοῦ

390 4321 516 4377 νέου
541 4319 693 4386 ναοῦ,
719 4321 775 4373 αἰ
806 4318 953 4374 ἔνδον
982 4321 1218 4391 μεγάλαι
1242 4319 1411 4373 πύλαι
1436 4319 1731 4385 κλείονται,
1760 4320 1855 4375 καὶ
1883 4321 1966 4389 τὸ,

397 4434 417 4467 ε
466 4414 669 4484 ’Δρστε
700 4412 875 4476 πύλας
899 4412 1100 4479 ἔξωθέν
1144 4429 1206 4467 τε
1249 4415 1344 4469 καὶ
1375 4414 1598 4480 ἔσωθεν,
1633 4432 1652 4466 i
1684 4413 1967 4485 ψάλλεται,

2064 1917 2186 1985 ejus
2217 1919 2282 1971 ad
2318 1933 2414 1972 nos
2454 1933 2628 1987 usque
2662 1935 2758 1989 per
2807 1921 3212 1977 ordinationem
3280 1923 3634 1989 transmissa,

2064 2011 2142 2064 sic
2173 2013 2337 2065 etiam
2369 2026 2464 2080 per
2500 2013 2724 2081 antiqua
2756 2012 2821 2065 ad
2866 2015 3171 2070 recentiora
3211 2017 3443 2084 templa;
3490 2017 3635 2071 sicut

2066 2112 2121 2157 et
2160 2104 2375 2173 myrrha
2408 2119 2504 2172 per
2528 2106 2805 2175 myrrham
2831 2114 2883 2160 et
2903 2106 3183 2162 inunctum
3204 2108 3375 2174 altare
3392 2108 3635 2164 sanctifi-

2065 2204 2244 2250 catur.
2292 2196 2367 2249 Ex
2418 2198 2518 2251 hoc
2551 2200 2845 2252 edocemur
2890 2203 3032 2270 quod
3083 2216 3189 2255 non
3236 2216 3338 2257 nos
3374 2210 3633 2267 tanquam

2065 2304 2093 2343 a
2128 2288 2305 2353 nobis,
2340 2293 2432 2344 scil
2466 2290 2638 2357 gratia
2672 2288 2911 2357 Spiritus
2937 2303 3213 2361 operatur,
3239 2308 3359 2363 quae
3380 2309 3409 2347 a
3442 2292 3633 2348 Salva-

2064 2393 2179 2438 tore
2208 2397 2398 2458 nostro
2431 2385 2575 2437 velut
2625 2398 2654 2436 a
2688 2385 2865 2450 primo
2904 2384 3070 2451 fonte,
3136 2402 3231 2457 per
3267 2388 3440 2456 ipsius
3462 2388 3635 2440 disci-

2064 2474 2222 2543 pulos
2253 2484 2309 2528 et
2334 2474 2486 2543 juxta
2522 2484 2766 2544 tempora
2800 2492 2894 2545 per
2927 2476 3142 2541 Patres,
3181 2479 3247 2531 ad
3305 2494 3404 2533 nos
3466 2477 3632 2532 venit.

2064 2566 2130 2621 Et
2159 2568 2231 2621 ita
2262 2567 2435 2639 magis
2484 2568 2713 2622 ﬁrmiter
2757 2579 2813 2622 et
2851 2572 3154 2639 niagistuto
3204 2579 3446 2635 stamus;
3501 2584 3636 2638 quo-

2063 2659 2210 2713 niam
2242 2674 2348 2712 non
2378 2658 2431 2711 in
2465 2658 2645 2723 nobis,
2674 2659 2768 2712 sed
2803 2659 2857 2712 in
2886 2672 2947 2712 ea
2972 2674 3091 2726 qua:
3118 2674 3211 2728 per
3252 2658 3441 2715 Patres
3490 2661 3636 2714 venit

2066 2754 2307 2824 Spiritus
2346 2753 2517 2822 gratia
2553 2751 2905 2819 confidimus,
2951 2752 3095 2808 sicut
3119 2762 3172 2807 et
3234 2753 3411 2807 oratio
3451 2753 3629 2808 dicit:

2069 2846 2313 2902 «Gratias
2335 2845 2547 2916 agimus
2571 2845 2688 2911 tibi,
2714 2846 2857 2914 quod
2875 2860 3038 2914 quam
3067 2859 3231 2913 super
3251 2854 3471 2899 sanctos
3497 2859 3634 2914 apo-

2064 2939 2233 2995 stolos
2265 2946 2389 2994 tuos
2410 2946 2463 2991 et
2487 2953 2654 3006 super
2681 2946 2901 2991 sanctos
2929 2937 3117 2990 Patres
3144 2946 3363 2991 nostros
3387 2935 3633 2990 infudisti

2064 3033 2317 3101 gratiam,
2352 3046 2525 3099 usque
2555 3030 2623 3084 ad
2645 3046 2745 3087 nos
2781 3030 3020 3084 humiles
3057 3032 3352 3084 extendere
3380 3030 3633 3098 dignatus

2064 3141 2142 3181 es.
2185 3144 2203 3177 i
2238 3124 2506 3179 Dicuntur
2529 3135 2708 3178 autem
2736 3125 3036 3194 gratiarum
3085 3137 3293 3192 preces,
3326 3133 3388 3177 ut
3418 3122 3629 3192 praefati

2066 3232 2279 3281 sumus,
2302 3217 2358 3270 in
2392 3206 2561 3270 veteri
2591 3216 2793 3284 templo
2851 3232 2946 3285 per
2972 3215 3306 3284 pontiﬁcem,
3332 3223 3383 3268 et
3444 3215 3630 3284 hymni

2065 3308 2365 3362 secundum
2397 3307 2500 3360 iter
2534 3313 2833 3369 canuntur,
2866 3306 3182 3375 luminaque
3214 3319 3279 3358 ac
3313 3304 3534 3359 incensa
3571 3304 3626 3357 in

2064 3397 2327 3453 honorem
2353 3409 2662 3453 sanctorum
2698 3397 3073 3464 proferuntur.
3108 3394 3173 3449 Et
3203 3411 3397 3465 proper
3424 3409 3627 3451 novum

2064 3493 2322 3560 templum
2354 3504 2496 3560 saepe
2522 3490 2751 3545 dicitur:
2781 3487 2992 3543 «Gloria
3020 3487 3370 3549 tibi,Christe
3402 3487 3579 3551 Deus;
3609 3505 3630 3539 ι

2067 3584 2120 3636 in
2174 3582 2343 3652 ipsius
2377 3584 2637 3636 honorem
2691 3588 2747 3635 et
2804 3581 3173 3650 apostolorum
3219 3590 3273 3636 et
3334 3589 3631 3651 martyrum

2067 3672 2260 3741 ipsius,
2285 3683 2339 3726 et
2374 3672 2426 3726 in
2459 3680 2663 3727 sancta:
2694 3669 2977 3726 Trinitatis
3020 3672 3274 3742 gloriam,
3314 3680 3369 3728 et
3396 3672 3450 3726 in
3473 3685 3632 3727 sanc-

2068 3774 2245 3818 torum
2285 3779 2499 3834 μεωειοη
2512 3768 2517 3772 ’
2529 3780 2643 3819 um.
3178 3784 3179 3787 ‘

2611 3963 2843 4022 CAPUT
2893 3965 3125 4023 CXVIII.

2069 4055 2245 4121 Quare
2284 4057 2607 4135 claudantur
2646 4077 2811 4114 same
2827 4062 2983 4135 _¢edis
3038 4066 3195 4135 fores,
3247 4064 3632 4135 accinaturque

2278 4128 2602 4197 illud(Psal.
2638 4147 2795 4196 xxtn,
2826 4132 2903 4201 7),
2932 4128 3187 4188 Attollite
3212 4143 3417 4202 portas.

2138 4218 2276 4272 Cum
2311 4230 2490 4275 autem
2522 4220 2591 4274 ad
2626 4223 2750 4277 novi
2812 4225 2995 4294 templi
3040 4228 3336 4281 narthecen
3406 4225 3634 4281 advenit

2066 4311 2336 4382 pontifex,
2394 4313 2685 4371 interiores
2715 4331 2932 4387 magna;
2987 4318 3169 4387 ianuae
3209 4319 3558 4385 clauduntur,
3583 4329 3638 4373 et

2067 4404 2242 4461 istud:
2271 4422 2290 4457 ε
2310 4406 2555 4461 Attollite
2567 4417 2775 4477 portas,
2800 4427 2817 4461 ι
2845 4409 3074 4467 abintus
3089 4422 3144 4465 et
3160 4417 3466 4466 extrorsum
3484 4411 3638 4467 cani-

393 4504 480 4558 ὅτι
512 4503 601 4556 τὸν
653 4501 892 4572 Χριστὸν
922 4502 1188 4557 τυποῦσιν
1230 4504 1282 4555 οἰ
1334 4502 1636 4574 μάρτυρες,
1680 4502 1776 4557 καὶ
1805 4502 1964 4566 αὐτὸς

2074 4509 2209 4565 tur;
2261 4500 2518 4570 quoniam
2558 4500 2764 4558 Christi
2814 4513 3002 4574 typum
3040 4512 3239 4574 gerunt
3294 4513 3564 4576 martyres
3584 4515 3640 4561 et

393 4596 423 4648 6
454 4593 745 4664 ἀρχιερεύς
770 4609 786 4625 ’
815 4595 844 4647 6
864 4593 921 4646 δὲ
944 4593 1070 4658 ναὸς
1095 4594 1187 4647 τὸν
1217 4594 1471 4665 οὐρανόν.
1508 4595 1577 4649 ’Δ
1606 4595 1789 4650 τοίνυν
1813 4595 1872 4649 ἐν
1890 4594 1969 4665 τῷ

394 4684 723 4755 ἀνέρχεσθαι
774 4686 1031 4754 ὑπεράνω
1078 4701 1190 4739 των
1218 4686 1465 4758 οὐρανῶν
1511 4686 1734 4756 ἄγγελοι
1764 4685 1972 4757 έμελῴ-

388 4774 544 4842 νδουν,
578 4777 653 4843 ὦς
689 4795 857 4850 φησιν
885 4779 914 4831 6
941 4778 1085 4839 θεῖος
1116 4779 1302 4844 Δαόὶδ,
1339 4781 1514 4835 ταῦτα
1540 4780 1639 4835 καὶ
1669 4779 1765 4834 νῦν
1796 4779 1970 4849 μελῳ-

395 4868 591 4937 δεῖται,
639 4868 751 4923 τῶν
803 4870 965 4940 ἰερῶν
1018 4872 1388 4943 εἰσαγομένων
1445 4870 1736 4942 λειψάνων.
1794 4870 1856 4924 '0
1912 4870 1969 4924 δὲ

398 4959 709 5031 ἀρχιερεὺς,
768 4963 1012 5032 τάπητος
1068 4958 1225 5027 αὖθις
1272 4962 1748 5033 εὐτρεπισθέντος,
1798 4961 1971 5016 κλίνει

398 5051 459 5105 τὸ
490 5052 619 5119 γόνυ
650 5052 731 5123 τῷ
758 5053 854 5106 τοῦ
899 5053 1134 5125 ούρανοῦ
1166 5056 1433 5129 Δεσπότῃ,
1466 5055 1563 5109 καὶ
1588 5053 1833 5126 εὔχεται.
1862 5055 1972 5109 Kal

399 5141 650 5213 ἐπιφέρει
695 5142 796 5213 τὴν
848 5143 1016 5215 εὐχὴν
1066 5147 1167 5214 τῆς
1222 5146 1463 5212 εἰσόδου,
1522 5145 1970 5217 συλλειτουργοὺς

318 5243 326 5249 ·
400 5234 882 5305 προσκαλούμενος
935 5238 1030 5289 καὶ
1081 5236 1449 5300 συνεισιόντας
1506 5237 1799 5306 ἀγγέλους.
1860 5238 1971 5291 Kal

399 5320 543 5375 οὕτω
591 5324 913 5393 σφραγίζων
944 5325 1044 5388 τὰς
1068 5323 1165 5378 τοῦ
1210 5324 1337 5379 ναοῦ
1366 5324 1541 5388 πύλας
1590 5327 1688 5378 καὶ
1713 5323 1969 5391 ἀνοίγων,

399 5413 476 5479 ὡς
505 5418 583 5479 εἰς
627 5418 718 5470 τὸν
773 5419 1005 5489 οὐρανὸν
1039 5417 1291 5483 εἴσεισιν,
1342 5418 1418 5481 ὡς
1464 5418 1553 5471 διὰ
1582 5416 1679 5470 τοῦ
1733 5415 1970 5486 μεγάλου

399 5504 493 5559 τοῦ
530 5508 741 5579 Πατρός
773 5510 1050 5579 μάρτυρος
1092 5508 1268 5578 Ἰησοῦ
1306 5507 1546 5577 Χριστοῦ
1576 5508 1673 5577 τῆς
1718 5507 1971 5577 οὐρανίου

402 5599 608 5668 σκηνῆς
656 5600 1050 5670 διανοιχθείσης
1086 5601 1238 5670 ἡμῖν.
1286 5601 1393 5654 Kal
1426 5601 1691 5653 είσοδεύει
1720 5602 1748 5653 6
1778 5603 1973 5671 ἀρχιε-

404 5689 527 5758 ρεὺς
583 5690 681 5742 σὺν
710 5694 823 5754 τοῖς
871 5692 985 5761 τῶν
1037 5691 1209 5759 ἁγίων
1259 5690 1536 5760 λειψάοοις
1582 5694 1677 5745 καὶ
1709 5690 1789 5760 τῷ
1840 5688 1971 5761 θείῳ

401 5778 739 5853 Εὑαγγελίῳ.
778 5784 1116 5849 Ἀκολούθως
1150 5783 1257 5852 ἄρα
1288 5787 1382 5839 ml
1408 5786 1464 5839 ἐν
1486 5786 1554 5855 τῇ
1578 5783 1847 5855 ἑρμηνείᾳ
1870 5782 1970 5853 τῆς

2073 4593 2191 4665 ipse
2230 4594 2495 4666 pontifex,
2526 4596 2787 4667 templum
2816 4612 2948 4653 vero
2973 4597 3197 4653 ctelum.
3222 4596 3356 4664 Quae
3409 4597 3638 4667 proinde

2070 4687 2336 4740 canebant
2370 4686 2571 4756 angeli.
2602 4687 2745 4742 sicut
2769 4688 2845 4742 ait
2888 4687 3047 4743 divus
3077 4687 3268 4751 David,
3316 4702 3436 4742 cum
3472 4703 3639 4759 super

2071 4775 2294 4846 angelos
2322 4774 2670 4841 conscendit,
2708 4775 2824 4832 haec
2861 4776 3027 4832 etiam
3074 4792 3220 4832 nunc
3246 4777 3641 4843 concinuntur,

2071 4867 2248 4924 sacris
2311 4866 2744 4936 ingredientibus
2812 4869 3078 4940 reliquiis.
3128 4871 3398 4928 Pontifex~
3431 4884 3637 4940 autem,

2071 4965 2253 5029 tapete
2275 4973 2493 5014 rursum
2529 4959 2812 5031 disposito,
2841 4960 3075 5020 Domino
3112 4965 3238 5021 caeli
3271 4980 3444 5038 genua
3472 4966 3640 5022 ﬂectit

2068 5058 2123 5106 et
2152 5058 2293 5106 orat.
2325 5049 2392 5105 Et
2412 5051 2650 5121 applicat
2688 5053 2985 5111 orationem
3013 5056 3291 5122 introitus,
3321 5064 3642 5131 coeperato-

2071 5155 2160 5197 res
2185 5150 2241 5196 et
2271 5142 2501 5201 comites
2535 5142 2814 5201 advocans
2873 5148 3114 5218 angelos.
3166 5149 3229 5203 Et
3287 5149 3363 5204 ita
3411 5151 3640 5220 signans

2071 5232 2476 5304 templijanuas
2524 5242 2580 5289 et
2602 5237 2869 5305 aperiens,
2900 5248 3158 5310 tanquam
3192 5240 3245 5294 in
3290 5242 3488 5295 caelum
3558 5240 3640 5293 in-

2070 5324 2337 5393 greditur,
2372 5332 2429 5378 ut
2472 5339 2567 5394 per
2616 5341 2870 5396 magnum
2922 5329 3096 5383 Patris
3124 5337 3417 5399 martyrem
3451 5329 3639 5385 Jesum
3674 5346 3677 5348 '

2070 5415 2351 5470 Christum
2383 5415 2504 5471 caeli
2563 5416 2924 5472 tabernaculo
2996 5419 3155 5474 nobis
3195 5423 3433 5474 recluso.
3471 5419 3642 5475 Intrat

2072 5506 2317 5579 pontifex
2344 5522 2469 5587 cum
2504 5517 2822 5564 sanctorum
2872 5508 3118 5579 reliquiis
3158 5520 3212 5566 et
3248 5511 3431 5567 divino
3464 5510 3643 5569 Evan-

2072 5600 2234 5671 gelio.
2256 5602 2430 5658 Porro
2489 5600 2849 5657 conformitcr
2912 5601 2968 5656 in
3001 5601 3346 5673 expositione
3410 5604 3644 5676 liturgite

2070 5692 2278 5749 dictum
2305 5699 2411 5759 est,
2446 5691 2590 5761 quod
2619 5690 2830 5761 primus
2880 5691 3132 5748 introitus
3179 5694 3639 5749 resurrectionem

2073 5794 2129 5842 et
2186 5785 2560 5843 ascensionem
2611 5782 2913 5840 Salvatoris
2970 5784 3204 5859 ﬁgurat;
3278 5786 3644 5858 clausumque
