4090 6258
319 330 428 396 325

1576 331 1674 392 DE
1706 327 1941 391 SACRO
1979 329 2303 392 TEMPLO.

3461 329 3568 392 326

317 445 478 500 τοῦτο
507 442 694 514 εἴρηκε
727 457 742 471 ο
784 461 803 496 ι
840 441 1014 496 Τοῦτο
1047 445 1252 497 ποιεῖτε
1308 444 1388 506 εἱς
1430 444 1530 514 τὴν
1579 445 1722 513 ἐμὴν
1771 441 1901 496 ἀνάο

2026 440 2174 496 Ιίιίιε
2213 440 2360 498 «Hoc
2388 440 2552 498 facite
2574 441 2629 498 in
2676 455 2855 498 meam
2913 439 3511 498 commemorationem.
3541 459 3561 493 ι
3673 468 3679 472 ι

320 553 542 608 μνησιν.
578 554 596 585 ι
631 536 721 586 Διὸ
749 535 844 587 καὶ
873 535 961 588 ἀεὶ
986 533 1088 606 τὴν
1106 535 1410 605 ἀνάμνησιν
1443 534 1796 604 ἐνεργοῦμεν,
1823 533 1898 596 ὡς

317 628 351 681 ὸ
399 628 591 697 Σωτὴρ
641 625 854 697 εἴρηκε,
903 627 999 680 καὶΙ
1051 627 1192 680 κατὰ
1242 626 1341 696 τὴν
1375 627 1619 696 μεγάλην
1659 625 1901 696 μάλιστα

322 719 614 789 Πέμπτην,
661 719 749 771 ὅτε
801 719 974 773 ταῦτα
1029 719 1368 788 παρέδωκεν,
1414 719 1464 770 εἱ
1500 721 1593 773 καὶ
1647 719 1709 771 τὸ
1740 718 1902 789 ἔργον

322 811 422 880 τῆς
455 810 768 879 ἱερουργίας
806 810 946 880 ὑπὲρ
981 811 1089 863 πᾶν
1123 810 1304 880 ἔργον.
1343 811 1449 863 Καὶ
1489 812 1556 863 τὰ
1587 809 1679 863 τοῦ
1709 811 1903 879 νιπτῆ-

329 918 422 970 ρος
459 901 580 954 τότε
615 900 880 967 τελοῦμεν
904 918 919 934 θ
953 903 1045 954 καὶ
1091 902 1159 956 τὰ
1200 901 1293 955 τοῦ
1331 902 1709 972 βαπτίσματος
1739 903 1817 962 δὲ,
1848 903 1904 954 ἐν

325 984 406 1062 τῷ
459 990 635 1061 καιρῷ
669 991 780 1044 τῶν
817 992 1151 1058 Θεοφανίων,
1194 995 1274 1056 εἱς
1325 994 1580 1061 ἐγκαὶνια
1629 993 1722 1048 τοῦ
1758 994 1902 1047 θείου

332 1082 714 1153 βαπτίσματος
757 1082 850 1136 καὶ
891 1084 1053 1149 ἡμῶν
1093 1084 1191 1154 τῆς
1237 1087 1457 1156 χάριτος
1487 1085 1902 1155 ἁνακαινισμόν.

332 1177 439 1228 Καὶ
467 1175 537 1226 τὰ
587 1175 749 1228 λοιπὰ
805 1176 1005 1236 πάντα,
1040 1176 1115 1236 ὡς
1143 1177 1211 1229 τὰ
1262 1177 1363 1245 τῆς
1406 1179 1712 1247 γεννήσεως
1765 1177 1907 1231 κατὰ

332 1269 536 1335 σάρκα,
595 1269 689 1341 καὶ
743 1267 844 1336 τῆς
889 1267 1257 1336 σταυρώσεως
1311 1267 1662 1338 ἀνυμνοῦμέν
1715 1286 1775 1322 τε
1813 1270 1909 1323 καὶ

331 1355 636 1424 τυποῦμεν,
679 1357 772 1408 καὶ
807 1357 905 1424 τῆς
954 1356 1151 1423 ταφῆς,
1183 1355 1284 1425 τῆς
1327 1357 1684 1421 ἀναστάσεὼς
1713 1375 1773 1410 τε
1811 1357 1908 1410 καὶ

333 1446 678 1516 ἀναλήψεως,
715 1447 811 1500 καὶ
844 1449 941 1517 τῆς
968 1449 1310 1517 χειροτονίας
1351 1449 1523 1518 αὐτῆς
1539 1450 1672 1521 ἥτις
1701 1451 1735 1520 ἡ
1784 1450 1908 1503 ἐπι-

331 1538 396 1607 δη
406 1539 503 1608 μία
529 1540 647 1592 ἐστὶ
667 1541 761 1593 τοῦ
797 1540 1112 1610 Πνεύματος
1138 1540 1280 1594 κατὰ
1311 1541 1410 1612 τὴν
1435 1543 1836 1613 Πεντηκοστήν.

889 1642 922 1656 4’

788 1718 944 1789 123
979 1687 1227 1772 small.
1263 1717 1432 1774 PKB’.

335 1905 467 1959 ὀτι
521 1904 636 1972 χρὴ
681 1902 945 1956 ἕκαστον
991 1902 1110 1956 τῶν
1159 1902 1492 1972 ἱερωμένων
1539 1903 1648 1956 τὸν
1697 1889 1911 1972 καιρὸν

407 1970 704 2042 ἑορτάζειν
751 1972 857 2040 τῆς
921 1970 1304 2042 χειροτονῗαῤ
1342 1972 1565 2027 αὐτοῦ’
1624 1970 1807 2040 indic
1833 1976 1911 2027 ιε-

402 2041 686 2113 ρσυργεῖν
714 2042 783 2095 ὲν
811 2041 967 2111 αὐτῇ
1002 2042 1075 2111 τῇ
1105 2043 1316 2112 ἡμέρᾳ.

411 2177 515 2229 Ἦν
556 2176 652 2229 καὶ
701 2175 932 2229 ἕκαστον
971 2174 1079 2228 τῶν
1123 2175 1439 2246 ἱερωμένων
1471 2175 1754 2246 ἑορτάζειν
1783 2175 1912 2245 χρὴ,

341 2267 466 2322 καθ’
507 2268 566 2321 ὃν
611 2267 1056 2337 κεχειροτόνηται
1091 2269 1300 2336 χρόνον,
1354 2269 1450 2326 καὶ
1497 2266 1574 2334 τῷ
1632 2267 1912 2336 Πνεύματι

343 2359 735 2430 καθηγίασται,
781 2361 877 2412 καὶ
930 2359 1028 2428 τὴν
1073 2359 1287 2427 ἡμέραν
1323 2358 1648 2423 σεϐάζεσθαι
1694 2361 1790 2414 καὶ
1835 2375 1916 2410 τι-

340 2455 472 2524 μᾷν,
524 2453 602 2514 ὡς
663 2451 876 2521 μεγάλα
931 2451 1027 2504 καὶ
1072 2450 1214 2520 ὑπὲρ
1260 2451 1471 2502 ἔννοιαν
1515 2451 1916 2520 δωρησαμένην

338 2539 491 2612 αὐτῷ
533 2542 601 2594 τὰ
633 2542 935 2609 δωρήματα
959 2556 972 2570 ο
1003 2539 1038 2609 ἢ
1076 2539 1178 2591 κᾶν
1228 2540 1522 2606 προσέχειν
1547 2541 1648 2607 τὴν
1679 2538 1917 2607 ἡμέραν,

339 2634 441 2686 καὶ
473 2632 782 2700 ἱερουργεῖν
820 2630 879 2679 ἐν
913 2629 1051 2696 αὐτῇ
1093 2627 1170 2694 τῷ
1219 2627 1412 2695 Κυρίῳ
1465 2627 1914 2698 εὐχαριστοῦντα,

339 2727 444 2790 τὴν
478 2723 642 2791 χάριν
682 2717 776 2770 τοῦ
815 2716 953 2770 Θεοῦ
991 2718 1172 2786 μένειν
1217 2718 1276 2768 ἐν
1318 2714 1468 2785 αὐτῷ
1507 2715 1916 2785 ἐξαιτούμενον.

343 2814 458 2866 Καὶ
490 2812 721 2866 ἑκάστου
757 2811 814 2864 δὲ
862 2809 991 2862 ναοῦ
1029 2809 1136 2880 χρὴ
1181 2810 1320 2862 κατὰ
1357 2807 1456 2878 τὴν
1496 2808 1712 2877 ἡμέραν
1747 2808 1920 2859 τελεῖ-

345 2906 472 2959 σθαι
501 2906 598 2974 τῆς
628 2902 1011 2971 καθιερώσεως
1042 2902 1109 2953 τὰ
1147 2899 1415 2968 ἐγκαὶνια.
1461 2900 1527 2952 Ὀ
1559 2899 1623 2968 δὴ
1654 2901 1746 2951 καὶ
1778 2902 1806 2951 ό
1834 2899 1918 2952 νό-

343 3014 448 3068 μος
475 2996 697 3066 ἐνήργει
754 2993 1020 3064 πρότερον
1054 2991 1110 3044 ἒν
1134 3010 1191 3045 τε
1215 2996 1279 3062 τῇ
1314 2993 1518 3060 ἱδρύσει
1545 2994 1640 3060 τῆς
1674 2994 1905 3062 σκηνῆς,

2002 531 2237 604 Ideoque
2290 550 2510 605 semper
2559 537 3131 600 commemorationem
3192 535 3448 600 facimus,
3515 545 3574 592 ut

2003 621 2253 679 Salvator
2282 625 2418 680 dixit
2450 643 2466 691 ;
2495 634 2550 680 et
2576 627 2879 696 praesertim
2906 627 2961 681 in
2998 640 3192 696 magna
3216 627 3304 681 die
3350 630 3569 697 quinta.

2002 730 2126 769 cum
2178 717 2293 772 haec
2339 719 2583 785 tradidit,
2635 720 2738 774 etsi
2794 733 2935 787 opus
2989 719 3218 788 Iiturgia
3280 721 3354 775 sit
3404 735 3569 790 super

2002 821 2166 864 omne
2199 823 2359 878 opus.
2413 811 2490 865 Ea
2545 826 2668 881 qua
2703 812 2998 869 levationis
3037 823 3184 877 sunt,
3221 814 3388 868 etiam
3443 824 3575 869 tunc

2004 914 2312 967 operatnur.
2349 901 2480 968 Quae
2537 912 2666 957 sunt
2697 912 2877 958 autem
2930 904 3294 972 baptismatis,
3329 908 3384 959 in
3433 914 3572 960 tem-

2007 1008 2136 1062 pore
2169 993 2484 1062 Epiphaniae
2516 994 2677 1060 ﬁunt,
2707 996 2758 1048 iu
2792 996 2958 1050 divini
2984 997 3326 1066 baptismatis
3353 994 3572 1052 dedica-

2009 1086 2212 1138 tionem
2243 1095 2300 1138 ct
2330 1085 2382 1137 in
2411 1093 2614 1138 nostrae
2653 1085 2842 1154 gratia:
2865 1089 3299 1143 reum'ationcm.
3325 1087 3568 1144 Camerar

2008 1185 2114 1246 qtte
2131 1183 2323 1229 cuncta
2341 1176 2718 1242 recordamur,
2742 1177 2883 1231 sicut
2909 1178 3250 1233 nativitatem
3273 1180 3574 1234 secundum

2008 1267 2714 1333 carnem,crucifixio‘nem,
2777 1270 3140 1337 sepulturam,
3213 1254 3575 1325 resurrectio-

2011 1372 2156 1424 nem,
2197 1363 2574 1412 ascensionem
2629 1367 2683 1412 et
2715 1373 2972 1414 manuum
3005 1362 3436 1432 impositionem,
3457 1378 3579 1433 quae

2013 1451 2188 1505 sancti
2216 1449 2453 1519 Spiritus
2487 1457 2572 1505 est
2599 1452 2869 1506 adventus
2918 1454 2972 1508 in
3012 1453 3100 1508 die
3131 1453 3507 1512 Pentecostes.

2539 1711 2768 1768 CAPUT
2827 1711 3034 1767 CXXII.

2015 1890 2190 1956 Quod
2216 1892 2360 1945 decet
2388 1891 2666 1963 quemlibet
2713 1892 3035 1946 sacerdotem
3067 1894 3350 1958 quotannis
3382 1903 3582 1963 tempus

2084 1963 2436 2098 ;rdinationis
2468 1977 2577 2015 sua:
2599 1962 2786 2029 festum
2809 1978 2985 2032 agere,
3016 1975 3172 2032 atque
3203 1963 3296 2015 illo
3324 1964 3407 2018 die
3427 1962 3582 2020 sacra

2112 2043 2279 2084 acere.

2084 2167 2256 2236 Caput
2276 2165 2439 2220 etiam
2463 2181 2916 2238 unumquemque
2945 2180 3391 2226 consecratorum
3419 2187 3588 2241 opor-

2018 2267 2094 2313 tet
2138 2258 2419 2313 celebrare
2449 2258 2600 2326 iuxta
2635 2268 2849 2328 tempus
2900 2275 3011 2330 quo
3049 2276 3308 2315 manuum
3363 2264 3592 2334 imposit.

2019 2352 2219 2406 tionem
2245 2352 2481 2418 suscepit
2505 2360 2559 2405 et
2591 2350 2796 2420 Spiritu
2822 2354 3194 2408 sanctificatus
3218 2363 3306 2410 est
3330 2371 3345 2420 ;
3368 2363 3421 2410 et
3442 2355 3584 2410 diem

2020 2441 2162 2495 hanc
2195 2441 2435 2494 venerari
2461 2449 2516 2494 et
2572 2441 2864 2503 honorare.
2897 2454 2954 2494 et
2985 2444 3036 2497 in
3079 2445 3194 2513 ipsa
3231 2461 3444 2501 sacrum
3478 2448 3586 2502 Do-

2022 2533 2172 2586 mino
2200 2532 2252 2585 in
2285 2533 2580 2601 gratiarum
2619 2533 2886 2588 actionem
2917 2535 3128 2600 facere;
3188 2539 3456 2607 siquidem
3490 2541 3586 2594 illa

2020 2624 2142 2679 dies
2201 2624 2304 2692 ipsi
2367 2639 2561 2695 magna
2625 2625 2870 2695 citraque
2925 2629 3304 2697 cogitationem
3370 2631 3586 2686 charis-

2022 2727 2162 2772 mata
2220 2717 2508 2786 praestitit;
2556 2717 2721 2773 debet
2779 2719 2942 2774 etiam
2986 2735 3147 2775 orare
3190 2729 3248 2776 ut
3285 2721 3340 2775 in
3401 2725 3596 2793 seipse

2021 2805 2114 2860 Dei
2139 2809 2313 2877 gratia
2341 2817 2580 2860 maneat.
2633 2805 2914 2876 Cujusque
2971 2823 3100 2862 vero
3154 2811 3340 2880 templi
3395 2825 3595 2866 secun-

2021 2899 2150 2954 dum
2206 2898 2350 2953 diem
2406 2900 2840 2954 consecrationis
2918 2910 3136 2970 oportet
3188 2902 3588 2957 dedicationem
3661 2931 3664 2935 -

2023 2991 2307 3045 celebrari.
2370 2988 2526 3055 Quod
2583 3005 2748 3056 porro
2805 2991 2888 3045 lex
2951 2994 3102 3060 prius
3160 2997 3489 3063 operabatur
3535 2996 3590 3049 in

341 3088 440 3137 καὶ
488 3088 555 3151 τῇ
609 3083 896 3150 ὰνεγέρσει
932 3079 1026 3132 τοῦ
1078 3079 1232 3134 ναοῦ.
1289 3081 1398 3132 Καὶ
1445 3082 1479 3150 ἡ
1535 3081 1832 3151 Ἐκκλησία
1862 3081 1918 3133 δὲ

2026 3082 2437 3137 constructione
2463 3081 2800 3136 tabernaculi
2863 3093 2916 3137 et
2941 3086 2993 3138 iu
3023 3085 3388 3141 azdillcatione
3456 3097 3592 3143 tem-

338 3174 440 3226 τοῦ
482 3172 722 3242 Χριστοῦ
776 3171 956 3240 πολλῷ
983 3170 1366 3240 λαμπρότερον
1424 3171 1680 3236 egerem,
1730 3170 1922 3241 ἐπειδὴ

339 3266 444 3319 καὶ
488 3266 676 3318 εἱκόνα
724 3264 814 3316 τὸν
855 3263 1000 3332 ἱερὸν
1050 3261 1168 3332 ἔχει
1219 3263 1344 3314 ναὸν
1376 3265 1466 3316 τοῦ
1500 3263 1788 3332 ’παναγὶου
1826 3263 1918 3316 καὶ

340 3357 551 3422 ζῶντος
588 3356 796 3408 ἐκείνου
829 3353 982 3418 ναοῦ,
1013 3354 1107 3408 τοῦ
1137 3353 1421 3423 Κυριακοῦ
1461 3354 1608 3422 λέγω
1644 3354 1919 3423 σώματος,

335 3449 369 3503 ὃ
429 3449 493 3517 δὴ
553 3447 906 3518 ᾠκοδόμησεν
959 3447 1128 3517 ἑαυτῇ
1165 3446 1394 3517 ἀληθινὴ
1428 3449 1523 3500 καὶ
1555 3445 1703 3507 ζῶσα
1727 3447 1922 3515 Σοφία,

334 3540 368 3592 ὁ
405 3537 542 3600 Θεὸς
575 3537 749 3604 Λόγος
791 3536 1246 3607 ἐνανθρωπήσας,
1281 3529 1344 3588 οῦ
1381 3537 1477 3590 καὶ
1509 3537 1568 3590 τὸ
1603 3537 1796 3606 μνῆμα
1829 3536 1925 3606 φέ-

335 3647 437 3703 ρει
473 3632 562 3686 sta;
617 3629 711 3683 τοῦ
771 3629 1185 3699 θυσιαστηρίου,
1212 3631 1308 3682 καὶ
1339 3629 1410 3682 τὰ
1458 3629 1621 3684 λοιπὰ
1674 3629 1921 3683 ἐκτυποῐ.

333 3724 463 3778 Καὶ
491 3719 749 3774 τοσοῦτον
799 3719 1048 3790 διαφέρει
1081 3720 1176 3774 τοῦ
1218 3719 1447 3790 νομικοῦ
1490 3720 1592 3790 τὴν
1645 3721 1926 3791 σάρκωσιν

331 3811 594 3884 Χριστοῦ
625 3810 872 3874 σκιωδῶς
929 3809 1343 3881 προτυποῦντος
1376 3813 1404 3864 ὁ
1442 3810 1566 3864 καθ’
1597 3812 1747 3882 ἡμᾶς
1780 3810 1926 3882 ἱερὸς

333 3907 502 3969 ναὸς,
537 3907 663 3957 ὅσον
724 3903 883 3966 σκιᾶς
918 3903 953 3969 ἰι
984 3901 1251 3973 ἀλήθεια,
1277 3904 1371 3955 καὶ
1396 3904 1522 3956 ὅσον
1545 3904 1783 3972 Mentis-ir;
1811 3902 1928 3956 δοῦε

331 4000 438 4062 λος
472 3996 572 4060 ὣν,
604 3998 678 4061 ὡς
718 3995 930 4058 nacte;
971 4012 1127 4064 φησι,
1171 3994 1412 4064 Χριστοῦ
1443 3993 1536 4047 τοῦ
1584 3992 1928 4047 κατασκευάψΙ

337 4108 550 4152 σαντος
583 4091 650 4142 τὰ
680 4089 860 4142 πάντα
903 4085 1199 4141 Δεσπότου.
1231 4086 1340 4138 Καὶ
1369 4083 1550 4137 ἔπεισί
1583 4100 1675 4152 μοι
1707 4081 1928 4152 θαυμά-

334 4185 492 4251 ζειν,
531 4182 649 4246 πῶς
674 4179 834 4234 τοῦτο
862 4177 924 4231 τὸ
950 4177 1110 4249 ἔργον
1145 4178 1438 4231 πέπαυται.
1480 4175 1626 4246 Πλὴν
1657 4175 1930 4239 ἐξετάζων

299 4278 552 4343 -ἐγνων,
586 4273 662 4335 ὼς
709 4270 1013 4340 ἐπειδήπερ
1045 4271 1079 4337 ἡ
1133 4268 1546 4322 Κωνσταντὶνου
1598 4265 1929 4321 δεδούλωταὶ

336 4381 489 4419 ποτε
528 4364 801 4426 Λατίνοις,
831 4361 937 4416 τῶν
979 4362 1080 4428 τῆς
1120 4359 1448 4426 Ἐκκλησίας
1483 4359 1930 4427 φυγαδευθέντων

2029 3175 2099 3241 pli
2128 3191 2142 3241 ;
2176 3172 2420 3229 Ecclesia
2455 3189 2584 3228 vero
2609 3173 2814 3228 Christi
2849 3176 3020 3230 multo
3063 3177 3401 3246 splendidius
3434 3194 3592 3234 exse-

2029 3266 2232 3334 quitur,
2289 3264 2558 3335 siquidem
2617 3279 2836 3320 sacrum
2869 3267 3128 3336 templum
3185 3269 3352 3322 habet
3405 3269 3598 3340 imagi-

2029 3370 2151 3408 nem
2187 3355 2334 3409 illius
2367 3357 2707 3413 sanctissimi
2775 3358 3116 3428 viventisqus
3149 3360 3355 3427 templi,
3409 3359 3599 3415 Domi-

2029 3445 2138 3500 nici
2172 3447 2294 3501 dico
2343 3450 2615 3517 corporis,
2655 3449 2802 3519 quod
2851 3451 3138 3506 adificavit
3191 3452 3294 3506 sibi
3338 3468 3463 3507 vera
3515 3455 3599 3507 vi-

2029 3553 2272 3610 vensque
2303 3541 2601 3611 Sapientia,
2630 3542 2770 3599 Deus
2803 3541 3034 3596 Verbum
3067 3543 3232 3597 homo
3261 3544 3462 3608 factus,
3497 3561 3599 3599 cu-

2027 3630 2123 3700 jus
2150 3641 2204 3686 et
2235 3642 2648 3688 monumentum
2715 3639 2878 3702 gerit,
2909 3649 3006 3702 per
3060 3634 3229 3688 altare
3293 3645 3599 3704 caeteraque

2033 3732 2163 3793 typo
2192 3706 2470 3792 exprimit.
2548 3721 2613 3776 Et
2674 3731 2883 3776 tantum
2930 3723 3164 3777 diﬂerta
3231 3725 3364 3794 legis
3395 3729 3598 3795 templo

2033 3812 2466 3868 incarnationem
2517 3811 2721 3867 Christi
2778 3812 3140 3867 umbratiliter
3189 3812 3598 3881 praetigurante,

2033 3903 2178 3972 quod
2233 3903 2378 3973 apud
2404 3917 2504 3958 nos
2535 3912 2616 3956 est
2647 3901 2926 3972 templum,
2991 3911 3254 3971 quantum
3313 3905 3382 3957 ab
3408 3903 3605 3958 umbra

2038 3993 2266 4057 veritas,
2316 4002 2692 4061 quantumque
2750 3991 2963 4062 Moyses
3023 3993 3115 4061 qui
3150 3999 3345 4048 servus
3375 4002 3600 4058 erat,ut

2036 4081 2421 4145 aitPaulus,~a
2455 4083 2676 4138 Christo
2729 4084 3041 4152 quicuncta
3108 4085 3253 4140 sicut
3329 4085 3597 4142 Dominus

2039 4173 2328 4240 disposuit.
2356 4173 2424 4228 Et
2451 4174 2582 4226 mihi
2646 4176 2832 4228 subest
2857 4175 3066 4239 mirari,
3118 4180 3396 4246 quomodo
3455 4179 3605 4234 istud

2037 4278 2176 4332 opus
2206 4264 2450 4318 desierit.
2495 4265 2750 4317 Attamen
2783 4266 3115 4333 inquirendo
3172 4270 3398 4337 cognovi
3431 4272 3602 4338 quod,

2041 4365 2329 4426 postquam
2366 4355 2497 4410 urbs
2521 4354 2867 4411 Constantini
2906 4355 3118 4412 Latinis
3143 4359 3271 4412 olim
3327 4362 3602 4428 assert'iit,

337 4457 448 4510 καὶ
516 4451 950 4505 ἀποικισθέντων
996 4449 1256 4520 ἀλλαχοῦ,
1296 4451 1469 4504 ταῦτα
1532 4451 1780 4521 ῆργησε·
1838 4451 1921 4505 κα]

2044 4449 2302 4504 Ecclesia;
2335 4449 2586 4505 fidelibus
2648 4449 2702 4504 in
2730 4451 2982 4505 exsilium
3037 4451 3207 4519 pulsis
3255 4461 3309 4506 et
3359 4453 3608 4523 undique

335 4541 548 4614 ἐπειδὴ
578 4542 716 4612 μετὰ
744 4543 914 4594 πολὺν
944 4540 1251 4610 ἐπανῆλθον
1281 4541 1494 4610 χρόνον,
1521 4540 1642 4593 καθ’
1669 4540 1729 4592 ὃν
1758 4539 1878 4592 ταῦ·
1897 4558 1934 4595 α

333 4638 652 4709 ἠμέληται,
680 4633 754 4698 ὡς
783 4633 904 4698 ἔθος
935 4633 1158 4702 γεγονὸς
1205 4633 1282 4702 μὴ
1320 4631 1690 4702 ἐνεργεῖσθαι,
1719 4633 1936 4685 πέπαυ-

335 4745 482 4783 ταν
520 4728 616 4780 καὶ
647 4728 704 4793 ἐξ
734 4728 953 4796 ἐκείνης
997 4726 1098 4794 τῆς
1138 4726 1463 4795 Ἐκκλησὶας
1504 4725 1579 4787 ὡς
1615 4727 1679 4777 ἐκ
1733 4723 1938 4794 μητρὸς

337 4822 457 4874 κάν
489 4820 613 4880 ταῖς
640 4816 829 4878 ἄλλαις
854 4815 1364 4885 παρηκολούθησεν.
1396 4815 1520 4868 ’Ότι
1544 4815 1599 4866 δὲ
1634 4816 1935 4881 ἀναγκαῖον

338 4917 452 4966 καὶ
503 4908 946 4979 παραδεδομένον
1001 4903 1068 4977 ἦν
1125 4906 1378 4977 ἐξαρχῆς,
1417 4911 1512 4959 καὶ
1562 4908 1594 4975 ὴ
1640 4906 1942 4976 Ἐκκλησία

339 5005 522 5058 τοῦτο
554 5003 822 5071 μαρτυρεῖ
851 4998 1013 5052 πάλιν
1053 4998 1144 5051 τοῦ
1177 4996 1322 5069 ἱεροῦ
1359 5001 1448 5050 καὶ
1473 4997 1735 5068 ζωοδόχου
1764 4999 1938 5067 τάφου

341 5094 628 5168 Χριστοῦ,
656 5095 723 5148 τὰ
750 5093 1003 5162 ἐγκαίνια
1026 5091 1120 5145 τοῦ
1150 5093 1281 5145 ναοῦ
1315 5091 1682 5170 ἑορτάζουσα..
1715 5091 1820 5144 Καὶ
1853 5091 1928 5162 μή

341 5206 443 5253 τις
509 5187 670 5239 τοῦτο
722 5185 996 5254 πρόφασιν
1045 5184 1296 5252 εὑρηκὼς
1342 5180 1498 5252 εἴπῃ,
1531 5181 1605 5243 ὡς
1639 5182 1940 5250 ἀρκοῦνται

340 5284 398 5337 οἱ
433 5277 670 5334 καθόλου
706 5275 880 5345 ταύτῃ
925 5277 990 5345 τῇ
1022 5275 1208 5345 ἑορτῇ,
1250 5275 1374 5327 ἐπεὶ
1406 5275 1524 5336 ἐνὸς
1556 5276 1729 5326 ταῦτα
1755 5275 1941 5342 ἐγκαι-

342 5391 451 5429 νια
485 5369 616 5424 ναοῦ
635 5385 648 5398 ·
692 5370 890 5430 πάντες
924 5366 980 5419 δέ
1007 5365 1210 5436 ὁμοίως
1239 5364 1374 5418 θεῖοι
1405 5367 1547 5429 ναοὶ,
1576 5365 1672 5417 καὶ
1700 5364 1940 5433 Χριστοῦ

340 5463 527 5534 τάφοι
553 5476 614 5513 τε
649 5461 742 5512 καὶ
791 5456 1206 5527 κατοικητήρια.
1255 5454 1346 5507 Διὸ
1395 5454 1490 5507 καὶ
1517 5456 1613 5507 ἐπί
1662 5456 1800 5510 πᾶσι
1827 5455 1940 5520 τοῖς

339 5556 514 5614 ναοῖς
543 5549 802 5616 ἐτελεῖτο,
855 5549 948 5602 καὶ
974 5550 1084 5612 τοῖς
1109 5546 1450 5616 συναξαρίοις
1477 5545 1636 5601 τοῦτο
1665 5546 1937 5616 ἀναγινώ-

346 5660 597 5712 σκομεν.

2040 4541 2320 4610 dispersis,
2361 4543 2476 4596 hmo
2523 4551 2914 4609 cessaverunt;
2987 4552 3042 4597 et
3095 4554 3378 4614 postquam
3443 4546 3612 4617 longo

2041 4643 2282 4703 tempore
2318 4634 2615 4698 redierunt,
2656 4649 2766 4702 quo
2797 4635 3029 4688 durante
3081 4636 3195 4689 haec
3239 4636 3458 4691 fuerant
3511 4654 3608 4694 ne-

2039 4724 2233 4792 glecta,
2287 4738 2352 4778 eo
2401 4723 2546 4792 quod
2597 4737 2715 4778 mos
2770 4738 2878 4776 non
2925 4724 3245 4792 perﬁciendi
3295 4727 3598 4786 invaserat.

2040 4816 2338 4880 desierunt,
2377 4823 2431 4869 et
2461 4831 2527 4878 ex
2594 4815 2696 4870 ista
2727 4815 2990 4878 Ecclesia,
3041 4826 3100 4869 ut
3130 4832 3198 4870 ex
3253 4829 3446 4881 mtre,
3507 4820 3615 4874 hoc

2039 4907 2202 4961 etiam
2259 4907 2316 4960 in
2374 4907 2512 4960 alius
2571 4906 2844 4960 transivit.
2899 4907 3056 4972 Quod
3114 4919 3292 4962 autem
3356 4925 3614 4967 necessa-

2041 4999 2182 5052 rium
2211 5007 2267 5051 et
2312 4997 2569 5052 traditum
2629 4999 2696 5053 ab
2749 4998 2908 5052 initio
2945 5001 3111 5054 fuerit
3151 5001 3330 5065 istud,
3369 5002 3473 5056 hoc
3526 5013 3612 5057 te-

2041 5093 2221 5141 statur
2249 5086 2366 5140 vice
2422 5100 2520 5140 sua
2561 5087 2701 5140 sacri
2765 5087 3073 5157 vivificique
3125 5090 3365 5157 sepulcri
3395 5088 3606 5144 Christi

2042 5178 2307 5242 Ecclesia,
2360 5177 2558 5253 templi
2603 5178 3004 5233 dedicationem
3066 5179 3372 5234 celebrans.
3427 5179 3493 5233 Et
3541 5196 3614 5235 ne

2040 5270 2163 5339 quis
2215 5271 2316 5324 hoc
2350 5278 2544 5324 nactus
2597 5271 2966 5325 occasionem
3001 5270 3150 5324 dicat
3213 5273 3358 5340 qnod
3385 5273 3609 5326 cunctis

2042 5359 2244 5415 suﬂicit
2336 5373 2564 5428 prorsus
2629 5359 2743 5414 hec
2817 5359 3125 5426 festivitas;
3185 5360 3442 5428 quoniam
3495 5360 3620 5417 haec

2041 5459 2128 5506 est
2193 5451 2357 5506 unius
2382 5449 2569 5520 templi
2620 5449 2926 5514 dedicatio;
2980 5460 3177 5506 cuncta
3230 5465 3359 5506 vero
3411 5454 3618 5522 parit-er

2040 5540 2248 5608 divina,
2289 5542 2490 5610 templa
2527 5549 2581 5594 et
2633 5540 2846 5596 Christi
2903 5554 3256 5597 monumenta
3312 5552 3370 5598 ct
3403 5543 3614 5603 habita-

2041 5632 2160 5688 culu
2193 5640 2340 5687 sunt.
2381 5631 2507 5687 Ideo
2539 5632 2605 5686 de
2633 5632 2847 5688 cunctis
2868 5634 3082 5703 templis
3115 5635 3444 5704 celebratur,
3477 5643 3530 5690 et
3558 5639 3615 5692 iu

2042 5725 2347 5795 synaxariis
2401 5724 2503 5780 hoc
2556 5724 2806 5792 legimus.
