4114 6272
483 381 589 446 327

1014 485 1242 544 CAPUT
1296 485 1531 542 CXXIII.

484 605 634 670 Quod
665 601 897 658 encania
921 601 974 655 in
1002 600 1238 654 Ecclesia
1267 597 1718 670 Tltesaalonlcettai
1746 599 2037 651 etiamnum

923 671 1204 742 quotannis
1239 669 1594 721 celebrantur.

553 784 751 838 Sancta
815 797 945 836 vero
1004 777 1577 835 Thessalonicensium
1631 774 1897 841 Ecclesia,
1987 791 2054 831 ex

483 877 710 943 antiqua
766 873 1058 926 traditione
1099 885 1271 939 usque
1290 867 1358 922 ad
1391 867 1718 923 hodiernum
1747 867 1916 930 diem,
1952 867 2056 921 hoc

483 985 700 1039 semper
745 976 1001 1036 aper-stur
1069 968 1124 1020 in
1212 962 1501 1020 catholicis
1586 963 1854 1018 ecclesiis.
1906 961 2056 1017 Cele-

482 1063 675 1117 bratur
703 1059 920 1131 quidem
957 1074 1201 1129 vespere,
1267 1058 1414 1114 etin
1470 1072 1670 1112 aurora
1735 1055 1914 1126 quoad
1971 1071 2056 1112 se-

482 1156 734 1222 quenda.
935 1170 939 1174 ·
1609 1160 1613 1163 ·

1011 1282 1239 1342 CAPUT
1276 1281 1512 1340 CXXIV.

907 1397 980 1450 De
1019 1397 1202 1450 ordine
1226 1395 1604 1448 encwniorum.
1952 1455 1968 1466 ,γ

553 1511 713 1566 Mane
770 1524 899 1565 vero
946 1507 1290 1578 congregatis
1346 1504 1564 1559 clericis
1629 1503 1746 1573 ipse
1803 1501 2049 1574 pontifex

484 1603 566 1657 vel
605 1599 864 1657 sacerdos
887 1595 1124 1652 encaenia
1185 1593 1416 1662 perﬁcit.
1444 1591 1665 1662 lncepta
1698 1591 1898 1658 ,litania
1923 1605 2047 1647 cum

479 1694 620 1749 ceris
671 1702 725 1748 et
758 1688 1078 1755 luminibus,
1127 1687 1182 1741 in
1239 1685 1472 1754 primmn
1527 1684 1784 1754 templum
1826 1683 2052 1746 abeunt,

481 1785 575 1840 ubi
603 1784 657 1837 in
718 1779 1141 1837 consecratione
1184 1775 1393 1846 templi,
1425 1775 1587 1844 cujus
1623 1774 1894 1830 habentur
1946 1789 2046 1828 en-

478 1874 671 1937 caenia,
722 1885 893 1926 sacrae
919 1868 1162 1935 reliquiae
1195 1867 1347 1936 prius
1377 1872 1533 1919 erant
1558 1865 1839 1935 depositae.
1865 1863 2053 1933 Ibique
2084 1893 2127 1949 Β

476 1960 765 2017 sacerdote
828 1959 1101 2029 liturgiam
1166 1955 1421 2020 faciente,
1481 1955 1783 2025 glorilicant
1835 1955 1890 2009 hi
1948 1955 2043 2024 qui

491 2053 735 2107 litaniam
792 2059 1190 2121 exsequuntur,
1255 2059 1449 2105 cantus
1495 2049 1747 2119 proprios
1806 2063 1839 2103 a
1903 2061 2048 2102 novo

477 2146 682 2216 templo
755 2159 926 2214 usque
990 2144 1056 2197 ad
1110 2142 1392 2212 antiquum
1449 2141 1765 2211 psallentes.
1846 2137 2051 2194 Deinde

483 2239 540 2292 in
595 2239 822 2308 antiquo
884 2235 1082 2304 templo
1133 2233 1368 2300 liturgia:
1405 2232 1712 2300 antiphonae
1767 2229 2046 2296 dicuntur,

481 2344 658 2398 usque
700 2330 765 2382 ad
796 2328 1031 2396 primum
1060 2325 1368 2392 introitum,
1398 2324 1606 2378 dictum
1643 2337 1908 2392 parvum;
1941 2337 2039 2376 ex-

479 2419 606 2473 hinc
647 2418 975 2488 signilicato,
1035 2415 1178 2484 quod
1228 2415 1386 2483 juxta
1439 2414 1784 2469 traditionem
1842 2426 2044 2468 novum

479 2508 738 2578 templum
794 2509 990 2563 exinde
1038 2505 1338 2576 perfectum
1390 2514 1492 2562 est.
1552 2503 1707 2560 Tunc
1757 2504 1851 2574 qui
1894 2504 2050 2558 litur-

477 2600 620 2671 giam
676 2599 748 2653 ibi
801 2599 1042 2654 celebrat
1075 2596 1334 2651 sacerdos
1363 2595 1429 2649 ad
1473 2595 1646 2650 altare
1680 2595 1768 2649 hic
1799 2596 2038 2665 positum

477 2691 799 2761 ingreditur,
855 2698 910 2744 et
963 2703 1024 2743 ea
1062 2703 1183 2757 qua:
1229 2695 1358 2743 sunt
1385 2686 1618 2756 liturgize
1674 2686 1922 2754 perlicit;
1955 2685 2049 2754 qui

482 2800 610 2840 vero
633 2784 880 2839 litaniam
898 2783 1425 2851 exsequuntuerost
1444 2781 1702 2835 introitus
1723 2779 2048 2845 orationem,

478 2878 832 2948 egrediuntur
889 2874 1088 2944 templo
1119 2873 1472 2940 Iitaniamque
1531 2886 1724 2926 rursus
1778 2882 1945 2940 agunt
1981 2869 2050 2925 ad

481 2981 681 3021 novum
706 2965 962 3032 templum
987 2965 1273 3027 abeuntes,
1318 2960 1520 3015 lumina
1543 2960 1799 3027 ferentes,
1847 2969 1900 3014 et
1924 2973 2050 3029 pro-

479 3060 626 3128 prios
646 3066 842 3112 cantus
867 3065 923 3110 ut
943 3056 997 3109 in
1017 3053 1436 3108 consecratione
1465 3052 1842 3109 concinentes.
1872 3049 2007 3104 Cum
2024 3076 2041 3089 ο

476 3164 584 3220 que
611 3163 778 3219 prope
799 3147 1058 3216 templum
1088 3144 1219 3200 facti
1239 3155 1388 3211 sunt,
1425 3157 1622 3214 magna
1647 3156 1777 3197 voce
1799 3151 1878 3196 ter
1913 3155 2050 3195 can-

1343 375 1726 437 SYMEONIS
1753 374 2505 439 THESSALONICENSIS
2539 373 2889 436 ARCHlEP.
3620 375 3727 434 328

2710 487 2959 540 ΚΕΦΑΛ.
3001 487 3175 542 PKF’.

2160 603 2290 656 Ὀτι
2319 602 2392 657 τὰ
2429 602 2703 671 eratab-ta
2733 603 2803 656 ἐν
2853 600 2927 676 τῇ
2960 603 3459 676 Θεσσαλονικέων
3493 603 3582 659 ἔτι
3642 608 3723 676 γί-

2643 689 2852 727 νονται
2878 673 3233 741 Ἐκκλησίᾳ.

2228 792 2338 844 Καὶ
2374 792 2406 859 ἡ
2442 789 2550 843 τῶν
2577 788 3020 842 Θεσσαλονικέων
3055 787 3113 840 δὲ
3165 787 3286 858 ίερέι
3324 787 3623 857 Ἐκκλησία
3661 789 3726 841 ὲκ

2158 880 2506 950 παραδόσεως
2533 879 2767 949 ἀρχαίας
2803 879 2964 949 μέχρι
2999 878 3100 947 τῆς
3145 880 3388 948 σήμερον
3437 879 3599 932 τοῦτο
3637 880 3727 932 ἀεὶ

2159 973 2369 1042 ἐνεργεῖ
2393 973 2450 1024 ἐν
2478 974 2597 1032 ταῖς
2633 969 2947 1032 καθολικαῖς
2976 970 3318 1040 ἐκκλησίαις.
3351 971 3462 1024 Καὶ
3494 971 3728 1024 τελεῖται

2160 1063 2260 1133 μὲν
2318 1063 2556 1135 ἑσπέρας
2611 1064 2704 1117 καὶ
2762 1066 2820 1117 ὲν
2883 1064 2959 1133 τῷ
3012 1064 3195 1135 ῦρθρῳ
3223 1065 3291 1118 τά
3341 1066 3440 1134 τῆς
3498 1063 3728 1118 ἀκολου-

2157 1153 2300 1218 θίας.

2708 1271 2960 1325 ΚΕΦΔΛ.
3003 1269 3173 1324 ΡΚΔ’.

2299 1443 2311 1456 ⁸
2406 1383 2545 1451 Περὶ
2574 1383 2684 1452 τῆς
2735 1382 2959 1450 τάξεως
2986 1382 3104 1466 τῶν
3138 1383 3478 1452 ἐγκαινίων.

2228 1497 2382 1568 Πρωτ
2417 1498 2473 1551 δὲ
2506 1498 2893 1567 συναγομένων
2939 1498 3048 1550 τῶν
3076 1491 3379 1568 κληρικῶν,
3411 1496 3444 1567 ἢ
3475 1500 3503 1551 ὁ
3535 1498 3726 1567 ἀρχιε-

2159 1591 2284 1660 ρεὺς
2309 1591 2493 1656 αὐτὸς,
2525 1592 2634 1644 εἴτε
2676 1592 2703 1644 ό
2737 1592 2936 1660 ίερεὺς,
2966 1592 3034 1644 τὰ
3080 1591 3331 1659 ὲγκαίνια
3361 1589 3588 1644 ὲκτελεῐ.
3621 1590 3728 1643 Καὶ

2155 1679 2470 1750 ἀρξαμένης
2505 1681 2783 1744 λιτανείας
2835 1685 2973 1751 μετὰ
3022 1681 3211 1750 κηρῶν
3257 1682 3354 1734 καὶ⁵
3391 1680 3611 1749 φώτων,
3646 1682 3728 1744 είς

2154 1773 2245 1826 τὸν
2279 1773 2494 1843 πρῶτον
2528 1774 2656 1827 ναὸν
2673 1774 3022 1844 ἀπέρχονται,
3046 1773 3176 1826 ἔνθα
3217 1772 3570 1842 προαπετέθη
3597 1773 3725 1823 τότε

2155 1867 2213 1918 ὲν
2250 1868 2316 1936 τῇ
2346 1865 2678 1933 καθιερώσει
2731 1864 2826 1918 τοῦ
2874 1865 2944 1917 τὰ
2981 1864 3232 1932 ἐγκαίνια
3266 1864 3483 1933 ἔχοντος
3508 1862 3637 1917 ναοῦ
3661 1864 3729 1916 τὰ

2159 1953 2287 2022 ἆγια
2338 1953 2589 2022 λείψανα.
2644 1953 2822 2007 Κάκεῖ
2867 1953 3312 2024 λειτουργοῦντος
3351 1951 3444 2004 τοῦ
3510 1951 3728 2019 ἱερέως,

2156 2045 2534 2114 δοξολογοῦσιν
2570 2047 2618 2099 οἱ
2667 2044 3058 2110 λιτανεύοντες,
3105 2045 3174 2098 τὰ
3227 2043 3470 2115 ίδιόμελα
3498 2043 3606 2098 ἀπὸ
3634 2042 3728 2096 τοῦ

2161 2138 2283 2190 νέου
2314 2138 2438 2208 ἀχρι
2465 2137 2562 2191 τοῦ
2595 2135 2830 2191 παλαιοῦ
2861 2136 2992 2190 ναοῦ
3051 2136 3366 2206 ψάλλοντες.
3402 2137 3635 2190 Ἔπειτα
3661 2135 3728 2188 τὰ

2158 2227 2259 2296 τῆς
2308 2228 2651 2299 λειτουργίας
2691 2229 2968 2298 ἀντίφωνα
3011 2228 3264 2296 λέγονται
3298 2230 3358 2280 ὲν
3385 2227 3464 2296 τῷ
3509 2226 3726 2296 παλαιῷ

2159 2319 2272 2387 ναῷ
2300 2319 2428 2388 ἄχρι
2477 2320 2577 2387 τῆς
2621 2320 2850 2391 πρώτης
2900 2321 3129 2386 εἰσόδου,
3175 2321 3273 2387 τῆς
3301 2319 3607 2389 λεγομένης
3637 2339 3727 2388 μι-

2159 2414 2296 2481 κρᾶς
2323 2427 2339 2443 ο
2371 2414 2436 2464 ὲκ
2453 2411 2643 2464 τούτου
2675 2413 3053 2480 δεικνυμένου,
3078 2411 3160 2464 ὅτι
3194 2410 3338 2464 κατά
3365 2410 3617 2480 διαδοχὴν
3643 2411 3727 2463 sv-

2157 2504 2348 2559 τεῦθεν
2375 2505 2404 2558 ὁ
2425 2505 2546 2568 νέος
2577 2503 2705 2566 ναὸς
2731 2503 3097 2556 τετελείωται.
3131 2503 3264 2556 Τότε
3288 2503 3345 2556 δὲ
3368 2503 3397 2556 ὁ
3420 2501 3519 2570 μὲν
3547 2503 3726 2554 ὲκετσε

2157 2596 2494 2669 λειτουργῶν
2528 2597 2707 2666 ἱερεὺς
2735 2595 2999 2650 είσοδεύει
3033 2597 3110 2658 είς
3137 2596 3198 2649 τὸ
3223 2597 3400 2650 ἐκεῖσε
3427 2596 3725 2664 θυσιαστή-

2159 2706 2296 2757 ριον,
2331 2692 2426 2744 καὶ
2453 2689 2522 2742 τὰ
2542 2689 2643 2756 τῆς
2672 2688 3017 2758 λειτουργίας
3049 2689 3290 2741 ὲκτελεϊ·
3329 2691 3378 2741 οξ
3415 2688 3726 2744 λιτανεύονο

2159 2799 2250 2845 τες
2298 2783 2353 2835 δὲ
2397 2783 2536 2852 μετὰ
2578 2781 2677 2852 τὴν
2708 2782 2807 2848 τῆς
2845 2781 3050 2834 εἰσόδου
3083 2782 3250 2851 εὐχὴν
3287 2781 3599 2851 ἐξέρχονται
3636 2779 3726 2833 τοῦ
3823 2817 3828 2822 -

2159 2872 2313 2937 ναοῦ,
2365 2871 2460 2925 καὶ
2512 2861 2882 2924 λιτανεύουσιν
2934 2867 3088 2935 αὖθις
3147 2875 3226 2933 είς
3277 2873 3371 2924 τὸν
3421 2872 3542 2925 νέον
3599 2875 3726 2928 ναὸν

2158 2963 2546 3032 ἀπερχόμενοι,
2571 2961 3124 3032 λαμπαδηφοροῦντές
3149 2981 3208 3017 τε
3232 2963 3327 3017 καὶ
3347 2964 3414 3017 τὰ
3437 2964 3600 3020 λοιπά
3621 2968 3726 3020 τᾶν

2171 3055 2452 3123 ίδιομέλων
2481 3053 2556 3116 ὡς
2599 3054 2688 3106 καὶ
2723 3056 2781 3106 ὲν
2801 3056 2867 3125 τῇ
2897 3054 3222 3125 καθιερώσει
3266 3057 3583 3127 μέλποντες.
3617 3060 3725 3116 Καὶ

2159 3145 2322 3214 ἐγγὺς
2355 3145 2634 3214 γενόμενοι
2665 3145 2823 3216 124
2862 3144 2954 3199 τοῦ
2983 3146 3112 3199 ναοῦ
3135 3189 3150 3213 ,
3181 3151 3580 3218 μεγαλοφώνως
3609 3153 3726 3222 τρὶς

477 3250 632 3296 lant:
705 3258 723 3292 ι
760 3237 941 3293 Gloria
966 3237 1083 3300 tibi,
1114 3236 1335 3292 Christe
1379 3235 1560 3301 Deus;
1604 3253 1623 3286 ι
1678 3244 1734 3290 et
1787 3232 2047 3286 intrantes

2157 3235 2342 3308 ᾅδουσι
2372 3235 2454 3299 τὸ,
2485 3255 2503 3288 ι
2538 3236 2674 3300 Δόξα
2711 3254 2814 3301 σοι,
2863 3237 3070 3310 Χριστὲ
3096 3241 3124 3292 ό
3155 3238 3286 3301 Θεός
3311 3257 3328 3273 ο
3371 3259 3390 3292 ι
3420 3243 3516 3294 καὶ
3552 3242 3725 3295 είσελο

479 3337 534 3387 in
565 3331 882 3397 narthecen,
915 3329 1119 3384 clausis
1157 3327 1421 3396 speciosis
1457 3327 1648 3396 partis,
1694 3327 2047 3381 extrinsecus

476 3424 698 3492 quidem
759 3422 905 3476 hoc:
966 3438 986 3472 ι
1020 3418 1266 3474 Attollite
1327 3425 1533 3488 portas,
1577 3435 1596 3469 ι
1637 3433 1758 3472 cum
1816 3417 2049 3473 melodia

475 3519 731 3567 cantores
821 3509 1115 3575 intonant;
1200 3507 1530 3562 intrinsecus
1599 3515 1780 3560 autem
1856 3506 2045 3561 istud:

481 3621 502 3655 ‹
560 3602 694 3668 Quis
748 3607 833 3655 est
890 3599 1034 3654 iste?
1096 3616 1115 3650 ι
1152 3597 1366 3666 ,οωιετί
1428 3608 1680 3652 cantores
1727 3597 2046 3663 concinunt,

473 3694 698 3764 angelos
752 3693 806 3746 in
858 3691 1180 3747 ascensione
1201 3689 1403 3745 Christi
1470 3688 1768 3744 imitantes.
1818 3688 1884 3743 Et
1943 3688 2047 3743 hoc

475 3796 559 3843 ter
586 3787 806 3842 dicitur.
837 3782 1044 3840 Ultimo
1062 3797 1191 3839 vero
1224 3796 1348 3835 cum
1384 3780 1461 3834 illi
1489 3781 1584 3849 qui
1610 3778 1745 3834 foris
1791 3785 1921 3833 sunt
1950 3793 2042 3833 ca-

478 3887 645 3933 nunt:
689 3895 709 3929 ι
749 3876 1012 3931 Dominus
1067 3875 1373 3936 virtutum;
1413 3889 1432 3921 ι
1470 3870 1629 3939 quasi
1658 3883 1752 3924 eos
1782 3869 1874 3936 qui
1915 3876 2045 3924 sunt

476 3969 621 4022 intus
670 3967 960 4020 edocentea
1013 3962 1082 4016 de
1128 3959 1258 4015 .lesu
1321 3958 1565 4023 Christo,
1625 3972 1751 4028 rege
1805 3957 2034 4027 glori-,2:

486 4078 506 4112 ‹
551 4059 643 4113 hic
675 4064 759 4112 est
795 4055 1063 4110 Dominus
1095 4053 1378 4116 virtutum,
1415 4069 1433 4101 ι
1465 4048 1704 4117 pontifex
1739 4049 1823 4103 vel
1855 4063 2042 4105 sacer-

474 4151 577 4205 dos
648 4163 827 4219 genua
887 4147 1116 4200 llectens
1184 4156 1348 4211 super
1407 4150 1655 4211 paratum
1697 4150 1928 4211 tapetem
1986 4148 2044 4195 et

474 4240 779 4310 pulvinum,
833 4236 1136 4290 orationem
1167 4232 1536 4287 encaeniurunt
1563 4231 1698 4285 dicit
1723 4241 1778 4286 et
1809 4245 2041 4301 surgens

476 4330 666 4402 adjicit
726 4337 1124 4397 consequenter
1185 4327 1446 4381 introitus
1505 4325 1864 4387 orationem;
1925 4325 2041 4392 sig-

475 4431 724 4490 nansque
764 4427 972 4486 portas,
1012 4416 1209 4485 aperit,
1235 4423 1292 4470 et
1322 4406 1625 4484 ingreditur
1677 4427 1801 4466 cum
1836 4411 1921 4466 his
1946 4411 2040 4480 qui

473 4525 598 4566 cum
637 4511 756 4580 ipso
823 4517 968 4569 sunt,
997 4514 1052 4560 et
1103 4506 1310 4560 interea
1345 4505 1567 4558 canitur
1592 4503 1646 4556 in
1681 4502 1929 4570 ingressu
1986 4510 2042 4556 et

471 4617 738 4675 processu
793 4601 858 4656 ad
901 4599 1107 4654 altare:
1175 4615 1195 4649 ι
1230 4597 1405 4663 Quam
1445 4595 1669 4665 superni
1719 4593 2046 4648 ﬁrmamenti

471 4696 759 4760 decorem;
796 4710 816 4745 ι
852 4695 906 4747 in
946 4707 1013 4748 eo
1065 4691 1212 4763 quod
1235 4691 1433 4745 coelum
1465 4688 1696 4741 alterum
1744 4700 1866 4740 esse
1913 4701 2050 4742 con-

472 4785 666 4838 cinunt
716 4782 1026 4848 ecclesiam,
1083 4795 1205 4851 quae
1280 4791 1502 4850 quoque
1552 4793 1559 4796 ν
1580 4784 1690 4832 tota
1780 4775 2051 4832 luminosa

473 4884 560 4930 est
619 4887 716 4937 per
750 4870 902 4927 faces
929 4886 992 4926 ac
1019 4871 1320 4941 lampades,
1384 4871 1430 4923 si
1479 4867 1700 4937 quidem
1748 4866 1904 4921 facile
1942 4876 2048 4934 est,

473 4965 519 5020 si
581 4979 688 5019 non
739 4978 836 5034 per
894 4977 958 5017 ea
1013 4977 1134 5032 quae
1185 4969 1316 5017 sunt
1379 4962 1434 5014 in
1501 4968 1792 5030 potestate,
1829 4973 2044 5015 necnon

477 5055 700 5110 incenso
754 5051 1016 5122 repletur.
1069 5050 1132 5104 Et
1192 5052 1268 5106 ita
1325 5051 1466 5106 sacri
1533 5052 1782 5124 mysterii
1833 5051 2044 5122 reliqua

473 5146 848 5217 complentur;
923 5151 979 5198 et
1027 5157 1125 5214 pro
1200 5142 1510 5198 Cherubico
1565 5143 1712 5200 istud
1765 5141 2042 5198 «'Sileat»

472 5239 708 5302 canitur,
747 5245 1002 5305 tanquam
1068 5233 1122 5287 in
1156 5234 1609 5302 consecratione;
1666 5249 1764 5304 pro
1799 5234 1906 5289 alio
1953 5251 2050 5290 au-

473 5322 934 5392 tem'communi,
997 5345 1018 5380 (
1054 5326 1302 5393 Domine,
1338 5326 1501 5382 dilexi
1557 5326 1814 5383 decorem
1853 5326 2048 5382 domus

472 5434 595 5477 tum.
630 5443 650 5475 ι
707 5423 1004 5491 Apostolus
1049 5431 1230 5474 autem
1298 5428 1352 5474 et
1409 5419 1758 5490 Evangeliutn
1833 5419 1888 5473 in
1951 5435 2049 5473 en-

473 5517 640 5570 caenia
693 5516 965 5584 leguntur.
1035 5512 1172 5578 Quae
1223 5521 1372 5568 certe
1431 5514 1672 5582 reperies
1705 5513 1760 5567 in
1803 5513 2046 5582 antiquis

481 5606 790 5676 Evangeliis
821 5605 970 5660 circa
999 5606 1319 5674 vigesimam
1347 5603 1642 5660 secundam
1693 5613 1788 5658 aut
1844 5603 2042 5674 vigesi-

473 5710 615 5750 tnam
668 5699 884 5752 tertiam
923 5696 1270 5752 Decembris.

2161 3327 2344 3389 θόντες
2375 3328 2466 3381 τὸν
2503 3328 2776 3398 νάρθηκα,
2818 3329 3147 3399 κλειομένων
3203 3331 3310 3384 τῶν
3358 3331 3577 3403 ὡραίων
3625 3351 3725 3386 πυ-

2165 3418 2295 3483 λῶν,
2321 3418 2520 3484 ἔξωθεν
2541 3420 2642 3488 μὲν
2665 3419 2746 3486 τὸ,
2782 3439 2799 3472 ι
2835 3422 3035 3490 Ἀρατε
3067 3422 3261 3486 πύλας,
3299 3442 3318 3474 ι
3357 3425 3495 3494 μετὰ
3530 3424 3726 3494 μέλους

2157 3512 2206 3565 oi
2261 3512 2463 3581 ψάλται
2501 3511 2745 3584 ᾅδουσιν,
2793 3512 3002 3567 ἔνδοθεν
3035 3515 3092 3568 δὲ
3129 3515 3208 3578 τὸ,
3248 3533 3267 3566 ι
3309 3516 3404 3579 Τίς
3438 3518 3588 3568 ἐστιν
3635 3513 3725 3573 οὖ-

2158 3622 2271 3668 τος,
2315 3623 2334 3658 ι
2386 3605 2435 3658 oi
2465 3605 2644 3658 λοιποὶ
2670 3604 2893 3674 ψάλται,
2932 3607 3058 3668 τοὺς
3090 3605 3361 3674 ἀγγέλους
3396 3607 3724 3677 μιμούμενοι

2158 3697 2252 3750 ἐπὶ
2282 3698 2349 3766 τῇ
2386 3696 2646 3766 ἀναλήψει
2698 3695 2958 3766 Χριστοῦ.
2995 3697 3106 3750 Καὶ
3139 3698 3298 3751 τοῦτο
3334 3697 3550 3766 λέγεται
3583 3701 3723 3772 τρίς.

2161 3788 2429 3859 ’Υστερον
2466 3788 2522 3840 δὲ
2557 3787 2666 3840 τῶν
2703 3787 2899 3854 ἔξωθεν
2936 3786 3268 3856 ψαλλόντων,
3307 3809 3325 3842 ι
3368 3791 3572 3861 Κύριος
3615 3793 3723 3846 τῶν

2159 3881 2465 3948 δυνάμεων,
2508 3898 2526 3931 ι
2569 3880 2734 3932 οἱονεὶ
2785 3881 2911 3942 τοὺς
2962 3880 3114 3941 ὲντὺς
3170 3880 3535 3937 διδασκόντων
3592 3887 3721 3957 περὶ

2165 3961 2346 4041 Ἷησοῦ
2367 3970 2606 4040 Χριστοῦ
2625 3972 2718 4024 τοῦ
2740 3971 3005 4041 βασιλέως
3025 3973 3122 4043 τῆς
3147 3973 3358 4045 δόξης,ι
3390 3971 3557 4039 Οὗτός
3575 3977 3721 4029 ἐστιν

2155 4066 2185 4118 ὁ
2216 4064 2418 4136 Κύριος
2461 4065 2640 4117 αὐτῶν
2683 4064 2792 4117 τῶν
2824 4065 3128 4135 δυνάμεων,
3163 4085 3182 4119 ο
3215 4069 3243 4119 ὀ
3283 4069 3594 4138 ἀρχιερεὺς,
3624 4070 3655 4139 ἢ
3695 4071 3721 4122 ό

2159 4155 2360 4225 ίερεῦς,
2387 4155 2514 4223 γόνυ
2551 4156 2748 4208 κλίνων
2778 4157 2870 4208 ἐπὶ
2915 4157 3328 4228 εὐτρεπισμένῳ
3374 4161 3577 4230 τάπητι
3626 4163 3721 4215 καὶ

2160 4247 2584 4319 προσκεφαλαίῳ
2623 4248 2721 4318 τὴν
2752 4249 2916 4317 εὐχὴν
2949 4248 3096 4315 λέγει
3125 4249 3232 4303 τῶν
3271 4251 3566 4318 ὲγκαινίων
3590 4269 3601 4279 ·
3630 4252 3718 4306 καὶ

2155 4341 2420 4409 ἐγερθεὶς,
2443 4340 2694 4408 ἐπιφέρει
2714 4341 2812 4410 τὴν
2835 4342 2934 4410 τῆς
2957 4340 3167 4394 είσόδου
3189 4341 3501 4406 ἀκολούθως
3531 4344 3718 4414 εὐχήν·

2159 4431 2250 4482 καὶ
2281 4430 2597 4499 σφραγίζων
2633 4430 2731 4492 τὰς
2764 4430 2960 4496 πύλας,
2991 4431 3271 4498 ἀνοίγνυσί
3305 4448 3363 4484 τε
3391 4433 3484 4486 καὶ
3529 4435 3721 4488 εἴσεισι

2154 4520 2252 4572 σὺν
2279 4521 2397 4580 ,τοῖς
2441 4520 2538 4572 σὺν
2583 4519 2753 4589 αὐτῷ,
2783 4519 3096 4590 ψαλλόντων
3125 4522 3241 4592 ἅμα
3290 4523 3349 4575 ιν
3378 4524 3453 4593 τῷ
3483 4525 3720 4593 είσέρχε-

2155 4607 2278 4661 σθαι
2309 4609 2401 4660 καὶ
2430 4608 2726 4662 εἰσοδεύειν
2763 4611 2842 4673 είς
2886 4611 2947 4663 τὸ
2987 4609 3396 4682 θυσιαστήριον,
3439 4631 3458 4665 ι
3512 4613 3600 4674 Ὧς
3622 4612 3721 4666 τοῦ

2151 4700 2264 4753 ἄνω
2297 4702 2675 4769 στερεώματος
2693 4700 2792 4771 τὴν
2809 4701 3167 4770 εὐπρέπειαν,
3198 4722 3216 4755 ι
3244 4703 3319 4766 ὡς
3349 4705 3578 4775 οὐρανὸν
3603 4706 3722 4760 ιτε-

2154 4804 2247 4858 ρον
2300 4789 2666 4860 ἀνυμνοῦντες
2725 4791 2824 4861 τὴν
2887 4791 3232 4864 Ἐκκλησίαν,
3285 4797 3317 4864 ἥ
3358 4798 3451 4849 καὶ
3486 4796 3634 4850 ἐστιν
3665 4801 3721 4852 ό-

2152 4875 2392 4947 λόφωτος
2425 4879 2516 4934 διὰ
2551 4879 2850 4949 λαμπάδων
2895 4899 2956 4934 τε
3010 4886 3105 4937 καὶ
3141 4887 3524 4955 φωταγωγῶν,
3559 4891 3718 4960 είπερ

2151 4971 2302 5023 ἐστὶν
2333 4972 2560 5041 εὐπορία
2584 4987 2599 5002 ⁶
2641 4973 2691 5024 εί
2747 4972 2791 5026 δ’
2851 4970 2965 5041 οὖν,
2997 4976 3104 5029 τῶν
3138 4980 3280 5031 κατά
3335 4979 3591 5049 δύναμιν,
3624 4983 3717 5035 καὶ

2155 5061 2497 5132 θυμιάματος
2529 5063 2934 5132 ἐκπληροῦσαι·
2971 5068 3067 5120 καὶ
3101 5065 3242 5120 οὕτω
3286 5068 3356 5121 τὰ
3401 5067 3570 5122 λοιπά
3618 5072 3719 5140 τῆς

2157 5151 2306 5213 θείας
2335 5152 2638 5205 ὲκτελείται
2699 5157 3110 5223 μυσταγωγίας.
3145 5158 3256 5210 Καὶ
3307 5159 3430 5211 ἀντὶ
3460 5160 3723 5229 Χερουὸι-

2150 5244 2248 5298 κοῦ
2292 5245 2391 5315 μὲν
2447 5244 2530 5310 τὸ,
2566 5264 2585 5296 ι
2631 5248 2943 5316 Σιγησάτω,
2999 5267 3018 5300 ι
3057 5248 3265 5318 ᾄδεται,
3311 5250 3384 5311 ὡς
3419 5251 3512 5302 καὶ
3545 5253 3605 5302 ἐν
3653 5253 3717 5321 τῇ

2150 5334 2478 5406 καθιερώσει
2507 5353 2520 5366 ο
2554 5337 2673 5388 ἀντὶ
2705 5335 2758 5387 δὲ
2792 5337 2951 5390 ἄλλου
2980 5338 3296 5391 κοινωνικοῦ
3334 5341 3415 5404 τὸ,
3452 5359 3472 5392 ι
3521 5340 3715 5412 Κύριε,

2147 5429 2412 5498 ἠγάπησα
2445 5429 2779 5500 εὐπρέπειαν
2816 5433 2966 5484 οἴκου
3004 5449 3126 5487 σου.
3175 5453 3194 5484 ι
3248 5435 3356 5486 Καὶ
3393 5436 3717 5496 Ἀπόστολος

2149 5519 2205 5571 δὲ
2239 5523 2334 5574 καὶ
2368 5519 2706 5588 Εὐαγγέλιον
2737 5522 2804 5573 τὰ
2853 5523 2962 5575 τῶν
3008 5525 3301 5588 ἐγκαινίων
3343 5526 3720 5595 ἀναγινώσκε-

2146 5624 2259 5662 ται.
2315 5612 2380 5660 "A
2425 5611 2490 5677 δὴ
2543 5611 2638 5663 καὶ
2690 5613 2944 5683 εὑρήσεις
2975 5615 3034 5667 ὲν
3067 5616 3314 5679 παλαιοῖς
3353 5617 3712 5684 Εὑαγγελίοις

2152 5698 2294 5750 κατὰ
2328 5702 2428 5768 τὴν
2461 5699 2713 5770 εἰκοστὴν
2745 5703 3002 5772 δευτέραν
3035 5705 3128 5758 τοῦ
3184 5707 3527 5776 Δεκεμϐρίου
3559 5707 3590 5778 ἦ
3621 5707 3717 5777 τὴν

2149 5791 2396 5860 εἰκοστὴν
2428 5793 2633 5861 τρίτην.
