4114 6272
379 377 482 443 331

914 490 1145 548 CAPUT
1183 492 1421 549 CXXVI.

383 611 564 679 Quare
588 622 850 683 unguento
880 613 1118 738 reliquin
1140 586 1556 737 perfunduntur,
1585 600 1959 682 ponanturque

989 702 1052 738 su
1112 702 1144 737 a
1174 695 1303 738 tart.

989 695 1084 739 sub
1112 695 1303 739 altari.

466 777 690 845 Deinde,
742 793 927 834 sacras
975 778 1235 848 reliquias
1288 778 1344 833 in
1406 776 1560 833 theca
1594 784 1847 848 argentea
1876 774 1959 831 vel

385 884 525 925 aerea
576 872 659 926 vel
713 870 921 940 lapidea
984 871 1134 940 prius
1174 879 1363 941 parata
1419 870 1689 935 inserens,
1721 869 1958 924 divinam

391 966 527 1032 ipsis
585 964 861 1035 myrrham
900 963 1142 1018 infundit
1177 982 1191 1019 :
1224 963 1503 1034 conjuncti
1554 977 1790 1032 namque
1834 972 1961 1017 sunt

388 1055 607 1111 Christo
637 1071 766 1110 vero
813 1065 1114 1126 unguento,
1143 1056 1523 1126 suavitateque
1553 1055 1741 1125 gratiae
1771 1052 1957 1122 repleti

389 1157 656 1220 martyres
680 1168 694 1215 ;
722 1150 943 1204 insimul
976 1158 1156 1204 autem
1188 1148 1291 1203 hoc
1318 1149 1370 1202 in
1391 1148 1731 1219 sepulturam
1756 1145 1958 1200 Christi

388 1248 444 1292 et
480 1238 709 1294 istorum
744 1239 1001 1303 oslemlit,
1035 1237 1304 1308 siquidem
1356 1237 1521 1293 etiam
1597 1237 1699 1291 sub
1753 1234 1958 1289 Christi

388 1332 740 1402 sepulernm,
810 1345 1046 1385 saeram-
1095 1328 1306 1385 scilicet
1365 1343 1635 1392 mensam,
1704 1335 1959 1395 tanquam

387 1424 584 1494 sepulti
619 1424 987 1491 deponuntur,
1036 1432 1091 1475 et
1154 1419 1415 1488 quoniam
1456 1432 1720 1488 passurus
1786 1425 1957 1485 atque

388 1517 730 1586 sepeliendus
779 1515 1031 1571 Salvator
1086 1512 1337 1567 mulieris
1364 1520 1645 1584 unguento
1703 1510 1963 1566 iuunctus

385 1621 490 1664 est.
515 1607 666 1662 Tunc
694 1606 922 1660 involvit
956 1606 1060 1659 hoc
1085 1604 1251 1660 veluti
1304 1602 1666 1672 marsupium,
1700 1611 1757 1656 et
1803 1600 1964 1655 undi-

385 1714 492 1769 que
514 1698 691 1752 munit
724 1695 989 1767 pontifex,
1049 1711 1118 1750 ne
1149 1694 1280 1764 quid
1317 1708 1595 1748 sacrarum
1625 1691 1845 1746 illarum
1881 1706 1965 1746 re-

389 1792 680 1859 liquiarum
704 1788 1001 1853 auferatur,
1030 1787 1242 1856 subque
1276 1799 1519 1840 mensam
1556 1785 1654 1839 has
1695 1774 1965 1852 reliquias

1246 377 1624 441 SYMEONIS
1648 380 2396 448 THESSALONICENSIS
2431 386 2783 451 ARCHIEP.

3535 384 3641 449 332

2616 499 2869 553 ΚΕΦΑΛ.
2904 499 3091 568 puer.

2067 617 2170 668 Δια
2196 603 2257 668 τί
2289 616 2485 684 μύρον
2512 616 2815 685 ἐπικέεται
2856 615 2986 682 τοῖς
3018 613 3357 682 λειψάνοις,
3388 613 3489 667 καί
3523 612 3644 670 ὑπὸ

2348 686 2415 738 τὸ
2445 686 2889 755 θυσιαστήριον
2918 685 3358 743 κατατίθενται.

2141 776 2278 830 Εἶτα
2341 779 2412 829 τὰ
2480 777 2710 846 λείψανα
2772 778 2831 829 ὲν
2886 777 3259 847 γλωσσοκόμῳ
3330 774 3561 847 ἀργυρῷ
3607 773 3641 847 ἦ

2071 870 2256 940 χαλκῷ
2303 869 2338 941 ἢ
2389 868 2576 938 λιθίνῳ
2616 868 3142 940 προευτρεπισμὲνῳ
3186 868 3497 938 ἐνθέμενος,
3551 872 3648 922 καὶ

2072 964 2244 1034 μύρον
2307 963 2492 1026 αὐτοῖς
2563 963 2708 1017 θεῖον
2763 962 2983 1033 ἐκχέας,
3037 951 3476 1033 ήνωμένοιγάρ
3538 963 3647 1015 εἰσι

2068 1054 2289 1127 Χριστῷ
2328 1055 2406 1126 τῷ
2454 1054 2694 1127 ἀληθινῷ
2747 1041 2929 1127 μύρῳ,
2984 1057 3080 1108 καὶ
3125 1054 3224 1124 τῆς
3281 1054 3509 1117 εὐωδίας
3546 1054 3648 1123 τῆς

2067 1148 2290 1219 χάριτος
2339 1149 2389 1201 οἱ
2448 1149 2725 1218 μάρτυρες
2768 1147 3015 1218 ἔμπλεοι,
3050 1147 3164 1218 ἅμα
3199 1145 3255 1199 δὲ
3296 1146 3390 1199 καὶ
3440 1140 3532 1197 τὸν
3562 1147 3649 1197 ὲν-

2069 1243 2381 1311 ταφιασμδν
2427 1240 2667 1311 Χριστοῦ
2726 1240 2821 1295 καὶ
2873 1238 3084 1293 τούτων
3133 1239 3334 1309 δηλῶν,
3364 1235 3487 1289 ἐπεὶ
3545 1236 3642 1290 καὶ

2075 1335 2180 1388 ὑπὸ
2225 1336 2318 1388 τὸν
2359 1334 2532 1403 τάφον
2575 1331 2839 1405 Χριστοῦ,
2897 1330 2996 1402 τὴν
3036 1330 3193 1402 ίεράν
3221 1327 3522 1403 τράπεζαν,
3570 1326 3648 1391 ὡς

2071 1426 2403 1493 θαπτόμενοι
2441 1422 2849 1492 κατατίθενται,
2896 1424 2991 1477 καὶ
3039 1423 3121 1477 ὃτι
3165 1420 3374 1491 μέλλων
3411 1419 3645 1487 πάσχειν

2071 1520 2165 1573 καὶ
2194 1514 2495 1572 θάπτεσθαι
2527 1519 2604 1589 τῷ
2634 1516 2891 1587 γυναικὸς
2922 1515 3080 1588 μύρῳ
3102 1513 3360 1585 ἒχρίσατο
3382 1516 3407 1567 ό
3432 1513 3642 1581 Σωτὴρ,

2072 1609 2335 1675 σκεπάζει
2378 1608 2440 1662 τδ
2474 1608 2550 1672 ὡς
2588 1608 2974 1678 γλωσσόκομον
3002 1609 3203 1671 ἐκεῖνο,
3247 1604 3342 1659 καὶ
3377 1602 3647 1659 πάντοθεν

2072 1701 2483 1770 ἀτφαλίζεταιὸ
2543 1701 2857 1772 ἀρχιερεὺς,
2916 1701 3005 1755 ἵνα
3063 1701 3138 1770 μή
3180 1715 3236 1753 τι
3297 1699 3407 1752 τῶν
3470 1696 3647 1764 ἁγίων

2073 1795 2299 1847 ἐκείνων
2330 1793 2601 1863 λειψάνων
2625 1793 2922 1865 ἀφαιρεθῇ.
2955 1793 3068 1846 Kal
3097 1791 3203 1845 ὑπὸ
3230 1792 3329 1862 τὴν
3362 1789 3647 1861 τράπεζαν

390 1888 512 1939 loco
578 1883 1055 1937 fundamentorum
1138 1879 1381 1950 deponit,
1456 1878 1717 1947 quoniam
1796 1870 1964 1932 etiam

2071 1884 2143 1947 ὡς
2169 1883 2456 1954 θεμελίους
2478 1884 2651 1938 ταῦτα
2677 1884 2747 1937 τὰ
2772 1884 3015 1954 λείψανα
3037 1882 3410 1955 κατατίθησιν,
3438 1884 3520 1936 ὅτι
3553 1879 3648 1933 καί

391 1986 519 2032 sunt
553 2015 569 2039 ,
610 1986 664 2029 et
690 1976 810 2030 sine
833 1974 942 2029 illis
976 1987 1084 2028 non
1114 1979 1291 2042 potest
1348 1970 1463 2025 fieri
1498 1985 1742 2025 sacrum.
1780 1967 1966 2038 {Depo-

389 2079 596 2123 nuntur
634 2078 812 2121 autem
847 2065 1036 2121 subter
1062 2077 1310 2122 mensam
1337 2062 1529 2117 ciborii
1556 2065 1724 2123 intus.
1772 2060 1826 2113 in
1854 2073 1965 2114 me-

401 2165 497 2217 dio
520 2163 754 2217 duarum
777 2158 1157 2213 columnarum
1216 2155 1281 2210 ad
1332 2155 1603 2208 orientem
1665 2152 1968 2208 consisten-

389 2261 545 2316 tium,
606 2251 866 2320 quoniam
905 2258 975 2304 .et
1012 2248 1099 2302 isti
1121 2255 1252 2303 sunt
1276 2245 1399 2301 fidei
1435 2247 1725 2311 columnae,
1783 2243 1970 2299 Eccle-

389 2343 637 2411 siamque
666 2339 1018 2395 confessione
1048 2337 1188 2391 sicut
1215 2342 1271 2391 et
1318 2335 1585 2405 sanguine
1610 2328 1964 2397 continuarit,

401 2444 454 2487 et
487 2433 765 2488 Orientem
798 2431 915 2484 sine
973 2443 1201 2497 vespere
1257 2425 1561 2492 Christum,
1615 2423 1811 2480 imitati
1841 2433 1971 2481 sunt

390 2543 454 2582 ac
479 2526 813 2582 zelaverunt.
844 2522 1070 2583 Deinde,
1105 2530 1392 2590 postquam
1418 2518 1722 2573 orationem
1752 2530 1965 2572 sacram

389 2620 515 2674 ferit
548 2628 604 2672 et
653 2616 863 2687 gratias
887 2629 1055 2684 super
1105 2611 1457 2682 depositione
1484 2619 1793 2681 martyrum
1832 2608 1967 2678 egit,

392 2714 603 2780 hocque
640 2710 781 2765 dixit
810 2709 1011 2763 donum
1038 2706 1171 2776 ipsis
1201 2704 1418 2761 caelitus
1439 2716 1789 2763 concessum,
1820 2698 1965 2769 quod

388 2809 443 2861 in
475 2806 726 2859 universa
756 2811 901 2857 terra
960 2801 1414 2867 dispergerentur
1445 2808 1637 2849 eorum
1694 2791 1966 2861 reliquiae,

389 2900 445 2955 in
489 2895 911 2953 aediﬁcationem
982 2891 1192 2946 scilicet
1247 2885 1531 2951 Ecclesiae,
1583 2894 1637 2940 et
1689 2883 1743 2938 in
1804 2896 1967 2937 cura;

343 2980 592 3047 'tionem
643 3003 707 3043 ac
769 2982 1254 3042 sanetilicationem
1317 2978 1583 3040 fidelium,
1634 2984 1830 3032 exorat
1908 2982 1968 3028 ut

390 3083 654 3139 Dominus
683 3087 944 3134 consueta
1016 3072 1284 3145 prodigia,
1336 3079 1500 3127 utens
1559 3069 1683 3134 illis,
1751 3068 1806 3122 in
1863 3067 1968 3121 hoc

389 3178 590 3246 templo
642 3171 913 3243 perﬁciat,
990 3169 1044 3223 in
1123 3164 1428 3236 spiritalem
1510 3161 1964 3235 corporalemqne

2067 1973 2214 2029 εἱσι·
2284 1976 2376 2030 καὶ
2458 1978 2629 2048 χωρὶς
2669 1976 2895 2031 ἐκείνων
2953 1976 3054 2030 οὐκ
3107 1975 3258 2029 ἐστιν
3313 1974 3644 2045 ἱερουργεῖν.

2067 2065 2394 2121 Τίθενταιδὶ
2425 2064 2778 2123 ὑποκάτωθεν
2807 2071 2907 2139 τῆς
2934 2068 3214 2139 τραπέζης
3242 2065 3336 2122 τοῦ
3372 2068 3639 2138 κιϐωρίου

2066 2157 2237 2224 ἐντὸς,
2287 2160 2452 2229 μέσον
2479 2159 2587 2214 τῶν
2627 2160 2722 2214 δύο
2775 2163 2974 2216 κιόνων
3018 2160 3128 2214 τῶν
3185 2162 3322 2232 πρὸς
3373 2161 3641 2224 ἀνατολὰς

2069 2250 2397 2322 ἱσταμένων,
2461 2253 2584 2306 ἐπεὶ
2640 2253 2734 2306 καὶ
2796 2252 2981 2307 στῦλοι
3047 2245 3193 2308 οὗτοι
3244 2252 3348 2323 τῆς
3385 2248 3658 2316 πίστεως,

2068 2346 2164 2398 καὶ
2201 2345 2574 2417 ἐπερείδοντες
2627 2346 2727 2416 τὴν
2779 2346 3109 2415 Ἐκκλησίαν
3154 2348 3220 2419 τῃ
3262 2345 3526 2417 ὁμολογίᾳ
3581 2363 3642 2399 τε

2069 2438 2165 2493 καὶ
2199 2442 2312 2502 τοῖς
2342 2441 2564 2509 αἵμασι,
2604 2440 2701 2491 καὶ
2728 2437 2828 2509 τὴν
2857 2436 3149 2507 Ἀνατολὴν
3191 2439 3290 2508 τὴν
3322 2438 3521 2491 ἀνέσπε
3534 2454 3645 2507 ρον,

2068 2533 2331 2603 Χριστὸν,
2369 2533 2814 2603 ὲκμιμησάμενοι
2877 2532 2974 2584 καὶ
3015 2529 3382 2603 ζηλώσαντες.
3416 2530 3652 2584 Ἔπειτα

2071 2627 2165 2678 καὶ
2212 2624 2379 2695 εὐχὴν
2429 2624 2803 2693 ποιησάμενος
2843 2624 3023 2694 ἰεράν,
3090 2622 3187 2677 καὶ
3239 2621 3649 2692 εὐχαριστήσας
3718 2667 3725 2673 .

2071 2717 2164 2770 ἐπὶ
2198 2719 2264 2787 τῇ
2287 2715 2580 2769 καταθέσει
2612 2714 2723 2770 τῶν
2767 2713 3089 2786 μαρτύρων,
3133 2714 3412 2769 καὶτοῦτο
3440 2712 3650 2783 δωρεὰν

2071 2810 2256 2872 αὐτοῖς
2290 2808 2497 2863 ἀνωθεν
2525 2806 2816 2877 δεδομένην
2850 2802 3115 2877 εἰρηκὼς,
3159 2807 3220 2861 τὺ
3254 2804 3649 2876 σκορπίζεσθαι

2065 2901 2272 2954 τούτων
2327 2903 2385 2953 ἐν
2444 2899 2593 2970 πάσῃ
2656 2898 2725 2969 γῇ
2774 2898 2846 2953 τά
2889 2898 3141 2970 λείψανα,
3215 2899 3299 2962 είς
3357 2888 3663 2968 οἰκοδομὴν

2068 2992 2269 3064 δηλαδὴ
2295 2992 2395 3060 τῆς
2442 2991 2792 3062 Ἐκκλησίας,
2825 2992 2920 3046 καὶ
2968 2992 3214 3061 ἰατρείαν
3253 2991 3347 3045 καὶ
3376 2982 3652 3061 ἁγιασμδν

2068 3086 2179 3139 τῶν
2213 3084 2442 3148 πιστῶν,
2489 3083 2706 3154 εὔχεται
2755 3084 2856 3148 τὰς
2905 3084 3156 3154 συνήθεις
3200 3082 3652 3154 θαυματουργίας

2068 3178 2165 3229 τὸν
2190 3175 2395 3247 Κύριον
2422 3176 2514 3230 καὶ
2549 3179 2606 3228 ὲν
2625 3176 2702 3247 τῷ
2724 3176 2834 3245 ναῷ
2854 3177 3032 3246 τούτῳ
3056 3175 3125 3230 δι’
3147 3175 3329 3230 αὐτῶν
3350 3176 3650 3247 διενεργεῖν

388 3271 600 3341 piorum
626 3266 986 3321 sanationem.
1020 3259 1084 3313 Et
1115 3259 1254 3312 alias
1308 3258 1505 3311 iterum
1550 3254 1802 3324 adjungit
1827 3255 1965 3309 duas

2071 3265 2149 3327 είς
2180 3281 2240 3318 τε
2283 3264 2523 3337 ψυχικὴν
2572 3266 2679 3319 τῶν
2711 3266 2955 3320 εὐσεϐῶν
2982 3269 3076 3321 καὶ
3130 3266 3454 3336 σωματικὴν
3487 3266 3652 3336 θερα·

396 3363 678 3416 orationes
742 3366 802 3409 ut
855 3368 981 3408 cum
1070 3350 1202 3416 ipsis
1278 3357 1485 3417 partem
1553 3349 1851 3402 habeamus
1912 3346 1965 3400 iu

390 3453 637 3514 Christo,
691 3460 902 3502 necnon
967 3458 1064 3512 per
1120 3442 1268 3509 ipsos
1331 3438 1611 3505 custoditi,
1673 3441 1848 3494 sanati
1904 3453 1970 3493 ac

350 3541 736 3602 ’s:inctifieati,
793 3539 881 3592 hic
926 3548 979 3591 ct
1018 3535 1072 3589 in
1123 3532 1364 3587 futurum
1427 3531 1561 3586 salvi
1617 3531 1817 3591 simus.
1868 3530 1970 3585 Hic

391 3638 536 3693 enim
567 3645 651 3690 est
684 3631 974 3703 cujuslibet
1004 3626 1188 3698 operis
1215 3624 1385 3679 divini
1413 3623 1555 3687 finis,
1576 3634 1763 3678 no~tra
1798 3623 1965 3685 salus.

391 3731 526 3786 Cttm
591 3727 752 3799 igitur
782 3726 895 3778 haac
932 3729 1157 3792 proutcr
1211 3718 1374 3773 istum
1438 3716 1648 3789 perﬁcit
1683 3716 1955 3787 pontifex,

391 3825 484 3877 dat
540 3818 902 3881 occasionem,
956 3825 1009 3869 et
1059 3812 1392 3867 Tersanctus
1444 3811 1677 3885 canitur.
1748 3809 1969 3863 Eteon-

394 3916 542 3969 tinuo
575 3896 697 3982 qua:
738 3918 869 3963 sunt
900 3906 1102 3962 divina:
1160 3917 1444 3977 sacraeque
1492 3900 1757 3971 orationis
1802 3900 1967 3969 perti-

390 4008 631 4069 ciuntnr,
662 4015 716 4058 et
736 4002 984 4073 quotidie
1013 4014 1190 4068 usque
1234 3997 1301 4051 ad
1327 4007 1535 4065 septem
1566 3995 1706 4061 dies,
1740 4002 1969 4064 propter

393 4119 549 4161 sacra
606 4101 847 4171 Spiritus
907 4096 1263 4159 charismata,
1327 4078 1381 4148 in
1430 4093 1658 4164 gloriam
1718 4077 1848 4161 ejus
1874 4091 1968 4161 qui

394 4197 651 4265 templum
683 4190 1011 4248 inhabitavit
1060 4187 1201 4244 etin
1264 4195 1607 4255 perpetuum.
1634 4183 1782 4240 Talis
1805 4186 1969 4239 etiam

393 4299 476 4343 est
523 4288 666 4341 ritus
696 4285 1066 4339 eneaeuiorum
1130 4278 1462 4337 sanetissimi
1533 4276 1718 4347 templi
1751 4275 1972 4344 ejusque

392 4374 866 4439 consecrationis;
917 4373 971 4426 in
1004 4369 1318 4440 ιιιιορὶιικιιι
1390 4375 1630 4423 veterem
1672 4366 1972 4436 quamdam

398 4470 773 4532 traditionem,
809 4466 974 4521 etiam
1042 4461 1359 4517 antiminsia
1406 4459 1798 4527 perficiuntur;
1850 4473 1972 4527 quae

2073 3357 2254 3412 πείαν.
2285 3359 2394 3411 Kal
2417 3359 2610 3430 ἑτέρας
2628 3355 2787 3422 αὖθις
2822 3361 3190 3415 ὲπισυνάπτει
3219 3359 3316 3412 δύο
3348 3360 3532 3428 εὐχὰς.
3572 3357 3649 3420 ὡς

2072 3450 2139 3504 ἂν
2188 3450 2385 3520 μερίδα
2418 3450 2633 3521 ἔχωμεν
2673 3452 2730 3503 ἐν
2782 3450 3007 3522 Χριστῷ
3053 3451 3174 3519 μετ’
3201 3450 3402 3515 αὐτῶν,
3437 3453 3533 3505 καὶ
3560 3451 3651 3504 ἵνα

2069 3540 2138 3595 δι’
2162 3542 2342 3595 αὐτῶν
2382 3540 2778 3613 φρουρούμενοι
2810 3560 2869 3596 τε
2905 3543 3000 3597 καὶ
3033 3542 3257 3613 ἰώμενοι
3296 3542 3391 3596 καὶ¹
3418 3541 3647 3610 ἁγιαζό-

2076 3653 2252 3705 μενοι,
2305 3636 2587 3690 κάνταῦθα
2634 3636 3076 3706 περισωζώμεθα
3119 3635 3217 3690 καὶ
3258 3635 3337 3706 τῷ
3372 3635 3647 3706 μέλλοντι.

2072 3727 2246 3782 Τοῦτο
2287 3729 2396 3800 γὰρ
2440 3728 2592 3792 τέλος
2638 3728 2785 3782 θείου
2839 3729 3002 3800 ἔργου
3059 3728 3284 3791 παντὸς,
3320 3730 3353 3796 ἡ
3403 3729 3652 3798 ἡμετέρα

2073 3819 2341 3889 σωτηρία.
2377 3818 2566 3890 Ταῦτα
2609 3816 2704 3873 οὖν
2736 3820 2877 3889 ὑπὲρ
2918 3818 3114 3873 τούτου
3149 3821 3246 3874 καὶ
3290 3820 3319 3872 ὁ
3352 3820 3649 3891 ἀρχιερεὺς

2071 3910 2381 3974 ἐκτελέσας.
2411 3911 2596 3965 δίδωσι
2623 3912 2839 3981 καιρόν.
2892 3913 2999 3965 Kal
3038 3915 3065 3966 ὁ
3099 3912 3401 3984 Τρισάγιος
3435 3914 3646 3985 ᾄδεται.

2072 4001 2185 4055 Kal
2216 4003 2457 4079 ,καθεξῆς
2490 4003 2558 4058 τὰ
2584 4002 2685 4072 τῆς
2713 4002 2863 4066 θείας
2898 4004 3211 4075 ἱερουργίας
3237 4006 3473 4058 τελεῖται
3498 4022 3511 4035 ·
3556 4006 3653 4059 καὶ

2072 4093 2196 4147 καθ’
2227 4095 2441 4165 ἡμέραν
2458 4094 2593 4165 ⁵ἄχρι
2622 4095 2733 4148 τῶν
2764 4096 2928 4157 ἑπτὰ,
2964 4096 3052 4149 διά
3078 4096 3174 4161 τὰς
3201 4096 3297 4149 τοῦ
3323 4098 3648 4167 Πνεύμαιος

2071 4186 2321 4255 χάριτας,
2352 4188 2443 4257 ,εἰς
2475 4187 2632 4250 δόξαν
2659 4186 2827 4263 αὐτοῦ
2848 4185 2943 4240 τοῦ
2973 4187 3068 4240 τὸν
3101 4187 3231 4241 ναὸν
3279 4190 3649 4259 κατοικήσαν-
3738 4200 3753 4213 "

2071 4292 2187 4337 τος,
2219 4274 2312 4328 καὶ
2345 4276 2425 4338 εἰς
2467 4275 2530 4327 τὸ
2582 4275 2855 4345 διηνεκές.
2905 4275 3078 4329 Τοῦτο
3113 4278 3208 4331 καὶ
3234 4279 3266 4347 ἡ
3290 4278 3484 4348 τελετὴ
3535 4278 3649 4332 τῶν

2074 4367 2368 4434 ἐγκαινίων
2428 4367 2522 4418 τοῦ
2581 4367 2881 4436 ίερωτάτου
2946 4366 3074 4420 ναοῦ
3137 4370 3234 4423 καὶ
3298 4369 3400 4439 τῆς
3455 4369 3648 4423 τούτου

2041 4511 2044 4516 _
2074 4453 2476 4525 καθιερώσεως.
2542 4449 2696 4529 Ἑνῇ
2729 4455 2825 4508 καὶ
2871 4455 3191 4526 ἁντιμίνσια
3241 4459 3479 4513 τελεῖται
3509 4462 3653 4513 κατά

395 4577 566 4620 sacrm
596 4576 802 4616 mensa
875 4564 1031 4612 nacta
1064 4553 1386 4621 patentiam,
1417 4551 1489 4606 de
1512 4551 1633 4606 loco
1691 4550 1758 4604 ad
1790 4551 1965 4606 locum

2076 4545 2309 4614 ἀρχαίαν
2363 4545 2495 4598 τινὰ¹
2534 4544 2853 4622 παράδοσιν,
2908 4548 3007 4621 τὴν
3054 4547 3287 4619 δύναμιν
3344 4552 3445 4621 τῆς
3502 4553 3653 4622 ιερὰ-ς

401 4658 682 4711 ducuntur
734 4653 802 4707 ad
886 4650 1121 4727 veteris,
1163 4645 1524 4701 imitationem
1607 4643 1972 4709 tabernaculi,

401 4747 774 4814 maioremque
799 4743 1097 4813 potentiam
1121 4754 1294 4809 quam
1358 4737 1505 4791 istud
1560 4736 1971 4799 multogsortita

397 4843 559 4890 sunt:
597 4833 650 4885 in
681 4831 803 4885 istis
836 4831 981 4885 enim
1010 4828 1251 4883 cmlestis
1303 4826 1461 4896 panis
1489 4824 1645 4879 vivus
1674 4837 1838 4893 opere
1882 4841 1974 4879 sa-

397 4940 494 4979 cro
527 4920 843 4976 coniicitur.
908 4918 1300 4973 Conceduntur
1328 4925 1510 4972 autem
1541 4929 1604 4969 ea
1638 4914 1973 4985 indulgentia

359 5091 365 5100 _
396 5013 842 5088 pontiﬁcisjnxta
870 5011 1283 5073 necessitatem,
1310 5009 1402 5065 ubi
1435 5024 1543 5062 non
1573 5018 1660 5064 est
1686 5008 1969 5078 templum,

356 5106 364 5126 ⁸
397 5110 640 5177 virisque
670 5104 919 5160 fidelibus
941 5102 1446 5174 peregrinantibus,
1474 5102 1555 5155 vel
1577 5102 1795 5172 regibus
1815 5102 1969 5172 ipsis,

397 5210 457 5255 ut
481 5202 534 5253 in
565 5200 644 5254 eis
702 5211 956 5267 maguum
989 5194 1323 5250 sacrificium
1352 5197 1780 5265 mysteriumque
1834 5209 1969 5249 con-

397 5293 637 5346 liciatur.

912 5397 1143 5456 CAI‘UT
1191 5392 1454 5460 CXXVII.

397 5513 473 5568 De
497 5530 648 5568 sacro
682 5515 788 5566 ritu
820 5511 1118 5565 divinorum
1153 5508 1589 5562 antimt‘nsiomm
1616 5549 1630 5573 ,
1660 5508 1765 5562 sive
1805 5524 1959 5574 map-

465 5601 650 5651 parum
667 5600 835 5636 sacrw
865 5597 1078 5643 meum,
1109 5589 1157 5632 et
1203 5595 1368 5648 quare
1398 5580 1704 5647 plerumque
1756 5593 1822 5632 ea:
1851 5579 1960 5632 lino

470 5654 819 5720 conﬁciantur
834 5693 847 5706 .

465 5749 543 5805 De
594 5751 677 5802 his
739 5750 899 5818 igitur
945 5748 1105 5809 ritus,
1148 5759 1245 5812 per
1298 5745 1487 5799 omnia
1543 5745 1704 5801 dictis
1764 5726 2001 5802 similis.

330 5866 342 5876 -
394 5852 513 5911 est;
544 5850 598 5895 et
631 5855 796 5910 super
853 5838 934 5893 his
976 5837 1136 5891 iidem
1186 5844 1316 5889 sunt
1370 5850 1676 5904 sermones,
1728 5845 1957 5908 praeter-

2080 4634 2399 4705 κεκτημένα
2450 4637 2760 4707 τραπέζης,
2822 4640 2918 4691 καὶ
2972 4640 3082 4693 ἀπὸ
3130 4641 3299 4694 τόπου
3351 4644 3433 4707 είς
3488 4644 3653 4698 τόπον

2078 4726 2324 4796 ἀγόμενα
2375 4725 2517 4780 κατὰ
2554 4728 2789 4799 μίμησιν
2823 4732 2923 4801 τῇς
2955 4732 3125 4786 πάλαι
3157 4737 3387 4806 σκηνῆς,
3427 4737 3653 4813 μείζονα

2074 4816 2280 4888 ταύτης
2341 4819 2482 4871 κατά
2550 4818 2684 4872 πολὺ
2731 4822 3050 4891 κεκτημένα
3106 4822 3360 4894 δύναμιν.
3430 4826 3493 4879 '0
3545 4825 3653 4899 γὰρ

2074 4912 2396 4979 ἐπουράνιος
2430 4910 2594 4979 ἄρτος
2632 4912 2663 4966 ὁ
2722 4912 2832 4977 ζῶν
2880 4914 2939 4968 ἐν
2989 4915 3204 4980 τούτοις
3259 4918 3652 4989 ίερουργείται.

2074 5003 2288 5057 Δίδοται
2320 5005 2376 5057 δὲ
2405 5003 2600 5077 γνώμῃ
2629 5009 2937 5079 ἀρχιερέως
2970 5012 3064 5064 καὶ
3097 5014 3223 5065 κατ’
3251 5014 3525 5083 ἀνάγκην,
3558 5016 3656 5066 καὶ

2075 5096 2204 5149 ἔνθα
2237 5097 2337 5150 οὐκ
2359 5097 2475 5150 ἐστι
2502 5098 2652 5165 ναὸς,
2678 5101 2773 5154 καὶ
2792 5102 2873 5154 ἔτι
2907 5107 3121 5168 πιστοῖς
3152 5105 3415 5174 ἀνδράσιν
3448 5107 3651 5174 ἀποδη-

2076 5187 2292 5259 μοῦσιν,
2338 5188 2372 5259 ἢ
2415 5191 2512 5243 καὶ
2560 5192 2876 5261 βασιλεῦσιν
2923 5196 3133 5262 αὐτοῖς,
3190 5197 3266 5261 ὡς
3294 5198 3362 5251 ἂν
3395 5198 3457 5250 τὸ
3511 5199 3655 5269 μέγα

2052 5283 2365 5370 ,ἐνεργῆται
2404 5282 2555 5352 θῦμά
2587 5301 2646 5337 τε
2671 5286 2763 5338 καὶ
2792 5290 3116 5359 μυστήριον.

2630 5397 2883 5452 ΚΕΦΑΛ.
2918 5401 3092 5457 ΡΚΖ’.

2071 5504 2507 5587 Περὶῖτῇςχτῶᾖ
2531 5513 2708 5587 σείων
2737 5517 3140 5583 ἀντιμινσίων
3174 5518 3335 5585 ίερᾶς
3378 5518 3651 5587 τελετῆς,

2143 5579 2243 5637 παι
2279 5579 2378 5632 διὰ
2429 5582 2487 5632 τι
2522 5584 2639 5637 επις
2670 5579 3018 5641 mserum)
3055 5579 3235 5643 λίνοῦ
3269 5579 3340 5642 τὰ
3384 5579 3658 5659 ampli?-

2140 5669 2208 5706 σι
2222 5670 2280 5710 (⁵1.
3702 5670 3713 5679 .

2150 5746 2219 5799 Ἡ
2255 5750 2347 5801 ἐπὶ
2377 5748 2591 5810 τούτοις
2624 5748 2720 5802 οὖν
2744 5750 2936 5821 τελετὴ
2967 5751 3128 5820 ὁμοία
3160 5740 3302 5805 κατὰ
3331 5753 3510 5807 πάντα
3541 5754 3655 5817 τοῖς

2066 5839 2402 5910 εἰρημένοις,
2427 5841 2520 5894 καὶ
2551 5841 2600 5892 oi
2629 5840 2784 5895 αὐτοὶ
2817 5840 3167 5911 περὶτούτων
3195 5843 3354 5914 126
3372 5844 3536 5913 λόγοι,
3558 5844 3659 5913 μά-
