4114 6272
504 468 606 530 337
1784 470 1880 530 DE
1913 468 2152 529 saeuo
2191 470 2563 533 TEMPLO.-'
3418 557 3422 561 γ
3628 447 3732 524 338

1062 567 1516 635 KEbAA.PKoz
1853 601 1856 604 ο
2095 580 2142 636 Α

1853 601 1856 604 ’
2095 580 2142 636 Α
2696 581 2928 648 CAPUT.
2974 579 3205 637 CXXIX.

570 687 696 742 Ὀτι
731 688 804 742 τὰ
849 691 1076 745 παλαιά
1109 689 1183 744 τὰ
1212 689 1324 760 τῆς
1358 689 1602 758 χάριτος
1628 691 1994 758 προετύπου.
2170 694 2195 760 ί

2170 694 2323 760 Quod
2363 697 2517 751 rebus
2569 685 3122 752 VeterisTestamenti
3185 711 3263 748 res
3307 693 3492 764 gratia:
3519 707 3733 760 evange—

2629 769 2744 822 lica?
2771 767 3100 820 adumbrata:
3123 765 3288 834 fuere.

568 849 742 905 Τοῦτο
775 846 869 906 οῦν
909 851 1005 904 καὶ
1040 852 1145 922 πρὸ
1191 850 1286 904 τοῦ
1336 853 1503 923 νόμου
1560 851 1928 923 ὲναρξσὶμενον
1971 846 2062 921 ἦν.

2235 852 2361 909 Πωο
2386 855 2548 924 igitur
2579 856 2740 910 etiam
2772 865 2894 909 ante
2921 849 3107 925 legem
3128 853 3340 908 initium
3376 851 3722 916 habuerunt;

515 943 666 997 Ἐπεὶ
697 943 790 996 καὶ
825 943 992 997 Ἀὁελ
1021 939 1136 1013 εἶχε
1168 944 1576 1015 θυσιαστήριον,
1599 947 1656 997 ὲν
1695 939 1740 1012 ᾧ
1769 941 2064 1012 ὠσφράνθη

2164 947 2430 1013 siquidem
2467 954 2522 1001 et
2549 946 2678 1001 Abel
2714 947 2906 1001 habuit
2951 946 3140 1007 altare,
3201 944 3254 998 in
3313 959 3418 1013 quo
3470 943 3729 997 Dominus

503 1034 708 1109 Κύριος
731 1035 906 1104 ὀσμὴν
926 1035 1178 1100 εὐωδίας.
1209 1038 1317 1090 Kal
1341 1036 1496 1104 ἅγιον
1518 1033 1604 1106 ἦν,
1627 1038 1675 1090 εί
1708 1038 1803 1090 καὶ
1833 1037 2061 1105 ἄψυχον.

2165 1039 2425 1093 odoratus
2453 1047 2534 1094 est
2567 1039 2790 1093 odorem
2826 1039 3112 1093 suavitatis
3151 1055 3165 1106 ;
3199 1045 3251 1092 et
3283 1045 3529 1094 sanetum
3591 1043 3727 1096 erat,

506 1129 614 1180 Καὶ
663 1128 731 1180 τὰ
776 1117 1162 1198 προσαγόμεναι
1219 1129 1358 1198 κρέα
1409 1129 1538 1181 ὅντα
1585 1129 1660 1191 ὡς
1712 1127 2065 1197 ἀφιερωμένα

2166 1129 2288 1184 licet
2314 1129 2608 1184 inanimum
2638 1147 2653 1196 ;
2685 1138 2738 1185 et
2766 1131 2968 1194 oblata,
2997 1145 3116 1198 qua:
3143 1143 3335 1183 carnes
3386 1137 3560 1189 erant,
3618 1134 3733 1178 tan-

504 1220 634 1285 ᾶγια
663 1213 752 1286 ἦν,
797 1218 892 1270 καὶ
928 1218 1062 1280 Θεὸς
1091 1221 1150 1272 ἐν
1176 1219 1384 1282 τούτοις
1417 1217 1597 1286 ὤφθη.
1639 1217 1748 1270 Καὶ
1782 1217 1904 1270 Νῶε
1950 1213 2062 1285 εἶχε

2164 1235 2326 1290 quam
2359 1221 2700 1286 consecrata,
2728 1229 2882 1274 erant
2911 1225 3098 1275 sancta
3129 1234 3144 1285 ;
3179 1226 3232 1272 et
3283 1218 3423 1272 Deus
3488 1219 3538 1270 in
3603 1217 3731 1284 ipsis

506 1310 910 1381 θυσιαστήριον.
973 1311 1084 1364 Καὶ
1127 1309 1378 1379 Ἀϐραὰμ
1436 1309 1638 1379 ἔπηξε,
1676 1309 1836 1362 θῦσαι
1895 1309 2065 1364 θέλων

2165 1311 2314 1367 visus
2347 1319 2451 1365 est.
2485 1309 2596 1366 Noe
2614 1325 2830 1380 quoque
2889 1311 3060 1364 altare
3106 1309 3412 1375 habuit;et
3461 1307 3729 1360 Abraham

505 1400 595 1453 τὸν
625 1400 758 1463 υἱὸν,
789 1403 884 1454 καὶ
913 1403 1004 1454 τὸν
1050 1401 1184 1454 Θεὸν
1225 1404 1409 1455 ἐκεῖσε
1450 1402 1687 1454 κατεῖδε.
1715 1402 1826 1455 Καὶ
1869 1400 2063 1453 Ἰακὼό

2166 1402 2311 1457 aliud
2345 1402 2673 1464 construxit,
2723 1402 2892 1455 ﬁlium
2957 1391 3242 1456 immolare
3293 1401 3505 1462 volens,
3565 1409 3617 1452 et
3658 1398 3728 1450 ibi

505 1489 687 1553 λίθους
728 1489 862 1554 θεὶς,
892 1492 1278 1564 θυσιαστήριον
1321 1492 1652 1561 καθηγίασε,
1680 1493 1906 1546 κάκεῖσε
1931 1491 2065 1544 Θεὸν

2165 1494 2333 1550 Deum
2357 1495 2589 1562 aspexit.
2612 1491 2782 1548 Jacob
2801 1495 2990 1558 etiam,
3021 1494 3218 1562 positis
3239 1491 3530 1562 lapidibus.
3553 1490 3724 1544 altare.

507 1575 640 1631 εἶδεο
669 1580 990 1652 τρανότερον
1024 1582 1080 1634 δὲ
1114 1583 1141 1633 6
1171 1582 1431 1652 Μωυσῆς,
1464 1582 1587 1635 ἐπεὶ
1625 1583 1715 1634 καὶ
1749 1581 1817 1636 τὰ
1839 1583 1936 1651 τῆς
1963 1581 2065 1651 χά-

2167 1584 2547 1649 sanctiﬁcavit,
2579 1594 2632 1638 et
2673 1585 2837 1638 Deum
2867 1585 2939 1639 ibi
2971 1599 3187 1654 quoque
3215 1583 3368 1636 vidit.
3398 1580 3732 1637 Manifestius

510 1688 655 1734 ριτος
691 1671 1016 1740 διηνοίγετο.
1054 1673 1167 1727 Καὶ
1210 1676 1242 1743 ἡ
1279 1675 1459 1744 Σκηνὴ
1493 1676 1556 1726 ἐκ
1593 1673 1879 1742 δερμάτων
1908 1673 2064 1737 οὖσα,

2167 1685 2344 1732 autem
2381 1675 2612 1746 Moyses,
2645 1675 2910 1745 siquidem
2945 1690 3008 1730 ea
3040 1689 3160 1745 quae
3180 1675 3366 1743 gratiae
3425 1681 3555 1726 sunt
3603 1687 3734 1740 ape-

504 1761 638 1828 ἁγία
668 1758 758 1831 ἦν,
801 1765 890 1816 καὶ
919 1766 986 1818 τὰ
1019 1764 1168 1818 ἔνδον
1195 1764 1394 1827 πάντα,
1427 1765 1519 1817 καὶ
1553 1767 1585 1834 ὴ
1621 1765 1858 1826 κιϐωτός
1882 1779 1944 1816 τε
1973 1765 2067 1816 xa‘t

2169 1762 2953 1832 riebantur.Tabernaculum,
3009 1781 3075 1820 ex
3127 1767 3359 1836 pellibus
3403 1764 3731 1824 confectum,

506 1853 775 1919 τραπέζα,
816 1856 1204 1924 προγράφοντα
1228 1856 1294 1910 τὰ
1326 1857 1576 1917 ἐνταῦθα,
1607 1857 1701 1910 καὶ
1729 1855 1836 1927 πρὸ
1862 1855 2068 1910 τούτων
2100 1910 2131 1927 ἢ

2111 1910 2139 1927 η
2171 1865 2586 1922 sanctum‘erat,
2613 1866 2667 1911 et
2693 1858 2872 1912 omnia
2928 1871 3048 1927 quae
3074 1864 3228 1909 erant
3281 1857 3450 1920 intus,
3508 1869 3631 1907 arca
3682 1861 3736 1906 (ι

505 1943 603 2011 τὴν
653 1945 813 2010 ἁγίαν
856 1947 1152 2014 Παρθένον,
1186 1948 1354 2016 ’Ἅγια
1401 1949 1570 2015 ἁγίων
1600 1946 1741 2018 ἦσαν
1792 1950 1886 2002 καὶ
1921 1947 2062 2000 ὠνο-
2100 1943 2130 1968 ⁸³

2108 1943 2141 1968 ¹¹
2173 1965 2382 2014 mensa,
2418 1949 2819 2019 praeﬁgurantia
2853 1963 2973 2018 quae
3003 1948 3089 2001 hic
3123 1955 3251 2002 sunt
3276 1955 3328 2001 et
3354 1945 3582 2000 anteilla
3607 1960 3733 2000 san-

512 2033 759 2099 μὰζοντο.
794 2038 902 2089 Καί
929 2056 1011 2100 τις
1046 2038 1329 2108 ,ἁψάμενος
1359 2041 1567 2094 τούτων
1592 2044 1745 2110 παρὰ
1775 2041 1874 2110 τὴν
1899 2039 2059 2105 τάξιν

2172 2052 2316 2098 ctam
2355 2041 2654 2110 Virginem,
2706 2040 2906 2094 Sancta
2939 2048 3250 2094 sanctorum
3283 2045 3436 2093 erant
3463 2048 3514 2092 ct
3575 2051 3735 2091 voca-

507 2125 770 2182 ἀπὼλετο.
799 2129 910 2182 Καὶ
936 2130 1081 2198 ἅγιοι
1119 2132 1273 2200 ἄρτοι
1309 2127 1467 2204 ἦσαν,
1495 2134 1590 2196 οὓς
1621 2135 1672 2187 οἱ
1699 2134 1865 2200 ἱερεῖς
1906 2133 2066 2202 μόνον

2173 2137 2393 2190 bantur.
2431 2133 2497 2188 Et
2527 2135 2616 2203 qui
2644 2141 2838 2201 praeter
2863 2133 3105 2188 ordinem
3137 2132 3222 2184 illa
3249 2131 3576 2200 contigerat,
3618 2145 3739 2198 per-

506 2217 710 2284 ἠσθιον,
745 2220 836 2273 τὸν
863 2220 1039 2286 ζῶντα
1065 2224 1366 2288 τυποῦντες
1409 2226 1598 2296 ἄρτον,
1635 2227 1732 2279 καὶ
1768 2225 1935 2281 ὕδατα
1962 2243 2062 2279 κα-

2174 2227 2320 2282 ditus
2352 2235 2454 2280 est.
2483 2223 2647 2278 Erant
2679 2223 2842 2278 etiam
2893 2222 3068 2278 sancti
3119 2227 3340 2289 panes,“
3367 2235 3506 2290 quos
3554 2235 3735 2276 sacer-

506 2309 739 2380 θαρμοῦ,
795 2314 889 2366 καὶ
934 2315 1132 2384 ἔλαιον,
1189 2317 1284 2369 καὶ
1342 2318 1554 2386 λυχνία,
1614 2318 1711 2371 καὶ
1738 2319 1914 2387 φ-ὖτα,
1954 2317 2052 2372 καὶ

2172 2318 2328 2373 dotes
2361 2317 2463 2372 soli
2499 2313 2878 2381 comedebant,
2915 2315 3119 2384 quique
3147 2328 3339 2383 panem
3373 2312 3553 2366 visum
3607 2313 3741 2380 ﬁgu-

507 2403 639 2472 πῦρ,
687 2405 782 2457 καὶ
821 2405 1082 2478 λουτῆρες
1111 2447 1125 2473 ,
1165 2410 1259 2462 καὶ
1305 2411 1526 2480 πυρεῖα,
1557 2411 1652 2464 καὶ
1687 2409 1940 2479 θύματα,
1968 2410 2066 2466 καὶ

2167 2411 2394 2477 rabant,
2440 2421 2596 2475 aqua:
2627 2407 3021 2476 puritieationis
3071 2416 3128 2459 et
3181 2405 3382 2469 oleum,
3437 2412 3490 2458 et
3537 2403 3733 2457 cande—

507 2493 680 2571 navta
704 2493 838 2559 ἅγια
863 2495 1058 2559 ταῦτα,
1100 2498 1175 2560 ὡς
1215 2499 1309 2550 καὶ
1338 2498 1407 2551 τὰ
1436 2502 1636 2567 πυρεῖα
1666 2499 1776 2551 τῶν
1803 2500 2065 2554 ἐναντίων

2173 2495 2346 2558 labra,
2373 2503 2427 2550 et
2457 2493 2616 2565 ignis,
2649 2503 2701 2548 et
2731 2493 2942 2554 balnea,
2980 2503 3033 2547 et
3061 2491 3338 2546 thuribula
3386 2500 3442 2546 et
3491 2492 3731 2556 incensa,

518 2585 728 2652 Ἀαρὼν
759 2587 833 2650 τῷ
861 2587 1108 2657 ἀρχιερεῖ
1134 2589 1376 2659 ἀργῆσαι
1407 2591 1527 2658 μὲν,
1551 2589 1627 2651 ὡς
1657 2589 1808 2659 παρὰ
1832 2590 2067 2660 ἀνιέρων

2173 2588 2287 2643 haec
2309 2587 2492 2640 omnia
2523 2593 2712 2640 sancta
2737 2593 2912 2649 erant,
2937 2584 3011 2637 ita
3034 2591 3094 2637 ut
3126 2582 3398 2636 thuribula
3431 2584 3726 2636 adversan-

511 2678 908 2746 προσαχθέντα,
945 2680 1020 2743 ὠς
1047 2681 1134 2732 ἐπ’
1163 2681 1386 2748 ὀνόματι
1413 2681 1468 2734 δὲ
1506 2680 1641 2734 Θεοῦ
1673 2682 1954 2749 γεγονότα,
1992 2682 2068 2752 μὴ

2175 2681 2308 2735 tium
2336 2680 2516 2734 Aaron
2550 2675 2996 2747 pontiﬁciinania
3027 2674 3243 2744 quidem
3277 2670 3579 2737 manerent,
3611 2681 3734 2726 lun-

507 2771 585 2832 είς
623 2771 817 2839 χρῆσιν
870 2768 1010 2843 εἷναί
1041 2789 1170 2826 τινι.
1227 2775 1325 2826 Διὰ
1367 2773 1523 2828 τοῦτο
1557 2775 1738 2828 πᾶσαν
1788 2774 1921 2844 ὕλην
1955 2775 2075 2827 ὀνό-

2175 2785 2337 2841 qnam
2375 2785 2403 2823 a
2436 2768 2678 2839 profanis
2713 2765 3070 2837 oblata,'qu:e
3095 2781 3224 2821 vero
3256 2766 3350 2820 Dei
3380 2766 3598 2820 nomine
3622 2767 3736 2820 fue-

510 2880 638 2930 ματι
679 2863 814 2917 Θεοῦ
882 2864 1343 2934 καθαγιασθεῖσαν
1392 2866 1758 2936 εὐλαϐητέον,
1799 2868 1895 2920 καὶ
1945 2867 2071 2930 τοὺς

2173 2873 2295 2918 rant
2323 2869 2664 2926 consecrata,
2705 2860 2906 2914 nemini
2957 2868 3139 2914 essent
3186 2859 3238 2911 in
3298 2873 3480 2912 usum.
3536 2858 3741 2912 Idcirco

507 2955 782 3024 κεράμους
808 2957 903 3011 καὶ
928 2956 1106 3015 λίθους
1135 2957 1227 3011 καὶ
1263 2958 1416 3024 ξύλα,
1448 2958 1542 3012 καὶ
1566 2958 1632 3011 τὰ
1663 2957 1842 3012 λοιπά.
1885 2959 2070 3013 Πάντα

2176 2953 2477 3024 quamlibet
2541 2952 2824 3005 materiam
2894 2949 2987 3004 Dei
3047 2949 3269 3003 nomine
3325 2947 3739 3010 sanctificatam,

508 3049 614 3116 γὰρ
639 3048 942 3118 ἡγιασμένα
983 3048 1060 3117 τῷ
1103 3049 1233 3118 θείῳ
1283 3049 1526 3117 ὀνόματι,
1561 3050 1655 3102 καὶ
1700 3050 1920 3119 χάριτος
1963 3049 2071 3104 εἰσὶ

2178 3059 2328 3107 vasa,
2366 3040 2572 3111 lapides
2604 3051 2658 3095 et
2684 3041 2850 3110 ligna,
2890 3048 3195 3109 caeteraque
3221 3038 3592 3093 venerandum
3614 3044 3697 3091 est
3725 3055 3737 3089 :

511 3135 714 3208 πλήρη,
747 3139 840 3192 καὶ
877 3139 1201 3208 μεταδοτικὰ
1247 3141 1485 3211 χαρίτων
1525 3158 1583 3194 τε
1631 3142 1722 3195 καὶ
1771 3139 2068 3213 ἁγιασμοῦ.

2180 3141 2380 3188 cuncta
2405 3147 2596 3201 uen'ipe
2627 3132 2812 3185 divino
2845 3132 3063 3185 nomine
3095 3130 3428 3185 snnctiiicata
3460 3129 3740 3199 gratiaque

2093 3235 2139 3296 C
2171 3231 2328 3301 plena
2360 3229 2467 3282 vim
2498 3227 2691 3282 habent
2723 3227 2925 3297 gratias
2949 3235 3001 3282 et
3034 3227 3374 3281 sanctitatem
3441 3224 3741 3280 commu’ni-

2176 3320 2352 3377 calidi.

978 3431 1138 3503 123
1173 3431 1424 3486 ΚΕΦΑΛ.
1457 3432 1581 3488 ΡΛ’.
2503 3424 2505 3427 '

2503 3424 2505 3427 '
2741 3432 2969 3489 CAPUT
3006 3431 3219 3491 cxxx.
3399 3509 3405 3513 τ

517 3528 644 3582 Ὅτι
694 3527 814 3582 τῶν
850 3527 1023 3593 ἱερῶν
1083 3529 1266 3582 οἴκων
1316 3528 1783 3594 καταφρονηταὶ,
1832 3526 1931 3584 καὶ
1959 3528 2076 3583 τῶν

2179 3528 2332 3594 Quod
2349 3545 2623 3583 sacrarum
2649 3527 2841 3583 mdium
2865 3527 3304 3595 contemplor-ibus
3329 3524 3488 3580 etiam
3514 3522 3740 3578 aliorum

860 3597 1066 3652 ἄλλων
1097 3599 1197 3668 ἁγιί
1199 3615 1282 3651 ων
1315 3597 1723 3653 ἀπόλλυνται.

2600 3613 2877 3656 sacrorum
2917 3597 3122 3665 fructus
3158 3598 3317 3666 perit.
3507 3606 3517 3614 '

584 3691 694 3743 Kai.
727 3689 886 3743 τοῦτο
933 3689 1194 3751 πολλάκις
1225 3690 1518 3760 ’,προδήλως
1554 3689 1787 3758 εἴδομεν,
1819 3689 1912 3742 καὶ
1949 3689 2075 3751 τοὺς

2250 3690 2316 3744 Et
2355 3690 2456 3743 hoc
2493 3703 2635 3757 sa'pe
2672 3689 2959 3741 manifeste
2987 3688 3257 3755 vidimus;
3289 3695 3343 3742 at
3377 3703 3564 3742 eorum
3617 3701 3747 3740 con-

515 3781 692 3837 αὐτῶν
746 3781 802 3834 δὲ
847 3781 1264 3855 καταφρονητὰς
1324 3782 1418 3834 καὶ
1464 3781 1553 3834 τὸν
1595 3783 1704 3835 Ζᾶν
1745 3783 1952 3836 ἐκεῖνον
1981 3783 2077 3835 καὶ

2177 3786 2491 3848 temptores,
2530 3779 2663 3833 sicut
2692 3780 2804 3830 Z-m
2837 3777 3018 3841 istum,
3050 3793 3276 3847 corpore
3309 3780 3524 3845 punitos
3551 3785 3604 3831 et
3644 3777 3741 3831 da-

520 3876 732 3943 σιὶιματι
758 3873 1093 3938 πεπονθότας
1132 3872 1228 3927 καὶ
1259 3866 1615 3933 ἀπολωλότας
1651 3875 1729 3936 είς
1767 3873 1940 3939 τέλος,
1977 3875 2076 3943 οὐχ

2179 3881 2394 3926 mnatos
2417 3871 2469 3924 in
2494 3881 2784 3936 aeternum;
2811 3885 2917 3924 non
2940 3887 3104 3922 unum
3129 3881 3222 3924 ant
3247 3871 3401 3935 duos,
3422 3871 3514 3923 sed
3547 3877 3601 3923 et
3622 3870 3742 3936 plu-

518 3965 613 4017 ἕνα
652 3965 745 4016 καὶ
776 3964 890 4025 δύο,
919 3963 1052 4016 ἀλλὰ
1099 3962 1193 4015 καὶ
1226 3961 1510 4025 πλείστους
1537 3979 1551 3994 ο
1593 3963 1686 4015 καὶ
1717 3963 1843 4025 τοὺς
1893 3962 2077 4026 οἴκους

2183 3965 2390 4027 rimos;
2428 3964 2616 4017 domos
2658 3971 2838 4017 autem
2869 3961 2925 4014 in
2961 3965 3160 4029 quibus
3194 3962 3433 4016 matcrim
3456 3975 3735 4016 sacrarum

517 4055 572 4107 δὲ
607 4054 665 4106 ὲν
709 4049 789 4113 οἷς
832 4049 950 4104 ’ὗλαι
982 4052 1155 4120 ἁγίων
1183 4051 1348 4106 οἴκων
1393 4051 1678 4120 ἐτέθησαν,
1706 4050 1738 4120 ἢ
1767 4067 2077 4120 καταστρα-

2176 4054 2587 4123 tediumpositre
2610 4063 2786 4117 erant,
2846 4053 3089 4107 funditus
3139 4067 3382 4118 eversas,
3452 4052 3536 4106 vel
3610 4066 3739 4114 non,

519 4146 714 4214 φέντας
746 4146 826 4210 είς
855 4145 1010 4208 τέλος
1039 4184 1055 4212 ,
1096 4145 1129 4216 ἢ
1165 4144 1240 4218 μὴ
1283 4145 1374 4198 τὸν
1409 4146 1760 4215 ὲνοικήσοντα
1797 4142 2073 4213 κεκτημέο

1522 4146 1760 4215 κήσοντα
1797 4142 2073 4213 κεκτημέο
2177 4145 2271 4216 qui
2309 4144 2428 4199 illas
2463 4144 2749 4208 inhabitet,
2776 4146 3144 4216 possidentes.

517 4256 657 4302 νους.

1072 4348 1327 4404 ΚΕΦΑΛ.
1362 4344 1535 4403 PAA'.

2706 4339 3199 4409 CAPUTCXXXL

519 4443 639 4496 Ὅτι
686 4443 789 4496 τὸν
833 4441 904 4494 ἐν
953 4438 1149 4508 Τριάδι
1183 4441 1379 4508 μόνον
1409 4439 1562 4493 Θεὸν
1613 4437 1801 4492 τυποῖ
1833 4438 1867 4490 ὀ
1905 4439 2074 4504 ναός.

2185 4441 2338 4509 Quod
2387 4457 2477 4508 per
2511 4444 2760 4513 templum
2801 4459 2936 4566 wzus
2978 4442 3034 4495 in
3079 4440 3339 4494 Trinitate
3371 4439 3507 4496 Deus
3557 4442 3747 4496 adtmu

2889 4521 3058 4565 ratur.

2889 4529 3058 4565 ratur.

597 4594 658 4647 ’0
690 4594 816 4657 ναδς
843 4592 898 4645 δὲ
927 4593 1000 4655 ὡς
1024 4586 1170 4655 οἶκος
1205 4591 1339 4645 Θεοῦ
1387 4591 1507 4645 ὅλον
1537 4592 1630 4646 τὸν
1659 4591 1864 4662 κόσμον
1894 4595 2074 4646 τυποῖ.
2110 4591 2152 4644 D

2121 4591 2152 4644 ί)
2251 4606 2532 4676 Templum
2573 4615 2750 4660 autem
2782 4612 2837 4656 ut
2857 4604 3051 4659 domus
3079 4603 3171 4657 Dei
3198 4611 3370 4656 totum
3399 4603 3657 4660 mundum
3687 4606 3746 4660 ii-

523 4690 646 4741 Ὅτι
675 4688 770 4741 καὶ
823 4684 1100 4755 πανταχοῦ
1153 4685 1249 4739 καὶ
1288 4686 1428 4755 ὑπὲρ
1479 4686 1540 4738 τὸ
1582 4687 1689 4738 πᾶν
1719 4688 1746 4738 6
1789 4685 1940 4748 Θεός.
1972 4686 2082 4738 Καὶ

2182 4710 2360 4769 gurat,
2413 4698 2670 4766 quoniam
2707 4696 2905 4762 ubique
2941 4705 2993 4748 et
3026 4709 3189 4762 super
3217 4693 3402 4749 omnia
3441 4696 3582 4752 Deus
3620 4708 3737 4758 est;

518 4781 674 4834 τοῦτο
701 4780 896 4848 δηλῶν,
926 4779 1214 4848 διαιρεῖται
1262 4779 1342 4840 είς
1375 4779 1522 4847 τρία.
1557 4778 1683 4831 Ὅτι
1724 4780 1819 4830 καὶ
1855 4779 2024 4848 Τριὰς
2056 4780 2084 4832 6

2182 4800 2236 4846 et
2269 4793 2368 4844 hoc
2410 4789 2685 4850 indicans,
2722 4787 2774 4839 in
2808 4797 2916 4840 tres
2951 4786 3213 4840 dividitur
3254 4797 3457 4856 partes,
3485 4791 3741 4858 quoniam

519 4872 671 4933 Θεός.
701 4871 870 4923 Τοῦτο
898 4871 991 4923 οῦν
1025 4871 1117 4923 κα)⁸
1151 4872 1183 4938 ἡ
1246 4871 1419 4939 σκηνὴ
1460 4869 1785 4934 ἐξεικόνιζεν
1846 4871 1924 4935 εἰς
1959 4870 2084 4940 τρία

2186 4882 2327 4935 Dens
2350 4889 2434 4934 est
2468 4879 2734 4932 Trinitas.
2774 4877 2886 4932 lluc
2912 4879 3073 4930 etiam
3125 4877 3290 4945 igitur
3316 4883 3741 4948 repraesentabat

520 4963 827 5033 διῃρημένη
848 5001 864 5025 ,
913 4961 1008 5015 καὶ
1041 4961 1069 5013 6
1103 4961 1194 5013 τοῦ
1238 4960 1580 5029 Σολομῶντος
1616 4961 1740 5022 ναὸς
1768 4998 1783 5023 ,
1818 4961 1962 5013 καθὰ
1992 4961 2084 5013 καὶ

2187 4967 2594 5022 tabernaculum
2632 4969 2684 5020 in
2721 4979 2834 5020 tres
2871 4975 3053 5034 partes
3076 4967 3338 5032 divisum,
3373 4984 3470 5023 nec
3505 4986 3611 5025 non
3647 4969 3743 5024 Sa-

525 5055 730 5116 Παῦλος
762 5070 914 5120 φησι.
947 5052 1019 5105 Τὸ
1046 5053 1143 5121 μὲν
1167 5053 1273 5120 γὰρ
1291 5052 1481 5119 ’⁸Λγιον
1514 5052 1620 5102 τῶν
1644 5051 1813 5118 ἁγίων
1842 5047 1927 5122 ἦν’
1946 5052 2007 5103 τὸ
2027 5051 2085 5102 δὲ

2184 5059 2418 5113 lmnonis
2453 5059 2737 5127 templum,
2767 5057 2910 5112 sicut
2966 5059 3039 5112 ait
3082 5058 3302 5114 Paulus.
3355 5057 3474 5114 Una
3527 5063 3741 5130 quidem

525 5146 711 5213 Ἀγιαο
732 5145 791 5197 τὸ
809 5146 865 5197 δὲ
891 5145 1076 5211 Ἀγιον
1103 5147 1386 5211 κοσμικόν.
1406 5142 1470 5195 ’ίι
1493 5143 1621 5196 σκιὰ
1641 5141 1750 5212 γὰρ
1769 5142 2084 5211 προέγραψε

2185 5161 2301 5207 erat
2331 5151 2586 5205 Sanctum
2619 5160 2932 5203 sanctorum
2965 5168 2978 5214 ;
3004 5148 3108 5202 alia
3137 5165 3288 5215 vero,
3321 5156 3506 5203 sancta
3535 5168 3548 5214 ;
3578 5152 3743 5205 altera

525 5239 592 5289 τὰ
618 5239 713 5306 τῆς
738 5235 1014 5305 ἀληθείας.
1061 5235 1325 5287 Ἐνταῦθα
1363 5228 1456 5287 οὖν
1495 5234 1554 5287 τὸ
1605 5235 1896 5305 ἱερώτατον
1931 5233 2084 5302 βῆμα

2187 5252 2388 5306 autem,
2426 5253 2672 5297 sanetum
2713 5257 3022 5297 commune.
3060 5239 3262 5293 Umbra
3313 5241 3456 5294 enim
3515 5256 3579 5295 ea
3630 5259 3749 5311 quae

529 5327 608 5389 είς
639 5326 806 5379 τύπον
831 5327 940 5379 τῶν
963 5324 1380 5394 ὑπερουρανίων
1408 5325 1524 5376 ἐστὶ
1550 5324 1645 5376 καὶ
1668 5324 1775 5375 τῶν
1809 5325 2085 5391 ὑπεράνω,

2188 5342 2316 5387 sunt
2334 5333 2573 5388 veritatis
2595 5335 2991 5403 praeﬁgurabat.
3012 5332 3109 5386 llic
3133 5332 3296 5401 igitur
3314 5335 3746 5391 sacratissimqu

527 5419 652 5474 ἔνθα
683 5423 776 5472 καὶ
807 5419 993 5486 θρῦνον
1015 5418 1148 5486 φασὶ
1171 5415 1259 5468 τοῦ
1303 5417 1464 5468 ἁΰλου
1500 5415 1632 5468 Θεοῦ
1659 5431 1673 5445 ·
1707 5415 1805 5485 τὴν
1846 5416 2092 5468 ἀνάπαυ-

2190 5425 2558 5478 sanctuarium
2583 5433 2767 5493 typum
2818 5426 2958 5494 gerit
3018 5426 3488 5492 superccelestium
3549 5437 3603 5480 et
3651 5444 3745 5483 suo

529 5525 613 5561 σιν
641 5509 865 5579 δηλαδή.
899 5510 1005 5562 Καὶ
1052 5510 1087 5576 ἠ
1141 5508 1384 5576 τράπεζα
1418 5506 1576 5559 τοῦτο
1635 5509 1989 5576 παρίστησιν,
2034 5507 2088 5558 αἱ

2193 5527 2510 5580 pernorum,
2544 5513 2632 5564 ubi
2662 5513 2851 5566 dicunt
2873 5529 2993 5566 esse
3025 5512 3114 5565 Dei
3145 5515 3741 5579 immortalisthronum

528 5599 837 5669 ἐπουράνιοι
874 5616 934 5651 τε
982 5599 1163 5664 τάξεις
1217 5597 1440 5650 κάκεῐσέ
1495 5600 1601 5649 είσι
1646 5598 1740 5648 καὶ
1789 5591 1922 5649 ὦδε·
1957 5597 2091 5650 ἀλλὰ

2192 5618 2287 5657 seu
2320 5608 2500 5657 locum
2531 5604 2906 5673 requietinnis.
2959 5603 3068 5659 Hoc
3091 5606 3252 5657 etiam
3308 5621 3494 5660 mensa
3551 5623 3750 5679 reprae-

529 5689 622 5742 καὶ
654 5691 818 5768 ἱερεῖς
851 5689 948 5742 σὺν
980 5690 1162 5752 αὐτοῖς
1194 5689 1397 5742 τούτων
1425 5689 1526 5758 τὴν
1557 5687 1710 5751 τάξιν
1751 5687 1986 5756 ἔχοντες.
2033 5689 2090 5742 Ὀ

2196 5704 2372 5749 sentat
2395 5735 2408 5759 ,
2471 5695 2829 5765 caelestesque
2863 5695 3085 5750 ordines
3119 5696 3206 5750 hic
3232 5707 3392 5768 atque
3428 5699 3539 5753 illic
3586 5712 3753 5760 sunt:

533 5783 791 5852 ἱεράρχης
818 5797 877 5832 τε
913 5784 1076 5833 τυποῖ
1099 5781 1188 5833 τὸν
1219 5781 1453 5850 Χριστόν
1480 5796 1491 5810 ’
1535 5780 1564 5831 6
1594 5780 1718 5841 ναὸς
1749 5780 1801 5831 δὲ
1835 5781 1925 5832 τὸν
1953 5782 2093 5851 δρώ-

2196 5787 2289 5841 sed
2318 5798 2370 5841 et
2401 5787 2708 5842 sacerdotes
2732 5804 2852 5843 cum
2877 5789 2954 5843 eis
2981 5805 3166 5843 eurttm
3208 5793 3453 5846 ordinem
3481 5800 3751 5848 tenentes.

535 5888 694 5940 μενον
727 5871 913 5924 τοῦτον
947 5871 1166 5940 κόσμον
1200 5874 1289 5925 καὶ
1326 5869 1680 5940 τᾶῦπεράνω
1717 5872 1813 5939 μὲν
1842 5873 1932 5926 τοῦ
1963 5875 2090 5928 ναοῦ

2196 5880 2441 5935 Pontifex
2475 5889 2651 5936 autent
2683 5881 2936 5949 exprimit
2968 5883 3235 5937 Christum
3263 5900 3276 5949 ;
3311 5884 3566 5952 templum
3623 5864 3782 5944 vero.
