4090 6258
530 439 632 503 3L1

1746 459 1842 518 DE
1901 458 2140 518 SACRO
2171 458 2498 519 TEMPLO.

3658 442 3764 506 342

522 547 586 616 ἐκ
621 565 820 635 σαρκὸς
855 566 903 618 οί
944 572 1270 640 τρεφόμενοι
1294 613 1309 638 ,
1339 575 1413 636 ὡς
1443 575 1566 628 οὑδέ
1595 577 1622 630 ὁ
1641 576 1880 647 τρέφων.
1925 579 2079 630 live-3-

2190 576 2481 646 sanguine,
2513 589 2577 630 eo
2603 571 2751 642 quod
2780 587 2886 625 non
2923 587 2986 626 ex
3019 583 3182 624 carne
3210 575 3334 621 sunt
3366 565 3454 633 qui
3504 564 3760 619 nutriun-

523 674 653 724 ματι
686 657 793 728 γὰρ
839 661 1164 732 γεγέννηται
1199 666 1293 717 καὶ
1347 668 1550 736 γεννᾷ·
1605 671 1702 722 καὶ
1752 669 1827 732 ὡς
1873 670 2082 738 καρπὸς

517 748 760 818 ἀπαθὴς,
809 752 902 805 καὶ
931 753 994 806 ἐκ
1039 756 1273 824 καρπῶν
1300 759 1398 825 τῆς
1427 759 1532 828 γῆς
1578 761 1806 813 ἀπαθῶν
1842 764 1910 815 τὰ
1945 762 2085 831 σὺμ-

520 840 651 894 δολα
702 843 881 913 φέρει.
932 847 1056 902 Ὅτι
1095 850 1192 902 καὶ
1243 852 1309 903 ἐκ
1345 849 1445 914 τῆς
1499 851 1601 920 γῆς
1651 852 1959 923 ἄνθρωπος,
1989 854 2085 906 καὶ

520 933 681 998 αὐτὸς
703 936 931 1002 ἀπαθῶς
965 939 1027 993 τὸ
1059 942 1245 1011 γήϊνον
1292 943 1474 996 λαϐὼν
1519 944 1702 1015 σῶμα.
1736 946 1941 1001 Τούτου
1987 939 2082 1002 οὖν

519 1023 680 1095 χάριν
707 1027 976 1098 τράπεζα,
1009 1034 1102 1086 καὶ
1131 1034 1294 1104 ἄρτος
1353 1038 1447 1090 καὶ
1494 1031 1638 1102 οἶνος
1684 1040 1781 1094 σὺν
1831 1039 1988 1093 ὕδατι
2016 1040 2084 1093 τά

523 1120 816 1188 μυστήρια,
871 1123 965 1176 καὶ
997 1124 1336 1196 ἀναίμακτος
1387 1127 1598 1194 ταῦτα,
1648 1130 1744 1184 καὶ
1799 1131 1862 1185 οὑ
1919 1131 2083 1186 θυσία

522 1209 724 1280 σαρκὸς
773 1213 866 1265 καὶ
905 1212 1126 1282 ἄλογος.

1065 1414 1312 1470 ΚΕΦΑΛ.
1357 1414 1525 1472 PAF.

524 1497 583 1549 Τί
636 1498 697 1551 τὸ
751 1501 1179 1574 καταπέτασμα
1238 1509 1335 1633 κμέ
1399 1512 1455 1564 οι
1518 1511 1809 1580 τέσσαρες
1866 1515 2082 1570 τούτου

1177 1592 1294 1633 στυ
1339 1598 1415 1633 οι.

1177 1592 1392 1633 στυλοι
1403 1621 1415 1634 .

586 1659 940 1732 Τετραμερὴς
972 1664 1030 1718 δὲ
1061 1667 1093 1734 ἡ
1126 1668 1397 1735 τράπεζα,
1429 1671 1511 1725 ὅτι
1545 1671 1603 1736 ἐξ
1641 1674 1812 1743 αὐτῆς
1843 1675 2079 1745 ἐτράφη,

518 1751 609 1802 καὶ
639 1752 724 1804 ἀεὶ
753 1755 819 1807 τὰ
845 1757 1055 1824 πέρατα
1084 1759 1342 1827 τρέφεται
1366 1778 1382 1795 ’
1412 1764 1506 1816 καὶ
1535 1764 1824 1832 ὑψηλὴ,ὠς
1853 1767 2081 1836 οὐρανία

515 1840 602 1894 διά
646 1843 706 1895 τὸ
753 1844 1066 1916 ἐπηρμένον
1109 1851 1202 1904 τοῦ
1241 1855 1544 1923 μυστηρίου
1587 1859 1682 1910 καὶ
1735 1859 2077 1928 ἐπουράνιον,

517 1934 610 1985 καὶ
640 1934 835 1999 ὑλικῶς
861 1939 960 2009 τῆς
989 1943 1091 2011 γῆς
1135 1945 1534 2016 ὑπερκείμενον
1559 1965 1572 1978 ο
1609 1950 1702 2002 καὶ
1738 1950 1842 2002 ὑπὸ
1872 1951 2080 2004 στύλων

518 2023 916 2100 βασταζομένη,
967 2033 1050 2086 ὅτι
1105 2037 1169 2088 ἐκ
1223 2038 1320 2106 τῆς
1375 2043 1478 2107 γῆς
1544 2041 1916 2111 ὑπερύψωται.
1972 2043 2078 2096 Καὶ

517 2117 742 2184 στύλους
784 2121 896 2192 ἔχει
929 2125 1036 2179 άπὸ
1066 2126 1164 2196 τῆς
1199 2129 1321 2197 γῆς,
1349 2132 1476 2193 τοὺς
1529 2132 1670 2202 ὑπὲρ
1715 2135 1884 2204 αὑτῆς
1926 2135 2081 2187 τεθυ-

519 2209 735 2278 μένους,
780 2216 1039 2282 ἀσφαλῶς
1095 2220 1265 2291 αὐτὴν
1324 2224 1726 2294 ὑπερείδοντας.
1792 2230 2078 2298 προφήτας

517 2303 610 2354 καὶ
661 2306 1027 2374 ἀποστόλους·
1066 2312 1161 2364 καὶ
1211 2314 1469 2377 πολλάκις
1502 2317 1604 2386 μὲν
1655 2302 1959 2380 πλείστους,
1995 2320 2076 2372 ὃτι

517 2394 725 2460 πολλοὶ,
771 2399 1029 2466 πολλάκις
1072 2403 1129 2456 δὲ
1170 2404 1286 2470 ἕνα,
1342 2407 1401 2470 ὃς
1449 2409 1542 2460 καὶ
1577 2409 1825 2478 κάλαμος
1861 2411 2078 2478 λέγεται

513 2491 601 2546 διὰ
644 2494 737 2546 τὸν
784 2496 879 2548 ἕνα
919 2496 1010 2550 τὸν
1062 2499 1396 2569 ὑπερέχοντα
1439 2503 1658 2556 πάντων
1713 2504 1940 2572 Ἰησοῦν.
1984 2505 2079 2567 Ὃς

514 2584 607 2633 καὶ
657 2585 889 2655 καλάμῳ
936 2587 1036 2657 τὴν
1085 2591 1326 2660 κεφαλὴν
1365 2592 1594 2663 ἐτὺφθη,
1637 2595 1732 2647 καὶ
1780 2595 2078 2662 καλάμινον

517 2673 794 2744 σκῆπτρον
819 2678 1034 2745 ἐδέξατο
1065 2682 1304 2736 συνθλῶν
1332 2685 1431 2748 τὰς
1464 2686 1572 2738 τῶν
1605 2685 1782 2753 ὅςρεων
1813 2687 2075 2752 κεφαλὰς,

514 2767 608 2820 καὶ
665 2771 797 2838 ἡμῖν
856 2772 1083 2841 γράφων
1141 2773 1238 2843 τὴν
1295 2776 1614 2846 σωτηρίαν·
1669 2779 1758 2830 καὶ
1819 2779 2077 2849 κιϐώριον

514 2859 770 2913 ὑποκάτω
810 2864 1012 2934 ταύτης
1054 2866 1174 2917 ἀντὶ
1217 2865 1311 2918 τοῦ
1365 2868 1670 2938 μνήματος.
1705 2870 1815 2923 Καὶ
1849 2872 1905 2922 ἐν
1929 2871 2078 2941 αὑτῷ

513 2952 620 3003 τῶν
647 2953 784 3023 ὑπὲρ
808 2955 1043 3024 Χριστοῦ
1071 2957 1340 3012 τυθέντων
1366 2959 1434 3012 τά
1471 2960 1718 3030 λείψανα,
1747 2962 1830 3014 ὅτι
1861 2962 2077 3033 άληθῶς

515 3044 746 3112 Χριστοῦ
776 3045 941 3113 τάφος
969 3052 1063 3099 καὶ
1089 3047 1300 3117 μνῆμα.
1320 3049 1431 3102 Καὶ
1457 3048 1505 3101 οί
1544 3048 1900 3112 συνθανᾶντες
1930 3050 2076 3118 αὐτῷ

514 3138 686 3190 ἐκεῖσε
721 3138 1135 3205 συνθάπτονται,
1164 3141 1258 3193 καὶ
1284 3140 1548 3212 θυομένου
1578 3142 2074 3208 συναπολαύουσιν,

512 3231 585 3292 ὡς
615 3234 712 3283 καὶ
765 3234 1198 3298 συναναστάντος
1238 3235 1360 3288 τότε
1417 3233 1966 3306 συνδοξασθήσονται.
2002 3236 2076 3292 Τὸ

515 3325 908 3393 καταπέτασμα
939 3325 995 3378 δὲ
1026 3325 1122 3380 καὶ
1145 3327 1221 3391 εἰς
1247 3329 1416 3398 τιμὴν
1431 3327 1604 3396 Ἰησοῦ
1623 3329 2073 3397 τοῦιτιμιωτᾴτου

515 3433 572 3469 τε
602 3419 694 3470 καὶ
727 3421 1114 3488 πολυτιμήτου,
1155 3419 1247 3474 καὶ
1294 3421 1374 3484 είς
1412 3420 1581 3475 τύπον
1615 3425 1717 3490 τῆς
1746 3423 2076 3491 ἐπουρανίου

516 3512 744 3578 σκηνῆς.
775 3510 886 3562 Καὶ
931 3510 996 3563 ἐκ
1024 3511 1306 3581 τεσσάρων
1338 3510 1567 3576 στόλων,
1599 3511 1688 3564 διὰ
1715 3513 1778 3564 τὸ
1818 3515 1880 3566 ἐκ
1910 3514 2079 3577 περά-

513 3619 619 3652 των
664 3598 799 3654 εἷναι
830 3601 889 3653 τὸ
923 3600 1198 3671 ἄθροισμα
1240 3602 1349 3655 τῶν
1395 3603 1458 3655 ἐκ
1501 3602 1599 3671 τῆς
1626 3603 1909 3671 τραπέζης
1945 3605 2080 3666 ζών-

511 3710 618 3745 των
639 3694 879 3756 ἐκείνων,
909 3693 1001 3747 καὶ
1023 3694 1112 3748 διὰ
1137 3695 1420 3765 τεσσάρων
1441 3711 1506 3748 συ
1517 3695 1703 3764 στῆναι
1732 3695 1840 3748 τῶν
1873 3713 2077 3762 συγκαο

512 3785 825 3853 λεσαμένων
852 3787 1224 3853 Εὑαγγελίων,
1250 3789 1345 3841 καὶ
1384 3787 1494 3839 τῶν
1524 3787 1882 3856 κηρυξάντων
1915 3789 2074 3844 αὑτά.

514 3879 604 3931 Διὸ
650 3879 743 3931 καὶ
772 3881 829 3932 ἐν
859 3882 980 3942 ταῖς
1010 3880 1273 3948 τέσσαρσι
1302 3880 1526 3948 γωνίαις
1561 3879 1702 3950 μέρη
1736 3880 2078 3949 ὑφασμάτων

517 3973 547 4038 ἠ
577 3970 820 4040 τράπεζα
845 3971 1028 4040 γυμνὴ
1054 3971 1289 4040 δέχεται,
1326 3971 1408 4024 ὅτι
1437 3972 1682 4024 κάκεῖνοι
1715 3972 1822 4024 ἀπὸ
1848 3975 1947 4042 τῆς
1973 3967 2079 4040 ﬁt;

513 4062 562 4113 οἱ
591 4062 658 4114 τά
697 4062 1003 4129 Εὑαγγέλια
1043 4061 1377 4130 γράψαντες,
1415 4063 1509 4114 καὶ
1553 4062 1621 4114 τὰ
1667 4063 1894 4130 οὐράνια
1929 4066 2080 4132 εἰρη-

515 4154 669 4216 κότες
691 4171 705 4184 ο
741 4155 834 4206 καὶ
859 4154 925 4207 τά
977 4153 1219 4220 ὀνόματα
1275 4153 1481 4205 τούτων
1508 4153 1564 4205 ἐν
1607 4154 1812 4207 aurora
1855 4151 1988 4207 Εἶτα
2022 4156 2080 4208 τὸ

515 4246 836 4314 κατασάρκα
885 4245 971 4298 διὰ
1013 4245 1112 4315 τὴν
1156 4246 1215 4298 ἐν
1263 4247 1328 4314 τῇ
1380 4244 1646 4314 νεκρὼσει
1700 4245 1948 4297 σινδᾶνα·
1988 4248 2080 4298 καὶ

515 4337 943 4406 τραπεζοξρόρον,
976 4337 1050 4398 ὡς
1081 4336 1240 4398 τόπος
1267 4335 1404 4389 Θεοῦ
1435 4337 1528 4389 καὶ
1557 4337 1964 4408 θυσιαστήριον,
1995 4339 2080 4391 διά

516 4428 610 4496 τὴν
643 4429 738 4495 τῆς
773 4427 922 4490 θείας
967 4427 1124 4497 δόξης
1158 4427 1476 4497 περιϐολὴν,
1511 4429 1606 4479 καὶ
1656 4428 1736 4490 εἰς
1770 4427 1938 4497 τιμὴν
1985 4431 2079 4481 τοῦ

517 4520 696 4586 σάρκα
728 4520 1077 4587 φορέσαντος,
1109 4520 1204 4572 καὶ
1237 4517 1440 4587 χιτῶνα
1467 4518 1857 4587 ἐνδυσαμένου.
1889 4519 1952 4573 Οἳ
1987 4522 2080 4572 καὶ

2186 677 2296 732 tur,
2328 665 2788 737 quemadmodum
2813 679 2914 718 nec
2944 662 3194 716 nutriens
3230 660 3254 726 ;’
3282 659 3479 725 spiritu
3532 673 3764 726 namque

2184 761 2398 823 genitus
2433 766 2515 812 est
2544 767 2597 811 et
2635 765 2894 825 generat;
2921 763 2976 807 et
3006 763 3263 821 tanquam
3308 751 3522 805 fruetus
3562 749 3763 817 impas-

2186 849 2368 906 sibilis
2398 849 2559 903 etiam
2590 863 2654 901 ex
2683 847 2950 901 fructibus
2975 855 3132 900 terra:
3159 843 3589 908 impatientibus,
3620 855 3765 910 sym-

2186 940 2309 996 bola
2343 938 2546 1007 gestit;
2605 939 2860 1006 quoniam
2902 938 2970 992 de
3000 947 3153 991 terra
3183 943 3268 990 est
3298 934 3483 998 homo,
3536 941 3592 986 et
3650 932 3764 998 ipse

2192 1039 2457 1087 terrestre
2511 1043 2709 1099 corpus
2766 1029 3175 1100 impassibiliter
3221 1027 3536 1095 assumpsit.
3613 1022 3764 1076 Illius

2196 1124 2363 1192 igitur
2393 1135 2585 1184 causa,
2629 1135 2846 1184 mensa,
2895 1122 3052 1189 panis
3112 1129 3167 1175 et
3218 1120 3403 1174 vinum
3450 1132 3571 1171 cum
3623 1130 3762 1184 aqua

2185 1215 2442 1286 mysteria
2472 1223 2622 1278 sunt,
2656 1221 2710 1267 et
2737 1213 2856 1268 haec
2895 1212 3179 1267 incruenta
3230 1228 3245 1276 ;
3273 1226 3382 1265 non
3413 1221 3595 1263 autem
3639 1221 3757 1261 car-

2195 1307 2339 1364 nalis
2379 1313 2433 1361 et
2465 1305 2804 1361 irrationalis
2844 1303 3045 1358 hostia.

2695 1421 2926 1477 CAPUT
2956 1419 3243 1476 CXXXIII.

2216 1514 2360 1580 Quid
2389 1531 2482 1585 per
2518 1515 2867 1570 velamentum
2900 1523 2948 1568 et
2980 1524 3209 1583 quatuor
3250 1513 3363 1582 ejus
3418 1515 3711 1569 columnas.

2254 1667 2667 1739 Quatlripartita
2715 1686 2847 1726 vero
2881 1686 3066 1728 mensa
3095 1679 3194 1731 est.
3245 1671 3502 1739 quoniam
3535 1686 3597 1724 ex
3645 1673 3757 1739 ipsa

2185 1761 2403 1814 nutrita:
2433 1770 2562 1815 sunt
2591 1777 2911 1832 semperque
2942 1764 3262 1818 nutriuntur
3312 1774 3548 1832 quatuor
3573 1765 3756 1816 mutuli

2184 1858 2401 1920 partes;
2457 1852 2806 1921 excelsaque,
2859 1862 3120 1922 tanquam
3165 1855 3427 1914 caelestis.
3499 1871 3562 1907 eo
3613 1856 3754 1923 quod

2112 1935 2154 1992 Β
2181 1942 2457 1997 excelsum
2485 1953 2569 1998 est
2587 1947 2905 2015 mysterium
2936 1958 2990 2002 et
3015 1947 3242 2002 ccelcste
3265 1955 3316 2001 ct
3341 1949 3568 2002 onmino
3595 1965 3758 2016 super

2186 2041 2386 2088 terram
2439 2035 2748 2103 elevatum;
2789 2045 2843 2091 et
2883 2054 3047 2104 super
3088 2039 3374 2092 columnas
3420 2048 3753 2106 sustentata,

2182 2129 2442 2197 quoniam
2463 2144 2494 2184 ο
2522 2139 2666 2184 terra
2699 2131 3112 2200 superelevatur
3139 2149 3154 2198 ;
3182 2142 3347 2201 atque
3367 2132 3434 2187 de
3480 2142 3622 2187 terra
3658 2151 3756 2186 co-

2183 2221 2398 2275 lumnas
2456 2222 2637 2277 ibabet
2674 2265 2688 2288 ,
2729 2223 2854 2278 illos
2910 2225 3001 2294 qui
3073 2240 3241 2293 super
3290 2227 3436 2279 illam
3493 2227 3755 2281 immolati

2189 2323 2324 2368 sunt
2392 2323 2448 2367 et
2503 2316 2680 2385 ipsam
2731 2325 2848 2370 tuto
2915 2327 3270 2384 sustentant,
3343 2321 3636 2389 prophetas
3705 2330 3759 2374 et

2182 2406 2499 2475 apostolos;
2535 2417 2586 2460 et
2624 2421 2769 2476 saepe
2797 2408 3014 2476 quidem
3046 2410 3309 2477 plurimas
3331 2451 3343 2473 ,
3375 2413 3633 2480 quoniam
3670 2413 3758 2466 isti

2183 2499 2340 2552 multi
2371 2506 2535 2562 sunt;
2567 2514 2707 2568 saape
2734 2515 2863 2553 vero
2895 2517 3079 2565 unam,
3110 2518 3230 2570 qua:
3261 2505 3507 2559 calamus
3535 2506 3756 2566 dicitur.

2183 2598 2405 2658 propter
2435 2605 2602 2643 unum
2635 2591 2730 2660 qui
2763 2606 2927 2659 super
2956 2608 3148 2647 omnes
3178 2602 3263 2649 est
3291 2593 3474 2648 Jesum
3499 2613 3516 2661 ;
3546 2597 3636 2664 qui
3669 2613 3758 2650 ca-

2181 2678 2325 2734 lamo
2356 2678 2459 2733 fuit
2489 2680 2542 2732 in
2573 2682 2753 2748 capite
2785 2680 3098 2750 perculsus,
3131 2682 3574 2753 calznninumque
3605 2675 3762 2750 Scep.

2181 2779 2326 2826 trum
2358 2773 2599 2841 accepit,
2633 2771 2910 2827 sustinens
2939 2775 3116 2843 capita
3149 2773 3483 2843 serpentium
3514 2781 3568 2828 et
3599 2775 3758 2829 nobis

2181 2861 2412 2917 salutem
2454 2863 2721 2919 scribens.
2760 2864 3043 2918 Ciborium
3085 2875 3266 2919 autem
3307 2866 3493 2919 subter
3531 2866 3618 2919 illa
3655 2880 3756 2934 pro

2181 2967 2538 3014 monumento
2571 2960 2811 3028 positqu
2845 2969 2964 3025 est;
2998 2969 3051 3014 et
3089 2961 3141 3014 in
3177 2976 3243 3015 eo
3277 2968 3406 3016 sunt
3437 2975 3626 3014 eorum
3661 2959 3755 3028 qui

2179 3063 2278 3118 pro
2326 3049 2544 3104 Christo
2588 3050 2809 3107 [tierunt
2856 3053 3122 3106 immolati
3172 3052 3448 3122 reliquiae,
3496 3052 3754 3120 quoniam

2182 3156 2310 3196 vere
2342 3142 2549 3200 Christi
2585 3146 2830 3201 tumulus
2864 3155 2948 3201 est
2981 3161 3046 3199 ac
3081 3156 3534 3209 monumentum;
3569 3153 3625 3198 et
3660 3146 3754 3212 qui

2181 3246 2306 3288 cum
2339 3236 2457 3303 ipso
2487 3237 2686 3289 mortui
2720 3245 2867 3300 sunt,
2905 3237 2976 3290 ibi
3009 3251 3132 3292 cum
3167 3239 3284 3304 ipso
3313 3235 3675 3306 sepeliuntur,
3704 3246 3758 3288 et

2185 3324 2464 3385 immolato
2497 3325 2770 3391 fruuntur,
2805 3328 2948 3382 sicut
2985 3327 3099 3396 ipso
3136 3335 3265 3381 tunc
3297 3327 3459 3380 simul
3491 3327 3758 3380 suscitato

2181 3417 2760 3487 congloriﬁcabuntur.
2809 3419 2999 3474 Velum
3045 3427 3225 3472 autem
3269 3427 3351 3474 est
3393 3419 3446 3472 in
3495 3419 3755 3472 honorem

2181 3506 2308 3563 Jesu
2336 3509 2788 3566 venerandissimi
2820 3510 3115 3578 multisque
3143 3511 3318 3564 modis
3345 3510 3673 3570 honorandi,
3702 3518 3756 3561 et

2181 3600 2236 3652 In
2275 3612 2458 3669 typum
2492 3603 2732 3658 cmlestis
2768 3603 3124 3656 tabernaculi.
3158 3601 3238 3658 Ex
3273 3612 3510 3672 quatuor
3539 3603 3749 3656 colum-

2183 3689 2270 3743 nis
2307 3692 2543 3759 pendet,
2578 3692 2835 3758 quoniam
2874 3707 2937 3744 ex
2975 3703 3212 3758 quatuor
3246 3693 3506 3746 extremis
3544 3692 3600 3746 Iit
3636 3691 3757 3744 illo-

2182 3795 2300 3834 rum
2339 3781 2433 3850 qui
2473 3797 2539 3835 ex
2587 3797 2772 3836 mensa
2819 3783 3005 3835 vivunt
3049 3783 3332 3847 collectio,
3381 3784 3757 3849 formaturque

2182 3887 2277 3941 per
2311 3882 2546 3943 quatuor
2581 3873 2857 3943 evangelia
2901 3889 3023 3942 qum.
3061 3884 3364 3928 convocant
3404 3886 3456 3928 et
3499 3891 3592 3942 per
3625 3891 3757 3942 pra:-

2179 3979 2342 4018 cones
2371 3965 2462 4031 qui
2496 3966 2596 4020 ista
2629 3965 2940 4034 praedicant.
2973 3965 3208 4034 Ideoque
3238 3968 3292 4020 in
3321 3977 3560 4035 quatuor
3586 3983 3758 4036 angu—

2181 4057 2280 4119 lis,
2317 4072 2504 4111 mensa
2545 4060 2685 4111 nuda
2724 4068 2905 4126 partes
2941 4067 3211 4112 textorum
3247 4058 3475 4128 accipit,
3511 4073 3576 4112 co
3610 4060 3754 4127 quod

2179 4155 2233 4201 et
2273 4147 2346 4199 illi
2389 4147 2456 4200 de
2496 4155 2644 4201 terra
2691 4157 2819 4203 sum
2863 4149 2956 4216 qui
3000 4150 3282 4218 evangelia
3323 4149 3666 4218 scripserunt
3705 4164 3760 4204 et

2180 4238 2424 4292 cmlestia
2468 4239 2894 4304 nuntiaverunt;
2937 4250 2992 4294 et
3032 4256 3219 4295 eorum
3265 4242 3486 4294 nomina
3530 4252 3659 4296 sunt
3702 4245 3756 4296 in

2181 4327 2270 4382 Itis
2286 4329 2554 4396 partibus.
2583 4327 2784 4384 Deinde
2800 4342 3079 4386 catasarca
3099 4331 3368 4401 (corporis
3387 4331 3752 4402 invoIm-rutn)

2180 4427 2400 4488 propter
2433 4421 2698 4488 sindona,
2731 4421 2889 4492 cujus
2923 4423 2977 4477 in
3017 4433 3192 4479 morte
3229 4441 3363 4479 usus
3396 4426 3663 4492 habetur;
3700 4439 3755 4480 et

2183 4513 2671 4584 trapezophorum,
2704 4515 2847 4570 sicut
2880 4516 2973 4570 Dei
3009 4516 3162 4572 locus
3194 4526 3249 4570 et
3279 4518 3452 4572 altare
3476 4561 3491 4584 ,
3537 4529 3757 4586 propter

515 4611 827 4679 λάμψαντος
866 4610 1030 4663 αὑτοῦ
1084 4609 1516 4680 συνεξέλαμψαν,
1543 4611 1640 4664 καὶ
1683 4611 1751 4663 τά
1798 4613 2079 4681 κράσπεδα

2185 4606 2381 4660 divina:
2419 4607 2605 4676 gloria:
2641 4608 2954 4677 amplexum
2977 4647 2993 4672 ,
3032 4617 3084 4662 et
3118 4608 3171 4661 in
3211 4609 3471 4662 honorem
3507 4610 3626 4678 ejus
3663 4612 3754 4679 qui

514 4704 715 4757 τούτων
755 4703 1171 4775 ἀρρωστοῦντας
1218 4702 1434 4758 ἱάσαντο
1455 4717 1468 4732 °
1499 4705 1593 4756 καὶ
1626 4703 1839 4769 είλητδν
1866 4703 1954 4756 ἐπ’
1982 4706 2080 4756 αὑ-

513 4797 624 4856 τοῖς
661 4795 749 4848 διά
779 4797 839 4848 τὸ
893 4795 1175 4863 σουδάριον
1204 4795 1262 4846 τῦ
1293 4794 1384 4846 ἐπὶ
1417 4795 1515 4864 τῆς
1570 4794 1812 4861 κεφαλῆς
1837 4795 2026 4856 αὑτοῦ,
2052 4795 2080 4847 ὃ

514 4893 681 4960 χωρὶς
702 4885 770 4959 ἦν
799 4888 1242 4956 ἐντετυλιγμένον
1275 4889 1353 4950 εἰς
1385 4886 1483 4940 ἕνα
1512 4885 1700 4940 τόπον.
1738 4889 1842 4941 Καὶ
1871 4888 2080 4941 τούτων

515 4985 626 5036 ἄνω
649 4983 709 5035 τὺ
744 4982 1092 5050 Εὑαγγέλιον,
1120 4980 1254 5032 αὐτὸ
1284 4980 1348 5048 δὴ
1381 4981 1440 5032 τὸ
1479 4980 1779 5049 κηρυχθέν,
1809 4981 1840 5047 ἢ
1881 4981 2081 5050 μᾶλλον

517 5077 543 5126 ὁ
581 5073 896 5144 κηρυχθεὶς,
942 5072 1030 5125 ἴνα
1063 5071 1319 5140 καθαρῶς
1349 5071 1545 5142 ὁρᾶται
1579 5072 1780 5133 πάντα,
1817 5072 1979 5134 αὑτός
2021 5091 2080 5124 τε

515 5165 857 5234 ὀΔεσπὸτης,
894 5164 990 5217 καὶ
1031 5163 1098 5216 τὰ
1137 5163 1327 5226 αὑτοῦ,
1364 5163 1439 5226 ὡς
1482 5164 1577 5216 καὶ
1607 5163 1693 5215 διὰ
1721 5164 1830 5215 τῶν
1875 5180 2084 5232 μυστη-

519 5256 648 5326 ρίων
672 5258 860 5324 ὁρᾶται
889 5255 1147 5323 θυόμενός
1174 5271 1233 5306 τε
1263 5253 1357 5306 καὶ
1403 5255 1672 5322 κείμενος.
1715 5254 1806 5306 Διὸ
1842 5257 1934 5306 καὶ
1965 5255 2086 5306 ὅττι-

521 5345 646 5398 σθεν
677 5346 770 5397 τοῦ
814 5344 1201 5414 θυσιαστηρίου
1234 5343 1400 5397 αὑτοῦ
1449 5343 1505 5410 ἐξ
1536 5344 1811 5398 ἀνατολῶν
1844 5346 1903 5397 τὸ
1935 5345 2084 5397 εὐλο-

521 5435 754 5505 γημένον
778 5438 1005 5502 ὄργανον
1028 5435 1123 5504 τῆς
1147 5435 1335 5498 θυσίας
1356 5438 1382 5486 ὁ
1413 5437 1552 5499 θεῖος
1582 5436 1793 5489 ἵσταται
1827 5437 2080 5504 σταυρὸς,

518 5528 860 5598 τετραμερὴς
889 5528 964 5580 ὢν
994 5527 1081 5581 διὰ.
1105 5529 1192 5580 τὸν
1219 5529 1276 5580 ἐν
1307 5527 1455 5596 αὐτῷ
1491 5529 1900 5597 προσπαγέντα,
1932 5530 1998 5580 τά
2025 5545 2084 5580 τε

520 5620 633 5673 ἄνω
662 5623 752 5672 καὶ
792 5623 942 5672 κάτω
974 5621 1064 5674 καὶ
1089 5620 1156 5673 τά
1197 5620 1494 5688 σύμπαντα
1536 5621 1876 5687 πεποιηκότα
1909 5639 1963 5672 τε
1993 5621 2085 5671 καὶ

521 5715 832 5782 συν.’χοντα,
869 5713 964 5765 καὶ
1021 5713 1087 5764 τά
1149 5713 1261 5765 ἄνω
1303 5717 1415 5774 τοῖς
1473 5711 1568 5765 ἐπὶ
1630 5714 1728 5781 γῆς
1778 5711 2082 5776 ὲιώσαντα,

516 5802 722 5855 ἄνωθεν
755 5803 904 5855 κάτω
931 5804 1263 5868 καταϐάντα,
1284 5804 1530 5858 κάτωθεν
1553 5821 1611 5856 τε
1644 5805 1756 5857 ἄνω
1779 5805 2079 5872 ὑψωθέντα,

522 5895 613 5945 καὶ
673 5896 728 5946 ἐν
785 5895 961 5965 ἐαυτῴ
1011 5895 1186 5950 πάντα
1245 5894 1542 5961 ἐνώσαντα,
1591 5897 1683 5949 καί
1747 5896 1811 5950 τά
1869 5894 2079 5966 πέρατα

2183 4713 2406 4753 carnem
2453 4714 2618 4767 super
2660 4715 2720 4753 se
2766 4701 2997 4768 gestavit
3036 4708 3091 4752 et
3137 4701 3319 4754 tunica
3365 4700 3592 4756 indutus
3637 4712 3755 4766 est;

2184 4809 2324 4862 qum,
2356 4795 2474 4861 ipso
2503 4793 2739 4859 lucente,
2768 4795 3134 4860 colluxerunt,
3164 4806 3218 4850 et
3271 4797 3385 4852 oris
3415 4799 3532 4853 suis
3585 4812 3758 4865 aegro-

2185 4893 2364 4940 tantes
2395 4895 2747 4941 sanaverunt.
2781 4887 2846 4939 Et
2877 4886 3219 4941 involucrum
3253 4903 3420 4957 super
3450 4889 3557 4943 illis
3577 4934 3591 4955 ,
3627 4905 3756 4958 pro—

2185 4984 2307 5042 pter
2348 4976 2631 5030 sudarium
2679 4976 2823 5046 quod
2869 4993 3029 5046 super
3067 4989 3228 5047 caput
3273 4980 3446 5048 ipsius
3492 4981 3752 5048 positum,

2186 5083 2433 5123 seorsum
2467 5080 2648 5138 postea
2682 5071 2961 5126 inventum
2988 5081 3073 5126 est
3101 5073 3357 5140 plicatum
3391 5075 3442 5126 in
3475 5089 3584 5126 uno
3616 5073 3754 5128 loco.

2188 5161 2253 5215 Et
2279 5176 2442 5228 super
2471 5163 2554 5216 his
2582 5162 2935 5233 Evangeliqu
2989 5165 3119 5219 illud
3151 5167 3296 5234 quod
3326 5175 3472 5219 certe
3499 5167 3756 5232 praulica.

2189 5263 2302 5310 tum
2334 5264 2438 5320 est,
2473 5257 2556 5311 vel
2588 5258 2771 5326 potius
2803 5259 2891 5312 ille
2920 5259 3010 5326 qui
3045 5258 3368 5326 praedicatus
3400 5266 3501 5322 est,
3537 5267 3595 5309 ut
3623 5272 3756 5311 cun-

2186 5355 2273 5402 cta
2307 5363 2438 5416 pure
2471 5347 2778 5413 videantur,
2812 5350 2927 5418 ipse
2961 5348 3222 5402 Dominus
3253 5358 3308 5402 et
3333 5365 3396 5402 ea
3426 5364 3547 5417 quze
3581 5347 3755 5416 ipsius

2189 5448 2340 5500 sunt,
2376 5436 2518 5491 sicut
2552 5453 2645 5504 per
2678 5439 2929 5506 mysteria
2967 5437 3178 5491 videtur
3213 5438 3526 5493 immolatus
3561 5447 3616 5492 ct
3651 5438 3755 5497 Ito-

2189 5531 2292 5585 stia
2320 5531 2526 5599 jacens.
2555 5529 2788 5598 Ideoque
2814 5540 2934 5598 post
2960 5530 3134 5598 ipsius
3158 5531 3330 5584 altare
3355 5545 3548 5585 versus
3575 5533 3756 5586 orien-

2191 5631 2295 5675 tem
2334 5631 2442 5674 stat
2483 5620 2824 5674 benedirtum
2868 5618 3258 5675 immolationis
3305 5620 3754 5684 instrumentum,

2189 5712 2369 5765 divina
2417 5729 2584 5776 erttx,
2635 5711 3064 5780 quadripartita,
3118 5722 3339 5780 propter
3385 5728 3507 5767 eum
3558 5714 3648 5781 qui
3701 5715 3754 5765 in

2190 5806 2306 5871 ipsa
2341 5802 2682 5865 fuitaﬂixns,
2715 5804 2806 5871 qui
2841 5812 3037 5858 cuncta
3072 5802 3326 5864 inferiora
3361 5804 3754 5872 Sltpet'iot'ntwc

2191 5893 2322 5949 fecit
2347 5908 2407 5948 ac
2436 5903 2740 5959 conservat,
2771 5896 2860 5963 qui
2889 5892 3167 5964 superiora
3195 5895 3423 5948 terrenis
3448 5891 3747 5960 conjunxit,
