4114 6272
855 478 1084 533 CAPUT
1123 477 1440 535 CXXXVII.

398 593 580 660 Quare
607 585 661 644 in
686 590 878 645 concha
921 592 1136 644 bematis
1165 589 1232 642 sit
1258 589 1506 660 sacellum
1538 603 1674 656 quoa
1705 585 1962 654 prothesis

767 661 966 712 dicitur
992 669 1041 713 et
1065 661 1188 728 quid
1211 662 1306 713 hoc
1333 659 1611 727 signiﬁcet.

471 750 546 803 Et
566 749 787 820 obliquo
806 766 934 805 vero
963 749 1284 812 sanctuarii,
1312 748 1531 800 armarii
1560 746 1732 810 locus,
1761 745 1851 813 qui
1878 743 1966 798 di-

369 838 372 840 ⁷
399 845 543 896 citur
574 842 869 912 prothesis,
904 842 1177 910 Bethleem
1211 849 1263 894 et
1316 841 1630 910 speluncam
1662 837 1964 900 describit;

402 935 559 991 Unde
594 945 681 991 est
707 936 855 990 velut
887 934 940 988 in
975 935 1198 1004 angulo,
1235 947 1337 988 nec
1368 932 1555 1000 procul
1591 932 1660 985 ab
1691 930 1874 993 altari,
1905 929 1970 983 li-

403 1035 488 1079 ret
524 1026 736 1093 longius
762 1025 892 1080 olim
925 1034 1108 1080 essent
1143 1025 1199 1079 in
1247 1015 1459 1093 magnis
1489 1023 1709 1087 templis
1749 1031 1970 1090 prepter

403 1130 661 1169 vasorum
711 1116 1039 1170 custodiam.
1093 1114 1247 1180 Quod
1297 1123 1480 1169 autem
1525 1122 1612 1168 est
1653 1112 1704 1166 in
1741 1112 1967 1181 angulo,

399 1202 675 1272 signiﬁcat
699 1203 840 1258 istud
869 1204 1026 1273 primi
1069 1201 1200 1259 Jesn
1246 1205 1516 1258 adventus
1567 1210 1967 1271 paupertatem,

402 1304 456 1347 et
491 1302 710 1357 egestas
743 1295 844 1350 loci
871 1295 1027 1366 quasi
1057 1294 1327 1365 speluncae
1354 1293 1748 1350 obscuritatem
1784 1306 1847 1345 ac
1889 1291 1972 1344 in-

404 1385 713 1440 ﬁrmitatem
746 1385 970 1440 indicat.

874 1588 1102 1646 CAPUT
1139 1589 1474 1646 CXXXVIII.

407 1702 560 1766 Quod
594 1705 853 1775 prothesis
900 1713 950 1757 et
985 1720 1099 1774 qum
1134 1707 1191 1758 in
1229 1705 1324 1758 illa
1356 1715 1502 1764 sunt.
1565 1707 1849 1774 imaginem
1892 1708 1971 1775 fe-

478 1783 602 1844 runt
643 1774 981 1844 Bethlehemi,
1013 1784 1060 1827 et
1103 1792 1280 1828 eorum
1319 1791 1436 1844 qua:
1470 1777 1611 1828 circa
1644 1774 1972 1831 nativitatem

477 1842 693 1907 Christi,
727 1853 777 1896 et
809 1843 1141 1896 adorationis
1172 1842 1444 1915 magorum
1479 1847 1831 1914 contigerunt.

481 1957 584 2012 Ubi
632 1974 868 2028 quoque,
917 1967 1176 2027 tanquam
1234 1974 1500 2029 praesepe,
1553 1961 1706 2016 locus
1752 1971 1834 2016 est
1883 1962 1978 2030 qui

408 2052 746 2107 oblationem
781 2068 810 2107 a
846 2052 1118 2122 principio
1144 2052 1364 2122 recipit,
1395 2062 1448 2107 et
1481 2063 1566 2108 est
1587 2068 1753 2123 prope
1781 2053 1978 2118 altare,

408 2144 666 2209 quoniam
711 2143 957 2212 proxima
994 2141 1348 2214 Jerosolymis
1381 2154 1434 2199 et
1482 2144 1683 2201 Christi
1729 2145 1980 2215 sepulcro

413 2236 692 2292 Bethleem
717 2246 822 2305 est;
851 2238 940 2292 ubi
969 2239 1202 2307 primum
1230 2237 1534 2307 depositum
1567 2241 1669 2293 I'uit
1696 2254 1796 2309 pro
1821 2239 1981 2294 nobis

411 2343 543 2383 raro
568 2329 764 2383 factum
796 2329 889 2384 Dei
920 2329 1177 2395 Verbum;
1207 2340 1392 2385 natum
1421 2332 1636 2400 quidem
1664 2333 1733 2387 de
1759 2331 1980 2402 Virgine

414 2432 630 2490 sancta,
658 2432 713 2478 et
745 2425 864 2480 ideo
905 2426 970 2481 de
1004 2425 1285 2482 oblatione
1318 2441 1452 2497 puta
1495 2428 1661 2498 panis
1694 2428 1978 2495 educitur;

411 2531 576 2585 supra
614 2531 744 2571 vero
779 2519 1137 2589 semetipsum
1192 2521 1407 2574 stellam
1459 2521 1762 2588 deducens,
1815 2539 1981 2592 quam

411 2609 710 2663 asteriseus
745 2609 1021 2679 signiﬁcat
1044 2625 1062 2678 ;
1110 2611 1530 2684 involutumque
1584 2617 1805 2684 pannis,
1844 2633 1983 2697 quos
2025 2643 2032 2658 -

414 2702 660 2756 indicant
697 2703 1013 2770 velamina;
1043 2704 1262 2772 triaque
1293 2704 1437 2760 dona
1473 2709 1773 2776 accipiens;
1811 2719 1863 2762 et
1889 2726 1984 2776 pro

414 2794 560 2860 istis,
609 2796 726 2850 haec
775 2797 877 2851 tria
932 2806 1062 2853 sunt
1104 2812 1120 2851 :
1173 2815 1270 2870 pro
1302 2816 1460 2865 auro,
1501 2815 1656 2854 saera
1694 2816 1820 2858 vasa
1863 2817 1984 2871 quae

413 2885 518 2954 ipsi
546 2886 688 2939 dona
724 2897 853 2942 sunt
898 2889 1116 2957 oblata;
1147 2905 1245 2960 pro
1275 2893 1492 2961 myrrha
1523 2903 1728 2958 autem,
1773 2893 1986 2948 involu-

412 2995 635 3034 crarum
667 2979 960 3046 velamina,
987 2983 1130 3039 inter
1160 3000 1282 3052 qua:
1308 2992 1558 3038 vocatum
1593 2984 1846 3050 funebre,
1872 2988 1984 3042 sin-

414 3075 559 3126 dona
591 3073 826 3144 myrrha:
856 3074 1212 3144 coniunctam
1261 3075 1622 3147 signiﬁcans;
1659 3087 1714 3133 et
1762 3094 1861 3148 pro
1906 3078 1985 3132 li-

415 3165 580 3231 hano,
615 3166 936 3238 thymiama.
975 3168 1077 3224 Pro
1117 3169 1438 3225 adoratione
1469 3178 1654 3224 autem
1685 3177 1739 3224 et
1782 3169 1984 3237 glorlﬁ-
2013 3207 2057 3268 Ο

413 3256 634 3310 ratione
691 3267 970 3326 pastorum
1030 3268 1086 3313 et
1144 3274 1426 3330 magorum
1462 3301 1479 3326 ,
1529 3262 1874 3316 sacerdotum
1931 3271 1986 3316 et

417 3349 604 3419 populi
657 3359 785 3404 sunt
850 3364 1039 3417 preces
1083 3362 1139 3406 et
1190 3352 1401 3407 laudes.
1434 3353 1498 3406 Et
1528 3367 1656 3407 ecce
1704 3368 1825 3410 oua:
1856 3363 1987 3408 sunt

419 3441 694 3509 prothesis
725 3441 780 3496 in
818 3440 1095 3496 Bethleem
1127 3443 1471 3499 considerata
1500 3453 1650 3500 sunt.

910 3645 1140 3702 CAPUT
1181 3644 1470 3701 CXXXIX.

421 3742 497 3796 De
527 3741 802 3812 semirycio
837 3741 1059 3795 bematis
1087 3749 1137 3794 et
1161 3741 1224 3792 de
1251 3742 1544 3795 velamento
1574 3754 1744 3793 sacra:
1773 3753 1986 3792 mensae.

487 3903 606 3957 Jam
662 3901 942 3956 videmnus
977 3901 1141 3955 etiam
1204 3914 1269 3954 ea
1328 3914 1449 3968 qua:
1480 3906 1609 3952 sunt
1648 3905 1800 3951 extra
1851 3905 1992 3950 tem-

423 3998 606 4062 plum;
638 3994 780 4060 quod
818 4005 967 4048 certe
999 3991 1269 4048 visibilem
1305 3990 1567 4045 mundum
1603 3989 1872 4060 signiﬁcat
1895 4005 1910 4057 ;
1937 4000 1992 4044 et

421 4088 579 4156 quasi
620 4087 838 4155 quidem
870 4101 1034 4155 super
1064 4085 1264 4140 caelum
1295 4083 1668 4139 sanctuarium
1697 4124 1712 4148 ,
1750 4083 1994 4153 hemicy-

421 4181 587 4234 elinm
613 4179 792 4234 habet.
825 4178 938 4233 lloc
963 4178 1166 4248 ubique
1201 4176 1471 4246 reperitur
1495 4176 1546 4228 in
1575 4175 1831 4230 omnibus
1859 4183 1996 4228 tem-

424 4274 551 4343 plis,
594 4282 652 4326 ut
709 4270 856 4340 quod
897 4279 982 4324 est
1038 4271 1433 4340 supercmleste
1485 4267 1776 4335 signiﬁcet,
1831 4266 1995 4321 sicuti

425 4367 635 4418 concha
664 4364 780 4418 sive
825 4363 1099 4431 prothesis
1146 4377 1211 4416 ex
1261 4361 1506 4430 obliquo,
1541 4371 1600 4416 ut
1649 4361 1852 4414 dictum
1888 4369 1993 4422 est,

426 4456 743 4525 speluncam
767 4453 823 4508 in
853 4455 1126 4510 Bethleem
1154 4462 1534 4523 representat.
1557 4453 1785 4506 Sacrum
1814 4460 1993 4505 autem

1203 363 1346 423 SYM
1362 359 1596 422 EONIS
1633 355 2388 451 TIIESSALONICENSIS
2441 357 2638 416 ABCII
2654 355 2789 418 ΙΕΡ.

2006 1853 2054 1912 Β

3537 356 3639 417 348

2629 469 2883 522 ΚΕΦΑΛ.
2912 465 3074 520 ΡΛΖ’.

2080 583 2247 636 Amr!
2296 583 2369 636 ἐν
2411 583 2603 652 κόγχῃ
2655 583 2694 650 ἡ
2738 583 3042 704 «priimam,
3079 580 3176 635 καί
3229 581 3283 633 τί
3336 578 3487 644 αὕτη
3530 595 3678 652 ση-¹

2745 669 2823 704 ιια
2851 668 2962 704 νει.

2685 709 2692 712 _
2739 668 2962 720 μαινει.

2152 745 2212 798 '0
2245 746 2307 798 ὲκ
2334 745 2568 812 πλαγίου
2595 744 2651 798 δὲ
2676 743 2770 798 τοῦ
2801 744 3046 813 βήματος
3075 742 3169 796 τοῦ
3204 742 3637 812 σκευοφυλακίου

2067 837 2252 898 τόπος.
2287 835 2344 898 ὃς
2369 837 2463 888 καὶ
2489 836 2706 902 λέγεται
2733 836 3016 907 πρόθεσις,
3046 836 3145 905 τὴν
3170 835 3416 905 Βηθλεὲμ
3454 841 3548 890 καὶ
3581 838 3640 887 ea

2071 927 2337 996 σπήλαιον
2383 928 2696 996 διαγράφει.
2722 928 2889 982 Ὅθεν
2933 933 3029 984 καὶ
3071 927 3147 990 ὡς
3193 930 3250 982 ἐν
3292 927 3466 999 γωνία
3503 929 3639 992 ἐστὶ,

2071 1017 2285 1070 καὶτοῦ
2311 1018 2702 1087 θυσιαστηρίου
2736 1021 2798 1072 οὗ
2837 1019 3048 1091 πόρῤω,
3088 1021 3134 1072 εί
3177 1021 3272 1073 καὶ
3305 1020 3640 1092 πορρωτέρω

2073 1108 2202 1162 ποτὶ
2249 1111 2307 1162 ὲν
2337 1111 2449 1174 τοῖς
2481 1110 2738 1179 μεγάλοις
2773 1106 2915 1182 ἦσαν
2945 1113 3093 1171 ναοῖς
3125 1111 3214 1164 διὰ
3258 1112 3357 1181 τὴν
3393 1112 3641 1181 φυλακὴν

2071 1203 2180 1254 τῶν
2235 1203 2467 1256 σκευῶν.
2500 1203 2575 1256 Τδ
2634 1205 2692 1256 έν
2736 1204 2910 1276 γωνίᾳ
2959 1198 3052 1257 οῦν
3101 1200 3243 1258 εἶναι
3279 1203 3438 1259 τοῦτο
3466 1205 3641 1274 δηλοῖ,

2071 1295 2172 1360 τὴν
2219 1295 2320 1362 τῆς
2375 1294 2600 1365 πρώτης
2641 1297 2946 1366 παρουσίας
2997 1297 3272 1366 πτωχείαν
3303 1291 3396 1348 τοῦ
3441 1295 3639 1364 Ἰησοῦ,

2074 1387 2170 1439 καὶ
2198 1387 2261 1439 τὺ
2292 1389 2552 1458 πενιχρὶν
2578 1388 2673 1440 τοῦ
2707 1390 2910 1458 χωρίου
2949 1389 3046 1442 καὶ
3088 1390 3296 1456 ἀφανὲς
3329 1389 3517 1458 σχεδὸν
3545 1387 3641 1444 τοῦ

2075 1477 2341 1548 σπηλαίου
2374 1481 2468 1534 καὶ
2503 1479 2867 1550 αὐτοσχέδιον.

2625 1595 2876 1648 ΚΕΦᾹΛ.
2919 1596 3091 1650 PAU’.

2077 1707 2201 1759 Ὅτι
2251 1706 2288 1772 ἡ
2347 1707 2633 1771 πρόθεσις
2684 1706 2884 1759 καὶτὰ
2938 1706 3188 1774 ἐναὺτῇ
3218 1707 3334 1773 τὴν
3373 1707 3644 1774 Βηθλεὲμ

2148 1775 2441 1845 εικονίζει,
2479 1776 2577 1845 καὶ
2613 1778 2685 1830 τὰ
2713 1776 2811 1829 ἐπὶ
2832 1775 2907 1843 τῇ
2938 1777 3219 1844 γεννήσει
3244 1778 3350 1832 τοῦ
3377 1777 3648 1845 Σωτῆρος

2150 1844 2340 1916 ἡμῶν,
2373 1846 2472 1899 καὶ
2499 1844 2576 1912 τῇ
2609 1847 3028 1914 προσκυνήσει
3055 1847 3172 1901 τῶν
3197 1848 3423 1918 μάγων.

2156 1960 2324 2014 Ἔνθα
2354 1962 2448 2013 καὶ
2477 1961 2553 2016 ὡς
2593 1959 2769 2030 cpiqu
2815 1963 2843 2014 6
2882 1960 3045 2024 τόπος
3083 1963 3112 2014 6
3141 1961 3240 2032 τὴν
3273 1962 3649 2041 προσκομιδὴν
3715 1943 3718 1946 ’

2081 2045 2318 2123 ὲξαρχῆς
2347 2052 2659 2123 δεχόμενος.
2688 2054 2798 2107 Καὶ
2834 2054 3064 2122 πλησίον
3102 2053 3197 2106 τοῦ
3228 2054 3648 2124 θυσιαστηρίου,

2081 2146 2162 2200 ὅτι
2206 2147 2303 2199 καὶ
2358 2146 2524 2213 ἐγγὺς
2580 2145 2690 2198 τῶν
2728 2145 3123 2215 Ἰεροσολύμων
3181 2148 3274 2200 καὶ
3328 2146 3424 2198 τοῦ
3477 2146 3651 2213 τάφου

2082 2237 2292 2305 Κυρίου
2335 2239 2370 2308 ἡ
2408 2236 2680 2306 Βηθλεὲμ,
2715 2237 2845 2290 ἔνθα
2889 2236 2954 2306 δὴ
2991 2239 3085 2290 καὶ
3115 2237 3469 2307 προαπετέθη
3515 2255 3650 2308 σαρ-

2083 2329 2283 2391 κωθεὶς
2314 2331 2342 2382 6
2383 2329 2478 2382 τοῦ
2511 2328 2647 2382 Θεοῦ
2687 2328 2829 2399 ὑπὲρ
2864 2331 3023 2399 ἡμῶν
3070 2329 3264 2396 Λόγος,
3302 2329 3517 2399 τεχθεὶς
3551 2329 3653 2398 μὲν

2083 2423 2150 2479 ἐκ
2176 2423 2450 2494 Παρθένου
2490 2421 2674 2491 ἁγίας,
2696 2422 2774 2481 διδ
2801 2422 2896 2478 καὶ
2925 2421 3031 2478 ἀπὸ
3055 2423 3300 2493 καθαρᾶς
3331 2423 3651 2494 προσφορᾶς

2084 2517 2112 2570 6
2165 2515 2330 2584 ἄρτος
2379 2515 2660 2583 ἐξάγεται,
2691 2515 2874 2570 ἐπάνω
2917 2517 2982 2569 δὲ.
3029 2515 3224 2569 ἑαυτοῦ
3282 2516 3510 2585 ἀγαγὼν
3563 2517 3644 2570 τόι

2084 2607 2314 2679 ἀστέρα,
2345 2608 2403 2661 ὃν
2431 2609 2523 2661 καὶ
2555 2609 2584 2659 6
2613 2609 2934 2679 ἀστερίσκος
2961 2601 3065 2661 ὧδε
3101 2610 3287 2676 τυποῖ,
3317 2608 3655 2677 σπαργάνοις

2085 2716 2144 2751 τε
2171 2698 2427 2769 εἰληθεὶς,
2444 2699 2479 2754 ἃ
2500 2699 2564 2770 δὴ
2587 2700 2914 2769 σημαίνουσι
2929 2701 2998 2754 τὰ
3016 2699 3372 2770 καλύμματα,
3392 2702 3487 2753 καὶ
3508 2700 3658 2770 δῶρα

2085 2791 2270 2846 λαϐὼν
2319 2793 2540 2863 τρισσὰ,
2575 2793 2668 2846 καὶ
2714 2794 2834 2845 ἀντὶ
2862 2792 3071 2847 τούτων
3101 2792 3170 2847 τὰ
3200 2793 3328 2864 τρία
3361 2793 3554 2859 ταῦτα,
3586 2793 3657 2846 τὰ

2089 2884 2212 2954 ἱερὰ
2266 2885 2459 2955 σκεύη,
2487 2885 2608 2939 ἀντὶ
2661 2884 2888 2956 χρυσοῦ,
2947 2886 3018 2940 τὰ
3075 2885 3450 2955 προσαχθέντα
3503 2885 3658 2953 δῶρα

2087 2976 2238 3046 αὐτῷ
2258 2992 2272 3008 ο
2302 2976 2423 3030 ἀντὶ
2448 2976 2504 3030 δὲ
2533 2977 2636 3046 τῆς
2666 2976 2916 3047 σμύρνης
2953 2977 3062 3032 τῶν
3092 2977 3470 3048 καλυμμάτων
3501 2977 3658 3047 132

2088 3069 2155 3121 τὰ
2187 3067 2385 3132 πέπλα,
2417 3068 2512 3121 καὶ
2535 3071 2563 3122 6
2593 3065 2933 3138 καλούμενος
2977 3069 3289 3138 ἐπιτάφιος,
3318 3067 3418 3138 τὴν
3448 3068 3659 3121 σινδόνα

2090 3160 2274 3214 tunth
2330 3159 2621 3214 ἐνωθεῖσαν
2668 3163 2734 3231 τῇ
2790 3159 3004 3231 σμύρνῃ
3033 3198 3054 3224 ,
3097 3160 3193 3213 καὶ
3235 3159 3486 3229 θυμίαμα
3535 3162 3660 3214 ἀντὶ

2088 3252 2427 3305 λιϐανωτοῦ⁶
2462 3252 2586 3305 ἀντὶ
2631 3251 2689 3304 δὲ
2736 3252 3162 3322 προσκυνήσεως
3208 3251 3305 3304 καὶ
3353 3249 3661 3318 δοξολογίας

2089 3346 2190 3412 τῆς
2221 3343 2373 3414 παρὰ
2413 3343 2522 3396 τῶν
2570 3342 2847 3412 ποιμένων
2879 3343 2971 3396 καὶ
3013 3343 3203 3412 μάγων
3251 3342 3310 3396 αἱ
3340 3342 3430 3395 διὰ
3460 3344 3654 3411 ἱερέων

2090 3437 2186 3490 καὶ
2211 3434 2303 3487 τοῦ
2331 3432 2462 3488 λαοῦ
2492 3434 2655 3504 ἐὐχαὶ
2689 3435 2782 3486 καὶ
2815 3433 3143 3502 δοξολογίαι.
3184 3434 3295 3486 Καὶ
3326 3435 3435 3488 ἰδοὺ
3469 3433 3537 3487 τὰ
3566 3433 3663 3503 τῆς

2093 3531 2406 3601 προθέσεως
2446 3532 2502 3586 ὲν
2531 3533 2596 3600 τῇ
2639 3529 2887 3601 Βηθλεὲμ
2913 3529 3276 3600 τεθεώρηται.

2653 3645 2899 3698 ΚΕΦΑΛ.
2937 3644 3100 3698 ΡΛΘ’.

2095 3738 2233 3808 Περὶ
2267 3737 2374 3792 τοῦ
2413 3738 2781 3808 ἡμικυκλίου
2811 3737 2917 3792 τοῦ
2940 3739 3242 3806 βήματος,
3277 3739 3375 3793 καί
3416 3739 3524 3793 τοῦ
3556 3739 3666 3808 τῆς

2435 3807 2728 3875 τραπέζης
2755 3809 3315 3878 καταπετάσματος.

2173 3901 2404 3969 Ἰδωμεν
2458 3900 2514 3952 δὲ
2549 3901 2642 3952 καὶ
2674 3903 2740 3954 τὰ
2794 3901 2996 3965 ἔξωθεν
3031 3900 3125 3954 τοῦ
3182 3903 3334 3968 ναοῦ,
3364 3904 3423 3968 ὃς
3460 3903 3526 3972 δὴ
3572 3902 3668 3955 τὸν

2095 3992 2373 4062 ὁρώμενον
2423 3991 2574 4060 δηλοῖ
2620 3993 2824 4056 κόσμον
2849 4009 2866 4024 ο
2901 3994 2994 4046 καὶ
3043 3993 3120 4056 ὡς
3158 3995 3258 4063 μὲν
3285 3995 3424 4064 ὑπὲρ
3453 3995 3544 4047 τὸν
3578 3995 3668 4047 οὗ·

2099 4085 2262 4158 ρανδν
2291 4083 2353 4136 τὸ
2388 4083 2538 4151 βῆμα
2579 4083 2640 4135 τὸ
2699 4084 3024 4152 ἡμικύκλιον
3061 4084 3193 4153 ἔχει.
3228 4085 3339 4138 Καὶ
3390 4086 3666 4154 πανταχοῦ

2097 4178 2254 4232 τοῦτο
2310 4177 2518 4245 γίνεται
2578 4177 2636 4229 ὲν
2695 4176 2868 4230 ἅπασι
2897 4178 3008 4238 τοῖς
3065 4181 3234 4241 ναοῖς,
3271 4179 3358 4230 ἵνα
3410 4178 3561 4248 δηλοῖ
3609 4179 3671 4230 τὸ

2099 4271 2513 4340 ὐπερουράνιον,
2545 4269 2622 4332 ὡς
2674 4270 2770 4324 καὶ
2818 4271 2850 4339 ἡ
2903 4271 3100 4340 κόγχη,
3145 4271 3261 4338 ἦτοι
3316 4271 3576 4339 πρόθεσις
3607 4270 3670 4322 ἐκ

2101 4362 2356 4428 πλαγίου,
2390 4361 2466 4423 ὠς
2500 4363 2736 4430 εἴρηται,
2778 4360 2840 4413 τὺ
2880 4363 2938 4413 ὲν
2976 4363 3040 4430 τῇ
3099 4361 3347 4430 Βηθλεὲμ
3382 4361 3668 4430 σπήλαιον.

2103 4453 2176 4505 Τὸ
2212 4455 2268 4505 ὲν
2301 4455 2366 4522 τῇ
2410 4452 2533 4523 θείᾳ
2561 4453 2812 4522 τραπέζῃ
2850 4453 2907 4504 δὲ
2945 4452 3093 4521 ἱερὸν
3125 4453 3546 4522 καταπέτασμα,
3569 4451 3666 4520 τὴν

427 4550 482 4600 ἱιι
515 4547 700 4602 divina
733 4563 923 4602 mensa
951 4547 1314 4600 velamentum
1345 4545 1602 4614 exprimit
1642 4545 1738 4598 Dei
1765 4545 1990 4600 immor-

2098 4546 2224 4614 περὶ
2275 4543 2366 4596 τὸν
2427 4543 2560 4595 Θεὸν
2591 4544 2751 4596 ἄῦλον
2781 4542 3006 4614 σκηνὴν,
3040 4544 3157 4613 ἦτοι
3199 4543 3356 4608 δόξαν
3389 4543 3524 4595 Θεοῦ
3579 4541 3672 4594 καὶ

425 4637 556 4691 talis
603 4637 1040 4699 tabernaculum,
1075 4637 1190 4690 sive
1224 4636 1450 4706 gloriam
1504 4637 1594 4690 Dei
1645 4647 1698 4692 et
1744 4640 1997 4708 gratiam.

427 4729 641 4782 Etenim
695 4730 814 4798 ipse
862 4729 1083 4797 quidem
1119 4737 1205 4782 est
1240 4730 1472 4793 velatus,
1511 4729 1735 4785 indutus
1789 4730 2000 4786 lumine

427 4818 574 4871 sicut
599 4819 959 4876 vestimento.
997 4827 1048 4871 et
1085 4833 1254 4886 super
1280 4819 1551 4874 altissimo
1584 4821 1782 4874 throno
1813 4822 2000 4890 gloria)

431 4927 546 4966 sum
571 4911 806 4976 sedens;
833 4910 1063 4964 orhntim
1094 4925 1225 4966 vero
1249 4913 1392 4967 circa
1424 4913 1598 4976 illum,
1639 4915 1913 4983 seraphim
1949 4925 2003 4968 et

433 5002 698 5073 angeli'et
721 5009 1032 5056 sanctorum
1077 5004 1272 5057 animae
1301 5044 1316 5066 ,
1352 5005 1466 5074 qui,
1502 5013 1761 5074 tanquam
1791 5007 2002 5061 colum-

430 5111 559 5155 nas,
611 5094 748 5148 istos
790 5093 990 5146 habent
1037 5095 1389 5150 continentes
1436 5105 1491 5149 et
1542 5097 2002 5168 circumtegentes

429 5189 610 5254 ipsius
661 5187 1082 5258 Evangeliorum
1131 5187 1420 5256 notitiam;
1454 5205 1617 5257 quam
1665 5189 2004 5244 descendens

431 5282 552 5348 ipse
579 5280 747 5344 dedit,
782 5289 836 5334 et
865 5279 930 5332 ad
961 5288 1204 5335 extrema
1240 5279 1410 5344 misit,
1435 5289 1488 5333 et
1521 5295 1584 5334 ex
1611 5280 1866 5333 extremis
1898 5277 2004 5334 Ec-

430 5372 654 5427 clesiam
689 5387 870 5438 suam,
901 5387 1065 5442 quam
1100 5371 1271 5426 univit
1302 5371 1530 5442 angelis,
1557 5371 1932 5441 congregavit.

997 5575 1226 5631 CAPUT
1279 5573 1437 5629 CXL.

442 5661 584 5724 Quid
611 5661 834 5718 inuuant
862 5669 1027 5720 multa
1059 5669 1280 5724 lumina.
1314 5668 1559 5720 duodena
1594 5663 1816 5721 lumina,
1856 5669 2004 5713 terna

513 5730 738 5799 lumina,
771 5745 1062 5806 cwteraque
1085 5754 1200 5806 quae
1227 5740 1278 5790 in
1307 5737 1521 5790 ecclesia
1557 5734 1936 5786 accenduntur.

454 5824 456 5826 ’
521 5821 774 5892 Ideoque,
812 5834 1067 5894 tauquam
1100 5829 1152 5881 in
1177 5829 1318 5883 coelo
1347 5825 1567 5890 visibili,
1594 5824 1648 5877 in
1679 5820 1878 5890 templo
1904 5822 2010 5875 sci-

2103 4628 2350 4708 χάριν,ᾖ
2393 4634 2555 4696 αὐτὸς
2598 4635 2697 4702 μέν
2756 4635 2874 4685 ἐστι
2925 4633 3352 4702 καλυπτόμενος,
3383 4632 3674 4686 ἀναϐαλλόο

2107 4744 2264 4797 μενος
2322 4726 2435 4795 φῶς
2463 4724 2538 4787 ὡς
2597 4725 2831 4793 ἱμάτιον,
2863 4729 2959 4777 καὶ
2984 4725 3077 4777 ἐπὶ
3115 4725 3309 4795 θρόνου
3359 4725 3672 4794 ἐπηρμένου

2103 4821 2202 4887 τῆς
2234 4819 2388 4886 δόξης
2423 4816 2588 4869 αὑτοῦ
2636 4816 2970 4884 καθήμενος,
3008 4818 3139 4887 περὶ
3189 4815 3377 4885 κύκλῳ
3409 4816 3466 4868 δὲ
3501 4814 3668 4868 αὑτοῦ

2104 4911 2362 4978 καὶπερὶ
2417 4907 2600 4973 αὑτὸν,
2629 4905 2698 4959 τὰ
2750 4908 3006 4978 Σεραφὶμ
3057 4908 3154 4961 καὶ
3206 4911 3254 4960 οἱ
3317 4908 3537 4973 ἄγγελοι
3579 4909 3674 4960 καὶ

2105 5002 2311 5067 αἱ,τῶν
2372 5002 2544 5068 ἁγίων
2599 5000 2791 5069 ψυχαὶ,
2825 5001 2875 5052 οἳ
2932 5000 3028 5052 καὶ
3087 4999 3164 5062 ὡς
3215 5001 3444 5062 στύλους
3489 4999 3672 5069 έχουσι

2108 5093 2434 5161 συνέχοντας
2462 5090 2681 5151 τούτους
2713 5091 2802 5143 καὶ
2835 5091 3274 5160 περιστέλλοντας
3294 5092 3400 5143 τῶν
3433 5093 3676 5158 Εὖαγγε-

2105 5185 2233 5237 λίων
2266 5170 2429 5235 αὑτοῦ
2460 5185 2558 5250 τὴν
2578 5182 2800 5250 γνῶσιν.
2842 5184 2945 5234 "llv
2970 5181 3244 5234 κατελθὼν
3269 5183 3428 5244 αὐτὸς
3450 5182 3671 5245 δέδωκε,

2108 5276 2201 5328 καὶ
2232 5277 2344 5336 τοῖς
2379 5276 2610 5345 πέρασιν
2646 5275 3018 5339 ἐξαπέστειλε,
3049 5274 3145 5327 καὶ
3179 5276 3240 5324 ὲκ
3279 5272 3390 5324 τῶν
3421 5271 3678 5338 περάτων

2106 5371 2205 5438 τὴν
2245 5367 2568 5438 Ἐκκλησίαν
2616 5367 2780 5421 αὑτοῦ
2831 5371 3212 5437 συνεστήσατο,
3248 5367 3314 5434 ἣν
3340 5366 3522 5434 ῆνωσε
3558 5365 3673 5425 τοῖς

2108 5461 2382 5529 ἀγγέλοις.

2673 5573 2716 5623 Κ
2728 5572 2848 5624 ΕΦΛ
2859 5576 2900 5625 Α
2912 5611 2924 5625 .
2988 5570 3118 5624 PM'.

2116 5666 2176 5721 Τί
2219 5663 2290 5718 τὰ
2333 5665 2684 5730 πολύφωτα,
2712 5662 3106 5730 δωδεκάφωτά
3145 5677 3207 5730 τε
3258 5660 3357 5711 καί
3402 5660 3678 5724 τρίἐριιιτα,

2239 5735 2338 5788 καὶ
2367 5729 2550 5787 λοιπὰ
2598 5729 2979 5800 ἀναπτόμενα
3008 5734 3076 5784 ἐν
3117 5729 3188 5796 τῇ
3225 5730 3542 5795 ἐκκλησίᾳ.

2181 5827 2273 5881 Διὸ
2314 5830 2404 5881 καὶ
2430 5826 2504 5890 ὡς
2540 5831 2595 5879 ὲν
2628 5824 2837 5895 οὐρανῷ
2881 5825 2955 5895 τῷ
2989 5822 3274 5894 ὁρωμένῳ,
3307 5820 3383 5892 τῷ
3425 5817 3536 5887 ναῷ
3583 5815 3678 5885 δη-
