4114 6272
424 424 536 488 349

1651 434 1746 495 DE
1789 435 2030 496 SACRO
2070 434 2404 498 TEMPLO.

3568 429 3675 494 3ῖο

422 542 580 610 λαδὴ.
615 541 688 604 ὡς
731 540 959 612 ἀστέρες
1003 543 1072 597 τὰ
1121 544 1274 614 φῶτα
1332 547 1634 619 ᾑώρηνται.
1675 552 1785 604 Kal
1837 552 1865 604 ό
1903 551 1995 606 κύ-

2105 553 2256 619 licet,
2295 561 2354 606 ιιι
2383 560 2551 618 astra,
2583 550 2791 606 lumina
2825 549 3279 621 suspenduntur;
3314 554 3471 603 etest
3504 547 3673 602 lumi-

421 633 548 697 κλος
603 634 721 687 ἐστὶ
775 634 885 687 τῶν
917 634 1112 702 φώτων
1162 638 1223 690 τὸ
1273 640 1562 708 στερέωμα
1611 643 2000 713 ύπεμφαίνων,

420 725 516 778 καὶ
549 724 646 786 τὰς
691 721 869 788 ζώνας
918 726 1026 778 τῶν
1057 727 1376 797 πλανητῶν.
1407 730 1518 783 Kal
1565 729 1648 784 ἔτι
1685 732 1852 802 ἔτερα
1885 751 2000 802 φω-

419 817 613 886 τοδόχα
671 816 1034 889 ἀπῃὼρηνται
1067 821 1270 890 σκεύηο
1309 821 1404 874 καὶ
1459 823 1526 875 τὶ
1581 823 1684 892 μὲν
1721 825 1802 888 είς
1826 825 1998 879 τύπον

418 908 514 963 τοῦ
546 909 776 963 παλαιοῦ
803 911 1032 982 πυρίνου
1056 911 1279 981 στόλου,
1307 914 1550 986 στυλώδη
1582 917 1676 970 καὶ
1693 915 1857 988 δρθια
1882 934 1896 947 ο
1929 919 2000 972 τὰ

420 1000 477 1052 δὲ
524 1001 625 1068 τῆς
676 999 842 1070 βάτου
869 1017 885 1032 ο
917 1002 987 1055 τὰ
1041 1003 1098 1055 δὲ
1129 1002 1229 1058 τοῦ
1273 1003 1364 1059 τὸν
1405 1007 1595 1060 Ἠλίαν
1641 991 2000 1072 ἁρπάσαντος

423 1093 688 1161 ἅρματος,
722 1093 866 1163 ἅπερ
921 1095 1061 1148 είσὶν
1108 1095 1157 1148 οί
1213 1098 1420 1166 τροχοί.
1469 1099 1582 1153 Kal
1629 1101 1698 1155 τὰ
1743 1101 1846 1170 μὲν
1882 1117 1998 1170 τρι-

423 1184 618 1252 λαμπῆ
642 1184 730 1238 διὰ
765 1186 864 1254 τὴν
895 1187 1125 1257 Τριάδα,
1163 1188 1240 1252 ὡς
1270 1191 1362 1244 καὶ
1391 1190 1461 1244 τὰ
1513 1195 1798 1262 τρικήρια,
1838 1193 1906 1246 τὰ
1938 1192 1996 1246 δὲ

425 1274 734 1345 ἑπτάλνχνα
764 1276 855 1329 διὰ
871 1279 983 1341 τῶν
1019 1280 1377 1349 χαρισμάτων
1404 1282 1496 1334 τὸν
1537 1282 1770 1354 ἀριθμόν
1795 1298 1811 1316 ⁸
1840 1285 1909 1339 τὰ
1939 1283 1994 1337 δὲ

421 1367 786 1436 δωδεκᾶφωτα
836 1368 925 1422 διὰ
971 1370 1074 1440 τὴν
1116 1371 1227 1425 τῶν
1281 1373 1597 1429 ἀποστόλων
1643 1376 1886 1446 χορείαν,
1917 1369 1994 1430 ὧν

425 1461 521 1514 καὶ
548 1461 710 1528 μέσον
739 1461 799 1514 ἓν
831 1461 1046 1518 ἵσταται
1086 1464 1390 1536 ὑπέρτερον
1424 1468 1561 1537 φῶς,
1593 1467 1673 1534 είς
1695 1470 1869 1524 τύπον
1899 1472 1996 1526 τοῦ

426 1552 662 1619 μεγάλου
713 1555 913 1622 φωτὸς,
949 1557 1045 1609 τοῦ
1083 1557 1282 1628 Ἰησοῦ.
1312 1558 1472 1612 Ἔστι
1521 1561 1579 1614 δι
1614 1564 1709 1615 και
1741 1562 1994 1634 δικήριον

422 1641 482 1692 τ’)
512 1641 702 1711 διφυὲς
735 1643 900 1697 αὐτοῦ
940 1645 1153 1715 δηλοῦν.
1205 1647 1319 1702 Kal
1346 1648 1505 1718 φῶτα
1545 1651 1834 1720 μοναδικὰ,
1867 1652 1900 1723 η
1931 1652 1992 1705 τὸ

424 1734 624 1787 ὲνιαίον
651 1733 751 1804 τῆς
783 1733 1012 1806 Τριάδος
1051 1738 1338 1809 δηλοῦντα,
1366 1742 1398 1812 ἦ
1425 1744 1521 1797 καὶ
1551 1745 1662 1797 τῶν
1696 1746 1869 1814 ἁγίων
1896 1746 1996 1802 ἕνα

422 1819 745 1895 τινὰ,”πρὺς
773 1825 834 1880 δν
868 1829 1224 1902 ἁπῃώρηται.
1249 1833 1370 1896 Φῶς
1406 1835 1518 1904 γὰρ
1556 1838 1699 1890 κατὰ
1734 1838 1991 1910 μετοχὴν,

424 1916 517 1967 καὶ
571 1916 678 1970 τῶν
732 1918 903 1987 ἁγίων
960 1919 1212 1988 ἕκαστος,
1245 1922 1322 1988 ὡς
1374 1927 1472 1979 καὶ
1530 1926 1723 1998 λυχνία
1760 1927 1912 1993 ζῶσα
1959 1931 1996 2001 ἡ

420 2005 566 2099 ψυχὴ
599 2007 766 2064 αὐτοῦ
795 2012 914 2065 ἐστι
965 2012 1281 2082 λάμπουσα.
1326 2017 1393 2072 Ἡ
1447 2020 1750 2099 στερρόρης
1793 2022 1853 2075 δὲ
1903 2023 1997 2076 καὶ

420 2097 734 2167 εὐπρέπεια
754 2100 849 2153 τοῦ
873 2100 1027 2168 ναοῦ,
1059 2102 1156 2156 καὶ
1185 2104 1220 2174 ή
1248 2104 1344 2157 τοῦ
1390 2106 1622 2175 ἐδάφους
1646 2097 1996 2179 τερπνότης,

419 2191 480 2244 τὸ
527 2191 732 2262 ὡραῖον
785 2193 1006 2263 δηλοῦσι
1055 2197 1152 2250 καὶ
1215 2197 1456 2270 καθαρὸν
1510 2200 1623 2255 τῶν
1686 2201 1859 2269 ἁγίων
1902 2204 1999 2256 καὶ

419 2282 721 2351 πάγκαλον,
763 2285 860 2340 καὶ
897 2285 959 2340 τὸ
1014 2287 1113 2341 τοῦ
1152 2290 1490 2359 παραδείσου
1537 2292 1797 2363 τερπνόν.
1839 2293 1996 2346 Ἐπεὶ

420 2377 516 2430 καὶ
543 2375 619 2440 ὡς
643 2377 973 2448 παράδεισον
994 2380 1300 2453 εἰρήκαμεν
1329 2384 1704 2448 είκονίζεσθαι
1733 2385 1828 2440 τὸν
1851 2385 1997 2440 θεῖον

417 2465 567 2520 ναόν.
599 2466 820 2522 Μᾶλλον
846 2468 905 2522 δὲ
933 2470 1030 2524 καὶ
1061 2471 1235 2542 μείζω
1265 2475 1495 2546 παρέχει
1530 2475 1626 2528 τοῦ
1652 2476 1990 2546 παραδείσου

417 2557 487 2610 τὰ
530 2557 829 2626 ἐπουράνια
874 2560 1061 2631 δῶρα·
1100 2563 1164 2616 ού
1221 2565 1381 2630 ξύλον
1441 2565 1592 2636 ζωῆς
1631 2567 1844 2630 ἁπλῶς,
1877 2566 1996 2620 ἀλλ’

418 2647 588 2718 αὑτὴν
641 2648 780 2721 ἔχων
809 2649 908 2721 τὴν
957 2651 1106 2724 ζωὴν
1153 2655 1620 2728 ίερουργουμὲνην
1651 2661 1748 2712 καὶ
1777 2658 1996 2730 διδομέ-

419 2756 537 2810 νην.
575 2740 685 2794 Kal
718 2741 779 2794 οὐ
817 2741 974 2806 ξύλον
1031 2743 1114 2798 ἐτι
1164 2745 1429 2818 κέκτηται
1460 2748 1744 2818 γνώσεως,
1768 2751 1884 2812 τοῖς
1918 2749 1994 2821 μὴ

421 2835 561 2886 κατὰ
589 2833 780 2902 καιρὸν
823 2835 1142 2906 γευομένοις
1199 2839 1496 2911 προξενοῦν
1527 2842 1829 2913 γύμνωσιν.
1859 2844 1996 2900 ἀλλὰ

418 2922 517 2990 τὴν
551 2923 737 2987 ζῶσαν
788 2926 1005 2995 σοφίαν,
1059 2930 1262 3002 ἑαυτὴν
1298 2935 1380 2997 είς
1440 2935 1648 3007 τροφὴν
1697 2937 1794 2991 καὶ
1831 2939 1993 2992 πόσιν

424 3015 768 3086 παρέχουσαν
802 3017 900 3072 καὶ
935 3022 1234 3090 κιρνῶσαν,
1281 3028 1778 3100 προσκαλουμένην
1803 3047 1862 3082 τε
1897 3029 1996 3084 καὶ

422 3107 811 3170 συνετίζουσαν
844 3106 970 3171 τοὺς
1009 3109 1274 3182 ἄφρονας,
1298 3115 1398 3170 καὶ
1432 3115 1502 3171 τὰ
1539 3115 1761 3188 Θύματα
1792 3118 1992 3188 νέμου-

423 3215 540 3264 σαν,
568 3197 631 3252 rb
677 3197 836 3266 σῶμα
889 3197 986 3252 καὶ
1037 3195 1181 3272 αἷμα
1227 3203 1451 3276 ἑαυτῆς,
1483 3207 1581 3260 καὶ
1641 3208 1783 3280 ὑπὲρ
1834 3207 1995 3280 ἡμῶν

424 3291 828 3363 σφαττομένην,
866 3288 962 3343 καὶ
1009 3294 1108 3347 οὐκ
1153 3295 1236 3350 ἐτι
1280 3297 1569 3367 λέγουσαν,
1607 3319 1627 3353 ι
1659 3301 1751 3371 Μὴ
1782 3301 1994 3371 φάγητε

422 3382 518 3434 ἀπ’
538 3382 725 3452 αὐτοῦ,
750 3387 836 3440 ἵνα
865 3389 938 3460 μὴ
955 3388 1284 3458 ἀποθάνητε,
1313 3406 1331 3440 ι
1360 3387 1518 3455 ἀλλὰ,
1545 3390 1762 3459 «Δεῦτε,
1790 3392 1994 3461 φάγετε

422 3475 514 3528 τιν
563 3477 696 3547 ἐμὸν
728 3479 916 3550 ἄρτον.
948 3481 1011 3534 rb
1060 3480 1222 3551 σῶμα
1269 3497 1394 3550 μου,
1433 3489 1528 3534 καὶ
1577 3482 1732 3536 πίετε
1765 3480 1906 3536 οἶνον
1936 3483 1997 3537 ὃν

422 3567 698 3638 κεκέρακα
728 3571 882 3640 ὑμῖν,
919 3573 981 3626 τὺ
1010 3573 1112 3643 τῆς
1146 3573 1340 3643 καινῆς
1377 3574 1644 3645 διαθήκης
1694 3571 1834 3644 αἷμά
1867 3593 1996 3645 μου.

424 3658 534 3714 Καὶ
567 3661 860 3717 ἀπολίπετε
913 3665 1230 3734 ἀφροσύνην
1277 3665 1565 3732 ἀπιστίας,
1597 3670 1693 3719 καὶ
1736 3667 1995 3736 ζήσεσθε.

425 3754 533 3809 Καὶ
561 3754 834 3826 ζητήσατε
863 3757 1129 3828 φρόνησιν
1155 3757 1463 3820 εὐσεϐείας,
1491 3758 1590 3828 ἐμὲ
1613 3758 1860 3828 δηλονότι
1893 3760 1995 3829 τὴν

422 3845 639 3901 πάντων
672 3849 955 3920 φρόνησιν,
993 3848 1081 3904 ἵνα
1114 3845 1348 3921 βιώσητε
1385 3850 1590 3914 ζῶντες
1646 3849 1883 3913 αίωνίως
1905 3865 1922 3882 ο
1963 3866 1984 3902 ι

424 3943 519 3994 καὶ
546 3942 614 3996 τὰ
644 3942 1152 4013 ἐπόμεναντούτοις.
1187 3945 1297 3996 Kal
1328 3942 1412 3997 ἔτι
1445 3944 1646 4015 ὡραῖος
1674 3944 1703 3995 ὁ
1730 3942 1878 4008 ναὸς,
1909 3943 1990 3996 ὅτι

423 4033 611 4087 κάλλει
645 4034 845 4105 ὡραῖος
875 4035 906 4088 ό
942 4038 1079 4108 πρὸς
1113 4037 1260 4108 ἡμᾶς
1301 4035 1700 4107 παραγεγονὼς
1737 4037 1815 4099 ὡς
1850 4053 1996 4091 παν⁴

423 4125 694 4196 ἀμωμος·
757 4130 854 4184 καὶ.
905 4131 1142 4200 νυμφίος
1192 4122 1346 4193 οὗτος
1397 4129 1636 4200 ὡραῖος*
1689 4129 1784 4183 καὶ
1829 4130 1863 4200 ἡ
1909 4145 1998 4181 νε-

420 4223 774 4294 νυμφευμένη
806 4222 952 4294 αύτῷ
983 4223 1184 4296 ὡραία,
1223 4225 1256 4294 η
1296 4221 1614 4290 Ἐκκλησία,
1641 4221 1716 4283 ὡς
1742 4221 1992 4284 ἄσπιλος.

2103 658 2232 699 num
2263 645 2526 710 circulus,
2560 643 2962 698 ﬁrmamentum
3003 657 3286 712 zonasque
3325 642 3671 711 planetarum

2100 737 2496 802 subindicans;
2543 746 2600 792 et
2653 737 2833 793 adhuc
2868 747 2997 792 sunt
3047 735 3217 791 altera
3262 749 3392 790 vasa
3428 735 3494 789 ad
3527 734 3672 788 rcci-

2099 831 2324 900 piendas
2365 831 2520 886 luces
2563 844 2830 901 suspensa
2867 848 2883 888 :
2937 837 2994 885 ct
3039 829 3145 884 alia
3191 827 3408 896 quidem
3449 835 3580 888 sunt
3611 828 3666 882 in

2099 935 2284 996 typum
2306 926 2508 982 veteris
2534 927 2713 996 ignitae
2742 926 3027 986 columnae,
3060 923 3114 979 in
3134 923 3398 978 columna:
3423 919 3663 977 formam

2097 1027 2311 1084 erecta;
2345 1017 2450 1071 alia
2465 1017 2632 1086 ,v‘ero,
2659 1015 2713 1071 in
2755 1025 2941 1086 typum
2977 1016 3138 1082 rubi;
3172 1014 3278 1069 alia
3320 1022 3500 1068 autem
3529 1025 3660 1066 cur-

2101 1123 2194 1163 rus
2220 1106 2392 1160 Ellam
2421 1105 2740 1168 auferentis,
2767 1106 2994 1162 formam
3025 1103 3362 1172 exprimunt,
3393 1111 3447 1157 et
3478 1101 3670 1154 dicun-

2101 1207 2190 1251 tur
2216 1208 2367 1258 rutae;
2405 1195 2508 1250 alia
2542 1203 2674 1250 sunt
2708 1191 2775 1249 ad
2813 1193 2919 1247 tria
2950 1193 3156 1248 lumina
3186 1201 3407 1262 propter
3427 1190 3668 1245 Trinita-

2099 1297 2230 1353 tem,
2275 1289 2421 1343 sicut
2470 1295 2528 1343 et
2569 1286 2713 1342 cerei
2765 1285 3019 1353 trifurci;
3057 1285 3164 1338 alia
3199 1293 3404 1352 septem
3463 1283 3666 1336 habent

2099 1381 2304 1436 lumina
2341 1381 2496 1451 juxta
2545 1393 2833 1434 numerum
2868 1376 3286 1442 charismatum;
3323 1374 3426 1428 alia
3462 1370 3666 1426 duode-

2098 1477 2232 1541 cim,
2261 1482 2485 1545 propter
2512 1473 2883 1544 apostolorum
2921 1472 3154 1527 chorum
3181 1486 3198 1536 ;
3229 1470 3371 1524 inter
3398 1480 3518 1537 quae
3558 1481 3669 1520 me-

2099 1567 2248 1622 dium
2297 1578 2467 1620 tinum
2517 1562 2762 1632 assurgit
2806 1561 3060 1630 superius
3113 1559 3322 1624 lumen,
3376 1555 3432 1610 iu
3477 1565 3664 1624 typum

2100 1657 2284 1728 magni
2340 1655 2586 1720 luminis,
2633 1652 2787 1708 Iesu.
2825 1651 2922 1706 Est
2971 1651 3136 1708 etiam
3183 1647 3404 1719 duplice
3455 1645 3665 1700 lumine

2099 1763 2292 1810 cereus
2315 1747 2384 1803 ad
2421 1747 2692 1816 duplicem
2725 1745 2901 1816 ipsius
2941 1742 3338 1800 ostendendam
3364 1748 3617 1794 naturam
3647 1777 3662 1801 ,

2095 1842 2417 1911 luminaque
2447 1838 2770 1910 singularia,
2800 1851 2922 1908 qua:
2956 1838 3040 1890 vel
3074 1834 3365 1889 Trinitatis
3397 1833 3664 1888 unitatem

2105 1935 2434 2006 signiﬁcant,
2457 1933 2542 1988 vel
2567 1931 2809 1988 indicant
2834 1930 3073 1998 aliquem
3109 1935 3423 1983 sanctorum
3457 1939 3624 1979 unum
3649 1964 3666 1990 ,

2101 2038 2324 2098 propter
2363 2041 2526 2095 quem
2559 2023 2996 2095 suspenduntur.
3031 2022 3239 2076 Lumen
3276 2019 3422 2075 enim
3459 2025 3543 2071 est
3575 2031 3672 2083 per

2098 2118 2570 2189 participationem
2597 2123 2911 2173 sanctorum
2955 2112 3368 2183 unusquisque;
3411 2113 3555 2165 sicut
3583 2108 3667 2162 lu-
3723 2156 3726 2159 .

2098 2226 2260 2268 cerua
2303 2209 2516 2274 vivens,
2565 2209 2743 2278 ipsius
2791 2208 2978 2262 anima
3035 2204 3371 2275 resplendet.
3426 2203 3669 2256 Trinitas

2097 2311 2278 2358 autem
2329 2314 2394 2356 ac
2441 2300 2629 2369 templi
2677 2299 2824 2356 nitor
2868 2305 2924 2354 et
2974 2297 3274 2369 pavimenti
3323 2295 3663 2366 iucunditas,

2098 2401 2416 2450 sanctorum
2447 2391 2931 2463 pulchritudinem.
2979 2391 3275 2461 puritatem
3305 2405 3370 2444 ac
3410 2389 3666 2447 decorem

2101 2492 2520 2554 reprmsentant,
2551 2483 2696 2538 sicut
2729 2493 2784 2539 et
2810 2485 3047 2554 paradisi
3104 2482 3505 2555 iucunditatem
3541 2499 3555 2534 :
3595 2482 3669 2536 si-

2097 2576 2317 2646 quidem
2351 2575 2520 2630 veluti
2555 2574 2870 2644 paradisum
2901 2575 3047 2646 typis
3081 2575 3388 2645 exprimere
3429 2573 3670 2627 diximus

2098 2667 2347 2723 divinum
2399 2665 2702 2735 templum;
2757 2666 2842 2721 vel
2904 2667 3088 2734 potius
3148 2664 3353 2734 majora
3408 2663 3668 2731 paradiso

2096 2765 2345 2830 praestat,
2381 2756 2627 2814 caelestia
2665 2756 2849 2823 dona;
2893 2772 3004 2813 non
3054 2757 3234 2812 solum
3266 2757 3390 2811 vitae
3417 2756 3623 2825 lignum
3649 2795 3667 2819 ,

2095 2849 2191 2906 sed
2233 2849 2403 2918 ipsam
2455 2847 2620 2903 habet
2663 2848 2854 2913 vitam,
2905 2848 2960 2904 in
3015 2849 3190 2904 sacris
3224 2847 3562 2902 immolatam
3604 2861 3666 2899 ac

2098 2941 2375 2999 traditam.
2401 2940 2518 2996 Non
2539 2941 2651 3011 jam
2678 2942 2916 3011 possidet
2949 2941 3190 2997 scientiae
3215 2941 3442 3010 lignum,
3469 2940 3535 2994 de
3560 2939 3666 2992 hoc

2096 3047 2207 3088 non
2235 3038 2544 3100 opportune
2575 3029 2866 3087 edentibus
2912 3031 3146 3088 atterens
3192 3031 3536 3098 nuditatem;
3573 3030 3666 3084 scd

2096 3119 2374 3176 viventem
2410 3121 2760 3192 sapientiam,
2793 3123 3142 3192 semetipsum
3173 3123 3227 3176 in
3261 3122 3444 3177 cibum
3478 3132 3531 3176 et
3567 3135 3665 3189 po-

2021 3237 2068 3300 c
2098 3219 2217 3269 tum
2255 3210 2591 3282 praebentem
2642 3227 2710 3268 ac
2761 3213 3122 3278 miscentem,
3173 3221 3571 3282 vocantemque
3612 3219 3667 3265 ct

2097 3303 2425 3360 excitantem
2464 3303 2843 3374 imprudentes
2871 3343 2889 3370 ,
2931 3319 3141 3360 necnon
3184 3304 3434 3360 victimas
3479 3303 3668 3357 distri-

2098 3395 2380 3460 buentem,
2409 3407 2610 3462 corpus
2653 3405 2708 3450 et
2749 3395 3071 3466 sanguinem
3103 3410 3300 3461 suum;
3356 3403 3410 3448 et
3447 3403 3670 3464 propter

2099 3501 2200 3542 nos
2229 3484 2587 3551 immulatam;
2615 3499 2716 3540 nec
2737 3485 2849 3555 jam
2883 3485 3152 3540 dicentem
3181 3502 3196 3539 :
3230 3501 3248 3536 (
3289 3482 3368 3539 Ne
3391 3483 3666 3538 comedite

2101 3591 2166 3633 ex
2208 3592 2294 3642 eo,
2327 3585 2389 3632 ut
2427 3592 2534 3632 non
2565 3577 2910 3642 moriemini;
2954 3595 2973 3630 ι
3003 3576 3098 3633 sed
3137 3594 3151 3632 :
3185 3596 3203 3629 ι
3245 3575 3458 3640 Venite,
3486 3590 3672 3629 come-

2098 3669 2212 3725 dite
2237 3683 2430 3738 panem
2469 3684 2672 3734 meum,
2707 3683 2907 3738 corpus
2942 3683 3126 3724 meum
3152 3707 3168 3731 ,
3203 3675 3258 3722 et
3286 3666 3457 3722 bibite
3480 3668 3668 3720 vinum

2097 3758 2243 3828 quod
2304 3757 2500 3814 miscui
2566 3756 2739 3822 vobis,
2765 3755 2901 3812 Novi
2941 3756 3276 3810 Testatuenti
3346 3756 3667 3825 sanguinem

2099 3864 2305 3907 meum.
2325 3849 2389 3904 Et
2405 3848 2776 3916 derelinquite
2806 3849 3135 3904 dementiam
3165 3848 3584 3910 incredulitatis,
3617 3857 3670 3900 et

2099 3941 2300 4008 vivite;
2327 3949 2381 3996 et
2403 3940 2632 4011 quaerite
2663 3939 3007 4009 prudentiam
3043 3938 3285 4008 pietatis,
3317 3954 3406 3992 me
3434 3937 3670 3999 scilicet,

2100 4033 2344 4088 omnium
2371 4032 2741 4102 prudentiam,
2759 4040 2818 4085 ut
2841 4030 2960 4086 sitis
2984 4031 3040 4086 in
3073 4039 3336 4086 aeternum
3362 4030 3666 4096 viventesp

2106 4133 2164 4181 et
2192 4126 2279 4180 his
2317 4124 2620 4194 sequentia.
2672 4124 2770 4178 Est
2813 4123 2976 4178 etiam
3017 4122 3324 4193 speciosum
3360 4121 3668 4192 templum,

2103 4215 2360 4286 quoniam
2393 4214 2744 4283 aspectabilis
2773 4223 2892 4269 erat
2916 4215 3096 4285 specie
3126 4215 3218 4286 qui
3259 4214 3411 4270 venit
3441 4213 3508 4268 ad
3542 4226 3663 4274 uos,

421 4324 480 4368 ut
523 4314 1037 4386 irreprehensibilis.
1079 4317 1141 4373 Et
1172 4317 1300 4382 iste,
1346 4332 1582 4387 sponsus
1633 4325 1719 4372 est
1752 4315 2074 4387 speciosus;
2118 4320 2172 4368 et
2205 4309 2304 4381 ipsi
2331 4308 2656 4378 desponsata
2686 4306 2953 4377 speciosa,
2984 4316 3068 4362 est
3102 4307 3365 4373 Ecclesia,
3401 4316 3669 4379 tanquam

423 4409 795 4466 immaculata.

873 4525 1028 4597 133
1072 4527 1318 4582 sema.
1363 4524 1540 4580 PMA’.

2658 4511 2886 4570 CAPUT
2912 4511 3091 4568 CXLI.
3191 4573 3196 4578 ,

421 4621 582 4674 Amr!
603 4619 676 4674 τὰ
703 4617 827 4684 ιερὰ
855 4619 925 4672 ἐν
952 4619 1029 4683 τῷ
1051 4617 1183 4683 νηῷ
1213 4616 1436 4678 πέπλα,
1465 4619 1562 4670 καὶ
1595 4615 1626 4669 δ
1654 4610 1995 4678 πολυτελὴς

2100 4605 2273 4684 Qua_m
2302 4607 2364 4660 ob
2391 4621 2612 4660 causam
2631 4623 2786 4660 sacra
2817 4606 2924 4684 sint
2950 4608 3008 4684 in
3034 4603 3224 4684 tentplo
3259 4603 3448 4684 ρερίαΔὶ
3462 4611 3512 4684 et
3540 4619 3658 4670 prc-

683 4689 934 4758 κόσμος,
965 4688 1066 4742 καί
1097 4689 1136 4757 ἡ
1169 4687 1461 4756 διάφορος
1487 4685 1731 4740 εὐωδία.

494 4781 650 4834 Ἀλλά
674 4767 768 4834 καὶ
795 4780 975 4832 πέπλοι
1002 4780 1156 4849 τίμια
1175 4779 1251 4849 τῷ
1276 4777 1407 4850 ναῷ,
1430 4778 1511 4831 δτι
1539 4795 1558 4829 ι
1589 4779 1615 4830 ι
1640 4776 1771 4839 Θεὸς
1797 4774 1994 4842 εὐπρέ-
2081 4822 2091 4832 ,

428 4885 589 4922 πειαν
620 4868 907 4922 ἐνεδύσατο
930 4885 946 4900 ο
985 4887 1004 4920 ›
1042 4869 1135 4921 καὶ
1167 4869 1248 4932 είς
1275 4867 1442 4922 τύπον
1468 4867 1568 4936 τῆς
1606 4865 1757 4927 Θείας
1793 4865 1996 4936 ἀρετῆς

420 4978 480 5015 τε
513 4963 606 5015 καὶ
640 4962 819 5030 δόξης.
853 4961 964 5014 Kal
994 4959 1198 5031 κόσμος
1227 4958 1552 5028 πολυτελὴς,
1592 4957 1832 5030 ὅτι-,δόξα
1863 4955 1994 5025 παρ’

425 5053 573 5124 αὐτῷ
592 5094 608 5120 ,
643 5053 739 5106 καὶ
769 5052 1041 5123 ὡραιότης
1071 5051 1219 5122 αὒτῴ
1253 5053 1347 5106 καὶ
1380 5051 1598 5112 καλλος.
1631 5050 1744 5103 Kal
1774 5051 1800 5102 ὀ
1831 5046 1994 5100 πλοῦ-

421 5160 512 5207 τος
547 5144 694 5214 αύτῷ
729 5143 838 5198 τῶν
877 5145 1215 5215 δωρημάτων
1254 5142 1440 5206 πολύς.
1479 5143 1588 5196 Καὶ
1631 5142 1854 5205 εὐωδίας
1897 5139 1993 5192 καὶ

427 5233 613 5305 μύρων
645 5235 858 5306 πλήρης
898 5237 926 5289 ὁ
959 5236 1143 5298 τόπος.
1189 5252 1210 5287 ε
1257 5235 1434 5304 Ὀσμὴ
1476 5234 1585 5304 γὰρ
1634 5233 1826 5304 μύρων
1858 5249 1952 5285 σου
1977 5270 1991 5296 ,

425 5329 613 5396 φησὶν,
648 5327 788 5398 ὑπὲρ
829 5329 1011 5381 πάντα
1041 5326 1109 5380 τὰ
1151 5325 1440 5396 ἀρώματα.
1479 5325 1591 5379 Kal
1636 5323 1857 5395 σμύρνα
1896 5323 1992 5376 καὶ

424 5419 625 5487 στακτὴ
657 5417 752 5471 xal
786 5417 953 5470 κασία
993 5416 1098 5470 ἀπὸ
1133 5415 1242 5469 τῶν
1279 5415 1512 5484 ἱματίων
1548 5431 1664 5468 σου.
1711 5433 1729 5466 ε
1771 5413 1992 5482 Ἰμάτια

418 5507 475 5561 δὲ
508 5507 744 5579 Χριστοῦ
779 5508 830 5562 οί
864 5509 985 5561 κατ’
1010 5508 1169 5561 αὐτὸν
1204 5505 1424 5572 ζῶντες.
1457 5504 1549 5558 Διὸ
1584 5509 1680 5559 σὺν
1712 5509 1822 5566 τοῖς
1857 5502 1989 5556 εὐώ-

419 5599 532 5654 δεσι
573 5600 670 5652 καὶ
710 5599 1025 5654 πολυτελέσι
1068 5599 1162 5652 καὶ
1206 5597 1386 5668 ψυχὰς
1429 5598 1524 5652 καλ⁸
1570 5596 1801 5666 σώματα
1848 5593 1988 5662 ἁγνὰ

419 5688 512 5741 καὶ
536 5688 712 5760 εὐώδη
738 5687 912 5760 τούτῳ
939 5686 1242 5758 προσάγειν
1267 5689 1366 5743 δεῖ.
1397 5686 1552 5741 Ἐπεὶ
1583 5687 1675 5739 καὶ
1701 5685 1826 5748 ναδς
1849 5681 1986 5737 Θεοῦ

422 5782 586 5850 ἡμεῖς
609 5781 926 5853 ἐξαιρέτως,
949 5781 1135 5850 ὥσπερ
1161 5783 1251 5835 καὶ
1276 5780 1482 5843 Παῦλος
1509 5796 1642 5849 φησι
1663 5795 1678 5809 ο
1706 5777 1800 5832 καὶ
1826 5777 1984 5848 σῶμα

418 5871 510 5924 καὶ
543 5871 682 5944 μέλη
711 5871 946 5942 Χριστοῦ
974 5889 987 5904 ·
1023 5873 1112 5926 καὶ
1145 5873 1212 5926 δι’
1235 5874 1382 5944 ἡμᾶς
1412 5871 1477 5925 τὰ
1509 5856 1741 5942 αἰσθητᾶ
1771 5868 1939 5922 ταῦτα
1969 5911 1981 5933 ,

2187 4679 2353 4730 tiosus
2395 4685 2638 4742 ornatus,
2671 4687 2719 4730 et
2751 4674 3024 4744 multiplex
3051 4674 3302 4744 fragrans
3333 4673 3558 4743 sufﬁtus.

2167 4766 2274 4822 Sed
2299 4775 2353 4821 et
2380 4767 2616 4836 pretiosa
2658 4765 2812 4834 pepla
2849 4772 2978 4820 sunt
3022 4763 3078 4819 in
3119 4763 3346 4834 templo,
3381 4765 3645 4834 quoniam

2105 4878 2124 4913 ε
2161 4859 2306 4914 Deus
2339 4858 2594 4912 decorem
2629 4853 2854 4912 indutus
2881 4863 2999 4921 est;
3032 4873 3051 4908 ι
3089 4864 3141 4911 et
3166 4856 3219 4910 in
3248 4863 3435 4926 typum
3467 4855 3666 4911 divinat

2095 4951 2312 5007 virtutis
2330 4958 2385 5006 et
2401 4949 2611 5021 gloriae;
2636 4956 3100 5019 sumptuosusque
3121 4957 3364 5015 ornatus,
3395 4950 3667 5019 quoniam

2094 5040 2233 5112 apud
2255 5041 2404 5096 illum
2425 5039 2616 5111 gloria,
2632 5039 2845 5108 ipsique
2859 5038 3179 5108 speciositas
3194 5046 3245 5092 et
3269 5039 3619 5108 pulchritudo
3640 5057 3663 5104 ς

2092 5143 2148 5188 ct
2192 5147 2479 5188 munerum
2542 5131 2745 5186 divitiae
2801 5130 2905 5201 ipsi
2942 5131 3127 5187 multa:
3150 5140 3296 5186 sunt.
3351 5131 3414 5186 Et
3455 5131 3665 5187 olentia

2095 5235 2480 5296 unguentoque
2537 5224 2730 5293 plenus
2781 5231 2864 5278 est
2917 5224 3095 5279 locus.
3184 5242 3204 5276 ι
3251 5223 3666 5293 Unguentorum

2093 5325 2311 5373 tuorum
2342 5316 2520 5372 bonus
2557 5313 2717 5378 odor,
2745 5313 2942 5383 inquit,
2975 5328 3138 5380 super
3163 5311 3347 5366 omnia
3375 5318 3617 5367 aromata
3638 5327 3676 5375 ς.

2097 5407 2317 5479 myrrha
2351 5413 2406 5460 et
2435 5411 2610 5459 stacte
2637 5410 2693 5457 et
2710 5402 2872 5481 .casia
2911 5416 2939 5452 τι
2975 5399 3317 5456 vestimentis
3351 5399 3513 5453 tuis.»
3548 5400 3657 5455 Ve-

2093 5501 2348 5557 stimenta
2371 5511 2500 5552 vero
2526 5495 2728 5552 Christi
2763 5502 2894 5550 sunt
2925 5493 3001 5548 illi
3032 5493 3122 5562 qui
3162 5490 3664 5560 sccundumipsum

2091 5591 2304 5644 vivunt.
2339 5587 2573 5656 Ideoque
2595 5600 2719 5641 cum
2746 5583 2908 5640 bonis
2936 5580 3304 5651 pretiosisque
3334 5579 3660 5635 odoramerh

2094 5683 2187 5748 tis,
2221 5681 2434 5735 animas
2474 5689 2527 5732 et
2561 5691 2789 5746 corpora
2833 5682 2982 5730 casta
3034 5674 3279 5742 beneque
3323 5669 3518 5737 olentia
3569 5670 3638 5725 ad

2091 5777 2268 5844 ipsum
2299 5770 2606 5842 producere
2644 5776 2860 5838 Oportet
2893 5785 2907 5821 :
2941 5765 3210 5836 siquidem
3247 5779 3350 5820 nos
3381 5763 3659 5818 excellen-

2092 5877 2171 5922 ter
2204 5879 2394 5923 sumus
2443 5863 2536 5920 Dci
2591 5860 2890 5930 templum,
2942 5873 3246 5930 corpusque
3294 5871 3357 5913 ac
3410 5855 3654 5911 membra
