4090 6258
368 382 471 452 351

1169 387 1545 451 SYMEONIS
1570 388 1674 450 ΤΗ
1684 356 2319 449 ESSALONICENSIS
2341 382 2694 449 ARCHIEP.

3492 382 3592 448 352

366 495 616 564 Christi;
644 503 701 552 et
739 495 842 556 ista
889 499 1173 556 sensibilia
1201 507 1428 570 propter
1455 516 1557 557 nos
1588 506 1715 558 sunt
1745 508 1799 554 et
1825 515 1930 578 nos

2050 495 2067 547 ι
2091 495 2156 567 δὴ
2186 499 2281 551 καὶ
2307 498 2574 554 τυποῦσιν
2605 489 2775 569 ἡμᾶς.
2803 495 3003 566 Νοητοί
3032 495 3140 564 γὰρ
3169 494 3328 565 ἡμεῖς
3357 494 3473 563 ἅμα
3505 475 3613 548 τεέ

372 589 604 659 ligarant
645 606 661 646 :
708 589 1073 661 intelligentes
1120 592 1266 647 enim
1310 601 1625 655 constamus
1669 593 1832 648 simul
1879 600 1934 647 et

372 679 679 749 sensibilps,
720 680 781 734 Et
812 681 917 747 hoc
947 682 1271 752 signiﬁcant.
1293 699 1415 754 qua;
1446 674 1574 740 sunt
1602 684 1657 738 in
1684 691 1936 739 sanctua-

373 769 456 822 rio
478 780 531 829 et
559 781 714 830 extra
742 771 899 840 illud,
929 775 1073 830 sicut
1098 772 1512 830 et—Salvatorem
1541 784 1810 840 nostrum,
1838 777 1938 829 du-

374 861 523 930 plum
553 877 653 933 pro
685 865 841 919 nobis
880 864 1078 920 factum
1101 907 1117 932 ,
1153 866 1320 921 Deum
1358 882 1556 922 verum
1591 882 1826 936 vereque
1855 869 1936 923 sic

377 962 708 1019 manentem,
738 955 1122 1027 hominemque
1145 971 1334 1012 verum
1366 964 1423 1011 et
1450 955 1774 1026 perfectum,
1802 960 1934 1028 quin

375 1039 521 1097 Deus
550 1059 673 1100 esse
704 1048 1026 1103 cessaverit.

930 1139 1154 1196 CAPUT
1184 1139 1389 1197 CXLII.

712 1232 786 1286 De
817 1232 1001 1302 populi
1038 1233 1091 1287 in
1125 1234 1317 1304 templo
1349 1233 1599 1289 statione.
1672 1278 1676 1282 .

449 1317 607 1372 Stant
635 1331 819 1376 autem
850 1323 1012 1378 etiam
1043 1324 1096 1378 in
1121 1324 1319 1396 templo
1336 1327 1636 1393 secundum
1661 1325 1933 1382 ordinem.

376 1408 443 1462 Et
477 1410 652 1495 primo
680 1412 897 1481 quidem
943 1415 1020 1469 illi
1070 1415 1164 1485 qui
1214 1418 1357 1472 sacri
1390 1416 1728 1491 characteris
1761 1417 1935 1474 eﬂ‘ecti

376 1510 506 1565 sunt
541 1504 841 1574 participes
866 1523 901 1566 ι,
922 1515 1143 1576 praestat
1167 1509 1333 1585 enim
1366 1517 1427 1565 ut
1461 1509 1557 1566 Dei
1585 1525 1721 1581 opus
1754 1525 1936 1567 sacer-

376 1595 515 1649 dotii.
544 1595 807 1663 sigillum.
836 1597 1043 1656 Deinde
1070 1608 1195 1670 post
1228 1603 1366 1658 istos
1394 1603 1671 1670 monachi,
1708 1604 1803 1673 qui
1837 1603 1940 1659 [aio

374 1685 456 1737 eis
485 1686 742 1743 omnibus
774 1690 1209 1758 supereminent,
1233 1699 1492 1763 tanquam
1517 1701 1716 1762 prater
1743 1708 1935 1749 omnes

375 1779 671 1844 purilicati,
708 1782 987 1851 vitamque
1039 1785 1327 1840 celsiorem
1381 1800 1447 1841 ac
1498 1788 1777 1845 caelestem
1818 1794 1953 1843 am-‘

379 1867 604 1935 plexati,
641 1872 896 1928 castitate
943 1885 1373 1946 paupertateque
1421 1878 1527 1934 sibi
1567 1879 1832 1944 delectis;
1880 1889 1936 1935 et

380 1968 508 2015 ante
535 1960 705 2020 laicos
739 1977 952 2031 omnes,
986 1966 1246 2039 ipsosque
1277 1970 1330 2024 in
1374 1971 1699 2027 auctoritate
1732 1972 1934 2027 consti-

382 2057 555 2115 tutos,
585 2063 780 2125 prmger
805 2071 1005 2137 Tregem
1039 2061 1108 2115 ob
1150 2060 1451 2117 secundum
1492 2062 1756 2126 chrisma.
1787 2078 1940 2119 eom-

380 2141 697 2199 muniouem
730 2148 1073 2217 participant.
1108 2148 1568 2218 Post;~mooaehos
1595 2162 1774 2209 autem
1803 2193 1818 2217 ,
1850 2169 1940 2209 ve—

383 2231 541 2288 niunt
570 2250 638 2291 ex
659 2237 779 2292 aliis
806 2239 861 2293 hi
887 2241 979 2309 qui
1004 2241 1275 2310 puriﬁcati
1301 2254 1452 2307 sunt,
1487 2242 1617 2299 licet
1635 2245 1770 2300 ordo
1795 2260 1942 2299 nunc

384 2330 753 2397 mutatussit.
790 2331 1042 2388 Attamen
1072 2339 1130 2387 et
1158 2347 1373 2390 sursum
1425 2344 1610 2389 manet
1640 2350 1657 2389 :
1685 2351 1812 2390 nam
1845 2326 1937 2405 qui

384 2419 635 2486 puriores
668 2423 789 2479 aliis
814 2433 968 2492 sunt,
992 2441 1138 2485 nunc
1164 2428 1322 2482 etiam
1356 2426 1695 2497 frequentius
1720 2428 1866 2496 aliis,
1889 2439 1941 2485 et

384 2508 609 2597 ﬁdenter
641 2513 857 2585 loquor.
881 2511 1467 2599 communionis-sunt,
1487 2511 1800 2591 participes.

912 2628 1142 2687 CAPUT
1178 2630 1432 2687 (ΞΧΙιΙΠ.⁸

380 2717 925 2791 οααπάοίηιρεγαων
955 2723 1101 2846 in‘lra
1128 2741 1341 2847 ωσι-ἔπι
1393 2725 1543 2779 bema
1595 2728 1943 2783 communicat

969 2808 996 2847 e
1053 2810 1242 2847 anomo
1285 2811 1337 2847 ο.
1458 2846 1461 2847 ν

969 2808 1018 2849 et
1053 2808 1337 2861 quomodo.

459 2879 764 2947 imperator
802 2881 944 2936 intra
996 2885 1371 2940 sanctuarium
1403 2886 1947 2960 communicatjuxta

388 2976 603 3032 tempus
625 2978 680 3025 et
709 2970 856 3031 istud
882 2970 1056 3029 solum
1086 2976 1364 3032 unctionis
1393 2984 1449 3033 et
1476 2979 1943 3057 proclamationis,

2034 586 2234 657 Αοῢμεν
2263 590 2359 643 καὶ
2393 588 2666 659 αἰσθητοί.
2697 588 2807 642 Καὶ
2836 584 2994 640 τοῦτο
3021 584 3242 655 δηλοῦσι
3269 584 3339 637 τὰ
3366 583 3462 637 τοῦ
3496 580 3596 651 βή-

2036 694 2207 747 ματος
2236 679 2332 732 καὶ
2354 678 2426 731 τὰ
2452 678 2672 745 ἔξωθεν,
2701 679 2778 741 ὡς
2806 677 2903 732 καὶ
2929 675 3019 730 τὸν
3050 674 3279 747 Σωτῆρα
3309 673 3488 745 ἡμῶν,
3515 673 3595 727 δι-

2035 767 2204 822 πλοῦν
2251 769 2516 837 γεγονότα
2557 768 2624 822 δι’
2650 769 2820 838 ἡμᾶς,
2868 766 3001 821 Θεδν
3043 766 3175 820 ὄντα
3223 766 3317 817 καὶ
3365 764 3596 834 μένοντα

2033 859 2272 929 ἀληθῶς,
2301 861 2396 914 καὶ
2426 860 2709 930 ἄνθρωπον
2737 858 3055 930 ὑπάρξαντα
3079 856 3297 929 ἀληθῶς
3325 856 3421 910 καὶ
3446 855 3594 922 ὄντα,

2033 950 2093 1004 τὺ
2120 951 2254 1015 Θεὸς
2283 947 2422 1006 εῐναι
2456 951 2533 1025 μὴ
2558 950 2860 1023 τραπέντα.

2581 1130 2833 1186 ΚΕΦΑΛ.
2872 1130 3049 1187 PMB’.

2169 1220 2307 1290 napi
2338 1219 2451 1289 τῆς
2478 1220 2549 1275 ἐν
2577 1221 2658 1286 τῷ
2688 1221 2813 1287 ναῷ
2845 1222 3120 1289 στάσεως
3147 1225 3255 1281 τοῦ
3287 1227 3461 1282 λαοῦ.

2107 1311 2386 1367 Ἵστανται
2414 1311 2472 1365 δὲ
2499 1313 2592 1366 καλ⁵
2619 1314 2764 1367 κατὰ
2787 1313 2940 1380 τάξιν
2965 1314 3022 1367 ὲν
3043 1315 3121 1386 τῷ
3145 1315 3259 1385 ναῷ
3278 1332 3293 1346 '
3322 1318 3416 1371 καὶ
3446 1319 3596 1389 πρῶ-

2034 1417 2125 1454 τον
2162 1401 2296 1471 μὲν,
2327 1402 2379 1456 οί
2413 1404 2565 1474 ἱερᾶς
2602 1405 2998 1474 μετεσχηκότες
3034 1408 3330 1477 σφραγῖδος
3351 1423 3369 1440 ο
3403 1409 3600 1478 ὑπερέ-

2035 1508 2120 1560 χει
2152 1492 2260 1560 γὰρ
2293 1490 2369 1555 ὡς
2401 1491 2496 1544 τοῦ
2531 1492 2668 1546 Θεοῦ
2705 1493 2867 1561 ἔργον
2900 1495 2934 1564 ἡ
2970 1496 3207 1565 σφραγὶς
3238 1500 3339 1567 τῆς
3376 1499 3603 1569 ἱερωσῦ-

2039 1596 2134 1646 νης
2157 1594 2175 1613 ο
2208 1576 2326 1634 εἶτα
2363 1581 2501 1652 μετὰ
2534 1582 2757 1647 τούτους
2790 1585 2843 1637 οἱ
2880 1587 3109 1655 μοναχοὶ
3133 1626 3148 1652 ,
3185 1587 3235 1640 οἳ
3271 1587 3368 1642 καὶ
3398 1588 3603 1643 λαῖκιίν

2040 1669 2257 1725 πάντων
2288 1671 2597 1742 ὲξέχουσίν,
2631 1673 2707 1737 ὡς
2741 1674 2895 1744 παρὰ
2928 1675 3134 1741 πάντας
3164 1679 3566 1750 κεκαθαρμένοι
3587 1724 3604 1749 ,

2037 1763 2250 1832 καὶτῆς
2273 1763 2610 1836 ὑψηλοτέρας
2635 1762 3031 1838 ἐπειλημμένοι
3049 1771 3143 1823 real.
3164 1760 3417 1841 οὐρανίου
3439 1773 3605 1842 ζωῆς,

2036 1854 2136 1923 τὴν
2175 1855 2400 1921 ἁγνείαν
2444 1856 2538 1918 καὶ.
2583 1857 2858 1927 πτωχείαν
2897 1857 3164 1930 ἑλόμενοι.
3203 1854 3312 1914 Kal
3353 1864 3460 1932 πρδ
3499 1865 3608 1917 τῶν

2037 1946 2244 1999 λαῖκῶν
2286 1946 2539 2012 πάντων,
2581 1949 2673 2003 καὶ
2700 1949 2899 2006 ἀὐτῶν
2941 1951 3006 2023 δὴ
3043 1950 3154 2006 τῶν
3195 1954 3254 2007 ὲν
3299 1953 3607 2021 ἐξουσίαις,

2040 2037 2181 2106 πλὴν
2212 2038 2476 2109 βασιλέως
2508 2039 2596 2093 διὰ
2624 2039 2685 2092 τὸ
2712 2039 2966 2113 δεύτερον
2994 2043 3205 2115 χρίσμα
3229 2085 3245 2111 ,
3276 2050 3388 2111 τοῖς
3418 2065 3609 2102 κοινω-

2040 2125 2157 2188 νίας
2201 2127 2508 2196 μετέχουσι.
2545 2127 2699 2181 Μετὰ
2733 2128 2860 2192 τοὺς
2896 2132 3165 2201 μοναχοὺς
3194 2133 3252 2186 δὲ
3283 2134 3335 2186 οί
3368 2133 3479 2187 τῶν
3511 2134 3610 2186 ἄλ-

2040 2215 2147 2267 λων
2181 2216 2620 2287 κεκαθαρμένοι,
2655 2218 2707 2270 εἰ
2740 2217 2835 2273 καὶ
2867 2220 2900 2290 ἡ
2938 2219 3085 2285 τάξις
3120 2222 3246 2291 ἄρτι
3280 2222 3566 2292 ἠλλοίωται
3592 2241 3608 2258 ·

2042 2307 2155 2359 ἀλλ’
2180 2308 2330 2377 ὅμως
2357 2308 2451 2361 καὶ
2481 2307 2645 2361 πάλιν
2674 2310 2851 2377 μένει,
2883 2311 2931 2364 οί
2960 2312 3338 2383 καθαρώτεροι
3368 2314 3475 2384 γὰρ
3494 2302 3610 2368 ’τῶν

2042 2397 2216 2451 ἄλλων
2256 2397 2353 2451 καὶ
2396 2397 2491 2454 νῦν
2538 2402 2926 2470 συνεχέστερον
2966 2401 3070 2455 τῶν
3112 2402 3289 2456 ἄλλων
3332 2406 3428 2458 καὶ
3469 2406 3611 2476 μετά

2045 2487 2281 2560 θάρρους
2314 2489 2488 2543 εἰπεῖν
2515 2490 2614 2560 τῆς
2646 2492 2932 2555 κοινωνίας
2964 2494 3306 2564 μετέχουσιν.

2593 2604 2843 2660 ΚΕΦΑΛ.
2885 2604 3062 2661 PMI".

2045 2694 2196 2749 Πότε
2232 2696 2267 2749 ὁ
2298 2694 2599 2762 ,ϐασιλεὺς
2636 2695 2816 2823 ἕνδἕῖ
2855 2700 2960 2778 τρῦ
2991 2699 3269 2771 ,βήματος
3306 2706 3609 2772 κοινωνεῖ,

2464 2809 2474 2818 .
2691 2785 2725 2823 κ
2823 2784 2970 2823 πως.

2691 2784 2788 2823 και
2823 2784 2970 2835 πως.

2127 2858 2188 2910 ’0
2233 2855 2485 2927 βασιλεὺς
2517 2858 2575 2911 δὲ
2610 2857 2760 2913 ἔνδον
2792 2858 2886 2913 τοῦ
2926 2860 3170 2934 βήματος
3201 2867 3453 2919 κοινωνεῖ
3488 2864 3612 2920 κατ’

2046 2947 2212 3001 αὐτὸν
2237 2949 2333 3001 καὶ
2364 2946 2524 3016 μόνον
2551 2948 2643 3001 τὸν
2671 2951 2862 3017 καιρὸν
2887 2950 2989 3019 τῆς
3017 2952 3254 3022 κρίσεως
3284 2955 3378 3007 καὶ
3406 2956 3610 3022 ἀναγο-

387 3071 567 3117 tamen
599 3071 722 3132 post
746 3063 1031 3133 diaconos,
1079 3074 1134 3143 et
1164 3067 1309 3123 sicut
1337 3077 1393 3124 et
1423 3038 1667 3140 antiquis
1697 3050 1947 3140 imagini-

2052 3038 2292 3109 ρεύσεως
2319 3055 2334 3071 ο
2373 3038 2515 3108 πλὴν
2551 3038 2690 3109 μετὰ
2718 3041 2847 3103 τοὺς
2878 3041 3190 3109 διακόνους,
3226 3045 3320 3097 καὶ
3352 3043 3427 3107 ὡς
3461 3045 3612 3114 παρὰ

386 3154 490 3208 bus
521 3155 878 3225 cognovimus
904 3195 920 3220 ,
957 3172 1066 3213 non
1110 3158 1163 3213 in
1194 3173 1351 3216 sacra
1382 3175 1566 3217 mensa
1591 3201 1607 3226 ,
1648 3160 1740 3217 sed
1770 3162 1951 3231 posito

385 3245 601 3315 oblique
635 3246 950 3316 antiminsio
976 3261 1136 3315 super
1161 3248 1454 3317 quamdam
1474 3251 1801 3306 mensulam.
1836 3250 1952 3307 Ete-

388 3336 502 3388 nim
535 3336 822 3405 pontiﬁces
863 3338 1085 3407 quidem
1119 3339 1274 3408 prius
1305 3349 1383 3398 et;
1406 3342 1718 3397 sacerdotes
1757 3351 1811 3396 et
1837 3344 1951 3397 dia-

266 3424 279 3433 “
326 3472 335 3480 .
388 3426 536 3487 curii.
585 3442 650 3480 ex
692 3441 864 3491 more,
897 3428 1175 3482 viviﬁcum
1228 3443 1423 3499 panem
1470 3437 1525 3485 et
1571 3444 1638 3486 ex
1667 3434 1952 3489 consuetis

330 3593 335 3597 .
397 3517 568 3572 sacris
597 3516 862 3573 calicibus
914 3518 1155 3573 divinum
1208 3520 1530 3590 sanguinem
1584 3521 1971 3592 participant;

397 3614 586 3675 postea
617 3620 746 3663 vero
794 3621 889 3663 rex
928 3608 1199 3665 accedens
1243 3607 1648 3669 sanctissimum
1684 3625 1881 3681 panem
1922 3629 1953 3669 a

396 3699 707 3765 patriarcha
748 3714 908 3753 manu
943 3701 1131 3766 sumit,
1156 3701 1306 3758 velut
1330 3702 1580 3771 diaconi;
1603 3710 1660 3759 et
1682 3704 1953 3760 vivificum

393 3792 713 3860 sanguinem
744 3793 812 3848 ab
843 3792 964 3862 ipso
987 3794 1319 3863 patriarcha,
1345 3793 1523 3861 labiis,
1544 3795 1685 3852 sicut
1713 3795 1952 3860 diaconi,

394 3884 681 3954 participat
707 3897 921 3963 e’sacro
946 3884 1120 3940 calice
1171 3893 1392 3954 propter
1424 3885 1603 3954 ipsum
1635 3895 1848 3955 parato.
1887 3887 1975 3941 Et

399 3975 451 4032 id
485 3976 719 4046 desuper
750 3976 927 4032 fuerat
974 3976 1301 4046 dispositum
1336 3994 1352 4035 :
1385 3978 1549 4032 istum
1579 3977 1842 4033 honorem
1869 3993 1957 4033 ac-

392 4068 537 4137 cepit
564 4068 636 4123 ob
664 4068 814 4138 regni
850 4067 1092 4123 chrisma
1113 4108 1129 4134 ,
1160 4075 1416 4138 tauquam
1446 4068 1679 4125 maximi
1710 4069 1958 4124 domina-

398 4158 532 4214 toris
563 4158 819 4223 Ecclesiae
851 4166 1055 4237 sanctas
1081 4158 1257 4214 locum
1285 4158 1535 4230 adeptus,
1568 4160 1839 4231 istiusque
1865 4161 1958 4216 de-

396 4249 579 4304 fensor
605 4258 852 4316 vocatus,
878 4258 933 4306 et
959 4260 1213 4323 tanquam
1256 4250 1516 4327 Christus
1554 4253 1810 4326 Domini,
1864 4268 1961 4322 pos

396 4342 619 4413 polique
639 4341 933 4397 Christiani
970 4352 1024 4398 et
1048 4343 1316 4399 universas
1343 4352 1501 4397 terra:
1531 4344 1824 4410 imperator
1849 4332 1958 4397 εγε-

2052 3131 2160 3184 τῶν
2185 3131 2430 3185 παλαιῶν
2457 3132 2859 3188 ὐποτυπώσεων
2889 3134 3153 3203 ἔγνωμεν,
3174 3134 3281 3188 οὐκ
3306 3136 3364 3188 ὲν
3389 3138 3454 3205 τῇ
3483 3136 3613 3206 ἁγίᾳ

2051 3223 2320 3295 τραπέζῃ,
2353 3223 2488 3278 ἀλλὰ
2517 3224 2800 3293 τιθεμένου
2832 3227 2894 3279 ἐκ
2925 3225 3156 3293 πλαγίου
3185 3228 3521 3296 ἀντιμινσίου
3553 3228 3611 3280 ὲν

2054 3314 2405 3386 τραπεζακίῳ
2445 3316 2572 3371 τινί.
2623 3317 2686 3369 Ol
2737 3317 2834 3385 μὲν
2875 3316 2987 3389 γὰρ
3031 3318 3309 3388 ἀρχιερεῖς
3356 3321 3616 3388 πρότερον

2054 3408 2147 3462 καὶ
2181 3408 2345 3477 ίερεῖς
2380 3409 2475 3473 καὶ
2511 3407 2747 3461 διάκονοι
2788 3408 2929 3461 κατὰ
2966 3408 3025 3461 τὸ
3063 3408 3185 3472 ἔθος
3218 3407 3311 3463 τοῦ
3350 3406 3613 3473 ζωοποιοῢ

2054 3498 2219 3569 ἄρτου
2245 3502 2341 3553 καὶ
2366 3501 2429 3552 ὲκ
2454 3500 2561 3553 τῶν
2587 3499 2834 3569 συνήθων
2860 3500 2902 3552 ίε
2913 3501 3023 3570 ρῶν
3046 3500 3324 3569 ποτηρίων
3349 3500 3443 3553 τοῦ
3470 3499 3615 3553 θείου

2054 3591 2283 3660 αἵματος
2315 3593 2636 3662 μετέχουσι·
2671 3592 2809 3662 μετὰ
2833 3591 3003 3644 ταῦτα
3033 3591 3091 3645 δὲ
3120 3591 3435 3661 προσελθὼν
3461 3595 3490 3645 ό
3521 3591 3618 3661 βα-

2057 3682 2255 3745 σιλεὺς,
2284 3681 2374 3735 τὸν
2403 3682 2704 3749 ἁγιώτατον
2733 3683 2897 3752 ἄρτον
2926 3684 2992 3752 τῇ
3025 3685 3171 3753 χειρὶ
3199 3685 3349 3752 παρὰ
3378 3685 3475 3738 τοῦ
3509 3703 3616 3739 πα-

2054 3773 2312 3844 τριάρχου
2338 3772 2604 3842 λαμϐάνει
2631 3774 2705 3847 ὡς
2731 3775 2780 3827 οί
2807 3774 3079 3828 διάκονοι·
3112 3779 3208 3830 καὶ
3231 3775 3325 3830 τοῦ
3353 3775 3616 3840 ζωοποιοῦ

2057 3864 2289 3933 αἵματος
2331 3864 2464 3935 παρ’
2494 3865 2659 3918 αὐτοῦ
2701 3863 2795 3917 τοῦ
2840 3865 3188 3934 πατριάρχου
3233 3869 3344 3929 τοῖς
3383 3867 3617 3935 χείλεσιν

2054 3955 2130 4020 ὡς
2160 3957 2209 4009 oi
2240 3957 2476 4013 διάκονοι
2505 3959 2752 4011 κοινωνεῖ
2780 3958 2844 4009 ὲκ
2871 3954 2965 4009 το¹5
2998 3956 3065 4010 δι’
3087 3956 3255 4017 αὐτὸν
3281 3958 3617 4029 ἡτοιμασμέ-

2057 4066 2147 4102 νου
2177 4046 2321 4120 ἱεροῦ
2349 4048 2634 4118 ποτηρίου.
2661 4047 2774 4100 Καὶ
2797 4045 2955 4099 τοῦτο
2979 4043 3045 4117 ἦν
3073 4047 3460 4116 νενομισμένον
3483 4046 3621 4098 ἄνωο

2059 4140 2170 4195 θεν.
2204 4142 2310 4195 Καὶ
2336 4141 2539 4212 ταύτην
2564 4141 2752 4208 εἴληφε
2776 4141 2874 4209 τὴν
2901 4138 3066 4209 τιμὴν
3094 4138 3181 4191 διὰ
3203 4137 3263 4190 τὸ
3290 4137 3495 4206 χρίσμα
3518 4137 3617 4205 τῆς

2061 4233 2352 4304 βασιλείας,
2384 4231 2459 4296 ὡς
2496 4232 2588 4285 καὶ
2616 4230 2945 4285 δεσποτάτου
2975 4229 3077 4298 τῆς
3116 4228 3265 4298 ἱερᾶς
3297 4227 3621 4299 Ἐκκλησίας

2061 4324 2222 4377 τόπον
2265 4321 2483 4386 λαϐὼν,
2536 4320 2632 4374 καὶ
2680 4319 2962 4391 δεφένσωρ
3009 4319 3215 4389 ταύτης
3264 4319 3617 4388 ἐπικληθεὶς,

398 4388 618 4413 Ι’“’““Ί““⁷
645 4388 736 4396 *⁷⁷⁵
754 4388 933 4397 "'""'"
972 4388 1023 4398 ⁷⁸⁷
1050 4388 1226 4398 “¹“¹’““”
1241 4388 1316 4399 "‘"'
1344 4388 1501 4397 "'"w
1532 4388 1812 4410 ““”Ι’“’“““’“’“
1854 4388 1931 4397 ⁷·-

394 4442 554 4487 ctus:
588 4432 729 4487 velut
758 4433 880 4501 pius
925 4432 1069 4488 enim
1115 4435 1280 4489 etiam
1328 4445 1453 4487 cum
1504 4429 1769 4485 Ecclesia:
1808 4430 1949 4485 clero

2062 4416 2155 4470 καὶ
2182 4415 2257 4478 ὡς
2284 4412 2520 4485 Χριστύς
2547 4388 2789 4482 Κυρίου,
2818 4388 3036 4464 καὶτοῦ
3064 4388 3462 4482 Χριστωνύμου
3491 4406 3619 4460 λαοῦ

400 4534 820 4586 conuulneralus
845 4516 947 4580 est.

957 4791 1184 4849 CAPUT
1215 4786 1433 4849 ολιιν.

684 4882 957 4947 Quomodo
982 4885 1344 4951 proclamatur
1374 4882 1680 4948 imperator.

472 4972 724 5044 Ideoque,
752 4975 804 5027 in
841 4973 1212 5036 coronationc,
1255 4971 1427 5039 primo
1453 4970 1668 5038 quidem
1694 4967 1964 5022 acclama-

400 5081 491 5125 tur
516 5085 543 5120 a
570 5064 922 5137 principibus,
964 5063 1008 5118 si
1044 5078 1136 5133 per
1164 5063 1506 5116 traditionem
1544 5077 1765 5132 regnum
1791 5075 1959 5113 occu-

404 5169 518 5229 pat,
545 5154 929 5225 extollentibus
960 5154 1106 5208 illum
1133 5168 1300 5221 super
1323 5153 1610 5208 militarem
1634 5151 1949 5224 clypeumin

401 5262 694 5321 conspectu
737 5247 961 5320 populi;
995 5246 1139 5317 quod
1191 5245 1266 5299 rei
1296 5244 1550 5299 militaris
1584 5244 1875 5313 imperium
1910 5249 1966 5296 et

403 5359 628 5414 regnum
677 5342 904 5397 iudicat.
931 5340 999 5396 Et
1044 5354 1075 5393 a
1111 5337 1452 5405 dignioribus
1499 5335 1794 5400 extollitur,
1843 5342 1964 5385 tau-

400 5449 566 5501 quam
605 5434 850 5503 ipsormu
901 5430 1238 5503 principatus
1280 5436 1337 5483 et
1387 5436 1551 5494 caput
1601 5428 1800 5479 laetus.
1837 5423 1899 5477 Et
1933 5439 1962 5477 a

408 5524 674 5580 militibus
697 5533 756 5579 et
783 5522 980 5592 pepulo
1009 5502 1272 5576 adoratur
1306 5516 1611 5585 faustisque
1635 5516 1968 5571 clamoribus

404 5615 693 5683 excipitur,
738 5623 796 5670 ut
826 5614 1066 5682 ipsorum
1098 5613 1408 5667 dominator
1440 5618 1681 5663 creatus.
1731 5609 1792 5662 Et
1826 5608 1965 5664 dona

413 5706 626 5770 tribuit,
662 5688 720 5761 ut
748 5704 1004 5761 dominus
1029 5712 1082 5758 et
1119 5702 1434 5780 benefactor
1463 5710 1516 5756 et
1544 5702 1791 5770 provisor
1829 5714 1963 5780 ceu-

408 5797 656 5853 stitutus.
690 5796 889 5871 Deinde
920 5797 1065 5851 venit
1097 5798 1152 5851 in
1182 5795 1478 5853 Ecclesiam
1502 5837 1516 5861 ,
1562 5793 1857 5851 ostendens
1908 5809 1965 5849 se

2063 4506 2312 4579 βασιλεὺς
2341 4503 2746 4574 προχειρισθεὶς
2764 4543 2779 4567 ,
2811 4504 2907 4556 καὶ
2935 4503 3116 4573 πάσης
3146 4501 3248 4571 τῆς
3274 4501 3621 4568 οἰκουμένης.

2069 4600 2159 4662 Ὠς
2193 4597 2302 4667 γὰρ
2338 4593 2601 4666 εὐσεϐὴς,
2637 4595 2731 4648 καὶ
2764 4592 2841 4665 τῷ
2883 4593 3069 4665 κλήρῳ
3111 4588 3491 4663 συνηριθμήθη
3522 4589 3587 4657 τῆ

2073 4687 2422 4760 Ἐκκλησίας.
2540 4752 2541 4755 η
3583 4708 3593 4717 ’

2602 4779 2861 4835 ΚΕΦΑΛ.
2904 4779 3082 4833 PMA'.

2304 4876 2504 4941 Ὅπως
2536 4872 2962 4942 ἀναγορεύεται
2998 4873 3030 4924 ό
3055 4868 3381 4934 βασιλεύς.

2133 4968 2222 5020 Διὸ
2250 4968 2344 5021 καὶ
2374 4943 2537 5036 ἐν’τῷ
2568 4963 2857 5033 στέφεσθαι
2890 4962 3153 5032 πρότερον
3184 4960 3281 5030 μὲν
3310 4956 3655 5027 ἀναγορεύεο.

2065 5076 2150 5113 ται
2190 5047 2294 5111 ὐπὸ
2339 5057 2627 5128 βασιλέων,
2661 5057 2710 5108 εἰ
2754 5054 2893 5109 κατὰ
2933 5053 3181 5121 διαδοχὴν
3214 5052 3313 5120 τὴν
3350 5050 3631 5120 βασιλείαν
3704 5128 3711 5134 ν

2065 5152 2306 5212 πλουτεῖ,
2339 5150 2687 5218 ἀνυψούντων
2719 5147 2880 5200 αὐτὸν
2910 5146 3002 5198 ἐπὶ
3034 5144 3433 5213 στρατιωτικῆς
3463 5142 3629 5194 ἀσπίη

2063 5244 2152 5303 δος
2190 5244 2419 5296 ἐνώπιον
2453 5240 2548 5294 τοῦ
2584 5241 2714 5293 λαοῦ
2739 5281 2753 5301 .
2784 5239 2812 5293 ὃ
2848 5241 2945 5306 τὴν
2981 5236 3316 5304 στρατηγίαν
3350 5234 3503 5300 δηλοῖ
3537 5235 3631 5286 καὶ

2068 5333 2362 5405 βασιλείαν.
2399 5333 2509 5386 Καὶ
2538 5331 2643 5383 ὑπο
2675 5327 3061 5398 ἀξιωματικῶν
3094 5328 3312 5396 αἴρεται
3334 5366 3350 5386 ,
3383 5324 3457 5384 ὡς
3490 5324 3632 5391 ἀρχὴ

2065 5425 2273 5479 τούτων
2300 5422 2585 5491 γινόμενος
2623 5419 2784 5491 134,
2812 5420 2903 5473 καὶ
2932 5419 3164 5485 κεφαλή.
3195 5418 3305 5470 Καὶ
3335 5416 3440 5468 ὑπὸ
3471 5431 3634 5482 στρα-

2065 5518 2276 5572 τιωτῶν
2304 5517 2400 5570 καὶ
2427 5516 2518 5569 τοῦ
2549 5515 2721 5583 δήμου
2748 5514 3135 5584 προσκυνεῖται
3165 5510 3257 5562 καὶ
3282 5508 3628 5576 εὐφημεῖται,

2066 5612 2138 5675 ὡς
2169 5610 2437 5678 δεσπότης
2467 5607 2647 5661 αὐτῶν
2678 5605 2936 5674 γεγονώς.
2962 5603 3080 5655 «ἀι
3111 5603 3255 5671 δῶρα
3284 5599 3528 5661 δίδωσιν,
3561 5596 3635 5657 ὡς

2075 5702 2256 5770 κύριος
2284 5699 2377 5751 καὶ
2402 5697 2697 5765 εὐεργέτης
2722 5696 2817 5747 καὶ
2840 5693 3146 5764 προνοητὴς
3174 5688 3471 5745 καταστάς.
3504 5680 3635 5737 Εἶτα

2076 5794 2153 5853 εἰς
2188 5790 2284 5858 τὴν
2322 5789 2653 5859 Ἰὲκκλησίαν
2688 5784 2971 5845 εἰσελθὼν,
3010 5782 3221 5841 δεικνὺς
3257 5779 3352 5847 τὴν
3388 5778 3466 5839 εἰς
3500 5774 3637 5827 Θεδν

3058 6002 3087 6039 /
