4114 6272
379 719 395 747 \

449 350 550 415 357

1711 339 1807 399 DE
1846 336 2082 396 SACIIO
2119 337 2440 402 TEMPLO.

3601 353 3707 417 358

517 461 835 530 Κληρικός.
884 459 1398 530 Ἁναγκαιότατον,
1434 457 1703 510 θειότατε
1729 453 2024 508 δέσποτα.

2206 453 2462 512 Clericus.
2489 459 2722 516 Maxime
2752 465 3084 531 necessario,
3107 465 3706 526 divinissimedomine:

447 559 554 614 Kal
609 557 719 624 γὰρ
773 550 851 623 ἦν
900 553 1236 624 ἀναγκαῖον
1290 550 1389 605 καὶ
1445 551 1576 618 περὶ
1642 549 1857 602 τούτου
1909 561 2026 614 μα-

447 651 594 707 θεῖν.

1002 735 1256 789 ΚΕΦΑΛ.
1303 732 1480 787 ΡΝΒ’.

450 837 586 903 Περι
621 845 901 895 στασεως
942 825 1325 903 {Imperant
1355 823 1865 903 ⁸κατηχουμὲγιιιιν,
1928 824 2028 878 καὶ

896 896 1015 952 τῶν
1046 897 1141 949 ἐπ’
1182 895 1581 966 ἐγκλήμασιν.

529 993 890 1064 Ἀρχιερεύς.
943 989 1104 1046 Οῦτω
1154 987 1255 1059 μὲν
1311 987 1406 1042 οὐν
1442 987 1658 1040 ἵσταται
1711 988 1739 1038 ὁ
1795 985 2028 1055 εὐσεϐὴς

450 1087 578 1149 λαὸς
609 1090 666 1139 ἐν
721 1085 800 1155 τῷ
849 1082 986 1151 ναῷ,
1017 1081 1109 1134 τὸν
1152 1081 1433 1149 ὁρώμενον
1467 1078 1659 1132 τοῦτον
1705 1078 1764 1143 ἐξ
1791 1076 2025 1148 οὐρανοῦ

453 1178 547 1230 καὶ
578 1175 681 1246 γῆς
710 1173 1040 1246 σημαίνοντι,
1060 1173 1269 1242 κόσμον
1292 1187 1305 1201 ·
1339 1174 1438 1226 καὶ
1471 1171 1673 1234 πάντες
1723 1170 1876 1239 μόνοι
1918 1187 2028 1239 χω-

457 1270 644 1340 ροῦσιν
685 1269 741 1318 ὲν
780 1265 955 1336 τούτῳ
988 1265 1038 1318 οἱ
1071 1265 1341 1329 εὐσεϐεῖς,
1375 1265 1426 1317 οἱ
1465 1265 1523 1317 ἐν
1549 1266 1616 1333 τῇ
1651 1262 1744 1316 τοῦ
1785 1261 1922 1314 Θεοῦ
1956 1264 2026 1332 γῇ

451 1365 544 1415 τὸν
585 1359 681 1413 τοῦ
730 1357 962 1427 οὐρανοῦ
1010 1357 1106 1410 καὶ
1155 1355 1255 1424 τῆς
1297 1356 1400 1426 γῆς
1430 1355 1669 1418 εὐσεϐῶς
1731 1354 2030 1422 ὑμνοῦντες

453 1455 731 1526 Δεσπότην
754 1470 770 1486 ·
799 1455 860 1506 οὐ
899 1452 1005 1522 μὴν
1042 1451 1100 1506 δέ
1127 1467 1212 1514 τις
1241 1451 1350 1504 τῶν
1377 1450 1594 1507 ἀσεϐῶν
1623 1451 1656 1521 ἢ
1702 1449 2029 1520 ἑτεροδόξων

454 1549 683 1602 καθόλου
712 1564 725 1576 ·
759 1547 840 1600 ὅτι
862 1545 984 1598 οὐδὲ
1012 1543 1371 1615 συμφώνησις
1392 1542 1614 1613 Χριστῴ
1651 1542 1786 1612 πρὸς
1810 1541 2026 1611 Βελίαρ.

456 1642 732 1694 Ἴστανται
789 1639 846 1691 δὲ
883 1637 977 1691 τοῦ
1029 1637 1282 1706 ἄμϐωνας
1316 1634 1541 1689 ὄπισθεν
1577 1637 1706 1703 περὶ
1747 1635 1815 1688 τὰ
1846 1635 2030 1687 κατώ-

451 1749 586 1802 τερα
637 1731 698 1800 δὴ
747 1729 840 1784 τοῦ
880 1728 1008 1782 ναοῦ
1042 1728 1091 1779 οἱ
1122 1728 1368 1791 εὐσεϐεῖς
1428 1727 1528 1794 μὲν
1564 1728 1659 1780 καὶ
1696 1728 1794 1796 τὴν
1840 1726 2028 1778 πίστιν

2133 550 2199 605 de
2235 552 2337 607 hoc
2367 553 2513 608 enim
2547 570 2650 609 nos
2682 555 2895 612 edoceri
2934 573 3155 614 necesse
3183 568 3321 614 erat.

2720 732 2951 790 CAPUT
2991 734 3146 791 CLII.

2133 823 2210 879 De
2241 826 2472 879 statione
2503 825 2743 893 ﬁdeiium
2771 839 2819 882 et
2856 831 3345 886 calechumeuorum
3372 843 3420 887 et
3469 835 3700 897 peccatis

2744 911 3110 967 gravatorum.

2206 986 2476 1058 Pontifex.
2548 987 2638 1044 Sic
2697 989 2916 1058 quidem
2952 990 3119 1061 igitur
3150 993 3406 1050 consistit
3447 995 3574 1063 pius
3609 1011 3708 1065 po-

2136 1083 2293 1153 pulus
2325 1082 2379 1135 in
2433 1082 2656 1152 templo,
2723 1082 2871 1152 quod
2923 1085 3194 1140 visibilem
3248 1086 3394 1142 hunc
3427 1102 3456 1142 a
3487 1089 3628 1156 cutio
3655 1103 3701 1145 c'

2135 1186 2277 1230 terra
2308 1176 2569 1231 mundum
2603 1175 2898 1246 signiﬁcat.
2932 1177 3139 1233 Omnes
3189 1190 3368 1234 autem
3399 1191 3452 1234 et
3498 1184 3598 1235 soli
3643 1184 3709 1234 Ii-

2133 1269 2284 1323 deIes
2320 1269 2373 1321 in
2403 1269 2507 1323 hoc
2540 1269 2766 1340 degunt,
2798 1271 2889 1339 qui
2935 1270 2990 1323 in
3021 1270 3110 1325 Dei
3145 1279 3314 1335 terra,
3345 1274 3468 1328 οωίὶ
3518 1283 3710 1327 ιρι-τεῐεά

2135 1377 2242 1431 que
2281 1361 2568 1417 Dominum
2598 1362 2684 1431 pie
2713 1363 2998 1418 celebrant
3026 1383 3038 1428 ;
3077 1364 3261 1418 nullus
3287 1373 3468 1419 autem
3492 1367 3717 1420 omnim

2135 1454 2427 1520 impiorum
2462 1455 2544 1508 vel
2604 1455 3386 1524 Itelerodoxorum;quoniam
3439 1456 3584 1510 nulla
3631 1469 3717 1509 est

2133 1547 2516 1601 convenientia
2552 1545 2772 1602 Christo
2801 1562 2924 1602 cum
2956 1547 3145 1602 Belial.
3181 1548 3343 1603 Stant
3373 1556 3554 1602 autem
3589 1559 3716 1616 po-t

2135 1640 2431 1694 umbonem
2459 1641 2524 1692 ad
2556 1637 2819 1694 inferiora
2863 1639 3072 1707 templi,
3102 1637 3447 1708 quiquidctn
3483 1639 3557 1709 p'i
3581 1651 3710 1694 sunt

2133 1740 2188 1784 et
2212 1731 2369 1784 Iidem
2407 1730 2759 1796 conﬁtentur,
2789 1745 2894 1784 non
2931 1739 3111 1786 autem
3144 1731 3324 1785 adhuc
3354 1741 3477 1786 sunt
3509 1729 3714 1784 iilumi-

453 1800 868 1893 ὁμολογοῦντες,
905 1819 1390 1892 136,ἀφὼτιστοι
1424 1819 1479 1872 δὲ
1520 1819 1620 1884 ἔτι,
1657 1820 1754 1872 καὶ
1793 1809 1853 1870 τὸ
1888 1817 2029 1870 θεῖον

2143 1826 2272 1888 nati,
2306 1837 2411 1878 nec
2437 1823 2680 1877 divinum
2714 1823 2982 1891 baptisma
3017 1833 3402 1892 susceperunt.
3432 1825 3560 1878 Ideo
3589 1836 3708 1878 tan-

458 1918 743 1989 βὰπτισμα
767 1919 841 1988 μὴ
871 1917 1176 1987 δεξάμενοι.
1199 1917 1288 1968 Διὸ
1321 1917 1414 1970 καὶ
1435 1917 1511 1979 ὡς
1542 1916 1710 1985 μήπω
1735 1916 1916 1968 πιστοὶ
1937 1931 2031 1966 τερ

455 2012 614 2074 ὶέως,
672 2009 808 2076 μηδὲ
867 2008 1002 2079 μέλη
1059 2005 1473 2078 ὲσφραγισμένα
1533 2005 1636 2076 τῆς
1678 2004 2029 2074 Ἐκκλησίας,

454 2102 557 2168 ἔξω
589 2102 869 2173 βάλλονται
893 2098 1001 2154 τῶν
1039 2100 1356 2171 μυστηρίων
1383 2099 1771 2167 εἰσαγομένων.
1802 2098 1877 2150 0')
1912 2098 2018 2168 γὰρ

453 2195 551 2265 τῆς
586 2196 869 2259 κοινωνίας
913 2194 1049 2247 Θεοῦ
1086 2188 1232 2248 οῦτοι
1285 2193 1448 2258 ἄξιοι.
1500 2192 1610 2245 Καὶ
1655 2189 2035 2254 κατοικοῦντες

456 2287 563 2356 γὰρ
595 2286 691 2356 τὴν
720 2285 815 2340 τοῦ
844 2285 980 2338 Θεοῦ
1012 2284 1212 2351 κτίσιν,
1244 2283 1454 2350 ἀνάξιοι
1486 2282 1589 2351 τῆς
1616 2280 1709 2334 τοῦ
1754 2278 1888 2332 Θεοῦ
1943 2297 2039 2350 με·

456 2379 698 2445 τουσίας,
728 2379 802 2442 ὡς
824 2379 925 2448 τὴν
949 2377 1197 2447 φθαρτὴν
1230 2375 1392 2446 μόνον
1420 2374 1677 2443 γέννησιν
1709 2372 2036 2444 ἀσχηκὸτες,

457 2471 519 2524 οὐ
584 2471 690 2542 μὴν
733 2472 790 2524 δὲ
833 2470 1234 2541 κατηξιωμένοι
1280 2467 1382 2538 τῆς
1427 2466 1738 2536 ἀφθαρσίας
1787 2467 1882 2520 καὶ
1937 2465 2039 2533 τῆς

459 2564 732 2618 ἀθανάτου
764 2561 933 2630 ζωῆς.
981 2561 1301 2628 Ἐξάγονται
1336 2558 1435 2629 μὲν
1473 2550 1620 2610 οὗτοι
1645 2571 1660 2588 ⁸
1694 2555 1831 2609 ἀλλὰ
1869 2555 1962 2608 καὶ
1989 2555 2040 2607 οἱ

460 2655 968 2726 παραπεπτωκότες
1007 2651 1149 2723 μετὰ
1195 2652 1256 2705 τὺ
1299 2651 1608 2722 βάπτισμα,
1664 2650 1761 2702 καὶ
1816 2649 1848 2719 ἢ
1903 2648 2039 2702 Θεοῦ

459 2749 684 2819 ἀρνήσει
739 2745 1156 2815 περιπεσόντες,
1191 2742 1224 2814 ἢ
1259 2744 1457 2813 αἵματι
1500 2740 1835 2812 χρανθέντες
1888 2741 2044 2794 ἁδελ-

462 2838 626 2909 φικῷ,
654 2837 812 2908 φόνον
842 2837 1236 2906 ἐργασάμενοι,
1278 2834 1312 2906 ἢ
1355 2834 1451 2887 καὶ
1480 2832 1648 2906 ἕτερά
1675 2849 1801 2886 τινα
1826 2848 2043 2902 πεπρα-

462 2931 617 3001 χότες
649 2932 747 3000 τῆς
784 2930 1075 2990 κοινωνίας
1109 2927 1470 2996 ἀπείργοντα.

1013 3021 1268 3077 ΚΕΦΑΛ.
1314 3021 1487 3078 ΡΝΡ.

558 3119 687 3173 Ὅτι
722 3119 796 3172 οὑ
842 3117 1069 3180 πάντες
1099 3114 1218 3169 νῦν
1253 3113 1623 3185 ἐξῳθοῦνται
1647 3115 1803 3185 μετὰ
1835 3111 1956 3167 τῶν

1005 3183 1498 3254 κατηχουμένων.

535 3280 600 3333 Οἳ
631 3280 694 3350 δὴ
738 3279 945 3342 πάντες
972 3275 1273 3344 ὲξωθοῦντο
1310 3278 1580 3348 πρότερον
1607 3277 1720 3330 τῶν
1762 3293 2036 3346 κατηχοῦ-

476 3377 660 3444 μένων
689 3373 1084 3443 ἐξερχομένων.
1124 3371 1238 3424 Νῦν
1278 3371 1336 3424 δὲ
1359 3371 1448 3425 διὰ
1479 3371 1606 3432 τοὺς
1639 3370 1916 3440 διωγμοὺς
1947 3369 2042 3424 καὶ

464 3467 570 3531 τὰς,
594 3467 833 3535 συνεχεῖς
864 3462 1238 3532 περιστάσεις,
1275 3461 1417 3515 οὕτω
1449 3461 1561 3516 τῶν
1596 3461 1860 3531 Πατέρων
1880 3461 2045 3515 καλὸν

465 3555 606 3609 είναι
655 3555 1056 3624 λογισαμένων,
1088 3553 1494 3623 κατηχούμενοι
1542 3552 1643 3623 μὲν
1666 3553 1766 3606 καὶ
1804 3552 2046 3624 ἀρνησά-

471 3665 624 3718 μενοι
678 3649 773 3699 καὶ
822 3645 1182 3713 φονεύσαντες
1239 3643 1610 3708 ὲξωθοῦνται·
1657 3644 1706 3696 oi
1754 3643 1812 3697 δὲ
1862 3644 2047 3697 λοιποὶ

467 3743 753 3813 βάπτισμα
782 3741 946 3809 μόνον
978 3739 1317 3808 κεκτημένοι
1366 3739 1643 3806 ἀφίενται,
1678 3737 1784 3807 ίδὶᾳ
1813 3736 1917 3806 τῆς
1953 3755 2047 3808 με·

466 3833 686 3895 τανοίας
736 3830 918 3884 αὐτῶν
960 3828 1114 3899 παρά
1173 3827 1286 3880 τῶν
1347 3829 1739 3899 πνευματικῶν
1784 3828 2047 3898 Πατέρων

468 3914 1081 3994 ὲνεργουμένης.,οῦτοι
1130 3919 1224 3974 οῦν
1253 3921 1304 3973 οἱ
1356 3919 1719 3990 ἐξωθούμενοι
1763 3921 1894 3990 περὶ
1923 3922 2048 3985 τοὺς

467 4019 750 4088 νάρθηκας
802 4015 1068 4077 ἵστανται,
1124 4013 1158 4082 ἢ
1202 4013 1296 4066 καὶ
1325 4013 1385 4065 ὲν
1426 4015 1541 4076 τοῖς
1587 4013 2046 4085 κατηχουιιένοις,

465 4109 574 4162 τῶν
603 4105 848 4176 φρικτῶν
885 4102 1202 4174 μυστηρίων
1237 4102 1667 4172 ὲκτελουμένων.

1027 4196 1279 4252 ΚΕΦΔΛ.
1312 4194 1481 4250 ΡΝΔ’.

669 4296 830 4350 Διατί
850 4292 1166 4362 νάρθηκες,
1204 4289 1304 4342 καὶ
1335 4286 1845 4358 κατηχουμενεῖα.

536 4456 827 4527 Νάρθηκες
860 4454 916 4507 δὲ
947 4451 1221 4519 λέγονται,
1255 4449 1378 4519 ἦτοι
1400 4445 1514 4500 τῶν
1543 4446 1690 4500 ναῶν
1725 4445 1912 4540 ἀρχαὶ,
1949 4442 2048 4496 καὶ
2080 4484 2124 4540 D

466 4547 934 4619 κατηχουμενεϊα,
967 4544 1088 4615 ἦτοι
1117 4541 1227 4595 τῶν
1259 4540 1688 4610 κατηχουμένων
1711 4539 1738 4589 ὁ
1770 4534 1944 4600 οἶκος.
1977 4537 2046 4588 Ἀ

469 4645 562 4694 καὶ
593 4640 683 4693 διὰ
713 4637 874 4692 τοῦτο
908 4634 1200 4704 ἐπενοήθη,
1231 4633 1318 4687 ἵνα
1343 4632 1439 4685 καὶ
1467 4630 1618 4684 οὗτοι
1655 4628 1725 4682 δι’
1755 4627 1929 4699 ἀκοῆς
1951 4632 2051 4684 καὶ

466 4732 710 4801 ὁράσεως
766 4730 935 4797 μόνης
971 4725 1242 4796 μετέχωσι
1277 4725 1384 4777 τῶν
1435 4722 1620 4786 θείων,
1663 4719 1759 4772 καὶ
1801 4719 1891 4772 διὰ
1941 4721 2050 4773 τῶν

469 4823 688 4894 χειλέων
711 4821 766 4874 δὲ
797 4819 890 4874 καὶ
927 4818 1030 4886 τῆς
1059 4816 1311 4886 γλώσσης
1339 4813 1652 4886 ὁμολογῶσι
1682 4816 1782 4884 τὴν
1839 4815 2046 4876 πίστιν,

471 4919 564 4970 καὶ
595 4915 666 4968 τὰ
688 4917 786 4984 τῆς
807 4911 1091 4974 εὐσεϐείας
1120 4910 1342 4979 ῥήματα
1370 4908 1592 4978 ᾄδωσιν.
1617 4907 1692 4960 Οὐ
1723 4905 2048 4958 κοινωνοῦσι

468 5007 524 5060 δὲ
545 5005 646 5074 τῆς
677 5007 922 5064 στάσεως
944 5002 1056 5062 τοῖς
1090 5000 1326 5062 πιστοῖς,
1390 4997 1512 5050 οὐδὲ
1537 4995 1639 5066 τῆς
1661 4997 1850 5066 εὐχῆς.
1869 4997 2048 5048 Ἀκυι-

469 5100 699 5167 νώνητοι
727 5095 838 5164 γὰρ
870 5093 962 5146 καὶ
987 5090 1328 5160 διιστάμενοι
1357 5088 1460 5144 ἔτι.
1500 5090 1563 5142 ΕΞ
1597 5088 1692 5142 οῦν
1718 5090 1816 5158 τῆς
1840 5091 1896 5140 ἐν
1929 5091 2046 5140 λει-

467 5189 701 5259 τουργίᾳ
742 5187 985 5248 στάσεως
1015 5187 1110 5239 καὶ
1138 5184 1305 5252 εὐχῆς
1332 5182 1564 5248 ἀνάξιοι,
1595 5181 1778 5250 πολλῷ
1813 5200 1874 5250 γε
1908 5183 2048 5252 μᾶλ-

469 5285 560 5337 λον
587 5284 684 5353 τῆς
715 5279 1101 5352 φρικτωτάτης
1134 5275 1444 5336 κοινωνίας.
1479 5275 1570 5326 Διὸ
1600 5274 1694 5327 καὶ
1739 5274 1844 5344 γῆς
1889 5277 2048 5341 μόνον

472 5377 778 5446 εἰρήκαμεν
826 5369 1021 5435 σώζειν
1055 5369 1227 5422 τύπον
1256 5369 1325 5420 τὰ
1359 5369 1418 5418 ὲν
1454 5365 1532 5436 τῷ
1577 5365 1816 5436 νάρθηκι
1851 5369 1946 5419 καὶ
1980 5368 2050 5419 τὰ

472 5468 581 5521 τῶν
615 5464 1062 5536 κατηχουμὲνων,
1114 5459 1191 5522 ὡς
1249 5457 1407 5526 δίκην
1463 5457 1678 5524 ἀλόγων
1725 5457 1934 5511 τούτων
1967 5458 2048 5514 ἔτι
2098 5468 2103 5475 ·

473 5559 568 5627 ἐπὶ
593 5556 692 5627 τὴν
727 5556 831 5624 γῆν
854 5551 1257 5621 διαιτωμένων,
1291 5548 1387 5601 καὶ
1416 5547 1526 5600 τῶν
1554 5548 1651 5616 μὲν
1686 5549 1760 5618 μὴ
1791 5566 2051 5618 γεγεννη-

477 5651 654 5722 μένων
687 5651 764 5710 εὶς
797 5647 895 5717 τὴν
929 5645 1077 5714 ζωὴν
1120 5643 1252 5712 (τῶν
1284 5641 1662 5710 ἀϐαπτίστων)
1688 5641 1795 5693 τῶν
1818 5642 1875 5693 δὲ
1904 5642 2048 5711 (ἤτοι

471 5744 581 5796 τῶν
624 5740 1024 5812 ἀρνησαμένων
1072 5739 1168 5790 καὶ
1209 5737 1319 5791 τῶν
1380 5736 1928 5814 παραπεπτωκότιυν)
1971 5736 2046 5808 μὴ

474 5832 616 5888 κατὰ
646 5832 804 5898 λόγον
833 5827 952 5899 Θεῷ
983 5827 1288 5897 ζησάντων,
1322 5826 1380 5882 ὲν
1411 5827 1476 5895 τῇ
1508 5826 1578 5896 γῇ
1610 5825 1666 5878 δὲ
1697 5827 1792 5880 καὶ
1815 5826 2035 5881 ἄπιστοι

2137 1932 2297 1985 quam
2350 1916 2596 1972 nondum
2651 1916 2876 1986 perfecti
2919 1917 3102 1971 tideles
3137 1931 3238 1972 nec
3280 1917 3489 1986 signata
3521 1916 3715 1971 Eccle-

2136 2009 2230 2063 sia:
2252 2009 2517 2075 membra,
2545 2008 2819 2078 mysteriis
2845 2008 3174 2062 introductis
3213 2008 3360 2064 foras
3385 2008 3710 2079 ejiciuntur.

2139 2100 2253 2155 Non
2288 2101 2434 2156 enim
2489 2099 2907 2170 participatione
2975 2100 3068 2156 Dei
3111 2100 3201 2156 isti
3248 2101 3395 2172 digni
3449 2110 3608 2165 sunt;
3643 2103 3710 2155 al

2139 2203 2445 2248 creaturam
2478 2193 2623 2248 enim
2658 2193 2749 2248 Dei
2784 2191 3144 2262 pertinentes,
3196 2192 3407 2270 indigni
3463 2200 3593 2248 sunt
3620 2190 3716 2248 Dei

2140 2285 2552 2351 communione,
2587 2285 2744 2356 quasi
2778 2285 3198 2356 corruptibilcm
3248 2295 3457 2340 tantum
3519 2286 3726 2339 nativi-

2140 2384 2309 2430 tatem
2345 2376 2548 2446 adepti,
2580 2391 2686 2430 non
2718 2385 2901 2431 autem
2945 2376 3471 2446 iucorruptihilitate
3498 2377 3722 2444 vitaque

2143 2468 2436 2521 immortali
2462 2467 2606 2538 digni
2640 2467 2791 2522 facti.
2842 2466 3160 2542 Ejiciuntur
3213 2467 3430 2538 quidem
3477 2467 3594 2534 isti,
3623 2465 3720 2520 sed

2142 2566 2198 2610 et
2229 2556 2303 2610 illi
2334 2558 2426 2627 qui
2483 2566 2605 2626 post
2629 2556 2896 2626 baptisma
2940 2557 3074 2626 lapsi
3103 2568 3250 2621 sunt,
3291 2557 3372 2610 vel
3407 2556 3498 2610 Dei
3551 2573 3718 2626 nega-

2143 2648 2293 2706 tione
2320 2649 2660 2713 ceciderunl,
2704 2649 2785 2704 vel
2819 2651 2965 2705 cmde
3019 2658 3253 2720 patrata,
3305 2649 3571 2722 sanguine
3607 2649 3725 2704 fra-

2145 2748 2302 2794 terno
2334 2737 2522 2794 fmdati
2559 2747 2705 2804 sunt,
2741 2739 2823 2794 vel
2857 2740 2960 2793 alia
2993 2739 3239 2811 quaedam
3269 2754 3298 2794 a
3325 2741 3720 2795 communione

2143 2829 2489 2886 excludentia
2523 2841 3008 2903 perpetraverunt.

2714 3005 2944 3061 CAPUT
2984 3005 3164 3062 CLIII.

2151 3101 2306 3168 Quod
2348 3114 2450 3154 non
2482 3115 2657 3154 omnes
2691 3115 2830 3153 nunc
2878 3117 2996 3154 cum
3041 3103 3428 3159 catechument‘s
3463 3105 3607 3159 exire
3645 3120 3729 3160 ec-

2068 3144 2116 3208 C
2704 3173 2867 3208 rlpn'n
2899 3172 3153 3208 {saliuntur

2704 3173 2867 3225 cleaia
2889 3172 2957 3241 ju
2966 3173 3173 3228 bentur.

2218 3261 2281 3317 Ili
2306 3277 2522 3322 omnes.
2548 3263 2958 3318 catecbumeuis
2987 3264 3416 3334 egredientibus,
3454 3265 3606 3335 prius
3629 3265 3734 3335 eji-

2146 3356 2455 3412 ciebantur.
2497 3351 2653 3408 Nunc
2689 3363 2869 3410 autem
2907 3363 3130 3426 propter
3159 3359 3572 3426 persecutiones
3623 3359 3733 3411 Ire-

2146 3456 2486 3519 quentesque
2530 3447 3019 3509 circumstantias.
3075 3447 3156 3502 sic
3209 3447 3462 3504 Pati-ibus
3523 3451 3729 3504 bonum

2146 3539 2690 3610 essejudicantibus,
2729 3539 3116 3594 catecltumeni
3141 3541 3356 3611 quidem
3386 3550 3440 3596 et
3472 3549 3733 3612 apostata:

2148 3643 2203 3689 ct
2240 3632 2526 3688 homicidae
2545 3632 2880 3700 ejiciuntur;
2931 3632 3113 3685 caeteri
3149 3645 3282 3686 vero
3324 3631 3600 3702 baptisma
3636 3648 3729 3687 so-

2149 3727 2257 3780 lum
2295 3725 2669 3795 possidentes,
2710 3725 2946 3794 proprio
2979 3732 3126 3778 motu
3158 3725 3512 3781 dimittuntur
3550 3729 3732 3797 poeni-

2151 3818 2332 3872 tentia:
2366 3817 2613 3886 ipsorum
2645 3831 2676 3870 a
2727 3815 3110 3881 spiritualibus
3145 3815 3404 3871 Patribus
3458 3817 3730 3872 excitam.

2150 3911 2226 3966 Illi
2250 3925 2382 3980 ergo
2407 3911 2499 3979 qui
2535 3909 2858 3979 ejiciuntur,
2897 3909 3047 3965 circa
3092 3909 3409 3973 nartbeees,
3442 3908 3525 3963 vel
3555 3909 3609 3962 in
3635 3925 3732 3964 ca-
3765 3984 3767 3986 η

2153 4005 2516 4070 tcchumenis,
2542 4003 2671 4057 dum
2719 4017 2880 4058 sacra
2913 4001 3176 4074 mysteria
3219 4009 3578 4071 peraguntur,
3603 4017 3732 4057 con-

2152 4097 2381 4151 sistunt.

2701 4185 2933 4242 CAPUT
2971 4183 3152 4241 CLIV.

2154 4282 2332 4349 Quare
2361 4281 2596 4335 ecclesia:
2618 4275 2874 4334 restibula
2902 4281 3172 4332 nattlteces
3201 4278 3307 4350 sive
3347 4278 3519 4347 {eruta
3546 4256 3725 4350 appel-

2449 4353 2636 4405 lantur
2667 4359 2716 4405 ct
2745 4350 3244 4404 catechumenorum
3278 4349 3418 4404 loca.

2225 4444 2519 4500 Nartlteces
2551 4455 2734 4499 autem
2791 4443 3070 4507 dicuntur,
3101 4442 3217 4498 sive
3251 4443 3576 4512 templorum
3628 4443 3733 4497 iui-

2155 4541 2226 4595 tia
2291 4549 2347 4595 et
2389 4539 2839 4606 catecltumenia;
2892 4538 3008 4593 sive
3073 4535 3591 4591 catecltumenorum
3648 4548 3735 4592 se-

2154 4635 2286 4698 des;
2318 4647 2439 4702 qute
2466 4641 2753 4702 propterea
2777 4631 3085 4700 eimagitata
3127 4637 3277 4694 sunt,
3355 4639 3415 4683 ut
3481 4629 3570 4683 isti
3632 4645 3731 4699 per

2151 4726 2487 4781 auditionem
2509 4734 2566 4780 et
2597 4725 2774 4779 visum
2803 4723 2984 4777 solum
3022 4721 3206 4776 divina
3260 4721 3611 4792 participem,
3671 4732 3726 4775 ct

2153 4835 2247 4888 per
2297 4820 2534 4890 linguam
2582 4828 2635 4871 et
2686 4815 2830 4870 labia
2876 4814 3240 4870 conﬁteantur
3291 4812 3476 4878 ﬁdem,
3529 4823 3581 4869 et
3616 4814 3713 4885 pie

2150 4912 2279 4965 tatis
2343 4912 2502 4964 verba
2575 4911 2888 4963 concinaut.
2941 4907 3076 4962 Cum
3109 4905 3367 4963 IideIibus
3411 4916 3593 4962 autem
3631 4922 3728 4961 ιιι-ι.

2152 5006 2204 5059 in
2245 5007 2498 5070 statione,
2549 5019 2648 5058 nec
2686 5003 2740 5056 in
2770 5002 3019 5056 oratione
3068 5003 3495 5056 communicant
3527 5018 3540 5056 :
3577 5011 3727 5056 cxtta

2149 5097 2596 5152 comumnionem
2642 5097 2784 5149 enim
2840 5095 3018 5150 adhuc
3053 5103 3182 5149 sunt
3251 5103 3306 5148 et
3356 5096 3606 5162 separati.
3667 5094 3725 5146 Si

2150 5189 2378 5260 proinde
2428 5189 2576 5258 digni
2639 5203 2747 5243 non
2814 5196 2945 5243 sunt
2990 5195 3050 5241 ttt
3111 5187 3342 5256 Iiturgim
3386 5189 3644 5241 assistant
3672 5194 3727 5236 et

2149 5292 2324 5347 orent,
2365 5279 2536 5334 multo
2596 5282 2778 5336 minus
2835 5280 3111 5334 tremenda
3172 5279 3553 5332 communione
3600 5287 3729 5338 sunt

2150 5373 2319 5443 digni.
2361 5371 2488 5425 Ideo
2530 5379 2691 5425 terra:
2741 5381 2951 5424 tantum
3000 5370 3240 5424 diximus
3290 5383 3510 5424 scrvare
3546 5377 3726 5438 typum

2150 5480 2212 5520 ea
2265 5479 2387 5532 quae
2439 5473 2567 5518 sunt
2627 5463 2681 5516 in
2753 5464 3013 5517 nartltece
3067 5471 3122 5515 et
3177 5475 3238 5514 ea
3292 5475 3414 5528 quae
3473 5459 3729 5514 catecb-u

2152 5573 2434 5612 menorum
2501 5563 2662 5619 sunt,
2743 5556 3008 5624 siquidem
3083 5555 3402 5609 animalium
3462 5566 3612 5606 more
3655 5556 3735 5604 νεα

2152 5659 2284 5703 vunt
2336 5649 2515 5702 adhuc
2570 5649 2656 5701 isti
2722 5661 2887 5714 super
2941 5656 3162 5714 terram,
3213 5647 3329 5700 sive
3364 5646 3457 5715 qui
3487 5649 3731 5702 nondum

2153 5746 2220 5798 ad
2256 5742 2420 5796 vitam
2454 5751 2583 5796 sunt
2611 5741 2850 5811 generati
2887 5740 3017 5811 (non
3044 5738 3325 5813 baptizati)
3359 5742 3473 5796 sive
3504 5739 3598 5812 qui
3626 5741 3732 5809 (τρι

2157 5842 2421 5904 apostatae
2453 5833 2535 5890 vel
2574 5835 2914 5904 peccatores)
2974 5847 3081 5889 non
3103 5835 3260 5906 juxta
3312 5833 3585 5892 rationem
3619 5831 3733 5887 Deo
