4114 6272
482 119 489 127 ⁸
549 126 564 151 Α

432 315 536 379 359

1217 305 1595 368 SYMEONIS
1639 298 2392 364 THESSALONICENSIS
2437 296 2793 358 ARCHIEP.

3568 289 3672 353 330

434 433 639 485 vivunt.
670 428 729 482 ιη
761 438 902 481 terra
929 436 1108 481 autem
1133 432 1263 479 sunt
1287 421 1537 477 inﬁdeles
1571 428 1626 474 et
1652 419 1870 476 exsules
1900 434 1996 485 pa-
2025 472 2026 477 η

2111 419 2191 470 καὶ
2220 417 2312 470 τοῦ
2343 414 2669 485 παραδείσου
2699 411 2984 479 ὲξόριστοι.
3015 412 3122 463 Καὶ
3160 409 3322 479 μέχρι
3357 409 3458 478 μὲν
3482 406 3669 477 ζῶμεν

437 523 599 577 radisi
634 539 649 585 ;
680 521 912 587 dumque
939 517 1174 572 vivimus
1203 515 1341 569 hanc
1359 511 1771 581 corruptibilem
1805 510 1998 571 vitam,

435 614 597 669 simul
618 627 739 667 cum
786 609 1090 663 inﬁdelibus
1134 616 1187 661 et
1243 602 1710 659 irrationabilibus
1769 600 1825 653 in
1855 612 2001 654 terra

435 707 702 775 degimus,
740 716 836 772 per
878 700 1001 755 ﬁdei
1045 699 1326 754 scientiam
1360 696 1429 749 ab
1460 694 1576 748 istis
1601 691 1830 760 separati
1858 709 1870 745 :
1904 703 2004 747 nos

433 801 575 855 enim
603 796 809 854 Christi
846 795 1031 851 ﬁdeles
1060 806 1252 848 sumus
1279 791 1331 844 in
1367 788 1610 851 Christo,
1641 786 1800 856 cujus
1837 785 2001 838 etiam

438 892 644 952 ratione
677 887 933 942 vivimus.
966 883 1118 937 Tunc
1177 894 1358 935 autem
1413 879 1659 935 inﬁdeles
1715 892 1821 930 una
1878 889 2001 929 cum

436 976 814 1052 peccatoribus
858 992 885 1029 a
919 975 1082 1046 jttstis
1110 974 1533 1042 separabuntur,
1564 978 1619 1025 et
1642 968 1863 1023 omnino
1881 981 2002 1020 cum

435 1072 770 1127 dznmonibns
812 1068 957 1123 foras
995 1066 1285 1136 ejicientur
1322 1081 1335 1118 :
1367 1063 1523 1117 electi
1576 1074 1704 1115 vero
1738 1058 1837 1114 soli
1879 1071 2003 1112 cum

434 1166 650 1220 Christo
672 1173 723 1217 et
761 1161 968 1231 angelis
998 1164 1237 1222 erunt,ct
1268 1154 1473 1209 Christi
1505 1150 1888 1209 communione
1919 1149 2003 1203 di-

436 1259 522 1327 gni
552 1241 961 1326 iudicabuntur.
988 1280 995 1289 -
1155 1260 1203 1285 λ·
1378 1277 1383 1289 ·
1428 1272 1449 1281 -·

1022 1336 1249 1394 CAPUT
1282 1335 1440 1391 CLV.

436 1440 612 1507 Quare
634 1441 687 1493 in
717 1436 980 1507 prooemiis
1018 1449 1229 1507 precum
1263 1442 1420 1487 extra
1468 1430 1721 1507 tetttplum
1755 1426 2007 1507 sensistis

510 1527 647 1574 mm,
682 1499 731 1563 et
762 1507 895 1576 quid
921 1499 1225 1576 notetguod
1265 1518 1359 1576 nos
1392 1502 1589 1576 apertis
1618 1501 1792 1569 portis
1835 1499 2006 1564 ingre-

502 1571 682 1701 άὶἑηιιν
713 1571 1115 1645 (εὰιεσΙιιιηιεηίε
1141 1580 1187 1627 et
1211 1571 1583 1640 paenitentibus
1608 1577 1761 1624 extra
1786 1583 2006 1621 manen-

509 1650 549 1701 ti
590 1651 697 1714 us).

509 1658 697 1702 libus).

436 1738 443 1741 “
509 1734 810 1829 "acetiam
854 1770 999 1812 nunc
1022 1738 1414 1833 signiﬁcantes,
1453 1753 1506 1809 in
1549 1752 1873 1823 hymnorum
1909 1766 2006 1806 cx-
2038 1779 2079 1839 Β

438 1850 609 1905 ordiis
661 1850 1002 1903 extrinsecus
1047 1854 1280 1912 stamus,
1315 1854 1374 1898 ut
1423 1853 1551 1898 ante
1606 1842 1918 1913 paradisqu
1953 1850 2007 1896 et.

441 1940 615 2010 ipsum
648 1937 869 2004 cmlum,
903 1943 1106 1989 terram
1144 1941 1197 1989 et
1242 1934 1382 1989 hanc
1410 1932 1579 1988 solam
1613 1918 2004 2002 repraesentan-

440 2039 521 2084 tes
558 2035 651 2093 ;et
682 2041 822 2096 saepe
856 2024 1136 2080 nobiscum
1178 2031 1309 2078 sunt
1358 2023 1708 2093 pmnitentes,
1755 2021 1871 2077 sive
1915 2021 2005 2091 qui

439 2120 508 2173 ab
532 2118 798 2188 apostasia
821 2114 1070 2173 conversi
1101 2123 1251 2179 sunt,
1274 2114 1389 2170 sive
1421 2116 1515 2185 qui
1539 2115 1607 2170 de
1636 2112 2007 2169 homicidariis

439 2210 696 2280 operibus
722 2206 938 2274 mutati,
1000 2207 1113 2262 sive
1147 2207 1240 2276 qui
1274 2209 1340 2261 de
1368 2205 1487 2262 ﬁdei
1518 2207 1726 2261 ratione
1751 2208 2005 2283 catechue

440 2288 852 2371 tneniprert'is
893 2294 1071 2369 autem
1098 2299 1286 2370 jan'ttis
1314 2289 1436 2365 post
1466 2288 1692 2369 hymnos
1735 2301 2005 2357 extrinse-

438 2408 537 2448 cus
568 2378 898 2457 dictos,nos
917 2390 1159 2462 quidem,
1189 2399 1246 2443 ut
1274 2389 1326 2443 in
1354 2389 1672 2458 paradisum
1698 2389 1778 2445 vel
1804 2390 2000 2446 coelum

440 2486 492 2538 in
527 2484 769 2538 divinum
802 2482 1055 2551 templum
1081 2479 1418 2550 ingredimur
1460 2496 1475 2546 ;
1511 2478 1643 2535 foris
1698 2489 1879 2534 autem
1926 2479 2006 2535 illi

441 2584 660 2629 manent
692 2590 708 2629 :
742 2588 852 2644 quo
885 2571 1228 2642 signiﬁcatur
1264 2570 1420 2626 nobis
1460 2579 1645 2639 aperta
1682 2569 1850 2625 fuisse
1896 2585 2009 2627 cce-

437 2662 592 2719 lcstia
622 2676 830 2732 nosque
865 2662 977 2732 jam
1011 2661 1063 2715 in
1128 2659 1327 2715 Sancta
1367 2671 1680 2714 sanctorum
1737 2662 2010 2717 invenisse

440 2756 605 2820 viam,
633 2765 688 2808 et
726 2755 791 2808 ad
832 2753 1013 2807 lumen
1063 2751 1379 2817 ascendere,
1439 2750 2008 2833 thronoqueyDomini

440 2847 862 2916 propinquantes
886 2842 1229 2898 familiariter
1254 2854 1422 2899 stare.
1448 2841 1528 2897 Ad
1557 2841 1825 2898 orientem
1862 2845 2006 2900 enim

438 2946 493 2992 et
522 2933 587 2992 ad
615 2937 982 3017 sanctuarium
1012 2927 1380 3005 procedimus,
1408 2944 1462 2990 et
1523 2942 1783 3006 tanquam
1816 2936 1869 2991 in
1910 2953 2010 2991 nu—

441 3030 618 3098 bibus,
650 3031 703 3085 in
738 3028 934 3085 divinis
971 3028 1149 3083 verbis
1177 3038 1231 3083 et
1275 3028 1514 3099 hymnis,
1546 3040 1604 3083 ut
1633 3028 1687 3083 in
1742 3044 1870 3084 aera
1925 3045 2009 3084 ra-

2106 508 2205 578 τὴν
2235 506 2600 576 φθειρομένην
2655 503 2812 572 τήνδε
2848 501 3012 574 ζωὴν,
3069 502 3205 571 ὁμοῦ
3239 503 3378 571 μετά
3407 501 3518 554 τῶν
3547 503 3677 554 ἀπί-

2108 615 2249 652 στων
2283 600 2379 651 καὶ
2429 598 2539 649 τῶν
2568 596 2778 663 ἀλόγων
2811 594 2911 664 τὴν
2959 595 3061 661 γῆν
3088 593 3460 662 διατρίϐομεν,
3493 610 3675 662 κεχωο

2108 688 2355 757 ρισμένοι
2381 688 2586 741 τούτων
2616 687 2765 749 ὄντες
2795 687 2863 756 τῇ
2896 684 3089 755 γνώμῃ
3110 699 3125 715 ·
3156 684 3276 736 ἐπεὶ
3307 685 3466 754 ἡμεῖς
3488 682 3679 736 πιστοὶ

2106 778 2345 848 Χριστοῦ
2400 780 2459 831 ὲν
2506 777 2751 848 Χριστῷ,
2784 779 2878 830 καὶ
2924 775 3115 829 τούτου
3141 773 3345 839 ζῶντες
3385 775 3463 846 τῷ
3492 775 3674 845 λόγῳ’

2104 871 2226 923 τότε
2266 869 2322 921 δὲ
2349 871 2399 922 οἱ
2424 872 2646 924 ἄπιστοι
2684 870 2803 937 ἅμα
2833 867 2927 922 καὶ
2966 866 3284 938 ἁμαρτωλοὶ
3310 866 3421 920 τῶν
3450 866 3677 920 δικαίων
3732 867 3743 881 ‘

2105 948 2565 1032 διαιρεθήσονται,
2594 962 2688 1014 καὶ
2717 961 2947 1014 καθόλου
2982 958 3120 1029 μετά
3145 958 3253 1012 τῶν
3279 958 3549 1027 δαιμόνων
3573 957 3677 1022 ἔξω

2107 1053 2741 1123 ῥιφήσονται.-Ἒσονται
2800 1051 2858 1105 δὲ
2909 1052 3062 1121 μόνοι
3126 1049 3266 1121 μετά
3310 1049 3548 1119 Χριστοῦ
3583 1050 3675 1102 καλ¹

2105 1142 2215 1197 τῶν
2255 1145 2504 1212 ἀγγέλων
2534 1143 2585 1195 οἱ
2618 1143 2888 1210 ἐκλεκτοὶ,
2919 1143 3015 1197 καὶ
3049 1143 3146 1212 τῆς
3175 1140 3269 1195 τοῦ
3299 1141 3536 1211 Χριστοῦ
3564 1159 3675 1195 κοι-

2107 1233 2304 1297 νωνίας
2334 1233 2757 1305 ἀξιωθήσονται.

2656 1326 2905 1381 ΚΕΦΑΛ.
2948 1320 3121 1385 PNE’.

2106 1414 2362 1489 Διατίμέν
2387 1418 2513 1489 τοῖς
2536 1421 2870 1489 προοιμίοις
2894 1418 3012 1472 τῶν
3036 1419 3394 1487 προσευχῶν
3421 1420 3535 1489 πρὸ
3560 1419 3677 1473 τῶν

2175 1486 2340 1561 ναῶν
2394 1488 2511 1561 ἕξξι)
2571 1488 2859 1561 ἱστάμεθα
2880 1504 2895 1519 ·
2948 1489 3050 1543 καὶ
3080 1486 3140 1544 τί
3171 1492 3238 1543 τὸ
3265 1486 3671 1561 ἀνοιγομένων

2175 1557 2296 1612 τῶν
2323 1557 2535 1613 πυλῶν
2557 1558 2830 1613 εἰσιέναι.

2178 1711 2350 1770 Τοῦτο
2392 1709 2486 1769 οῦν
2530 1716 2625 1771 καὶ
2659 1717 2756 1771 νῦν
2793 1697 3077 1788 δηλοῦντες
3108 1719 3166 1772 ἐν
3211 1722 3326 1784 τοῖς
3367 1720 3675 1790 προοιμίοις

2106 1808 2216 1860 τῶν
2249 1807 2455 1878 ὓμνων,
2490 1809 2758 1880 ίστάμεθα
2789 1802 2992 1874 ἔξωθεν
3021 1804 3096 1875 ὡς
3143 1813 3249 1880 πρὸ
3283 1811 3378 1866 τοῦ
3416 1813 3676 1884 παραδί-

2110 1901 2262 1971 σουῆ
2294 1901 2390 1954 καὶ
2449 1901 2613 1955 αὐτοῦ
2664 1901 2759 1956 τοῦ
2789 1904 3042 1974 οὐρανοῦ,
3087 1903 3186 1973 τὴν
3217 1904 3321 1973 γῆν
3362 1905 3457 1957 καὶ
3506 1905 3675 1975 μόνην

2107 1991 2422 2056 τυποῦντες.
2457 1996 2569 2049 Καὶ
2614 1996 2710 2048 σὺν
2748 1998 2882 2066 ἡμῖν
2918 1996 3177 2061 πολλάκις
3204 1999 3251 2050 οί
3286 1998 3680 2068 μετανοοῦντες

2107 2089 2265 2148 εἰσιν,
2296 2087 2409 2139 εἴτε
2432 2089 2481 2140 οἱ
2512 2088 2620 2141 ἀπὸ
2645 2089 2750 2159 τῆς
2773 2089 3056 2161 ἀρνήσεως
3086 2091 3530 2160 ἐπιστρέφοντες,
3563 2092 3675 2146 εἴτε

2107 2177 2155 2229 οἱ
2183 2177 2290 2231 ἀπὸ
2319 2176 2426 2230 τῶν
2477 2179 2714 2246 φονικῶν
2742 2177 2940 2250 ἔργων,
2978 2179 3088 2234 εἴτε
3129 2181 3178 2234 οἱ
3224 2180 3316 2235 τὸν
3364 2180 3525 2250 λόγον
3564 2184 3664 2251 τῆς

2108 2267 2343 2329 πίστεως
2371 2268 2790 2340 κατηχούμενοι.
2834 2272 3228 2340 ’Δνοιγομένων
3257 2273 3323 2343 δὲ.
3339 2274 3446 2327 τῶν
3487 2274 3674 2328 πυλῶν

2112 2359 2251 2427 μετά
2278 2360 2401 2422 τοὺς
2425 2360 2623 2425 ἔξωθεν
2649 2361 2872 2432 ὕμνους,
2904 2363 3062 2433 ἡμεῖς
3089 2366 3189 2432 μὲν
3212 2346 3574 2439 εἰσερχόμεθα
3598 2370 3675 2431 ὡς

2109 2453 2190 2514 εἰς
2220 2453 2551 2523 παράδεισον
2583 2454 2615 2525 ἦ
2672 2454 2763 2508 τὸν
2797 2456 3026 2525 οὐρανὸν
3060 2457 3151 2512 τὸν
3194 2459 3335 2512 θεῖον
3366 2464 3512 2526 ναὸν,
3541 2463 3675 2527 ἔξω-

2111 2542 2202 2595 θεν
2249 2543 2307 2598 δὲ
2357 2544 2557 2600 ἐκεῖνοι
2591 2546 2851 2616 μένουσιο
2882 2547 3170 2620 δηλοῦντος
3224 2552 3319 2604 τοῦ
3366 2550 3554 2624 ἔργον,
3599 2554 3675 2619 ὼς

2110 2637 2243 2707 ἡμῖν
2273 2636 2518 2708 ἀνεώχθη
2562 2638 2631 2691 τὰ
2665 2640 2989 2710 ἐπουράνια,
3021 2645 3117 2695 καί
3171 2643 3270 2715 τὴν
3297 2644 3377 2708 εις
3408 2644 3479 2699 τὰ
3506 2646 3680 2716 ’Δγισι

2110 2730 2217 2781 τῶν
2251 2729 2423 2799 ἁγίων
2448 2731 2547 2800 ἥδη
2584 2730 2902 2803 εὑρήκαμεν
2927 2734 3152 2799 εἴσοδον,
3183 2736 3277 2790 καὶ
3309 2737 3676 2809 ἀναϐαίνομεν

2113 2819 2248 2889 πρὸς
2310 2820 2372 2874 τὸ
2417 2822 2553 2890 φῶς,
2615 2824 2706 2875 καὶ
2767 2824 2843 2894 τῷ
2882 2825 3056 2896 θρόνῳ
3104 2827 3312 2898 Κυρίου
3367 2830 3678 2899 ἐγγίζοντες

2114 2910 2505 2980 πλησιάζομεν.
2529 2913 2671 2984 Πρὸς
2693 2913 2769 2966 ἕω
2792 2915 2899 2985 γὰρ
2926 2916 3020 2968 καὶ
3041 2916 3100 2969 τὸ
3124 2916 3275 2988 βῆμα
3306 2922 3676 2991 πορευόμεθα,

2118 3006 2212 3054 καὶ
2236 3003 2595 3073 ἀρπαζόμεθα
2642 3006 2718 3069 ὡς
2766 3008 2823 3061 ὲν
2864 3007 3114 3075 νεφέλαις
3162 3014 3275 3075 τοῖς
3313 3011 3474 3076 θείοις
3500 3013 3677 3082 λόγοις

441 3124 618 3193 pimur
659 3123 709 3177 in
745 3120 926 3191 templi
948 3121 1189 3193 adytum,
1213 3119 1267 3174 in
1288 3134 1575 3176 occursum
1598 3121 1936 3192 Dominiqui,
1957 3123 2011 3175 in

2116 3095 2209 3193 καὶ
2245 3095 2457 3193 ῠμνοις,
2487 3095 2676 3165 ὥσπερ
2730 3098 2809 3162 είς
2866 3098 3027 3169 ἀέρα,
3076 3101 3166 3153 τὸν
3204 3102 3360 3175 137
3415 3105 3680 3176 ἐνδοτέρω

438 3216 637 3274 coelum
669 3213 1013 3270 ascendendo
1044 3228 1141 3268 nos
1166 3213 1315 3281 ipsos
1331 3227 1546 3283 quoque
1568 3213 1821 3277 elevavit,
1839 3220 2008 3283 seqtre

380 3347 389 3355 .
440 3307 599 3361 nobis
629 3306 770 3358 viam
805 3304 1053 3357 exhibuit
1088 3314 1146 3357 ut
1178 3319 1390 3382 semper
1423 3314 1476 3359 et
1504 3304 1705 3372 ubique
1738 3318 1863 3358 cum
1896 3302 2007 3357 Do-

443 3396 587 3449 mino
622 3408 891 3471 essemus,
932 3393 1033 3467 qui.
1065 3407 1165 3463 pro
1212 3395 1374 3448 nobis
1401 3393 1707 3449 immolatus
1759 3402 1859 3447 cst.
1884 3393 2008 3449 Ideo

441 3498 493 3541 ct
531 3497 698 3557 porta;
727 3485 1046 3557 operjuntnr
1077 3492 1133 3552 et
1161 3483 1278 3538 vela
1313 3484 1604 3548 tolluntur,
1662 3495 1722 3539 ut
1761 3498 1883 3553 quae
1921 3485 2010 3539 de-

446 3554 662 3635 sursum
688 3586 961 3633 suntcum
999 3576 1068 3630 iis
1087 3591 1207 3646 qua:
1231 3575 1510 3642 deorsum,
1549 3576 1825 3644 uitiantur.
1854 3576 2011 3637 Calc-

442 3672 696 3725 chumcni
724 3679 905 3724 autem
968 3677 1022 3722 ct
1046 3667 1254 3739 aliquot
1315 3668 1498 3723 caeteri
1541 3668 1722 3738 adhuc
1775 3669 2010 3724 in-tcrra

442 3772 566 3821 sunt
597 3772 651 3817 et
677 3771 825 3817 extra
860 3764 1323 3827 communionem,
1352 3770 1540 3832 utpote
1578 3762 1672 3831 qui
1719 3760 1887 3816 Deum
1915 3777 2006 3816 ne-

442 3865 704 3925 gaverunt
731 3860 827 3907 aut
861 3852 1140 3909 homicidii
1175 3853 1251 3908 rei
1279 3861 1432 3919 sunt,
1487 3860 1541 3906 et
1572 3852 1787 3908 nonnisi
1821 3853 2010 3921 paula-

445 3948 540 4001 tim
575 3947 628 4000 in
680 3930 970 4019 ecclesiam
1028 3945 1487 4017 intromittuntur,
1536 3945 1711 4014 neque
1764 3959 1892 3999 vero
1955 3945 2009 4000 in

443 4039 610 4091 altum
647 4026 970 4105 ascendunt,
1013 4035 1123 4090 imo
1153 4044 1207 4090 ct
1235 4034 1620 4101 excluduntur,
1658 4034 1761 4089 nisi
1792 4043 2021 4104 propter:

443 4134 764 4199 praesentem
796 4128 959 4183 vitam
987 4138 1041 4183 et
1085 4126 1433 4197 perfectionis
1458 4140 1611 4197 spem
1639 4126 2011 4182 intromittun-

445 4232 551 4275 tur.
611 4221 714 4288 Qni
739 4236 867 4277 vero
903 4219 1155 4295 initiatus
1196 4232 1305 4272 non
1340 4226 1444 4282 est,
1478 4216 1702 4273 omnino
1752 4218 2011 4287 reproba-

348 4341 356 4349 -
446 4318 554 4373 tus,
584 4309 792 4362 nullam
813 4322 938 4362 cum
967 4306 1186 4362 Christo
1215 4307 1658 4362 communionem
1704 4306 1888 4375 habet,
1952 4318 2011 4361 ut

445 4415 544 4455 nec
573 4401 618 4455 is
640 4399 733 4471 qui
763 4399 1139 4469 pmnitentiam
1163 4412 1274 4453 non
1301 4396 1466 4477 facit,
1488 4409 1583 4452 aut
1617 4398 1670 4452 in
1700 4407 1846 4453 statu
1898 4399 2008 4453 im-

2110 3185 2255 3250 ναὸν,
2280 3186 2414 3256 πρὸς
2433 3187 2745 3259 ὑπάντησιν
2768 3189 2863 3244 τοῦ
2897 3192 3122 3260 Κυρίου,
3152 3194 3210 3257 δς
3230 3196 3505 3265 ἀνήγαγεν
3532 3199 3678 3267 ἡμᾶς

2111 3276 2222 3330 ἄνω
2269 3278 2351 3341 εἰς
2399 3278 2492 3332 τὸν
2542 3282 2772 3351 οὐρανὸν
2814 3283 3047 3350 ἀναϐὰς,
3099 3288 3520 3359 καὶιήτοίμασεν
3546 3293 3678 3360 ἡμῖν

2110 3368 2228 3422 ὁδὸν
2259 3368 2473 3435 ἑαυτὸν,
2504 3372 2593 3426 ἵνα
2624 3373 2857 3427 πάντοτε
2891 3375 2990 3427 σὺν
3017 3378 3282 3449 αὐτῷ,τῷ
3312 3364 3501 3451 Κυρίῳ
3542 3384 3682 3436 ἑσὼι

2114 3460 2274 3529 μεθα,
2311 3462 2750 3544 ἱερουργουμένῳ
2781 3466 2920 3537 ὑπὲρ
2951 3468 3129 3537 ἡμῶν.
3158 3469 3250 3522 Διὸ
3291 3473 3378 3524 καὶ
3417 3474 3470 3525 αἱ
3511 3473 3678 3526 πύλαι

2110 3555 2443 3635 ἀνοίγονται,
2488 3559 2581 3611 καὶ
2607 3542 2684 3610 ea
2706 3542 2996 3629 ⁵βηλόθυρσι
3028 3562 3266 3632 αἴρεται,
3304 3566 3378 3629 ὡς
3409 3567 3517 3622 τῶν
3565 3567 3681 3621 ἀνω

2110 3645 2470 3716 ἀνεωγμένων
2512 3653 2606 3701 καὶ
2641 3651 2754 3713 τοῖς
2782 3646 2874 3704 ἐπὶ
2911 3651 3015 3721 γῆς
3070 3656 3410 3711 ἑνωθέντων.
3442 3658 3680 3713 Ἐκεῖνοι

2110 3736 2167 3789 δὲ
2196 3738 2245 3790 οἱ
2281 3739 2682 3808 κατηχούμενοι
2713 3742 2808 3795 καὶ
2840 3741 3043 3809 λοιποὶ,
3070 3745 3151 3799 ἔτι
3178 3747 3321 3800 εἰσιν
3345 3749 3405 3801 ὲν
3428 3753 3494 3820 τῇ
3520 3753 3613 3819 γῇ.
3643 3753 3675 3821 ἢ

2111 3827 2215 3892 ἔξω
2257 3829 2434 3901 πάντη
2485 3831 2957 3900 καταλειφθέντες,
2987 3835 3062 3897 ὡς
3100 3836 3150 3888 σί
3200 3836 3333 3893 Θεὸν
3366 3838 3681 3910 ἀρνησάμε-

2112 3938 2192 3973 νοι
2223 3921 2318 3974 καὶ
2359 3921 2406 3974 οἱ
2439 3923 2833 3991 πεφονευκότες
2865 3925 2958 3978 τὸν
2984 3926 3231 4003 ἀδελφὸν,
3335 3929 3529 4000 μικρὸν
3567 3934 3679 3984 εἰσ·

2111 4010 2353 4072 ελθόντες
2402 4012 2452 4064 0'!
2489 4002 2910 4092 ’κατηχοᾲμενοί
2946 4033 3005 4069 τε
3038 4002 3148 4069 καὶ
3176 4018 3227 4070 οἱ
3259 4020 3316 4072 ὲν
3345 4022 3680 4090 πταίσμασιν

2112 4101 2291 4165 ἄλλοις
2315 4118 2330 4132 ⁸
2356 4105 2454 4156 οὐκ
2488 4103 2601 4158 ἄνω
2633 4104 2691 4158 δὲ
2711 4105 3120 4174 ἀναϐαίνοντες,
3157 4108 3294 4163 ἀλλὰ
3323 4112 3417 4163 καὶ
3450 4111 3675 4175 ἐξωθούο

2115 4208 2265 4261 μενοι
2328 4193 2448 4262 μετ’
2479 4186 2870 4264 ὀλίγον.”Επεὶ
2926 4200 3021 4251 καὶ
3079 4199 3140 4253 τὸ
3174 4200 3442 4257 εἰσελθεῖν
3475 4207 3677 4275 μικρδν

2112 4283 2207 4335 νῦν
2239 4285 2327 4336 διά
2359 4282 2458 4354 τὴν
2490 4287 2773 4355 παροῦσαν
2814 4287 2960 4360 ζωὴν
2983 4291 3079 4343 καὶ
3108 4290 3209 4361 τὴν
3241 4293 3432 4347 ἐλπίδα
3461 4295 3558 4365 τῆς
3594 4313 3682 4348 τε-

2114 4375 2405 4438 λειώσεως.
2443 4377 2503 4431 Et
2560 4377 2605 4431 δ’
2651 4378 2898 4450 ἀμύητος
2931 4399 3018 4445 τις
3066 4383 3317 4452 ἀπέλθοι,
3372 4381 3525 4450 οὗτος
3574 4388 3678 4454 ἔξω

446 4467 780 4559 panitet—uiae
806 4488 1120 4557 defungitur
1185 4497 1242 4541 et
1304 4472 1696 4542 cum‘czeteris
1752 4488 2008 4557 ,repsobis

2114 4467 2392 4530 παντελῶς
2420 4468 2596 4537 ἔσται,
2628 4472 2722 4523 καὶ
2752 4471 2847 4525 τοῦ
2882 4475 3083 4544 μέρους
3113 4477 3356 4548 Χριστοῦ
3379 4478 3677 4549 ἀλλότριος,
3704 4506 3707 4509 -

445 4580 810 4637 damnationis
860 4596 982 4636 reus
1019 4579 1096 4634 ﬁt.
1146 4577 1290 4633 Deus
1348 4576 1613 4633 Dominus
1664 4587 1868 4643 autem,
1900 4581 2011 4649 qui

447 4671 596 4725 solus
625 4670 801 4725 bonus
827 4679 881 4724 et
927 4666 1247 4724 misericors
1282 4676 1388 4733 est,
1412 4666 1502 4722 det
1532 4675 1592 4721 ut
1624 4680 1817 4733 omnes
1837 4667 2010 4737 quiin

450 4761 625 4830 ipsum
648 4760 897 4824 credunt,
922 4758 1286 4833 baptizatique
1313 4766 1506 4812 suntet
1524 4756 1870 4833 catechizati,
1886 4771 2010 4811 cum

450 4849 518 4902 iis
545 4848 636 4916 qui
664 4856 789 4923 post
817 4846 1148 4916 baptismum
1181 4854 1483 4914 peccarunt
1504 4883 1532 4910 ,_
1566 4845 1620 4900 in
1654 4853 1795 4900 statu
1843 4847 2016 4916 poeni-

451 4943 633 4995 tentia:
650 4936 928 5019 decedant
957 4947 1011 4992 et
1035 4951 1159 4991 cum
1188 4937 1413 4990 Christo
1450 4937 1871 5006 coniungantur.
1908 4936 2013 4991 Sed
2052 4986 2059 4993 ,

452 5028 602 5098 impii
627 5040 845 5097 queque
879 5026 945 5093 ad
977 5024 1253 5080 Christum
1309 5034 1697 5101 convertantur
1725 5035 1776 5080 et
1829 5026 2014 5096 gloria:

453 5122 777 5192 participem
802 5120 919 5190 ejus
975 5119 1068 5188 qui
1125 5117 1250 5172 vita:
1307 5118 1480 5185 honor
1515 5126 1569 5172 et
1602 5118 1852 5189 voluptas
1909 5126 2015 5185 est,

452 5228 546 5282 per
567 5227 727 5282 quem
761 5209 979 5282 nosipsi
1001 5223 1124 5263 vere
1151 5222 1351 5281 sumus
1370 5215 1425 5261 et
1475 5222 1572 5277 per
1630 5223 1790 5278 quem
1834 5209 2015 5262 omnis

452 5311 703 5357 creatura
741 5300 880 5355 facta
907 5312 1008 5355 est.

2114 4559 2190 4622 ὠς
2228 4561 2324 4613 καὶ
2377 4562 2404 4613 ὁ
2442 4561 2604 4632 μὴτά
2634 4564 2734 4631 τῆς
2780 4568 3076 4634 μετανοίας
3115 4570 3408 4641 ἐνεργῆσαι
3446 4573 3682 4641 σπουδά-

2117 4666 2238 4716 σας,
2270 4652 2366 4704 καὶ
2398 4653 2520 4722 δίχα
2581 4657 2875 4722 μετανοίας
2922 4640 3227 4724 ἀπελθὼνί
3245 4660 3343 4715 σὺν
3384 4664 3495 4729 τοῖς
3524 4640 3681 4715 ἀλλο·

2115 4742 2286 4809 τρίοις
2318 4741 2472 4795 ἔσται
2504 4745 2853 4821 κατάκριτος.
2893 4747 3053 4802 Ἀλλά
3077 4749 3192 4821 δῴῃ
3224 4751 3450 4822 Κύριος,
3481 4751 3681 4821 ἀγαθὸς

2118 4832 2193 4886 ὢν
2220 4836 2317 4888 καὶ
2345 4834 2508 4904 μόνος
2535 4838 2835 4917 οἰκτίρμων
2871 4842 3283 4913 οἱκτειρηθῆναι
3315 4843 3523 4907 πάντας
3559 4843 3680 4906 τοὺς

2122 4930 2202 4988 εἰς
2244 4926 2407 4980 αὑτὸν
2472 4928 2848 4998 πιστεύοντας,
2884 4935 2976 4987 καὶ
3036 4936 3430 5003 βαπτισθέντας
3476 4940 3717 4998 πάνταςη

2123 5019 2582 5088 κατηχουμένους,
2634 5022 2732 5074 σὺν
2768 5026 2881 5085 τοῖς
2930 5027 3280 5097 ἡμαρτηκόσι
3327 5028 3465 5097 μετά
3492 5029 3551 5080 τὸ
3591 5028 3685 5095 βά-

2123 5126 2355 5179 πτισμα,
2378 5113 2434 5163 ὲν
2467 5112 2726 5184 μετανοίᾳ
2756 5116 2851 5168 τοῦ
2889 5117 3141 5187 σώματος
3190 5120 3449 5187 ἐξελθεῖν,
3485 5120 3579 5191 καὶ
3608 5117 3686 5186 τῷ

2125 5202 2347 5272 Χριστῷ
2388 5203 2679 5272 ὲνωθῆναι.
2726 5206 2888 5262 ’Λλλά
2924 5209 3018 5260 καὶ
3050 5211 3176 5271 τοὺς
3208 5209 3688 5277 ,ἀσεὸεἰςνγένοιτο

2125 5296 2262 5365 πρὸς
2297 5295 2459 5349 αὑτὸν
2488 5296 2579 5351 τὸν
2623 5300 2864 5370 Χριστὸν
2903 5302 3363 5371 ἐπιστρέψαντας,
3388 5301 3686 5369 ἀξιωθῆναι

451 5398 546 5464 τῆς
579 5396 741 5475 αὑτοῦ
771 5395 963 5465 δόξης·
1003 5394 1058 5457 ὃς
1105 5396 1200 5447 καὶ
1237 5393 1397 5463 μόνος
1421 5376 1608 5475 τρυφὴ
1639 5393 1735 5446 καὶ
1764 5364 1879 5462 ζωὴ
1916 5392 2010 5445 καὶ
2040 5364 2364 5457 ἀπόλαυσις,
2398 5395 2492 5447 καὶ
2519 5395 2578 5447 τὸ
2606 5364 2776 5459 ὅντως
2818 5396 2878 5451 ὃν
2918 5398 3014 5451 καὶ
3040 5364 3113 5451 τὸ
3140 5364 3281 5452 εἶναι
3339 5364 3484 5470 ἧμας
3543 5364 3687 5465 ἐστι,
3716 5423 3720 5431 τ

452 5489 517 5540 δι’
543 5490 600 5542 ὃν
635 5491 727 5542 καὶ
761 5489 935 5564 πάντα
966 5489 1035 5541 τὰ
1067 5488 1194 5540 ὄντα
1224 5488 1445 5556 γέγονε.

523 5580 777 5637 Clericus.
820 5562 1159 5652 Quaesumus.
1192 5580 1429 5643 domine,
1479 5564 1543 5634 'ut
1570 5562 1687 5649 per
1741 5572 2021 5632 interven-

454 5678 655 5731 tior.em
686 5685 734 5730 ct
763 5691 947 5745 preces
984 5670 1298 5729 sanctorum
1330 5674 1481 5728 salus
1515 5676 1771 5728 omnibus
1805 5672 2015 5725 contin-

454 5780 566 5840 gul.

2197 5579 2514 5643 Κληρικός.
2549 5576 2761 5630 Γένοιτο
2791 5580 2946 5648 ἡμῖν,
2963 5579 3217 5646 δέσποτα,
3244 5581 3361 5645 ταῖς
3385 5579 3492 5637 τῶν
3515 5577 3687 5649 ἁγίων

2126 5671 2313 5740 εὐχαῖς
2346 5673 2379 5741 ἡ
2412 5670 2653 5739 σωτηρία
2685 5675 2796 5735 τοῖς
2830 5673 3015 5725 πᾶσιν.
