  <div class='ocr_page' id='page_1' title='image "/cluster/home/n/w/nwhite01/storage/ocr_20150623/155/mdp.39015022213998/189.png"; bbox 0 0 4090 6258; ppageno 0'>
   <div class='ocr_carea' id='block_1_1' title="bbox 423 391 525 457">
    <p class='ocr_par' dir='ltr' id='par_1_1' title="bbox 423 391 525 457">
     <span class='ocr_line' id='line_1_1' title="bbox 423 391 525 457; baseline -0.01 0"><span class='ocrx_word' id='word_1_1' title='bbox 423 391 525 457; x_wconf 76' lang='lat'><strong>363</strong></span> 
     </span>
    </p>
   </div>
   <div class='ocr_carea' id='block_1_2' title="bbox 1243 369 2838 446">
    <p class='ocr_par' dir='ltr' id='par_1_2' title="bbox 1243 369 2838 446">
     <span class='ocr_line' id='line_1_2' title="bbox 1243 369 2838 446; baseline -0.012 -1"><span class='ocrx_word' id='word_1_2' title='bbox 1243 383 1386 446; x_wconf 78' lang='lat' dir='ltr'><strong>SYM</strong></span> <span class='ocrx_word' id='word_1_3' title='bbox 1403 379 1626 443; x_wconf 74' lang='lat' dir='ltr'><strong>EONIS</strong></span> <span class='ocrx_word' id='word_1_4' title='bbox 1668 377 1962 439; x_wconf 77' lang='lat' dir='ltr'><strong>TllESSA</strong></span> <span class='ocrx_word' id='word_1_5' title='bbox 1977 373 2438 438; x_wconf 80' lang='lat' dir='ltr'><strong>LONICENSiS</strong></span> <span class='ocrx_word' id='word_1_6' title='bbox 2480 369 2838 430; x_wconf 75' lang='lat' dir='ltr'><strong>ARCIIIEP.</strong></span> 
     </span>
    </p>
   </div>
   <div class='ocr_carea' id='block_1_3' title="bbox 3556 358 3659 420">
    <p class='ocr_par' dir='ltr' id='par_1_3' title="bbox 3556 358 3659 420">
     <span class='ocr_line' id='line_1_3' title="bbox 3556 358 3659 420; baseline 0 -1"><span class='ocrx_word' id='word_1_7' title='bbox 3556 358 3659 420; x_wconf 69' lang='grc'><strong>364</strong></span> 
     </span>
    </p>
   </div>
   <div class='ocr_carea' id='block_1_4' title="bbox 424 474 2030 576">
    <p class='ocr_par' dir='ltr' id='par_1_4' title="bbox 424 493 2030 576">
     <span class='ocr_line' id='line_1_4' title="bbox 424 493 2030 576; baseline -0.009 -18"><span class='ocrx_word' id='word_1_8' title='bbox 424 514 544 576; x_wconf 78' lang='lat' dir='ltr'><strong>qme</strong></span> <span class='ocrx_word' id='word_1_9' title='bbox 569 504 711 556; x_wconf 87' lang='lat' dir='ltr'><strong>intra</strong></span> <span class='ocrx_word' id='word_1_10' title='bbox 739 499 1115 570; x_wconf 76' lang='lat' dir='ltr'><strong>sanctuarium</strong></span> <span class='ocrx_word' id='word_1_11' title='bbox 1148 497 1371 552; x_wconf 67' lang='lat' dir='ltr'><strong>liunt‘et</strong></span> <span class='ocrx_word' id='word_1_12' title='bbox 1397 497 1452 549; x_wconf 91' lang='lat' dir='ltr'><strong>in</strong></span> <span class='ocrx_word' id='word_1_13' title='bbox 1485 495 1600 564; x_wconf 86' lang='lat' dir='ltr'><strong>ipsa</strong></span> <span class='ocrx_word' id='word_1_14' title='bbox 1635 493 1984 547; x_wconf 86' lang='lat' dir='ltr'><strong>sanctissima</strong></span> <span class='ocrx_word' id='word_1_15' title='bbox 2021 539 2030 554; x_wconf 76' lang='grc'><strong>,</strong></span> 
     </span>
    </p>
   </div>
   <div class='ocr_carea' id='block_1_5' title="bbox 2115 474 3664 576">
    <p class='ocr_par' dir='ltr' id='par_1_5' title="bbox 2115 474 3664 556">
     <span class='ocr_line' id='line_1_5' title="bbox 2115 474 3664 556; baseline -0.01 -14"><span class='ocrx_word' id='word_1_16' title='bbox 2115 505 2301 556; x_wconf 67' lang='grc' dir='ltr'>ματα,</span> <span class='ocrx_word' id='word_1_17' title='bbox 2335 487 2427 540; x_wconf 79' lang='grc' dir='ltr'><strong>καὶ</strong></span> <span class='ocrx_word' id='word_1_18' title='bbox 2454 487 2511 537; x_wconf 81' lang='grc' dir='ltr'>ἐν</span> <span class='ocrx_word' id='word_1_19' title='bbox 2537 487 2603 555; x_wconf 75' lang='grc' dir='ltr'><strong>τῇ</strong></span> <span class='ocrx_word' id='word_1_20' title='bbox 2665 481 2935 553; x_wconf 73' lang='grc' dir='ltr'>ἱερωτάτη</span> <span class='ocrx_word' id='word_1_21' title='bbox 2969 476 3215 548; x_wconf 77' lang='grc' dir='ltr'><strong>τραπέζῃ</strong></span> <span class='ocrx_word' id='word_1_22' title='bbox 3251 478 3331 539; x_wconf 88' lang='grc' dir='ltr'><strong>είς</strong></span> <span class='ocrx_word' id='word_1_23' title='bbox 3365 474 3536 528; x_wconf 82' lang='grc' dir='ltr'>τύπον</span> <span class='ocrx_word' id='word_1_24' title='bbox 3565 477 3664 546; x_wconf 86' lang='grc' dir='ltr'><strong>τῆς</strong></span> 
     </span>
    </p>
   </div>
   <div class='ocr_carea' id='block_1_6' title="bbox 427 583 1992 653">
    <p class='ocr_par' dir='ltr' id='par_1_6' title="bbox 427 583 1992 653">
     <span class='ocr_line' id='line_1_6' title="bbox 427 583 1992 653; baseline -0.006 -7"><span class='ocrx_word' id='word_1_25' title='bbox 427 609 639 653; x_wconf 88' lang='lat' dir='ltr'><strong>mensa,</strong></span> <span class='ocrx_word' id='word_1_26' title='bbox 694 603 805 645; x_wconf 86' lang='lat' dir='ltr'><strong>tres</strong></span> <span class='ocrx_word' id='word_1_27' title='bbox 872 599 1002 644; x_wconf 90' lang='lat' dir='ltr'><strong>sunt</strong></span> <span class='ocrx_word' id='word_1_28' title='bbox 1062 591 1116 642; x_wconf 91' lang='lat' dir='ltr'><strong>in</strong></span> <span class='ocrx_word' id='word_1_29' title='bbox 1145 587 1436 641; x_wconf 82' lang='lat' dir='ltr'><strong>Trinitatis</strong></span> <span class='ocrx_word' id='word_1_30' title='bbox 1461 584 1872 640; x_wconf 87' lang='lat' dir='ltr'><strong>similitudinem</strong></span> <span class='ocrx_word' id='word_1_31' title='bbox 1926 583 1992 637; x_wconf 89' lang='lat' dir='ltr'><strong>de</strong></span> 
     </span>
    </p>
   </div>
   <div class='ocr_carea' id='block_1_7' title="bbox 423 673 1993 752">
    <p class='ocr_par' dir='ltr' id='par_1_7' title="bbox 423 673 1993 752">
     <span class='ocr_line' id='line_1_7' title="bbox 423 673 1993 752; baseline -0.007 -15"><span class='ocrx_word' id='word_1_32' title='bbox 423 682 620 752; x_wconf 83' lang='lat' dir='ltr'><strong>quibus</strong></span> <span class='ocrx_word' id='word_1_33' title='bbox 647 681 888 748; x_wconf 93' lang='lat' dir='ltr'><strong>loquitur</strong></span> <span class='ocrx_word' id='word_1_34' title='bbox 944 687 1172 734; x_wconf 90' lang='lat' dir='ltr'><strong>sanctus</strong></span> <span class='ocrx_word' id='word_1_35' title='bbox 1207 677 1530 745; x_wconf 73' lang='lat' dir='ltr'><strong>Dionysius,</strong></span> <span class='ocrx_word' id='word_1_36' title='bbox 1561 673 1809 736; x_wconf 89' lang='lat' dir='ltr'><strong>diaconi,</strong></span> <span class='ocrx_word' id='word_1_37' title='bbox 1871 687 1993 741; x_wconf 83' lang='lat' dir='ltr'><strong>pre-</strong></span> 
     </span>
    </p>
   </div>
   <div class='ocr_carea' id='block_1_8' title="bbox 429 765 1994 844">
    <p class='ocr_par' dir='ltr' id='par_1_8' title="bbox 429 765 1994 844">
     <span class='ocr_line' id='line_1_8' title="bbox 429 765 1994 844; baseline -0.01 -14"><span class='ocrx_word' id='word_1_38' title='bbox 429 773 636 844; x_wconf 79' lang='lat' dir='ltr'><strong>sbyteri</strong></span> <span class='ocrx_word' id='word_1_39' title='bbox 665 783 719 828; x_wconf 89' lang='lat' dir='ltr'><strong>et</strong></span> <span class='ocrx_word' id='word_1_40' title='bbox 755 771 1017 841; x_wconf 85' lang='lat' dir='ltr'><strong>episcopi.</strong></span> <span class='ocrx_word' id='word_1_41' title='bbox 1065 771 1228 824; x_wconf 86' lang='lat' dir='ltr'><strong>Istam</strong></span> <span class='ocrx_word' id='word_1_42' title='bbox 1263 769 1483 838; x_wconf 61' lang='lat' dir='ltr'><strong>quidam</strong></span> <span class='ocrx_word' id='word_1_43' title='bbox 1509 775 1667 820; x_wconf 88' lang='lat' dir='ltr'><strong>vocat</strong></span> <span class='ocrx_word' id='word_1_44' title='bbox 1718 765 1994 818; x_wconf 90' lang='lat' dir='ltr'><strong>ministra-</strong></span> 
     </span>
    </p>
   </div>
   <div class='ocr_carea' id='block_1_9' title="bbox 424 855 1992 930">
    <p class='ocr_par' dir='ltr' id='par_1_9' title="bbox 424 855 1992 930">
     <span class='ocr_line' id='line_1_9' title="bbox 424 855 1992 930; baseline -0.008 -11"><span class='ocrx_word' id='word_1_45' title='bbox 424 869 659 930; x_wconf 90' lang='lat' dir='ltr'><strong>tionem,</strong></span> <span class='ocrx_word' id='word_1_46' title='bbox 691 864 843 920; x_wconf 86' lang='lat' dir='ltr'><strong>velut</strong></span> <span class='ocrx_word' id='word_1_47' title='bbox 875 862 938 917; x_wconf 91' lang='lat' dir='ltr'><strong>ad</strong></span> <span class='ocrx_word' id='word_1_48' title='bbox 977 863 1284 917; x_wconf 88' lang='lat' dir='ltr'><strong>ministrmn</strong></span> <span class='ocrx_word' id='word_1_49' title='bbox 1338 860 1722 929; x_wconf 84' lang='lat' dir='ltr'><strong>pertinentem,</strong></span> <span class='ocrx_word' id='word_1_50' title='bbox 1756 865 1811 911; x_wconf 90' lang='lat' dir='ltr'><strong>et</strong></span> <span class='ocrx_word' id='word_1_51' title='bbox 1857 855 1992 909; x_wconf 90' lang='lat' dir='ltr'><strong>dua-</strong></span> 
     </span>
    </p>
   </div>
   <div class='ocr_carea' id='block_1_10' title="bbox 423 949 1994 1013">
    <p class='ocr_par' dir='ltr' id='par_1_10' title="bbox 423 949 1994 1013">
     <span class='ocr_line' id='line_1_10' title="bbox 423 949 1994 1013; baseline -0.007 0"><span class='ocrx_word' id='word_1_52' title='bbox 423 959 526 1013; x_wconf 88' lang='lat' dir='ltr'><strong>bus</strong></span> <span class='ocrx_word' id='word_1_53' title='bbox 556 959 677 1012; x_wconf 87' lang='lat' dir='ltr'><strong>aliis</strong></span> <span class='ocrx_word' id='word_1_54' title='bbox 714 956 1146 1012; x_wconf 88' lang='lat' dir='ltr'><strong>subordinatam.</strong></span> <span class='ocrx_word' id='word_1_55' title='bbox 1180 951 1324 1007; x_wconf 83' lang='lat' dir='ltr'><strong>Nihil</strong></span> <span class='ocrx_word' id='word_1_56' title='bbox 1382 953 1526 1004; x_wconf 87' lang='lat' dir='ltr'><strong>enim</strong></span> <span class='ocrx_word' id='word_1_57' title='bbox 1577 949 1827 1004; x_wconf 81' lang='lat' dir='ltr'><strong>minister</strong></span> <span class='ocrx_word' id='word_1_58' title='bbox 1877 949 1994 1002; x_wconf 52' lang='lat' dir='ltr'><strong>sive</strong></span> 
     </span>
    </p>
   </div>
   <div class='ocr_carea' id='block_1_11' title="bbox 425 1038 1996 1117">
    <p class='ocr_par' dir='ltr' id='par_1_11' title="bbox 425 1038 1996 1117">
     <span class='ocr_line' id='line_1_11' title="bbox 425 1038 1996 1117; baseline -0.006 -13"><span class='ocrx_word' id='word_1_59' title='bbox 425 1052 694 1106; x_wconf 84' lang='lat' dir='ltr'><strong>diaconus</strong></span> <span class='ocrx_word' id='word_1_60' title='bbox 723 1051 842 1103; x_wconf 91' lang='lat' dir='ltr'><strong>sine</strong></span> <span class='ocrx_word' id='word_1_61' title='bbox 876 1048 1132 1117; x_wconf 89' lang='lat' dir='ltr'><strong>episc0po</strong></span> <span class='ocrx_word' id='word_1_62' title='bbox 1155 1043 1237 1098; x_wconf 90' lang='lat' dir='ltr'><strong>vel</strong></span> <span class='ocrx_word' id='word_1_63' title='bbox 1273 1042 1591 1113; x_wconf 77' lang='lat' dir='ltr'><strong>presbytero</strong></span> <span class='ocrx_word' id='word_1_64' title='bbox 1641 1039 1791 1094; x_wconf 78' lang='lat' dir='ltr'><strong>facit.</strong></span> <span class='ocrx_word' id='word_1_65' title='bbox 1844 1038 1996 1094; x_wconf 82' lang='lat' dir='ltr'><strong>lianc</strong></span> 
     </span>
    </p>
   </div>
   <div class='ocr_carea' id='block_1_12' title="bbox 425 1132 1992 1211">
    <p class='ocr_par' dir='ltr' id='par_1_12' title="bbox 425 1132 1992 1211">
     <span class='ocr_line' id='line_1_12' title="bbox 425 1132 1992 1211; baseline -0.008 -16"><span class='ocrx_word' id='word_1_66' title='bbox 425 1151 604 1196; x_wconf 85' lang='lat' dir='ltr'><strong>autem</strong></span> <span class='ocrx_word' id='word_1_67' title='bbox 636 1139 1010 1211; x_wconf 79' lang='lat' dir='ltr'><strong>perfectivam,</strong></span> <span class='ocrx_word' id='word_1_68' title='bbox 1066 1152 1187 1204; x_wconf 64' lang='lat' dir='ltr'><strong>quae</strong></span> <span class='ocrx_word' id='word_1_69' title='bbox 1239 1134 1450 1189; x_wconf 88' lang='lat' dir='ltr'><strong>scilicet</strong></span> <span class='ocrx_word' id='word_1_70' title='bbox 1495 1133 1560 1186; x_wconf 90' lang='lat' dir='ltr'><strong>ad</strong></span> <span class='ocrx_word' id='word_1_71' title='bbox 1617 1132 1992 1201; x_wconf 68' lang='lat' dir='ltr'><strong>presbyterum</strong></span> 
     </span>
    </p>
   </div>
   <div class='ocr_carea' id='block_1_13' title="bbox 426 1223 1996 1304">
    <p class='ocr_par' dir='ltr' id='par_1_13' title="bbox 426 1223 1996 1304">
     <span class='ocr_line' id='line_1_13' title="bbox 426 1223 1996 1304; baseline -0.007 -17"><span class='ocrx_word' id='word_1_72' title='bbox 426 1240 659 1304; x_wconf 87' lang='lat' dir='ltr'><strong>spectat,</strong></span> <span class='ocrx_word' id='word_1_73' title='bbox 720 1247 947 1302; x_wconf 73' lang='lat' dir='ltr'><strong>quaeque</strong></span> <span class='ocrx_word' id='word_1_74' title='bbox 975 1228 1231 1285; x_wconf 85' lang='lat' dir='ltr'><strong>sacriﬁcii</strong></span> <span class='ocrx_word' id='word_1_75' title='bbox 1280 1237 1334 1282; x_wconf 87' lang='lat' dir='ltr'><strong>et</strong></span> <span class='ocrx_word' id='word_1_76' title='bbox 1362 1225 1704 1294; x_wconf 77' lang='lat' dir='ltr'><strong>baptismatis</strong></span> <span class='ocrx_word' id='word_1_77' title='bbox 1743 1223 1996 1294; x_wconf 82' lang='lat' dir='ltr'><strong>mysteria</strong></span> 
     </span>
    </p>
   </div>
   <div class='ocr_carea' id='block_1_14' title="bbox 425 1315 1995 1393">
    <p class='ocr_par' dir='ltr' id='par_1_14' title="bbox 425 1315 1995 1393">
     <span class='ocr_line' id='line_1_14' title="bbox 425 1315 1995 1393; baseline -0.007 -16"><span class='ocrx_word' id='word_1_78' title='bbox 425 1336 478 1378; x_wconf 85' lang='lat' dir='ltr'><strong>et</strong></span> <span class='ocrx_word' id='word_1_79' title='bbox 501 1325 603 1377; x_wconf 90' lang='lat' dir='ltr'><strong>alia</strong></span> <span class='ocrx_word' id='word_1_80' title='bbox 637 1323 886 1393; x_wconf 84' lang='lat' dir='ltr'><strong>quaedam</strong></span> <span class='ocrx_word' id='word_1_81' title='bbox 923 1329 1201 1392; x_wconf 83' lang='lat' dir='ltr'><strong>operatur,</strong></span> <span class='ocrx_word' id='word_1_82' title='bbox 1231 1333 1336 1372; x_wconf 90' lang='lat' dir='ltr'><strong>non</strong></span> <span class='ocrx_word' id='word_1_83' title='bbox 1398 1324 1578 1370; x_wconf 82' lang='lat' dir='ltr'><strong>autem</strong></span> <span class='ocrx_word' id='word_1_84' title='bbox 1630 1315 1812 1368; x_wconf 88' lang='lat' dir='ltr'><strong>omnia</strong></span> <span class='ocrx_word' id='word_1_85' title='bbox 1843 1329 1858 1377; x_wconf 86' lang='lat'><strong>;</strong></span> <span class='ocrx_word' id='word_1_86' title='bbox 1894 1328 1995 1367; x_wconf 85' lang='lat' dir='ltr'><strong>nec</strong></span> 
     </span>
    </p>
   </div>
   <div class='ocr_carea' id='block_1_15' title="bbox 426 1405 1992 1479">
    <p class='ocr_par' dir='ltr' id='par_1_15' title="bbox 426 1405 1992 1479">
     <span class='ocr_line' id='line_1_15' title="bbox 426 1405 1992 1479; baseline -0.008 -11"><span class='ocrx_word' id='word_1_87' title='bbox 426 1418 572 1468; x_wconf 90' lang='lat' dir='ltr'><strong>enim</strong></span> <span class='ocrx_word' id='word_1_88' title='bbox 598 1413 994 1468; x_wconf 85' lang='lat' dir='ltr'><strong>ordinationes.</strong></span> <span class='ocrx_word' id='word_1_89' title='bbox 1026 1409 1157 1464; x_wconf 87' lang='lat' dir='ltr'><strong>Nam</strong></span> <span class='ocrx_word' id='word_1_90' title='bbox 1208 1409 1437 1479; x_wconf 80' lang='lat' dir='ltr'><strong>gratiam</strong></span> <span class='ocrx_word' id='word_1_91' title='bbox 1473 1405 1992 1460; x_wconf 80' lang='lat' dir='ltr'><strong>communicativam</strong></span> 
     </span>
    </p>
   </div>
   <div class='ocr_carea' id='block_1_16' title="bbox 429 1493 1998 1571">
    <p class='ocr_par' dir='ltr' id='par_1_16' title="bbox 429 1493 1998 1571">
     <span class='ocr_line' id='line_1_16' title="bbox 429 1493 1998 1571; baseline -0.006 -15"><span class='ocrx_word' id='word_1_92' title='bbox 429 1521 538 1558; x_wconf 90' lang='lat' dir='ltr'><strong>non</strong></span> <span class='ocrx_word' id='word_1_93' title='bbox 591 1504 777 1568; x_wconf 82' lang='lat' dir='ltr'><strong>habet,</strong></span> <span class='ocrx_word' id='word_1_94' title='bbox 830 1519 1004 1571; x_wconf 87' lang='lat' dir='ltr'><strong>neque</strong></span> <span class='ocrx_word' id='word_1_95' title='bbox 1057 1500 1258 1569; x_wconf 87' lang='lat' dir='ltr'><strong>aliquid</strong></span> <span class='ocrx_word' id='word_1_96' title='bbox 1316 1499 1459 1552; x_wconf 82' lang='lat' dir='ltr'><strong>aliud</strong></span> <span class='ocrx_word' id='word_1_97' title='bbox 1512 1495 1865 1569; x_wconf 49' lang='lat' dir='ltr'><strong>perii-clivum</strong></span> <span class='ocrx_word' id='word_1_98' title='bbox 1913 1493 1998 1547; x_wconf 92' lang='lat' dir='ltr'><strong>vel</strong></span> 
     </span>
    </p>
   </div>
   <div class='ocr_carea' id='block_1_17' title="bbox 432 1586 1997 1662">
    <p class='ocr_par' dir='ltr' id='par_1_17' title="bbox 432 1586 1997 1662">
     <span class='ocr_line' id='line_1_17' title="bbox 432 1586 1997 1662; baseline -0.005 -16"><span class='ocrx_word' id='word_1_99' title='bbox 432 1595 850 1647; x_wconf 69' lang='lat' dir='ltr'><strong>illuminatiqu</strong></span> <span class='ocrx_word' id='word_1_100' title='bbox 877 1593 1176 1662; x_wconf 78' lang='lat' dir='ltr'><strong>producere</strong></span> <span class='ocrx_word' id='word_1_101' title='bbox 1205 1597 1402 1658; x_wconf 82' lang='lat' dir='ltr'><strong>potest,</strong></span> <span class='ocrx_word' id='word_1_102' title='bbox 1427 1587 1519 1642; x_wconf 84' lang='lat' dir='ltr'><strong>sed</strong></span> <span class='ocrx_word' id='word_1_103' title='bbox 1578 1586 1838 1656; x_wconf 76' lang='lat' dir='ltr'><strong>mysteria</strong></span> <span class='ocrx_word' id='word_1_104' title='bbox 1909 1599 1997 1640; x_wconf 83' lang='lat' dir='ltr'><strong>so-</strong></span> 
     </span>
    </p>
   </div>
   <div class='ocr_carea' id='block_1_18' title="bbox 431 1684 1283 1754">
    <p class='ocr_par' dir='ltr' id='par_1_18' title="bbox 431 1684 1283 1754">
     <span class='ocr_line' id='line_1_18' title="bbox 431 1684 1283 1754; baseline -0.005 -16"><span class='ocrx_word' id='word_1_105' title='bbox 431 1687 539 1740; x_wconf 90' lang='lat' dir='ltr'><strong>lum</strong></span> <span class='ocrx_word' id='word_1_106' title='bbox 574 1696 626 1739; x_wconf 90' lang='lat' dir='ltr'><strong>ct</strong></span> <span class='ocrx_word' id='word_1_107' title='bbox 652 1685 977 1754; x_wconf 81' lang='lat' dir='ltr'><strong>baptismum</strong></span> <span class='ocrx_word' id='word_1_108' title='bbox 1003 1684 1283 1751; x_wconf 84' lang='lat' dir='ltr'><strong>perlicere.</strong></span> 
     </span>
    </p>
   </div>
   <div class='ocr_carea' id='block_1_19' title="bbox 989 1770 1460 1827">
    <p class='ocr_par' dir='ltr' id='par_1_19' title="bbox 989 1770 1460 1827">
     <span class='ocr_line' id='line_1_19' title="bbox 989 1770 1460 1827; baseline -0.006 0"><span class='ocrx_word' id='word_1_109' title='bbox 989 1771 1216 1827; x_wconf 75' lang='lat' dir='ltr'><strong>CAPUT</strong></span> <span class='ocrx_word' id='word_1_110' title='bbox 1256 1770 1460 1825; x_wconf 77' lang='lat' dir='ltr'><strong>CLVII.</strong></span> 
     </span>
    </p>
   </div>
   <div class='ocr_carea' id='block_1_20' title="bbox 528 1859 1896 1927">
    <p class='ocr_par' dir='ltr' id='par_1_20' title="bbox 528 1859 1896 1927">
     <span class='ocr_line' id='line_1_20' title="bbox 528 1859 1896 1927; baseline -0.002 -10"><span class='ocrx_word' id='word_1_111' title='bbox 528 1864 724 1919; x_wconf 83' lang='lat' dir='ltr'><strong>Omnia</strong></span> <span class='ocrx_word' id='word_1_112' title='bbox 768 1862 1135 1916; x_wconf 76' lang='lat' dir='ltr'><strong>ecclesiastica</strong></span> <span class='ocrx_word' id='word_1_113' title='bbox 1174 1878 1203 1913; x_wconf 88' lang='lat' dir='ltr'><strong>a</strong></span> <span class='ocrx_word' id='word_1_114' title='bbox 1239 1861 1352 1913; x_wconf 81' lang='lat' dir='ltr'><strong>solo</strong></span> <span class='ocrx_word' id='word_1_115' title='bbox 1397 1859 1582 1927; x_wconf 80' lang='lat' dir='ltr'><strong>perﬁci</strong></span> <span class='ocrx_word' id='word_1_116' title='bbox 1629 1859 1896 1927; x_wconf 76' lang='lat' dir='ltr'><strong>episcopo.</strong></span> 
     </span>
    </p>
   </div>
   <div class='ocr_carea' id='block_1_21' title="bbox 505 2009 2000 2087">
    <p class='ocr_par' dir='ltr' id='par_1_21' title="bbox 505 2009 2000 2087">
     <span class='ocr_line' id='line_1_21' title="bbox 505 2009 2000 2087; baseline -0.008 -11"><span class='ocrx_word' id='word_1_117' title='bbox 505 2022 702 2076; x_wconf 82' lang='lat' dir='ltr'><strong>Verum</strong></span> <span class='ocrx_word' id='word_1_118' title='bbox 734 2017 1026 2087; x_wconf 86' lang='lat' dir='ltr'><strong>episcopus</strong></span> <span class='ocrx_word' id='word_1_119' title='bbox 1056 2015 1396 2070; x_wconf 86' lang='lat' dir='ltr'><strong>illuminamli</strong></span> <span class='ocrx_word' id='word_1_120' title='bbox 1423 2016 1528 2066; x_wconf 85' lang='lat' dir='ltr'><strong>vim</strong></span> <span class='ocrx_word' id='word_1_121' title='bbox 1560 2013 1739 2079; x_wconf 85' lang='lat' dir='ltr'><strong>habet,</strong></span> <span class='ocrx_word' id='word_1_122' title='bbox 1764 2025 1830 2066; x_wconf 90' lang='lat' dir='ltr'><strong>eo</strong></span> <span class='ocrx_word' id='word_1_123' title='bbox 1857 2009 2000 2081; x_wconf 90' lang='lat' dir='ltr'><strong>quod</strong></span> 
     </span>
    </p>
   </div>
   <div class='ocr_carea' id='block_1_22' title="bbox 434 2106 1993 2177">
    <p class='ocr_par' dir='ltr' id='par_1_22' title="bbox 434 2106 1993 2177">
     <span class='ocr_line' id='line_1_22' title="bbox 434 2106 1993 2177; baseline -0.006 -11"><span class='ocrx_word' id='word_1_124' title='bbox 434 2114 648 2166; x_wconf 78' lang='lat' dir='ltr'><strong>Patrem</strong></span> <span class='ocrx_word' id='word_1_125' title='bbox 705 2112 970 2164; x_wconf 89' lang='lat' dir='ltr'><strong>luminum</strong></span> <span class='ocrx_word' id='word_1_126' title='bbox 1030 2110 1314 2174; x_wconf 83' lang='lat' dir='ltr'><strong>imitatur,</strong></span> <span class='ocrx_word' id='word_1_127' title='bbox 1366 2108 1650 2177; x_wconf 84' lang='lat' dir='ltr'><strong>ipsiusque</strong></span> <span class='ocrx_word' id='word_1_128' title='bbox 1730 2106 1993 2159; x_wconf 90' lang='lat' dir='ltr'><strong>virtutem</strong></span> 
     </span>
    </p>
   </div>
   <div class='ocr_carea' id='block_1_23' title="bbox 435 2198 2008 2274">
    <p class='ocr_par' dir='ltr' id='par_1_23' title="bbox 435 2198 2008 2274">
     <span class='ocr_line' id='line_1_23' title="bbox 435 2198 2008 2274; baseline -0.004 -18"><span class='ocrx_word' id='word_1_129' title='bbox 435 2205 651 2261; x_wconf 79' lang='lat' dir='ltr'><strong>abunde</strong></span> <span class='ocrx_word' id='word_1_130' title='bbox 683 2203 956 2274; x_wconf 87' lang='lat' dir='ltr'><strong>possidet,</strong></span> <span class='ocrx_word' id='word_1_131' title='bbox 983 2212 1033 2255; x_wconf 90' lang='lat' dir='ltr'><strong>et</strong></span> <span class='ocrx_word' id='word_1_132' title='bbox 1061 2217 1159 2271; x_wconf 90' lang='lat' dir='ltr'><strong>per</strong></span> <span class='ocrx_word' id='word_1_133' title='bbox 1196 2202 1372 2270; x_wconf 90' lang='lat' dir='ltr'><strong>ipsum</strong></span> <span class='ocrx_word' id='word_1_134' title='bbox 1406 2201 1586 2254; x_wconf 89' lang='lat' dir='ltr'><strong>omnis</strong></span> <span class='ocrx_word' id='word_1_135' title='bbox 1637 2198 1797 2262; x_wconf 88' lang='lat' dir='ltr'><strong>ordo,</strong></span> <span class='ocrx_word' id='word_1_136' title='bbox 1847 2210 2008 2251; x_wconf 88' lang='lat' dir='ltr'><strong>omne</strong></span> 
     </span>
    </p>
   </div>
   <div class='ocr_carea' id='block_1_24' title="bbox 438 2288 2008 2369">
    <p class='ocr_par' dir='ltr' id='par_1_24' title="bbox 438 2288 2008 2369">
     <span class='ocr_line' id='line_1_24' title="bbox 438 2288 2008 2369; baseline -0.006 -18"><span class='ocrx_word' id='word_1_137' title='bbox 438 2297 758 2369; x_wconf 80' lang='lat' dir='ltr'><strong>mysterium</strong></span> <span class='ocrx_word' id='word_1_138' title='bbox 818 2305 874 2348; x_wconf 82' lang='lat' dir='ltr'><strong>et</strong></span> <span class='ocrx_word' id='word_1_139' title='bbox 913 2301 1340 2348; x_wconf 85' lang='lat' dir='ltr'><strong>sacramentum.</strong></span> <span class='ocrx_word' id='word_1_140' title='bbox 1410 2291 1530 2360; x_wconf 86' lang='lat' dir='ltr'><strong>Ipse</strong></span> <span class='ocrx_word' id='word_1_141' title='bbox 1587 2290 1730 2344; x_wconf 90' lang='lat' dir='ltr'><strong>enim</strong></span> <span class='ocrx_word' id='word_1_142' title='bbox 1786 2288 2008 2342; x_wconf 86' lang='lat' dir='ltr'><strong>ordina-</strong></span> 
     </span>
    </p>
   </div>
   <div class='ocr_carea' id='block_1_25' title="bbox 440 2382 2008 2453">
    <p class='ocr_par' dir='ltr' id='par_1_25' title="bbox 440 2382 2008 2453">
     <span class='ocr_line' id='line_1_25' title="bbox 440 2382 2008 2453; baseline -0.007 -11"><span class='ocrx_word' id='word_1_143' title='bbox 440 2390 587 2442; x_wconf 84' lang='lat' dir='ltr'><strong>tione</strong></span> <span class='ocrx_word' id='word_1_144' title='bbox 613 2401 710 2440; x_wconf 92' lang='lat' dir='ltr'><strong>sua</strong></span> <span class='ocrx_word' id='word_1_145' title='bbox 739 2395 793 2440; x_wconf 92' lang='lat' dir='ltr'><strong>et</strong></span> <span class='ocrx_word' id='word_1_146' title='bbox 822 2385 1107 2453; x_wconf 84' lang='lat' dir='ltr'><strong>baptizare</strong></span> <span class='ocrx_word' id='word_1_147' title='bbox 1137 2383 1300 2446; x_wconf 75' lang='lat' dir='ltr'><strong>valet,</strong></span> <span class='ocrx_word' id='word_1_148' title='bbox 1332 2382 1494 2437; x_wconf 71' lang='lat' dir='ltr'><strong>simul</strong></span> <span class='ocrx_word' id='word_1_149' title='bbox 1525 2390 1579 2435; x_wconf 83' lang='lat' dir='ltr'><strong>et</strong></span> <span class='ocrx_word' id='word_1_150' title='bbox 1638 2394 1855 2436; x_wconf 82' lang='lat' dir='ltr'><strong>sacrum</strong></span> <span class='ocrx_word' id='word_1_151' title='bbox 1909 2394 2008 2432; x_wconf 88' lang='lat' dir='ltr'><strong>un-</strong></span> 
     </span>
    </p>
   </div>
   <div class='ocr_carea' id='block_1_26' title="bbox 435 2472 2012 2550">
    <p class='ocr_par' dir='ltr' id='par_1_26' title="bbox 435 2472 2012 2550">
     <span class='ocr_line' id='line_1_26' title="bbox 435 2472 2012 2550; baseline -0.005 -18"><span class='ocrx_word' id='word_1_152' title='bbox 435 2489 693 2550; x_wconf 87' lang='lat' dir='ltr'><strong>guentum</strong></span> <span class='ocrx_word' id='word_1_153' title='bbox 753 2479 1056 2539; x_wconf 76' lang='lat' dir='ltr'><strong>coniicere;</strong></span> <span class='ocrx_word' id='word_1_154' title='bbox 1109 2485 1164 2529; x_wconf 83' lang='lat' dir='ltr'><strong>et</strong></span> <span class='ocrx_word' id='word_1_155' title='bbox 1214 2489 1334 2544; x_wconf 72' lang='lat' dir='ltr'><strong>quae</strong></span> <span class='ocrx_word' id='word_1_156' title='bbox 1379 2473 1446 2526; x_wconf 87' lang='lat' dir='ltr'><strong>ad</strong></span> <span class='ocrx_word' id='word_1_157' title='bbox 1507 2472 1893 2538; x_wconf 89' lang='lat' dir='ltr'><strong>ministerium,</strong></span> <span class='ocrx_word' id='word_1_158' title='bbox 1956 2478 2012 2524; x_wconf 84' lang='lat' dir='ltr'><strong>et</strong></span> 
     </span>
    </p>
   </div>
   <div class='ocr_carea' id='block_1_27' title="bbox 441 2562 2009 2641">
    <p class='ocr_par' dir='ltr' id='par_1_27' title="bbox 441 2562 2009 2641">
     <span class='ocr_line' id='line_1_27' title="bbox 441 2562 2009 2641; baseline -0.005 -18"><span class='ocrx_word' id='word_1_159' title='bbox 441 2571 857 2641; x_wconf 71' lang='lat' dir='ltr'><strong>perfectionem,</strong></span> <span class='ocrx_word' id='word_1_160' title='bbox 903 2580 959 2623; x_wconf 87' lang='grc' dir='ltr'><strong>ει</strong></span> <span class='ocrx_word' id='word_1_161' title='bbox 986 2567 1443 2621; x_wconf 87' lang='lat' dir='ltr'><strong>illuminationem</strong></span> <span class='ocrx_word' id='word_1_162' title='bbox 1481 2564 1778 2633; x_wconf 79' lang='lat' dir='ltr'><strong>pertinent,</strong></span> <span class='ocrx_word' id='word_1_163' title='bbox 1848 2562 2009 2632; x_wconf 86' lang='lat' dir='ltr'><strong>perli-</strong></span> 
     </span>
    </p>
   </div>
   <div class='ocr_carea' id='block_1_28' title="bbox 438 2655 2013 2733">
    <p class='ocr_par' dir='ltr' id='par_1_28' title="bbox 438 2655 2013 2733">
     <span class='ocr_line' id='line_1_28' title="bbox 438 2655 2013 2733; baseline -0.008 -13"><span class='ocrx_word' id='word_1_164' title='bbox 438 2680 584 2730; x_wconf 85' lang='lat' dir='ltr'><strong>cere,</strong></span> <span class='ocrx_word' id='word_1_165' title='bbox 607 2672 661 2718; x_wconf 88' lang='lat' dir='ltr'><strong>et</strong></span> <span class='ocrx_word' id='word_1_166' title='bbox 699 2665 898 2733; x_wconf 89' lang='lat' dir='ltr'><strong>legere,</strong></span> <span class='ocrx_word' id='word_1_167' title='bbox 923 2669 976 2716; x_wconf 84' lang='lat' dir='ltr'><strong>et</strong></span> <span class='ocrx_word' id='word_1_168' title='bbox 1013 2661 1269 2730; x_wconf 86' lang='lat' dir='ltr'><strong>psallere,</strong></span> <span class='ocrx_word' id='word_1_169' title='bbox 1305 2666 1359 2712; x_wconf 89' lang='lat' dir='ltr'><strong>et</strong></span> <span class='ocrx_word' id='word_1_170' title='bbox 1395 2656 1694 2712; x_wconf 83' lang='lat' dir='ltr'><strong>monachos</strong></span> <span class='ocrx_word' id='word_1_171' title='bbox 1715 2655 2013 2710; x_wconf 81' lang='lat' dir='ltr'><strong>constitue-</strong></span> 
     </span>
    </p>
   </div>
   <div class='ocr_carea' id='block_1_29' title="bbox 438 2746 2014 2833">
    <p class='ocr_par' dir='ltr' id='par_1_29' title="bbox 438 2746 2014 2833">
     <span class='ocr_line' id='line_1_29' title="bbox 438 2746 2014 2833; baseline -0.004 -26"><span class='ocrx_word' id='word_1_172' title='bbox 438 2758 519 2821; x_wconf 82' lang='lat' dir='ltr'><strong>re,</strong></span> <span class='ocrx_word' id='word_1_173' title='bbox 549 2764 603 2833; x_wconf 79' lang='lat' dir='ltr'><strong>et</strong></span> <span class='ocrx_word' id='word_1_174' title='bbox 629 2756 821 2809; x_wconf 86' lang='lat' dir='ltr'><strong>domos</strong></span> <span class='ocrx_word' id='word_1_175' title='bbox 843 2753 1122 2818; x_wconf 84' lang='lat' dir='ltr'><strong>dedicare,</strong></span> <span class='ocrx_word' id='word_1_176' title='bbox 1153 2760 1210 2806; x_wconf 87' lang='lat' dir='ltr'><strong>et</strong></span> <span class='ocrx_word' id='word_1_177' title='bbox 1249 2751 1454 2820; x_wconf 85' lang='lat' dir='ltr'><strong>gradus</strong></span> <span class='ocrx_word' id='word_1_178' title='bbox 1513 2749 1630 2803; x_wconf 87' lang='lat' dir='ltr'><strong>sive</strong></span> <span class='ocrx_word' id='word_1_179' title='bbox 1683 2748 1855 2802; x_wconf 82' lang='lat' dir='ltr'><strong>ollicia</strong></span> <span class='ocrx_word' id='word_1_180' title='bbox 1900 2746 2014 2801; x_wconf 88' lang='lat' dir='ltr'><strong>dis-</strong></span> 
     </span>
    </p>
   </div>
   <div class='ocr_carea' id='block_1_30' title="bbox 439 2839 2012 2913">
    <p class='ocr_par' dir='ltr' id='par_1_30' title="bbox 439 2839 2012 2913">
     <span class='ocr_line' id='line_1_30' title="bbox 439 2839 2012 2913; baseline -0.006 -11"><span class='ocrx_word' id='word_1_181' title='bbox 439 2848 703 2913; x_wconf 87' lang='lat' dir='ltr'><strong>tribuere,</strong></span> <span class='ocrx_word' id='word_1_182' title='bbox 739 2856 794 2900; x_wconf 90' lang='lat' dir='ltr'><strong>et</strong></span> <span class='ocrx_word' id='word_1_183' title='bbox 859 2843 1211 2898; x_wconf 88' lang='lat' dir='ltr'><strong>matrimonio</strong></span> <span class='ocrx_word' id='word_1_184' title='bbox 1270 2841 1618 2910; x_wconf 76' lang='lat' dir='ltr'><strong>conjungere,</strong></span> <span class='ocrx_word' id='word_1_185' title='bbox 1663 2847 1719 2892; x_wconf 92' lang='lat' dir='ltr'><strong>et</strong></span> <span class='ocrx_word' id='word_1_186' title='bbox 1772 2839 2012 2908; x_wconf 72' lang='lat' dir='ltr'><strong>virgines</strong></span> 
     </span>
    </p>
   </div>
   <div class='ocr_carea' id='block_1_31' title="bbox 440 2931 2017 3009">
    <p class='ocr_par' dir='ltr' id='par_1_31' title="bbox 440 2931 2017 3009">
     <span class='ocr_line' id='line_1_31' title="bbox 440 2931 2017 3009; baseline -0.008 -14"><span class='ocrx_word' id='word_1_187' title='bbox 440 2953 774 3009; x_wconf 76' lang='lat' dir='ltr'><strong>congregare</strong></span> <span class='ocrx_word' id='word_1_188' title='bbox 807 2945 866 2994; x_wconf 88' lang='lat' dir='ltr'><strong>et</strong></span> <span class='ocrx_word' id='word_1_189' title='bbox 892 2947 1244 2996; x_wconf 73' lang='lat' dir='ltr'><strong>consecrare,</strong></span> <span class='ocrx_word' id='word_1_190' title='bbox 1272 2933 1455 2986; x_wconf 87' lang='lat' dir='ltr'><strong>omnia</strong></span> <span class='ocrx_word' id='word_1_191' title='bbox 1485 2931 1726 2999; x_wconf 88' lang='lat' dir='ltr'><strong>denique</strong></span> <span class='ocrx_word' id='word_1_192' title='bbox 1755 2945 1852 3000; x_wconf 88' lang='lat' dir='ltr'><strong>per</strong></span> <span class='ocrx_word' id='word_1_193' title='bbox 1892 2943 2017 2999; x_wconf 89' lang='lat' dir='ltr'><strong>gra-</strong></span> 
     </span>
    </p>
   </div>
   <div class='ocr_carea' id='block_1_32' title="bbox 443 3020 2016 3097">
    <p class='ocr_par' dir='ltr' id='par_1_32' title="bbox 443 3020 2016 3097">
     <span class='ocr_line' id='line_1_32' title="bbox 443 3020 2016 3097; baseline -0.007 -13"><span class='ocrx_word' id='word_1_194' title='bbox 443 3032 574 3085; x_wconf 84' lang='lat' dir='ltr'><strong>tiam</strong></span> <span class='ocrx_word' id='word_1_195' title='bbox 608 3029 811 3084; x_wconf 85' lang='lat' dir='ltr'><strong>Cbristi</strong></span> <span class='ocrx_word' id='word_1_196' title='bbox 855 3037 1143 3097; x_wconf 80' lang='lat' dir='ltr'><strong>praestare;</strong></span> <span class='ocrx_word' id='word_1_197' title='bbox 1194 3023 1380 3079; x_wconf 90' lang='lat' dir='ltr'><strong>omnia</strong></span> <span class='ocrx_word' id='word_1_198' title='bbox 1435 3021 1579 3076; x_wconf 86' lang='lat' dir='ltr'><strong>enim</strong></span> <span class='ocrx_word' id='word_1_199' title='bbox 1641 3020 2016 3076; x_wconf 85' lang='lat' dir='ltr'><strong>ecclesiastica</strong></span> 
     </span>
    </p>
   </div>
   <div class='ocr_carea' id='block_1_33' title="bbox 441 3112 2014 3195">
    <p class='ocr_par' dir='ltr' id='par_1_33' title="bbox 441 3112 2014 3195">
     <span class='ocr_line' id='line_1_33' title="bbox 441 3112 2014 3195; baseline -0.008 -16"><span class='ocrx_word' id='word_1_200' title='bbox 441 3127 509 3180; x_wconf 90' lang='lat' dir='ltr'><strong>ab</strong></span> <span class='ocrx_word' id='word_1_201' title='bbox 541 3125 658 3195; x_wconf 90' lang='lat' dir='ltr'><strong>ipso</strong></span> <span class='ocrx_word' id='word_1_202' title='bbox 685 3122 832 3178; x_wconf 89' lang='lat' dir='ltr'><strong>velut</strong></span> <span class='ocrx_word' id='word_1_203' title='bbox 862 3119 1083 3175; x_wconf 90' lang='lat' dir='ltr'><strong>luminis</strong></span> <span class='ocrx_word' id='word_1_204' title='bbox 1110 3118 1262 3172; x_wconf 82' lang='lat' dir='ltr'><strong>fonte</strong></span> <span class='ocrx_word' id='word_1_205' title='bbox 1297 3115 1690 3187; x_wconf 84' lang='lat' dir='ltr'><strong>perﬁciuntur;</strong></span> <span class='ocrx_word' id='word_1_206' title='bbox 1752 3115 1874 3169; x_wconf 91' lang='lat' dir='ltr'><strong>ideo</strong></span> <span class='ocrx_word' id='word_1_207' title='bbox 1901 3112 2014 3182; x_wconf 90' lang='lat' dir='ltr'><strong>epi-</strong></span> 
     </span>
    </p>
   </div>
   <div class='ocr_carea' id='block_1_34' title="bbox 2097 566 3656 649">
    <p class='ocr_par' dir='ltr' id='par_1_34' title="bbox 2097 566 3656 649">
     <span class='ocr_line' id='line_1_34' title="bbox 2097 566 3656 649; baseline -0.01 -16"><span class='ocrx_word' id='word_1_208' title='bbox 2097 579 2322 649; x_wconf 74' lang='grc' dir='ltr'>Τρῖάδος</span> <span class='ocrx_word' id='word_1_209' title='bbox 2346 579 2514 648; x_wconf 77' lang='grc' dir='ltr'>τρεῖς,</span> <span class='ocrx_word' id='word_1_210' title='bbox 2553 577 2684 637; x_wconf 68' lang='grc' dir='ltr'>περὶ</span> <span class='ocrx_word' id='word_1_211' title='bbox 2706 569 2780 626; x_wconf 85' lang='grc' dir='ltr'>ὧν</span> <span class='ocrx_word' id='word_1_212' title='bbox 2806 573 2903 624; x_wconf 73' lang='grc' dir='ltr'>καὶ</span> <span class='ocrx_word' id='word_1_213' title='bbox 2927 573 2955 624; x_wconf 82' lang='grc' dir='ltr'><strong>ὁ</strong></span> <span class='ocrx_word' id='word_1_214' title='bbox 2981 569 3128 639; x_wconf 79' lang='grc' dir='ltr'>ἱερός</span> <span class='ocrx_word' id='word_1_215' title='bbox 3165 585 3299 637; x_wconf 85' lang='grc' dir='ltr'>φησι</span> <span class='ocrx_word' id='word_1_216' title='bbox 3353 566 3656 628; x_wconf 81' lang='grc' dir='ltr'>Διονύσιος·</span> 
     </span>
    </p>
   </div>
   <div class='ocr_carea' id='block_1_35' title="bbox 2098 657 3667 740">
    <p class='ocr_par' dir='ltr' id='par_1_35' title="bbox 2098 657 3667 740">
     <span class='ocr_line' id='line_1_35' title="bbox 2098 657 3667 740; baseline -0.009 -17"><span class='ocrx_word' id='word_1_217' title='bbox 2098 672 2132 740; x_wconf 84' lang='grc' dir='ltr'>ἡ</span> <span class='ocrx_word' id='word_1_218' title='bbox 2162 668 2256 722; x_wconf 84' lang='grc' dir='ltr'><strong>τοῦ</strong></span> <span class='ocrx_word' id='word_1_219' title='bbox 2289 668 2566 730; x_wconf 80' lang='grc' dir='ltr'><strong>διακόνου,</strong></span> <span class='ocrx_word' id='word_1_220' title='bbox 2596 667 2629 735; x_wconf 84' lang='grc' dir='ltr'>ἡ</span> <span class='ocrx_word' id='word_1_221' title='bbox 2663 662 2760 718; x_wconf 82' lang='grc' dir='ltr'><strong>τοῦ</strong></span> <span class='ocrx_word' id='word_1_222' title='bbox 2790 659 3190 733; x_wconf 78' lang='grc' dir='ltr'>πρεσϐυτέρου,</span> <span class='ocrx_word' id='word_1_223' title='bbox 3214 661 3309 712; x_wconf 84' lang='grc' dir='ltr'>καὶ</span> <span class='ocrx_word' id='word_1_224' title='bbox 3339 659 3372 727; x_wconf 80' lang='grc' dir='ltr'>ἠ</span> <span class='ocrx_word' id='word_1_225' title='bbox 3427 657 3522 710; x_wconf 83' lang='grc' dir='ltr'>τοῦ</span> <span class='ocrx_word' id='word_1_226' title='bbox 3549 658 3667 710; x_wconf 72' lang='grc' dir='ltr'>ἑπι-</span> 
     </span>
    </p>
   </div>
   <div class='ocr_carea' id='block_1_36' title="bbox 2100 747 3669 828">
    <p class='ocr_par' dir='ltr' id='par_1_36' title="bbox 2100 747 3669 828">
     <span class='ocr_line' id='line_1_36' title="bbox 2100 747 3669 828; baseline -0.008 -14"><span class='ocrx_word' id='word_1_227' title='bbox 2100 762 2329 816; x_wconf 85' lang='grc' dir='ltr'>σκόπου.</span> <span class='ocrx_word' id='word_1_228' title='bbox 2362 759 2472 814; x_wconf 77' lang='grc' dir='ltr'><strong>Καὶ</strong></span> <span class='ocrx_word' id='word_1_229' title='bbox 2496 758 2595 828; x_wconf 84' lang='grc' dir='ltr'>τὴν</span> <span class='ocrx_word' id='word_1_230' title='bbox 2619 756 2717 827; x_wconf 81' lang='grc' dir='ltr'>μέν</span> <span class='ocrx_word' id='word_1_231' title='bbox 2743 771 2876 825; x_wconf 78' lang='grc' dir='ltr'>φησι</span> <span class='ocrx_word' id='word_1_232' title='bbox 2927 751 3311 821; x_wconf 79' lang='grc' dir='ltr'>λειτουργικὴν</span> <span class='ocrx_word' id='word_1_233' title='bbox 3343 747 3420 812; x_wconf 80' lang='grc' dir='ltr'><strong>ὡς</strong></span> <span class='ocrx_word' id='word_1_234' title='bbox 3463 749 3669 817; x_wconf 79' lang='grc' dir='ltr'><strong>ὑπηρέ-</strong></span> 
     </span>
    </p>
   </div>
   <div class='ocr_carea' id='block_1_37' title="bbox 2096 839 3669 920">
    <p class='ocr_par' dir='ltr' id='par_1_37' title="bbox 2096 839 3669 920">
     <span class='ocr_line' id='line_1_37' title="bbox 2096 839 3669 920; baseline -0.011 -12"><span class='ocrx_word' id='word_1_235' title='bbox 2096 874 2214 920; x_wconf 92' lang='grc' dir='ltr'>του,</span> <span class='ocrx_word' id='word_1_236' title='bbox 2248 855 2342 907; x_wconf 75' lang='grc' dir='ltr'><strong>καὶ</strong></span> <span class='ocrx_word' id='word_1_237' title='bbox 2374 855 2431 905; x_wconf 80' lang='grc' dir='ltr'>ὲν</span> <span class='ocrx_word' id='word_1_238' title='bbox 2455 854 2574 913; x_wconf 89' lang='grc' dir='ltr'>ταῖς</span> <span class='ocrx_word' id='word_1_239' title='bbox 2607 850 2702 903; x_wconf 84' lang='grc' dir='ltr'><strong>δύο</strong></span> <span class='ocrx_word' id='word_1_240' title='bbox 2760 849 2996 916; x_wconf 72' lang='grc' dir='ltr'>ἔχουσαν</span> <span class='ocrx_word' id='word_1_241' title='bbox 3033 842 3192 908; x_wconf 79' lang='grc' dir='ltr'>τάξιν</span> <span class='ocrx_word' id='word_1_242' title='bbox 3214 856 3230 872; x_wconf 79' lang='grc'><strong><em>⁸</em></strong></span> <span class='ocrx_word' id='word_1_243' title='bbox 3290 841 3444 894; x_wconf 77' lang='grc' dir='ltr'>οὐδὲν</span> <span class='ocrx_word' id='word_1_244' title='bbox 3495 841 3606 908; x_wconf 76' lang='grc' dir='ltr'><strong>γάρ</strong></span> <span class='ocrx_word' id='word_1_245' title='bbox 3639 839 3669 890; x_wconf 83' lang='grc' dir='ltr'><strong>δ</strong></span> 
     </span>
    </p>
   </div>
   <div class='ocr_carea' id='block_1_38' title="bbox 2078 932 3667 1014">
    <p class='ocr_par' dir='ltr' id='par_1_38' title="bbox 2078 932 3667 1014">
     <span class='ocr_line' id='line_1_38' title="bbox 2078 932 3667 1014; baseline -0.011 -15"><span class='ocrx_word' id='word_1_246' title='bbox 2078 944 2474 1014; x_wconf 83' lang='grc' dir='ltr'>’λειτουργικδς</span> <span class='ocrx_word' id='word_1_247' title='bbox 2505 943 2625 1011; x_wconf 75' lang='grc' dir='ltr'>ἦτοι</span> <span class='ocrx_word' id='word_1_248' title='bbox 2676 939 2926 1000; x_wconf 85' lang='grc' dir='ltr'>διάκονος</span> <span class='ocrx_word' id='word_1_249' title='bbox 2950 937 3168 1006; x_wconf 75' lang='grc' dir='ltr'>ἐνεργεῖ</span> <span class='ocrx_word' id='word_1_250' title='bbox 3194 933 3319 1004; x_wconf 83' lang='grc' dir='ltr'>δίχα</span> <span class='ocrx_word' id='word_1_251' title='bbox 3367 932 3667 984; x_wconf 75' lang='grc' dir='ltr'><strong>ἐπισκόπου</strong></span> 
     </span>
    </p>
   </div>
   <div class='ocr_carea' id='block_1_39' title="bbox 2101 1022 3671 1109">
    <p class='ocr_par' dir='ltr' id='par_1_39' title="bbox 2101 1022 3671 1109">
     <span class='ocr_line' id='line_1_39' title="bbox 2101 1022 3671 1109; baseline -0.011 -19"><span class='ocrx_word' id='word_1_252' title='bbox 2101 1036 2135 1109; x_wconf 71' lang='grc' dir='ltr'>ἢ</span> <span class='ocrx_word' id='word_1_253' title='bbox 2171 1035 2548 1106; x_wconf 67' lang='grc' dir='ltr'>πρεσϐυτέρου</span> <span class='ocrx_word' id='word_1_254' title='bbox 2571 1049 2587 1064; x_wconf 75' lang='grc' dir='ltr'><strong>ο</strong></span> <span class='ocrx_word' id='word_1_255' title='bbox 2617 1031 2717 1102; x_wconf 84' lang='grc' dir='ltr'>τὴν</span> <span class='ocrx_word' id='word_1_256' title='bbox 2767 1030 2822 1082; x_wconf 75' lang='grc' dir='ltr'>δὲ</span> <span class='ocrx_word' id='word_1_257' title='bbox 2859 1025 3202 1095; x_wconf 82' lang='grc' dir='ltr'><strong>τελεστικὴν,</strong></span> <span class='ocrx_word' id='word_1_258' title='bbox 3238 1025 3338 1093; x_wconf 81' lang='grc' dir='ltr'>τὴν</span> <span class='ocrx_word' id='word_1_259' title='bbox 3385 1022 3482 1075; x_wconf 73' lang='grc' dir='ltr'>τού</span> <span class='ocrx_word' id='word_1_260' title='bbox 3537 1039 3671 1091; x_wconf 62' lang='grc' dir='ltr'>πρε-</span> 
     </span>
    </p>
   </div>
   <div class='ocr_carea' id='block_1_40' title="bbox 2106 1112 3669 1196">
    <p class='ocr_par' dir='ltr' id='par_1_40' title="bbox 2106 1112 3669 1196">
     <span class='ocr_line' id='line_1_40' title="bbox 2106 1112 3669 1196; baseline -0.013 -15"><span class='ocrx_word' id='word_1_261' title='bbox 2106 1127 2372 1196; x_wconf 74' lang='grc' dir='ltr'>σευτέρου</span> <span class='ocrx_word' id='word_1_262' title='bbox 2401 1122 2664 1196; x_wconf 83' lang='grc' dir='ltr'>δηλονότι,</span> <span class='ocrx_word' id='word_1_263' title='bbox 2722 1119 2820 1180; x_wconf 82' lang='grc' dir='ltr'><strong>τὰς</strong></span> <span class='ocrx_word' id='word_1_264' title='bbox 2854 1117 3078 1179; x_wconf 84' lang='grc' dir='ltr'>τελετὰς</span> <span class='ocrx_word' id='word_1_265' title='bbox 3126 1114 3246 1184; x_wconf 77' lang='grc' dir='ltr'>μὲν,</span> <span class='ocrx_word' id='word_1_266' title='bbox 3295 1113 3396 1182; x_wconf 83' lang='grc' dir='ltr'><strong>τὴν</strong></span> <span class='ocrx_word' id='word_1_267' title='bbox 3444 1112 3542 1181; x_wconf 85' lang='grc' dir='ltr'><strong>τῆς</strong></span> <span class='ocrx_word' id='word_1_268' title='bbox 3591 1113 3669 1162; x_wconf 62' lang='lat' dir='ltr'><strong>is.</strong></span> 
     </span>
    </p>
   </div>
   <div class='ocr_carea' id='block_1_41' title="bbox 2104 1207 3667 1292">
    <p class='ocr_par' dir='ltr' id='par_1_41' title="bbox 2104 1207 3667 1292">
     <span class='ocr_line' id='line_1_41' title="bbox 2104 1207 3667 1292; baseline -0.012 -17"><span class='ocrx_word' id='word_1_269' title='bbox 2104 1221 2378 1292; x_wconf 85' lang='grc' dir='ltr'>ρουργίας</span> <span class='ocrx_word' id='word_1_270' title='bbox 2415 1218 2511 1272; x_wconf 72' lang='grc' dir='ltr'>καὶ</span> <span class='ocrx_word' id='word_1_271' title='bbox 2539 1217 2634 1269; x_wconf 82' lang='grc' dir='ltr'><strong>τοῦ</strong></span> <span class='ocrx_word' id='word_1_272' title='bbox 2699 1215 3077 1284; x_wconf 78' lang='grc' dir='ltr'><strong>βαπτίσματος</strong></span> <span class='ocrx_word' id='word_1_273' title='bbox 3121 1209 3216 1264; x_wconf 66' lang='grc' dir='ltr'>καὶ</span> <span class='ocrx_word' id='word_1_274' title='bbox 3264 1207 3464 1278; x_wconf 67' lang='grc' dir='ltr'>ἑτέρας</span> <span class='ocrx_word' id='word_1_275' title='bbox 3513 1209 3667 1275; x_wconf 68' lang='grc' dir='ltr'>ἐνερ-</span> 
     </span>
    </p>
   </div>
   <div class='ocr_carea' id='block_1_42' title="bbox 2100 1302 3669 1381">
    <p class='ocr_par' dir='ltr' id='par_1_42' title="bbox 2100 1302 3669 1381">
     <span class='ocr_line' id='line_1_42' title="bbox 2100 1302 3669 1381; baseline -0.011 -14"><span class='ocrx_word' id='word_1_276' title='bbox 2100 1313 2327 1381; x_wconf 79' lang='grc' dir='ltr'>γοῦσαν·</span> <span class='ocrx_word' id='word_1_277' title='bbox 2382 1311 2444 1364; x_wconf 92' lang='grc' dir='ltr'><strong>οὐ</strong></span> <span class='ocrx_word' id='word_1_278' title='bbox 2494 1309 2594 1372; x_wconf 80' lang='grc' dir='ltr'><strong>τὰς</strong></span> <span class='ocrx_word' id='word_1_279' title='bbox 2649 1309 2832 1369; x_wconf 85' lang='grc' dir='ltr'>πάσας</span> <span class='ocrx_word' id='word_1_280' title='bbox 2899 1305 2977 1370; x_wconf 80' lang='grc' dir='ltr'>δὲ,</span> <span class='ocrx_word' id='word_1_281' title='bbox 3027 1303 3147 1356; x_wconf 85' lang='grc' dir='ltr'>οὐδὲ</span> <span class='ocrx_word' id='word_1_282' title='bbox 3236 1302 3345 1373; x_wconf 67' lang='grc' dir='ltr'><strong>μὴν</strong></span> <span class='ocrx_word' id='word_1_283' title='bbox 3427 1311 3669 1371; x_wconf 79' lang='grc' dir='ltr'>χειροτο-</span> 
     </span>
    </p>
   </div>
   <div class='ocr_carea' id='block_1_43' title="bbox 2099 1393 3668 1472">
    <p class='ocr_par' dir='ltr' id='par_1_43' title="bbox 2099 1393 3668 1472">
     <span class='ocr_line' id='line_1_43' title="bbox 2099 1393 3668 1472; baseline -0.01 -14"><span class='ocrx_word' id='word_1_284' title='bbox 2099 1406 2241 1465; x_wconf 88' lang='grc' dir='ltr'>νίας.</span> <span class='ocrx_word' id='word_1_285' title='bbox 2292 1403 2404 1456; x_wconf 82' lang='grc' dir='ltr'><strong>Καὶ</strong></span> <span class='ocrx_word' id='word_1_286' title='bbox 2451 1401 2561 1472; x_wconf 87' lang='grc' dir='ltr'><strong>γὰρ</strong></span> <span class='ocrx_word' id='word_1_287' title='bbox 2622 1401 2683 1452; x_wconf 91' lang='grc' dir='ltr'>οὐ</span> <span class='ocrx_word' id='word_1_288' title='bbox 2738 1399 2838 1469; x_wconf 80' lang='grc' dir='ltr'><strong>τὴν</strong></span> <span class='ocrx_word' id='word_1_289' title='bbox 2893 1393 3252 1467; x_wconf 78' lang='grc' dir='ltr'>μεταδοτικὴν</span> <span class='ocrx_word' id='word_1_290' title='bbox 3313 1393 3428 1464; x_wconf 78' lang='grc' dir='ltr'>ἔχει</span> <span class='ocrx_word' id='word_1_291' title='bbox 3468 1394 3668 1462; x_wconf 82' lang='grc' dir='ltr'><strong>χάριν,</strong></span> 
     </span>
    </p>
   </div>
   <div class='ocr_carea' id='block_1_44' title="bbox 2099 1481 3674 1558">
    <p class='ocr_par' dir='ltr' id='par_1_44' title="bbox 2099 1481 3674 1558">
     <span class='ocr_line' id='line_1_44' title="bbox 2099 1481 3674 1558; baseline -0.01 -10"><span class='ocrx_word' id='word_1_292' title='bbox 2099 1494 2209 1548; x_wconf 84' lang='grc' dir='ltr'>οὐδ’</span> <span class='ocrx_word' id='word_1_293' title='bbox 2262 1492 2425 1546; x_wconf 83' lang='grc' dir='ltr'>ἄλλον</span> <span class='ocrx_word' id='word_1_294' title='bbox 2483 1489 2800 1544; x_wconf 77' lang='grc' dir='ltr'>τελεστικδν</span> <span class='ocrx_word' id='word_1_295' title='bbox 2855 1486 3256 1558; x_wconf 74' lang='grc' dir='ltr'>ἢφωτιστικδν</span> <span class='ocrx_word' id='word_1_296' title='bbox 3302 1485 3548 1553; x_wconf 80' lang='grc' dir='ltr'><strong>ἐνεργεῖν</strong></span> <span class='ocrx_word' id='word_1_297' title='bbox 3586 1481 3674 1545; x_wconf 82' lang='grc' dir='ltr'><strong>ἐξ·</strong></span> 
     </span>
    </p>
   </div>
   <div class='ocr_carea' id='block_1_45' title="bbox 2102 1573 3672 1654">
    <p class='ocr_par' dir='ltr' id='par_1_45' title="bbox 2102 1573 3672 1654">
     <span class='ocr_line' id='line_1_45' title="bbox 2102 1573 3672 1654; baseline -0.008 -16"><span class='ocrx_word' id='word_1_298' title='bbox 2102 1585 2313 1654; x_wconf 78' lang='grc' dir='ltr'>ισχύειο</span> <span class='ocrx_word' id='word_1_299' title='bbox 2379 1581 2557 1636; x_wconf 84' lang='grc' dir='ltr'>τελεῖν</span> <span class='ocrx_word' id='word_1_300' title='bbox 2607 1581 2662 1635; x_wconf 71' lang='grc' dir='ltr'>δὲ</span> <span class='ocrx_word' id='word_1_301' title='bbox 2715 1580 2877 1651; x_wconf 79' lang='grc' dir='ltr'>μόνον</span> <span class='ocrx_word' id='word_1_302' title='bbox 2927 1580 2996 1634; x_wconf 77' lang='grc' dir='ltr'>τὰ</span> <span class='ocrx_word' id='word_1_303' title='bbox 3056 1576 3298 1650; x_wconf 75' lang='grc' dir='ltr'>μυστικά</span> <span class='ocrx_word' id='word_1_304' title='bbox 3342 1577 3438 1630; x_wconf 77' lang='grc' dir='ltr'>καὶ</span> <span class='ocrx_word' id='word_1_305' title='bbox 3485 1575 3545 1628; x_wconf 81' lang='grc' dir='ltr'>τὸ</span> <span class='ocrx_word' id='word_1_306' title='bbox 3577 1573 3672 1643; x_wconf 67' lang='grc' dir='ltr'>βά·</span> 
     </span>
    </p>
   </div>
   <div class='ocr_carea' id='block_1_46' title="bbox 2101 1692 2331 1745">
    <p class='ocr_par' dir='ltr' id='par_1_46' title="bbox 2101 1692 2331 1745">
     <span class='ocr_line' id='line_1_46' title="bbox 2101 1692 2331 1745; baseline -0.009 -15"><span class='ocrx_word' id='word_1_307' title='bbox 2101 1692 2331 1745; x_wconf 87' lang='grc' dir='ltr'>πτισμα.</span> 
     </span>
    </p>
   </div>
   <div class='ocr_carea' id='block_1_47' title="bbox 2673 1757 3128 1820">
    <p class='ocr_par' dir='ltr' id='par_1_47' title="bbox 2673 1757 3128 1820">
     <span class='ocr_line' id='line_1_47' title="bbox 2673 1757 3128 1820; baseline 0.004 -2"><span class='ocrx_word' id='word_1_308' title='bbox 2673 1765 2927 1818; x_wconf 71' lang='grc' dir='ltr'><strong>ΚΕΦΛᾹ.</strong></span> <span class='ocrx_word' id='word_1_309' title='bbox 2958 1757 3128 1820; x_wconf 82' lang='lat' dir='ltr'><strong>PNZ&#39;.</strong></span> 
     </span>
    </p>
   </div>
   <div class='ocr_carea' id='block_1_48' title="bbox 2030 1836 3675 1925">
    <p class='ocr_par' dir='ltr' id='par_1_48' title="bbox 2030 1836 3675 1925">
     <span class='ocr_line' id='line_1_48' title="bbox 2030 1836 3675 1925; baseline -0.004 -10"><span class='ocrx_word' id='word_1_310' title='bbox 2030 1836 2073 1892; x_wconf 70' lang='grc' dir='ltr'><strong><em>Β</em></strong></span> <span class='ocrx_word' id='word_1_311' title='bbox 2104 1863 2233 1914; x_wconf 82' lang='grc' dir='ltr'><strong>Ὀτι</strong></span> <span class='ocrx_word' id='word_1_312' title='bbox 2265 1859 2464 1914; x_wconf 79' lang='grc' dir='ltr'>πάντα</span> <span class='ocrx_word' id='word_1_313' title='bbox 2491 1859 2564 1913; x_wconf 84' lang='grc' dir='ltr'><strong>τὰ</strong></span> <span class='ocrx_word' id='word_1_314' title='bbox 2591 1857 2699 1925; x_wconf 80' lang='grc' dir='ltr'><strong>τῆς</strong></span> <span class='ocrx_word' id='word_1_315' title='bbox 2728 1858 3098 1922; x_wconf 77' lang='grc' dir='ltr'>Ἐκκλησιάς</span> <span class='ocrx_word' id='word_1_316' title='bbox 3130 1853 3319 1923; x_wconf 82' lang='grc' dir='ltr'><strong>μόνος</strong></span> <span class='ocrx_word' id='word_1_317' title='bbox 3363 1855 3593 1925; x_wconf 78' lang='grc' dir='ltr'><strong>ἐνεργεῖ</strong></span> <span class='ocrx_word' id='word_1_318' title='bbox 3641 1857 3675 1908; x_wconf 86' lang='grc' dir='ltr'><em>δ</em></span> 
     </span>
    </p>
   </div>
   <div class='ocr_carea' id='block_1_49' title="bbox 2705 1929 3067 1990">
    <p class='ocr_par' dir='ltr' id='par_1_49' title="bbox 2705 1929 3067 1990">
     <span class='ocr_line' id='line_1_49' title="bbox 2705 1929 3067 1990; baseline -0.003 -10"><span class='ocrx_word' id='word_1_319' title='bbox 2705 1929 3067 1990; x_wconf 77' lang='grc' dir='ltr'><strong>ἐπίσκοπος.</strong></span> 
     </span>
    </p>
   </div>
   <div class='ocr_carea' id='block_1_50' title="bbox 2194 2018 3676 2092">
    <p class='ocr_par' dir='ltr' id='par_1_50' title="bbox 2194 2018 3676 2092">
     <span class='ocr_line' id='line_1_50' title="bbox 2194 2018 3676 2092; baseline -0.005 -15"><span class='ocrx_word' id='word_1_320' title='bbox 2194 2024 2254 2077; x_wconf 86' lang='lat'><strong>&#39;0</strong></span> <span class='ocrx_word' id='word_1_321' title='bbox 2289 2023 2346 2077; x_wconf 81' lang='grc' dir='ltr'>δέ</span> <span class='ocrx_word' id='word_1_322' title='bbox 2371 2040 2434 2091; x_wconf 86' lang='grc' dir='ltr'><strong>γε</strong></span> <span class='ocrx_word' id='word_1_323' title='bbox 2492 2020 2758 2092; x_wconf 81' lang='grc' dir='ltr'>ίεράρχης</span> <span class='ocrx_word' id='word_1_324' title='bbox 2798 2018 3127 2086; x_wconf 82' lang='grc' dir='ltr'>φωτιστικός</span> <span class='ocrx_word' id='word_1_325' title='bbox 3160 2018 3328 2083; x_wconf 74' lang='grc' dir='ltr'>ἐστιν,</span> <span class='ocrx_word' id='word_1_326' title='bbox 3361 2019 3443 2071; x_wconf 85' lang='grc' dir='ltr'><strong>ὅτι</strong></span> <span class='ocrx_word' id='word_1_327' title='bbox 3487 2018 3676 2086; x_wconf 83' lang='grc' dir='ltr'>μιμεῖ-</span> 
     </span>
    </p>
   </div>
   <div class='ocr_carea' id='block_1_51' title="bbox 2109 2109 3680 2184">
    <p class='ocr_par' dir='ltr' id='par_1_51' title="bbox 2109 2109 3680 2184">
     <span class='ocr_line' id='line_1_51' title="bbox 2109 2109 3680 2184; baseline -0.005 -15"><span class='ocrx_word' id='word_1_328' title='bbox 2109 2133 2206 2170; x_wconf 85' lang='grc' dir='ltr'>ται</span> <span class='ocrx_word' id='word_1_329' title='bbox 2234 2117 2325 2169; x_wconf 73' lang='grc' dir='ltr'><strong>τδν</strong></span> <span class='ocrx_word' id='word_1_330' title='bbox 2359 2115 2579 2184; x_wconf 85' lang='grc' dir='ltr'><strong>Πατέρα</strong></span> <span class='ocrx_word' id='word_1_331' title='bbox 2607 2113 2716 2166; x_wconf 82' lang='grc' dir='ltr'><strong>τῶν</strong></span> <span class='ocrx_word' id='word_1_332' title='bbox 2749 2111 2966 2181; x_wconf 84' lang='grc' dir='ltr'>φώτων,</span> <span class='ocrx_word' id='word_1_333' title='bbox 2998 2111 3092 2164; x_wconf 77' lang='grc' dir='ltr'><strong>καὶ</strong></span> <span class='ocrx_word' id='word_1_334' title='bbox 3137 2111 3237 2180; x_wconf 81' lang='grc' dir='ltr'>τὴν</span> <span class='ocrx_word' id='word_1_335' title='bbox 3258 2109 3422 2164; x_wconf 79' lang='grc' dir='ltr'>αὐτοῦ</span> <span class='ocrx_word' id='word_1_336' title='bbox 3455 2109 3680 2162; x_wconf 86' lang='grc' dir='ltr'>πλουτεῖ</span> 
     </span>
    </p>
   </div>
   <div class='ocr_carea' id='block_1_52' title="bbox 2116 2202 3678 2280">
    <p class='ocr_par' dir='ltr' id='par_1_52' title="bbox 2116 2202 3678 2280">
     <span class='ocr_line' id='line_1_52' title="bbox 2116 2202 3678 2280; baseline -0.004 -20"><span class='ocrx_word' id='word_1_337' title='bbox 2116 2208 2352 2280; x_wconf 83' lang='grc' dir='ltr'>δύναμιν</span> <span class='ocrx_word' id='word_1_338' title='bbox 2373 2222 2388 2237; x_wconf 82' lang='grc'><em>’</em></span> <span class='ocrx_word' id='word_1_339' title='bbox 2425 2207 2522 2260; x_wconf 79' lang='grc' dir='ltr'>καὶ</span> <span class='ocrx_word' id='word_1_340' title='bbox 2551 2207 2701 2258; x_wconf 80' lang='grc' dir='ltr'>πᾶσα</span> <span class='ocrx_word' id='word_1_341' title='bbox 2726 2203 2900 2270; x_wconf 81' lang='grc' dir='ltr'><strong>τάξις,</strong></span> <span class='ocrx_word' id='word_1_342' title='bbox 2931 2206 3024 2256; x_wconf 69' lang='grc' dir='ltr'>καὶ</span> <span class='ocrx_word' id='word_1_343' title='bbox 3050 2203 3162 2256; x_wconf 82' lang='grc' dir='ltr'><strong>πᾶν</strong></span> <span class='ocrx_word' id='word_1_344' title='bbox 3218 2204 3543 2272; x_wconf 81' lang='grc' dir='ltr'>μυστήριον,</span> <span class='ocrx_word' id='word_1_345' title='bbox 3581 2202 3678 2255; x_wconf 75' lang='grc' dir='ltr'>καὶ</span> 
     </span>
    </p>
   </div>
   <div class='ocr_carea' id='block_1_53' title="bbox 2111 2292 3678 2368">
    <p class='ocr_par' dir='ltr' id='par_1_53' title="bbox 2111 2292 3678 2368">
     <span class='ocr_line' id='line_1_53' title="bbox 2111 2292 3678 2368; baseline -0.006 -15"><span class='ocrx_word' id='word_1_346' title='bbox 2111 2300 2262 2353; x_wconf 77' lang='grc' dir='ltr'>πᾶσα</span> <span class='ocrx_word' id='word_1_347' title='bbox 2289 2297 2483 2368; x_wconf 83' lang='grc' dir='ltr'>τελετὴ</span> <span class='ocrx_word' id='word_1_348' title='bbox 2513 2297 2582 2349; x_wconf 88' lang='grc' dir='ltr'><strong>δι’</strong></span> <span class='ocrx_word' id='word_1_349' title='bbox 2640 2294 2831 2349; x_wconf 81' lang='grc' dir='ltr'>αὐτοῦ.</span> <span class='ocrx_word' id='word_1_350' title='bbox 2887 2294 3060 2359; x_wconf 79' lang='grc' dir='ltr'>Αὐτὸς</span> <span class='ocrx_word' id='word_1_351' title='bbox 3093 2295 3201 2365; x_wconf 86' lang='grc' dir='ltr'>γὰρ</span> <span class='ocrx_word' id='word_1_352' title='bbox 3247 2293 3339 2347; x_wconf 78' lang='grc' dir='ltr'><strong>καὶ</strong></span> <span class='ocrx_word' id='word_1_353' title='bbox 3397 2292 3678 2362; x_wconf 70' lang='grc' dir='ltr'><strong>βαπτίζειν</strong></span> 
     </span>
    </p>
   </div>
   <div class='ocr_carea' id='block_1_54' title="bbox 2111 2386 3679 2461">
    <p class='ocr_par' dir='ltr' id='par_1_54' title="bbox 2111 2386 3679 2461">
     <span class='ocr_line' id='line_1_54' title="bbox 2111 2386 3679 2461; baseline -0.004 -16"><span class='ocrx_word' id='word_1_354' title='bbox 2111 2391 2254 2461; x_wconf 81' lang='grc' dir='ltr'>ἀμα,</span> <span class='ocrx_word' id='word_1_355' title='bbox 2280 2391 2373 2443; x_wconf 74' lang='grc' dir='ltr'>καὶ</span> <span class='ocrx_word' id='word_1_356' title='bbox 2409 2389 2582 2459; x_wconf 85' lang='grc' dir='ltr'>μύρον</span> <span class='ocrx_word' id='word_1_357' title='bbox 2611 2390 2879 2457; x_wconf 79' lang='grc' dir='ltr'>ἐνεργεῖν,</span> <span class='ocrx_word' id='word_1_358' title='bbox 2912 2389 3008 2442; x_wconf 78' lang='grc' dir='ltr'>καὶ</span> <span class='ocrx_word' id='word_1_359' title='bbox 3057 2386 3439 2458; x_wconf 75' lang='grc' dir='ltr'>λειτουργικδν</span> <span class='ocrx_word' id='word_1_360' title='bbox 3459 2389 3553 2439; x_wconf 71' lang='grc' dir='ltr'>καὶ</span> <span class='ocrx_word' id='word_1_361' title='bbox 3587 2403 3679 2438; x_wconf 84' lang='grc' dir='ltr'><strong>τεο</strong></span> 
     </span>
    </p>
   </div>
   <div class='ocr_carea' id='block_1_55' title="bbox 2110 2475 3680 2548">
    <p class='ocr_par' dir='ltr' id='par_1_55' title="bbox 2110 2475 3680 2548">
     <span class='ocr_line' id='line_1_55' title="bbox 2110 2475 3680 2548; baseline -0.003 -16"><span class='ocrx_word' id='word_1_362' title='bbox 2110 2481 2361 2534; x_wconf 72' lang='grc' dir='ltr'>λεστικδν</span> <span class='ocrx_word' id='word_1_363' title='bbox 2403 2477 2689 2532; x_wconf 77' lang='grc' dir='ltr'>ἀποτελεῖν</span> <span class='ocrx_word' id='word_1_364' title='bbox 2741 2479 2838 2532; x_wconf 75' lang='grc' dir='ltr'>καὶ</span> <span class='ocrx_word' id='word_1_365' title='bbox 2887 2476 3218 2547; x_wconf 82' lang='grc' dir='ltr'>φωτιστικὸν</span> <span class='ocrx_word' id='word_1_366' title='bbox 3256 2479 3322 2548; x_wconf 78' lang='grc' dir='ltr'>τῇ</span> <span class='ocrx_word' id='word_1_367' title='bbox 3377 2475 3680 2547; x_wconf 79' lang='grc' dir='ltr'>χειροτονίᾳ</span> 
     </span>
    </p>
   </div>
   <div class='ocr_carea' id='block_1_56' title="bbox 2116 2568 3680 2641">
    <p class='ocr_par' dir='ltr' id='par_1_56' title="bbox 2116 2568 3680 2641">
     <span class='ocr_line' id='line_1_56' title="bbox 2116 2568 3680 2641; baseline -0.004 -15"><span class='ocrx_word' id='word_1_368' title='bbox 2116 2573 2295 2641; x_wconf 75' lang='grc' dir='ltr'>ἰσχύει</span> <span class='ocrx_word' id='word_1_369' title='bbox 2317 2588 2332 2602; x_wconf 84' lang='grc'><strong>·</strong></span> <span class='ocrx_word' id='word_1_370' title='bbox 2367 2571 2464 2624; x_wconf 76' lang='grc' dir='ltr'>καὶ</span> <span class='ocrx_word' id='word_1_371' title='bbox 2498 2569 2920 2639; x_wconf 75' lang='grc' dir='ltr'>ἀναγινώσκειν,</span> <span class='ocrx_word' id='word_1_372' title='bbox 2955 2570 3048 2622; x_wconf 75' lang='grc' dir='ltr'>καὶ</span> <span class='ocrx_word' id='word_1_373' title='bbox 3087 2569 3332 2638; x_wconf 83' lang='grc' dir='ltr'>ψάλλειν,</span> <span class='ocrx_word' id='word_1_374' title='bbox 3394 2569 3485 2621; x_wconf 72' lang='grc' dir='ltr'>καὶ</span> <span class='ocrx_word' id='word_1_375' title='bbox 3517 2568 3680 2636; x_wconf 80' lang='grc' dir='ltr'>μονά-</span> 
     </span>
    </p>
   </div>
   <div class='ocr_carea' id='block_1_57' title="bbox 2115 2660 3680 2732">
    <p class='ocr_par' dir='ltr' id='par_1_57' title="bbox 2115 2660 3680 2732">
     <span class='ocr_line' id='line_1_57' title="bbox 2115 2660 3680 2732; baseline -0.003 -16"><span class='ocrx_word' id='word_1_376' title='bbox 2115 2665 2309 2728; x_wconf 81' lang='grc' dir='ltr'>ζοντας</span> <span class='ocrx_word' id='word_1_377' title='bbox 2340 2663 2629 2732; x_wconf 83' lang='grc' dir='ltr'>καθιστᾷν,</span> <span class='ocrx_word' id='word_1_378' title='bbox 2653 2661 2746 2714; x_wconf 77' lang='grc' dir='ltr'><strong>καὶ</strong></span> <span class='ocrx_word' id='word_1_379' title='bbox 2769 2660 3065 2732; x_wconf 78' lang='grc' dir='ltr'>καθιεροῦν</span> <span class='ocrx_word' id='word_1_380' title='bbox 3085 2660 3290 2724; x_wconf 81' lang='grc' dir='ltr'>οῐκους,</span> <span class='ocrx_word' id='word_1_381' title='bbox 3327 2662 3419 2714; x_wconf 67' lang='grc' dir='ltr'>καὶ</span> <span class='ocrx_word' id='word_1_382' title='bbox 3441 2661 3680 2730; x_wconf 76' lang='grc' dir='ltr'>βαθμοὺς</span> 
     </span>
    </p>
   </div>
   <div class='ocr_carea' id='block_1_58' title="bbox 2114 2752 3682 2824">
    <p class='ocr_par' dir='ltr' id='par_1_58' title="bbox 2114 2752 3682 2824">
     <span class='ocr_line' id='line_1_58' title="bbox 2114 2752 3682 2824; baseline -0.019 0"><span class='ocrx_word' id='word_1_383' title='bbox 2114 2757 2395 2824; x_wconf 69' lang='grc' dir='ltr'>χορηγεῖν,</span> <span class='ocrx_word' id='word_1_384' title='bbox 2457 2755 2550 2807; x_wconf 56' lang='grc' dir='ltr'><strong>καὶ</strong></span> <span class='ocrx_word' id='word_1_385' title='bbox 2599 2752 2737 2821; x_wconf 68' lang='grc' dir='ltr'><strong>πρὸς</strong></span> <span class='ocrx_word' id='word_1_386' title='bbox 2770 2753 2951 2821; x_wconf 78' lang='grc' dir='ltr'>γάμον</span> <span class='ocrx_word' id='word_1_387' title='bbox 2989 2755 3298 2818; x_wconf 83' lang='grc' dir='ltr'>συνάπτειν,</span> <span class='ocrx_word' id='word_1_388' title='bbox 3333 2752 3429 2803; x_wconf 75' lang='grc' dir='ltr'><strong>καὶ</strong></span> <span class='ocrx_word' id='word_1_389' title='bbox 3481 2752 3682 2822; x_wconf 70' lang='grc' dir='ltr'><strong>παρ’)ε-</strong></span> 
     </span>
    </p>
   </div>
   <div class='ocr_carea' id='block_1_59' title="bbox 2118 2843 3682 2915">
    <p class='ocr_par' dir='ltr' id='par_1_59' title="bbox 2118 2843 3682 2915">
     <span class='ocr_line' id='line_1_59' title="bbox 2118 2843 3682 2915; baseline -0.003 -16"><span class='ocrx_word' id='word_1_390' title='bbox 2118 2846 2371 2908; x_wconf 85' lang='grc' dir='ltr'>νεύοντας</span> <span class='ocrx_word' id='word_1_391' title='bbox 2399 2847 2682 2914; x_wconf 77' lang='grc' dir='ltr'>συνιστᾷν,</span> <span class='ocrx_word' id='word_1_392' title='bbox 2713 2845 2812 2898; x_wconf 76' lang='grc' dir='ltr'>καὶ</span> <span class='ocrx_word' id='word_1_393' title='bbox 2835 2843 3015 2898; x_wconf 86' lang='grc' dir='ltr'>πάντα</span> <span class='ocrx_word' id='word_1_394' title='bbox 3041 2845 3214 2897; x_wconf 83' lang='grc' dir='ltr'>ποιεῖν</span> <span class='ocrx_word' id='word_1_395' title='bbox 3241 2844 3426 2915; x_wconf 82' lang='grc' dir='ltr'>χάριτι</span> <span class='ocrx_word' id='word_1_396' title='bbox 3446 2843 3682 2914; x_wconf 76' lang='grc' dir='ltr'><strong>Χριστοῦ</strong></span> 
     </span>
    </p>
   </div>
   <div class='ocr_carea' id='block_1_60' title="bbox 2115 2934 3682 3006">
    <p class='ocr_par' dir='ltr' id='par_1_60' title="bbox 2115 2934 3682 3006">
     <span class='ocr_line' id='line_1_60' title="bbox 2115 2934 3682 3006; baseline -0.004 -15"><span class='ocrx_word' id='word_1_397' title='bbox 2115 2937 2362 2991; x_wconf 88' lang='grc' dir='ltr'>δύναται.</span> <span class='ocrx_word' id='word_1_398' title='bbox 2407 2936 2495 2999; x_wconf 87' lang='grc' dir='ltr'>Ὠς</span> <span class='ocrx_word' id='word_1_399' title='bbox 2529 2936 2638 3006; x_wconf 83' lang='grc' dir='ltr'>γὰρ</span> <span class='ocrx_word' id='word_1_400' title='bbox 2667 2934 2774 2988; x_wconf 82' lang='grc' dir='ltr'>ἀπὸ</span> <span class='ocrx_word' id='word_1_401' title='bbox 2806 2936 2991 3004; x_wconf 82' lang='grc' dir='ltr'>πηγῆς</span> <span class='ocrx_word' id='word_1_402' title='bbox 3023 2935 3221 3003; x_wconf 75' lang='grc' dir='ltr'>φωτὸς,</span> <span class='ocrx_word' id='word_1_403' title='bbox 3279 2936 3454 2988; x_wconf 86' lang='grc' dir='ltr'>πάντα</span> <span class='ocrx_word' id='word_1_404' title='bbox 3485 2935 3552 2986; x_wconf 73' lang='grc' dir='ltr'>δι’</span> <span class='ocrx_word' id='word_1_405' title='bbox 3581 2935 3682 2985; x_wconf 88' lang='grc' dir='ltr'>αὐ-</span> 
     </span>
    </p>
   </div>
   <div class='ocr_carea' id='block_1_61' title="bbox 2115 3026 3683 3099">
    <p class='ocr_par' dir='ltr' id='par_1_61' title="bbox 2115 3026 3683 3099">
     <span class='ocr_line' id='line_1_61' title="bbox 2115 3026 3683 3099; baseline -0.004 -16"><span class='ocrx_word' id='word_1_406' title='bbox 2115 3030 2210 3084; x_wconf 78' lang='grc' dir='ltr'><strong>τοῦ</strong></span> <span class='ocrx_word' id='word_1_407' title='bbox 2231 3030 2297 3082; x_wconf 86' lang='grc' dir='ltr'><strong>τὰ</strong></span> <span class='ocrx_word' id='word_1_408' title='bbox 2323 3029 2421 3099; x_wconf 86' lang='grc' dir='ltr'><strong>τῆς</strong></span> <span class='ocrx_word' id='word_1_409' title='bbox 2449 3027 2781 3096; x_wconf 78' lang='grc' dir='ltr'>Ἐκκλησίας</span> <span class='ocrx_word' id='word_1_410' title='bbox 2806 3026 3043 3079; x_wconf 82' lang='grc' dir='ltr'>τελεῖται</span> <span class='ocrx_word' id='word_1_411' title='bbox 3068 3041 3082 3057; x_wconf 75' lang='grc' dir='ltr'><strong><em>ο</em></strong></span> <span class='ocrx_word' id='word_1_412' title='bbox 3118 3026 3199 3078; x_wconf 76' lang='grc' dir='ltr'>διὸ</span> <span class='ocrx_word' id='word_1_413' title='bbox 3220 3030 3314 3079; x_wconf 78' lang='grc' dir='ltr'>καὶ</span> <span class='ocrx_word' id='word_1_414' title='bbox 3353 3026 3683 3091; x_wconf 72' lang='grc' dir='ltr'>φωτιστικδς</span> 
     </span>
    </p>
   </div>
   <div class='ocr_carea' id='block_1_62' title="bbox 2118 3118 3685 3190">
    <p class='ocr_par' dir='ltr' id='par_1_62' title="bbox 2118 3118 3685 3190">
     <span class='ocr_line' id='line_1_62' title="bbox 2118 3118 3685 3190; baseline -0.001 -16"><span class='ocrx_word' id='word_1_415' title='bbox 2118 3121 2445 3189; x_wconf 81' lang='grc' dir='ltr'>ὀνομάζεται</span> <span class='ocrx_word' id='word_1_416' title='bbox 2473 3121 2502 3172; x_wconf 86' lang='grc' dir='ltr'>ὁ</span> <span class='ocrx_word' id='word_1_417' title='bbox 2537 3120 2860 3182; x_wconf 72' lang='grc' dir='ltr'>ἐπίσκοπος.</span> <span class='ocrx_word' id='word_1_418' title='bbox 2894 3119 3044 3182; x_wconf 84' lang='grc' dir='ltr'>Τέως</span> <span class='ocrx_word' id='word_1_419' title='bbox 3083 3118 3140 3171; x_wconf 84' lang='grc' dir='ltr'>δὲ</span> <span class='ocrx_word' id='word_1_420' title='bbox 3176 3119 3278 3190; x_wconf 79' lang='grc' dir='ltr'>ῆδτι</span> <span class='ocrx_word' id='word_1_421' title='bbox 3320 3119 3429 3171; x_wconf 76' lang='grc' dir='ltr'><strong>ἀπὸ</strong></span> <span class='ocrx_word' id='word_1_422' title='bbox 3473 3118 3568 3172; x_wconf 79' lang='grc' dir='ltr'><strong>τοῦ</strong></span> <span class='ocrx_word' id='word_1_423' title='bbox 3599 3119 3685 3172; x_wconf 82' lang='grc' dir='ltr'><strong>δο-</strong></span> 
     </span>
    </p>
   </div>
   <div class='ocr_carea' id='block_1_63' title="bbox 445 3205 2030 3286">
    <p class='ocr_par' dir='ltr' id='par_1_63' title="bbox 445 3205 2016 3286">
     <span class='ocr_line' id='line_1_63' title="bbox 445 3205 2016 3286; baseline -0.009 -14"><span class='ocrx_word' id='word_1_424' title='bbox 445 3224 645 3286; x_wconf 80' lang='lat' dir='ltr'><strong>senpu‘s</strong></span> <span class='ocrx_word' id='word_1_425' title='bbox 703 3214 1094 3269; x_wconf 80' lang='lat' dir='ltr'><strong>illuminatlvus</strong></span> <span class='ocrx_word' id='word_1_426' title='bbox 1118 3218 1363 3266; x_wconf 80' lang='lat' dir='ltr'><strong>vocatur.</strong></span> <span class='ocrx_word' id='word_1_427' title='bbox 1411 3206 1565 3261; x_wconf 86' lang='lat' dir='ltr'><strong>Nunc</strong></span> <span class='ocrx_word' id='word_1_428' title='bbox 1594 3215 1775 3260; x_wconf 91' lang='lat' dir='ltr'><strong>autem</strong></span> <span class='ocrx_word' id='word_1_429' title='bbox 1835 3205 1904 3258; x_wconf 90' lang='lat' dir='ltr'><strong>ab</strong></span> <span class='ocrx_word' id='word_1_430' title='bbox 1948 3217 2016 3258; x_wconf 83' lang='lat' dir='ltr'><strong>eo</strong></span> 
     </span>
    </p>
   </div>
   <div class='ocr_carea' id='block_1_64' title="bbox 2115 3205 3684 3286">
    <p class='ocr_par' dir='ltr' id='par_1_64' title="bbox 2120 3209 3684 3281">
     <span class='ocr_line' id='line_1_64' title="bbox 2120 3209 3684 3281; baseline -0.003 -15"><span class='ocrx_word' id='word_1_431' title='bbox 2120 3213 2347 3275; x_wconf 81' lang='grc' dir='ltr'>κοῦντος</span> <span class='ocrx_word' id='word_1_432' title='bbox 2376 3211 2708 3281; x_wconf 80' lang='grc' dir='ltr'><strong>μικροτέρου</strong></span> <span class='ocrx_word' id='word_1_433' title='bbox 2730 3210 2839 3263; x_wconf 87' lang='grc' dir='ltr'>τῶν</span> <span class='ocrx_word' id='word_1_434' title='bbox 2864 3209 3204 3280; x_wconf 86' lang='grc' dir='ltr'>δωρημάτων</span> <span class='ocrx_word' id='word_1_435' title='bbox 3254 3210 3562 3279; x_wconf 59' lang='grc' dir='ltr'>ἀρχόμεθα,</span> <span class='ocrx_word' id='word_1_436' title='bbox 3609 3211 3684 3274; x_wconf 82' lang='grc' dir='ltr'>ὡς</span> 
     </span>
    </p>
   </div>
   <div class='ocr_carea' id='block_1_65' title="bbox 441 3293 2018 3375">
    <p class='ocr_par' dir='ltr' id='par_1_65' title="bbox 441 3293 2018 3375">
     <span class='ocr_line' id='line_1_65' title="bbox 441 3293 2018 3375; baseline -0.01 -15"><span class='ocrx_word' id='word_1_437' title='bbox 441 3309 626 3375; x_wconf 71' lang='lat' dir='ltr'><strong>gratiae</strong></span> <span class='ocrx_word' id='word_1_438' title='bbox 653 3305 798 3360; x_wconf 88' lang='lat' dir='ltr'><strong>dono</strong></span> <span class='ocrx_word' id='word_1_439' title='bbox 847 3303 1194 3372; x_wconf 87' lang='lat' dir='ltr'><strong>incipiemus,</strong></span> <span class='ocrx_word' id='word_1_440' title='bbox 1224 3299 1369 3368; x_wconf 90' lang='lat' dir='ltr'><strong>quod</strong></span> <span class='ocrx_word' id='word_1_441' title='bbox 1420 3309 1503 3352; x_wconf 89' lang='lat' dir='ltr'><strong>est</strong></span> <span class='ocrx_word' id='word_1_442' title='bbox 1563 3298 1810 3350; x_wconf 91' lang='lat' dir='ltr'><strong>omnium</strong></span> <span class='ocrx_word' id='word_1_443' title='bbox 1857 3293 2018 3349; x_wconf 90' lang='lat' dir='ltr'><strong>mini-</strong></span> 
     </span>
    </p>
   </div>
   <div class='ocr_carea' id='block_1_66' title="bbox 446 3382 2016 3461">
    <p class='ocr_par' dir='ltr' id='par_1_66' title="bbox 446 3382 2016 3461">
     <span class='ocr_line' id='line_1_66' title="bbox 446 3382 2016 3461; baseline -0.009 -11"><span class='ocrx_word' id='word_1_444' title='bbox 446 3411 616 3456; x_wconf 88' lang='lat' dir='ltr'><strong>nmm,</strong></span> <span class='ocrx_word' id='word_1_445' title='bbox 648 3405 705 3448; x_wconf 91' lang='lat' dir='ltr'><strong>ut</strong></span> <span class='ocrx_word' id='word_1_446' title='bbox 730 3394 878 3448; x_wconf 84' lang='lat' dir='ltr'><strong>brevi</strong></span> <span class='ocrx_word' id='word_1_447' title='bbox 908 3393 974 3445; x_wconf 89' lang='lat' dir='ltr'><strong>ad</strong></span> <span class='ocrx_word' id='word_1_448' title='bbox 1008 3390 1305 3461; x_wconf 81' lang='lat' dir='ltr'><strong>perfectum</strong></span> <span class='ocrx_word' id='word_1_449' title='bbox 1331 3389 1681 3442; x_wconf 89' lang='lat' dir='ltr'><strong>accedamus.</strong></span> <span class='ocrx_word' id='word_1_450' title='bbox 1703 3387 1816 3439; x_wconf 83' lang='lat' dir='ltr'><strong>Hoc</strong></span> <span class='ocrx_word' id='word_1_451' title='bbox 1847 3382 2016 3439; x_wconf 82' lang='lat' dir='ltr'><strong>etiam</strong></span> 
     </span>
    </p>
   </div>
   <div class='ocr_carea' id='block_1_67' title="bbox 447 3477 2016 3552">
    <p class='ocr_par' dir='ltr' id='par_1_67' title="bbox 447 3477 2016 3552">
     <span class='ocr_line' id='line_1_67' title="bbox 447 3477 2016 3552; baseline -0.007 -11"><span class='ocrx_word' id='word_1_452' title='bbox 447 3491 520 3541; x_wconf 89' lang='lat' dir='ltr'><strong>ita</strong></span> <span class='ocrx_word' id='word_1_453' title='bbox 553 3488 730 3540; x_wconf 85' lang='lat' dir='ltr'><strong>visum</strong></span> <span class='ocrx_word' id='word_1_454' title='bbox 763 3493 848 3538; x_wconf 81' lang='lat' dir='ltr'><strong>est</strong></span> <span class='ocrx_word' id='word_1_455' title='bbox 871 3497 1068 3552; x_wconf 87' lang='lat' dir='ltr'><strong>magno</strong></span> <span class='ocrx_word' id='word_1_456' title='bbox 1097 3479 1374 3550; x_wconf 85' lang='lat' dir='ltr'><strong>Dionysio,</strong></span> <span class='ocrx_word' id='word_1_457' title='bbox 1406 3479 1498 3549; x_wconf 88' lang='lat' dir='ltr'><strong>qui</strong></span> <span class='ocrx_word' id='word_1_458' title='bbox 1531 3493 1561 3531; x_wconf 70' lang='grc' dir='ltr'><strong>ε</strong></span> <span class='ocrx_word' id='word_1_459' title='bbox 1615 3478 1849 3532; x_wconf 85' lang='lat' dir='ltr'><strong>diacono</strong></span> <span class='ocrx_word' id='word_1_460' title='bbox 1880 3477 2016 3531; x_wconf 88' lang='lat' dir='ltr'><strong>incl—</strong></span> 
     </span>
    </p>
   </div>
   <div class='ocr_carea' id='block_1_68' title="bbox 449 3566 2019 3649">
    <p class='ocr_par' dir='ltr' id='par_1_68' title="bbox 449 3566 2019 3649">
     <span class='ocr_line' id='line_1_68' title="bbox 449 3566 2019 3649; baseline -0.009 -16"><span class='ocrx_word' id='word_1_461' title='bbox 449 3579 605 3649; x_wconf 84' lang='lat' dir='ltr'><strong>piens</strong></span> <span class='ocrx_word' id='word_1_462' title='bbox 643 3573 709 3628; x_wconf 89' lang='lat' dir='ltr'><strong>ad</strong></span> <span class='ocrx_word' id='word_1_463' title='bbox 765 3573 1079 3642; x_wconf 84' lang='lat' dir='ltr'><strong>episcopum</strong></span> <span class='ocrx_word' id='word_1_464' title='bbox 1117 3583 1444 3640; x_wconf 83' lang='lat' dir='ltr'><strong>progressus</strong></span> <span class='ocrx_word' id='word_1_465' title='bbox 1476 3575 1579 3624; x_wconf 85' lang='lat' dir='ltr'><strong>est.</strong></span> <span class='ocrx_word' id='word_1_466' title='bbox 1615 3566 1727 3622; x_wconf 82' lang='lat' dir='ltr'><strong>Nos</strong></span> <span class='ocrx_word' id='word_1_467' title='bbox 1765 3567 1934 3637; x_wconf 82' lang='lat' dir='ltr'><strong>igitur</strong></span> <span class='ocrx_word' id='word_1_468' title='bbox 1965 3573 2019 3620; x_wconf 88' lang='lat' dir='ltr'><strong>et</strong></span> 
     </span>
    </p>
   </div>
   <div class='ocr_carea' id='block_1_69' title="bbox 449 3658 2020 3732">
    <p class='ocr_par' dir='ltr' id='par_1_69' title="bbox 449 3658 2020 3732">
     <span class='ocr_line' id='line_1_69' title="bbox 449 3658 2020 3732; baseline -0.008 -8"><span class='ocrx_word' id='word_1_469' title='bbox 449 3672 518 3724; x_wconf 90' lang='lat' dir='ltr'><strong>de</strong></span> <span class='ocrx_word' id='word_1_470' title='bbox 541 3667 716 3722; x_wconf 88' lang='lat' dir='ltr'><strong>hocet</strong></span> <span class='ocrx_word' id='word_1_471' title='bbox 736 3665 802 3720; x_wconf 88' lang='lat' dir='ltr'><strong>de</strong></span> <span class='ocrx_word' id='word_1_472' title='bbox 819 3664 942 3718; x_wconf 85' lang='lat' dir='ltr'><strong>aliis</strong></span> <span class='ocrx_word' id='word_1_473' title='bbox 965 3677 1181 3732; x_wconf 82' lang='lat' dir='ltr'><strong>quoque</strong></span> <span class='ocrx_word' id='word_1_474' title='bbox 1199 3662 1380 3716; x_wconf 90' lang='lat' dir='ltr'><strong>dicere</strong></span> <span class='ocrx_word' id='word_1_475' title='bbox 1399 3659 1658 3724; x_wconf 87' lang='lat' dir='ltr'><strong>volentes,</strong></span> <span class='ocrx_word' id='word_1_476' title='bbox 1681 3673 1711 3711; x_wconf 89' lang='lat' dir='ltr'><strong>a</strong></span> <span class='ocrx_word' id='word_1_477' title='bbox 1734 3658 1911 3728; x_wconf 88' lang='lat' dir='ltr'><strong>primo</strong></span> <span class='ocrx_word' id='word_1_478' title='bbox 1931 3671 2020 3711; x_wconf 82' lang='lat' dir='ltr'><strong>sa-</strong></span> 
     </span>
    </p>
   </div>
   <div class='ocr_carea' id='block_1_70' title="bbox 449 3748 2018 3822">
    <p class='ocr_par' dir='ltr' id='par_1_70' title="bbox 449 3748 2018 3822">
     <span class='ocr_line' id='line_1_70' title="bbox 449 3748 2018 3822; baseline -0.009 -9"><span class='ocrx_word' id='word_1_479' title='bbox 449 3756 678 3814; x_wconf 89' lang='lat' dir='ltr'><strong>cerdotii</strong></span> <span class='ocrx_word' id='word_1_480' title='bbox 713 3755 1068 3818; x_wconf 87' lang='lat' dir='ltr'><strong>charismate,</strong></span> <span class='ocrx_word' id='word_1_481' title='bbox 1099 3751 1194 3822; x_wconf 85' lang='lat' dir='ltr'><strong>qui</strong></span> <span class='ocrx_word' id='word_1_482' title='bbox 1214 3751 1510 3806; x_wconf 85' lang='lat' dir='ltr'><strong>lectoratus</strong></span> <span class='ocrx_word' id='word_1_483' title='bbox 1533 3758 1640 3816; x_wconf 83' lang='lat' dir='ltr'><strong>est,</strong></span> <span class='ocrx_word' id='word_1_484' title='bbox 1661 3748 2018 3818; x_wconf 87' lang='lat' dir='ltr'><strong>incipiemus.</strong></span> 
     </span>
    </p>
   </div>
   <div class='ocr_carea' id='block_1_71' title="bbox 995 3861 1490 3936">
    <p class='ocr_par' dir='ltr' id='par_1_71' title="bbox 995 3861 1490 3936">
     <span class='ocr_line' id='line_1_71' title="bbox 995 3861 1490 3936; baseline -0.008 -17"><span class='ocrx_word' id='word_1_485' title='bbox 995 3862 1221 3919; x_wconf 84' lang='lat' dir='ltr'><strong>CAPUT</strong></span> <span class='ocrx_word' id='word_1_486' title='bbox 1259 3861 1490 3936; x_wconf 66' lang='lat' dir='ltr'><strong>cum.</strong></span> 
     </span>
    </p>
   </div>
   <div class='ocr_carea' id='block_1_72' title="bbox 634 3952 1833 4026">
    <p class='ocr_par' dir='ltr' id='par_1_72' title="bbox 634 3952 1833 4026">
     <span class='ocr_line' id='line_1_72' title="bbox 634 3952 1833 4026; baseline -0.008 -11"><span class='ocrx_word' id='word_1_487' title='bbox 634 3960 911 4026; x_wconf 84' lang='lat' dir='ltr'><strong>Quomodo</strong></span> <span class='ocrx_word' id='word_1_488' title='bbox 954 3958 1122 4012; x_wconf 84' lang='lat' dir='ltr'><strong>lector</strong></span> <span class='ocrx_word' id='word_1_489' title='bbox 1159 3956 1223 4010; x_wconf 86' lang='lat' dir='ltr'><strong>ab</strong></span> <span class='ocrx_word' id='word_1_490' title='bbox 1256 3957 1498 4026; x_wconf 80' lang='lat' dir='ltr'><strong>episcopo</strong></span> <span class='ocrx_word' id='word_1_491' title='bbox 1538 3952 1833 4008; x_wconf 83' lang='lat' dir='ltr'><strong>ordinetur.</strong></span> 
     </span>
    </p>
   </div>
   <div class='ocr_carea' id='block_1_73' title="bbox 521 4061 2022 4146">
    <p class='ocr_par' dir='ltr' id='par_1_73' title="bbox 521 4061 2022 4146">
     <span class='ocr_line' id='line_1_73' title="bbox 521 4061 2022 4146; baseline -0.007 -17"><span class='ocrx_word' id='word_1_492' title='bbox 521 4076 620 4131; x_wconf 91' lang='lat' dir='ltr'><strong>llic</strong></span> <span class='ocrx_word' id='word_1_493' title='bbox 673 4090 802 4146; x_wconf 84' lang='lat' dir='ltr'><strong>ergo</strong></span> <span class='ocrx_word' id='word_1_494' title='bbox 850 4074 918 4128; x_wconf 90' lang='lat' dir='ltr'><strong>ad</strong></span> <span class='ocrx_word' id='word_1_495' title='bbox 966 4074 1280 4141; x_wconf 71' lang='lat' dir='ltr'><strong>episcopum</strong></span> <span class='ocrx_word' id='word_1_496' title='bbox 1341 4068 1652 4132; x_wconf 88' lang='lat' dir='ltr'><strong>adducitur,</strong></span> <span class='ocrx_word' id='word_1_497' title='bbox 1686 4068 1812 4120; x_wconf 85' lang='lat' dir='ltr'><strong>dato</strong></span> <span class='ocrx_word' id='word_1_498' title='bbox 1870 4061 2022 4133; x_wconf 82' lang='lat' dir='ltr'><strong>prius</strong></span> 
     </span>
    </p>
   </div>
   <div class='ocr_carea' id='block_1_74' title="bbox 452 4149 2018 4235">
    <p class='ocr_par' dir='ltr' id='par_1_74' title="bbox 452 4149 2018 4235">
     <span class='ocr_line' id='line_1_74' title="bbox 452 4149 2018 4235; baseline -0.01 -13"><span class='ocrx_word' id='word_1_499' title='bbox 452 4170 766 4224; x_wconf 75' lang='lat' dir='ltr'><strong>testimonio</strong></span> <span class='ocrx_word' id='word_1_500' title='bbox 793 4165 934 4235; x_wconf 89' lang='lat' dir='ltr'><strong>quod</strong></span> <span class='ocrx_word' id='word_1_501' title='bbox 968 4171 1174 4219; x_wconf 72' lang='lat' dir='ltr'><strong>sancta:</strong></span> <span class='ocrx_word' id='word_1_502' title='bbox 1205 4163 1277 4217; x_wconf 91' lang='lat' dir='ltr'><strong>sit</strong></span> <span class='ocrx_word' id='word_1_503' title='bbox 1307 4149 1622 4229; x_wconf 30' lang='lat' dir='ltr'><strong>\‘itmpquud</strong></span> <span class='ocrx_word' id='word_1_504' title='bbox 1669 4171 1827 4212; x_wconf 86' lang='lat' dir='ltr'><strong>sacra</strong></span> <span class='ocrx_word' id='word_1_505' title='bbox 1890 4171 2018 4210; x_wconf 88' lang='lat' dir='ltr'><strong>con-</strong></span> 
     </span>
    </p>
   </div>
   <div class='ocr_carea' id='block_1_75' title="bbox 457 4251 2022 4325">
    <p class='ocr_par' dir='ltr' id='par_1_75' title="bbox 457 4251 2022 4325">
     <span class='ocr_line' id='line_1_75' title="bbox 457 4251 2022 4325; baseline -0.01 -11"><span class='ocrx_word' id='word_1_506' title='bbox 457 4260 765 4315; x_wconf 81' lang='lat' dir='ltr'><strong>\crsalloltc</strong></span> <span class='ocrx_word' id='word_1_507' title='bbox 796 4267 850 4310; x_wconf 90' lang='lat' dir='ltr'><strong>et</strong></span> <span class='ocrx_word' id='word_1_508' title='bbox 913 4255 1257 4325; x_wconf 89' lang='lat' dir='ltr'><strong>promotione</strong></span> <span class='ocrx_word' id='word_1_509' title='bbox 1285 4253 1504 4322; x_wconf 84' lang='lat' dir='ltr'><strong>dignus,</strong></span> <span class='ocrx_word' id='word_1_510' title='bbox 1563 4251 1881 4318; x_wconf 87' lang='lat' dir='ltr'><strong>litterasque</strong></span> <span class='ocrx_word' id='word_1_511' title='bbox 1931 4262 2022 4304; x_wconf 49' lang='lat' dir='ltr'><strong>sa.-</strong></span> 
     </span>
    </p>
   </div>
   <div class='ocr_carea' id='block_1_76' title="bbox 455 4342 2021 4417">
    <p class='ocr_par' dir='ltr' id='par_1_76' title="bbox 455 4342 2021 4417">
     <span class='ocr_line' id='line_1_76' title="bbox 455 4342 2021 4417; baseline -0.009 -13"><span class='ocrx_word' id='word_1_512' title='bbox 455 4369 580 4406; x_wconf 70' lang='lat' dir='ltr'><strong>t-ras</strong></span> <span class='ocrx_word' id='word_1_513' title='bbox 640 4348 914 4404; x_wconf 80' lang='lat' dir='ltr'><strong>didicerit.</strong></span> <span class='ocrx_word' id='word_1_514' title='bbox 958 4347 1264 4417; x_wconf 89' lang='lat' dir='ltr'><strong>Episc0pus</strong></span> <span class='ocrx_word' id='word_1_515' title='bbox 1317 4355 1498 4399; x_wconf 82' lang='lat' dir='ltr'><strong>autem</strong></span> <span class='ocrx_word' id='word_1_516' title='bbox 1562 4356 1774 4396; x_wconf 84' lang='lat' dir='ltr'><strong>sacram</strong></span> <span class='ocrx_word' id='word_1_517' title='bbox 1826 4342 2021 4392; x_wconf 69' lang='lat' dir='ltr'><strong>stoiam</strong></span> 
     </span>
    </p>
   </div>
   <div class='ocr_carea' id='block_1_77' title="bbox 454 4427 2020 4506">
    <p class='ocr_par' dir='ltr' id='par_1_77' title="bbox 454 4427 2020 4506">
     <span class='ocr_line' id='line_1_77' title="bbox 454 4427 2020 4506; baseline -0.011 -9"><span class='ocrx_word' id='word_1_518' title='bbox 454 4444 705 4506; x_wconf 86' lang='lat' dir='ltr'><strong>indutus,</strong></span> <span class='ocrx_word' id='word_1_519' title='bbox 735 4450 788 4496; x_wconf 85' lang='lat' dir='ltr'><strong>et</strong></span> <span class='ocrx_word' id='word_1_520' title='bbox 821 4440 1068 4506; x_wconf 78' lang='lat' dir='ltr'><strong>pallium,</strong></span> <span class='ocrx_word' id='word_1_521' title='bbox 1095 4437 1240 4506; x_wconf 85' lang='lat' dir='ltr'><strong>qttud</strong></span> <span class='ocrx_word' id='word_1_522' title='bbox 1287 4436 1341 4488; x_wconf 90' lang='lat' dir='ltr'><strong>in</strong></span> <span class='ocrx_word' id='word_1_523' title='bbox 1391 4434 1542 4488; x_wconf 83' lang='lat' dir='ltr'><strong>Ollllll</strong></span> <span class='ocrx_word' id='word_1_524' title='bbox 1593 4433 1734 4487; x_wconf 88' lang='lat' dir='ltr'><strong>sacri</strong></span> <span class='ocrx_word' id='word_1_525' title='bbox 1778 4427 2020 4499; x_wconf 82' lang='lat' dir='ltr'><strong>mysterii</strong></span> 
     </span>
    </p>
   </div>
   <div class='ocr_carea' id='block_1_78' title="bbox 2121 3299 3684 3374">
    <p class='ocr_par' dir='ltr' id='par_1_78' title="bbox 2121 3299 3684 3374">
     <span class='ocr_line' id='line_1_78' title="bbox 2121 3299 3684 3374; baseline -0.003 -16"><span class='ocrx_word' id='word_1_526' title='bbox 2121 3306 2187 3359; x_wconf 79' lang='grc' dir='ltr'>ἂν</span> <span class='ocrx_word' id='word_1_527' title='bbox 2217 3305 2358 3358; x_wconf 84' lang='grc' dir='ltr'><strong>κατά</strong></span> <span class='ocrx_word' id='word_1_528' title='bbox 2409 3303 2584 3374; x_wconf 83' lang='grc' dir='ltr'>βραχῦ</span> <span class='ocrx_word' id='word_1_529' title='bbox 2643 3304 2721 3364; x_wconf 83' lang='grc' dir='ltr'><strong>είς</strong></span> <span class='ocrx_word' id='word_1_530' title='bbox 2748 3301 2810 3355; x_wconf 69' lang='grc' dir='ltr'>τὸ</span> <span class='ocrx_word' id='word_1_531' title='bbox 2855 3301 3059 3354; x_wconf 63' lang='grc' dir='ltr'>τέλειον</span> <span class='ocrx_word' id='word_1_532' title='bbox 3097 3300 3359 3371; x_wconf 75' lang='grc' dir='ltr'>ἔλθωμεν.</span> <span class='ocrx_word' id='word_1_533' title='bbox 3396 3299 3566 3355; x_wconf 81' lang='grc' dir='ltr'>Τοῦτο</span> <span class='ocrx_word' id='word_1_534' title='bbox 3626 3302 3684 3354; x_wconf 66' lang='grc' dir='ltr'>δὲ</span> 
     </span>
    </p>
   </div>
   <div class='ocr_carea' id='block_1_79' title="bbox 2119 3393 3684 3468">
    <p class='ocr_par' dir='ltr' id='par_1_79' title="bbox 2119 3393 3684 3468">
     <span class='ocr_line' id='line_1_79' title="bbox 2119 3393 3684 3468; baseline -0.003 -16"><span class='ocrx_word' id='word_1_535' title='bbox 2119 3397 2216 3452; x_wconf 70' lang='grc' dir='ltr'>καὶ</span> <span class='ocrx_word' id='word_1_536' title='bbox 2236 3397 2312 3468; x_wconf 86' lang='grc' dir='ltr'><strong>τῷ</strong></span> <span class='ocrx_word' id='word_1_537' title='bbox 2345 3398 2571 3467; x_wconf 86' lang='grc' dir='ltr'>μεγάλῳ</span> <span class='ocrx_word' id='word_1_538' title='bbox 2594 3395 2756 3448; x_wconf 78' lang='grc' dir='ltr'>καλὸν</span> <span class='ocrx_word' id='word_1_539' title='bbox 2787 3393 3034 3464; x_wconf 76' lang='grc' dir='ltr'>ἐγνώσθη</span> <span class='ocrx_word' id='word_1_540' title='bbox 3086 3395 3388 3465; x_wconf 85' lang='grc' dir='ltr'>Διονυσίῳ·</span> <span class='ocrx_word' id='word_1_541' title='bbox 3441 3397 3531 3448; x_wconf 70' lang='grc' dir='ltr'>καὶ.</span> <span class='ocrx_word' id='word_1_542' title='bbox 3576 3396 3684 3448; x_wconf 82' lang='grc' dir='ltr'>ἀπὸ</span> 
     </span>
    </p>
   </div>
   <div class='ocr_carea' id='block_1_80' title="bbox 2117 3482 3682 3557">
    <p class='ocr_par' dir='ltr' id='par_1_80' title="bbox 2117 3482 3682 3557">
     <span class='ocr_line' id='line_1_80' title="bbox 2117 3482 3682 3557; baseline -0.003 -14"><span class='ocrx_word' id='word_1_543' title='bbox 2117 3489 2214 3543; x_wconf 81' lang='grc' dir='ltr'>τοῦ</span> <span class='ocrx_word' id='word_1_544' title='bbox 2268 3489 2518 3542; x_wconf 82' lang='grc' dir='ltr'>διακόνου</span> <span class='ocrx_word' id='word_1_545' title='bbox 2550 3486 2882 3557; x_wconf 80' lang='grc' dir='ltr'>ἀρξάμενος,</span> <span class='ocrx_word' id='word_1_546' title='bbox 2936 3487 3016 3549; x_wconf 84' lang='grc' dir='ltr'><strong>είς</strong></span> <span class='ocrx_word' id='word_1_547' title='bbox 3076 3486 3173 3538; x_wconf 80' lang='grc' dir='ltr'><strong>τὸν</strong></span> <span class='ocrx_word' id='word_1_548' title='bbox 3203 3485 3501 3539; x_wconf 69' lang='grc' dir='ltr'>ἐπίσκοπον</span> <span class='ocrx_word' id='word_1_549' title='bbox 3529 3482 3682 3556; x_wconf 79' lang='grc' dir='ltr'>ἦλθε.</span> 
     </span>
    </p>
   </div>
   <div class='ocr_carea' id='block_1_81' title="bbox 2119 3577 3689 3651">
    <p class='ocr_par' dir='ltr' id='par_1_81' title="bbox 2119 3577 3689 3651">
     <span class='ocr_line' id='line_1_81' title="bbox 2119 3577 3689 3651; baseline -0.003 -16"><span class='ocrx_word' id='word_1_550' title='bbox 2119 3583 2230 3636; x_wconf 77' lang='grc' dir='ltr'><strong>Καὶ</strong></span> <span class='ocrx_word' id='word_1_551' title='bbox 2287 3583 2455 3651; x_wconf 78' lang='grc' dir='ltr'>ἡμεῖς</span> <span class='ocrx_word' id='word_1_552' title='bbox 2513 3579 2694 3632; x_wconf 85' lang='grc' dir='ltr'>τοίνυν</span> <span class='ocrx_word' id='word_1_553' title='bbox 2761 3579 2858 3633; x_wconf 76' lang='grc' dir='ltr'>καὶ</span> <span class='ocrx_word' id='word_1_554' title='bbox 2936 3579 3067 3648; x_wconf 74' lang='grc' dir='ltr'>περὶ</span> <span class='ocrx_word' id='word_1_555' title='bbox 3139 3578 3248 3631; x_wconf 85' lang='grc' dir='ltr'>τῶν</span> <span class='ocrx_word' id='word_1_556' title='bbox 3304 3577 3479 3632; x_wconf 72' lang='grc' dir='ltr'>ἄλλων</span> <span class='ocrx_word' id='word_1_557' title='bbox 3541 3580 3689 3648; x_wconf 72' lang='grc' dir='ltr'>ἐρεῖν</span> 
     </span>
    </p>
   </div>
   <div class='ocr_carea' id='block_1_82' title="bbox 2121 3667 3685 3742">
    <p class='ocr_par' dir='ltr' id='par_1_82' title="bbox 2121 3667 3685 3742">
     <span class='ocr_line' id='line_1_82' title="bbox 2121 3667 3685 3742; baseline -0.003 -18"><span class='ocrx_word' id='word_1_558' title='bbox 2121 3671 2437 3742; x_wconf 85' lang='grc' dir='ltr'>βουλόμενοι</span> <span class='ocrx_word' id='word_1_559' title='bbox 2488 3668 2598 3723; x_wconf 75' lang='grc' dir='ltr'>ἀπὸ</span> <span class='ocrx_word' id='word_1_560' title='bbox 2655 3668 2752 3722; x_wconf 83' lang='grc' dir='ltr'><strong>τοῦ</strong></span> <span class='ocrx_word' id='word_1_561' title='bbox 2804 3667 3022 3736; x_wconf 84' lang='grc' dir='ltr'>πρώτου</span> <span class='ocrx_word' id='word_1_562' title='bbox 3080 3667 3188 3720; x_wconf 86' lang='grc' dir='ltr'><strong>τῶν</strong></span> <span class='ocrx_word' id='word_1_563' title='bbox 3237 3668 3338 3736; x_wconf 84' lang='grc' dir='ltr'><strong>τῆς</strong></span> <span class='ocrx_word' id='word_1_564' title='bbox 3385 3667 3685 3737; x_wconf 72' lang='grc' dir='ltr'>ἱερωσύνης</span> 
     </span>
    </p>
   </div>
   <div class='ocr_carea' id='block_1_83' title="bbox 2121 3757 3681 3833">
    <p class='ocr_par' dir='ltr' id='par_1_83' title="bbox 2121 3757 3681 3833">
     <span class='ocr_line' id='line_1_83' title="bbox 2121 3757 3681 3833; baseline -0.002 -18"><span class='ocrx_word' id='word_1_565' title='bbox 2121 3760 2479 3833; x_wconf 85' lang='grc' dir='ltr'>χαρισμάτων</span> <span class='ocrx_word' id='word_1_566' title='bbox 2497 3758 2818 3830; x_wconf 79' lang='grc' dir='ltr'><strong>ἀρξώμεθα.</strong></span> <span class='ocrx_word' id='word_1_567' title='bbox 2840 3759 2995 3812; x_wconf 87' lang='grc' dir='ltr'>Ἔστι</span> <span class='ocrx_word' id='word_1_568' title='bbox 3026 3758 3082 3810; x_wconf 83' lang='grc' dir='ltr'>δὲ</span> <span class='ocrx_word' id='word_1_569' title='bbox 3106 3757 3168 3810; x_wconf 75' lang='grc' dir='ltr'>ἰδ</span> <span class='ocrx_word' id='word_1_570' title='bbox 3195 3757 3288 3811; x_wconf 79' lang='grc' dir='ltr'><strong>τοῦ</strong></span> <span class='ocrx_word' id='word_1_571' title='bbox 3311 3758 3681 3825; x_wconf 77' lang='grc' dir='ltr'>ἀναγνώστου.</span> 
     </span>
    </p>
   </div>
   <div class='ocr_carea' id='block_1_84' title="bbox 2550 3870 3126 3926">
    <p class='ocr_par' dir='ltr' id='par_1_84' title="bbox 2550 3870 3126 3926">
     <span class='ocr_line' id='line_1_84' title="bbox 2550 3870 3126 3926; baseline -0.002 1"><span class='ocrx_word' id='word_1_572' title='bbox 2550 3908 2559 3915; x_wconf 89' lang='lat'><strong>-</strong></span> <span class='ocrx_word' id='word_1_573' title='bbox 2666 3873 2917 3926; x_wconf 75' lang='grc' dir='ltr'><strong>ΚΕΦΑΛ.</strong></span> <span class='ocrx_word' id='word_1_574' title='bbox 2951 3870 3126 3926; x_wconf 85' lang='lat' dir='ltr'><strong>PNll&#39;.</strong></span> 
     </span>
    </p>
   </div>
   <div class='ocr_carea' id='block_1_85' title="bbox 2122 3961 3678 4034">
    <p class='ocr_par' dir='ltr' id='par_1_85' title="bbox 2122 3961 3678 4034">
     <span class='ocr_line' id='line_1_85' title="bbox 2122 3961 3678 4034; baseline -0.003 -16"><span class='ocrx_word' id='word_1_575' title='bbox 2122 3962 2316 4032; x_wconf 82' lang='grc' dir='ltr'>Ὅπως</span> <span class='ocrx_word' id='word_1_576' title='bbox 2337 3968 2370 4020; x_wconf 86' lang='grc' dir='ltr'><strong><em>ὀ</em></strong></span> <span class='ocrx_word' id='word_1_577' title='bbox 2394 3963 2792 4034; x_wconf 71' lang='grc' dir='ltr'>ἁναγνώστης</span> <span class='ocrx_word' id='word_1_578' title='bbox 2820 3964 2941 4017; x_wconf 80' lang='grc' dir='ltr'><strong>ὑπὸ</strong></span> <span class='ocrx_word' id='word_1_579' title='bbox 2970 3961 3076 4015; x_wconf 79' lang='grc' dir='ltr'>τοῦ</span> <span class='ocrx_word' id='word_1_580' title='bbox 3104 3961 3384 4031; x_wconf 83' lang='grc' dir='ltr'>ιεράρχου</span> <span class='ocrx_word' id='word_1_581' title='bbox 3406 3961 3678 4016; x_wconf 70' lang='grc' dir='ltr'>τελεῖται.</span> 
     </span>
    </p>
   </div>
   <div class='ocr_carea' id='block_1_86' title="bbox 2197 4075 3688 4148">
    <p class='ocr_par' dir='ltr' id='par_1_86' title="bbox 2197 4075 3688 4148">
     <span class='ocr_line' id='line_1_86' title="bbox 2197 4075 3688 4148; baseline -0.004 -15"><span class='ocrx_word' id='word_1_582' title='bbox 2197 4075 2367 4143; x_wconf 84' lang='grc' dir='ltr'>Οὗτος</span> <span class='ocrx_word' id='word_1_583' title='bbox 2394 4079 2576 4133; x_wconf 84' lang='grc' dir='ltr'>τοίνυν</span> <span class='ocrx_word' id='word_1_584' title='bbox 2611 4077 2942 4147; x_wconf 84' lang='grc' dir='ltr'>προσάγεται</span> <span class='ocrx_word' id='word_1_585' title='bbox 2968 4075 3046 4145; x_wconf 80' lang='grc' dir='ltr'>τῷ</span> <span class='ocrx_word' id='word_1_586' title='bbox 3074 4079 3344 4148; x_wconf 79' lang='grc' dir='ltr'>ἀρχιερεῖ,</span> <span class='ocrx_word' id='word_1_587' title='bbox 3402 4093 3688 4147; x_wconf 79' lang='grc' dir='ltr'><strong>μαρτυρη-</strong></span> 
     </span>
    </p>
   </div>
   <div class='ocr_carea' id='block_1_87' title="bbox 2125 4165 3692 4236">
    <p class='ocr_par' dir='ltr' id='par_1_87' title="bbox 2125 4165 3692 4236">
     <span class='ocr_line' id='line_1_87' title="bbox 2125 4165 3692 4236; baseline -0.003 -13"><span class='ocrx_word' id='word_1_588' title='bbox 2125 4169 2236 4234; x_wconf 74' lang='lat' dir='ltr'><strong>Osl;</strong></span> <span class='ocrx_word' id='word_1_589' title='bbox 2271 4166 2413 4223; x_wconf 73' lang='grc' dir='ltr'>εἶναι</span> <span class='ocrx_word' id='word_1_590' title='bbox 2448 4167 2547 4221; x_wconf 83' lang='grc' dir='ltr'>τοῦ</span> <span class='ocrx_word' id='word_1_591' title='bbox 2576 4165 2744 4235; x_wconf 81' lang='grc' dir='ltr'>άγνοῦ</span> <span class='ocrx_word' id='word_1_592' title='bbox 2786 4166 2926 4235; x_wconf 82' lang='grc' dir='ltr'>βίου,</span> <span class='ocrx_word' id='word_1_593' title='bbox 2959 4169 3054 4218; x_wconf 76' lang='grc' dir='ltr'>καὶ</span> <span class='ocrx_word' id='word_1_594' title='bbox 3112 4166 3261 4230; x_wconf 81' lang='grc' dir='ltr'>ἄξιος</span> <span class='ocrx_word' id='word_1_595' title='bbox 3294 4169 3586 4236; x_wconf 70' lang='grc' dir='ltr'>ἀναγωγῆς</span> <span class='ocrx_word' id='word_1_596' title='bbox 3619 4170 3692 4220; x_wconf 77' lang='lat' dir='ltr'><strong>le-</strong></span> 
     </span>
    </p>
   </div>
   <div class='ocr_carea' id='block_1_88' title="bbox 2129 4259 3688 4335">
    <p class='ocr_par' dir='ltr' id='par_1_88' title="bbox 2129 4259 3688 4335">
     <span class='ocr_line' id='line_1_88' title="bbox 2129 4259 3688 4335; baseline -0.006 -18"><span class='ocrx_word' id='word_1_597' title='bbox 2129 4265 2248 4335; x_wconf 80' lang='grc' dir='ltr'>ρᾶς,</span> <span class='ocrx_word' id='word_1_598' title='bbox 2285 4263 2378 4315; x_wconf 63' lang='grc' dir='ltr'>καὶ</span> <span class='ocrx_word' id='word_1_599' title='bbox 2407 4263 2474 4314; x_wconf 86' lang='grc' dir='ltr'>τὰ</span> <span class='ocrx_word' id='word_1_600' title='bbox 2508 4263 2628 4331; x_wconf 89' lang='grc' dir='ltr'>ἱερὰ</span> <span class='ocrx_word' id='word_1_601' title='bbox 2662 4259 2818 4321; x_wconf 86' lang='grc' dir='ltr'>εἰδὼς</span> <span class='ocrx_word' id='word_1_602' title='bbox 2842 4259 3170 4327; x_wconf 78' lang='grc' dir='ltr'>γράμματα.</span> <span class='ocrx_word' id='word_1_603' title='bbox 3207 4260 3359 4311; x_wconf 76' lang='grc' dir='ltr'><strong>Καὶὸ</strong></span> <span class='ocrx_word' id='word_1_604' title='bbox 3397 4259 3688 4328; x_wconf 79' lang='grc' dir='ltr'>ἀρχιερεὺς</span> 
     </span>
    </p>
   </div>
   <div class='ocr_carea' id='block_1_89' title="bbox 2128 4347 3688 4420">
    <p class='ocr_par' dir='ltr' id='par_1_89' title="bbox 2128 4347 3688 4420">
     <span class='ocr_line' id='line_1_89' title="bbox 2128 4347 3688 4420; baseline -0.003 -14"><span class='ocrx_word' id='word_1_605' title='bbox 2128 4351 2482 4419; x_wconf 71' lang='grc' dir='ltr'>ἐνδεδυμένος</span> <span class='ocrx_word' id='word_1_606' title='bbox 2509 4349 2702 4420; x_wconf 83' lang='grc' dir='ltr'>στολὴν</span> <span class='ocrx_word' id='word_1_607' title='bbox 2739 4350 2912 4419; x_wconf 75' lang='grc' dir='ltr'>ἱερὰν,</span> <span class='ocrx_word' id='word_1_608' title='bbox 2947 4350 3042 4401; x_wconf 74' lang='grc' dir='ltr'>καὶ</span> <span class='ocrx_word' id='word_1_609' title='bbox 3085 4350 3144 4402; x_wconf 73' lang='grc' dir='ltr'>τὸ</span> <span class='ocrx_word' id='word_1_610' title='bbox 3184 4347 3520 4420; x_wconf 78' lang='grc' dir='ltr'>ώροφόριον,</span> <span class='ocrx_word' id='word_1_611' title='bbox 3551 4351 3578 4402; x_wconf 84' lang='grc' dir='ltr'><strong>ὃ</strong></span> <span class='ocrx_word' id='word_1_612' title='bbox 3625 4351 3688 4419; x_wconf 81' lang='grc' dir='ltr'>δὴ</span> 
     </span>
    </p>
   </div>
   <div class='ocr_carea' id='block_1_90' title="bbox 2129 4439 3690 4513">
    <p class='ocr_par' dir='ltr' id='par_1_90' title="bbox 2129 4439 3690 4513">
     <span class='ocr_line' id='line_1_90' title="bbox 2129 4439 3690 4513; baseline -0.003 -16"><span class='ocrx_word' id='word_1_613' title='bbox 2129 4445 2221 4497; x_wconf 74' lang='grc' dir='ltr'><strong>ἐπὶ</strong></span> <span class='ocrx_word' id='word_1_614' title='bbox 2256 4446 2404 4513; x_wconf 81' lang='grc' dir='ltr'>πάσῃ</span> <span class='ocrx_word' id='word_1_615' title='bbox 2433 4443 2587 4512; x_wconf 81' lang='grc' dir='ltr'>φέρει</span> <span class='ocrx_word' id='word_1_616' title='bbox 2611 4442 2731 4512; x_wconf 77' lang='grc' dir='ltr'>ἱερᾷ</span> <span class='ocrx_word' id='word_1_617' title='bbox 2753 4441 2964 4510; x_wconf 75' lang='grc' dir='ltr'>τελετῇ,</span> <span class='ocrx_word' id='word_1_618' title='bbox 2995 4439 3154 4494; x_wconf 81' lang='grc' dir='ltr'>τοῦτο</span> <span class='ocrx_word' id='word_1_619' title='bbox 3181 4444 3288 4512; x_wconf 81' lang='grc' dir='ltr'>γὰρ</span> <span class='ocrx_word' id='word_1_620' title='bbox 3323 4445 3552 4495; x_wconf 83' lang='grc' dir='ltr'>ἐκτυποῖ</span> <span class='ocrx_word' id='word_1_621' title='bbox 3597 4442 3690 4494; x_wconf 68' lang='grc' dir='ltr'><strong>τὸν</strong></span> 
     </span>
    </p>
   </div>
   <div class='ocr_carea' id='block_1_91' title="bbox 456 4526 2030 4603">
    <p class='ocr_par' dir='ltr' id='par_1_91' title="bbox 456 4526 2024 4602">
     <span class='ocr_line' id='line_1_91' title="bbox 456 4526 2024 4602; baseline -0.008 -19"><span class='ocrx_word' id='word_1_622' title='bbox 456 4535 796 4588; x_wconf 71' lang='lat' dir='ltr'><strong>.oul‘ectiouc</strong></span> <span class='ocrx_word' id='word_1_623' title='bbox 831 4542 1044 4602; x_wconf 82' lang='lat' dir='ltr'><strong>gestare</strong></span> <span class='ocrx_word' id='word_1_624' title='bbox 1083 4532 1224 4583; x_wconf 77' lang='lat' dir='ltr'><strong>solet</strong></span> <span class='ocrx_word' id='word_1_625' title='bbox 1275 4529 1404 4596; x_wconf 93' lang='lat' dir='ltr'><strong>(hoc</strong></span> <span class='ocrx_word' id='word_1_626' title='bbox 1459 4526 1605 4580; x_wconf 90' lang='lat' dir='ltr'><strong>enim</strong></span> <span class='ocrx_word' id='word_1_627' title='bbox 1670 4529 2024 4590; x_wconf 73' lang='lat' dir='ltr'><strong>reprzcsentat</strong></span> 
     </span>
    </p>
   </div>
   <div class='ocr_carea' id='block_1_92' title="bbox 2115 4526 3692 4603">
    <p class='ocr_par' dir='ltr' id='par_1_92' title="bbox 2140 4533 3692 4603">
     <span class='ocr_line' id='line_1_92' title="bbox 2140 4533 3692 4603; baseline -0.001 -17"><span class='ocrx_word' id='word_1_628' title='bbox 2140 4533 2349 4602; x_wconf 83' lang='grc' dir='ltr'>Ἰησοῦν</span> <span class='ocrx_word' id='word_1_629' title='bbox 2395 4536 2528 4588; x_wconf 69' lang='grc' dir='ltr'>Θεὸν</span> <span class='ocrx_word' id='word_1_630' title='bbox 2569 4535 2700 4588; x_wconf 77' lang='grc' dir='ltr'>ὅντα</span> <span class='ocrx_word' id='word_1_631' title='bbox 2743 4536 2838 4587; x_wconf 77' lang='grc' dir='ltr'>καὶ</span> <span class='ocrx_word' id='word_1_632' title='bbox 2898 4535 3282 4603; x_wconf 73' lang='grc' dir='ltr'>σαρκωοέντα,</span> <span class='ocrx_word' id='word_1_633' title='bbox 3341 4537 3552 4602; x_wconf 83' lang='grc' dir='ltr'>εὐλογεῑ</span> <span class='ocrx_word' id='word_1_634' title='bbox 3603 4535 3692 4586; x_wconf 74' lang='grc' dir='ltr'>τὸν</span> 
     </span>
    </p>
   </div>
   <div class='ocr_carea' id='block_1_93' title="bbox 455 4613 2022 4688">
    <p class='ocr_par' dir='ltr' id='par_1_93' title="bbox 455 4613 2022 4688">
     <span class='ocr_line' id='line_1_93' title="bbox 455 4613 2022 4688; baseline -0.009 -8"><span class='ocrx_word' id='word_1_635' title='bbox 455 4629 638 4680; x_wconf 83' lang='lat' dir='ltr'><strong>Jesum</strong></span> <span class='ocrx_word' id='word_1_636' title='bbox 669 4627 835 4681; x_wconf 87' lang='lat' dir='ltr'><strong>Deum</strong></span> <span class='ocrx_word' id='word_1_637' title='bbox 871 4631 924 4678; x_wconf 89' lang='lat' dir='ltr'><strong>et</strong></span> <span class='ocrx_word' id='word_1_638' title='bbox 947 4623 1334 4688; x_wconf 86' lang='lat' dir='ltr'><strong>incarnatum),</strong></span> <span class='ocrx_word' id='word_1_639' title='bbox 1370 4617 1476 4672; x_wconf 91' lang='lat' dir='ltr'><strong>Deo</strong></span> <span class='ocrx_word' id='word_1_640' title='bbox 1502 4614 1794 4678; x_wconf 85' lang='lat' dir='ltr'><strong>benedicit,</strong></span> <span class='ocrx_word' id='word_1_641' title='bbox 1821 4613 2022 4681; x_wconf 78' lang='lat' dir='ltr'><strong>gratias</strong></span> 
     </span>
    </p>
   </div>
   <div class='ocr_carea' id='block_1_94' title="bbox 457 4706 2027 4784">
    <p class='ocr_par' dir='ltr' id='par_1_94' title="bbox 457 4706 2027 4784">
     <span class='ocr_line' id='line_1_94' title="bbox 457 4706 2027 4784; baseline -0.01 -11"><span class='ocrx_word' id='word_1_642' title='bbox 457 4720 850 4773; x_wconf 79' lang='lat' dir='ltr'><strong>convenienter</strong></span> <span class='ocrx_word' id='word_1_643' title='bbox 882 4730 1048 4784; x_wconf 83' lang='lat' dir='ltr'><strong>agens</strong></span> <span class='ocrx_word' id='word_1_644' title='bbox 1070 4715 1122 4767; x_wconf 91' lang='lat' dir='ltr'><strong>in</strong></span> <span class='ocrx_word' id='word_1_645' title='bbox 1155 4712 1302 4766; x_wconf 86' lang='lat' dir='ltr'><strong>omni</strong></span> <span class='ocrx_word' id='word_1_646' title='bbox 1335 4709 1429 4764; x_wconf 88' lang='lat' dir='ltr'><strong>Dei</strong></span> <span class='ocrx_word' id='word_1_647' title='bbox 1465 4723 1648 4778; x_wconf 85' lang='lat' dir='ltr'><strong>opere,</strong></span> <span class='ocrx_word' id='word_1_648' title='bbox 1677 4706 1770 4762; x_wconf 83' lang='lat' dir='ltr'><strong>sed</strong></span> <span class='ocrx_word' id='word_1_649' title='bbox 1792 4707 2027 4759; x_wconf 81' lang='lat' dir='ltr'><strong>tttaxime</strong></span> 
     </span>
    </p>
   </div>
   <div class='ocr_carea' id='block_1_95' title="bbox 460 4795 2026 4878">
    <p class='ocr_par' dir='ltr' id='par_1_95' title="bbox 460 4795 2026 4878">
     <span class='ocr_line' id='line_1_95' title="bbox 460 4795 2026 4878; baseline -0.008 -18"><span class='ocrx_word' id='word_1_650' title='bbox 460 4826 557 4878; x_wconf 92' lang='lat' dir='ltr'><strong>pro</strong></span> <span class='ocrx_word' id='word_1_651' title='bbox 589 4808 806 4860; x_wconf 84' lang='lat' dir='ltr'><strong>homine</strong></span> <span class='ocrx_word' id='word_1_652' title='bbox 838 4807 930 4874; x_wconf 89' lang='lat' dir='ltr'><strong>qui</strong></span> <span class='ocrx_word' id='word_1_653' title='bbox 965 4807 1016 4858; x_wconf 91' lang='lat' dir='ltr'><strong>in</strong></span> <span class='ocrx_word' id='word_1_654' title='bbox 1066 4807 1235 4873; x_wconf 79' lang='lat' dir='ltr'><strong>ipsius</strong></span> <span class='ocrx_word' id='word_1_655' title='bbox 1270 4803 1632 4856; x_wconf 87' lang='lat' dir='ltr'><strong>ministerium</strong></span> <span class='ocrx_word' id='word_1_656' title='bbox 1672 4798 1910 4868; x_wconf 86' lang='lat' dir='ltr'><strong>eligitur.</strong></span> <span class='ocrx_word' id='word_1_657' title='bbox 1937 4795 2026 4850; x_wconf 85' lang='lat' dir='ltr'><strong>Fi-</strong></span> 
     </span>
    </p>
   </div>
   <div class='ocr_carea' id='block_1_96' title="bbox 462 4879 2037 4965">
    <p class='ocr_par' dir='ltr' id='par_1_96' title="bbox 462 4879 2037 4965">
     <span class='ocr_line' id='line_1_96' title="bbox 462 4879 2037 4965; baseline -0.008 -11"><span class='ocrx_word' id='word_1_658' title='bbox 462 4902 574 4954; x_wconf 80' lang='lat' dir='ltr'><strong>nita</strong></span> <span class='ocrx_word' id='word_1_659' title='bbox 601 4897 837 4965; x_wconf 70' lang='lat' dir='ltr'><strong>&#39;l‘risagii</strong></span> <span class='ocrx_word' id='word_1_660' title='bbox 863 4897 1110 4951; x_wconf 90' lang='lat' dir='ltr'><strong>oratione</strong></span> <span class='ocrx_word' id='word_1_661' title='bbox 1147 4909 1175 4947; x_wconf 85' lang='lat' dir='ltr'><strong>a</strong></span> <span class='ocrx_word' id='word_1_662' title='bbox 1204 4895 1422 4948; x_wconf 78' lang='lat' dir='ltr'><strong>clericis</strong></span> <span class='ocrx_word' id='word_1_663' title='bbox 1447 4892 1732 4946; x_wconf 89' lang='lat' dir='ltr'><strong>luminaria</strong></span> <span class='ocrx_word' id='word_1_664' title='bbox 1789 4879 2037 4962; x_wconf 54' lang='lat' dir='ltr'><strong>tepenti?</strong></span> 
     </span>
    </p>
   </div>
   <div class='ocr_carea' id='block_1_97' title="bbox 463 4975 2029 5056">
    <p class='ocr_par' dir='ltr' id='par_1_97' title="bbox 463 4975 2029 5056">
     <span class='ocr_line' id='line_1_97' title="bbox 463 4975 2029 5056; baseline -0.011 -11"><span class='ocrx_word' id='word_1_665' title='bbox 463 4993 588 5055; x_wconf 90' lang='lat' dir='ltr'><strong>bus,</strong></span> <span class='ocrx_word' id='word_1_666' title='bbox 622 4988 748 5056; x_wconf 88' lang='lat' dir='ltr'><strong>quia</strong></span> <span class='ocrx_word' id='word_1_667' title='bbox 797 4994 908 5038; x_wconf 86' lang='lat' dir='ltr'><strong>tum</strong></span> <span class='ocrx_word' id='word_1_668' title='bbox 941 4983 1268 5036; x_wconf 89' lang='lat' dir='ltr'><strong>illuminatio</strong></span> <span class='ocrx_word' id='word_1_669' title='bbox 1306 4983 1364 5036; x_wconf 84' lang='lat' dir='ltr'><strong>lit</strong></span> <span class='ocrx_word' id='word_1_670' title='bbox 1393 4990 1446 5035; x_wconf 92' lang='lat' dir='ltr'><strong>et</strong></span> <span class='ocrx_word' id='word_1_671' title='bbox 1482 4980 1654 5048; x_wconf 89' lang='lat' dir='ltr'><strong>gratia</strong></span> <span class='ocrx_word' id='word_1_672' title='bbox 1705 4975 2029 5031; x_wconf 87' lang='lat' dir='ltr'><strong>communi-</strong></span> 
     </span>
    </p>
   </div>
   <div class='ocr_carea' id='block_1_98' title="bbox 462 5064 2028 5144">
    <p class='ocr_par' dir='ltr' id='par_1_98' title="bbox 462 5064 2028 5144">
     <span class='ocr_line' id='line_1_98' title="bbox 462 5064 2028 5144; baseline -0.008 -13"><span class='ocrx_word' id='word_1_673' title='bbox 462 5087 638 5140; x_wconf 88' lang='lat' dir='ltr'><strong>catur,</strong></span> <span class='ocrx_word' id='word_1_674' title='bbox 671 5076 963 5144; x_wconf 85' lang='lat' dir='ltr'><strong>episcopus</strong></span> <span class='ocrx_word' id='word_1_675' title='bbox 1018 5079 1226 5124; x_wconf 87' lang='lat' dir='ltr'><strong>vestem</strong></span> <span class='ocrx_word' id='word_1_676' title='bbox 1286 5073 1499 5138; x_wconf 85' lang='lat' dir='ltr'><strong>nigram</strong></span> <span class='ocrx_word' id='word_1_677' title='bbox 1535 5083 1656 5137; x_wconf 64' lang='lat' dir='ltr'><strong>quae</strong></span> <span class='ocrx_word' id='word_1_678' title='bbox 1700 5064 2028 5119; x_wconf 84' lang='lat' dir='ltr'><strong>humilitatis</strong></span> 
     </span>
    </p>
   </div>
   <div class='ocr_carea' id='block_1_99' title="bbox 464 5158 2028 5238">
    <p class='ocr_par' dir='ltr' id='par_1_99' title="bbox 464 5158 2028 5238">
     <span class='ocr_line' id='line_1_99' title="bbox 464 5158 2028 5238; baseline -0.01 -13"><span class='ocrx_word' id='word_1_679' title='bbox 464 5183 518 5225; x_wconf 88' lang='lat' dir='ltr'><strong>et</strong></span> <span class='ocrx_word' id='word_1_680' title='bbox 553 5167 793 5238; x_wconf 84' lang='lat' dir='ltr'><strong>religiosi</strong></span> <span class='ocrx_word' id='word_1_681' title='bbox 838 5163 1051 5220; x_wconf 81' lang='lat' dir='ltr'><strong>timoris</strong></span> <span class='ocrx_word' id='word_1_682' title='bbox 1104 5163 1412 5232; x_wconf 77' lang='lat' dir='ltr'><strong>symbolum</strong></span> <span class='ocrx_word' id='word_1_683' title='bbox 1469 5172 1572 5224; x_wconf 88' lang='lat' dir='ltr'><strong>est,</strong></span> <span class='ocrx_word' id='word_1_684' title='bbox 1633 5158 1926 5222; x_wconf 85' lang='lat' dir='ltr'><strong>benedicit,</strong></span> <span class='ocrx_word' id='word_1_685' title='bbox 1973 5164 2028 5210; x_wconf 88' lang='lat' dir='ltr'><strong>et</strong></span> 
     </span>
    </p>
   </div>
   <div class='ocr_carea' id='block_1_100' title="bbox 465 5247 2030 5326">
    <p class='ocr_par' dir='ltr' id='par_1_100' title="bbox 465 5247 2030 5326">
     <span class='ocr_line' id='line_1_100' title="bbox 465 5247 2030 5326; baseline -0.012 -9"><span class='ocrx_word' id='word_1_686' title='bbox 465 5255 1082 5326; x_wconf 82' lang='lat' dir='ltr'><strong>consecrandumjubet</strong></span> <span class='ocrx_word' id='word_1_687' title='bbox 1115 5269 1234 5308; x_wconf 91' lang='lat' dir='ltr'><strong>eam</strong></span> <span class='ocrx_word' id='word_1_688' title='bbox 1289 5252 1533 5306; x_wconf 90' lang='lat' dir='ltr'><strong>induere.</strong></span> <span class='ocrx_word' id='word_1_689' title='bbox 1587 5250 1706 5316; x_wconf 76' lang='lat' dir='ltr'><strong>Quo</strong></span> <span class='ocrx_word' id='word_1_690' title='bbox 1757 5249 1902 5302; x_wconf 81' lang='lat' dir='ltr'><strong>facto</strong></span> <span class='ocrx_word' id='word_1_691' title='bbox 1963 5247 2030 5299; x_wconf 88' lang='lat' dir='ltr'><strong>ad</strong></span> 
     </span>
    </p>
   </div>
   <div class='ocr_carea' id='block_1_101' title="bbox 464 5340 2030 5413">
    <p class='ocr_par' dir='ltr' id='par_1_101' title="bbox 464 5340 2030 5413">
     <span class='ocr_line' id='line_1_101' title="bbox 464 5340 2030 5413; baseline -0.013 -3"><span class='ocrx_word' id='word_1_692' title='bbox 464 5374 588 5411; x_wconf 88' lang='lat' dir='ltr'><strong>eum</strong></span> <span class='ocrx_word' id='word_1_693' title='bbox 623 5354 938 5413; x_wconf 89' lang='lat' dir='ltr'><strong>adducitur,</strong></span> <span class='ocrx_word' id='word_1_694' title='bbox 967 5358 1021 5403; x_wconf 87' lang='lat' dir='ltr'><strong>et</strong></span> <span class='ocrx_word' id='word_1_695' title='bbox 1047 5347 1408 5408; x_wconf 85' lang='lat' dir='ltr'><strong>benedicitur,</strong></span> <span class='ocrx_word' id='word_1_696' title='bbox 1441 5343 1598 5412; x_wconf 89' lang='lat' dir='ltr'><strong>signo</strong></span> <span class='ocrx_word' id='word_1_697' title='bbox 1632 5341 1813 5394; x_wconf 88' lang='lat' dir='ltr'><strong>crucis</strong></span> <span class='ocrx_word' id='word_1_698' title='bbox 1843 5340 1912 5393; x_wconf 87' lang='lat' dir='ltr'><strong>ab</strong></span> <span class='ocrx_word' id='word_1_699' title='bbox 1965 5352 2030 5390; x_wconf 91' lang='lat' dir='ltr'><strong>eo</strong></span> 
     </span>
    </p>
   </div>
   <div class='ocr_carea' id='block_1_102' title="bbox 467 5429 2028 5513">
    <p class='ocr_par' dir='ltr' id='par_1_102' title="bbox 467 5429 2028 5513">
     <span class='ocr_line' id='line_1_102' title="bbox 467 5429 2028 5513; baseline -0.013 -13"><span class='ocrx_word' id='word_1_700' title='bbox 467 5458 546 5501; x_wconf 84' lang='lat' dir='ltr'><strong>ter</strong></span> <span class='ocrx_word' id='word_1_701' title='bbox 580 5461 740 5498; x_wconf 87' lang='lat' dir='ltr'><strong>manu</strong></span> <span class='ocrx_word' id='word_1_702' title='bbox 774 5451 1029 5513; x_wconf 84' lang='lat' dir='ltr'><strong>peracto:</strong></span> <span class='ocrx_word' id='word_1_703' title='bbox 1059 5449 1244 5510; x_wconf 89' lang='lat' dir='ltr'><strong>postea</strong></span> <span class='ocrx_word' id='word_1_704' title='bbox 1277 5437 1618 5506; x_wconf 79' lang='lat' dir='ltr'><strong>obsignatur.</strong></span> <span class='ocrx_word' id='word_1_705' title='bbox 1643 5432 1855 5487; x_wconf 83' lang='lat' dir='ltr'><strong>Tondet</strong></span> <span class='ocrx_word' id='word_1_706' title='bbox 1885 5429 2028 5484; x_wconf 90' lang='lat' dir='ltr'><strong>enim</strong></span> 
     </span>
    </p>
   </div>
   <div class='ocr_carea' id='block_1_103' title="bbox 463 5523 2029 5609">
    <p class='ocr_par' dir='ltr' id='par_1_103' title="bbox 463 5523 2029 5609">
     <span class='ocr_line' id='line_1_103' title="bbox 463 5523 2029 5609; baseline -0.011 -17"><span class='ocrx_word' id='word_1_707' title='bbox 463 5541 752 5609; x_wconf 76' lang='lat' dir='ltr'><strong>episcopus</strong></span> <span class='ocrx_word' id='word_1_708' title='bbox 788 5535 1014 5604; x_wconf 88' lang='lat' dir='ltr'><strong>capillos</strong></span> <span class='ocrx_word' id='word_1_709' title='bbox 1046 5531 1240 5601; x_wconf 84' lang='lat' dir='ltr'><strong>capitis</strong></span> <span class='ocrx_word' id='word_1_710' title='bbox 1299 5530 1417 5599; x_wconf 83' lang='lat' dir='ltr'><strong>ejus</strong></span> <span class='ocrx_word' id='word_1_711' title='bbox 1451 5529 1503 5581; x_wconf 94' lang='lat' dir='ltr'><strong>in</strong></span> <span class='ocrx_word' id='word_1_712' title='bbox 1548 5528 1775 5596; x_wconf 73' lang='lat' dir='ltr'><strong>liguram</strong></span> <span class='ocrx_word' id='word_1_713' title='bbox 1826 5523 2029 5587; x_wconf 88' lang='lat' dir='ltr'><strong>crucis,</strong></span> 
     </span>
    </p>
   </div>
   <div class='ocr_carea' id='block_1_104' title="bbox 466 5623 2032 5683">
    <p class='ocr_par' dir='ltr' id='par_1_104' title="bbox 466 5623 2032 5683">
     <span class='ocr_line' id='line_1_104' title="bbox 466 5623 2032 5683; baseline -0.011 -1"><span class='ocrx_word' id='word_1_714' title='bbox 466 5630 705 5682; x_wconf 64' lang='lat' dir='ltr'><strong>divinum</strong></span> <span class='ocrx_word' id='word_1_715' title='bbox 737 5637 788 5682; x_wconf 92' lang='lat' dir='ltr'><strong>et</strong></span> <span class='ocrx_word' id='word_1_716' title='bbox 812 5627 1148 5681; x_wconf 89' lang='lat' dir='ltr'><strong>tremendum</strong></span> <span class='ocrx_word' id='word_1_717' title='bbox 1173 5623 1460 5676; x_wconf 83' lang='lat' dir='ltr'><strong>Trinitatis</strong></span> <span class='ocrx_word' id='word_1_718' title='bbox 1500 5633 1699 5673; x_wconf 85' lang='lat' dir='ltr'><strong>nomen</strong></span> <span class='ocrx_word' id='word_1_719' title='bbox 1722 5630 1886 5683; x_wconf 65' lang='grc' dir='ltr'>ευμεν</span> <span class='ocrx_word' id='word_1_720' title='bbox 1909 5629 2032 5668; x_wconf 88' lang='lat' dir='ltr'><strong>cmn</strong></span> 
     </span>
    </p>
   </div>
   <div class='ocr_carea' id='block_1_105' title="bbox 468 5709 2032 5787">
    <p class='ocr_par' dir='ltr' id='par_1_105' title="bbox 468 5709 2032 5787">
     <span class='ocr_line' id='line_1_105' title="bbox 468 5709 2032 5787; baseline -0.01 -17"><span class='ocrx_word' id='word_1_721' title='bbox 468 5719 752 5780; x_wconf 74' lang='lat' dir='ltr'><strong>invocans,</strong></span> <span class='ocrx_word' id='word_1_722' title='bbox 797 5733 861 5772; x_wconf 83' lang='lat' dir='ltr'><strong>ex</strong></span> <span class='ocrx_word' id='word_1_723' title='bbox 897 5733 1000 5787; x_wconf 88' lang='lat' dir='ltr'><strong>qua</strong></span> <span class='ocrx_word' id='word_1_724' title='bbox 1031 5717 1208 5770; x_wconf 90' lang='lat' dir='ltr'><strong>omnis</strong></span> <span class='ocrx_word' id='word_1_725' title='bbox 1244 5729 1399 5768; x_wconf 81' lang='lat' dir='ltr'><strong>saera</strong></span> <span class='ocrx_word' id='word_1_726' title='bbox 1433 5709 1778 5765; x_wconf 87' lang='lat' dir='ltr'><strong>consecratio</strong></span> <span class='ocrx_word' id='word_1_727' title='bbox 1812 5716 1865 5761; x_wconf 92' lang='lat' dir='ltr'><strong>ct</strong></span> <span class='ocrx_word' id='word_1_728' title='bbox 1913 5721 2032 5775; x_wconf 59' lang='lat' dir='ltr'><strong>my.</strong></span> 
     </span>
    </p>
   </div>
   <div class='ocr_carea' id='block_1_106' title="bbox 471 5796 2026 5875">
    <p class='ocr_par' dir='ltr' id='par_1_106' title="bbox 471 5796 2026 5875">
     <span class='ocr_line' id='line_1_106' title="bbox 471 5796 2026 5875; baseline -0.009 -11"><span class='ocrx_word' id='word_1_729' title='bbox 471 5806 718 5864; x_wconf 72' lang='lat' dir='ltr'><strong>stt-rium.</strong></span> <span class='ocrx_word' id='word_1_730' title='bbox 749 5805 986 5862; x_wconf 76' lang='lat' dir='ltr'><strong>Primum</strong></span> <span class='ocrx_word' id='word_1_731' title='bbox 1016 5806 1232 5875; x_wconf 87' lang='lat' dir='ltr'><strong>quidem</strong></span> <span class='ocrx_word' id='word_1_732' title='bbox 1260 5802 1486 5871; x_wconf 86' lang='lat' dir='ltr'><strong>capillos</strong></span> <span class='ocrx_word' id='word_1_733' title='bbox 1517 5802 1571 5854; x_wconf 90' lang='lat' dir='ltr'><strong>in</strong></span> <span class='ocrx_word' id='word_1_734' title='bbox 1605 5798 1808 5853; x_wconf 83' lang='lat' dir='ltr'><strong>vertice</strong></span> <span class='ocrx_word' id='word_1_735' title='bbox 1834 5796 2026 5866; x_wconf 80' lang='lat' dir='ltr'><strong>capitis</strong></span> 
     </span>
    </p>
   </div>
   <div class='ocr_carea' id='block_1_107' title="bbox 2128 4616 3690 4697">
    <p class='ocr_par' dir='ltr' id='par_1_107' title="bbox 2128 4616 3690 4697">
     <span class='ocr_line' id='line_1_107' title="bbox 2128 4616 3690 4697; baseline -0.001 -19"><span class='ocrx_word' id='word_1_736' title='bbox 2128 4627 2262 4680; x_wconf 72' lang='grc' dir='ltr'>Θεὸν</span> <span class='ocrx_word' id='word_1_737' title='bbox 2297 4627 2640 4697; x_wconf 82' lang='grc' dir='ltr'>εὐχαριστῶν</span> <span class='ocrx_word' id='word_1_738' title='bbox 2663 4627 2942 4695; x_wconf 76' lang='grc' dir='ltr'><strong>ἁρμοδίως</strong></span> <span class='ocrx_word' id='word_1_739' title='bbox 3003 4616 3108 4678; x_wconf 61' lang='grc' dir='ltr'>ἐπι</span> <span class='ocrx_word' id='word_1_740' title='bbox 3137 4628 3304 4679; x_wconf 73' lang='grc' dir='ltr'>παντὶ</span> <span class='ocrx_word' id='word_1_741' title='bbox 3353 4628 3501 4697; x_wconf 82' lang='grc' dir='ltr'>ἔργῳ</span> <span class='ocrx_word' id='word_1_742' title='bbox 3536 4625 3690 4687; x_wconf 82' lang='grc' dir='ltr'>Θεοῦ,</span> 
     </span>
    </p>
   </div>
   <div class='ocr_carea' id='block_1_108' title="bbox 2129 4714 3694 4784">
    <p class='ocr_par' dir='ltr' id='par_1_108' title="bbox 2129 4714 3694 4784">
     <span class='ocr_line' id='line_1_108' title="bbox 2129 4714 3694 4784; baseline -0.001 -16"><span class='ocrx_word' id='word_1_743' title='bbox 2129 4715 2224 4768; x_wconf 75' lang='grc' dir='ltr'>καὶ</span> <span class='ocrx_word' id='word_1_744' title='bbox 2251 4715 2487 4784; x_wconf 84' lang='grc' dir='ltr'>μάλιστα</span> <span class='ocrx_word' id='word_1_745' title='bbox 2512 4717 2603 4768; x_wconf 81' lang='grc' dir='ltr'><strong>ἐπὶ</strong></span> <span class='ocrx_word' id='word_1_746' title='bbox 2631 4714 2904 4784; x_wconf 82' lang='grc' dir='ltr'>ἀνθρώπῳ</span> <span class='ocrx_word' id='word_1_747' title='bbox 2929 4717 3007 4777; x_wconf 87' lang='grc' dir='ltr'>εἰς</span> <span class='ocrx_word' id='word_1_748' title='bbox 3026 4715 3331 4784; x_wconf 81' lang='grc' dir='ltr'>ὑπηρεσίαν</span> <span class='ocrx_word' id='word_1_749' title='bbox 3355 4715 3694 4784; x_wconf 71' lang='grc' dir='ltr'>ικλεγομένῳ</span> 
     </span>
    </p>
   </div>
   <div class='ocr_carea' id='block_1_109' title="bbox 2128 4805 3696 4876">
    <p class='ocr_par' dir='ltr' id='par_1_109' title="bbox 2128 4805 3696 4876">
     <span class='ocr_line' id='line_1_109' title="bbox 2128 4805 3696 4876; baseline -0.001 -18"><span class='ocrx_word' id='word_1_750' title='bbox 2128 4806 2315 4862; x_wconf 82' lang='grc' dir='ltr'>αὐτοῦ.</span> <span class='ocrx_word' id='word_1_751' title='bbox 2349 4806 2460 4859; x_wconf 79' lang='lat' dir='ltr'><strong>Kal</strong></span> <span class='ocrx_word' id='word_1_752' title='bbox 2484 4806 2586 4874; x_wconf 74' lang='grc' dir='ltr'><strong>τῆς</strong></span> <span class='ocrx_word' id='word_1_753' title='bbox 2618 4807 2930 4875; x_wconf 85' lang='grc' dir='ltr'>προσευχῆς</span> <span class='ocrx_word' id='word_1_754' title='bbox 2954 4805 3048 4857; x_wconf 82' lang='grc' dir='ltr'>τοῦ</span> <span class='ocrx_word' id='word_1_755' title='bbox 3093 4806 3392 4876; x_wconf 81' lang='grc' dir='ltr'>Τρισαγίου</span> <span class='ocrx_word' id='word_1_756' title='bbox 3421 4807 3570 4873; x_wconf 72' lang='grc' dir='ltr'>παρὰ</span> <span class='ocrx_word' id='word_1_757' title='bbox 3589 4805 3696 4856; x_wconf 77' lang='grc' dir='ltr'><strong>τῶν</strong></span> 
     </span>
    </p>
   </div>
   <div class='ocr_carea' id='block_1_110' title="bbox 2130 4896 3696 4966">
    <p class='ocr_par' dir='ltr' id='par_1_110' title="bbox 2130 4896 3696 4966">
     <span class='ocr_line' id='line_1_110' title="bbox 2130 4896 3696 4966; baseline -0.001 -16"><span class='ocrx_word' id='word_1_758' title='bbox 2130 4897 2412 4965; x_wconf 80' lang='grc' dir='ltr'>κληρικῶν</span> <span class='ocrx_word' id='word_1_759' title='bbox 2443 4896 2816 4964; x_wconf 79' lang='grc' dir='ltr'>τελεσθείσης,</span> <span class='ocrx_word' id='word_1_760' title='bbox 2872 4897 3029 4964; x_wconf 76' lang='grc' dir='ltr'>φῶτα</span> <span class='ocrx_word' id='word_1_761' title='bbox 3068 4897 3442 4966; x_wconf 81' lang='grc' dir='ltr'>κρατούντων,</span> <span class='ocrx_word' id='word_1_762' title='bbox 3475 4897 3555 4948; x_wconf 85' lang='grc' dir='ltr'><strong>ὅτι</strong></span> <span class='ocrx_word' id='word_1_763' title='bbox 3587 4913 3696 4962; x_wconf 72' lang='grc' dir='ltr'>φω-</span> 
     </span>
    </p>
   </div>
   <div class='ocr_carea' id='block_1_111' title="bbox 2129 4987 3698 5058">
    <p class='ocr_par' dir='ltr' id='par_1_111' title="bbox 2129 4987 3698 5058">
     <span class='ocr_line' id='line_1_111' title="bbox 2129 4987 3698 5058; baseline -0.001 -18"><span class='ocrx_word' id='word_1_764' title='bbox 2129 4991 2324 5058; x_wconf 75' lang='grc' dir='ltr'>τισμὸς</span> <span class='ocrx_word' id='word_1_765' title='bbox 2354 4989 2566 5056; x_wconf 85' lang='grc' dir='ltr'>γίνεται</span> <span class='ocrx_word' id='word_1_766' title='bbox 2591 4988 2686 5040; x_wconf 82' lang='grc' dir='ltr'>καὶ</span> <span class='ocrx_word' id='word_1_767' title='bbox 2721 4987 2924 5040; x_wconf 85' lang='grc' dir='ltr'>δίδοται</span> <span class='ocrx_word' id='word_1_768' title='bbox 2958 4987 3134 5056; x_wconf 80' lang='grc' dir='ltr'>χάρις,</span> <span class='ocrx_word' id='word_1_769' title='bbox 3166 4991 3193 5040; x_wconf 87' lang='grc' dir='ltr'>ὁ</span> <span class='ocrx_word' id='word_1_770' title='bbox 3250 4988 3512 5057; x_wconf 83' lang='grc' dir='ltr'>ίεράρχης</span> <span class='ocrx_word' id='word_1_771' title='bbox 3571 4987 3698 5054; x_wconf 70' lang='grc' dir='ltr'><strong>ἱμά-</strong></span> 
     </span>
    </p>
   </div>
   <div class='ocr_carea' id='block_1_112' title="bbox 2133 5071 3698 5149">
    <p class='ocr_par' dir='ltr' id='par_1_112' title="bbox 2133 5071 3698 5149">
     <span class='ocr_line' id='line_1_112' title="bbox 2133 5071 3698 5149; baseline -0.001 -17"><span class='ocrx_word' id='word_1_772' title='bbox 2133 5095 2248 5132; x_wconf 90' lang='grc' dir='ltr'>τιον</span> <span class='ocrx_word' id='word_1_773' title='bbox 2281 5079 2590 5149; x_wconf 84' lang='grc' dir='ltr'>εὐλογήσας</span> <span class='ocrx_word' id='word_1_774' title='bbox 2636 5078 2828 5148; x_wconf 79' lang='grc' dir='ltr'>μέλαν,</span> <span class='ocrx_word' id='word_1_775' title='bbox 2893 5078 3107 5132; x_wconf 86' lang='grc' dir='ltr'>κελεύει</span> <span class='ocrx_word' id='word_1_776' title='bbox 3156 5071 3318 5132; x_wconf 75' lang='grc' dir='ltr'>τοῦτο</span> <span class='ocrx_word' id='word_1_777' title='bbox 3378 5078 3698 5131; x_wconf 76' lang='grc' dir='ltr'>ἐνδύσασθαι</span> 
     </span>
    </p>
   </div>
   <div class='ocr_carea' id='block_1_113' title="bbox 2136 5165 3700 5240">
    <p class='ocr_par' dir='ltr' id='par_1_113' title="bbox 2136 5165 3700 5240">
     <span class='ocr_line' id='line_1_113' title="bbox 2136 5165 3700 5240; baseline 0.001 -20"><span class='ocrx_word' id='word_1_778' title='bbox 2136 5169 2227 5223; x_wconf 74' lang='grc' dir='ltr'>τὸν</span> <span class='ocrx_word' id='word_1_779' title='bbox 2255 5169 2603 5238; x_wconf 81' lang='grc' dir='ltr'>τελούμενον,</span> <span class='ocrx_word' id='word_1_780' title='bbox 2629 5170 2690 5221; x_wconf 82' lang='grc' dir='ltr'>τὸ</span> <span class='ocrx_word' id='word_1_781' title='bbox 2716 5165 2971 5223; x_wconf 81' lang='grc' dir='ltr'>ταπεινὸν</span> <span class='ocrx_word' id='word_1_782' title='bbox 3012 5171 3106 5223; x_wconf 82' lang='grc' dir='ltr'><strong>καὶ</strong></span> <span class='ocrx_word' id='word_1_783' title='bbox 3139 5170 3373 5233; x_wconf 77' lang='grc' dir='ltr'>εὐλαϐὲς</span> <span class='ocrx_word' id='word_1_784' title='bbox 3403 5173 3502 5240; x_wconf 78' lang='grc' dir='ltr'><strong>τῆς</strong></span> <span class='ocrx_word' id='word_1_785' title='bbox 3553 5169 3700 5237; x_wconf 80' lang='grc' dir='ltr'>ζωῆς</span> 
     </span>
    </p>
   </div>
   <div class='ocr_carea' id='block_1_114' title="bbox 2133 5258 3702 5332">
    <p class='ocr_par' dir='ltr' id='par_1_114' title="bbox 2133 5258 3702 5332">
     <span class='ocr_line' id='line_1_114' title="bbox 2133 5258 3702 5332; baseline 0.001 -20"><span class='ocrx_word' id='word_1_786' title='bbox 2133 5260 2424 5328; x_wconf 81' lang='grc' dir='ltr'>δηλοῦντος</span> <span class='ocrx_word' id='word_1_787' title='bbox 2449 5259 2545 5312; x_wconf 83' lang='grc' dir='ltr'><strong>τοῦ</strong></span> <span class='ocrx_word' id='word_1_788' title='bbox 2587 5262 2836 5332; x_wconf 72' lang='grc' dir='ltr'>μέλανος.</span> <span class='ocrx_word' id='word_1_789' title='bbox 2891 5258 3027 5316; x_wconf 82' lang='grc' dir='ltr'>Εἶτα</span> <span class='ocrx_word' id='word_1_790' title='bbox 3076 5262 3268 5331; x_wconf 78' lang='grc' dir='ltr'>ἄγεται</span> <span class='ocrx_word' id='word_1_791' title='bbox 3297 5265 3325 5315; x_wconf 90' lang='grc' dir='ltr'><strong>ὁ</strong></span> <span class='ocrx_word' id='word_1_792' title='bbox 3379 5261 3702 5331; x_wconf 87' lang='grc' dir='ltr'>τελούμενος</span> 
     </span>
    </p>
   </div>
   <div class='ocr_carea' id='block_1_115' title="bbox 2135 5347 3702 5420">
    <p class='ocr_par' dir='ltr' id='par_1_115' title="bbox 2135 5347 3702 5420">
     <span class='ocr_line' id='line_1_115' title="bbox 2135 5347 3702 5420; baseline 0.001 -20"><span class='ocrx_word' id='word_1_793' title='bbox 2135 5348 2272 5417; x_wconf 70' lang='grc' dir='ltr'>πρὸς</span> <span class='ocrx_word' id='word_1_794' title='bbox 2302 5347 2487 5412; x_wconf 69' lang='grc' dir='ltr'>αὐτὸν,</span> <span class='ocrx_word' id='word_1_795' title='bbox 2523 5352 2617 5401; x_wconf 70' lang='grc' dir='ltr'>καὶ</span> <span class='ocrx_word' id='word_1_796' title='bbox 2657 5347 2964 5416; x_wconf 89' lang='grc' dir='ltr'>εὐλογεῖται</span> <span class='ocrx_word' id='word_1_797' title='bbox 3008 5352 3073 5420; x_wconf 80' lang='grc' dir='ltr'><strong>τῇ</strong></span> <span class='ocrx_word' id='word_1_798' title='bbox 3111 5351 3256 5420; x_wconf 74' lang='grc' dir='ltr'>χειρὶ</span> <span class='ocrx_word' id='word_1_799' title='bbox 3290 5349 3449 5418; x_wconf 74' lang='lat'><strong>139</strong></span> <span class='ocrx_word' id='word_1_800' title='bbox 3477 5365 3702 5420; x_wconf 80' lang='grc' dir='ltr'>σταυρο-</span> 
     </span>
    </p>
   </div>
   <div class='ocr_carea' id='block_1_116' title="bbox 2135 5429 3702 5510">
    <p class='ocr_par' dir='ltr' id='par_1_116' title="bbox 2135 5429 3702 5510">
     <span class='ocr_line' id='line_1_116' title="bbox 2135 5429 3702 5510; baseline 0 -19"><span class='ocrx_word' id='word_1_801' title='bbox 2135 5439 2290 5502; x_wconf 80' lang='grc' dir='ltr'>ειδῶς</span> <span class='ocrx_word' id='word_1_802' title='bbox 2320 5439 2449 5508; x_wconf 84' lang='grc' dir='ltr'>παρ’</span> <span class='ocrx_word' id='word_1_803' title='bbox 2476 5429 2644 5493; x_wconf 80' lang='grc' dir='ltr'>αὐτόῦ</span> <span class='ocrx_word' id='word_1_804' title='bbox 2676 5441 2817 5507; x_wconf 84' lang='grc' dir='ltr'>τρίς.</span> <span class='ocrx_word' id='word_1_805' title='bbox 2854 5438 2984 5494; x_wconf 74' lang='grc' dir='ltr'>Εἶτα</span> <span class='ocrx_word' id='word_1_806' title='bbox 3015 5442 3108 5493; x_wconf 75' lang='grc' dir='ltr'>καὶ</span> <span class='ocrx_word' id='word_1_807' title='bbox 3157 5442 3540 5510; x_wconf 75' lang='grc' dir='ltr'>σφραγίζεται.</span> <span class='ocrx_word' id='word_1_808' title='bbox 3568 5441 3702 5494; x_wconf 75' lang='grc' dir='ltr'>Κείσ-</span> 
     </span>
    </p>
   </div>
   <div class='ocr_carea' id='block_1_117' title="bbox 2138 5529 3700 5603">
    <p class='ocr_par' dir='ltr' id='par_1_117' title="bbox 2138 5529 3700 5603">
     <span class='ocr_line' id='line_1_117' title="bbox 2138 5529 3700 5603; baseline 0.003 -22"><span class='ocrx_word' id='word_1_809' title='bbox 2138 5548 2220 5600; x_wconf 90' lang='grc' dir='ltr'><strong>ρει</strong></span> <span class='ocrx_word' id='word_1_810' title='bbox 2255 5529 2364 5600; x_wconf 75' lang='grc' dir='ltr'><strong>γὰρ</strong></span> <span class='ocrx_word' id='word_1_811' title='bbox 2389 5531 2486 5593; x_wconf 74' lang='grc' dir='ltr'>τὰς</span> <span class='ocrx_word' id='word_1_812' title='bbox 2517 5530 2689 5584; x_wconf 83' lang='grc' dir='ltr'>αὐτοῦ</span> <span class='ocrx_word' id='word_1_813' title='bbox 2719 5533 2912 5602; x_wconf 82' lang='grc' dir='ltr'>τρίχας</span> <span class='ocrx_word' id='word_1_814' title='bbox 2937 5533 3038 5600; x_wconf 87' lang='grc' dir='ltr'><strong>τῆς</strong></span> <span class='ocrx_word' id='word_1_815' title='bbox 3062 5533 3304 5601; x_wconf 83' lang='grc' dir='ltr'>κεφαλῆς</span> <span class='ocrx_word' id='word_1_816' title='bbox 3333 5534 3700 5603; x_wconf 71' lang='grc' dir='ltr'>σταυροειδῶς</span> 
     </span>
    </p>
   </div>
   <div class='ocr_carea' id='block_1_118' title="bbox 2135 5623 3704 5694">
    <p class='ocr_par' dir='ltr' id='par_1_118' title="bbox 2135 5623 3704 5694">
     <span class='ocr_line' id='line_1_118' title="bbox 2135 5623 3704 5694; baseline 0.001 -20"><span class='ocrx_word' id='word_1_817' title='bbox 2135 5625 2162 5674; x_wconf 78' lang='grc' dir='ltr'>ὁ</span> <span class='ocrx_word' id='word_1_818' title='bbox 2190 5623 2503 5691; x_wconf 71' lang='grc' dir='ltr'>ἀρχιερεὺς,</span> <span class='ocrx_word' id='word_1_819' title='bbox 2548 5623 2609 5675; x_wconf 73' lang='grc' dir='ltr'><strong>τὸ</strong></span> <span class='ocrx_word' id='word_1_820' title='bbox 2633 5623 2773 5676; x_wconf 84' lang='grc' dir='ltr'>θεῖον</span> <span class='ocrx_word' id='word_1_821' title='bbox 2805 5627 2896 5677; x_wconf 79' lang='grc' dir='ltr'>καὶ</span> <span class='ocrx_word' id='word_1_822' title='bbox 2931 5627 3158 5694; x_wconf 70' lang='grc' dir='ltr'>φρικτὸν</span> <span class='ocrx_word' id='word_1_823' title='bbox 3203 5624 3376 5694; x_wconf 73' lang='grc' dir='ltr'>ὄνομα</span> <span class='ocrx_word' id='word_1_824' title='bbox 3433 5627 3704 5691; x_wconf 69' lang='grc' dir='ltr'>ἐπιλέγων</span> 
     </span>
    </p>
   </div>
   <div class='ocr_carea' id='block_1_119' title="bbox 2136 5711 3702 5785">
    <p class='ocr_par' dir='ltr' id='par_1_119' title="bbox 2136 5711 3702 5785">
     <span class='ocr_line' id='line_1_119' title="bbox 2136 5711 3702 5785; baseline 0.002 -20"><span class='ocrx_word' id='word_1_825' title='bbox 2136 5712 2284 5780; x_wconf 82' lang='grc' dir='ltr'>αὐτῷ</span> <span class='ocrx_word' id='word_1_826' title='bbox 2325 5713 2423 5781; x_wconf 76' lang='grc' dir='ltr'><strong>τῆς</strong></span> <span class='ocrx_word' id='word_1_827' title='bbox 2479 5712 2732 5784; x_wconf 83' lang='grc' dir='ltr'>Τριάδος,</span> <span class='ocrx_word' id='word_1_828' title='bbox 2771 5715 2827 5780; x_wconf 79' lang='grc' dir='ltr'><strong>ἐξ</strong></span> <span class='ocrx_word' id='word_1_829' title='bbox 2874 5711 2940 5785; x_wconf 80' lang='grc' dir='ltr'>ἦς</span> <span class='ocrx_word' id='word_1_830' title='bbox 2996 5717 3144 5768; x_wconf 84' lang='grc' dir='ltr'>πᾶσα</span> <span class='ocrx_word' id='word_1_831' title='bbox 3207 5717 3327 5785; x_wconf 66' lang='grc' dir='ltr'>ἱερὰ</span> <span class='ocrx_word' id='word_1_832' title='bbox 3363 5715 3554 5784; x_wconf 77' lang='grc' dir='ltr'>τελετὴ</span> <span class='ocrx_word' id='word_1_833' title='bbox 3609 5717 3702 5768; x_wconf 77' lang='grc' dir='ltr'>καὶ</span> 
     </span>
    </p>
   </div>
   <div class='ocr_carea' id='block_1_120' title="bbox 2142 5804 3704 5878">
    <p class='ocr_par' dir='ltr' id='par_1_120' title="bbox 2142 5804 3704 5878">
     <span class='ocr_line' id='line_1_120' title="bbox 2142 5804 3704 5878; baseline 0.003 -24"><span class='ocrx_word' id='word_1_834' title='bbox 2142 5804 2464 5874; x_wconf 71' lang='grc' dir='ltr'>μυστήριον.</span> <span class='ocrx_word' id='word_1_835' title='bbox 2502 5805 2611 5858; x_wconf 78' lang='lat' dir='ltr'><strong>Kal</strong></span> <span class='ocrx_word' id='word_1_836' title='bbox 2645 5807 2860 5874; x_wconf 76' lang='grc' dir='ltr'>πρῶτον</span> <span class='ocrx_word' id='word_1_837' title='bbox 2895 5811 2994 5878; x_wconf 75' lang='grc' dir='ltr'><strong>μὲν</strong></span> <span class='ocrx_word' id='word_1_838' title='bbox 3035 5807 3175 5859; x_wconf 71' lang='grc' dir='ltr'>κειτά</span> <span class='ocrx_word' id='word_1_839' title='bbox 3225 5809 3470 5877; x_wconf 68' lang='grc' dir='ltr'>κορυφὴν</span> <span class='ocrx_word' id='word_1_840' title='bbox 3504 5807 3704 5875; x_wconf 74' lang='grc' dir='ltr'>κείρων</span> 
     </span>
    </p>
   </div>
  </div>
