4114 6272
503 345 610 411 365

1561 342 1658 403 DE
1694 340 1961 402 SACBIS
2002 334 2699 400 ORDlNATIONIBUS.

3635 327 3738 398 366

500 462 603 527 τὰς
630 458 823 532 τρίχας
855 466 1045 531 φησιν,
1083 477 1103 512 ι
1167 451 1260 522 Εἰς
1314 459 1374 513 τὸ
1421 460 1589 529 ὄνομα
1646 457 1740 512 τοῦ
1774 457 2012 526 Πατρόςο
2046 474 2066 509 ι
2101 504 2105 515 η

2210 454 2369 508 ondet
2386 454 2575 508 dicens
2598 471 2612 507 :
2638 471 2655 506 ι
2679 453 2737 508 1η
2756 455 2979 510 nomine
2996 452 3174 510 Patris
3194 472 3210 523 ;
3232 473 3250 507 ι
3270 460 3457 526 postea
3486 453 3540 507 in
3563 450 3742 508 fronte

505 548 626 608 εῐτα
653 551 796 605 κατά
824 550 888 605 τὸ
940 551 1220 622 μέτωπον,
1270 552 1465 619 λέγων,
1506 570 1525 603 ι
1559 550 1652 604 καὶ
1677 548 1774 603 τοῦ
1837 547 2004 604 Υίοῦο
2048 564 2067 600 ι

2210 543 2370 601 licens
2391 543 2456 599 εἰ
2488 544 2555 600 Ει
2584 542 2704 599 Filii
2725 562 2774 612 ς»
2801 545 3002 603 deinde
3029 562 3096 602 ex
3120 546 3288 602 latere
3313 542 3505 616 capitis
3527 541 3741 603 dextro,

506 639 627 698 εἶτα
652 643 718 697 ἐκ
741 641 990 710 πλαγίων
1008 642 1107 712 τῆς
1139 644 1387 715 κεφαλῆς
1414 642 1656 708 δεξιόθεν
1682 640 1877 709 λέγων,
1919 658 1937 691 ι
1965 634 2078 692 Kal

2216 637 2406 693 icens:
2438 653 2457 690 ι
2482 638 2550 694 Ει
2582 636 2825 709 Spiritus
2858 638 3065 706 sancti;
3099 658 3118 692 ι
3153 639 3467 708 iterumque
3489 651 3554 691 ex
3577 634 3747 689 latere

505 729 602 785 τοῦ
627 729 787 799 ἁγίου
812 731 1154 800 Πνεῦματοςδ
1195 748 1216 784 ι
1253 725 1373 785 εἶτα
1408 730 1474 784 ἐκ
1521 728 1769 799 πλαγίων
1798 728 1963 783 πάλιν
2010 727 2078 780 ἐκ

2211 726 2407 784 inistro
2439 740 2654 807 crucem
2682 729 2915 802 perﬁcit,
2939 730 3203 798 inferens,
3227 746 3251 783 ι
3272 728 3488 800 Ubique
3520 740 3666 782 nunc
3694 733 3748 778 ct

509 820 619 876 τῶν
683 820 1012 892 ἀριστερῶν,
1068 822 1303 892 σταυρὸν
1355 819 1602 889 τελειῶν,
1650 818 1751 874 καὶ
1796 819 2077 889 ἐπιφέρει,

2210 832 2417 889 emper.
2444 835 2463 871 ι
2504 818 2707 877 Omnes
2752 830 2933 878 autem
2959 820 3026 878 ad
3056 832 3502 891 unamquamque
3528 817 3748 872 invoca-

515 932 535 966 ι
573 912 813 967 Πάντοτε
849 913 945 967 νῦν
975 912 1067 966 καὶ
1090 912 1201 967 ἀεί.
1238 928 1257 965 ι
1290 912 1496 977 Πάντες
1523 912 1581 967 δι
1609 904 1816 984 ἑκάστῃ
1851 909 2082 982 enim-

511 1022 596 1059 σει
625 1002 689 1058 τὸ
712 1002 889 1076 Ἀμην
918 1002 1194 1073 λέγουσιν,
1223 1002 1618 1074 ὁμολογοῦντες
1682 1004 1802 1075 ἃμα
1852 1000 1949 1057 καὶ
1994 1000 2081 1072 βε-

2180 907 2387 964 tionem
2423 913 2778 982 respondent,
2839 913 3035 984 Amen,
3082 914 3417 971 conﬁtentes
3469 909 3635 967 simul
3693 916 3750 962 et

2182 1004 2576 1060 conﬁrmantes
2616 1021 2741 1076 qua:
2788 1008 2859 1063 ab
2908 1008 3169 1079 episcopo
3194 1007 3356 1063 ﬁunt.
3409 1001 3748 1073 Capillorum

515 1097 839 1166 σαιούμενοι
901 1096 971 1150 τά
1021 1095 1174 1168 παρὰ
1217 1097 1313 1151 τοῦ
1369 1096 1697 1168 ἀρχιερέως.
1734 1094 1848 1149 Kal
1885 1095 1921 1166 ἡ
1980 1094 2081 1165 μὲν

2210 1102 2366 1149 ιυιειῐι
2395 1094 2665 1153 detractio
2695 1104 2749 1153 et
2775 1099 3007 1155 resectio
3068 1096 3546 1155 consecrationem
3571 1090 3746 1162 signi-

513 1189 810 1261 ἀφαίρεσις
840 1189 949 1243 τῶν
992 1189 1200 1261 τριχῶν
1256 1190 1356 1258 τὴν
1399 1189 1733 1261 καθιέρωσιν
1776 1186 2033 1259 σημαίνει
2063 1203 2078 1218 ο

2182 1184 2344 1251 ﬁcat;
2370 1185 2557 1257 capilli
2586 1187 2731 1243 enim
2767 1189 2930 1244 totius
2974 1197 3102 1246 sunt
3135 1187 3383 1259 corporis
3439 1183 3653 1241 ﬂosculi
3683 1180 3752 1235 de

513 1276 599 1337 ὅτι
636 1276 695 1335 al
727 1277 914 1352 τρίχες
957 1273 1082 1335 ὅλου
1119 1279 1216 1335 τοῦ
1269 1280 1524 1351 σώματος
1580 1272 1950 1351 ἐξανθήματα,
1989 1274 2085 1334 καὶ

2210 1290 2252 1332 :o
2280 1272 2708 1346 emorescentes,
2737 1281 2830 1352 qui
2862 1280 3202 1337 detractione
3231 1295 3332 1336 sua
3367 1277 3615 1333 indicant
3639 1271 3751 1343 pri-

516 1374 775 1445 ἀπαρχὴν
804 1371 926 1442 Θεῷ
951 1371 1392 1445 προσενεχθῆναι
1426 1374 1491 1427 ὲκ
1521 1373 1617 1427 τοῦ
1658 1370 1953 1443 ἀνθρώπου
1987 1387 2086 1440 ση-

2184 1367 2366 1425 mitias
2394 1369 2461 1425 ab
2489 1369 2710 1428 homine
2740 1371 2849 1429 Deo
2880 1372 3084 1429 oﬁ'erri.
3124 1364 3214 1428 Fit
3243 1378 3424 1427 autem
3459 1367 3549 1423 illa
3579 1363 3755 1435 capil-

519 1464 740 1535 μαίνει·
774 1460 1139 1534 σταυροειδῶς
1166 1462 1224 1517 δὲ
1254 1462 1344 1516 διὰ
1373 1460 1465 1516 τὸν
1524 1461 1760 1534 Ἰησοῦν,
1803 1462 1887 1516 ὅτι
1919 1460 2087 1525 αύτδς

2210 1471 2364 1513 orum
2414 1460 2648 1517 resectio
2697 1461 2753 1517 in
2792 1463 2973 1519 crucis
3018 1462 3248 1532 ﬁguram
3281 1466 3506 1531 propter
3530 1454 3755 1512 Jesum.

516 1546 826 1622 σαρκωθεὶς
851 1555 945 1609 καὶ
968 1552 1305 1622 σταυρωθεὶς
1332 1546 1553 1622 ἁγιάζει
1572 1566 1587 1581 °
1615 1548 1704 1605 ἐπ’
1722 1550 1953 1621 ὀνόματι
1980 1550 2083 1620 τῆς

2210 1548 2445 1627 |uonlam
2503 1550 2623 1622 ipse
2655 1551 2978 1608 incarnatus
3009 1560 3063 1608 et
3093 1551 3390 1608 cruciﬁxus
3411 1544 3754 1606 sanctiﬁcat;

517 1646 750 1715 Τριάδος
777 1646 857 1710 δὲ,
907 1645 992 1699 δτι
1017 1643 1159 1713 αὕτη
1199 1645 1234 1715 ἠ
1264 1642 1600 1715 δημιουργὸς
1649 1642 1757 1696 τῶν
1812 1642 1951 1696 ὅλων
1990 1640 2087 1696 καὶ

2211 1656 2243 1695 n
2274 1641 2496 1698 nomine
2550 1653 2733 1700 autem
2786 1640 3095 1710 Trinitatis,
3131 1642 3392 1714 quoniam
3423 1638 3574 1694 solus
3613 1633 3758 1691 Deus

518 1735 873 1802 τελειοποιὸς,
906 1737 935 1788 ὁ
964 1734 1122 1806 μόνος
1153 1734 1314 1799 Θεὸς.

1051 1847 1305 1903 ΚΕΦΔΛ.
1344 1847 1516 1903 ΡΝΘ’.

2186 1740 2269 1788 est
2312 1725 2557 1788 omniu'm
2617 1742 2837 1792 creator
2883 1748 2936 1792 et
2991 1741 3418 1792 consummatur.

2752 1844 2982 1906 CAPUT
3022 1848 3203 1905 CLIX.

521 1942 689 1999 Διατι
713 1940 975 2065 σφραέὶς
990 1941 1061 1995 ἐν
1093 1938 1173 2005 τῷ
1196 1937 1554 2009 ἀναγνώστῃ
1577 1954 1591 1968 ο
1612 1936 1712 1992 καὶ
1735 1935 1827 1990 ὅτι
1852 1934 1888 2005 ἡ
1905 1942 2092 2007 κουρά

910 2012 1103 2065 mallet
1149 2009 1410 2063 πάντοτε
1445 2009 1740 2065 τίνεσθαι.

2210 1940 2379 2008 Quare
2405 1943 2678 2015 signaculo
2711 1953 2936 1998 utantur
2959 1943 3012 1997 in
3039 1942 3256 2004 lectore,
3290 1947 3341 1994 et
3373 1936 3512 2010 quod
3540 1947 3757 1991 tonsura

2687 2015 2875 2065 nbiaue
2908 2014 3023 2065 ﬁeri
3046 2013 3256 2065 debeat.

907 2012 1103 2080 φείλει
1149 2009 1410 2063 πάντοτε
1445 2009 1740 2078 τίνεσθαι.

598 2096 867 2174 Ὕστερον
882 2101 942 2155 δὲ
969 2100 1062 2154 ἐπὶ
1090 2100 1195 2171 τῆς
1231 2098 1499 2170 κορυφῆς,
1538 2099 1600 2151 εν
1657 2091 1693 2173 ᾖ
1727 2099 1761 2168 ἡ
1812 2098 1958 2170 ἀρχὴ
1992 2099 2094 2166 τῆς

526 2194 750 2265 κουρᾶς,
780 2192 984 2264 μείζων
1021 2192 1055 2261 ἡ
1090 2190 1267 2260 κουρά
1287 2189 1440 2259 παρὰ
1502 2186 1772 2260 κληρικοῦ
1820 2204 1965 2250 τινος
2012 2188 2095 2256 γί-

525 2288 808 2351 νεται,δτι
847 2284 1059 2355 κεφαλὴ
1090 2283 1310 2338 πάντων
1369 2280 1465 2335 καὶ
1514 2279 1731 2350 κορυφὴ
1766 2279 1795 2333 ὁ
1834 2278 2093 2350 Χριστός·

529 2382 627 2435 καὶ
659 2379 822 2442 αὐτὸς
857 2376 1097 2447 σφραγίς
1135 2376 1255 2429 ἐστι
1300 2372 1397 2428 καὶ
1443 2373 1672 2441 σημεῖον
1727 2372 1842 2436 τοῖς
1897 2370 2089 2424 τελουο

531 2475 718 2544 μένοις
749 2473 829 2534 είς
879 2469 1074 2524 αὐτόν’
1130 2468 1229 2521 καὶ
1279 2466 1441 2530 αύτδς
1475 2465 1694 2527 τούτοις
1733 2462 2095 2533 δπικάθηται,

2687 2015 2875 2084 ubique
2904 2014 3023 2084 ﬁeri
3046 2013 3256 2066 debeat.

2264 2101 2550 2159 Postremo
2580 2101 2637 2156 ﬁt
2681 2102 2734 2156 iu
2772 2103 2998 2166 vertice,
3050 2113 3082 2155 a
3141 2113 3254 2168 quo
3303 2106 3531 2153 tonsura
3570 2094 3762 2164 incipit

2196 2192 2396 2265 (major
2426 2190 2572 2250 enim
2614 2196 2842 2250 tonsura
2875 2203 2929 2250 et
2951 2192 3163 2262 integra
3191 2191 3260 2247 ab
3319 2191 3508 2260 aliquo
3557 2187 3765 2243 clerico

2194 2286 2521 2357 perﬁcitur),
2548 2286 2807 2357 quoniam
2827 2286 3083 2343 Christus
3115 2284 3360 2340 omnium
3387 2290 3472 2339 est
3499 2286 3682 2351 caput,
3709 2290 3766 2333 et

2194 2387 2403 2445 vertex,
2428 2379 2776 2451 sigillumque
2808 2388 2862 2435 et
2890 2379 3104 2449 signum
3127 2376 3197 2433 iis
3215 2376 3307 2445 qui
3335 2381 3554 2446 propter
3584 2374 3762 2442 ipsum

2196 2470 2581 2541 perﬁciuntur.
2617 2471 2738 2543 ipse
2782 2486 2999 2543 quoque
3029 2471 3096 2528 iis
3141 2470 3360 2533 insidet,
3409 2476 3465 2522 et
3524 2476 3766 2521 rectores

530 2565 628 2620 καὶ
671 2566 735 2619 τὸ
787 2561 1125 2634 ἡγεμονικὸν
1184 2560 1442 2629 ἁγιάζει,
1482 2557 1583 2611 καὶ
1642 2554 1855 2625 κεφαλὴ
1915 2553 2099 2608 αὐτῶν

2210 2562 2525 2630 sanctiﬁcat,
2558 2576 2863 2633 eorumque
2888 2571 2973 2617 est
3000 2572 3188 2632 caput.
3221 2560 3486 2617 Confecto
3519 2562 3685 2633 igitur
3711 2565 3764 2617 in

531 2660 672 2712 ἐστι.
697 2656 812 2725 Τῆς
850 2654 1149 2724 σφραγῖδος
1170 2647 1264 2706 οὖν
1293 2648 1545 2721 μείζονος
1584 2647 1883 2718 γινομένης
1914 2647 1981 2717 τῇ
2009 2662 2101 2699 κο-

2210 2655 2405 2710 vertice
2474 2654 2682 2724 majore
2705 2654 2909 2725 sigillo,
2958 2660 3019 2708 ut
3064 2652 3241 2724 ipsius
3286 2654 3645 2711 sanctiﬁcatio
3698 2658 3768 2711 ab

539 2752 706 2822 ρυφῇ.
744 2749 811 2802 ἵν’
846 2749 955 2801 ἀπὸ
1005 2745 1213 2814 ταύτης
1269 2742 1461 2811 ὥσπερ
1511 2740 1621 2793 ἀπὸ
1651 2738 1810 2810 ῥίζης
1868 2738 1949 2803 είς
1979 2737 2101 2793 ὅλον

2210 2760 2266 2803 ευ
2301 2749 2451 2801 velut
2485 2759 2515 2798 a
2551 2745 2735 2800 radice
2784 2744 2841 2799 in
2891 2744 3211 2801 universum
3241 2744 3515 2802 hominem
3580 2762 3768 2819 perve-

530 2842 661 2913 ἔλθῃ
713 2840 806 2893 τὸν
836 2838 1124 2908 ἄνθρωπον
1148 2838 1175 2890 ὁ
1214 2832 1508 2903 ἁγιασμὸς,
1557 2829 1897 2900 προσάγεται
1932 2826 2098 2882 πάλιν

2210 2837 2339 2904 niat,
2365 2836 2561 2891 iterum
2590 2834 2886 2891 adducitur
2914 2837 2981 2891 ad
3006 2837 3350 2909 episcopum,
3379 2839 3494 2909 jam
3528 2857 3622 2911 per
3649 2854 3768 2898 ton-

532 2936 636 3006 ἧδη
671 2931 960 2994 ἀνατεθεὶς
997 2928 1088 2982 διὰ.
1114 2926 1214 2997 τῆς
1239 2924 1465 2994 κουρᾶς,
1488 2922 1586 2976 και¹
1622 2920 1898 2989 φαινολίου
1941 2919 2100 2973 εύλο-

533 3025 779 3096 γημένου
810 3023 930 3093 ἦτοι
956 3018 1245 3090 καμισίου,
1273 3017 1415 3081 ὅπερ
1438 3015 1548 3068 τῶν
1582 3012 1746 3082 ίερῶν
1775 3010 2101 3081 ἱνδυμάτων

2202 2941 2391 2982 suram
2467 2935 2868 2995 consecratus,
2919 2936 2974 2982 et
3033 2928 3287 2997 pbenolio
3347 2930 3461 2986 sive
3518 2934 3768 3000 camisia,

2203 3018 2348 3089 quod
2374 3027 2457 3074 cat
2484 3032 2770 3073 sacrorum
2801 3018 3247 3075 indumentorum
3279 3021 3513 3089 primum
3574 3032 3627 3078 et
3662 3026 3771 3081 vel-

532 3122 683 3176 ὲστὶν
715 3116 971 3188 ἀπαρχὴ,
1001 3111 1164 3168 τοῦτο
1191 3110 1291 3181 τὴν
1310 3110 1472 3180 χεῖρα
1500 3107 1596 3162 τοῦ
1624 3104 1884 3177 ίεράρχου
1915 3104 2098 3157 ἀσπαο

2210 3111 2283 3166 uti
2327 3110 2600 3182 primitiae,
2633 3110 2942 3177 benedicto,
2975 3128 3307 3184 manumque
3328 3116 3600 3185 pontiﬁcis
3640 3118 3773 3176 deo-

536 3215 762 3284 ζὸμενος
800 3209 1063 3265 ὶνδύεται’
1098 3205 1176 3276 τῷ
1200 3202 1479 3274 τραχήλῳ,
1523 3202 1600 3265 ὡς
1654 3198 1762 3252 ὑπὸ
1796 3196 1898 3253 »τὸν
1933 3194 2100 3263 ζυγὸν

536 3307 710 3363 ιλθὼν
741 3306 843 3376 τῆς
892 3299 1215 3373 ίερωσύνης,
1250 3296 1349 3351 καὶ
1382 3296 1489 3351 ὑπὸ
1531 3295 1635 3367 τὴν
1676 3293 1890 3365 σκέπην
1938 3307 2101 3362 γεγο-

538 3397 641 3462 νὼς
663 3394 760 3450 τοῦ
794 3392 956 3458 Θεοῦ,
977 3390 1074 3444 καὶ
1108 3385 1511 3459 ἁφιερούμενος
1540 3385 1621 3447 είς
1666 3381 1976 3453 ὑπηρεσίαν
2024 3379 2102 3449 τῷ

534 3490 676 3560 Θεῷ.
714 3483 849 3540 Εἶτα
875 3483 1063 3538 ὲπάνω
1086 3480 1183 3551 τῆς
1219 3475 1519 3549 σφραγῖδος
1568 3472 1932 3545 σφραγίζεται
1958 3472 2101 3541 τρίς.

538 3581 649 3635 Kal
680 3578 915 3648 θεμένου
954 3574 1055 3645 τὴν
1087 3572 1249 3642 χεῖρα
1279 3570 1375 3621 ἐπὶ
1408 3567 1476 3638 τῇ
1504 3565 1763 3635 σφραγῖδι
1785 3563 1881 3618 τοῦ
1917 3564 2105 3635 ίεράρ.

538 3688 662 3744 χου,
697 3668 795 3740 τὴν
828 3662 1203 3733 σκεπαστικὴν
1241 3660 1473 3729 δύναμιν
1507 3654 1955 3725 ἐπιδεικνυμένου
2007 3652 2104 3709 τοῦ

538 3763 701 3830 Θεοῦ,
732 3760 827 3816 καὶ
866 3759 949 3814 ὅτι
1004 3753 1329 3826 μεταδίδωσι
1386 3751 1644 3823 χάριτος,
1689 3748 1913 3819 εὔχεται
1951 3745 2107 3811 οὗτος

543 3853 869 3925 ἁγιασθῆναι
933 3851 1027 3902 τὸν
1090 3844 1469 3915 τελειούμενον
1523 3839 1919 3910 ἐκλελεγμένον
1975 3839 2107 3892 ὄντα

544 3948 713 4020 αὐτῷ,
760 3943 858 4001 καὶ
915 3940 1053 4013 μετὰ
1110 3938 1298 4007 πάσης
1348 3935 1542 4003 σοφίας
1570 3946 1631 3986 τε
1687 3934 1785 3985 καὶ
1841 3930 2109 3992 συνέσεως

550 4039 822 4095 ποιεῖσθαι
845 4035 946 4106 τὴν
970 4030 1280 4098 άνάγνωσίν
1308 4043 1369 4082 τε
1400 4026 1495 4083 καὶ
1524 4024 1755 4097 μελέτην
1791 4023 1904 4077 τῶν
1947 4021 2109 4076 θείων

552 4129 769 4199 λογίων.
802 4125 913 4197 Καὶ
954 4122 1128 4184 οὕτως
1159 4115 1506 4190 εὐχαριστῶν
1537 4112 1736 4167 τελειοί
1773 4112 1841 4166 τὰ
1871 4112 1973 4182 τῆς
2022 4112 2112 4164 εύο

548 4222 673 4294 χῆς.
694 4219 858 4289 ,Μετὰ
886 4213 984 4283 τὴν
1010 4211 1174 4281 εὐχὴν
1207 4210 1264 4262 δὲ
1304 4204 1602 4277 σφραγίζει
1636 4202 1804 4258 πάλιν
1826 4202 2012 4294 *αὐτὸν
2029 4203 2111 4265 εἰς

549 4292 855 4367 τελείωσιν.
880 4304 991 4359 Καὶ
1020 4300 1319 4372 εἰρηνεύων
1346 4298 1438 4351 διὰ
1464 4296 1570 4367 τὴν
1620 4297 1685 4349 ὲκ
1716 4292 1853 4348 Θεοῦ
1884 4294 2112 4364 εἰρήνην

550 4408 643 4458 καὶ
672 4403 771 4473 τὴν
801 4401 859 4455 ἑν
889 4395 1008 4467 Θεῷ
1033 4395 1230 4449 ἕνωσιν
1252 4431 1268 4457 ,
1298 4391 1476 4443 είπεῐν
1514 4387 1901 4458 προτρέπεται,
1936 4386 1983 4438 εί
2012 4384 2111 4456 μὶν

2206 3203 2450 3260 sculatus
2478 3217 2575 3274 per
2630 3203 2826 3259 collum
2862 3202 3126 3269 induitur,
3160 3222 3266 3261 non
3293 3222 3453 3264 secus
3482 3225 3545 3264 ac
3583 3212 3630 3268 si
3685 3212 3773 3283 juo

2208 3308 2334 3365 gum
2369 3293 2661 3351 sacerdotii
2711 3294 2939 3358 subiret,
2987 3292 3192 3364 Deique
3235 3300 3557 3366 protectioni
3610 3300 3775 3371 subji-

2208 3394 2444 3449 ceretur,
2491 3393 2547 3442 et
2580 3385 2886 3442 ministerio
2940 3385 3317 3444 devoveretur.
3372 3388 3575 3446 Deinde
3622 3393 3775 3464 signo

2208 3477 2389 3532 crucis
2438 3485 2520 3532 ter
2542 3476 2862 3547 obsignatur
2888 3491 3052 3546 super
3100 3476 3337 3547 sigillum
3388 3487 3611 3536 tonsura
3660 3483 3776 3537 im-

2210 3577 2481 3633 pressum.
2521 3562 2587 3617 Et
2618 3566 2913 3635 episcopus
2942 3579 3150 3634 ponens
3182 3582 3403 3622 manum
3450 3585 3619 3641 super
3645 3570 3776 3627 illud

2212 3653 2449 3723 sigillum
2479 3654 2604 3724 (qua
2638 3670 2697 3710 re
2724 3656 2898 3711 virtus
2949 3655 3045 3711 Dei
3098 3667 3392 3730 protegens
3436 3670 3492 3717 et
3547 3664 3775 3733 gratiam

2213 3747 2628 3802 communicans
2650 3746 2719 3802 ab
2749 3761 2814 3802 eo
2844 3748 3295 3819 demonstratur),
3316 3750 3485 3806 Deum
3524 3764 3779 3822 precatur

2214 3849 2277 3892 ut
2312 3837 2749 3892 consecrandum
2784 3837 2888 3892 sibi
2942 3838 3181 3892 electum
3207 3840 3533 3908 sanctiﬁcet,
3571 3852 3624 3899 et
3652 3860 3776 3899 cum

2215 3930 2364 3984 omni
2403 3928 2673 4001 sapientia
2701 3936 2756 3986 et
2785 3928 3067 4000 prudentia
3098 3931 3402 3986 divinorum
3433 3936 3778 3992 oraculorum

2219 4022 2505 4076 lectionem
2541 4029 2596 4077 et
2631 4021 3043 4077 meditationem
3104 4032 3376 4089 exerceat,
3428 4025 3618 4097 sicque
3658 4044 3782 4099 gra-

2220 4114 2322 4168 tias
2349 4128 2515 4183 agens
2539 4112 2680 4168 hanc
2702 4115 3005 4169 orationem
3040 4114 3299 4184 complet.
3324 4116 3585 4173 Oratione
3632 4133 3783 4174 com-

2220 4206 2366 4274 pleta
2410 4207 2607 4259 iterum
2636 4205 2889 4275 obsignat
2922 4222 3044 4260 cum
3072 4207 3139 4259 ad
3169 4207 3500 4263 sacramenti
3528 4223 3785 4265 consum-

2221 4296 2540 4360 mationem,
2578 4309 2876 4366 pacemque
2905 4296 2982 4350 illi
3012 4309 3265 4366 precatur
3322 4308 3543 4369 propter
3592 4314 3783 4370 paceni

2224 4400 2255 4440 a
2293 4383 2399 4442 Deo
2423 4384 2796 4451 obtinendam,
2820 4397 2874 4442 et
2904 4402 3027 4442 cum
3060 4404 3125 4444 eo
3174 4390 3471 4456 unionem;
3502 4400 3558 4445 et
3603 4392 3786 4446 dicere

551 4494 907 4563 άναγνὼστης
935 4487 1073 4551 ἐστὶ,
1108 4482 1417 4556 περικοπὴν
1443 4478 1811 4549 άποστολικήν
1830 4491 1845 4507 ο
1884 4478 1932 4530 εί
1961 4476 2019 4529 δέ
2049 4492 2105 4544 γε

2218 4492 2340 4532 eum
2381 4476 2556 4547 jubet,
2595 4478 2642 4533 si
2679 4477 2732 4532 in
2761 4478 3021 4534 lectorem
3043 4477 3331 4536 ordinatus
3363 4490 3468 4549 est,
3498 4482 3785 4536 lectionem

552 4586 785 4656 ψάλτης,
808 4584 875 4634 ὲκ
909 4578 1007 4633 τοῦ
1032 4576 1350 4645 Ψαλτῆρος.
1380 4572 1490 4627 Kal
1529 4568 1706 4634 οὕτως
1730 4569 1955 4640 εἰρήνην
1993 4568 2118 4631 δοὺς

550 4677 701 4746 αὐτῷ
736 4673 831 4729 καὶ
859 4671 1187 4741 εὐξάμενος,
1245 4664 1476 4721 ἀπολύει
1526 4665 1593 4735 τῇ
1626 4663 1887 4734 σφραγῖδι
1919 4660 2119 4714 πάντο-

550 4771 644 4824 θεν
672 4767 930 4838 τειχίζων
978 4763 1141 4818 αὐτὸν
1168 4762 1261 4813 τὸν
1304 4757 1657 4828 τελούμενον.
1711 4754 1869 4817 Τινὲς
1931 4752 1990 4807 δὲ
2026 4752 2121 4805 καὶ

548 4868 669 4927 ταῖς
691 4864 885 4935 ρήσεσι
920 4856 1032 4909 τῶν
1058 4850 1527 4915 ἀναγνωσθέντων
1552 4846 1907 4918 προσέχουσι,
1931 4844 2026 4898 καὶ
2040 4843 2113 4907 ὡς

550 4956 817 5027 προοίμια
850 4950 948 5005 καὶ
979 4947 1256 5016 δείγματα
1295 4943 1481 5014 ἔχουσι
1512 4941 1719 5003 ταύτας
1758 4940 1860 5009 τῆς
1889 4936 1999 4991 τῶν
2028 4953 2120 4990 τεά

546 5055 640 5105 λου
647 5052 823 5120 μένων
857 5045 1023 5113 ζωῆς.
1442 5092 1445 5095 _

1148 5132 1402 5185 ΚΕΦΔΛ.
1434 5126 1552 5185 PE’.

648 5246 651 5249 '
713 5232 863 5284 Ὅσα
892 5226 1124 5297 ὀφείλει
1158 5223 1193 5278 ὀ
1223 5219 1621 5290 ἀναγνώστης
1650 5214 1942 5285 ἐνεργεῖν.

621 5347 808 5410 Οῦτως
862 5338 959 5398 οὖν
1007 5343 1036 5393 ὸ
1082 5341 1164 5402 είς
1219 5334 1576 5406 ἀναγνώστην
1643 5330 1923 5392 καταστὰς
1965 5321 2120 5391 οὗτος

552 5442 651 5503 τάς
688 5456 749 5493 τε
778 5437 927 5499 θείας
983 5436 1063 5504 τῷ
1091 5431 1208 5501 λαῷ
1242 5430 1431 5483 ἔκτοτε
1490 5426 1941 5494 ὑπαναγινίὶισκει
1984 5423 2125 5492 Γρα-

553 5535 680 5601 φὰς,
710 5525 1153 5602 προτρεπόμενος
1178 5522 1283 5576 ὑπὸ
1313 5519 1638 5590 διακόνωνῆ
1668 5518 1886 5587 ίερὲων,
1922 5515 1992 5568 τὰ
2013 5514 2125 5566 τῶν

555 5619 848 5693 προφητῶν
878 5617 1080 5688 δηλαδὴ
1116 5614 1213 5669 καὶ
1239 5614 1353 5667 τῶν
1384 5609 1700 5665 ἀποστόλων
1760 5606 1887 5675 ἱερὰ
1940 5605 2121 5671 λόγια,

556 5715 845 5783 ἱστάμενος
898 5711 957 5762 ὲν
1000 5707 1080 5776 τῷ
1121 5708 1271 5778 μέσῳ
1317 5705 1395 5767 ὼς
1433 5700 1799 5772 ὲσφράγισται
1847 5694 2120 5763 ἀσκεπής.

569 5804 728 5856 Ἀλλά
759 5801 853 5855 καὶ
879 5802 958 5863 εἰς
984 5801 1045 5852 τὸ
1079 5799 1227 5871 βῆμα
1262 5797 1456 5868 χωρῶν
1482 5795 1555 5859 ὡς
1584 5793 1679 5849 τοῦ
1704 5792 1949 5863 βήματος
1980 5789 2122 5858 ὑπη-

2223 4581 2289 4621 ex
2353 4564 2649 4636 Apostolo;
2698 4568 2743 4622 si
2801 4582 2928 4622 vero
2965 4569 3018 4622 in
3048 4578 3445 4636 cautorem,“
3499 4569 3785 4627 Psalterio.

2222 4658 2420 4728 Sicque
2452 4658 2577 4714 data
2618 4659 2695 4714 illi
2729 4675 2864 4729 pace
2895 4669 2949 4715 et
2977 4668 3255 4730 precatus,
3286 4672 3669 4718 consecratum
3698 4664 3785 4718 di-

2219 4753 2391 4808 mittit
2415 4752 2657 4821 undique
2688 4754 2845 4821 signo
2872 4754 3052 4809 crucis
3081 4755 3225 4809 velut
3259 4770 3418 4811 muro
3447 4755 3688 4811 cinctum
3732 4769 3789 4811 et

2226 4841 2515 4896 munitum.
2553 4840 2814 4897 Nonnulli
2852 4844 3035 4901 verbis
3083 4844 3238 4901 lectis
3269 4847 3580 4914 attendunt,
3617 4863 3791 4916 eaque

2223 4933 2371 4989 velut
2425 4934 2648 5003 praemia
2679 4944 2731 4989 et
2756 4945 3078 5006 argumenta
3123 4936 3320 4994 luturze
3344 4946 3790 4996 consecratorum

2223 5026 2344 5080 vitae
2364 5026 2665 5082 azstimaut.

2809 5119 3038 5177 CAPUT
3078 5121 3241 5178 CLX.

2468 5217 2730 5284 Quanam
2776 5218 2996 5274 debeant
3031 5235 3065 5276 α
3108 5218 3303 5275 lectore
3339 5218 3539 5289 peragi.

2296 5330 2387 5386 Sic
2416 5332 2584 5401 igitur
2614 5333 2707 5402 qui
2757 5334 2929 5390 lector
2955 5334 3290 5390 constitutus
3314 5342 3402 5389 est
3452 5333 3583 5404 legit
3610 5328 3686 5389 ab
3728 5349 3797 5390 eo

2226 5431 2469 5494 tempore
2499 5423 2817 5495 Scripturas
2855 5434 3077 5495 propter
3103 5423 3358 5494 populum
3378 5425 3603 5494 positas,
3639 5438 3797 5481 sacra

2224 5515 2432 5571 scilicet
2453 5515 2835 5586 prophetarum
2856 5523 2913 5571 et
2942 5515 3315 5583 apostolorum
3336 5513 3584 5581 oracula,
3615 5529 3647 5568 a
3678 5515 3799 5570 dia-

2225 5606 2383 5661 conis
2418 5610 2499 5661 vel
2531 5604 3103 5677 presbyterisjussus.
3120 5615 3272 5662 stans
3296 5607 3350 5661 in
3383 5607 3586 5673 medio,
3610 5621 3801 5678 aperto

2224 5698 2403 5767 capite
2426 5712 2493 5753 eo
2525 5698 2685 5753 modo
2737 5713 2846 5768 quo
2877 5698 3197 5767 obsignatus
3232 5710 3338 5755 est.
3380 5698 3490 5754 Nec
3547 5698 3654 5753 hoc
3682 5708 3801 5753 tan-

2225 5796 2362 5854 tum,
2399 5802 2586 5844 verum
2632 5787 2794 5844 etiam
2845 5791 3219 5846 sanctuarium
3246 5790 3556 5863 ingrediens
3586 5797 3645 5845 ut
3674 5803 3800 5844 san-
