4114 6272
367 378 469 445 367

1186 378 1572 441 SYMEONIS
1595 372 2350 439 THESSALONICENSIS
2389 369 2752 432 A-RCIlIEP.

3510 339 3619 421 ass

368 496 565 551 ctuarii
598 495 875 561 minister,
914 493 1122 548 lumina
1154 487 1426 554 accendit,
1480 492 1771 560 ignemque
1800 487 1957 542 atfert

2065 484 2252 554 ρέτης,
2288 482 2522 541 ἀνάπτει
2555 480 2735 549 φῶτα,
2775 480 2868 530 καὶ
2897 475 3006 561 πῦιρ
3033 475 3300 545 προσάγει
3332 473 3413 544 τῷ
3464 473 3623 543 ίερετ,

373 587 671 654 sacerdoti,
701 586 1066 657 praeceditque
1096 599 1287 640 cereos
1321 598 1586 638 accensos
1608 578 1739 636 ante
1758 588 1947 633 saneta

375 677 517 733 dona
561 684 819 747 gestans;
877 674 1179 729 oblationes
1226 685 1471 742 quoque,
1525 679 1579 724 el
1623 667 1844 738 aquam,
1897 674 1951 718 et

378 768 638 824 fervidam
673 767 943 822 sacerdoti
976 765 1153 832 aﬂert,
1184 772 1238 820 et
1272 772 1505 819 exornat
1535 774 1657 832 quae
1708 760 1773 812 ad
1806 768 1943 837 tem-

373 862 519 931 plum
576 867 843 929 spectant,
901 867 1208 926 cmteraque
1240 855 1650 918 subministrat;
1712 851 1943 921 hymnos

372 967 589 1021 quoque
610 951 826 1006 divinos
860 948 1223 1020 psallentibus
1283 945 1553 1017 praecinit,
1608 943 1724 998 sive
1774 954 1941 994 cano-

375 1062 495 1100 nem
531 1045 742 1113 incipit,
768 1052 952 1113 atque,
995 1051 1055 1097 ut.
1106 1041 1355 1096 absolute
1389 1039 1591 1102 dicam,
1633 1034 1944 1089 divinorum

378 1138 622 1192 minister
649 1143 732 1192 est
759 1139 811 1191 in
841 1128 1064 1206 templo.
1097 1133 1222 1189 Haec
1254 1128 1651 1187 auteni'onmia
1680 1140 1803 1181 cum
1840 1122 1951 1193 pic-

374 1224 484 1288 tate
509 1242 561 1288 et
592 1242 830 1287 tremore.
856 1246 1018 1300 agere
1050 1231 1234 1295 debet,
1260 1237 1315 1283 et
1344 1240 1576 1297 quarum
1608 1234 1792 1276 rerum
1847 1216 1951 1270 mi"-

374 1333 547 1384 niSlcr
576 1338 684 1391 est,
718 1328 1037 1394 attendere;
1074 1325 1313 1396 cogitare
1336 1334 1555 1392 quoque
1591 1334 1649 1373 se
1679 1315 1773 1370 Dei
1806 1330 1950 1382 esse,

372 1430 422 1473 et
482 1434 674 1473 eorum
736 1416 830 1486 qui
889 1417 955 1471 ad
1022 1432 1144 1472 etnn
1211 1413 1778 1485 appmpinquant;et
1824 1420 1953 1460 cum

2058 579 2154 629 καὶ
2191 573 2596 643 προπορεύεται
2647 569 3100 640 λαμπαδηφορῶν
3148 568 3258 621 τῶν
3290 566 3483 635 ἁγίων,
3529 566 3629 620 καὶ

2053 666 2156 729 τὰς
2206 665 2545 736 προσφορὰς,
2595 664 2691 717 καὶ
2725 663 2786 714 τὸ
2821 659 2988 730 ὕδωρ,
3045 658 3143 713 καὶ
3185 659 3248 712 τδ
3304 659 3424 723 ζέον
3468 654 3626 728 φέρει

2054 758 2227 827 αὐτῷ,
2254 756 2350 811 καὶ
2382 757 2648 825 εὐκοσμεῖ
2675 755 2743 808 τὰ
2769 752 2863 806 τοῦ
2900 750 3057 816 ναοῦ,
3095 753 3192 804 καὶ
3228 751 3295 805 τὰ
3319 751 3453 806 ἄλλα
3482 750 3625 820 ὑπη-

2059 850 2226 920 ρετεῖ,
2264 847 2358 901 καὶ
2428 847 2555 908 τοὺς
2619 842 2795 905 θείους
2855 841 3115 912 προλέγει
3164 840 3278 903 τοῖς
3332 837 3626 907 ψάλλουσιν

2051 942 2273 1012 ὕμνους,
2303 941 2420 1010 ἢτοι
2455 937 2810 1006 κανοναρχεῐ·
2848 936 2939 989 καὶ
2978 934 3167 996 ἁπλῶς
3194 931 3480 1002 ὑπηρέτης
3512 929 3623 981 τῶν

2054 1032 2213 1088 θείων
2242 1031 2392 1085 ἐστὶν
2445 1030 2504 1084 ὲν
2537 1028 2616 1099 τῷ
2646 1028 2783 1096 ναῷ.
2833 1027 2930 1089 Ὃς
2961 1024 3029 1096 δὴ
3086 1023 3183 1079 καὶ
3233 1020 3441 1093 ὀφείλει
3503 1018 3622 1091 μετ⁶

2051 1124 2331 1186 εὐλαϐείας
2362 1123 2539 1175 πάντα
2584 1119 2779 1183 ποιεῖν,
2819 1118 2914 1172 καὶ
2942 1115 3242 1186 γινώσκειν
3269 1114 3433 1167 τίνων
3487 1111 3626 1179 ὑπη-

2053 1219 2216 1288 ρέτης
2253 1213 2414 1286 140
2444 1213 2582 1276 ἐστὶ,
2603 1212 2700 1265 καί⁸
2728 1211 2809 1264 ὅτι
2838 1207 3000 1274 Θεοῦ,
3026 1209 3121 1262 καὶ
3159 1208 3267 1261 τῶν
3296 1203 3625 1274 ἐγγιζόντων

2053 1308 2204 1363 ἐστὶν
2230 1306 2401 1375 αὐτῷ,
2436 1305 2530 1359 καὶ
2559 1302 2700 1373 μετὰ
2727 1300 2837 1355 τῶν
2878 1298 3052 1368 ἁγίων
3092 1297 3405 1371 ὑπηρετεῖ..
3436 1296 3620 1349 ἐκεῖσε

2055 1399 2278 1471 βαίνων,
2308 1392 2442 1449 ὅπου
2472 1395 2742 1467 χωροῦσιν
2764 1393 2813 1447 oi
2849 1391 3097 1463 ἄγγελοι.

370 1510 580 1589 ξ,ιιιιοιὶε
620 1523 678 1564 se
717 1507 1047 1572 ministrare,
1105 1478 1343 1574 illucque
1385 1478 1663 1559 accedere
1713 1512 1823 1570 quo
1883 1510 1944 1553 se
1980 1478 2277 1552 conferunt
2310 1491 2493 1561 angeli
2521 1501 2573 1544 ct
2603 1489 2876 1545 habitant.

930 1619 1162 1677 CAPUT
1204 1617 1390 1676 CLXI.

928 1764 935 1775 ,
963 1716 1037 1769 De
1080 1714 1429 1768 subdiacono.

440 1809 574 1864 Post
618 1809 848 1864 lectores
923 1805 1194 1875 sequitur,
1227 1814 1287 1859 ut
1341 1803 1599 1868 diximus,
1663 1800 1952 1857 subdiaco-

2624 1603 2877 1667 ΚΕΦΑΛ.
2910 1601 3079 1657 ΡΞΔ¹.

2529 1695 2669 1763 Περὶ
2698 1692 3140 1750 ὑποδιακόνων.

2124 1786 2282 1846 Μετά
2318 1788 2540 1849 τούτους
2570 1789 2698 1849 τοὺς
2752 1782 3133 1853 ἀναγνώστας,
3180 1780 3256 1843 ὡς
3290 1781 3526 1851 ἔφημεν,
3594 1780 3628 1849 ἡ

372 1916 569 1954 norum
605 1900 767 1964 ordo,
800 1897 893 1966 qui
955 1897 1222 1950 leetoratu
1286 1893 1562 1949 excelsior
1597 1901 1704 1958 est,
1761 1881 1950 1960 utpote

2060 1882 2205 1947 τάξις
2230 1880 2339 1935 τῶν
2370 1876 2743 1932 ύποδιακόνων
2796 1876 2968 1940 ἐστὶν,
3015 1875 3136 1945 ἥτις
3170 1874 3264 1926 καὶ
3296 1873 3625 1943 ὑψηλοτέρα,

374 1992 620 2047 diaconis
649 1999 859 2044 tantum
888 1987 1254 2058 postpositus.
1310 1983 1634 2039 Lectoribus
1680 1989 1864 2036 autem
1893 1987 1949 2035 et

373 2076 558 2152 psaltis
589 2083 711 2138 licet
746 2089 868 2152 post
894 2093 1210 2149 susceptum
1239 2077 1488 2132 divinum
1533 2073 1777 2145 sigillum
1817 2072 1953 2141 1ρεί.

373 2178 507 2229 timo
566 2172 917 2226 matrimonio
961 2172 1163 2241 jungi;
1206 2168 1559 2225 subdiaconis
1624 2176 1806 2222 autem
1845 2179 1957 2220 non

372 2265 630 2334 amplius.
667 2262 745 2317 Illi
784 2263 950 2333 igitur
986 2270 1279 2333 postquam
1312 2260 1536 2316 lectoris
1567 2259 1810 2331 sigillum
1844 2257 1953 2326 pri-

372 2370 519 2408 mum
567 2360 920 2423 acceperunt,
952 2361 1006 2407 et
1060 2352 1200 2406 bene
1258 2349 1665 2414 ministrarum,
1717 2344 1959 2414 tempore

376 2445 502 2497 huic
542 2442 872 2497 ordinationi
930 2440 1295 2511 suscipiendae
1349 2438 1578 2493 definito
1631 2437 1955 2493 oﬂ‘eruntur.

375 2531 616 2600 Tempus
672 2538 961 2587 autemest
1000 2543 1179 2583 annus
1207 2526 1379 2583 aetatis
1409 2527 1726 2583 vicesimus.

943 2700 1170 2770 CAPUT
1200 2700 1408 2763 CLXII.

833 2799 1164 2856 Subdiaconi
1208 2797 1501 2854 ordinatio.

448 2888 710 2947 Pontiﬁce
732 2890 900 2961 igitur
933 2900 1114 2945 stante
1157 2900 1283 2942 ante
1308 2898 1488 2957 portas
1541 2886 1741 2956 regias,
1791 2885 1958 2939 missa

376 2985 618 3039 nondum
642 2985 880 3053 incepta,
903 2979 1198 3034 adducitur
1215 2979 1307 3049 qui
1330 2993 1523 3033 manus
1555 2978 1956 3048 impositionetn

375 3076 695 3131 subdiaconi
730 3085 1055 3143 accepturus
1090 3080 1196 3133 est,
1241 3084 1441 3127 vestem
1479 3072 1685 3141 nigram
1734 3068 1958 3125 indutus

2055 1975 2130 2038 ὡς
2170 1975 2310 2043 μετά
2352 1972 2481 2034 τοὺς
2526 1971 2807 2032 διακόνους
2854 1963 3010 2023 οὖσα.
3074 1968 3186 2021 Καὶ
3241 1967 3290 2019 οἱ
3342 1966 3442 2036 μὲν
3496 1968 3629 2018 ἀνα-

2058 2067 2306 2136 γνῶσται
2334 2066 2429 2116 καὶ
2462 2062 2663 2132 ψάλται
2701 2061 2840 2130 μετά
2866 2059 2964 2131 τὴν
3018 2057 3291 2129 σφραγῖδα
3337 2058 3437 2127 τὴν
3480 2056 3633 2110 θείαν

2059 2157 2153 2210 καὶ
2181 2160 2262 2219 είς
2296 2155 2476 2225 γάμον
2511 2153 2737 2216 ἔννομον
2770 2151 2945 2204 ὲλθεῖν
3000 2140 3412 2220 συγχωροῦνται.
3447 2163 3461 2178 ο
3502 2153 3632 2201 ὑπο-

2058 2250 2298 2303 διάκονοι
2324 2247 2382 2301 δὲ
2410 2246 2621 2299 οὐκέτι.
2651 2243 2817 2298 Οὗτοι
2854 2242 3035 2296 τοίνυν
3060 2245 3160 2314 τὴν
3188 2243 3466 2312 σφραγῖδα
3501 2242 3633 2313 πρό-

2059 2358 2215 2412 τερον
2242 2339 2334 2393 τοῦ
2360 2338 2713 2407 ἀναγνώστου
2744 2336 3030 2401 λαϐόντες,
3064 2337 3158 2389 καὶ
3193 2336 3376 2399 καλῶς
3426 2335 3634 2405 ἐξυπη-

2062 2434 2416 2511 ρετήσαντες,
2448 2432 2506 2483 ὲν
2540 2428 2618 2499 τῷ
2648 2428 2942 2498 ὡρισμένῳ
2963 2426 3141 2498 καιρῷ
3170 2428 3269 2497 τῆς
3298 2426 3635 2497 χειροτονίας

2058 2522 2266 2592 ταύτης
2292 2519 2594 2590 ἀξιωθῆναι
2659 2522 3059 2589 προσάγονται.
3114 2520 3325 2591 Καιρδς
3360 2518 3417 2573 δὲ
3454 2519 3634 2583 αὐτοῖς

2061 2614 2122 2667 τὸ
2147 2612 2399 2667 εἰκοστὸν
2428 2610 2575 2675 ἔτος.
2958 2618 2961 2619 ⁷
3556 2634 3559 2639 ·

2593 2704 2847 2760 ΚΕΦΔΛ.
2881 2700 3052 2760 ΡΞΒ¹.

2444 2796 2792 2864 Χειροτονία
2820 2796 3253 2852 ὐποδιακόνου.

2131 2887 2240 2942 Τοῦ
2266 2888 2571 2959 ἀρχιερέως
2604 2889 2788 2943 τοίνυν
2820 2889 3109 2959 ίσταμένου
3141 2889 3490 2960 ἠλλαγμένου
3523 2892 3631 2960 πρὸ

2059 2980 2171 3034 τῶν
2197 2979 2498 3050 βασιλικῶν
2538 2979 2747 3044 πυλῶν,
2782 2980 2949 3050 μήπω
2981 2979 3296 3053 ἀρξαμένης
3342 2970 3443 3051 τῆς
3479 2983 3655 3053 ίερᾶς

2059 3070 2432 3140 λειτουργίας,
2488 3071 2831 3139 προσάγεται
2884 3072 2913 3124 ό
2964 3069 3061 3140 τὴν
3122 3072 3461 3143 χειροθεσίαν
3535 3074 3630 3126 τοῦ

375 3180 429 3224 et
449 3172 815 3240 porpliyreum
852 3165 1165 3221 camisium.
1199 3163 1697 3232 Accendunturque
1722 3162 1958 3214 lumina-

2061 3162 2426 3217 ὑποδιακόνου
2460 3161 2779 3232 λαμϐάνων,
2816 3164 2958 3232 μετά
2992 3164 3101 3217 τοῦ·
3127 3142 3355 3235 μέλανος
3409 3166 3630 3233 ἱματίου

375 3262 480 3327 ria,
513 3261 656 3332 quod
696 3262 749 3314 in
782 3259 930 3313 omni
953 3257 1297 3313 ordinatione
1330 3255 1445 3310 ﬁeri
1477 3254 1612 3309 solet
1640 3253 1696 3307 in
1730 3252 1953 3321 gloriam

2062 3253 2282 3308 καὶτοῦ
2311 3253 2597 3323 πορφυροῦ
2634 3255 2918 3324 καμισίου,
2965 3255 3362 3325 ἀναπτομὲνων
3416 3256 3632 3325 φώτων.

378 3351 562 3420 magni
630 3347 901 3412 Luminis,
930 3357 984 3402 et
1033 3345 1557 3402 demonstrationem
1604 3342 1960 3423 illuminatio-

2062 3345 2232 3397 Τοῦτο
2266 3345 2322 3397 δὲ
2355 3345 2567 3412 γίνεται
2615 3346 2672 3398 ὲν
2721 3346 2870 3415 πάσῃ
2912 3347 3222 3418 χειροτονίᾳ
3273 3349 3355 3412 είς
3384 3365 3444 3401 τε
3474 3346 3637 3414 δόξαν

374 3445 464 3499 nis
492 3441 754 3496 divinitus
784 3438 1237 3495 subministrata}.
1268 3436 1473 3490 Deinde
1493 3434 1649 3503 jussu
1678 3433 1956 3505 pontificis

376 3533 661 3590 camisiuin
687 3530 933 3601 deponit,
959 3540 1015 3583 et
1087 3527 1407 3584 stiebarium
1460 3525 1639 3580 induit
1699 3523 1958 3595 pontiticc

379 3627 559 3696 ipsum
613 3621 985 3677 benedicente.
1022 3619 1128 3674 Sed
1168 3620 1319 3689 prius
1355 3618 1421 3673 ad
1458 3618 1721 3672 orientem
1763 3629 1958 3672 versus

381 3727 462 3767 ter
485 3714 653 3768 Deum
703 3712 894 3765 adorat
951 3720 1231 3765 auctorem
1293 3717 1348 3763 et
1407 3707 1953 3763 subminiswatorem

379 3805 862 3868 illuminalionum,
892 3804 1037 3857 velut
1081 3801 1148 3856 ad
1177 3800 1438 3869 majorem
1470 3798 1952 3863 illuminationem,

377 3912 497 3968 (ιιιίε
526 3882 791 3952 sticliario
837 3894 1200 3964 signiﬁcatur,
1247 3895 1533 3947 accedens.
1586 3890 1955 3958 Porpliyream

379 3990 599 4057 quidem
628 3986 1165 4053 \estemexuit,quue
1218 3983 1490 4054 passionis
1537 3980 1800 4035 indicium
1850 3986 1954 4044 est,

381 4090 564 4151 utpote
596 4080 797 4136 vibices
826 4078 1005 4132 adhuc
1032 4075 1478 4147 sanguinolentas
1520 4074 1791 4129 indicans.

924 4254 1156 4313 CAPUT
1194 4254 1426 4311 CLXIII.

381 4353 554 4415 Quare
594 4350 824 4405 candida
858 4351 1039 4402 tunica
1065 4349 1169 4401 sive
1198 4348 1451 4401 sticliario
1483 4346 1738 4400 induatur
1769 4346 1953 4417 cinga-

558 4432 561 4435 '
620 4430 625 4431 '
863 4429 1047 4489 turque
1081 4418 1459 4472 subdiaconus.

452 4511 557 4567 Sed
579 4513 759 4568 album
789 4511 1108 4567 sticbarium
1141 4510 1479 4563 demonstrat
1503 4506 1750 4576 puriores
1774 4505 1959 4576 gloria:

2060 3436 2153 3491 τοῦ
2189 3436 2429 3507 μεγάλου
2460 3440 2659 3506 φωτὸς,
2694 3439 2790 3490 καὶ¹
2826 3442 2907 3503 εἰς
2963 3437 3192 3504 ἔνδειξιν
3236 3441 3330 3494 τοῦ
3364 3459 3634 3513 χορηγου-

2065 3528 2230 3593 μένου
2263 3528 2550 3597 φωτισμοῦ
2589 3527 2759 3582 θείου.
2800 3530 2912 3581 Καὶ
2942 3531 3308 3601 ἀρχιερατικῇ
3348 3536 3631 3602 προσταγῇ

2060 3618 2380 3672 ἀποτίθεται
2432 3619 2529 3688 μὲν
2559 3620 2620 3672 τὸ
2648 3621 2909 3688 καμίσιον
2930 3636 2944 3652 ⁸
2977 3622 3221 3675 ἐνδύεται
3247 3624 3304 3677 δὲ
3330 3632 3632 3695 στιχαριον,

2060 3710 2466 3781 εὐλογήσαντος
2528 3711 2660 3763 αὐτὸ
2691 3710 2788 3764 τοῦ
2828 3712 3155 3783 ἀρχιερέως,
3193 3715 3461 3785 πρότερον
3513 3718 3634 3785 τρὶς

2061 3802 2452 3873 προσκυνήσας
2494 3800 2639 3854 κατά
2695 3802 2962 3863 ἀνατολὰς
3017 3803 3093 3873 τῷ
3129 3804 3251 3873 Θεῷ
3277 3806 3356 3875 τῷ
3409 3809 3631 3878 χορηγῷ

2057 3897 2165 3948 τῶν
2188 3894 2582 3964 φωτισμάτων.
2615 3894 2799 3962 Ὅπερ
2846 3894 3129 3965 στιχάριον
3184 3897 3356 3965 δηλοῖ,
3390 3900 3463 3961 ὼς
3496 3904 3631 3970 πρὸς

2059 3985 2289 4059 μείζονα
2318 3984 2543 4056 ἔρχεται
2581 3984 2891 4055 φωτισμὸν,
2922 3986 2981 4038 τὸ
3005 3988 3328 4058 πορφυροῦν
3373 3992 3472 4059 μὲν
3495 3993 3633 4045 dm-

2055 4078 2258 4142 δυθεὶς,
2287 4077 2316 4131 ὃ
2344 4076 2650 4146 παθητικόν
2695 4078 2831 4145 ἐστι,
2873 4081 3002 4145 τοὺς
3058 4078 3342 4152 μώλωπας
3373 4084 3454 4138 ἔτι
3507 4088 3636 4149 τοὺς

2057 4170 2387 4242 αἱματώδεις
2421 4170 2641 4240 δηλοῦν.
2942 4202 2961 4209 ι

2613 4264 2869 4322 ΚΕΦΑΛ.
2899 4266 3064 4322 ΡΞΡ.

2058 4356 2222 4408 Διατί
2251 4355 2826 4429 λευκὸτ-στιχάριον
2859 4360 3306 4428 περιϐάλλεται,
3346 4354 3444 4415 καί
3472 4378 3631 4429 περι-

2447 4422 2734 4486 ζώννύτὰι
2773 4432 2805 4483 ό
2836 4422 3269 4497 ὑπὸδιάκονος.

2131 4515 2208 4569 Τδ
2230 4516 2423 4570 λευκὸν
2491 4515 2549 4569 δὲ
2595 4518 2877 4587 στιχάριον
2926 4521 3028 4590 τὴν
3089 4519 3483 4592 καθαρωτέραν
3537 4527 3634 4591 τῆς

383 4606 475 4662 Dei
532 4606 755 4672 radios,
785 4605 1152 4672 amictuque
1177 4598 1608 4672 perturbationis
1653 4606 1953 4667 expertem.

2062 4608 2220 4678 δόξης
2245 4607 2335 4659 τοῦ
2376 4606 2513 4660 Θεοῦ
2545 4578 2841 4678 περιδεολὴν
2900 4578 3088 4680 ἀπαθῆ
3142 4578 3452 4680 ἐμιραίνων.
3504 4578 3637 4665 Εἶτα

382 4699 517 4752 Eum
549 4701 710 4753 etiam
736 4699 985 4765 cingunt,
1015 4704 1072 4748 ut
1100 4699 1325 4749 doceant
1357 4707 1480 4746 eum
1505 4707 1613 4745 non
1651 4704 1813 4760 posse
1838 4705 1958 4743 am-

381 4790 525 4860 plius
544 4797 761 4872 ‘vcstem
790 4787 1058 4841 castitatis
1111 4801 1213 4841 suo
1234 4784 1466 4839 arbitrio
1503 4783 1806 4852 possidere,
1863 4782 1957 4836 sed

381 4885 554 4952 ipsam
584 4881 729 4934 circa
759 4879 974 4934 lumbos
1019 4879 1138 4948 ejus
1180 4878 1236 4932 in
1278 4877 1592 4931 humilitate
1642 4874 1954 4944 constringi

384 4988 481 5043 per
513 4969 929 5040 temperantiam
969 4978 1023 5023 et
1048 4976 1380 5032 castitatem,
1412 4983 1535 5021 cum
1585 4967 1639 5020 in
1682 4976 1958 5035 posterum

349 5064 355 5071 '
384 5077 609 5117 uxorem
646 5061 846 5114 ducere
864 5075 970 5113 non
994 5059 1192 5127 possit.
1223 5058 1426 5113 Adiens
1448 5059 1612 5127 igitur
1636 5058 1955 5126 episcopum

383 5162 453 5209 ab
487 5168 554 5208 eo
582 5152 851 5222 signatur,
886 5150 1011 5220 quia
1042 5148 1203 5203 Iesus
1237 5150 1329 5217 qni
1358 5149 1721 5201 mortiticatus
1769 5157 1853 5201 est
1907 5154 1963 5199 et

383 5245 539 5308 vivit,
574 5246 749 5315 ipsum
781 5241 1089 5310 inaugurat,
1115 5250 1173 5317 et
1197 5238 1301 5308 ip5i
1333 5246 1712 5292 consecratur.
1771 5236 1963 5291 Manus

383 5352 604 5406 quoque
625 5336 702 5388 illi
733 5334 1053 5403 imponitur,
1076 5331 1337 5402 quoniam
1365 5332 1544 5383 oratio
1596 5344 1631 5384 a
1676 5329 1790 5384 Deo
1831 5342 1963 5399 gra-

385 5432 600 5483 tiamet
636 5427 1030 5498 protectionem
1066 5425 1280 5495 recipit.
1306 5423 1422 5491 Ipsa
1456 5433 1637 5477 autem
1694 5431 1779 5478 est
1807 5423 1963 5491 ejus-

384 5521 532 5574 modi
563 5539 576 5575 :
615 5537 635 5569 ι
669 5518 806 5585 Quia
839 5529 896 5572 tu
921 5518 1151 5587 posuisti
1193 5518 1246 5570 in
1278 5516 1521 5571 Ecclesii
1551 5516 1757 5585 gradus
1788 5525 1845 5569 et
1873 5530 1963 5568 or-

384 5613 562 5674 dines,
605 5612 750 5663 hunc
777 5624 997 5678 quoque
1022 5611 1265 5678 suscipe,
1302 5615 1360 5661 ut
1390 5616 1534 5661 aset
1563 5607 1737 5676 portis
1774 5605 1959 5673 templi

386 5704 560 5755 sancti
591 5701 693 5761 tui,
718 5718 737 5750 ι
769 5692 878 5754 etc.
908 5700 969 5754 Et
999 5714 1124 5754 cum
1148 5701 1351 5766 gratias
1371 5701 1500 5770 egit,
1519 5712 1754 5766 eumque
1776 5698 1969 5765 signa-

389 5794 488 5858 vit,
519 5791 740 5845 mantile
774 5794 1004 5863 imponit
1058 5795 1354 5864 epist-Opus
1394 5794 1512 5860 ejus
1564 5792 1815 5859 butncro,
1848 5805 1960 5844 ma-

2062 4700 2155 4752 καὶ
2177 4697 2617 4769 περιζωννύουσι
2648 4698 2862 4767 τοῦτον,
2919 4701 3001 4754 ἐτι
3038 4702 3115 4773 μὴ
3173 4703 3461 4767 ἁπολύτως
3494 4704 3637 4775 ἔχειν

2064 4790 2365 4859 δυνάμενον
2393 4789 2492 4859 τὴν
2522 4790 2622 4859 τῆς
2645 4791 2871 4857 ἁγνείας
2908 4793 3125 4863 στολὴν,
3162 4794 3301 4847 ἀλλὰ
3338 4799 3637 4867 περισφίγ-

2066 4898 2189 4950 γειν
2218 4881 2392 4951 αὐτὴν
2424 4883 2481 4933 ὲν
2516 4881 2846 4934 ταπεινώσει
2893 4884 3024 4954 περὶ
3060 4881 3159 4954 τὴν
3214 4884 3386 4953 ὀσφὺν
3440 4887 3636 4940 ἑαυτοῦ

2062 4973 2150 5027 διὰ
2187 4973 2286 5043 τῆς
2311 4974 2674 5043 σωφροσύνης
2706 4972 2802 5027 καί⁵
2849 4975 2949 5036 τῖς
2996 4976 3262 5044 ἁγνιιίαςυ
3294 4979 3418 5031 ἐπεὶ
3458 4980 3552 5032 καὶ
3579 4981 3639 5032 ού

2064 5063 2290 5117 δύναται
2316 5064 2622 5133 λαμϐάνειν
2670 5065 2752 5117 ἔτι
2780 5068 3038 5131 γυναῖκα.
3070 5068 3521 5140 Προσερχόμενος
3539 5071 3634 5124 οῦν

2067 5155 2452 5226 σφραγίζεται,
2490 5156 2571 5209 ὅτι
2605 5156 2953 5224 ὁνεκρωθεὶς
2988 5159 3081 5211 καὶ
3105 5159 3213 5223 ζῶν
3244 5159 3458 5228 Ἰησοῦς
3480 5161 3638 5225 οὗτος

2066 5249 2228 5301 αὐτὸν
2255 5249 2479 5311 τελειοῖ,
2525 5250 2618 5301 καὶ
2648 5248 2799 5320 αὐτῷ
2851 5247 3189 5304 ἀνατίθεται.
3241 5252 3350 5305 Καὶ
3394 5253 3642 5322 χειροθε-

2066 5336 2358 5405 τούμενος,
2384 5338 2465 5389 ὅτι
2501 5338 2610 5390 ἀπὸ
2639 5338 2779 5392 Θεοῦ
2817 5339 2918 5409 τὴν
2951 5340 3114 5411 χάγλιν
3144 5340 3256 5411 ἔχει
3283 5342 3378 5396 καὶ
3408 5344 3641 5413 σκέπην,

2066 5427 2132 5479 τὰ
2160 5427 2259 5496 τῆς
2310 5429 2476 5498 εὐχῆς
2510 5427 2751 5497 δέχεται.
2819 5429 2968 5498 Αὕτη
3025 5429 3082 5483 δέ
3111 5432 3281 5496 ἐστιν,
3317 5432 3399 5484 ὅτι
3434 5432 3564 5486 ι’Σῦ
3618 5435 3647 5486 ὁ

2068 5519 2294 5586 θέμενος
2324 5521 2383 5571 ἐν
2421 5523 2488 5589 τῇ
2516 5520 2821 5593 Ἐκκλησία
2880 5519 3126 5592 βαθμοὺς
3156 5522 3257 5575 καὶ
3288 5522 3493 5588 τάξεις,
3547 5526 3645 5578 καὶ

2072 5610 2267 5662 τοῦτον
2308 5612 2624 5681 πρόσδεξαι,
2657 5613 2732 5677 ὼς
2774 5614 2841 5667 ἂν
2893 5614 3233 5684 παρίσταται
3277 5617 3401 5678 ταῖς
3448 5618 3645 5680 πύλαις

2069 5701 2166 5755 τοῦ
2214 5702 2344 5754 ναοῦ
2408 5703 2502 5755 τοῦ
2556 5706 2715 5771 ἁγίου
2780 5723 2897 5769 σου,
2951 5705 3091 5759 ὥστε
3144 5708 3413 5761 ἀνάπτειν
3456 5709 3648 5779 λύχνον

2077 5798 2445 5862 σκηνώματός
2500 5796 2661 5861 δόξης
2706 5815 2826 5866 σου,
2887 5796 2981 5852 καὶ
3013 5797 3224 5853 τέλειον
3272 5796 3412 5856 εἶναι
3460 5801 3647 5858 δοῦλόν
