4090 6258
408 329 513 390 3ῗ3

1463 336 1559 398 DE
1601 335 1882 410 SACRIS
1913 335 2396 399 ORDINATION
2416 338 2612 400 lBUS.

3541 337 3653 404 374

409 450 727 511 τελευταίας
759 452 949 522 εὐχῆς,
976 454 1138 525 σιγῆς
1186 457 1511 526 γινομένης,
1571 459 1690 528 ἦτοι
1737 459 1844 529 πρὸ
1871 459 1966 514 τοῦ

2083 459 2406 522 postremam
2431 456 2741 510 orationem
2777 455 2998 512 silentio
3024 455 3191 520 facto,
3224 454 3339 511 sive
3361 465 3652 524 antequam

408 541 585 594 εἰπεῖν
617 541 708 595 τὸν
731 542 1000 612 διάκονον,
1057 564 1077 598 s
1115 548 1343 602 Πάντων
1362 550 1471 603 τῶν
1523 550 1697 617 ἁγίων
1765 569 1979 622 μνημο-

408 633 722 696 νεύσαντες,
757 653 777 688 ο
815 637 925 708 πρδ
954 637 1149 692 τούτου
1173 641 1297 711 τρὶς
1335 641 1468 705 στάς
1501 644 1558 696 ὲν
1579 642 1658 713 τῷ
1685 642 1860 713 μέσῳ,
1881 644 1979 698 καὶ

407 727 530 796 τρὶς
557 727 800 782 ἀνειπὼν
822 730 1086 800 ὲκφώνως
1107 733 1190 795 τδ,
1237 751 1256 785 ι
1293 734 1452 789 Ὅσοι
1488 737 1693 801 πιστοὶ,
1728 755 1746 788 ι
1779 737 1842 791 τὺ
1877 739 1980 808 μὲν

405 819 702 888 ἐκπληρῶν
745 822 848 891 τὴν
899 821 996 877 τοῦ
1045 824 1406 881 ὐποδιακόνου
1443 827 1798 898 ,λειτουργίαν
1850 831 1979 895 τοὺς

408 912 858 981 κατηχουμένους
892 913 1250 980 ὲκὸἀλλοντος
1283 919 1378 970 καὶ
1407 917 1536 982 τοὺς
1598 919 1830 983 πιστοὺς
1885 921 1981 990 μό-

407 1019 530 1065 νους
554 1001 634 1064 είς
665 1003 766 1073 τὴν
813 1005 1132 1077 ἱερουργίαν
1166 1011 1259 1062 καὶ
1293 1009 1580 1063 κοινωνίαν
1615 1011 1869 1077 ἀφιέντος
1919 1027 1980 1063 τε

411 1094 507 1146 καὶ
537 1094 1002 1166 συγκαλουμένου,
1033 1097 1064 1152 δ
1123 1100 1218 1154 καὶ
1250 1100 1402 1155 εστιν
1431 1102 1483 1167 ,ὁ
1518 1099 1866 1172 βεϐαιότερος
1894 1100 1980 1155 λο-

413 1186 613 1255 γισμός
636 1202 652 1216 ·
689 1186 899 1258 μέλλων
928 1191 1038 1260 γάρ
1088 1194 1515 1262 χειροτονεῖσθαι
1552 1195 1820 1258 διάκονος,
1865 1187 1979 1248 οἷον

410 1275 702 1329 ἀποδίδωσι
731 1277 793 1332 τδ
824 1279 916 1332 τοῦ
946 1280 1306 1335 ὐποδιακὸνου
1335 1283 1516 1352 ἔργον,
1548 1285 1624 1348 ὡς
1653 1285 1748 1338 καὶ
1788 1284 1818 1337 ὁ
1860 1302 1980 1356 χει-

415 1368 748 1435 ροτονεῖσθαι
805 1371 1020 1441 μέλλων
1074 1375 1452 1446 πρεσδύτερος
1498 1377 1868 1446 ἀναγινώσκει
1917 1380 1981 1434 τὸ

412 1461 767 1526 Εὐαγγέλιον,
802 1453 899 1517 καὶ
948 1465 1018 1518 τὰ
1069 1466 1203 1534 ἆγια
1255 1468 1349 1521 ἐπὶ
1391 1470 1643 1539 κεφαλῆς
1689 1472 1843 1539 κατά¹
1880 1472 1982 1542 τὴν

413 1548 620 1600 εἴσοδον
675 1549 872 1621 φέρει·
936 1553 998 1606 τό
1059 1553 1119 1607 δὲ
1186 1558 1484 1628 μαρτυρῶν
1563 1561 1700 1614 πᾶσι
1765 1563 1983 1626 πιστοῖς

407 1639 606 1695 ἑαυτὸν
665 1644 694 1696 ὀ
727 1649 1159 1716 χειροτονεῖσθαι
1219 1652 1433 1720 μέλλων
1487 1652 1846 1719 ὖποδιάκονος
1901 1657 1982 1719 είς

406 1729 686 1800 διάκονον,
738 1737 816 1801 ὡς
860 1739 1100 1812 καθαρὸς
1154 1744 1232 1800 ὣν
1273 1748 1370 1802 ἐπὶ
1408 1749 1652 1818 μάρτυσι
1708 1752 1845 1806 πᾶσι
1884 1751 1980 1806 καὶ

409 1822 649 1892 μάλιστα
674 1827 754 1898 τῷ
782 1829 923 1901 Θεῷ,
967 1837 1414 1908 χειροτονηθῆναι
1447 1841 1834 1912 προσέρχεται.

477 1915 674 1970 Τοίνυν
700 1920 838 1988 μετὰ
867 1921 968 1994 τὴν
1002 1925 1190 1996 εὐχὴν,
1227 1946 1248 1980 ι
1277 1930 1390 1984 Καὶ
1417 1931 1573 1985 ἔσται
1599 1933 1668 1986 τά
1722 1935 1845 2005 ιλέη
1880 1933 1977 1988 τοῦ

409 2007 642 2074 μεγάλου
675 2011 838 2076 Θεοῦ,
883 2033 902 2066 r
955 2016 1208 2072 κελεύσει
1251 2019 1345 2074 τοῦ
1392 2021 1697 2095 ἀρχιερέως
1729 2025 1836 2080 ὑπὸ
1887 2025 1980 2079 δύο

327 2153 330 2156 ,
403 2097 671 2155 διακόνων
703 2104 781 2167 είς
809 2105 870 2158 τδ
903 2107 1058 2177 βῆμα
1105 2111 1411 2180 εἰσάγεται.
1448 2117 1558 2170 Καὶ
1586 2117 1979 2188 ἀναπτομένων

408 2189 603 2257 φώτων
625 2196 706 2257 είς
732 2196 889 2260 δόξαν
915 2198 1052 2253 Θεοῦ
1080 2202 1176 2256 τοῦ
1231 2205 1450 2275 πρώτου
1506 2209 1705 2277 φωτὸς,
1751 2209 1844 2272 καὶ
1870 2209 1980 2262 δεῖ·

407 2300 522 2352 γμα
552 2286 647 2340 τοῦ
673 2289 822 2343 θείου
845 2295 1160 2364 φωτισμοῦ,
1208 2299 1331 2367 τρὶς
1365 2299 1426 2351 τὸ
1460 2299 1848 2373 θυσιαστήριον
1882 2320 1981 2356 πε-

409 2377 710 2449 ριέρχεται,
766 2388 1272 2455 παρακρατούντων
1319 2391 1481 2445 αὐτὸν
1529 2394 1640 2446 τῶν
1690 2395 1979 2462 διακόνων,

405 2471 501 2523 καὶ
531 2471 738 2542 ἐτέρων
789 2481 1221 2549 προηγουμένων
1242 2518 1258 2544 ,
1297 2483 1394 2534 καὶ
1437 2485 1660 2553 χορείαν
1687 2485 1981 2539 συνιστών-

406 2579 536 2629 των,
562 2565 656 2618 κοιλ⁵
692 2563 772 2627 τδ,
802 2586 820 2618 ι
868 2569 1050 2633 Ἀγιοι
1095 2572 1391 2642 μάρτυρες,
1444 2591 1462 2624 ι
1510 2572 1773 2642 έκφώνως
1823 2575 1980 2645 ᾀδόν-

409 2671 540 2717 των,
571 2657 667 2708 καὶ
691 2657 774 2721 τδ,
812 2675 833 2709 ι
873 2660 1013 2725 Δόξα
1041 2677 1148 2727 σοι,
1191 2662 1398 2732 Χριστὲ
1430 2665 1460 2718 ὁ
1493 2663 1648 2728 Θεὸς,
1679 2683 1698 2717 ι
1738 2666 1832 2718 καὶ
1860 2666 1980 2735 τρὶς

409 2743 866 2813 προσκυνούντων
899 2748 957 2800 έν
993 2751 1059 2818 τῇ
1096 2753 1342 2822 τραπέζῃ
1378 2752 1526 2817 ἅπαξ
1556 2755 1702 2806 κατά
1734 2755 1979 2824 χορείαν,

411 2835 488 2898 ὡς
512 2837 569 2887 ὲν
597 2837 674 2903 τῷ
703 2837 796 2891 τοῦ
823 2839 959 2894 Θεοῦ
996 2843 1194 2914 θρόνῳ,
1240 2844 1409 2898 αὐτοῦ
1438 2844 1532 2898 τοῦ
1582 2847 1820 2916 Χριστοῦ
1867 2849 1979 2910 τοῖς

414 2929 734 2998 μυστηρίοις
762 2932 940 2985 ἐκεῖσε
964 2935 1333 3004 προκειμένου
1353 2936 1450 2988 καὶ
1474 2936 1816 3005 καθημένου.
1843 2939 1977 3008 Τρὶς

2083 544 2350 602 diaconus
2403 548 2572 614 dicat,
2634 549 2882 603 omnium
2960 557 3276 606 sanctorum
3331 548 3652 602 memoriam

2081 645 2427 706 agentes.tcr
2459 639 2512 692 in
2561 639 2741 694 medio
2775 647 2947 706 stans,
2985 647 3069 695 ter
3109 639 3251 694 elata
3314 653 3448 692 voce
3512 637 3652 690 dicat

2083 726 2246 782 illud:
2274 728 2623 801 «Quicunque
2644 731 2851 787 ﬁdeles.
2869 751 2886 784 ι
2910 734 3029 797 Quo
3047 732 3268 802 quidem
3289 746 3353 785 ex
3371 746 3479 785 una
3504 715 3653 798 parte

2080 820 2400 887 exsequitur
2420 838 2636 877 sacrum
2680 823 3000 880 subdiaconi
3053 823 3444 886 ministerium,
3510 823 3653 890 ipsos

2081 911 2505 968 catechumenos
2538 913 2811 983 ejicicnte,
2847 925 2903 970 et
2941 915 3124 971 ﬁdeles
3159 915 3309 970 solos
3337 913 3401 966 ad
3437 928 3652 968 sacram

2083 1008 2463 1077 mysteriorum
2495 1009 2915 1066 celebrationem
2980 1019 3036 1066 et
3059 1008 3508 1066 communionem
3557 1007 3652 1060 ad-

2084 1099 2332 1154 mittente
2382 1111 2436 1155 et
2463 1110 2822 1156 convocante.
2860 1101 2992 1167 Quae
3041 1101 3276 1171 hujusce
3317 1101 3393 1155 rei
3446 1097 3653 1153 ﬁrmior

2079 1200 2134 1246 et
2159 1192 2385 1246 solidior
2413 1193 2551 1248 ratio
2571 1200 2675 1248 est.
2715 1191 2996 1247 Diaconus
3028 1193 3176 1247 enim
3225 1191 3450 1260 jamjam
3509 1188 3653 1244 ordi-

2081 1283 2298 1338 nandus
2337 1285 2503 1340 veluti
2536 1284 2714 1340 reddit
2742 1293 2797 1340 et
2830 1285 3055 1340 exhibet
3102 1283 3428 1339 subdiaconi
3490 1297 3650 1350 opus,

2082 1390 2188 1431 non
2219 1390 2378 1431 secus
2405 1391 2469 1431 ac
2497 1377 2785 1448 presbyter
2831 1377 3171 1432 ordinandus
3230 1375 3362 1445 legit
3411 1373 3654 1440 Evange-

2081 1467 2237 1534 lium,
2263 1475 2558 1538 sanctaque
2575 1483 2737 1536 super
2772 1468 3007 1534 caputiu
3077 1465 3304 1521 introitu
3345 1471 3546 1534 gestat.
3573 1462 3650 1519 lto

2081 1575 2302 1631 quoque
2329 1561 2423 1631 qui
2457 1577 2524 1615 ex
2562 1561 2904 1616 subdiacono
2937 1561 2986 1612 in
3021 1563 3313 1612 diaconum
3347 1557 3653 1618 ordinatur,

2080 1653 2342 1708 omnibus
2371 1651 2624 1707 ﬁdelibus
2645 1659 2882 1708 testatur
2914 1665 2971 1703 se
3007 1665 3199 1717 purmn
3227 1659 3279 1702 et
3336 1644 3646 1700 immacula.

2085 1752 2250 1799 tuma
2288 1753 2366 1800 tot
2397 1744 2628 1801 testibus
2674 1751 2730 1799 et
2789 1757 2819 1797 a
2880 1741 2991 1797 Deo
3047 1741 3284 1795 maxime
3328 1738 3654 1809 iudicatum,

2081 1838 2416 1894 consecrari.
2916 1889 2929 1896 .

2151 1929 2282 1988 Post
2311 1931 2612 1987 orationem
2646 1930 2832 2001 igitur,
2871 1939 2926 1985 et
2950 1939 3241 2000 postquam
3288 1928 3497 1982 dictum
3519 1933 3600 1978 est
3637 1941 3649 1978 :

2085 2041 2105 2076 ι
2128 2023 2195 2078 Ει
2213 2033 2374 2079 erunt
2401 2021 2790 2077 misericoridas
2815 2021 2998 2093 magni
3033 2020 3146 2086 Dei,
3176 2039 3194 2072 ι
3217 2019 3377 2090 jussu
3408 2016 3647 2086 ορίεουρὶ

2080 2115 2372 2171 adducitur
2401 2130 2432 2170 a
2464 2113 2686 2170 duobus
2740 2113 3010 2178 diaconis,
3079 2122 3134 2168 et
3171 2113 3227 2167 in
3279 2109 3654 2169 sanctuarium

2079 2207 2450 2263 introducitur
2477 2223 2494 2274 ;
2520 2205 2880 2276 accensisque
2930 2202 3299 2260 luminaribus
3333 2201 3389 2255 in
3424 2199 3654 2270 gloriam

2081 2299 2174 2356 Dei
2206 2301 2372 2372 primi
2408 2299 2660 2366 luminis,
2681 2309 2737 2355 et
2763 2297 3287 2354 demonstrationem
3307 2295 3506 2351 divina:
3533 2293 3654 2347 illu-

2080 2392 2418 2457 minationis,
2439 2400 2524 2447 ter
2551 2392 2724 2446 altare
2744 2389 3234 2454 circnmambulat,
3265 2385 3577 2442 tenentibus
3598 2390 3653 2438 et

2079 2483 2406 2539 ducentibus
2464 2497 2592 2537 eum
2644 2482 2893 2538 diaconis
2947 2483 3184 2552 aliisque
3217 2477 3657 2550 praecedentibus

2079 2575 2338 2629 choream
2360 2573 2852 2643 componentibus,
2887 2585 2942 2628 et
2980 2573 3124 2628 elata
3184 2585 3319 2626 voce
3372 2572 3655 2641 hymnum,

2087 2683 2107 2720 ι
2143 2664 2328 2721 Sancti
2360 2672 2649 2735 martyres.
2673 2684 2690 2717 ι
2715 2666 3060 2731 canentibus,
3080 2675 3246 2736 atque
3271 2664 3458 2726 etiam,
3491 2679 3509 2712 ι
3529 2661 3658 2717 Glu-

2081 2757 2158 2810 ria
2196 2757 2314 2822 tibi,
2347 2757 2564 2812 Christe
2594 2757 2778 2825 Deus;
2821 2777 2840 2810 ι
2870 2766 2955 2813 ter
3006 2759 3172 2815 etiam
3209 2755 3570 2813 reverentiam
3602 2761 3656 2806 et

2079 2849 2494 2904 inclinationem
2536 2857 2743 2905 sancta:
2785 2865 2986 2910 mensae
3033 2849 3382 2913 facientibus,
3400 2845 3569 2903 semel
3602 2845 3654 2900 in

2083 2955 2410 3010 unaquaque
2436 2940 2662 3005 chorea,
2687 2941 2804 2997 sive
2836 2941 3028 2996 altaris
3057 2941 3439 2997 circumitione
3490 2938 3656 2993 veluti

412 3019 512 3088 μὲν
538 3016 631 3073 οὖν
661 3022 930 3077 κυκλοῦσι
959 3025 1046 3077 διὰ
1081 3027 1180 3096 τὴν
1225 3029 1393 3096 τιμὴν
1423 3028 1522 3096 τῆς
1556 3029 1788 3097 Τριάδος
1808 3045 1822 3060 ·
1860 3031 1978 3083 διά-

2083 3028 2296 3103 Christo
2327 3031 2450 3100 ipso
2476 3031 2531 3085 in
2560 3031 2759 3087 throno
2784 3031 2879 3086 Dei
2912 3032 3024 3087 illic
3073 3032 3413 3088 consistente
3465 3039 3522 3085 et
3569 3043 3658 3083 se-

409 3128 556 3165 κονοι
587 3111 644 3165 δὲ
683 3117 1159 3184 παρακρατοῦσιν.
1187 3118 1377 3188 ἐπειδὴ
1422 3119 1609 3188 μέλλει
1638 3121 1719 3178 είς
1751 3121 1849 3187 τὴν
1881 3120 1975 3172 τά·

2083 3122 2242 3177 dente
2272 3137 2397 3177 cum
2422 3123 2676 3192 mysteria
2701 3124 3069 3178 celebrantur.
3097 3122 3203 3176 Ter
3231 3123 3396 3192 igitur
3425 3121 3660 3176 circum-

410 3203 494 3268 ξιν
525 3207 704 3260 αὐτῶν
744 3207 917 3261 ἐλθεῖν
942 3225 957 3242 ο
985 3205 1138 3280 ᾆσμα
1169 3211 1226 3263 δὲ
1260 3211 1450 3282 ᾄδεται
1503 3213 1611 3265 τῶν
1658 3211 1978 3282 μαρτύρων,

409 3298 492 3351 ὅτι
521 3301 616 3352 καὶ
636 3302 663 3353 ὁ
701 3300 1116 3372 προσαγόμενος
1146 3303 1349 3372 ἧθλησε
1391 3304 1592 3373 βιώσας
1623 3305 1829 3368 καλῶς,
1888 3306 1980 3359 καὶ

410 3391 507 3460 τὴν
533 3393 720 3445 πίστιν
757 3394 1017 3463 ἐτήρησε,
1054 3395 1151 3449 καὶ
1190 3398 1292 3462 τὴν
1320 3396 1548 3462 ἁγνείαν
1601 3396 1855 3465 ἐφύλαξε,
1887 3397 1982 3451 καὶ

410 3485 498 3537 διὰ
527 3485 687 3538 τοῦτο
743 3486 1136 3555 στεφανοῦται.
1195 3488 1360 3541 Ὅθεν
1392 3490 1490 3542 καὶ
1531 3489 1656 3551 τοὺς
1691 3489 1979 3558 μάρτυρας

413 3581 783 3648 συγχορευτὰς
807 3581 928 3632 τότε
959 3582 992 3650 ἠ
1017 3579 1319 3650 Ἐκκλησία
1351 3583 1724 3647 ἐπικαλεῖται,
1762 3584 1855 3635 καὶ
1887 3583 1979 3635 τὸν

413 3672 557 3725 θεῖον
594 3672 745 3725 ἔλεον
769 3671 1009 3734 δαψιλῶς
1028 3674 1160 3740 ἡμῖν
1183 3672 1433 3726 ἐπελθεῖν
1467 3673 1798 3726 ὲκδυσωπεῖ.
1815 3673 1978 3727 ’Λλλά

415 3762 509 3814 καὶ
531 3761 622 3830 ξιον
649 3762 984 3832 τελετάρχην
1018 3761 1274 3832 Χριστὸν,
1303 3763 1366 3814 τὸ
1395 3762 1505 3814 τῶν
1535 3762 1853 3816 ἀποστόλων
1885 3767 1980 3816 καὶ

412 3853 523 3904 τῶν
557 3853 854 3923 μαρτύρων
880 3853 1222 3921 ἀγαλλίαμα,
1275 3853 1550 3922 λαμπρῶς
1585 3853 1682 3907 καὶ
1730 3853 1977 3918 δικαίως,

412 3944 493 3996 ὅτι
522 3943 619 4010 τῆς
655 3945 810 4011 νίκης
844 3943 1068 3996 καὶτῶν
1092 3944 1378 4010 στεφάνων
1410 3937 1566 4007 οὗτος
1597 3946 1626 4000 ό
1655 3945 1897 4014 ἀρχηγός
1918 3961 1979 3999 τε

411 4036 505 4088 καὶ
564 4036 768 4100 αἴτιος,
827 4035 903 4098 ὡς
959 4035 1054 4088 καὶ
1101 4035 1389 4087 ἀποθανὼν
1445 4035 1587 4104 ὑπὲρ
1628 4036 1810 4104 ἡμῶν,
1886 4035 1980 4088 καὶ

410 4125 794 4196 ὐπερυψωθελς
825 4125 898 4196 τῷ
933 4127 1178 4194 νικῆσαι,
1204 4125 1504 4196 δοξολογεῖέ
1539 4125 1704 4178 ’Δλλά
1739 4125 1834 4178 καὶ
1878 4125 1978 4192 τῆς

411 4217 641 4285 Τριάδος
691 4217 750 4270 τὸ
793 4216 1082 4285 όμοούσιον
1131 4217 1213 4268 δεῖ
1273 4216 1571 4286 κηρύττειν
1607 4229 1623 4248 '
1671 4214 1810 4286 αὐτη
1870 4217 1979 4286 γὰρ

409 4311 440 4375 ἡ
486 4308 656 4370 ὅντως
695 4308 1021 4376 ἀγαλλίασις
1077 4309 1176 4361 καὶ
1201 4297 1347 4378 χαρά
1375 4311 1443 4378 τῇ
1474 4307 1582 4360 τῶν
1611 4307 1979 4376 ἑορταζόντων

409 4403 469 4453 ἑν
505 4401 756 4470 οὐρανοῖς
783 4403 994 4471 χορείᾳ,
1028 4401 1126 4453 καὶ
1153 4401 1391 4470 μάλιστα
1412 4401 1506 4453 ἐπὶ
1539 4401 1869 4470 καθιερώσει
1887 4402 1981 4454 ἀνο

381 4493 530 4561 .896;
564 4492 712 4563 ἱεροῦ
742 4493 836 4545 καὶ
855 4493 1134 4563 ὑπηρέτου
1165 4492 1278 4546 τῶν
1307 4491 1446 4546 ἄνω.

2081 3225 2215 3268 eunt
2261 3214 2318 3268 in
2361 3213 2622 3268 honorem
2664 3214 2972 3268 Trinitatis.
3007 3213 3231 3268 Diaconi
3291 3218 3474 3266 autem
3530 3224 3655 3264 eum

2083 3310 2290 3368 tenent,
2325 3317 2390 3356 eo
2424 3303 2568 3372 quod
2600 3303 2666 3356 ad
2699 3317 2889 3357 eorum
2925 3303 3173 3358 ordinem
3233 3311 3290 3356 et
3334 3302 3655 3371 dignitatem

2083 3395 2450 3450 accersendus
2469 3405 2571 3450 est.
2614 3396 2899 3450 Canticum
2931 3405 3112 3450 autem
3175 3407 3476 3465 martyrum
3505 3394 3658 3450 cani-

2082 3495 2190 3546 tur,
2223 3502 2288 3541 eo
2317 3486 2583 3556 quodqui
2632 3488 2946 3551 adducitur,
2990 3487 3151 3556 hujus
3199 3489 3324 3541 vita;
3379 3496 3656 3542 certamen

2083 3579 2309 3649 pulchre
2338 3580 2571 3648 peregit,
2599 3580 2756 3634 ﬁdem
2785 3582 3046 3645 servavit,
3073 3582 3378 3635 castitatem
3413 3582 3657 3635 custodia

2082 3670 2180 3736 vit,
2211 3679 2266 3724 et
2301 3681 2584 3739 propterea
2620 3679 2944 3727 coronatur.
2971 3672 3112 3727 Hinc
3138 3681 3250 3727 tum
3275 3672 3518 3726 Ecclesia
3547 3688 3654 3726 non

2083 3763 2258 3817 solum
2283 3771 2548 3831 martyres
2585 3763 2800 3816 choreae
2823 3765 3004 3816 socios
3028 3763 3266 3826 invocat,
3306 3761 3658 3830 divinamque

2083 3855 2519 3909 misericordiam
2553 3853 2710 3908 nobis
2734 3855 2925 3908 adesse
2961 3863 3015 3908 et
3048 3855 3270 3924 largiter
3302 3854 3524 3908 attinere
3555 3853 3648 3906 imo

2080 3954 2280 4013 petrat,
2317 3962 2504 4001 verum
2534 3948 2697 4000 etiam
2730 3946 3110 4014 mysteriorum
3167 3945 3469 4012 principem
3492 3944 3654 3998 Chri-

2083 4046 2249 4099 stum,
2281 4037 2650 4104 apostolorum
2685 4045 2739 4089 et
2768 4045 3066 4106 martyrum
3093 4034 3350 4103 gaudium
3398 4033 3658 4102 praeclare
3690 4040 3693 4042 ’

2082 4138 2134 4182 et
2163 4127 2308 4197 juste
2337 4129 2521 4182 laudat
2543 4139 2596 4183 et
2632 4132 2896 4193 celebrat,
2922 4129 3178 4198 quoniam
3218 4129 3332 4196 ipse
3360 4137 3444 4181 est
3483 4128 3658 4180 victo—

2081 4219 2178 4274 ria:
2211 4229 2264 4273 et
2297 4234 2622 4274 coronarum
2659 4236 2856 4289 prteses
2899 4229 2954 4274 et
2988 4230 3198 4283 auctor,
3224 4227 3411 4287 utpote
3433 4219 3524 4287 qui
3561 4232 3659 4287 pro

2083 4309 2244 4364 nobis
2285 4317 2534 4364 mortuus
2571 4319 2675 4373 est,
2710 4318 2874 4378 atque
2920 4319 2977 4363 ut
3010 4310 3295 4364 vincamus
3345 4309 3659 4375 superemi-

2086 4411 2254 4458 tatus.
2291 4399 2400 4456 Nec
2428 4403 2530 4456 hoc
2569 4412 2805 4467 tantum,
2838 4402 2931 4458 sed
2955 4403 3118 4456 etiam
3179 4402 3519 4470 praedicanda
3572 4411 3660 4454 est

2089 4497 2140 4552 in
2171 4505 2363 4550 sancta
2420 4493 2687 4548 Trinitate
2735 4494 3292 4548 consubstantialitas.
3343 4495 3460 4560 Ipsa
3512 4493 3656 4546 enim

411 4599 539 4639 vere
571 4593 655 4638 est
691 4585 979 4640 exsultatio
1024 4593 1078 4641 ct
1111 4585 1370 4655 gaudium
1427 4584 1641 4640 choreae
1694 4583 1891 4640 festum
1947 4587 1999 4642 iu
2054 4589 2208 4644 cmlis
2253 4589 2669 4653 celebrantium,
2726 4591 2958 4644 maxime
2990 4604 3112 4642 cum
3147 4586 3404 4642 sacerdos
3431 4595 3485 4642 et
3529 4602 3658 4642 san-

412 4691 624 4734 ctorum
661 4680 911 4735 minister
951 4690 1326 4740 consecratur.

485 4773 639 4827 Μετά
663 4775 763 4844 τὴν
795 4777 1021 4845 τριττὴν
1048 4771 1143 4831 οὖν
1169 4777 1410 4846 χορείαν,
1438 4779 1496 4830 ὲν
1623 4779 1718 4830 καὶ
1759 4779 1982 4848 ἄγγελοι

417 4865 573 4936 143
609 4865 1012 4934 συγχορεύουσι
1074 4869 1278 4938 μᾶλλον
1333 4868 1493 4937 ἡμῶν
1538 4869 1977 4938 εὐφραινόμενοι,

416 4957 555 5024 ὑπὲρ
586 4956 735 5026 ἡμᾶς
767 4957 878 5025 γάρ
911 4959 1018 5009 είσι
1051 4959 1116 5027 τῇ
1147 4957 1373 5025 γνώσει,
1397 4957 1628 5021 καὶτοῖς
1669 4961 1976 5028 γινομένοις

416 5048 728 5111 ἐξίστανται
771 5048 935 5100 πλέον
956 5048 1116 5116 ἡμῶν
1150 5031 1557 5117 αἰσθανόμενοι,
1588 5051 1926 5118 προσάγεται
1955 5054 1983 5103 ὁ

417 5139 900 5208 χειροτονούμενος
925 5139 1004 5208 τῷ
1036 5142 1310 5210 ἀρχιερεῖ,
1345 5142 1651 5203 δεικνύντος
1667 5141 1762 5195 τοῦ
1795 5143 1982 5211 ἔργον,

417 5231 491 5292 ὡς
527 5229 753 5298 ὲξελέγη
784 5247 841 5282 τε
873 5232 968 5283 καὶ
1007 5231 1190 5292 ἱκανὸς
1219 5231 1450 5302 δειχθεὶς
1483 5231 1560 5301 τῷ
1587 5232 1706 5301 Θεῷ
1745 5234 1989 5300 λειτουρ-

419 5321 534 5385 γεῖν
567 5321 1022 5389 προσκομίζεται.
1065 5320 1378 5374 ’Υποκλίνει
1433 5324 1617 5376 τοίνυν
1656 5324 1757 5393 τὴν
1810 5340 1984 5391 κεφα-

417 5409 538 5477 λὴν,
573 5411 789 5474 δεεκνὺς
819 5412 920 5481 τὴν
945 5413 1212 5479 δουλείαν,
1241 5414 1333 5467 κοιλ⁵
1361 5414 1436 5477 ὡς
1485 5415 1605 5484 μετ’
1633 5415 1984 5486 εὐχαριστίας

423 5499 515 5551 καὶ
574 5499 960 5563 ταπεινώσεως
1020 5499 1234 5570 δέχεται
1292 5503 1362 5556 τὰ
1414 5502 1518 5571 τῆς
1575 5502 1816 5574 χάριτος.
1875 5504 1987 5557 Καὶ

423 5588 787 5660 σφραγίζεται
819 5590 1006 5658 τρίτον
1064 5593 1163 5660 τὴν
1207 5593 1455 5661 κεφαλὴν
1511 5596 1609 5663 τῆς
1645 5595 1986 5664 χειροτονίας

2169 4777 2299 4832 Post
2331 4777 2546 4830 tertiam
2584 4775 2752 4844 igitur
2769 4774 3026 4828 choreum
3055 4787 3218 4843 quam
3243 4773 3418 4843 angeli
3438 4779 3658 4844 quoque

2089 4879 2255 4940 agunt
2281 4867 2486 4936 majore
2521 4880 2688 4935 quam
2720 4881 2820 4920 nos
2853 4866 3036 4921 latitia
3070 4867 3192 4936 (nos
3219 4867 3365 4920 enim
3393 4867 3656 4935 cognitio-

2087 4978 2155 5017 nc
2185 4960 2541 5022 antecedunt,
2581 4969 2636 5013 et
2662 4974 2784 5026 qua:
2824 4960 2962 5017 tinnt
2993 4959 3164 5025 magis
3195 4972 3357 5026 quam
3388 4973 3487 5012 nos
3533 4973 3656 5011 seno

2086 5055 2281 5107 tientes
2311 5068 2497 5105 eorum
2525 5052 2888 5106 admiratione
2921 5050 3235 5120 capiuntur)
3270 5069 3282 5104 :
3317 5051 3657 5104 ordinandus

2086 5147 2138 5199 in
2165 5154 2516 5214 ceuspectum
2548 5143 2786 5212 episcopi
2813 5143 3114 5197 adducitur
3147 5157 3314 5210 opere
3336 5141 3656 5194 ostendente

2087 5235 2230 5304 quod
2259 5236 2466 5289 electus
2519 5244 2622 5299 est,
2653 5244 2707 5287 et
2769 5240 3132 5302 praesentatur
3181 5240 3338 5284 antea
3395 5231 3654 5298 probatus

2088 5326 2318 5380 idoneus
2353 5331 2409 5378 ttt
2441 5324 2550 5384 Deo
2579 5324 2876 5378 ministret.
2908 5323 3144 5377 Inclinat
3186 5322 3350 5389 igitur
3395 5329 3561 5388 caput
3593 5321 3646 5372 in

2087 5417 2366 5470 servitutis
2393 5427 2796 5484 argumentum,
2821 5422 2985 5482 atque
3006 5423 3066 5466 ut
3092 5414 3433 5468 demonstret
3452 5431 3508 5465 Su.
3529 5428 3649 5464 cum

2086 5508 2380 5576 gratiarum
2401 5507 2613 5560 actione
2628 5516 2684 5561 et
2703 5506 3008 5559 humilitate
3025 5505 3212 5572 gratia:
3235 5504 3371 5556 dona
3392 5502 3651 5570 recipere.

2091 5584 2197 5652 Ter
2225 5600 2278 5652 in
2299 5603 2477 5667 capite
2509 5613 2673 5652 cruce
2700 5599 2946 5664 signatur
2991 5598 3044 5650 in
3104 5594 3376 5666 primitias
3429 5596 3652 5649 ordina-

421 5680 500 5740 είς
525 5678 799 5750 ἀπαρχὴν,
831 5681 932 5750 τῆς
959 5683 1181 5752 τριττῆς
1207 5683 1356 5747 θείας
1387 5685 1736 5746 ὑποστάσεως
1762 5688 1980 5739 ἐπιϐοω-

2091 5691 2280 5752 tionis,
2319 5692 2493 5744 tribus
2527 5690 2727 5743 divinis
2761 5689 3048 5742 Trinitatis
3095 5687 3343 5756 personis
3384 5702 3546 5756 super
3570 5688 3653 5752 ip-

433 5771 599 5840 μένης
625 5770 795 5841 αὐτῷ,
830 5773 912 5827 ὅτι
943 5775 1049 5827 πᾶν
1079 5774 1307 5847 δώρημα
1341 5777 1398 5842 ἐξ
1432 5778 1600 5846 αὐτῆς
1630 5779 1714 5832 διὰ
1745 5779 1838 5832 τοῦ
1871 5781 1989 5832 éﬂ/

2094 5797 2212 5836 sum
2245 5782 2382 5836 elata
2423 5797 2552 5836 voce
2591 5778 2878 5846 invocatis,
2918 5781 3046 5846 quia
3085 5796 3147 5835 ex
3181 5781 3295 5850 ipsa
3338 5792 3500 5832 omne
3554 5777 3653 5835 d01-
