4114 6272
389 282 499 344 375

385 414 516 453 num
541 412 639 471 per
671 413 839 455 unum
863 413 927 455 ex
957 400 1077 469 ipsa
1112 403 1339 458 verbum
1399 406 1764 470 incarnatum,
1817 417 1871 464 et
1904 409 1957 463 in

384 506 552 547 carne
598 491 943 546 cruciﬁxum.
972 492 1181 550 Deinde
1216 512 1385 551 unum
1454 500 1790 568 genuﬁectit,
1848 517 1956 571 quo

384 583 779 652 subiectionem
832 598 990 638 suam
1040 595 1106 641 'et
1163 586 1638 647 consecrationem
1704 602 1961 651 testatur.

384 673 692 730 Adducitur
725 674 895 739 enim,
922 665 1207 753 quoniam,
1239 688 1300 735 ut
1334 681 1412 735 ait
1453 682 1769 755 Dionysius,
1794 702 1962 741 unum

382 776 436 819 et
455 765 631 820 solum
657 767 800 822 sacri
833 767 1127 824 ministerii
1160 771 1361 842 accipit
1387 772 1611 840 donum,
1631 776 1959 844 ministrare,

380 856 661 912 exhortari
720 868 773 913 et
809 860 1173 919 catechizare.
1227 861 1361 917 Nam
1412 866 1634 922 adducit
1671 868 1873 934 solum,
1907 883 1960 926 et

380 947 722 1008 exhortatur.
756 957 810 1004 et
836 950 1110 1006 exclamat
1162 962 1222 1007 ut
1269 955 1556 1020 accedant,
1612 974 1718 1012 non
1779 969 1958 1015 tamen

387 1037 636 1107 perﬁcit;
662 1037 788 1100 dicit
824 1040 993 1104 enim,
1029 1060 1047 1093 ι
1079 1042 1371 1107 Benedic,»
1398 1058 1504 1100 non
1529 1053 1709 1102 autem
1739 1047 1962 1104 benedi-

381 1128 457 1181 cit
498 1146 513 1183 :
565 1147 584 1182 ι
615 1130 682 1184 Ει
715 1130 1004 1186 Dominum
1030 1133 1409 1203 deprecemur,
1441 1155 1460 1187 ι
1496 1137 1833 1204 exhortatur,
1864 1140 1959 1194 sed

381 1233 488 1272 non
510 1231 768 1289 precatur
791 1236 806 1275 :
832 1231 887 1276 et
923 1223 1264 1292 (Sapienter
1285 1226 1655 1288 attendamus,
1688 1247 1706 1279 ι
1731 1244 1838 1284 non
1860 1247 1959 1284 au-

381 1320 490 1364 tem
517 1313 757 1381 perﬁcit.
787 1311 857 1368 Se
884 1314 1047 1369 habet
1075 1314 1243 1384 igitur
1275 1324 1336 1369 ut
1360 1318 1705 1378 ministrans.
1756 1310 1862 1373 non
1898 1330 1958 1379 ut

382 1403 693 1471 perﬁciens.
732 1406 913 1462 Uuum
949 1417 1001 1461 et
1034 1408 1215 1462 solum
1244 1424 1382 1478 genu
1413 1409 1601 1476 ﬂectit,
1628 1412 1753 1479 quia
1793 1412 1957 1468 unius

379 1495 596 1550 scilicet
631 1496 801 1551 divini
829 1497 1125 1551 ministerii
1159 1499 1515 1555 constituitur
1543 1502 1957 1571 minister;hoc

377 1596 558 1640 autem
585 1601 691 1641 non
719 1587 975 1658 aseipso,
1012 1588 1106 1644 sed
1144 1590 1510 1659 permissione
1553 1608 1581 1646 ιι
1635 1593 1956 1663 presbytero

378 1686 600 1747 accepta
628 1696 641 1746 ;
667 1690 746 1735 est
780 1681 926 1734 enim
950 1682 1176 1737 alterius
1204 1686 1457 1753 potestati
1483 1685 1770 1744 obnoxius.
1800 1688 1955 1745 Post-

1207 288 1586 353 SYMEONIS
1626 288 2379 363 THESSALONICENSIS
2416 303 2771 367 ARClIlEP.

2065 414 2238 484 αὐτῆς
2264 415 2793 488 ινανθρωπήσαντος
2828 420 3003 489 Λόγου
3046 419 3142 473 καὶ
3176 417 3337 492 σαρκλ⁸
3394 437 3637 489 σταυρπι-

2069 501 2275 565 θέντος.
2310 501 2445 559 Εἶτα
2475 507 2647 560 κλίνει
2675 507 2733 559 τὸ
2789 508 2848 560 ἓν
2902 509 3049 572 γόνυ,
3089 508 3206 576 ἅμα
3248 510 3343 561 καὶ
3372 510 3471 579 τὴν
3504 511 3641 562 ὑπορ

2065 594 2238 665 ταγὴν
2261 597 2476 661 δεικνὺς
2515 601 2609 652 καὶ
2637 600 2736 669 τὴν
2764 600 3093 671 ἀφιέρωσιν.
3129 602 3479 670 Προσάγεται
3505 603 3572 669 γὲ
3586 621 3636 671 ρ,

2066 691 2148 743 ὅτι
2174 689 2269 743 καὶ
2321 690 2379 743 ἓν
2408 692 2502 744 καὶ
2538 691 2702 761 μόνον
2736 692 2836 756 τῆς
2864 693 3016 762 ἱερᾶς
3051 691 3398 760 λειτουργίας
3429 694 3613 761 λαμὸά

2068 797 2149 832 νει
2173 781 2442 850 χάρισμα,
2469 781 2544 842 ὥς
2575 798 2710 851 φησι
2742 782 3040 846 Διονύσιος,
3071 783 3130 836 τὸ
3168 784 3523 852 ἐξυπηρετεῖν
3546 787 3640 839 καὶ

2065 873 2495 943 προσκαλεῖσθαι
2539 875 2631 928 καὶ
2666 876 2953 944 κατηχεῖν.
3017 877 3296 945 Προσάγει
3331 875 3438 945 γὰρ
3474 878 3637 943 μόψιν

2063 969 2157 1017 καὶ
2221 966 2592 1036 παραγγέλλει
2644 968 2739 1020 καὶ
2781 969 3101 1036 προσφωνεῖ
3152 968 3509 1038 προσελθεῖν·
3574 968 3635 1021 οὐ

2067 1055 2174 1125 μὴν
2214 1056 2270 1110 δὲ
2302 1058 2395 1110 καὶ
2439 1058 2639 1112 τελειοῖ
2664 1076 2676 1088 ·
2723 1080 2742 1111 ι
2772 1059 3084 1131 Εὐλόγησον
3130 1078 3149 1113 ι
3188 1061 3293 1129 γάρ
3330 1076 3495 1130 φησι⁹
3540 1062 3634 1114 καὶ

2062 1147 2161 1200 οὐκ
2184 1148 2420 1218 εὖλογεϊ.
2462 1151 2595 1215 Kal,
2633 1170 2651 1204 ι
2686 1149 2796 1206 Τοῦ
2836 1152 3044 1221 Κυρίου
3098 1151 3453 1222 δεηθῶμεν,·›
3501 1170 3631 1218 προς

2061 1238 2363 1307 τρέπετσισ
2394 1241 2495 1295 οὐκ
2523 1241 2743 1313 εὔχεται
2772 1243 2853 1297 δέ.
2882 1244 3017 1308 Kal,
3064 1264 3082 1296 ‹
3121 1244 3211 1295 Ἐν
3272 1244 3432 1314 σοφίᾳ
3466 1260 3633 1311 προσ-

2064 1330 2283 1400 σχῶμεν
2315 1347 2330 1364 θ
2367 1350 2386 1385 ι
2423 1334 2482 1386 οὐ
2529 1334 2731 1387 τελειοῖ
2778 1336 2860 1390 δέ.
2913 1337 3004 1399 Ὠς
3036 1335 3302 1389 διακονῶν
3330 1336 3509 1388 τοίνυν
3535 1335 3628 1398 ὢν,

2061 1423 2155 1475 καὶ
2201 1423 2261 1475 οὗ
2293 1424 2542 1485 τελειῶν.
2572 1427 2630 1478 τὸ
2687 1425 2746 1478 ἓν
2776 1425 2950 1479 κλίνει
3004 1428 3098 1480 καὶ
3141 1427 3304 1494 μόνον
3354 1426 3516 1492 γόνυ·
3549 1427 3630 1478 ὅτι

2061 1516 2153 1567 καὶ
2204 1515 2320 1577 ἐνὸς
2346 1516 2446 1583 τῆς
2474 1516 2625 1581 θείας
2653 1518 2937 1582 διακονίας
2967 1518 3248 1587 ὑπηρέτης
3281 1516 3628 1571 καθίσταται·

2064 1608 2161 1659 καὶ
2188 1605 2346 1658 τοῦτο
2373 1605 2578 1676 δὲ,τὴν
2627 1602 2835 1660 ἔνδοσιν
2884 1607 3182 1675 λαμϐάνων
3232 1607 3362 1675 παρ’
3415 1608 3627 1673 ίερὲως,

2061 1696 2154 1749 καὶ
2188 1697 2248 1748 οὐ
2278 1697 2407 1765 παρ’
2443 1695 2665 1751 ἑαυτοῦ.
2702 1697 3090 1765 Δειτουργικδς
3121 1697 3254 1765 γάρ.
3284 1696 3487 1758 Κλίνας
3520 1696 3629 1749 τοί-

376 1785 539 1837 quam
564 1769 728 1841 igitur
760 1788 901 1842 grnu
938 1772 1167 1837 ﬁexerit,
1218 1784 1271 1830 et
1317 1791 1486 1832 sacrae
1530 1793 1731 1834 mensae
1780 1782 1957 1850 capite

2061 1802 2155 1837 νυν
2195 1785 2253 1838 τὸ
2281 1787 2432 1851 γόνυ,
2464 1789 2559 1840 καὶ
2597 1789 2661 1857 τῇ
2714 1787 2966 1860 τραπέζῃ
2997 1788 3061 1856 τῇ
3115 1788 3236 1857 ἱερᾷ
3268 1788 3630 1857 προσερείσας

380 1863 712 1928 incubuerit,
750 1863 817 1919 eo
846 1867 994 1934 quod
1038 1867 1153 1934 ipsa
1189 1866 1468 1923 Christum
1533 1870 1805 1938 signiﬁcat
1832 1888 1951 1927 om-

378 1956 526 2008 nium
553 1962 735 2025 caput,
758 1962 812 2011 et
837 1958 889 2010 in
933 1957 1052 2027 ipsa
1089 1965 1174 2013 est
1229 1970 1563 2026 unguentum
1616 1963 1948 2030 chrismatis,

379 2047 616 2115 Spiritus
646 2049 843 2117 gratia,
879 2050 1134 2119 mysteria
1161 2066 1401 2122 quoque,
1457 2054 1746 2122 ipsiusmet
1797 2054 1948 2119 Jesu,

379 2140 660 2207 proposita
695 2150 824 2196 tunc
857 2150 913 2196 et
947 2150 1134 2211 aperta
1167 2161 1182 2198 :
1228 2145 1668 2216 quandoquidem
1725 2147 1951 2203 adduci-

381 2242 469 2285 tur
491 2231 744 2288 minister
765 2233 838 2301 ei,
871 2237 963 2303 qui
1010 2245 1229 2305 propter
1286 2252 1385 2294 nos
1441 2240 1780 2296 sacriﬁcatus
1825 2251 1949 2311 est;

378 2334 432 2376 et
469 2324 645 2394 ipsius
669 2327 894 2382 oracula
924 2342 1128 2384 mensa:
1167 2344 1288 2399 quae
1330 2335 1449 2399 ejus
1502 2340 1588 2388 est
1638 2334 1948 2402 sepulcrum

380 2414 634 2483 imposita
676 2423 826 2479 sunt,
856 2423 911 2471 et
937 2418 1131 2473 subtus
1162 2417 1305 2473 hanc
1354 2419 1597 2488 reliquiae
1648 2428 1776 2475 sunt
1826 2434 1953 2474 san-

378 2514 592 2558 ctorum
620 2512 921 2573 martyrum
944 2520 1082 2573 quos
1109 2505 1174 2574 ad
1204 2505 1469 2561 auxilium
1498 2506 1730 2576 hymnus
1794 2506 1949 2560 invo-

377 2595 522 2650 cavit
550 2612 566 2663 ;
594 2595 720 2665 quia
740 2595 835 2665 qui
859 2595 1153 2652 adducitur
1184 2590 1454 2652 electione
1517 2605 1729 2668 martyr
1753 2606 1858 2662 est,
1896 2603 1951 2650 et

376 2691 543 2743 vitam
572 2688 656 2757 pie
687 2689 919 2759 peregit,
954 2698 1006 2745 et
1027 2704 1162 2759 pure
1190 2699 1310 2758 post
1343 2689 1578 2744 frontem
1605 2703 1808 2744 mensae
1838 2688 1949 2743 aﬁi-

379 2778 711 2837 xamJesnm
774 2780 915 2850 apud
947 2796 1005 2836 se
1062 2781 1335 2836 invocavit
1392 2780 1460 2837 ad
1516 2779 1947 2836 misericordiam

380 2872 551 2939 ipsius
582 2872 685 2927 sibi
709 2872 1131 2938 conciliandam,
1160 2883 1213 2927 et
1240 2871 1635 2928 habitationem
1688 2871 1866 2927 Patris
1897 2883 1951 2927 et

382 2963 620 3032 Spiritus
649 2964 1091 3032 promerendam,
1131 2962 1363 3029 suscipit
1391 2978 1560 3031 supra
1618 2971 1782 3032 caput
1829 2963 1948 3032 epi-

379 3055 652 3124 scopalem
678 3054 977 3122 dexteram,
1007 3069 1127 3125 quae
1155 3053 1495 3110 demonstrat
1524 3055 1713 3124 gratize
1732 3055 1947 3121 .adnm-

382 3145 708 3211 brationem,
757 3154 812 3201 et
870 3146 1015 3201 illitis
1082 3161 1110 3200 a
1184 3147 1405 3202 Christo
1454 3136 2021 3215 participationem,C

382 3236 825 3307 quandoquidem
859 3249 913 3292 et
947 3239 1063 3307 ipse
1096 3239 1353 3304 apostolis
1389 3254 1582 3293 manus
1606 3238 1950 3308 imposuerit.

381 3330 503 3396 Ipse
529 3328 728 3383 etenim
749 3327 969 3383 elevans
996 3344 1208 3397 manus,
1228 3330 1387 3394 dixit,
1416 3348 1433 3380 ι
1461 3328 1696 3384 Benedic
1716 3345 1863 3392 eos,»
1898 3339 1953 3384 et

383 3418 624 3489 Spiritus
655 3417 996 3474 descendens
1027 3420 1298 3487 capitibus
1344 3435 1536 3474 eorum
1577 3419 1808 3486 insedit;
1832 3420 1952 3475 ideo

381 3527 639 3567 manuum
677 3514 1027 3582 impositione
1056 3513 1281 3582 gratiam
1339 3527 1530 3569 omnes
1588 3513 1948 3582 accipiebant.

298 3673 313 3693 Ι
382 3602 448 3658 Ει
477 3604 620 3659 sicut
650 3618 843 3660 manus
868 3605 957 3659 Dei
984 3618 1084 3660 nos
1114 3613 1461 3687 crepverunt,
1494 3605 1574 3660 sic
1642 3621 1786 3661 nune
1835 3620 1952 3660 ma.

383 3711 486 3749 nus
537 3696 781 3766 disponit
829 3696 893 3751 ad
947 3696 1397 3753 reformationem
1458 3705 1512 3751 et
1558 3696 1950 3752 recreationem

381 3789 686 3844 hominum.
713 3788 778 3842 Et
807 3787 1068 3858 quoniam
1101 3806 1115 3843 :
1146 3805 1167 3841 ι
1196 3789 1426 3844 Dextera
1457 3787 1667 3843 Domini
1692 3787 1816 3843 iecit
1838 3786 1949 3840 vir-

383 3889 588 3947 tutem;
629 3888 682 3933 et
705 3881 924 3934 dextera
952 3878 1165 3934 Domini
1200 3880 1424 3942 exaltat,
1448 3887 1503 3933 et
1526 3878 1750 3933 dextera
1772 3876 1955 3931 Domi-

384 3972 435 4025 ni
456 3971 756 4039 gloriﬁcata
774 3980 860 4026 est
891 3971 944 4025 in
976 3972 1177 4025 virtute
1207 3987 1222 4038 ;
1255 3989 1274 4023 ι
1297 3964 1558 4036 scriptum
1578 3984 1793 4039 quoque
1820 3976 1902 4024 est
1935 3985 1949 4021 :

388 4083 409 4114 ι
447 4064 675 4118 Dextera
710 4074 820 4127 tua,
853 4072 909 4119 et
948 4064 1234 4118 brachium
1284 4072 1436 4117 tuum
1468 4060 1638 4118 Filius
1667 4059 1868 4122 Patris,
1900 4068 1954 4116 et

385 4156 714 4211 illuminatio
747 4155 900 4211 faciei
942 4165 1066 4221 utre,
1103 4154 1340 4223 Spiritus
1372 4164 1597 4210 sanctus
1626 4171 1641 4220 ;
1691 4142 1808 4223 ipsa
1868 4169 1953 4208 me

383 4247 726 4301 deduxerunt
778 4254 834 4301 et
893 4246 1239 4304 adduxerunt
1305 4247 1359 4299 in
1417 4254 1654 4301 montem
1703 4254 1948 4299 sanctum

386 4348 563 4402 tuum,
588 4340 753 4392 altam
782 4338 926 4392 illam
957 4348 1011 4393 et
1038 4338 1314 4394 ccelestem
1365 4336 1662 4391 Ecclesium
1696 4344 1865 4400 tuam,
1900 4346 1953 4392 et

2055 1879 2155 1946 τὴν
2210 1878 2477 1948 κεφαλὴν,
2510 1879 2591 1931 ὅτι
2627 1878 2766 1949 αὕτη
2818 1883 2909 1932 τὸν
2953 1878 3187 1949 Χριστὸν
3218 1879 3472 1947 σημαίνει
3522 1879 3623 1947 τὴν

2055 1969 2167 2022 τῶν
2196 1970 2453 2024 ἁπάντων
2479 1970 2746 2039 κεφαλὴν,
2771 1971 2865 2026 καὶ
2899 1973 2954 2025 ὲν
2987 1972 3126 2042 αὐτῇ
3149 1973 3209 2024 τὸ
3252 1972 3322 2041 μῦ
3334 1989 3425 2041 ρον
3468 1972 3501 2043 ὴ
3529 1972 3630 2039 χάο

2059 2078 2148 2131 ρις
2180 2059 2277 2113 τοῦ
2307 2060 2649 2131 Πνεῦματος,
2683 2061 2775 2115 καὶ
2813 2062 2878 2114 τὰ
2935 2064 3213 2132 μυστήρια
3245 2061 3324 2126 δὲ,
3356 2062 3518 2124 αὐτὸς
3559 2062 3622 2121 δὴ

2053 2153 2081 2205 ὁ
2106 2150 2341 2222 Ἰησοῦς,
2367 2154 2706 2222 προκείμενα
2737 2154 2857 2207 τότε
2908 2155 3004 2208 καὶ
3031 2155 3473 2222 ἀπερικάλυπτα.
3506 2154 3625 2206 ἐπεὶ

2054 2244 2149 2297 καὶ
2179 2244 2329 2313 αὒτῷ
2356 2244 2700 2315 προσάγεται
2737 2246 3068 2317 λειτουργῶν
3119 2247 3195 2317 τῷ
3229 2247 3298 2302 δι’
3355 2249 3502 2315 ἡμᾶς
3540 2265 3626 2298 τί·-

2055 2333 2299 2404 θυμένῳ,
2330 2338 2425 2390 καὶ
2457 2338 2526 2390 τὰ
2570 2337 2726 2404 λόγια
2783 2338 2976 2391 τούτου
3035 2341 3093 2391 ὲν
3132 2342 3198 2410 τῇ
3244 2338 3490 2408 τραπέζῃ
3549 2337 3626 2404 τῷ
3666 2393 3680 2403 ο

2055 2429 2223 2481 αὐτοῦ
2270 2429 2539 2498 μνήματι,
2590 2431 2687 2483 καὶ
2730 2431 2995 2484 ὑποκάτω
3038 2431 3246 2499 ταύτης
3297 2429 3366 2482 τὰ
3395 2430 3625 2496 λείψανα

2053 2520 2163 2573 τῶν
2200 2521 2521 2590 μαρτύρων,
2575 2520 2670 2585 οὓς
2695 2522 2760 2590 δὴ
2809 2522 2901 2575 καὶ
2952 2524 3089 2592 πρὸς
3127 2521 3352 2592 ἀρωγὴν
3387 2523 3414 2575 6
3456 2521 3626 2589 ὕμνος

2053 2611 2450 2669 ἐπεκαλέσατο.
2497 2612 2620 2665 Ὀτι
2655 2614 2751 2667 καὶ
2786 2615 2814 2666 6
2840 2615 3248 2684 προσαγόμενος
3305 2613 3520 2682 μάρτυς
3556 2612 3625 2680 τῇ

2059 2705 2387 2774 προαιρέσει
2444 2706 2684 2770 εὐσεϐῶς
2744 2706 3201 2775 πολιτευσάμενος
3257 2704 3354 2758 καὶ
3415 2703 3615 2770 ἁγνῶς¹

2055 2798 2191 2867 μετὰ
2225 2796 2318 2850 τοῦ
2348 2798 2557 2866 ἐρεῖσαι
2583 2797 2643 2849 τὸ
2679 2798 2927 2864 μέτωπον
2960 2799 3025 2867 τῇ
3054 2795 3300 2864 τραπέζῃ
3329 2795 3453 2848 καθ’
3495 2796 3621 2846 ἑαυ-

2051 2891 2141 2942 τδιν
2176 2889 2266 2941 τὸν
2289 2888 2502 2959 Ἰησοῦν
2546 2891 2626 2952 εἰς
2658 2889 2803 2942 ἔλεον
2832 2887 3027 2941 ἑαυτοῦ
3071 2887 3162 2940 καὶ
3210 2885 3491 2941 κατοικίαν
3525 2885 3623 2936 σὺν

2054 2982 2228 3050 Πατρὶ
2270 2982 2364 3036 καὶ
2402 2982 2682 3040 Πνεῦματι
2717 2980 3163 3046 ἐπικαλούμενος,
3220 2978 3320 3047 τὴν
3355 2976 3620 3046 ἀρχιερα-

2057 3073 2211 3142 τικὴν
2243 3074 2428 3127 ἐπάνω
2462 3075 2559 3141 τῆς
2585 3072 2829 3141 κεφαλῆς
2877 3071 3184 3141 ἐπιδέχεται
3213 3068 3422 3135 δεξιὰν,
3461 3070 3495 3138 ἢ
3520 3069 3625 3119 δει-

2057 3163 2213 3216 κνύει
2254 3163 2314 3216 ab
2339 3162 2669 3228 ἐπισκιάζον
2701 3163 2801 3231 τῆς
2840 3163 3088 3231 χάριτος,
3130 3160 3229 3213 καὶ
3270 3158 3331 3211 τὸ
3393 3158 3502 3210 ἀπὸ
3533 3158 3625 3211 τοῦ

2055 3254 2297 3323 Χριστοῦ
2328 3255 2685 3323 μεταδοτικόν
2706 3272 2719 3283 ·
2749 3255 2872 3307 ἐπεὶ
2905 3254 2999 3308 καὶ
3031 3254 3141 3315 τοῖς
3174 3251 3498 3313 ἀποστόλοις
3535 3250 3629 3311 τὰς

2056 3347 2246 3417 χεῖρας
2282 3347 2542 3415 ἐπέθηκε.
2569 3345 2678 3400 Kal
2709 3345 2877 3408 αὐτὸς
2906 3345 3017 3416 γάρ
3043 3345 3254 3414 ἐπάρας
3288 3346 3385 3406 τὰς
3418 3345 3626 3412 χεῖρας,
3701 3388 3721 3399 -

2056 3440 2247 3506 ῲησὶν,
2271 3456 2290 3489 ι
2313 3438 2625 3505 Εὺλόγησον
2642 3437 2859 3500 αὐτούς.
2875 3455 2894 3489 ι
2919 3437 3022 3491 Καὶ
3044 3436 3105 3490 τὸ
3123 3435 3343 3506 Πνεῦμα
3364 3434 3417 3488 δὲ
3441 3433 3630 3486 κατελα

2058 3528 2172 3593 θον,
2205 3532 2327 3592 ταῖς
2386 3531 2653 3597 κεφαλαῖς
2701 3531 2882 3583 αὐτῶν
2913 3529 3230 3584 ὲπεκάθισε.
3290 3528 3382 3580 Διὸ
3439 3527 3531 3580 καὶ
3561 3529 3626 3596 τῇ

2055 3621 2165 3674 τῶν
2195 3621 2397 3691 χειρῶν
2440 3622 2678 3674 ἐπιθέσει
2711 3621 2912 3683 πάντες
2938 3621 3040 3690 τὴν
3098 3621 3263 3688 χάριν
3294 3619 3623 3687 ἐλάμϐανον.

2054 3711 2163 3763 Kal
2195 3710 2390 3778 ὥσπερ
2422 3711 2477 3761 αἱ
2512 3711 2694 3780 χεῖρες
2729 3709 2866 3762 Θεοῦ
2894 3710 3043 3779 ἡμᾶς
3076 3708 3339 3769 ἔπλασαν,
3387 3709 3480 3760 καὶ
3533 3707 3630 3758 νῦν

2056 3801 2181 3872 χεὶρ
2231 3801 2570 3870 ὲξοικονομεί
2615 3800 2754 3869 πρὸς
2800 3799 3111 3854 ἀνάπλασιν
3156 3800 3267 3850 τῶν
3302 3798 3626 3868 ἀνθρώπων.

2054 3894 2167 3946 Καὶ
2204 3894 2290 3946 ὅτι
2318 3911 2336 3943 ι
2368 3891 2527 3958 Δεξιὰ
2550 3893 2756 3963 Κυρίου
2789 3893 3012 3961 ἐποίησε
3057 3891 3311 3961 δύναμιν,
3355 3891 3447 3942 καὶ
3482 3889 3629 3953 δεξιὰ

2056 3988 2263 4056 Κυρίου
2317 3985 2462 4055 bri/oi,
2508 3986 2604 4039 καὶ
2663 3988 2697 4054 ἡ
2734 3984 2883 4050 δεξιὰ
2931 3984 3139 4056 Κυρίου
3212 3984 3523 4047 δεδόξασται
3572 3984 3630 4035 ἐν

2050 4078 2219 4148 ἰσχύι,
2244 4095 2262 4130 ι
2287 4078 2598 4147 γέγραπται
2626 4079 2743 4142 καὶ,
2768 4095 2787 4129 ι
2820 4076 2884 4129 Ἡ
2912 4075 3062 4141 δεξιά
3092 4093 3184 4129 σου
3209 4075 3302 4128 καὶ
3323 4078 3350 4127 ὁ
3388 4075 3634 4145 βραχίων

2055 4187 2151 4222 σου
2172 4209 2187 4234 ,
2218 4171 2246 4220 6
2278 4170 2405 4231 Υίὸς
2431 4169 2524 4222 τοῦ
2556 4169 2787 4238 Πατρὸς,
2813 4168 2908 4221 καὶ
2938 4170 2966 4221 6
2999 4169 3282 4236 φωτισμὸς
3328 4165 3423 4219 τοῦ
3459 4183 3628 4236 πρισ-

2052 4260 2205 4313 ὡπου
2265 4278 2381 4322 σου,
2401 4261 2461 4312 τὸ
2500 4259 2727 4328 Πνεῦμα
2757 4259 2817 4311 τὸ
2841 4260 3020 4325 ἆγιον,
3042 4257 3183 4312 αὐτά
3215 4274 3280 4325 με
3311 4256 3624 4326 ὠδήγησαν,

2059 4351 2156 4401 καὶ
2184 4349 2390 4418 ἦγαγόν
2422 4367 2489 4417 με
2529 4350 2610 4410 είς
2634 4348 2763 4415 ὅρος
2793 4347 2948 4414 ἅγιόν
2981 4364 3098 4409 σου,
3155 4348 3256 4414 τὴν
3289 4345 3501 4415 ὑψηλὴν
3535 4346 3629 4397 καὶ

385 4432 439 4486 in
470 4429 819 4486 tabernacula
856 4438 967 4499 tua,
1006 4429 1057 4485 in
1086 4429 1286 4499 quibus
1313 4429 1428 4498 ipse
1469 4426 1675 4481 habitat
1723 4427 1816 4496 qui
1867 4435 1951 4483 est

2058 4441 2383 4513 ἐπουράνιόν
2412 4457 2509 4492 σου
2556 4437 2912 4506 Ἐκκλησίαν,
2945 4438 3042 4490 καὶ
3079 4437 3160 4498 είς
3185 4437 3251 4488 τὰ
3286 4436 3627 4505 σκηνώματα

382 4525 438 4578 iu
468 4524 804 4580 cmlcstibns.
839 4541 859 4574 ι

452 4713 584 4767 Cum
606 4722 784 4767 autem
804 4710 1065 4767 diaconus
1086 4707 1501 4785 egelazuaverit:
1529 4705 1947 4761 «Attendamus:

383 4805 622 4872 (oportet
649 4802 794 4857 enim
825 4801 990 4858 rebus
1029 4803 1280 4857 maximis
1336 4815 1529 4858 omnes
1563 4800 1863 4865 attendere,
1901 4808 1955 4852 et

384 4905 497 4947 tum
522 4894 796 4948 ‘deeenter
830 4906 956 4947 sese
990 4907 1319 4962 componere
1349 4902 1405 4948 et
1471 4891 1775 4963 colligere),
1842 4891 1953 4961 epi-

382 4999 588 5054 scopus
603 4981 766 5039 edicit
790 4981 935 5037 clara
960 4996 1122 5036 voce:
1146 5001 1164 5034 ι
1190 4981 1375 5037 Divina
1404 4983 1632 5050 gratia,»
1658 4983 1954 5038 testiﬁcaris

386 5077 616 5143 gratiam
651 5088 942 5129 commune
974 5088 1096 5129 esse
1118 5073 1321 5129 donum
1375 5073 1678 5139 Trinitatis,
1736 5083 1789 5128 ct
1832 5090 1951 5129 eam

382 5172 679 5225 :ulvocans.
705 5167 961 5238 Adiungit
994 5184 1007 5221 :
1045 5161 1225 5233 (Qua:
1248 5181 1463 5236 semper
1482 5166 1695 5220 inﬁrma
1721 5175 1895 5222 curat.
1926 5185 1945 5217 ι

385 5260 627 5315 llumiles
666 5261 810 5316 enim
847 5275 1037 5315 sumus
1067 5269 1122 5313 et
1149 5258 1441 5313 admodum
1471 5257 1700 5324 inﬁrmi,
1722 5273 1950 5328 praeser-

383 5350 477 5402 tim
508 5349 573 5401 ad
619 5351 732 5403 haec
768 5348 861 5403 Dei
891 5363 1079 5418 opera.
1110 5347 1452 5417 QuaprOpter
1510 5348 1578 5403 ab
1634 5361 1695 5401 ea
1764 5357 1953 5400 manat

386 5440 600 5495 curatio
620 5441 1000 5495 inﬁrmitatum
1031 5450 1365 5505 nostrarum,
1387 5440 1529 5495 hanc
1549 5440 1751 5495 etenim
1782 5440 1950 5492 \irtu-

386 5543 492 5583 tem
520 5531 782 5599 possidet.
816 5549 835 5582 ι
864 5530 926 5584 Et
950 5530 1261 5584 deﬁcientia
1286 5529 1522 5599 supplet,
1547 5548 1565 5577 ι
1609 5528 1807 5597 inquit.
1833 5525 1950 5581 Non

383 5621 527 5673 enim
557 5637 658 5675 nos
688 5637 717 5674 a
743 5623 902 5678 nobis
942 5621 1075 5692 ipsis
1106 5620 1310 5690 aliquid
1354 5621 1699 5690 possidemus
1728 5629 1822 5674 aut
1860 5635 1951 5671 va-

385 5717 583 5780 lcmns,
640 5714 733 5767 'sed
768 5714 882 5783 ipsa
913 5723 996 5771 est
1041 5714 1220 5783 gratia
1254 5727 1374 5782 quae
1427 5714 1611 5767 omnia
1656 5719 1853 5782 potest,
1896 5721 1949 5767 et

2060 4550 2178 4595 σου,
2211 4533 2269 4584 ὲν
2292 4526 2375 4594 οἷς
2407 4530 2569 4591 αὐτὸς
2607 4530 2912 4599 ἐνσκηνοῖς,
2945 4531 2972 4581 6
3007 4527 3285 4582 κατοικῶν
3313 4530 3370 4581 ἐν
3398 4530 3508 4590 τοῖς
3541 4529 3630 4580 et).

2061 4626 2261 4695 ρανοϊς.
2304 4642 2323 4675 ι
2736 4692 2743 4699 Ι
3224 4606 3227 4609 Ι

2129 4716 2238 4768 Καὶ
2267 4714 2365 4769 τοῦ
2394 4713 2644 4768 διακόνου
2678 4715 3013 4783 κεκραγότος
3040 4712 3150 4775 τδ,‹
3179 4712 3572 4781 Πρὸσσχωμεν,
3605 4728 3624 4760 ι

2057 4806 2139 4858 δεῖ
2182 4806 2290 4875 γὰρ
2338 4806 2448 4867 τοῖς
2492 4804 2772 4872 μεγίστοις
2820 4802 2965 4855 οὕτω
3010 4803 3216 4863 πάντας
3246 4804 3537 4871 προσέχειν
3569 4816 3627 4851 τε

2059 4897 2153 4948 καὶ
2195 4896 2602 4957 συστέλλεσθαι,
2630 4896 2658 4946 ὁ
2692 4894 2984 4962 ἀρχιερεὺς
3024 4894 3277 4960 ὲκφωνεῖ,
3323 4909 3342 4942 ι
3401 4891 3465 4943 Ἢ
3513 4890 3631 4943 θεία

2058 4987 2219 5056 χάρις
2246 5002 2259 5017 ·
2290 5007 2318 5035 ι
2347 4986 2446 5053 τῆς
2484 4984 2715 5054 Τριάδος
2758 4980 2898 5037 εἶναι
2950 4984 3136 5051 κοινὴν
3189 4982 3484 5051 μαρτυρῶν
3530 4982 3631 5048 τὴν

2057 5077 2309 5147 δωρεὰν,
2361 5077 2457 5129 καὶ
2506 5076 2715 5143 ταύτην
2750 5073 3207 5142 ἐπικαλούμενος.
3260 5073 3371 5125 Kal
3406 5072 3626 5137 ἐπάγει,

2065 5187 2083 5219 ι
2135 5167 2199 5221 Ἦ
2245 5168 2476 5235 πάντοτε
2509 5167 2577 5219 τὰ
2618 5163 2822 5232 ἀσθενῆ
2861 5164 3266 5234 θεραπεύουσα.
3314 5184 3332 5215 ι
3365 5164 3630 5217 Ταπεινοὶ

2058 5260 2167 5328 γὰρ
2222 5261 2382 5329 ἡμεῖς
2422 5260 2515 5311 καὶ
2569 5258 2691 5310 λίαν
2736 5255 3007 5318 ἀσθενεῖς,
3060 5256 3157 5308 καὶ
3202 5255 3438 5322 μάλιστα
3492 5254 3629 5324 πρὸς

2056 5370 2118 5404 το
2142 5352 2283 5405 αῦτα
2318 5350 2411 5403 τοῦ
2462 5350 2598 5403 Θ;οῦ
2651 5348 2809 5419 ἔργα.
2862 5349 2955 5401 Atb
3001 5350 3094 5401 καὶ
3136 5350 3169 5418 ἡ
3216 5347 3480 5417 θεραπεία
3518 5349 3630 5400 τῶν

2056 5442 2302 5494 ἀσθενῶν
2338 5442 2495 5509 ἡμῶν
2544 5442 2675 5508 παρ’
2706 5440 2879 5506 αὐτῆς
2905 5454 2919 5469 '
2951 5437 3088 5507 αῦτη
3133 5438 3242 5507 γὰρ
3274 5438 3503 5508 παρέχει
3529 5440 3629 5507 τὴν

2056 5533 2306 5600 δύναμιν.
2347 5550 2365 5582 ι
2411 5532 2518 5585 Καὶ
2552 5532 2618 5584 τὰ
2648 5531 2966 5583 ἐλλείποντα
2993 5529 3407 5597 ἁναπληροῦσα,
3456 5548 3474 5580 ι
3524 5547 3628 5598 φη-

2059 5625 2164 5676 σίν.
2186 5626 2259 5675 Οὐ
2280 5625 2388 5692 γὰρ
2421 5625 2576 5691 ἡμεῖς
2599 5624 2691 5686 ἀφ’
2712 5624 2927 5674 ἑαυτῶν
2951 5639 3003 5674 τι
3034 5613 3353 5689 κεκτήμεθα
3379 5620 3409 5691 ἦ
3444 5622 3625 5689 ἰσχύοι-

2062 5731 2179 5782 ρεν,
2209 5712 2321 5765 ἀλλ’
2355 5712 2489 5784 αὐτὴ
2530 5715 2562 5783 ἡ
2612 5712 2704 5766 τοῦ
2732 5711 2869 5766 Θεοῦ
2892 5713 3051 5782 χάρις
3086 5714 3117 5783 ἡ
3155 5713 3329 5765 πάντα
3366 5713 3622 5781 ἰσχύουσα
