4114 6272
444 345 555 409 377

1494 358 1591 419 DE
1621 357 1889 420 SACRES
1941 361 2038 421 ΟΠ
2057 363 2459 427 DlNATIONi
2477 366 2618 427 BUS

3586 356 3691 434 3'73

436 482 496 516 τε
532 466 623 516 καὶ
650 463 913 532 νέμουσα,
949 464 1161 535 ὅσαπερ
1209 465 1370 535 ἡμεῖς
1420 468 1655 538 ἔχομεν.
1691 471 1721 540 ἡ
1752 471 1847 523 καὶ
1880 466 2009 523 ἁνα-

2145 475 2393 529 istribuit
2447 493 2790 547 qttzrvuuque
2843 478 3126 544 habemus,
3197 495 3424 549 qumque
3476 481 3694 548 ειηιυιυι

437 550 719 623 πληροῦσα
737 552 796 605 re
815 552 1063 618 ἑλλειπὲς
1088 557 1144 607 ἐν
1165 557 1296 625 ἡμῖν
1315 573 1330 589 θ
1360 576 1377 607 ι
1408 560 1865 629 προχειρίζεται.ι
1896 563 2013 630 ἦτοι

2116 564 2260 630 quod
2282 565 2334 618 in
2361 567 2740 621 nobisdelicit.
2770 586 2789 618 ι
2817 566 3123 633 Promovet,
3158 589 3175 620 ι
3206 570 3256 625 id
3280 580 3384 635 est,
3414 571 3689 639 designat,

439 643 834 714 προϐάλλεται,
862 645 1117 717 καθιστᾷ,
1147 646 1488 701 τελειοποιεϊ.
1515 648 1668 718 Ἅμα
1694 651 1751 704 δὲ
1778 651 2015 720 τῷλόγῳ

2149 655 2421 720 onstituit,
2460 657 2675 726 perficit
2708 659 2911 726 ;simul
2947 669 3122 715 autem
3148 677 3269 717 cum
3329 661 3494 718 verbo
3531 663 3692 717 datur

436 736 533 788 καὶ
564 737 625 787 τὸ
677 737 927 808 χάρισμα
964 738 1189 794 δίδοται.
1243 739 1376 793 Οὐδὲ
1430 743 1540 810 γὰρ
1600 742 1795 811 χρόνου
1855 744 2016 811 χρεία

437 830 501 896 τῇ
528 829 926 899 παντοδυνάμῳ
978 831 1075 883 καὶ
1103 832 1382 885 αὑτοτελεῖ
1414 833 1665 917 διινάμει.
1708 853 1727 885 ι
1761 836 1864 887 Τὸν
1901 836 2010 894 δεῖ·

439 937 523 979 να,
554 938 573 971 ι
635 920 731 972 καὶ
770 919 828 972 τὸ
879 922 1051 988 ὄνομα
1090 922 1239 989 λέγει
1270 962 1283 982 .
1320 923 1404 976 ἴνα
1452 924 1614 978 τοῦτο
1661 928 1848 995 γραφῇ
1906 926 2019 978 ἄνω

440 1011 533 1063 καὶ
572 1011 848 1081 γνώριμος
881 1012 1104 1085 ὑπάρχῃ
1153 1014 1415 1082 ἀγγέλοις
1481 1034 1540 1068 τε
1594 1018 1685 1070 καὶ
1724 1017 1882 1088 ιῶά
1928 1019 2017 1070 άν-

443 1102 718 1173 Θρὼποις·
753 1103 876 1156 ἐπεὶ
932 1105 1030 1159 καὶ
1087 1106 1223 1158 Θεοῦ
1282 1108 1613 1161 καῦίσταται
1677 1109 2015 1178 λειτουργὸς,

451 1216 469 1247 ι
498 1193 616 1248 τὺν⁶
651 1195 1433 1253 εὐλαϐέστατον·ὑποδιάκονον
1457 1203 1535 1263 εἰς
1567 1200 1839 1256 διάκονον.
1880 1223 1901 1255 ι
1929 1204 2018 1257 Τι-

448 1288 525 1358 μᾷ
550 1288 646 1340 καὶ
672 1287 733 1340 τὸ
763 1288 955 1359 πρώην
981 1288 1248 1359 χάρισμα,
1279 1292 1374 1344 καὶ
1408 1292 1498 1345 τὶν
1542 1292 1748 1361 έχοντα
1782 1295 1857 1356 ὡς
1884 1294 2020 1346 Θεοῦ

446 1379 764 1452 ὑπηρέτην,
802 1381 878 1443 ὡς
911 1381 1046 1435 Θεοῦ
1089 1382 1248 1452 χάριν
1300 1383 1514 1453 ἔχοντα,
1548 1387 1641 1439 καὶ
1696 1388 1753 1439 ἐν
1803 1386 2022 1455 Χριστῴ

445 1471 796 1541 ἐνεργοῦντα.
818 1491 836 1524 ι
862 1472 952 1533 Εἰς
980 1473 1228 1526 διάκονον
1252 1493 1271 1526 ι
1295 1476 1351 1528 δὲ
1374 1477 1564 1540 εἰπὼν,
1586 1477 1678 1531 καὶ
1699 1476 1759 1530 τὸ
1779 1478 2023 1546 χάρισμα

445 1564 680 1617 δίδωσιν.
713 1564 824 1618 Καὶ
847 1567 874 1617 ὁ
905 1565 1378 1635 χειροτονούμενος
1411 1568 1511 1635 τὴν
1541 1568 1823 1622 διακονίαν
1864 1570 2023 1620 έλαῦε

446 1653 525 1724 τῷ
553 1654 694 1723 ὶόγῳ
729 1654 821 1707 τοῦ
868 1656 1122 1725 ἱερὰρχου
1176 1656 1337 1720 εὐθύς
1358 1660 1629 1728 ’ἐνεργὴς
1659 1659 1768 1729 γάρ
1801 1661 1916 1711 ἐστι
1946 1659 2032 1724 τῷ

449 1744 703 1815 παναγῐιρ
727 1746 822 1798 καὶ
867 1744 994 1815 Θείῳ
1024 1745 1324 1816 Πνεύματι·
1359 1749 1439 1801 ὅτι
1471 1751 1564 1803 καὶ
1597 1749 1697 1802 οὐκ
1734 1750 1897 1810 αὐτὸς
1935 1742 2028 1801 οἷοι

2119 746 2313 813 gratia.
2352 746 2710 818 Omnipotens
2747 751 2915 819 enim,
2947 760 2999 806 et
3049 768 3144 821 per
3191 768 3250 808 se
3316 753 3587 817 absoluta,
3641 764 3696 806 et

2120 848 2500 893 consummata
2530 841 2821 896 Deivit‘lus
2855 852 3098 913 tempore
3163 860 3299 910 opus
3340 861 3448 899 non
3509 845 3694 898 habet.

2126 946 2145 978 ι
2179 927 2333 985 Hune
2352 929 2419 984 N.
2442 949 2460 982 ι
2496 948 2692 988 nomen
2715 934 2945 1002 profert,
2971 946 3031 990 ιιι
3048 935 3176 990 illud
3196 937 3450 1005 superius
3472 935 3697 997 scribat,

2122 1028 2422 1091 nutumque
2454 1022 2754 1092 sitangelis
2773 1032 2828 1079 et
2848 1026 3188 1092 hominibus,
3222 1041 3342 1080 cum
3378 1026 3469 1081 Dei
3494 1026 3699 1080 consti-

2123 1118 2310 1164 luatur
2353 1113 2630 1180 minister,
2672 1132 2691 1166 ι
2718 1116 3187 1186 religiosissimum
3224 1117 3695 1173 subdiaconumin

2124 1201 2439 1257 diaconum.
2469 1224 2486 1257 ι
2531 1205 2772 1261 llonorat
2793 1216 2848 1262 et
2890 1209 3040 1279 prius
3073 1208 3165 1263 Dei
3200 1210 3423 1272 donum,
3443 1219 3497 1263 ct
3526 1208 3698 1278 possi-

2124 1292 2366 1355 dentem,
2386 1303 2449 1348 nt
2493 1295 2583 1350 Dei
2613 1312 2860 1363 servum,
2891 1307 2949 1351 ut
2974 1299 3157 1369 gratim
3192 1298 3389 1351 divinae.
3421 1313 3702 1367 possesso-

2124 1395 2263 1443 rem,
2280 1390 2331 1435 et
2351 1396 2445 1450 per
2461 1383 2736 1437 Christum
2763 1395 3101 1454 operantem.
3121 1385 3255 1441 Cum
3272 1388 3403 1440 dicit
3422 1385 3704 1450 ordinans,

2134 1493 2150 1523 ι
2184 1472 2595 1541 Ιιιυάἰειεοηυηι,
2623 1496 2641 1528 ι
2679 1489 2729 1532 et
2755 1479 2984 1546 gratiam
3011 1478 3200 1542 donat,
3223 1489 3273 1532 et
3299 1479 3389 1547 qui
3420 1479 3706 1535 ordinatur

2127 1563 2416 1620 diaconum
2451 1569 2697 1638 episcopi
2734 1570 2900 1624 verbo
2963 1570 3148 1623 statim
3219 1571 3456 1638 accipit;
3518 1570 3703 1625 eﬂicax

2129 1657 2273 1731 enim
2305 1666 2388 1711 cst
2420 1674 2516 1728 per
2550 1660 2963 1714 sanctissimum
3007 1659 3099 1714 Dei
3127 1662 3416 1727 Spiritum,
3462 1676 3527 1715 co
3561 1661 3706 1730 quod

2132 1759 2237 1799 non
2273 1753 2331 1799 ut
2367 1748 2551 1809 homo.
2586 1749 2679 1802 sed
2714 1759 2772 1804 ut
2798 1750 3042 1818 pontifex
3072 1751 3319 1820 loquitur
3348 1744 3473 1805 cum
3507 1752 3705 1820 gratia,

448 1837 758 1907 ἄνθρωπος,
802 1836 919 1890 ἀλλ’
949 1836 1022 1901 ὡς
1062 1838 1322 1908 ἱεράρχης
1367 1840 1516 1907 λέγει
1553 1843 1693 1908 μετὰ
1738 1840 1836 1910 τῆς
1868 1841 2026 1907 χάρι-

2145 1844 2183 1888 at
2217 1838 2449 1904 gratiam
2502 1816 2885 1907 producit,_et
2939 1842 3113 1911 gratia
3148 1816 3461 1911 iuperatur.
3509 1816 3704 1897 Effice:
3761 1832 3769 1839 ’

453 1947 567 1994 τος*
603 1932 698 1986 καὶ
729 1933 829 2001 τὴν
864 1930 1025 2002 χάριν
1075 1930 1464 1985 ἐπεκαλέσατο·
1501 1934 1657 2003 καὶὴ
1693 1933 1850 2003 χάρις
1881 1934 2032 2001 ἐνερ-

450 2026 557 2093 γεῖ,
585 2024 667 2077 ὅτι
689 2022 784 2076 καὶ
809 2022 1036 2092 ἐνεργὴς
1063 2022 1092 2074 ὁ
1122 2023 1279 2091 λόγος
1305 2022 1397 2076 τοῦ
1420 2023 1578 2077 Θεοῦ·
1613 2024 1705 2077 καὶ
1731 2024 1817 2076 ὅτι
1850 2024 2031 2078 πάντα

460 2114 677 2182 ἔνεργεῖ
714 2113 777 2165 τὸ
824 2112 883 2167 ἓν
925 2114 1016 2167 καὶ
1052 2113 1112 2167 τὸ
1166 2113 1298 2167 αὐτὸ
1328 2113 1579 2181 Πνεῦμα.
1618 2114 1752 2166 Τότε
1806 2112 1904 2182 μὲν
1937 2111 2032 2167 οὖν

454 2199 613 2263 εὐθὺς
661 2199 768 2252 ἀπὸ
828 2200 1192 2254 ὑποδιακόνου
1232 2202 1315 2263 εἰς
1366 2201 1428 2254 τὸ
1462 2183 1711 2266 διάκονος
1758 2197 1896 2255 εἶναι
1936 2203 2031 2270 γέ-

459 2307 608 2359 γονε·
642 2290 781 2362 πλὴν
811 2291 894 2345 ἔτι
936 2292 1127 2362 χρείαν
1172 2291 1284 2363 ἔχει
1315 2293 1409 2346 καὶ
1437 2296 1536 2359 τῆς
1569 2294 1762 2361 λοιπῆς
1807 2293 2032 2363 τελετῆς

459 2382 573 2437 τῶν
620 2382 1031 2454 ἀρχιερατικῶν
1075 2382 1250 2452 εὐχῶν
1279 2425 1295 2449 ,
1350 2382 1444 2438 καὶ
1505 2385 1613 2436 τῶν
1654 2386 1798 2439 κατᾶ
1858 2385 2035 2439 τύπον

461 2478 739 2533 ἁπάντων.
775 2480 852 2532 Οὐ
890 2477 1001 2547 γάρ
1027 2476 1190 2546 ἀρκεῖ
1238 2478 1398 2545 μόνον
1429 2478 1464 2547 ἠ
1493 2478 1646 2548 φωνὴ
1680 2478 1740 2530 τὸ
1770 2479 1861 2530 τὸν
1902 2479 2033 2530 ὑπο-

459 2574 709 2628 διάκονον
753 2572 1211 2644 προχειρισυῆναι
1256 2574 1435 2625 εἰπεῖν
1482 2573 1561 2634 εἰς
1589 2572 1862 2633 διάκονον,
1891 2572 1923 2642 ἢ
1955 2574 2032 2634 εἰς

459 2666 622 2721 ἄλλον
648 2665 769 2720 τινὰ
795 2665 1024 2736 βαθμόν·
1059 2665 1196 2719 ἀλλὰ
1238 2663 1335 2717 σὺν
1362 2664 1512 2734 αὐτῷ
1550 2666 1659 2734 χρὴ
1693 2666 1783 2719 καὶ
1812 2667 1903 2717 ἐπὶ
1931 2666 2032 2729 τῆς

459 2759 617 2829 ἱερᾶς
663 2758 946 2827 τραπέζης
976 2758 1076 2827 τὴν
1112 2759 1362 2827 κεφαλὴν
1393 2758 1539 2828 ἔχειν
1563 2797 1578 2820 ,
1627 2758 1722 2811 καὶ.
1772 2759 2033 2811 κλίναντα

460 2851 519 2903 τὸ
547 2849 701 2919 γόνυ,
730 2849 828 2919 τὴν
860 2851 1018 2920 χεῖρα
1053 2847 1148 2902 τοῦ
1187 2848 1446 2919 ἱεράρχου
1481 2848 1839 2918 ἐπικειμένην
1864 2849 2030 2918 ἔχειν.

461 2941 558 2993 καὶ
605 2940 705 3002 τὰς
738 2940 1131 3007 τετυπωμένας
1167 2938 1337 3008 εὐχὰς
1364 2938 1620 3015 ⁴ῥηθῆναί
1660 2940 1849 3015 τεκαὶ
1881 2939 2034 3006 αἰτή-

464 3050 601 3096 σεις,
631 3032 730 3086 καὶ
755 3029 1189 3100 σφραγισθῆναι,
1228 3031 1321 3083 καὶ
1357 3010 1509 3094 ἄξιον
1553 3010 2032 3099 ἀνακηρυχθῆναι,

2132 1928 2276 1983 enim
2310 1938 2365 1984 et
2394 1932 2709 1999 operativus
2728 1939 2813 1987 est
2839 1947 3022 1989 sermo
3054 1932 3169 2000 Dei,
3205 1943 3258 1989 et
3277 1936 3462 1989 omnia
3511 1947 3708 2003 Opera-

2136 2030 2220 2072 tur
2248 2034 2392 2074 unus
2423 2032 2478 2076 et
2500 2021 2640 2075 idem
2668 2022 2928 2093 Spiritus.
2991 2023 3147 2079 Tunc
3201 2024 3420 2094 quidem
3474 2025 3653 2079 statim
3676 2041 3706 2079 e

2134 2110 2478 2166 subdiacono
2518 2111 2574 2165 fit
2604 2113 2901 2170 diaconus.
2929 2113 3299 2171 Nihilominus
3336 2125 3515 2170 tamen
3568 2130 3707 2184 opus

2134 2203 2315 2256 adhuc
2358 2203 2523 2259 habet
2543 2207 2809 2276 mysterio
2836 2214 2890 2262 et
2922 2206 3260 2277 perfectione
3318 2222 3538 2277 precum
3596 2207 3708 2276 epi-

2133 2293 2460 2361 scopalium,
2487 2303 2542 2350 et
2572 2304 2896 2353 cancrorum
2927 2299 3173 2355 omnium
3226 2314 3346 2367 qua:
3379 2300 3432 2352 in
3485 2299 3711 2353 ordina-

2136 2394 2351 2440 touum
2388 2388 2765 2459 paradigmate
2797 2390 3173 2446 continentur.
3220 2389 3338 2445 Non
3407 2390 3552 2446 enim
3605 2405 3709 2445 vox

2133 2477 2253 2529 sola
2279 2476 2503 2542 suﬂicit,
2536 2488 2599 2533 ut
2624 2479 3004 2537 subdiaconus
3028 2491 3440 2550 promereatur,
3478 2497 3580 2537 nec
3628 2480 3713 2536 di-

2135 2583 2263 2623 cere
2294 2568 2349 2622 in
2384 2568 2699 2637 diaconum,
2739 2571 2822 2626 vel
2853 2574 3101 2640 quemvis
3123 2574 3288 2628 alium
3322 2575 3547 2643 gradum
3582 2587 3710 2643 pro-

2134 2667 2449 2728 moveatur;
2484 2661 2578 2716 sed
2597 2676 2720 2716 cum
2755 2663 2860 2718 hoc
2881 2671 3097 2733 oportet
3142 2664 3308 2719 etiam
3371 2675 3534 2733 caput
3590 2664 3712 2734 ejus

2142 2764 2316 2806 sacrae
2348 2767 2551 2807 mensa:
2579 2740 2920 2817 incumbere,
2966 2763 3018 2806 et
3055 2755 3358 2810 ﬂectentem
3387 2772 3527 2826 genu
3598 2772 3715 2809 ma-

2136 2857 2264 2896 num
2303 2843 2550 2912 episcopi
2578 2844 2889 2914 impositam
2919 2846 3142 2911 habere,
3172 2855 3227 2900 et
3256 2847 3567 2916 descriptas
3590 2861 3716 2916 pre-

2136 2946 2227 2989 ces
2243 2941 2296 2988 et
2333 2933 2611 2989 orationes
2651 2935 2889 2998 recitari,
2912 2944 2967 2992 et
2996 2950 3163 2993 cruce
3215 2937 3446 3005 signari,
3509 2944 3564 2992 et
3632 2936 3719 2990 di-

2138 3041 2302 3098 gnum
2324 3026 2675 3097 prociamari,
2701 3037 2756 3082 et
2781 3043 2990 3083 sacram
3014 3029 3398 3084 salutationem
3420 3029 3559 3083 lteri.
3591 3026 3718 3083 "re:

462 3124 554 3176 καὶ
606 3124 697 3176 τὸν
753 3122 900 3192 ἱερὸν
947 3121 1242 3190 ἀσπασμὸν
1299 3121 1674 3189 ποιήσασθαι’
1716 3121 1898 3174 πάντα
1930 3121 2040 3190 γὰρ

2145 3120 2283 3175 enim
2310 3121 2496 3176 omnia
2533 3120 2903 3175 ordinandum
2936 3121 3246 3190 perficiunt,
3279 3128 3333 3175 et
3371 3119 3551 3175 omnia
3598 3134 3721 3187 quae

461 3215 639 3270 ταῦτα
680 3212 950 3268 τελειοῦσι
1000 3212 1091 3266 τὸν
1147 3212 1668 3283 χειροτονούμενον,
1722 3211 1819 3264 καὶ
1863 3210 2039 3264 πάντα

465 3307 719 3377 γενέσθαι
756 3307 861 3377 χρή
887 3320 902 3334 ·
934 3306 1060 3358 ἐπεὶ
1090 3306 1185 3357 καὶ
1220 3305 1276 3356 ἐν
1318 3305 1428 3364 τοῖς
1467 3302 1674 3366 λοιποῖς
1714 3306 2040 3374 μυστηρίοις

464 3397 639 3461 οὕτως
674 3397 844 3461 ἐστὶν,
874 3393 1016 3449 ὥστε
1050 3395 1230 3449 πάντα
1273 3393 1341 3446 τὰ
1381 3391 1755 3461 νενομισμένα
1787 3393 2043 3463 πραχοῆ-

466 3510 577 3554 ναι,
611 3493 707 3545 καὶ
746 3490 917 3561 μηδὲν
947 3485 1393 3559 παραλειφθῆναι
1418 3526 1433 3553 ,
1460 3485 1534 3549 ὡς
1581 3483 1815 3539 ἑκάστου
1845 3485 1936 3539 τὸν
1967 3487 2046 3540 οι.

467 3584 614 3637 κεῖον
646 3582 861 3652 ἔχοντος
894 3583 1077 3650 λόγον.

552 3677 780 3744 Ἐπάγει
834 3674 891 3728 δὲ
938 3673 1033 3727 καὶ
1075 3671 1155 3736 τὸ,
1192 3689 1210 3724 ι
1242 3668 1525 3741 Εὐξόμεθα
1557 3666 1653 3723 οὖν
1685 3670 1824 3740 ὑπὲρ
1856 3667 2045 3731 αὐτοῦ,

470 3769 536 3824 ἶν’
562 3770 690 3841 ἐλοῃ
735 3767 821 3822 ἐπ’
856 3767 1019 3821 αὐτὸν
1050 3767 1085 3835 ἡ
1111 3766 1285 3835 ,χάρις
1322 3764 1417 3817 τοῦ
1461 3764 1730 3832 παναγίου
1777 3763 2044 3832 Πνεῦμα-

469 3880 582 3927 τος·
618 3881 638 3914 ι
671 3860 788 3931 ἅμα
817 3860 918 3930 μὲν
948 3860 1043 3912 καὶ
1088 3860 1186 3926 τὴν
1214 3856 1307 3915 τοῦ
1354 3855 1492 3911 Θεοῦ
1541 3856 1702 3927 χάριν
1754 3854 2048 3909 ἐπικαλού-

476 3971 635 4023 μενος
662 3995 677 4019 ,
714 3952 830 4022 ἅμα
866 3951 923 4004 δὲ
974 3950 1068 4002 καὶ
1098 3950 1157 4002 τὸ
1205 3949 1271 4001 δι’
1321 3948 1492 4017 αὐτῆς
1537 3949 1783 4018 ἐνεργεῖν
1822 3963 2043 4016 μαρτυ-

476 4048 608 4114 ρῶν,
637 4047 733 4100 καὶ
761 4046 862 4117 τὴν
897 4043 1222 4110 Ἐκκλησίαν
1250 4040 1307 4094 δὲ
1339 4042 1525 4094 πᾶσαν
1560 4039 2055 4110 προσκαλούμενος

478 4141 738 4211 συνεργὸν
765 4140 843 4201 εἰς
881 4137 944 4191 τὸ
984 4136 1143 4204 ἔργον
1177 4136 1317 4202 ὑπέρ
1364 4150 1426 4186 τε
1455 4132 1654 4185 ἑαυτοῦ
1685 4133 1780 4201 καὶ
1813 4130 1909 4183 τοῦ
1936 4147 2049 4199 χει-

479 4231 909 4302 ρ’,τονουμένουο
964 4228 1013 4281 εἱ
1079 4226 1188 4296 γὰρ
1241 4225 1451 4295 ’Πέτρος
1486 4222 1746 4291 συνεργὸν
1800 4217 1913 4291 εἶχε
1955 4221 2055 4290 τὴν

489 4322 817 4392 Ἐκκλησίαν
846 4323 925 4383 εἰς
950 4322 1049 4384 τὰς
1085 4318 1272 4388 εὐχὰς,
1303 4315 1486 4386 πολλῷ
1523 4332 1587 4381 γε
1637 4314 1838 4382 μᾶλλον
1867 4312 2050 4377 αὐτός.

479 4417 568 4470 Διὸ
599 4417 694 4469 καὶ
744 4413 964 4467 πάντων
995 4411 1268 4476 λεγόντων
1296 4408 1418 4477 τρὶς
1452 4407 1532 4468 εἰς
1564 4404 1725 4470 δόξαν
1751 4400 1849 4474 τῆς
1886 4405 2061 4475 Τριά-.

2144 3212 2460 3282 praescripta
2495 3221 2623 3268 sunt
2647 3211 2764 3269 ﬁeri
2791 3226 3015 3268 necesse
3048 3222 3153 3291 est,
3204 3227 3329 3267 cum
3384 3213 3440 3266 in
3506 3215 3720 3266 cmteris

2146 3303 2508 3360 sacramentis
2532 3318 2620 3363 res
2650 3304 2724 3358 ita
2766 3318 2826 3358 se
2849 3303 3066 3366 habeat,
3101 3315 3161 3357 ut
3195 3304 3379 3359 omnia
3407 3317 3530 3372 mia:
3591 3318 3727 3356 cnn-

2145 3396 2491 3451 suitutasunt
2523 3394 3102 3466 peragantur,etnihil
3154 3409 3343 3450 eorum
3402 3393 3731 3464 practermit-

2147 3495 2314 3548 tatur,
2349 3494 2540 3556 utpote
2578 3499 2768 3542 eorum
2794 3498 3130 3558 unoquoque
3170 3486 3499 3557 peculiarem
3558 3487 3734 3540 ratio-

2148 3590 2271 3629 nem
2320 3575 2576 3630 habente.

2220 3664 2316 3721 llis
2348 3665 2666 3735 superaddit
2696 3665 2990 3735 episcOpus
3017 3684 3032 3721 :
3074 3685 3093 3718 ι
3124 3667 3418 3722 Precemur
3438 3665 3604 3736 igitur
3633 3681 3736 3734 pm

2149 3772 2236 3824 en,
2253 3767 2305 3811 ut
2329 3756 2506 3810 veniat
2522 3770 2684 3826 super
2705 3757 2880 3824 ipsum
2900 3757 3074 3823 gratia
3087 3758 3418 3812 sanctissimi
3437 3756 3731 3823 Spiritus;-

2149 3847 2311 3901 simul
2351 3846 2566 3916 quidem
2616 3853 2671 3899 et
2700 3844 2790 3898 Dei
2822 3846 3052 3915 gratiam
3086 3846 3367 3910 invocans,
3402 3845 3565 3900 simul
3599 3861 3740 3913 qum

2148 3952 2259 4006 que
2278 3948 2333 3993 et
2357 3952 2416 3993 se
2451 3953 2545 4007 per
2572 3952 2693 3992 eam
2722 3937 2937 4007 operari
2962 3935 3283 4001 testificans,
3330 3944 3385 3990 et
3421 3934 3736 3989 universam

2153 4027 2449 4085 Ecclesiam
2474 4028 2751 4082 advocans
2775 4035 2883 4081 tam
2920 4039 3015 4095 pro
3038 4037 3097 4077 se
3123 4039 3283 4093 quant
3310 4037 3409 4091 pro
3433 4021 3740 4077 ordinando

2154 4131 2215 4175 ut
2254 4120 2379 4174 huic
2403 4119 2554 4188 operi
2588 4125 2940 4183 cooperetur.
2961 4116 3097 4170 Nam
3134 4116 3179 4170 si
3203 4114 3398 4168 Petrus
3430 4127 3739 4184 coeperan-

2156 4222 2264 4267 tem
2291 4213 2408 4268 suis
2440 4208 2913 4281 preeibusbabuit
2972 4206 3297 4270 Ecclesiam,
3347 4203 3518 4258 multo
3569 4205 3744 4273 magis

2156 4306 2293 4376 ipse.
2323 4304 2453 4359 Ideo
2477 4299 2735 4359 omnibus
2765 4299 3132 4361 dicentibus,¢
3161 4295 3326 4367 Kyrie
3345 4295 3575 4375 eleison,
3602 4313 3621 4345 ι
3658 4303 3746 4349 ter

2163 4399 2220 4451 iu
2251 4398 2516 4451 honorem
2554 4390 2864 4453 Trinitatis,
2902 4390 3019 4459 ipse
3054 4396 3137 4443 te‘r
3162 4389 3344 4457 signat
3371 4381 3738 4441 Ordinandum

478 4511 563 4570 6o;
593 4509 676 4573 τὸ,
714 4526 732 4559 ι
776 4503 973 4574 Κύριε,
1005 4501 1251 4572 ἐλέησον,
1289 4518 1309 4551 ι
1352 4499 1449 4553 καὶ
1482 4498 1645 4559 αὐτὸς
1691 4497 1781 4549 τὸν
1809 4513 2040 4566 χειροτο-

2156 4495 2210 4548 in
2241 4489 2460 4546 nomine
2493 4486 2776 4542 Trinitatis
2808 4498 2931 4539 eum
2967 4498 3062 4553 per
3119 4481 3303 4537 erucis
3359 4484 3573 4548 signum
3605 4493 3742 4533 conv

448 4586 741 4669 γνιύμενον
783 4596 907 4667 τρὶς
964 4592 1260 4665 σφραγίζει
1292 4591 1349 4643 ὲν
1398 4591 1466 4659 τῇ
1508 4587 1700 4654 Τριάδι
1753 4587 1939 4640 τοῦτον
1966 4586 2053 4638 διὰ

479 4693 571 4746 τοῦ
603 4689 839 4761 σταυροῦ
866 4686 1112 4743 τελειῶν.
1153 4680 1286 4738 Εἶτα
1316 4683 1411 4735 καὶ
1435 4681 1535 4751 τὴν
1566 4685 1729 4752 χεῖρα
1770 4678 2056 4749 ὲπικειμέ-

480 4799 580 4850 νην
605 4781 763 4850 ἔχων,
796 4779 864 4831 τὰ
912 4777 1011 4845 τῆς
1058 4776 1227 4843 εὐχίς
1277 4772 1563 4838 ἐπιλέγει,
1617 4772 1718 4840 τὴν
1763 4771 1923 4840 χάριν
1960 4770 2057 4836 τῆς

481 4873 754 4931 διακονίας
806 4870 906 4937 τῆς
960 4867 1111 4937 ἱερᾶς
1154 4863 1542 4932 ὲποιφοιτῆσαι
1591 4860 1740 4930 αὑτῷ
1768 4860 2056 4921 δυσωπῶν,

484 4960 580 5014 καὶ
611 4959 755 5012 κατὰ
784 4957 876 5010 τὸν
913 4944 1364 5024 πρωτομᾶρτυρα
1391 4950 1736 5013 καταστῆναι
1764 4950 2058 5017 Στέφανον,

485 5053 582 5104 καὶ
625 5049 908 5117 οἰκονόμον
938 5044 1198 5114 γενέσθαι
1219 5043 1318 5113 τῆς
1350 5041 1630 5104 διακονίας
1659 5039 1845 5103 καλὸν,
1878 5041 1971 5092 κέλ.
1993 5039 2061 5093 τὰ

482 5139 648 5196 λοιπὰ
696 5138 1088 5207 ἐπευχόμενος.
1144 5129 1281 5187 Εἶτα
1329 5133 1426 5188 καὶ
1485 5134 1725 5201 ἐκφωνεῖ
1764 5131 2061 5199 δοξολογῶν

483 5235 581 5304 τὴν
603 5230 830 5303 Τριάδα.
851 5228 987 5281 Τότε
1010 5222 1102 5280 οῦν
1132 5226 1191 5278 ὲν
1217 5227 1284 5295 τῇ
1313 5225 1659 5294 ἐπιφοιτήσει
1682 5222 1778 5276 τοῦ
1807 5222 2062 5291 ηνεύμα-

484 5346 577 5391 τος
610 5328 706 5381 καὶ
733 5324 927 5396 μνήμη
961 5322 1172 5390 γίνεται
1205 5319 1415 5371 πιστῶν
1441 5318 1679 5372 πάντων.
1709 5314 1802 5380 Εἷς
1825 5318 1932 5385 γὰρ
1954 5316 2063 5369 τῶν

388 5480 393 5485 η
489 5416 721 5487 πρώτων
744 5413 1011 5467 διακόνων
1028 5412 1097 5464 τὰ
1118 5410 1228 5463 τῶν
1248 5409 1519 5477 αἰτήσεων
1544 5406 1817 5476 ἐπιφέρει,
1847 5424 1865 5457 ι
1888 5406 2064 5475 Ὑπέρ

487 5525 547 5561 τε
592 5506 684 5561 τοῦ
720 5501 1151 5575 χειροτονοῦντος
1175 5499 1456 5568 ἱεράρχου,
1496 5498 1592 5550 καὶ
1633 5497 1727 5549 τοῦ
1755 5497 1920 5567 ἔργου
1955 5496 2065 5549 τῶν

487 5596 690 5669 χειρῶν
710 5595 877 5649 αὐτοῦ
903 5593 1208 5664 δεηοῶμεν,
1238 5608 1257 5643 ι
1295 5590 1494 5657 λέγων,
1526 5591 1774 5641 τουτέστι
1805 5587 1898 5640 τοῦ
1929 5605 2066 5659 προ-

488 5688 868 5761 χαριζομένου
900 5689 980 5750 εἷς
1014 5687 1075 5742 τὸ
1104 5687 1369 5755 χάρισμα,
1404 5682 1499 5735 καὶ
1539 5682 1730 5734 τοῦτον
1776 5681 2065 5750 ἄμεμπτον

489 5784 547 5835 ὲν
573 5779 720 5850 αὺτῷ
749 5776 1207 5849 διαφυλαχθῆναι,
1241 5795 1257 5829 ι
1282 5775 1374 5828 καὶ
1390 5773 1502 5830 τῶν
1523 5772 1811 5842 βασιλίων,
1843 5772 1938 5825 καὶ
1966 5772 2063 5841 τῆς

2163 4598 2412 4639 sccrans.
2433 4579 2631 4635 Postea
2658 4591 2882 4633 manum
2905 4575 3115 4629 habens
3140 4571 3245 4643 ipsi
3270 4570 3579 4641 impositam
3612 4584 3743 4639 prc-

2163 4692 2279 4732 cem
2309 4673 2526 4737 recitat,
2559 4686 2664 4741 qua
2681 4668 2793 4723 Deo
2814 4666 3086 4737 supplicat
3114 4672 3175 4719 ut
3202 4663 3430 4733 gratiam
3455 4660 3596 4717 sacri
3627 4661 3748 4715 dia-

2163 4764 2466 4821 couatusin
2486 4761 2663 4830 ipsum
2693 4757 2974 4820 immittat,
3012 4751 3411 4822 eumquejuxta
3435 4757 3744 4821 protomar-

2167 4866 2338 4928 tyrem
2373 4853 2710 4922 Stephanum
2742 4847 2907 4901 faciat
2935 4847 3138 4901 bonum
3176 4856 3522 4900 (ecouomum
3552 4852 3606 4896 ct
3631 4841 3746 4894 dis-

2168 4952 2514 5019 pensatorem
2571 4939 2735 4996 oﬂicii
2770 4938 3114 5002 diaconatus,
3149 4943 3474 5004 caeteraque,
3496 4942 3554 4985 ιιι
3579 4932 3748 4986 moris

2172 5048 2280 5101 est,
2305 5043 2583 5106 precatur.
2612 5032 2819 5087 Deinde
2853 5030 2963 5084 alta
3015 5042 3151 5083 voce
3212 5037 3420 5083 sanctae
3462 5022 3748 5078 Trinitatis

2168 5129 2399 5200 gloriam
2428 5124 2692 5181 celebrat.
2714 5121 3055 5192 Tuncigitur
3109 5119 3166 5174 in
3218 5118 3456 5172 adventu
3518 5115 3749 5184 spiritus

2169 5220 2415 5277 omnium
2444 5217 2686 5273 fidelium
2737 5213 2798 5271 fit
2858 5209 3333 5268 commemoratio.
3391 5204 3546 5260 Unus
3592 5203 3741 5258 enim

2172 5314 2476 5382 primorum
2508 5309 2866 5364 diaconorum
2907 5303 3218 5373 rogationes
3257 5297 3443 5362 infert,
3493 5294 3683 5350 dicens
3727 5301 3747 5348 ':

2178 5424 2196 5457 ι
2231 5403 2599 5473 Depreccmur
2623 5414 2722 5469 pro
2739 5398 3029 5453 ordinante
3050 5393 3332 5462 episcopo,
3365 5398 3420 5444 et
3441 5401 3608 5463 opere
3628 5398 3747 5441 ma-

2175 5510 2343 5550 nuum
2373 5492 2514 5563 eius.
2552 5507 2571 5542 ι
2612 5488 2726 5543 Hoc
2751 5497 2858 5549 est,
2915 5498 3017 5554 pro
3046 5494 3113 5537 co
3144 5480 3239 5550 qui
3295 5483 3645 5551 promovetur
3677 5476 3747 5528 ad

2174 5587 2360 5660 gratiae
2380 5580 2768 5650 donum,utin
2820 5591 2886 5633 eo
2946 5573 3295 5631 immaculata
3345 5575 3741 5626 conservetur:

2182 5697 2201 5732 ι
2239 5679 2343 5733 Pro
2376 5672 2803 5746 imperatoribus
2853 5676 2907 5727 et
2953 5670 3087 5725 urbe
3127 5665 3385 5735 omnique
3431 5662 3747 5719 Christiano

2178 5771 2396 5843 pupulo.
2430 5787 2447 5819 ›
2473 5767 2644 5838 Opart
2666 5777 2697 5822 ‘t
2717 5765 2862 5821 cuitu
2897 5764 2950 5817 in
2980 5760 3214 5816 adventu
3242 5758 3429 5831 gravitr
3452 5774 3546 5827 pro
3566 5753 3746 5807 omni-
