4114 6272
411 336 518 400 379

1217 349 1600 412 SYMEONIS
1659 351 2425 418 THESSALONICENSIS
2463 356 2803 418 ARCHIEP

3527 435 3537 440 _
3560 366 3665 429 380

412 453 521 505 lius
557 452 804 510 iidclibus
831 470 1012 518 orare.
1057 466 1111 515 et
1172 476 1361 518 eorum
1404 464 1725 520 memoriam
1783 463 2011 528 faceret

2094 468 2317 532 πόλεως,
2351 470 2447 523 καὶ
2495 471 2698 533 παντὸς
2742 470 2839 524 τοῦ
2888 473 3292 544 Χριστωνύμου
3331 477 3488 534 λαοῦ.
3520 499 3538 530 ι
3579 483 3672 536 Δεῖ

413 540 570 598 Tunc
595 545 742 600 enim
775 546 1023 619 locuples
1065 551 1306 623 Spiritus
1363 555 1592 611 donatio
1628 556 1883 612 omnibus
1933 558 1989 613 in

413 637 733 693 certaminis
756 640 1039 708 praemium
1089 643 1460 716 dispensatur.

941 846 1175 906 CAPUT
1230 851 1450 911 CLXX.

414 949 569 1040 Quod
600 956 1172 1040 ordinaudusguando
1227 964 1512 1020 ordinatur
1538 983 1716 1034 preces
1755 937 1852 1040 pro
1877 987 1990 1024 om-

481 1023 634 1160 :ﬁiibus
669 1026 892 1095 fundere
923 1023 1094 1101 debet,
1129 1049 1324 1105 easque
1356 1044 1481 1092 tunc
1509 1023 1991 1112 maxime'esseef-

525 1110 694 1150 caces.

525 1110 694 1150 εαεεε.

486 1182 667 1254 ipsum
700 1205 921 1262 quoque
951 1192 1326 1253 ordinandum
1384 1209 1514 1254 tunc
1542 1209 1755 1270 oportet
1789 1203 1990 1259 arden-

417 1273 525 1330 tius
557 1293 656 1348 pro
687 1283 943 1340 omnibus
974 1285 1339 1346 intercedere.
1386 1287 1522 1344 Nam
1571 1301 1627 1344 ut
1658 1305 1686 1343 a
1731 1289 1988 1350 Patribus

418 1367 735 1438 didicimus,
760 1391 1102 1448 quaecunque
1117 1381 1453 1436 ordinandus
1483 1383 1784 1438 secundmn
1816 1383 1988 1440 Deum

417 1468 551 1516 tunc
585 1476 839 1532 precatus
868 1467 1053 1535 fuerit,
1092 1471 1314 1542 accipit,
1345 1485 1400 1528 et
1445 1489 1546 1544 pro
1569 1475 1771 1545 quibus
1823 1477 1990 1530 ratio-

349 1536 365 1640 :
414 1553 676 1609 nabiliter
705 1557 942 1625 petierit,
990 1536 1415 1640 obtinet,_velut
1445 1536 1567 1621 tum
1587 1536 1988 1622 sanctiﬁcatus

415 1651 471 1697 et
509 1648 680 1714 gratia
713 1650 971 1707 donatus.
998 1653 1128 1710 Ideo
1152 1657 1353 1724 saepius
1377 1659 1580 1714 multos
1601 1658 1836 1714 fratrum
1892 1659 1986 1731 qui

417 1735 819 1796 ortlinabantur
868 1746 1078 1812 rogavi,
1139 1753 1199 1800 ut
1252 1762 1377 1803 cum
1429 1750 1837 1816 ordinarentur,
1889 1768 1988 1817 pro

419 1841 506 1882 me
537 1842 779 1898 orarent,
814 1842 870 1889 et
904 1836 1009 1890 mei
1068 1839 1514 1906 recordarentur,
1550 1851 1611 1897 ut
1673 1844 1988 1901 misericor-
2015 1825 2065 1886 Β

419 1919 569 1976 diam
596 1937 626 1976 a
661 1923 768 1978 Deo
796 1940 1183 1998 censequerer.
1213 1929 1519 2002 Episcopus
1542 1934 1708 2005 igitur
1745 1939 1991 1996 recitatis

416 2015 800 2084 rogationibus
831 2034 1052 2077 manum
1087 2023 1295 2080 habens
1325 2027 1494 2096 capiti
1550 2027 1726 2097 ipsius
1759 2031 1991 2101 imposi-

414 2114 553 2172 tam,
587 2123 688 2178 per
715 2125 835 2164 eam
859 2111 1006 2167 enim
1046 2115 1223 2185 gratia
1261 2129 1546 2187 operatur,
1586 2120 1883 2176 secundam
1908 2123 1994 2178 di-

415 2199 492 2254 cit
514 2202 846 2271 orationem,
871 2219 978 2276 qua
1007 2208 1248 2279 postulat
1280 2210 1644 2267 ordinandum
1667 2228 1768 2283 per
1789 2215 1994 2271 adven-

414 2299 532 2346 tum
567 2295 747 2350 sancti
775 2295 1020 2366 Spiritus
1059 2300 1258 2371 repleri
1309 2303 1437 2370 (ide,
1462 2305 1756 2374 sapientia,
1784 2308 1992 2363 virtute

414 2391 470 2436 et
503 2385 963 2446 sanctiﬁcatione.
997 2388 1122 2446 llaec
1147 2403 1332 2450 autem
1365 2410 1494 2451 vera
1526 2410 1652 2452 cum
1681 2396 1992 2454 humilitate

417 2472 755 2543 ait,dicens,
793 2494 855 2535 se
879 2495 1140 2539 manuum
1190 2500 1418 2543 suarum
1475 2489 1819 2560 impositioni
1878 2507 1991 2548 non

417 2570 714 2638 conlidere,
747 2575 843 2630 sed
897 2593 995 2648 per
1047 2580 1244 2636 divina:
1298 2584 1689 2642 misericordiae
1723 2588 1992 2645 visitatio-

417 2676 540 2716 num
598 2663 779 2734 dignis
831 2670 1062 2738 gratiam
1096 2671 1430 2742 donari;ita
1481 2685 1543 2733 ut
1588 2692 1686 2748 per
1728 2695 1991 2736 manuum

420 2752 831 2822 impositionem
854 2761 1053 2818 divinae
1081 2765 1482 2824 misericordia
1516 2770 1759 2827 visitatio
1785 2773 1993 2843 signiti-

419 2855 600 2910 celur,
629 2857 684 2904 et
733 2853 908 2919 gratia
945 2855 1192 2928 indignis
1246 2859 1527 2917 adveniat.
1564 2861 1775 2920 Deinde
1824 2867 1994 2923 rebe-

419 2946 632 2994 mentcr
661 2945 800 3010 petit
832 2958 960 3001 eum
992 2948 1061 3004 ab
1101 2951 1250 3005 omni
1281 2962 1509 3021 peccato
1559 2970 1684 3012 esse
1715 2957 1952 3015 alienum
1973 2999 1990 3026 ,

421 3030 552 3090 quia
577 3033 759 3089 nullus
787 3045 872 3092 est
900 3053 929 3092 a
981 3042 1196 3099 macula
1237 3060 1435 3114 purus,
1474 3049 1774 3120 nullusque
1845 3053 1994 3109 suni-

420 3123 574 3178 ciens
601 3125 669 3178 ad
718 3127 1047 3198 ltujusmodi
1074 3135 1404 3193 ministeria.
1448 3140 1591 3196 Petit
1645 3143 1879 3216 insuper
1928 3154 2061 3226 utc

417 3230 543 3269 cum
582 3215 722 3273 bene
754 3221 1156 3280 ministraverit
1186 3226 1391 3284 laboris
1411 3232 1718 3288 mercedem
1761 3215 1789 3287 a
1831 3233 1992 3290 Chri—

415 3319 503 3364 sto
529 3312 784 3380 accipiat.
819 3315 1023 3385 Sicque
1048 3315 1161 3373 Deo
1191 3319 1302 3372 alta
1332 3334 1466 3376 voce
1497 3323 1720 3380 laudato
1750 3326 1995 3394 (oportet

415 3400 562 3452 cnim
604 3403 810 3470 gratias
833 3403 914 3460 illi
935 3421 1101 3476 agere
1133 3423 1237 3476 pro
1267 3411 1526 3468 omnibus
1549 3413 1750 3471 divinis
1780 3416 1994 3486 donis),

417 3501 500 3549 ter
530 3492 728 3547 iterum
763 3493 918 3551 illum
974 3498 1246 3567 signando
1279 3505 1526 3573 mysterii
1559 3509 1996 3565 consummatio-

414 3599 542 3649 nem
582 3584 880 3658 adimplet;
911 3588 1112 3646 deinde
1159 3593 1474 3650 ordinatum
1503 3611 1535 3652 e
1567 3611 1762 3654 mensa
1805 3600 1992 3671 erigit.

946 3875 1183 3934 CAPUT
1223 3880 1461 3938 CLXXI.

419 3957 574 4024 Quod
608 3961 882 4033 episcopus
917 3965 972 4048 in
1015 3972 1352 4049 ordinatione
1385 3975 1744 4032 ordinandum
1799 3981 1995 4049 triplici

889 4039 1176 4108 signaculo
1211 4056 1504 4100 consecrat.
1784 4068 1788 4071 ‘

487 4123 688 4194 Aspice
719 4137 907 4184 autem
939 4137 997 4186 et
1022 4135 1244 4190 attende
1268 4135 1592 4195 Trinitatem
1619 4143 1823 4214 ubique
1848 4160 1987 4216 prae-

415 4214 673 4286 dicatam,
715 4227 770 4275 et
803 4233 1121 4291 operantem
1147 4227 1200 4280 in
1233 4227 1413 4301 nobis,
1438 4240 1603 4301 atque
1630 4233 1814 4293 divina
1849 4214 1991 4296 dona

414 4321 919 4369 ronsummantem.
957 4315 1266 4389 Episcopus
1290 4323 1438 4377 enim
1463 4324 1766 4384 adductum
1796 4333 1988 4388 statim

367 4387 370 4390 ’
412 4404 500 4452 ter
523 4415 687 4456 cruce
742 4403 946 4474 signat,
983 4407 1036 4463 in
1100 4387 1380 4480 primitias
1436 4420 1878 4476 consecrationis
1931 4432 1988 4478 et

2093 559 2203 629 γὰρ
2242 561 2312 630 τῇ
2360 559 2705 630 ἐπιφοιτήσει
2747 561 2853 631 τῆς
2913 564 3140 634 χάριτος
3192 569 3415 622 πάντων
3462 573 3671 628 πιστῶν

2096 649 2496 721 δπτρεύχεσθαι
2546 654 2642 706 καὶ
2695 655 3062 724 μεμνῆσθαι·
3104 659 3341 713 πλουσία
3387 662 3496 731 γὰρ
3546 665 3670 717 τότε

2093 743 2128 812 ή
2151 743 2333 815 δωρεά
2359 743 2453 800 τοῦ
2488 746 2805 818 Πνεύματος
2835 751 3004 802 πᾶσιν
3050 751 3498 822 ἐπιδραεεύεται.

2635 861 2915 917 ηΚΕΦΔΛ.
2948 863 3070 920 PO'.

2093 967 2444 1049 Ὀτι-ἐντῷ
2486 973 2960 1049 χείροτοιςεῖσθαι
2998 977 3102 1049 tor
3142 984 3672 1049 χειροτονούμενον

2161 1040 2260 1123 δεῖ
2278 1040 2525 1123 πάξ-,ζωῶ-
2539 1044 3003 1113 ὑπερεύχεο-θαιο
3028 1040 3335 1120 ἀνύσιῂον
3359 1053 3471 1123 γὰρ
3483 1040 3669 1110 τοῦτο

2164 1112 2298 1166 τότε
2317 1112 2581 1181 μᾶλλον.

2165 1202 2276 1256 Καὶ
2319 1205 2483 1258 αὐτὸν
2529 1207 2587 1260 δὲ
2629 1208 2723 1261 τὸν
2755 1211 3238 1280 χειροτονούμενον
3289 1215 3397 1285 χρὴ
3445 1184 3666 1268 πέντων

2091 1293 2495 1365 ὕπερεύχεσθαι
2541 1299 2876 1370 θερμότερον
2905 1303 3048 1356 τότε.
3089 1304 3178 1367 Ὦς
3220 1306 3330 1373 γὰρ
3358 1307 3511 1375 παρὰ
3557 1309 3666 1361 ila-

2090 1385 2265 1455 τέρων
2296 1389 2599 1459 ἐμάθομεν,
2627 1391 2728 1446 ὅσα
2761 1393 2828 1447 ἂν
2857 1385 2979 1448 τότε
3027 1397 3168 1450 κατὰ
3205 1397 3339 1450 θεὸν
3367 1401 3396 1451 ὁ
3422 1415 3668 1469 χειροτο-

2091 1478 2355 1549 νούμενος
2404 1480 2640 1551 εὔξαιτο,
2677 1483 2946 1555 λαμϐάνει
2994 1486 3147 1555 παρὰ
3185 1486 3320 1541 Θεοτὶ
3349 1505 3364 1518 ·
3393 1490 3490 1540 καὶ
3525 1489 3665 1559 ὑπὲρ

2088 1564 2168 1629 ὧν
2201 1573 2418 1642 αἰτήσει
2447 1575 2592 1628 κατὰ
2637 1575 2797 1644 λόγον
2826 1578 3097 1648 εὑρίσκει,
3137 1579 3212 1644 ὡς
3257 1579 3622 1649 ἁγιαζόμενος
3645 1620 3662 1645 ,

2090 1667 2189 1719 καὶ
2224 1667 2326 1737 τὴν
2353 1668 2512 1738 χάριν
2544 1669 2859 1738 δεχόμενος.
2921 1671 3014 1724 Διδ
3062 1669 3220 1738 κάγὼ
3248 1671 3511 1734 πολλάκις
3539 1672 3670 1724 πολ-

2089 1756 2240 1822 λοὺς,
2276 1758 2500 1826 ἀδελφὲ,
2525 1760 2635 1813 τῶν
2660 1763 3164 1832 χειροτονουμένων
3216 1764 3452 1834 ἠξίωσα,
3492 1766 3552 1818 ὲν
3587 1763 3665 1833 τῷ

2093 1850 2518 1920 χειροτονεῖσθαι
2551 1851 2810 1922 εὔχεσθαι
2859 1853 3002 1925 ὑπὲρ
3036 1853 3192 1923 ἐμοῦ,
3225 1858 3322 1909 καὶ
3361 1856 3672 1928 μνησθῆναί

2097 1961 2201 2015 μου
2253 1947 2374 2000 τότε
2400 1987 2416 2012 ,
2452 1946 2593 2003 ὥστε
2640 1949 2956 2021 ἐλεηθῆναι.
3006 1949 3067 2004 Ὀ
3100 1951 3394 2022 ἀρχιερεὺς
3441 1946 3536 2005 οὖν
3577 1953 3672 2005 καὶ

2093 2038 2204 2092 τῶν
2228 2040 2502 2111 αἰτήσεων
2529 2041 2865 2112 λεγομένων,
2891 2043 2992 2114 τὴν
3018 2045 3180 2114 χεῖρα
3206 2043 3346 2114 ἔχων
3383 2045 3671 2114 ὲπικειμέο

2092 2151 2195 2204 νην
2222 2135 2289 2205 τῇ
2319 2131 2491 2188 αὑτοῦ
2533 2135 2776 2206 κεφαλῇ,
2807 2136 2878 2191 δι’
2906 2135 3079 2207 αὐτῆς
3108 2135 3221 2206 γὰρ
3248 2137 3282 2208 ή
3323 2136 3490 2207 χάρις
3517 2138 3672 2208 ἐνερ-

2092 2228 2202 2295 γεῖ,
2227 2217 2340 2281 ’καὶ
2379 2226 2482 2297 τὴν
2526 2226 2793 2298 δευτέραν
2843 2229 2983 2297 μετὰ
3016 2229 3116 2292 τὰς
3145 2229 3392 2300 αἰτήσεις
3426 2231 3672 2300 ἐπιλέγει
3761 2251 3764 2258 ·

2093 2316 2285 2387 εὐχήν.
2317 2311 2429 2368 Kal.
2463 2315 2827 2386 πληρωθῆναι
2876 2317 3175 2384 ὲξαιτεῖται
3197 2321 3293 2374 τὸν
3330 2321 3673 2392 χειροτονοῦν

2097 2424 2260 2478 μενον
2285 2406 2526 2471 πίστεως
2560 2409 2656 2462 καὶ⁸
2703 2409 2902 2477 σοφίας
2950 2410 3045 2463 καὶ
3073 2410 3359 2479 δυνάμεως
3391 2411 3486 2465 καὶ
3511 2412 3672 2481 ἁγια-

2096 2500 2236 2570 σμοΰ
2259 2502 2327 2570 τῇ
2353 2500 2702 2571 ἐπιφοιτήσει
2750 2501 2845 2554 τοῦ
2907 2502 3053 2557 θείου
3085 2503 3427 2573 Πνεύματος.
3463 2507 3576 2560 Καὶ
3609 2506 3671 2559 ὲν

2094 2591 2286 2661 ἀληθεῖ
2309 2585 2640 2646 ταπεινώσει
2664 2591 2826 2664 ιᾷε
2859 2593 3036 2648 ταῦτά
3072 2613 3204 2664 φησι
3233 2597 3431 2666 λέγων,
3459 2597 3542 2651 δτι
3569 2599 3669 2652 οὐκ

2093 2682 2154 2736 ἐν
2183 2684 2249 2752 τῇ
2283 2681 2528 2736 ὲπιθὲσει
2561 2682 2671 2736 τῶν
2719 2682 2887 2738 αὑτοῦ
2933 2685 3134 2757 χειρῶν
3182 2687 3400 2758 θαρρεῖ,
3457 2687 3578 2742 ἀλλ’
3611 2689 3671 2742 ἐν

2093 2777 2162 2846 τῇ
2200 2776 2477 2846 ἐπισκοπῇ
2509 2773 2607 2828 τοῦ
2651 2775 2804 2828 θείου
2838 2775 3047 2840 ἐλέους,
3081 2777 3320 2832 δίδοσθαι
3359 2779 3525 2848 χάριν
3555 2781 3670 2842 τοῖς

2094 2868 2271 2931 ἀξίοις
2303 2885 2319 2901 ο
2355 2867 2496 2922 ὥστε
2534 2867 2627 2923 διὰ
2653 2867 2758 2933 τῆς
2804 2867 3102 2930 ἐπιθέσεως
3121 2868 3232 2921 τῶν
3276 2870 3480 2940 χειρῶν
3506 2873 3538 2940 ή
3569 2871 3665 2925 τοῦ

2095 2959 2241 3012 θείου
2287 2959 2470 3024 ἐλέους
2520 2959 2794 3030 ὲπισκοπὴ
2846 2959 3124 3030 δηλοῦται,
3167 2960 3263 3014 καὶ⁷
3303 2962 3386 3014 ὅτι
3422 2963 3454 3031 ἡ
3497 2963 3660 3033 χάρις

2094 3052 2208 3113 τοῖς
2241 3050 2414 3116 ἀξίοις
2442 3051 2724 3124 ἐπιφοιτᾷ.
2763 3047 2897 3106 Εἶτα
2931 3058 3027 3106 καὶ
3074 3053 3258 3124 πάσης
3290 3053 3454 3108 αὑτὸν
3481 3055 3663 3125 ἁμαρ-

2095 3136 2216 3200 τίας
2250 3138 2410 3203 ἐκτὸς
2438 3140 2696 3209 γενέσθαι
2753 3140 3025 3194 δυσιιιπεν
3055 3143 3138 3197 ὅτι
3197 3143 3376 3207 οὐδεὶς
3427 3144 3667 3214 καθαρὸς

2097 3229 2208 3284 ἀπὸ
2235 3229 2434 3300 ῥύπου,
2477 3233 2572 3284 καὶ
2601 3231 2780 3294 οὐδεὶς
2845 3231 3031 3295 ἱκανὸς
3075 3233 3213 3303 πρδς
3257 3233 3517 3297 τοιαύτας
3558 3234 3671 3288 δια-

2095 3322 2314 3386 κονίας⁶
2359 3323 2455 3374 καὶ
2499 3321 2683 3386 καλῶς
2728 3323 3130 3394 διακονήσαντα
3191 3326 3283 3379 τὸν
3335 3325 3528 3396 μισθὸν
3574 3326 3672 3379 τοῦ

2097 3411 2269 3466 κόπου
2306 3412 2493 3470 λαϐεῖν
2529 3413 2682 3484 παρά
2709 3415 2803 3468 τοῦ
2839 3414 3106 3486 Χριστοῦ.
3138 3416 3249 3470 Καὶ
3275 3415 3450 3479 οὕτως
3493 3417 3671 3485 ὲκφώο

2095 3520 2202 3568 νως
2245 3506 2339 3559 τὸν
2369 3505 2502 3559 Θεὸν
2531 3507 2856 3577 ἀνυμνήσας
2893 3508 3270 3578 (εὐχαριστεῖν
3301 3506 3410 3578 γὰρ
3457 3508 3538 3561 δεῖ
3578 3509 3672 3562 ἐπὶ

2096 3597 2234 3650 πᾶσι
2259 3596 2371 3659 τοῖς
2404 3596 2572 3660 θείοις
2606 3596 2845 3668 δώροις),
2881 3599 3006 3667 τρὶς
3032 3598 3194 3652 πάλιν
3221 3599 3539 3670 σφραγίζει,
3573 3600 3672 3670 τὴν

2095 3689 2377 3744 τελείωσιν
2410 3690 2686 3760 ὲνεργῶνο
2738 3692 2836 3744 καὶ
2891 3691 3084 3762 ἀνιστᾷ
3119 3691 3223 3763 τῆς
3267 3693 3550 3766 τραπέζης
3580 3695 3672 3750 τὸν

2095 3780 2578 3851 χειροτονηθέντα.

2229 3958 2231 3960 η
2651 3894 2904 3950 ΚΕΦΑΛ.
2941 3895 3107 3953 POA'.
3541 3935 3544 3938 η

2099 3984 2231 4040 Ὅτι
2260 3986 2394 4063 τρίς
2428 3985 2500 4040 ἐν
2548 3984 2627 4054 τῆ
2652 3991 3002 4063 χειροτονίᾳ
3037 3992 3243 4060 τριττῆ
3300 3996 3584 4063 σφραγῖδι
3641 3999 3675 4051 d

2253 4057 2537 4126 ἱεράρχης
2560 4073 2626 4110 τε
2639 4059 2787 4113 Isto?
2810 4059 2916 4112 τὸν
2955 4057 3511 4132 χειροτονούμὲὶροκ.

2169 4146 2282 4200 Kal.
2321 4147 2425 4217 ὅρα
2458 4147 2728 4201 πάντοθεν
2767 4149 2868 4217 τὴν
2919 4149 3126 4217 Τριάδα
3163 4157 3585 4226 κηρυσσομένην
3612 4174 3672 4210 τε

2096 4239 2192 4292 καὶ
2244 4237 2583 4309 ἐνεργοῦσαν
2639 4240 2697 4293 ἐν
2746 4240 2880 4310 ήμῖν
2930 4244 3026 4295 καὶ
3073 4242 3389 4298 τελειοῦσαν
3437 4248 3509 4299 τὰ
3554 4247 3674 4301 θεῖα

2095 4329 2420 4401 δωρήματα.
2472 4330 2698 4401 Πρῶτον
2764 4331 2864 4401 μὲν
2916 4333 3029 4404 γὰρ
3081 4334 3244 4398 εὐθὺς
3293 4338 3672 4407 προσαχθέντα

2100 4423 2396 4494 σφραγίζει
2439 4424 2562 4493 τρὶς
2605 4424 2744 4494 ὅπερ
2807 4426 2958 4480 ἐστὶν
3001 4429 3227 4498 ἀπαρχὴ
3259 4428 3359 4498 τῆς
3409 4430 3676 4499 καθιερώ-

412 4490 805 4552 ordinationis.
862 4496 1069 4555 Deinde
1120 4505 1366 4560 secundo
1397 4504 1597 4562 iterum
1637 4524 1760 4565 eum
1811 4513 1991 4583 signat

2095 4490 2237 4576 σεως
2262 4490 2361 4566 καὶ
2386 4490 2748 4583 χειροτονίας·
2783 4508 2904 4568 εἶτα
2943 4490 3404 4586 δεύτερον”πάλιν
3435 4490 3674 4590 σφραγί-

411 4588 500 4640 ιρι
539 4596 664 4654 post
692 4587 1100 4648 invocationem
1129 4595 1328 4652 divina:
1365 4601 1585 4669 gratiae,
1611 4609 1667 4657 et
1704 4604 1760 4658 in
1787 4618 1854 4660 eo
1891 4621 1994 4676 per

415 4691 639 4732 crucem
667 4691 930 4750 operatur
984 4683 1188 4742 donum
1214 4691 1404 4758 gratiae
1427 4693 1481 4745 in
1509 4693 1694 4750 medio
1729 4699 1992 4768 mysterio

417 4779 518 4838 per
539 4767 798 4825 virtutem
827 4770 1141 4843 Trinitatis,
1174 4780 1436 4836 omnibus
1466 4796 1592 4837 cum
1613 4767 1994 4844 cantudicen-

413 4857 565 4915 tibus
589 4877 606 4910 ι
632 4858 792 4929 Kyrie
813 4862 1039 4921 eleison.
1054 4886 1074 4919 ι
1095 4867 1286 4926 Tertio
1305 4874 1539 4944 denique
1557 4885 1681 4946 post
1705 4881 1990 4938 orationes

414 4948 799 5018 pronuntiatus
821 4952 1017 5009 iterum
1047 4957 1201 5013 illum
1244 4969 1328 5016 ter
1353 4977 1520 5019 cruce
1548 4966 1751 5036 signat,
1785 4979 1845 5024 ut
1877 4973 1990 5040 jam

415 5054 516 5116 per
547 5038 790 5096 divinam
824 5045 1080 5102 virtutem
1110 5064 1142 5105 a
1187 5066 1245 5106 se
1276 5053 1489 5125 integre
1517 5038 1903 5116 consecratum
1935 5070 1992 5118 et

413 5135 780 5194 constitutum
825 5140 910 5195 vel
944 5140 1263 5211 diaconum,
1321 5148 1407 5203 vel
1461 5151 1862 5223 presbyterum,
1909 5157 1992 5212 rel

411 5231 762 5303 episcopum.
798 5223 1172 5292 [uillis-enim
1232 5248 1317 5294 ter
1349 5243 1606 5298 similiter
1676 5245 1727 5300 id
1793 5247 1876 5314 ﬁt,
1933 5259 1993 5304 ut

419 5326 677 5384 laudetur
705 5342 760 5386 et
788 5331 1101 5388 celebretur
1134 5332 1400 5403 Trinitas,
1435 5349 1600 5410 atque
1623 5341 1782 5412 signo
1810 5345 1993 5400 crucis

414 5419 633 5484 operari
658 5421 1004 5490 ostendatur,
1037 5425 1091 5480 in
1131 5428 1402 5494 principio
1431 5431 1642 5487 scilicet
1677 5435 1881 5503 operis,
1937 5435 1991 5488 in

418 5511 622 5577 medio,
657 5518 713 5567 et
745 5513 798 5567 in
845 5513 954 5570 ilne
990 5531 1008 5569 :
1045 5517 1308 5586 quoniam
1341 5534 1403 5573 ea
1447 5520 1561 5575 sola
1615 5537 1782 5578 causa
1829 5534 1910 5578 est
1939 5534 1994 5580 et

417 5603 612 5669 t'tepti,
660 5614 716 5660 ct
769 5607 1072 5676 profectus,
1121 5620 1177 5666 ct
1215 5613 1614 5680 exsccutionis,
1643 5631 1762 5686 qua:
1827 5617 1992 5671 etiam

420 5690 667 5749 Trinitas
699 5695 846 5750 Deus
875 5707 979 5765 est,
1003 5699 1252 5755 omnium
1291 5718 1470 5757 rerum
1495 5720 1686 5760 causa.
1725 5705 1992 5762 Praeterea

425 5800 553 5838 cum
609 5785 719 5839 sint
776 5797 896 5845 tres
945 5791 1177 5859 borum,
1233 5801 1292 5847 ut
1334 5796 1686 5866 angelorum,
1749 5800 1988 5868 ordines,

2095 4603 2179 4670 ζει
2235 4608 2358 4674 τρὶς
2409 4603 2549 4675 μετὰ
2598 4604 2699 4675 τήν
2755 4605 3049 4676 ἐπίκλησιν
3091 4611 3194 4678 τῆς
3240 4609 3392 4673 θείας
3428 4613 3672 4682 χάριτος,

2093 4695 2337 4767 ἐνεργῶν
2372 4697 2430 4749 ἐν
2459 4695 2608 4766 αὐτῷ
2645 4696 2733 4749 διὰ
2777 4697 2874 4750 τοῦ
2926 4698 3169 4768 σταυροῦ
3221 4703 3366 4754 κατὰ
3407 4702 3470 4756 τὸ
3505 4705 3671 4772 μέσον

2093 4787 2196 4858 τῆς
2228 4787 2452 4858 τελετῆς
2506 4789 2566 4840 ἐν
2609 4790 2676 4859 τῇ
2727 4788 2923 4858 Τριάδι
2951 4790 3015 4842 τὸ
3041 4788 3296 4862 δώρημα,
3328 4793 3548 4847 πάντων
3587 4795 3675 4846 λε..

2092 4879 2302 4946 γόντων
2330 4877 2413 4941 τὸ,
2453 4895 2472 4929 ι
2511 4877 2707 4948 Κύριε,
2737 4877 2985 4946 ἐλέησον,
3025 4895 3045 4930 ι
3085 4881 3202 4948 μετ’
3236 4878 3402 4952 ᾠδῆς
3434 4882 3532 4935 καὶ
3560 4882 3672 4950 τρί-

2091 4985 2186 5023 τον
2224 4969 2325 5040 ήδη
2373 4968 2512 5039 μετὰ
2543 4970 2643 5031 τὰς
2675 4967 2842 5039 εὐχὰς
2887 4971 3008 5036 τρὶς
3039 4970 3204 5024 πάλιν
3231 4970 3551 5040 σφραγίζει,
3582 4973 3662 5035 ὡς
3723 5014 3725 5017 .

2093 5058 2388 5122 τελειώσας
2440 5060 2537 5112 καὶ
2593 5059 3056 5127 ἀποκαταστήσας
3089 5059 3216 5130 θείᾳ
3263 5061 3488 5132 δυνάμει
3547 5064 3670 5119 ὁλο-

2093 5151 2266 5214 τελῶς
2317 5151 2350 5220 ἢ
2383 5151 2782 5222 λειτουργδν,ή
2830 5151 3228 5222 πρεσόύτερον,
3265 5152 3296 5224 ἢ
3341 5154 3672 5210 ἐπίσκοπον.

2096 5244 2206 5297 Kal.
2248 5243 2336 5297 ἐπ’
2370 5243 2600 5305 ἐκείνοις
2644 5244 2754 5313 γὰρ
2790 5243 2991 5314 ὁμοίως
3020 5244 3232 5311 γίνεται
3279 5247 3400 5314 τρὶς
3430 5247 3462 5317 ή
3496 5247 3673 5317 Τριὰς

2096 5339 2414 5408 ὑμνουμένη
2443 5338 2538 5391 καὶ
2572 5337 2873 5408 ὲνεργοῦσα
2915 5341 2982 5409 τῇ
3021 5341 3304 5408 σφραγῖδι,
3339 5340 3397 5392 ἐν
3436 5341 3580 5411 ἀρχῇ
3610 5359 3672 5394 τε

2095 5430 2190 5484 τοῦ
2222 5431 2405 5500 ἔργον,
2441 5431 2538 5485 καὶ
2564 5431 2630 5500 τῇ
2687 5432 2967 5500 μεσότητι,
3013 5431 3111 5482 καὶ
3144 5429 3220 5498 τῷ
3267 5431 3432 5483 τέλει·
3461 5432 3547 5485 ὃτι
3577 5434 3675 5485 καὶ

2097 5522 2191 5578 τοῦ
2225 5523 2496 5594 ἄρξασθαι
2537 5518 2700 5586 εῖναι,
2737 5521 2833 5574 καὶ
2867 5521 2964 5574 τοῦ
3015 5521 3353 5590 προκόπτειν
3379 5563 3393 5583 ,
3430 5523 3527 5576 καὶ
3579 5522 3675 5621 τοῦ

2098 5618 2178 5680 εἰς
2218 5616 2368 5678 τέλος
2417 5614 2615 5680 ἐλθεῖν,
2664 5613 2807 5683 αὕτη
2841 5614 2976 5686 μόνη
3015 5614 3199 5678 αἰτία,
3223 5615 3257 5684 ή
3281 5615 3377 5667 καὶ
3405 5616 3515 5668 τῶν
3539 5613 3676 5668 ὃλῶν

2099 5708 2249 5762 αἰτία
2277 5709 2306 5759 ὁ
2325 5708 2460 5770 Θεὸς
2489 5708 2522 5776 ἡ
2544 5707 2714 5774 Τριάς
2744 5707 2916 5760 ἐστιν.
2945 5705 3112 5758 Ἀλλὰ
3143 5705 3240 5760 καὶ
3266 5707 3340 5769 ώς
3366 5706 3675 5776 ἀγγελικῶν

2097 5801 2324 5855 τουτωνὶ
2356 5801 2464 5855 τῶν
2482 5802 2648 5872 τριῶν
2681 5799 2858 5854 οὐσῶν
2883 5799 3110 5866 τάξεων,
3129 5800 3399 5864 διακόνου,
3437 5801 3676 5866 πρεσϐυ-
