4114 6272
408 326 411 332 ’
476 367 591 430 3ῗ3

1286 365 1665 428 SYMEONIS
1702 362 2462 426 THESSALONICENSIS
2528 363 2885 426 ARCHIEP.

3610 368 3713 433 384

479 492 690 538 tantum
741 486 834 539 sex
861 483 959 539 alae
982 480 1315 554 signillcant,
1341 500 1531 540 verum
1562 484 1725 538 etiam
1776 479 2035 537 Crucilixi

2148 496 2167 530 ι
2205 478 2417 545 Ἀγιος,
2444 478 2621 547 ἅγιος,
2655 479 2832 547 ἅγιος,
2871 498 2888 531 ι
2930 479 3217 537 ἐκὸοῶσιν.
3257 481 3422 536 Ἀλλὰ
3471 486 3570 537 καὶ
3610 485 3704 539 τοῦ

476 586 661 643 typum
691 586 904 645 gerunt.
937 575 1050 630 Ala.-
1080 576 1228 630 enim
1256 586 1507 646 supernae
1528 570 1600 631 ἐι
1625 575 1855 630 inferum
1889 581 2042 637 sunt,

474 667 639 721 veluti
674 668 876 737 lignum
906 669 1087 723 erucis
1120 676 1362 723 erectum
1388 684 1404 735 ;
1436 683 1558 737 quae
1583 660 1712 722 vero
1759 681 1823 720 ex
1857 665 2043 720 lateri-

475 758 578 812 bus
606 772 777 812 cornu
829 769 1227 829 rcprmsentant
1273 770 1327 815 et
1380 759 1588 829 lignum
1644 766 2038 814 transversum.

473 845 599 901 l.leo
628 846 877 903 diaconis
913 857 970 903 ut
1026 847 1312 918 Seraphim
1351 847 1714 917 ﬁgurantibus
1764 846 2039 902 ﬂabellum

473 952 502 989 a
530 936 781 1005 pontiﬁce
820 938 1077 992 traditur.
1121 937 1259 992 Illud
1317 944 1501 992 autem
1554 936 1670 991 alas
1721 934 2039 1003 angelorum

471 1027 741 1097 designat,
775 1029 892 1098 ipsa
920 1044 1140 1098 qunque
1167 1028 1462 1084 Cherubim
1497 1035 1550 1082 et
1572 1026 1890 1097 Seraphim,
1915 1040 2041 1080 eum

468 1127 526 1171 et
570 1119 857 1189 Seraphim
885 1120 1159 1175 ﬂabellum
1185 1119 1459 1189 depictqu
1489 1118 1745 1183 habeant,
1805 1132 1926 1187 quae
1960 1132 2040 1187 ty-

470 1225 597 1275 pum
672 1221 873 1279 gerunt
924 1225 1114 1266 eorum
1178 1226 1301 1280 quae
1346 1211 1400 1264 in
1458 1210 1577 1280 lege
1634 1208 2040 1265 obumbrabaut

467 1316 675 1365 arcam,
703 1310 757 1357 et
792 1318 856 1358 ea
897 1318 1020 1372 quae
1069 1302 1273 1373 Sancta
1314 1306 1633 1357 sanctorum
1687 1301 2035 1355 dicebantur.

467 1390 601 1445 Nam
651 1393 699 1447 si
758 1394 1034 1449 bmetune
1088 1394 1325 1448 erantin
1357 1392 1576 1456 umbra,
1632 1392 1808 1446 multo
1865 1392 2038 1461 magis

467 1486 702 1539 veritate
732 1495 1085 1555 comparente
1116 1484 1294 1540 locum
1353 1484 1554 1540 habere
1612 1485 1834 1540 debent.
1898 1484 2039 1539 Sunt

471 1576 636 1628 etiam
677 1575 765 1629 hic
802 1590 933 1630 vere
973 1576 1295 1646 angelorum
1329 1575 1735 1642 multitudines,
1786 1584 1841 1631 et
1883 1576 2037 1631 multi

471 1665 699 1719 Patrum
758 1674 1074 1722 nostrorum
1114 1681 1210 1722 eos
1264 1667 1522 1722 viderunt
1573 1675 1630 1723 et
1681 1667 2035 1737 contemplati

2146 570 2555 637 σταυρωθέντος
2589 572 2647 624 ἐν
2674 571 2851 636 τούτῳ
2882 570 3066 641 ἔχουσι
3108 572 3282 627 τύπον
3311 575 3382 629 τὰ
3406 574 3709 648 ἑξαπτέρυ-

2142 675 2235 726 γα.
2285 660 2366 713 Τὰ
2418 661 2530 713 ἄνω
2583 661 2682 729 μὲν
2712 661 2820 731 γὰρ
2846 661 2942 715 καὶ
2994 662 3152 717 κάτω
3196 666 3374 731 πτερὰ
3425 666 3615 739 ὥσπερ
3648 671 3710 723 τὸ

2145 749 2317 818 ίκρίον
2367 749 2486 803 ἔστι
2527 750 2621 805 τοῦ
2674 751 2909 821 σταυροῦ
2934 768 2950 783 ·
2978 753 3045 806 τὰ
3077 753 3136 807 δὲ
3162 754 3226 808 ὲκ
3256 755 3507 822 πλαγίων
3535 763 3712 831 πτερὰ

2139 842 2201 895 τὸ
2244 842 2434 913 κέρας.
2486 843 2578 896 Διὸ
2629 847 2720 897 καὶ
2759 847 2874 908 τοῖς
2914 846 3188 909 διακόνοις
3235 847 3312 911 ὡς
3343 848 3413 902 τὰ
3459 853 3712 922 Σεραφὶμ

2141 933 2469 999 ὲκτυποῢσι,
2501 935 2598 987 καὶ
2632 936 2885 1004 ῥιπίδιον,
2924 937 3129 993 δίδοται
3184 938 3337 1009 παρὰ
3376 941 3470 993 τοῦ
3523 943 3711 1012 ἀρχιε-

2143 1023 2284 1095 ρέως
2310 1040 2327 1056 ο
2357 1025 2491 1080 αὐτὸ
2536 1027 2591 1080 δὲ
2623 1027 2723 1087 τὰς
2757 1028 3037 1098 πτέρυγας
3070 1030 3222 1099 δηλοί
3276 1033 3395 1097 τῶν,
3425 1035 3674 1102 ἀγγέλων
3696 1052 3710 1065 ·

2141 1115 2235 1167 καὶ
2282 1115 2422 1169 αὐτὰ
2466 1116 2537 1171 τὰ
2581 1117 2867 1187 Χερουϐίμ
2912 1135 2971 1172 τε
3010 1120 3107 1174 καὶ
3154 1121 3406 1191 Σεραφὶμ
3450 1122 3711 1190 ἔξεικονιο

2142 1203 2317 1273 σμένα
2345 1204 2484 1275 ἔχει·
2521 1207 2616 1260 καὶ
2654 1207 2878 1261 ἐκείνων
2912 1209 3139 1278 φέρουσι
3175 1210 3366 1265 ’τύπον
3394 1212 3503 1264 τῶν
3534 1214 3594 1266 ὲν
3632 1213 3708 1282 τῷ

2139 1295 2311 1366 νόμῳ,
2340 1297 2774 1362 ὲπισκιαζόντων
2801 1299 2901 1367 τὴν
2926 1299 3160 1354 κιϐωτὸν
3202 1302 3297 1354 καὶ
3328 1303 3398 1355 τὰ
3435 1301 3709 1372 λεγόμενα
3748 1368 3753 1373 Γ

2141 1388 2310 1454 ’Δγια
2356 1387 2466 1441 τῶν
2513 1387 2706 1456 ἁγίων.
2745 1389 2809 1443 Εί
2839 1390 2949 1461 γὰρ
2981 1391 3104 1444 τότε
3154 1387 3224 1463 ἦν
3256 1394 3314 1446 ἐν
3340 1396 3406 1463 τῇ
3449 1396 3600 1465 σκιᾷ,
3629 1395 3711 1447 δεῖ

2142 1479 2344 1546 μᾶλλον
2382 1479 2621 1536 ἐνταῦθα
2652 1477 2816 1548 εἶναι,
2849 1482 3113 1550 φανείσης
3141 1484 3241 1552 τῆς
3267 1485 3549 1554 ἀληθείας.
3584 1487 3733 1540 Είσὶ¹

2137 1569 2194 1622 δὲ
2224 1570 2320 1623 καὶ
2349 1569 2564 1640 ἀληθῶς
2594 1571 2774 1641 πλήθη
2829 1564 2931 1626 ὦδε
2986 1573 3261 1641 ἀγγέλων.
3305 1575 3416 1628 Καὶ
3464 1575 3704 1629 πλεῖστοι

2137 1659 2364 1724 τούτους
2409 1660 2753 1732 πληροῦντας
2780 1663 2873 1715 τὸν
2921 1658 3072 1716 οἷκον
3109 1663 3219 1716 τῶν
3254 1665 3518 1735 Πατέρων
3548 1665 3706 1735 ἡμῶν

470 1764 599 1810 sunt
624 1757 847 1812 domum
877 1758 1175 1828 replentes.
1200 1758 1534 1827 Angelorum
1574 1766 1755 1814 autem
1787 1734 2033 1813 ordinem

2142 1749 2475 1804 ἐθεάσαντο·
2544 1752 2639 1805 καὶ
2682 1752 2840 1806 αὐτοὶ
2892 1752 2950 1805 δὲ
3001 1753 3053 1807 oi
3103 1754 3199 1808 τοῦ
3253 1734 3400 1824 ίερδῦ
3458 1756 3699 1825 βήματος

467 1857 524 1901 et
562 1849 710 1903 vices
738 1820 1037 1917 sustinent,
1066 1849 1158 1917 qui
1182 1849 1251 1904 ad
1272 1864 1490 1906 sacrum
1533 1850 1706 1904 altare
1737 1849 2031 1917 pertinent.

2138 1841 2295 1908 τάξιν
2321 1842 2505 1914 ἔχουσι
2534 1845 2643 1899 τῶν
2691 1845 2940 1915 ἀγγέλων
2963 1863 2980 1880 ο
3015 1848 3165 1918 ὅμως
3191 1848 3249 1902 δὲ
3275 1820 3375 1902 οιῦκ
3406 1820 3701 1920 ἁπόδλητοι

470 1939 772 2007 Itejiciendi
799 1928 977 1993 tamen
1013 1955 1123 1995 non
1156 1949 1288 1994 sunt
1317 1955 1500 1995 rerum
1559 1940 1871 1996 divinarum
1922 1941 2034 2012 typi

465 2041 522 2083 et
551 2030 835 2099 imagines,
868 2029 1065 2101 quippe
1098 2031 1190 2102 qui
1250 2046 1353 2087 nos
1384 2029 1451 2085 ad
1501 2037 1792 2103 prototypa
1842 2046 2051 2091 mauu-.

471 2125 703 2182 ducunt.
1372 2198 1380 2205 ε

995 2212 1224 2270 CAPUT
1253 2213 1509 2271 CLXXV.

466 2327 608 2392 Quid
671 2328 929 2399 signiﬁcet
980 2330 1121 2398 quod
1166 2329 1426 2383 diaconus
1494 2330 1768 2384 osculatur
1821 2344 2045 2383 narrant

534 2413 789 2465 mensam,
841 2413 1159 2469 manumque
1200 2408 1249 2453 et
1280 2415 1467 2470 genam
1513 2400 1743 2469 episcopi
1767 2410 1816 2453 et
1847 2399 2034 2453 diaco-

548 2483 665 2523 ηοε.

451 2631 458 2640 .
536 2581 782 2637 Tradens
809 2582 975 2653 igitur
1003 2583 1295 2652 episcopus
1324 2582 1561 2638 diacono
1583 2582 1878 2649 ﬂabellum,
1905 2598 2029 2639 eum

457 2674 614 2743 jubet
665 2673 903 2746 primum
949 2673 1188 2730 osculari
1247 2688 1460 2729 sacram
1525 2688 1795 2739 mensam,
1846 2683 2035 2746 utpote

461 2766 555 2832 qui
589 2762 647 2819 in
687 2779 749 2819 ea
784 2763 1013 2835 gratiam
1067 2764 1396 2833 susceperit,
1421 2764 1620 2820 deinde
1663 2780 1886 2819 manum
1918 2766 2035 2834 epi-

461 2859 760 2927 scopalem,
798 2857 944 2914 velut
982 2872 1082 2926 per
1113 2858 1289 2926 ipsam
1320 2857 1660 2911 ordinatum.
1699 2855 1888 2912 Tertio
1942 2871 2033 2923 ge-

463 2964 587 3002 nam
648 2956 874 3019 propter
902 2948 1264 3012 .eharitatem,
1300 2960 1356 3004 et
1395 2949 1451 3003 in
1485 2947 1688 3003 divinis
1725 2948 2031 3013 unionem;

460 3050 518 3093 et
549 3039 695 3108 quod
725 3039 978 3095 amabilis
1020 3040 1094 3094 sit
1116 3038 1170 3094 in
1203 3039 1423 3095 Christo
1450 3040 1542 3109 qui
1579 3039 1718 3095 bona
1748 3054 1845 3108 per
1870 3039 2033 3108 spiri-

2136 1933 2233 1986 καὶ
2278 1934 2330 1987 οί
2379 1934 2488 1987 τῶν
2528 1934 2688 1990 θείων
2730 1936 2915 2005 τύποι,
2953 1937 3030 2002 ὡς
3056 1938 3539 2010 χειραγωγοῦντες
3566 1939 3702 2011 πρὸς

2135 2024 2205 2078 τὰ
2255 2027 2609 2096 πρωτότυπα.

2693 2209 2916 2269 ΚΕΦΑΛ
2929 2252 2944 2266 .
2979 2211 3149 2268 POE'.

2142 2318 2204 2372 Τι’
2253 2318 2319 2396 τὸ
2368 2320 2742 2396 ἀοξπάζεσθαι
2769 2325 2875 2377 τὸν
2921 2324 3212 2396 διάκονον
3244 2324 3361 2396 τὴν
3385 2330 3698 2395 τράπεζαν.

2733 2393 2990 2462 παρειὰν
3038 2396 3148 2452 τοῦ
3179 2388 3513 2493 ’ἀρέιερέως
3538 2441 3553 2465 ,
3583 2388 3725 2456 ’καί

2205 2458 2348 2525 τοὺς
2376 2460 2722 2528 διακόνους.

2209 2568 2514 2638 Παρασχὼν
2541 2572 2722 2625 τοίνυν
2763 2573 2791 2625 6
2823 2573 3085 2646 ίερᾶρχης
3119 2577 3196 2648 τῷ
3234 2578 3469 2649 διακόνῳ
3516 2594 3610 2635 και
3640 2581 3700 2635 τὸ

2136 2658 2394 2727 ριπίδιον,
2428 2660 2658 2723 κελεύει,
2694 2663 2883 2718 τοῦτον
2936 2666 3292 2724 ἀσπάσασθαι
3335 2671 3699 2744 πρῶτονιτὴν

2137 2748 2290 2817 ἱερὰν
2328 2750 2612 2817 τράπεζαν
2644 2752 2720 2817 ὡς
2752 2756 2810 2807 ὲν
2842 2755 2981 2828 αὐτῇ
3032 2757 3130 2829 τὴν
3171 2760 3332 2830 χάριν
3362 2760 3654 2830 δεξάμενον
3680 2781 3693 2796 ο

2135 2836 2259 2895 εἷτα
2292 2842 2386 2894 καὶ
2419 2842 2516 2912 τὴν
2558 2845 2953 2921 ἀρχιερατικὴν
2978 2850 3134 2918 χεῖρα
3160 2848 3235 2911 ὡς
3274 2852 3342 2904 δι’
3379 2852 3554 2921 αὐτῆς
3582 2871 3697 2922 χει·

2136 2935 2496 3005 ροτονηθέντα
2516 2953 2532 2971 ο
2566 2941 2663 2992 καὶ
2698 2939 2879 3008 τρίτον
2907 2939 3005 3008 τὴν
3039 2939 3276 3010 παρειὰν
3313 2943 3400 2996 διὰ
3428 2944 3527 3013 τὴν
3555 2946 3693 3012 ἀγάο

2133 3041 2245 3091 πην
2281 3026 2376 3079 καὶ
2411 3026 2607 3081 ἕνωσιν
2637 3029 2775 3098 πρὸς
2814 3029 2883 3083 τὰ
2918 3029 3057 3083 θεῖα⁶
3107 3032 3203 3084 καὶ
3246 3031 3329 3085 ὅτι
3380 3035 3608 3104 ὲραστδς
3635 3037 3692 3090 ἐν

461 3141 576 3185 tum
598 3131 901 3196 distribuit,
933 3140 987 3187 et
1017 3131 1252 3187 dilectus
1304 3131 1398 3201 qui
1435 3131 1671 3201 accepit.
1726 3131 1925 3186 Postea
1976 3143 2028 3188 et

2135 3116 2352 3188 Χριστῷ
2385 3120 2413 3171 6
2453 3120 2522 3173 τὰ
2564 3122 2747 3187 ἀγαθὰ
2793 3121 3065 3192 πνεύματι
3109 3124 3309 3195 νέμων,
3342 3128 3435 3180 καὶ
3477 3128 3694 3199 ἀγαπη-

459 3223 723 3279 diaconos
740 3223 1045 3288 osculatur,
1081 3222 1234 3293 prius
1267 3222 1712 3293 uniuscujusque
1742 3223 2023 3278 horai-ium

460 3314 817 3382 tleosculans;
848 3317 1234 3371 demonstrans
1265 3315 1366 3370 hac
1388 3315 1625 3379 actione,
1661 3323 1714 3369 et
1748 3315 1909 3370 veluti
1946 3315 2029 3368 di-

459 3419 614 3467 cens,
640 3402 747 3457 Per
779 3404 884 3459 hoe
915 3405 1123 3460 donum
1157 3405 1313 3461 vobis
1339 3419 1460 3460 sum
1490 3405 1699 3460 unitus.
1726 3411 1779 3457 et
1799 3405 2028 3471 aequalis

464 3496 663 3560 lactus,
690 3503 743 3551 et
774 3511 941 3570 unum
990 3497 1295 3563 vobiscum,
1351 3497 1707 3565 ejusdemque
1745 3497 2025 3552 vobiscum

461 3584 692 3640 ordinis.
725 3585 804 3643 Illi
830 3600 960 3641 vero
990 3587 1191 3642 invidia
1240 3586 1431 3656 procul
1485 3586 1539 3640 in
1573 3585 1845 3641 charitate
1904 3600 2026 3639 eum

461 3675 782 3743 resalutat",
814 3692 1041 3749 seseque
1074 3679 1454 3734 demonstrant
1490 3676 1624 3732 socii
1652 3677 1735 3732 sui
1767 3685 1818 3731 ct
1846 3692 2037 3746 :equa-.

460 3766 527 3820 lis
559 3774 833 3822 amatores
868 3767 938 3822 ab
986 3767 1106 3838 ipso
1158 3767 1212 3822 in
1255 3767 1448 3837 spiritu
1502 3768 1692 3831 amati,
1750 3775 1806 3822 et
1855 3767 2028 3837 ipsius

461 3865 730 3914 amantes.
762 3856 1031 3914 Diaconus
1072 3858 1238 3928 igitur
1266 3857 1349 3914 sic
1402 3868 1762 3913 consecratus
1790 3865 1844 3912 rt
1896 3873 2028 3912 con-

460 3959 764 4003 summatus
798 3957 905 4004 stat
952 3947 1017 4003 ad
1055 3949 1497 4015 ministrandum,
1536 3948 1804 4002 ﬂabellum
1862 3963 2024 4001 manu

462 4045 678 4102 tenens,
721 4039 896 4094 donec
945 4048 1131 4095 sancta
1176 4039 1513 4095 extollantur
1560 4048 1613 4093 et
1650 4039 2029 4093 demonstren-

462 4137 569 4182 tur.
607 4126 763 4183 Tune
816 4130 951 4184 illud
983 4129 1214 4199 deponit
1262 4129 1417 4186 (inito
1454 4129 1781 4193 ministerio,
1815 4128 2027 4185 accedit

459 4222 604 4274 enim
641 4221 1047 4277 communionis
1073 4228 1308 4291 tempus.
1342 4221 1786 4290 ldco~postquam
1808 4221 2049 4291 episco-g

460 4326 562 4379 pus
611 4323 667 4366 et
713 4314 1023 4384 presbyteri
1090 4315 1668 4380 communicaverunt,
1724 4315 1841 4384 ipse
1898 4324 2028 4369 ante

457 4402 704 4469 quemvis
730 4401 895 4457 alium
942 4403 1232 4458 diaconum
1264 4421 1387 4459 eum
1437 4405 1526 4475 pio
1562 4404 1756 4460 timore
1788 4405 2023 4469 accedit,

2128 3208 2218 3271 τὸς
2251 3212 2278 3261 6
2307 3210 2505 3267 λαϐὼν.
2541 3207 2674 3267 Εἶτα
2743 3215 2836 3267 καὶ
2890 3217 3014 3279 τοὺς
3060 3216 3337 3281 διακόνους
3394 3220 3695 3285 ἀσπάζεται

2128 3300 2412 3371 πρότερον,
2450 3304 2510 3355 ὲν
2556 3305 2770 3374 ἑκάστῳ
2802 3305 2897 3358 καὶ
2924 3308 2984 3359 τὸ
3015 3306 3255 3376 ὡράριον
3292 3309 3695 3378 ἀσπαζόμενος,

2129 3391 2345 3455 δεικνὺς
2390 3394 2485 3446 καὶ
2533 3395 2699 3448 οἱονεὶ
2764 3396 2959 3462 λέγων,
3002 3398 3084 3451 ὅτι
3128 3398 3228 3451 Διὰ
3275 3399 3465 3454 τούτου
3495 3403 3559 3470 δὴ
3597 3401 3694 3457 τοῦ

2132 3483 2475 3552 χαρίσματος
2503 3484 2633 3553 ὑμῖν
2660 3485 2902 3556 ήνὼθην,
2933 3488 3024 3541 καὶ
3053 3490 3330 3561 ὁμοταγὴς
3352 3493 3574 3560 γέγονα,
3604 3496 3695 3546 καὶ

2127 3573 2188 3625 ἓν
2237 3575 2354 3643 είμι
2389 3575 2505 3644 μεθ’
2553 3578 2728 3645 ὑμῶν,
2777 3581 2867 3631 καὶ
2923 3582 3021 3649 τῆς
3066 3581 3239 3652 αὐτῆς
3286 3583 3414 3653 ὑμῖν
3462 3587 3690 3651 τάξεως.

2129 3666 2191 3717 Οἱ
2225 3665 2282 3719 δὲ
2325 3667 2521 3734 φθόνου
2558 3670 2725 3739 χωρίς
2755 3670 2814 3723 ὲν
2851 3671 3041 3744 ἀγάπῃ
3090 3674 3531 3740 ἀντασπάζονται
3563 3677 3691 3734 τοῦ-

2127 3774 2239 3820 τον,
2277 3759 2369 3811 καὶ
2392 3760 2617 3829 ἐρασταὶ
2664 3761 2758 3814 τοῦ
2803 3763 3111 3833 δμοταγοῦς
3146 3768 3242 3820 καὶ
3290 3768 3567 3840 ἀγαπητοὶ
3598 3772 3695 3828 καὶ

2128 3851 2453 3918 ἀγαπῶντες
2493 3853 2552 3906 ἐν
2598 3853 2873 3925 πνεύματι
2901 3855 3233 3912 δείκνυνται.
3265 3858 3454 3923 Οὕτως
3483 3858 3577 3915 οὖν
3606 3881 3695 3917 τε-

2127 3942 2375 4005 λειωθεὶς
2423 3946 2450 3998 6
2495 3946 2764 4013 διάκονος,
2798 3949 2935 4028 πρὸς
2969 3950 3026 4001 τὸ
3076 3950 3433 4020 ἐξυπηρετεῖν
3453 3954 3689 4016 ἵσταται,

2126 4035 2188 4089 τὸ
2221 4036 2458 4106 ριπίδιον
2516 4039 2761 4109 κατέχων
2786 4042 2849 4110 τῇ
2877 4042 3040 4112 χειρὶ,
3072 4042 3178 4111 ἓως
3209 4035 3270 4095 οὗ
3322 4044 3579 4113 ὑψωθῶσι
3621 4048 3689 4100 τὰ

2129 4127 2279 4195 ἅγια.
2313 4129 2446 4182 Τότε
2478 4129 2534 4184 δὲ
2566 4129 2747 4202 τίθησι
2780 4130 2935 4185 τοῦτο
2961 4132 3060 4198 τῆς
3092 4132 3397 4202 ὑπηρεσίας
3425 4137 3691 4212 τελεσθείτ

2130 4237 2250 4290 σηςο
2280 4221 2499 4292 ἔρχεται
2539 4222 2646 4291 γὰρ
2681 4222 2714 4290 ἠ
2744 4221 3022 4277 κοινωνία.
3060 4222 3151 4275 Διὸ
3185 4222 3394 4278 καὶτοῦ
3434 4224 3684 4296 ίερὰρχου

2130 4312 2354 4365 καὶτῶν
2385 4311 2579 4382 ἱερέων
2611 4315 3015 4383 μετασχόντων,
3054 4314 3151 4367 καὶ
3192 4313 3347 4376 οὗτος
3379 4316 3497 4385 μετ’
3526 4319 3731 4375 εὐ).α-,,

2132 4400 2284 4464 6είας
2317 4401 2632 4471 προσελθὼν
2693 4407 2797 4473 πρὸ
2845 4405 3046 4467 παντὸς
3087 4403 3246 4457 ἄλλον
3297 4405 3563 4471 διακόνου,
3600 4408 3691 4460 τὶν

461 4503 509 4545 ιι
536 4492 781 4548 divinum
811 4509 1027 4564 panem,
1062 4504 1120 4548 ιιι
1138 4496 1307 4550 moris
1327 4504 1413 4550 est
1437 4496 1708 4559 diacouis,
1743 4509 1907 4551 manu
1958 4494 2026 4549 ab

2135 4494 2274 4546 θεῖον
2306 4494 2470 4562 ἄρτον
2516 4494 2784 4564 λαμϐάνει
2818 4496 2969 4564 παρὰ
3021 4495 3116 4549 τοῦ
3142 4497 3396 4566 ίεράρχου
3427 4501 3491 4565 τῇ
3524 4501 3689 4569 χειρὶ,

456 4586 717 4655 episcopo
772 4587 990 4656 accipit,
1019 4595 1075 4642 et
1102 4587 1294 4644 ealicis
1326 4587 1536 4657 aliquid
1587 4586 1748 4640 labiis
1776 4586 2027 4657 degustat

457 4685 582 4728 ante
625 4690 822 4731 omnes
880 4675 1058 4743 alios;
1120 4692 1232 4746 pra:
1280 4678 1491 4731 cmtcris
1544 4676 1687 4730 enim
1724 4685 1785 4730 ut
1838 4690 2026 4731 recens

457 4773 815 4818 curisccratus
874 4765 1173 4821 honoratur
1223 4774 1447 4836 propter
1472 4765 1675 4822 divina:
1731 4766 1918 4837 gratiae
1969 4766 2024 4821 in

460 4852 580 4922 ipso
609 4852 1015 4911 innovationem
1048 4866 1102 4911 et
1135 4859 1629 4916 consecrationem.

954 4965 1182 5023 CAPUT
1238 4969 1521 5025 CLXXVI.
1572 4974 1589 4991 '

461 5058 638 5122 Quare
669 5059 948 5121 diaconus,
985 5074 1077 5111 nec
1110 5063 1510 5131 nongpresbytcr
1535 5074 1739 5131 septem
1766 5062 1876 5117 dies
1901 5078 2024 5117 cou-

776 5130 948 5181 tinuos
971 5144 1125 5182 sacro
1159 5130 1322 5198 ofﬁcio
1357 5130 1712 5201 perfungimr.

534 5219 598 5273 Et
623 5226 830 5288 septem
858 5218 1054 5274 diebus
1079 5220 1517 5275 continuis‘cum
1545 5228 1830 5278 sacerdote
1863 5222 2028 5277 mini-

460 5321 620 5377 strat,
663 5321 777 5367 tum
834 5312 904 5367 ob
955 5312 1274 5381 honoranda
1314 5312 1825 5384 Spiritusgratuita
1856 5315 2023 5381 dona,

460 5414 573 5458 tum
610 5412 669 5458 ut
710 5405 894 5474 operis
938 5404 1180 5460 habitum
1230 5405 1518 5460 contrahat
1549 5446 1566 5474 ,
1608 5414 1721 5461 tum
1759 5407 1923 5461 etiam
1960 5420 2027 5460 ne

460 5496 630 5549 divini
661 5497 846 5565 operis
868 5497 1048 5564 aliqua
1079 5497 1172 5551 ﬁat
1205 5496 1541 5566 interruptio
1570 5496 1781 5567 integra
1809 5497 2025 5549 dierum

462 5584 823 5651 hebdomade,
856 5601 974 5654 quae
1006 5594 1310 5655 presentem
1339 5595 1582 5641 nostram
1616 5586 1780 5639 vitam
1819 5584 2029 5654 signiti-

460 5689 543 5729 rat
570 5677 1002 5743 scptimanarum
1036 5693 1186 5733 more
1209 5688 1649 5745 praetereuntem,
1670 5678 1722 5729 in
1743 5660 1845 5747 qua
1888 5677 2024 5731 intc-

462 5778 552 5830 ιιι-ει
586 5763 677 5817 Dei
707 5779 841 5831 opus
901 5766 1273 5822 indesinenter
1313 5765 1492 5822 facere
1546 5768 1831 5822 debemus.
1886 5766 2018 5821 Nam

2128 4582 2203 4646 ὡς
2233 4583 2354 4646 ἔθος
2405 4586 2515 4647 τοῖς
2550 4586 2839 4651 διακόνοις,
2872 4587 2967 4640 καὶ
2999 4587 3093 4639 τοῦ
3130 4589 3392 4657 ποτηρίου
3442 4592 3554 4650 τοῖς
3580 4590 3692 4657 χείσ

2127 4672 2245 4725 λεσι
2304 4673 2413 4744 πρὸ
2459 4675 2568 4725 τῶν
2615 4675 2790 4735 ἄλλων
2826 4691 2841 4707 ο
2869 4674 2943 4738 ὡς
2995 4675 3123 4746 ἄρτι
3171 4675 3279 4745 γὰρ
3311 4676 3689 4745 καθιερωθεὶς,

2130 4766 2466 4833 προτιμᾶται
2498 4763 2589 4818 διὰ
2620 4765 2714 4818 τὸν
2746 4765 2805 4817 ὲν
2838 4764 2987 4837 αὐτῷ
3031 4765 3128 4835 τῆς
3156 4763 3305 4847 θείας
3338 4766 3690 4835 ὲγκαινισμδν

2130 4854 2373 4924 χάριτος.

2556 4965 2711 5035 147
2771 4965 3024 5019 ΚΕΦᾹΛ.
3081 4966 3263 5031 Ροςν.

2129 5058 2291 5111 Arati
2338 5058 2487 5112 ἑπτὰ
2512 5058 2734 5126 ἡμέρας
2766 5056 3163 5121 ἀδιαλείπτως
3196 5058 3231 5110 ὁ
3256 5057 3691 5124 χειροτονηθεὶς

2267 5127 2547 5191 διάκονος
2578 5126 2931 5194 .ιειτουργεῖ,
2973 5127 3070 5178 καὶ
3126 5128 3550 5201 πρεσϐύτερος.

2198 5202 2447 5274 Καὶλὲπὶ
2484 5219 2702 5289 ἡμέρας
2732 5218 2787 5271 δὲ
2833 5217 2976 5271 ἑπτὰ
3012 5220 3261 5288 συνεχῶς
3287 5219 3386 5272 σὺν
3559 5221 3695 5291 ιερεί
3770 5200 3775 5206 ’

2128 5314 2439 5384 λειτουργεῖ
2463 5312 2556 5364 καὶ
2577 5311 2666 5364 διὰ
2695 5309 2795 5381 τὴν
2836 5311 3006 5381 τιμὴν
3037 5309 3144 5362 τῶν
3190 5311 3551 5381 χαρισμάτων
3596 5311 3691 5367 τοῦ

2132 5404 2473 5475 Πνεύματος,
2516 5404 2612 5458 καὶ
2637 5402 2713 5464 ὡς
2740 5401 2805 5455 ἂν
2856 5404 2937 5464 είς
2962 5400 3076 5465 ἕξιν
3100 5399 3227 5472 ἔλθῃ
3259 5399 3352 5453 τοῦ
3383 5399 3570 5470 ἔργου,
3600 5402 3694 5456 καὶ

2127 5496 2216 5549 ἴνα
2270 5495 2345 5565 μὴ
2379 5494 2613 5563 διακοπὴ
2676 5510 2761 5556 τις
2812 5493 2905 5545 τοῦ
2946 5492 3091 5546 Θείου
3146 5491 3310 5562 ἔργον
3345 5493 3571 5562 γένηται
3626 5493 3690 5560 τῇ

2129 5585 2386 5656 ἐϐδομάδι
2432 5585 2542 5637 τῶν
2594 5583 2841 5654 ἡμερῶν,
2874 5584 2999 5654 ἥτις
3056 5582 3207 5652 δηλοί
3259 5584 3360 5653 τὴν
3410 5581 3695 5653 παροῦσαν

2129 5673 2505 5745 ὲϐδοματικῶς
2537 5672 2889 5742 διερχομένην
2915 5671 3072 5738 ἡμῶν
3092 5670 3260 5742 ζωὴν,
3296 5672 3353 5724 ἐν
3450 5670 3599 5741 πάσῃ
3633 5671 3691 5723 τδ

2129 5768 2286 5834 ἔργον
2320 5765 2415 5819 τοῦ
2452 5764 2585 5816 Θεοῦ
2635 5764 2995 5826 ἀδιαλείπτως
3032 5764 3206 5816 ποιεῖν
3240 5763 3548 5832 ὀφείλομεν.
3597 5759 3687 5814 Ἑν
3728 5814 3743 5822 ,
