4090 6258
350 353 459 421 385

1383 349 1479 411 DE
1521 348 1788 411 SACRIS
1824 345 2530 421 ORDINATIONIBUS.
2608 342 2611 345 λ

3496 338 3602 412 386

350 468 461 537 γὰρ
489 465 568 537 τῷ
602 465 852 537 μέλλοντι
877 465 975 536 μία
1021 466 1175 520 ἔσται
1205 464 1295 518 καὶ
1319 463 1599 532 ἀδιάδοχος
1630 464 1663 532 ὴ
1696 462 1882 532 ἡμέρα
1902 499 1916 523 ,

2030 461 2082 515 in
2119 460 2307 516 futuro
2343 476 2449 517 una
2480 469 2564 516 est
2602 466 2658 516 et
2692 460 3046 519 successione
3077 475 3271 517 carens
3297 460 3436 526 dies,
3494 476 3599 516 una

347 559 557 615 καὶτοῦ
591 559 738 613 θείου
769 560 933 630 ἔργου
967 559 1163 628 τελετὴ
1203 559 1302 628 μία
1341 557 1437 611 καὶ
1469 556 1916 615 άκατάπαυστος.

346 653 457 707 Καὶ
480 649 624 705 οὕτω
659 649 762 720 μὲν
807 649 1047 705 τελεῖται
1084 652 1119 719 ἡ
1148 650 1242 703 τοῦ
1293 648 1546 703 διακόνου
1589 643 1917 717 χειροτονία.

895 826 1150 882 ΚΕΦΑΔ.
1189 827 1360 881 ΡΟΖ⁹.

734 917 877 985 Περὶ
934 916 1043 972 τοῦ
1088 918 1526 985 πρεσϐυτέρου.
1813 980 1825 985 _

415 1004 524 1064 Τοῦ
547 1008 927 1080 πρεσϐυτέρου
953 1009 1034 1074 δὶ,
1053 1008 1113 1072 ὃς
1142 1009 1239 1061 καὶ
1260 1007 1571 1071 τελεστικὸς
1591 1007 1919 1077 ὀνομάζεται

345 1101 497 1170 παρὰ
528 1099 623 1152 τοῦ
655 1098 800 1152 θείου
833 1099 1142 1163 Διονυσίου,
1185 1099 1261 1162 ὼς
1293 1098 1551 1161 πολλάκις
1584 1099 1916 1168 εἰρήκαμεν,

343 1191 434 1244 διὰ
461 1190 522 1243 τὸ
551 1190 648 1254 τὰς
680 1190 902 1252 τελετὰς
943 1190 1210 1259 ἐνεργεῖν,
1241 1183 1355 1243 οἷον
1384 1188 1484 1258 τὴν
1518 1189 1834 1259 κοινωνίαν,
1859 1187 1920 1240 τὸ

348 1281 653 1352 βάπτισμα,
686 1281 900 1345 καὶτὰς
930 1264 1267 1351 προσευχὰς,
1289 1282 1351 1334 ού
1390 1281 1500 1351 μὴν
1532 1280 1591 1333 δὲ
1616 1280 1717 1351 τὴν
1755 1296 1920 1351 μετα-

344 1372 565 1444 δοτικὴν
593 1372 739 1444 ἔχειν
767 1376 949 1444 χάριν,
983 1373 1094 1427 οὐδ’
1138 1373 1300 1426 ἄλλον
1323 1372 1499 1427 τελεῖν
1555 1374 1711 1444 ίερέα
1760 1371 1920 1443 δύνας

345 1472 498 1531 σθαι,
549 1467 724 1531 οὕτως
769 1468 988 1524 ἀνωθεν
1046 1468 1373 1538 ἐνεργεῖται.
1422 1466 1920 1532 Ἐξετάζεται-καὶ

341 1553 495 1624 οὗτος
523 1559 676 1630 παρὰ
703 1559 797 1613 τοῦ
835 1560 1095 1632 ίεράρχου
1140 1558 1272 1630 περί
1303 1575 1363 1612 τε
1400 1558 1520 1630 βίου
1554 1559 1651 1613 καὶ
1690 1559 1916 1629 χρόνου.

895 1733 1149 1789 ΚΕΦΔΔ.
1185 1734 1366 1788 POH'.

341 1842 508 1897 Διατί
533 1842 854 1911 τριάκοντα
909 1844 1148 1915 χρόνων
1201 1845 1627 1916 χειροτονεῖται
1658 1849 1918 1916 πρεσϐύ-

1028 1933 1223 1984 τερος.

413 2006 722 2076 Τριάκοντα
757 2006 815 2061 δὲ
846 2005 1008 2070 οὗτος
1045 2008 1252 2077 ὀφείλει
1284 2002 1450 2063 ,εἶναι
1495 2009 1652 2066 ἑτῶν.
1681 2010 1774 2064 Διὸ
1827 2012 1922 2065 καὶ

344 2102 721 2173 πρεσϐύτερος
755 2102 1111 2172 ὀνομάζεται,
1138 2101 1216 2167 ὡς
1255 2104 1351 2156 τὸν
1387 2103 1675 2158 νεανίσκον
1709 2104 1917 2173 ὑπερα-

341 2195 531 2258 ναϐὰς,
563 2184 658 2246 καὶ
695 2193 784 2246 τὸν
815 2192 1053 2262 Χριστὸν
1086 2196 1152 2265 τῇ
1182 2192 1373 2265 ἡλικίᾳ
1413 2193 1776 2264 μιμούμενος.
1805 2195 1916 2248 Καὶ

343 2285 507 2348 αὐτὸς
533 2285 642 2355 γὰρ
691 2285 964 2339 διδάσκειν
1003 2284 1336 2357 ἀρξάμενος,
1369 2286 1511 2355 μετὰ
1537 2286 1600 2339 τὸ
1635 2285 1824 2340 λαϐεῖν
1858 2287 1919 2340 τὸ

346 2376 627 2447 θάπτισμα
676 2378 771 2431 καὶ
818 2377 918 2447 τὴν
972 2379 1038 2431 ἐκ
1074 2378 1169 2430 τοῦ
1224 2378 1441 2448 Πατρὶς
1497 2381 1810 2450 μαρτυρίαν
1861 2381 1919 2434 ὲν

347 2469 645 2536 Πνεύματι,
675 2467 705 2520 ὃ
731 2466 797 2537 δὴ
827 2468 920 2520 καὶ
942 2467 1019 2528 ὡς
1048 2468 1357 2536 χειροτονία
1385 2462 1454 2536 ἦν
1486 2469 1641 2537 παρὰ
1668 2467 1765 2519 τοῦ
1813 2468 1919 2519 Πα-

346 2560 501 2627 τρὸς,
550 2577 569 2610 ι
604 2559 903 2627 τριάκοντα
945 2553 1017 2627 ἧν
1060 2557 1199 2610 ἑτῶν
1248 2558 1573 2626 ἀρχόμενος,
1610 2575 1629 2608 ι
1664 2557 1919 2626 καθάπερ

345 2651 549 2718 γράφει
603 2650 840 2711 Λουκᾶς.
883 2647 995 2703 Καὶ
1038 2643 1189 2711 οὗτος
1235 2646 1413 2701 τοίνυν
1456 2651 1522 2718 τῇ
1560 2648 1749 2718 ἡλικία
1778 2643 1919 2703 εἶναι

348 2738 554 2805 desiliet
588 2737 817 2803 τέλειος,
865 2738 963 2803 ὅτι,
993 2740 1089 2790 κα)⁵
1135 2738 1315 2806 ἱερεὺς
1342 2737 1605 2805 Χριστοῦ,
1650 2737 1745 2788 καὶ
1778 2736 1921 2792 διδά-

349 2828 570 2896 σκαλςς,
606 2829 701 2882 καὶ
738 2828 994 2899 τελεστὴς
1027 2828 1134 2883 τῶν
1169 2826 1330 2881 θείων
1354 2827 1703 2881 καθίσταται.

908 3008 1159 3062 ΚΕΦᾹΛ.
1186 3006 1354 3062 ΡοΘυ.

741 3101 1083 3170 Χειροτονία
1104 3098 1538 3169 πρεσϐυτέρου.
1810 3108 1821 3115 ‘
1941 3113 1989 3181 ο

413 3193 807 3264 Μαρτυρηθεὶς
840 3189 938 3246 οὖν
980 3194 1079 3245 καὶ
1128 3192 1291 3255 αὐτὸς
1340 3192 1448 3245 ὑπὸ
1485 3191 1916 3263 οπρεσὸυτέρων,

342 3287 440 3340 καὶ
474 3286 656 3349 ἱκανὸς
681 3285 816 3357 πρὸς
838 3285 899 3337 τὸ
919 3284 1081 3355 ἔργον
1104 3283 1373 3352 ἑκλεγεὶς,
1401 3285 1741 3355 προσάγεται
1767 3284 1918 3337 τελεά

343 3380 562 3449 σθῆναι.
608 3380 725 3432 Καὶ
773 3379 1209 3448 προηγουμένως
1259 3379 1317 3430 ὲν
1348 3379 1412 3448 τῇ
1463 3377 1723 3447 προθέσει
1752 3377 1919 3447 ἄρτος

338 3470 596 3541 δεύτερος
628 3470 687 3522 ἐν
730 3470 798 3540 τῇ
848 3470 1193 3540 προσκομιδῇ
1248 3467 1700 3538 προσκομίζεται,
1731 3467 1803 3530 ὡς
1851 3468 1919 3522 ἂν

338 3565 531 3618 τοῦτον
585 3564 806 3634 δέξηται
864 3566 987 3626 ταῖς
1070 3561 1230 3633 χερσὶ
1290 3560 1691 3632 χειροτονηθείς
1723 3577 1738 3593 ·
1798 3558 1918 3614 εἶτα

343 3655 764 3728 ἱερουργοῦντος
825 3655 919 3708 τοῦ
972 3654 1254 3723 ίεράρχου,
1320 3651 1759 3722 συλλειτουργῶν
1820 3653 1919 3705 κα)⁵

340 3748 506 3810 αὐτὸς
532 3747 600 3799 τὰ
625 3745 720 3799 τοῦ
744 3744 1134 3816 άρχιδιακόνου
1157 3743 1321 3797 τελεῖ.
1356 3742 1464 3796 Καὶ
1496 3743 1560 3796 τὸ
1579 3741 1918 3812 Εὑαγγέλιον

339 3841 512 3906 λέγει,
568 3838 823 3906 εὐλογίαν
872 3836 1185 3907 δεχόμενος.
1236 3835 1347 3889 Καὶ
1400 3835 1493 3887 τὸν
1550 3834 1694 3888 θεῖον
1751 3835 1918 3904 ἄρτον

337 3932 436 3984 ἐπὶ
471 3928 716 3999 κεφαλῆς
745 3930 805 3982 ἐν
834 3930 900 3998 τῇ
937 3927 1151 3999 μεγάλῃ
1184 3928 1342 3998 φέρει
1372 3926 1584 3996 είσόδῳ,
1616 3927 1693 3991 ὡς
1722 3929 1790 3981 τὰ
1813 3928 1917 3997 τῆς

336 4022 617 4082 διακονίας
645 4020 953 4083 ἀποδιδούς.
1009 4017 1133 4072 Τῶν
1167 4018 1333 4071 θείων
1364 4016 1460 4070 οὖν
1504 4017 1694 4087 δώρων
1733 4018 1919 4073 τεθένδ⁵

336 4131 475 4179 των,
504 4113 601 4166 καὶ
626 4112 722 4167 τοῦ
745 4111 1277 4180 καταπετάσματος,
1306 4108 1363 4161 ὃ.
1389 4110 1542 4162 ἐστιν
1569 4109 1598 4160 ὀ
1630 4109 1760 4178 ἀὴρ,
1793 4109 1916 4176 ἢτοι

335 4211 364 4263 6
397 4207 599 4279 ἀμνὸς,
639 4207 876 4275 κάθηται
899 4206 929 4258 ὁ
952 4201 1247 4275 ἀρχιερεύς
1273 4217 1288 4232 ·
1321 4200 1415 4253 καὶ
1449 4201 1712 4254 ἅπτονται
1737 4200 1923 4268 φῶτα,

335 4302 434 4372 τὴν
482 4300 696 4369 λάμψιν
724 4297 993 4369 δηλοῦντα
1042 4295 1139 4349 καὶ
1170 4291 1506 4363 φωτοδοσίαν
1535 4291 1635 4359 τῆς
1670 4292 1914 4360 χάριτος.

338 4394 453 4447 Καὶ
481 4387 637 4456 οὗτος
678 4392 708 4444 ὁ
737 4387 1184 4462 χειροτονηθῆναι
1251 4384 1458 4454 μέλλων
1490 4385 1598 4435 ὑπὸ
1626 4382 1915 4446 διακόνων,

2028 566 2247 621 quoque
2299 563 2353 607 et
2416 551 2740 610 indeﬂciens
2773 553 2944 608 divini
2973 554 3160 624 operis
3225 551 3490 623 perlectio
3545 562 3603 606 et

2027 643 2452 700 consummatio.
2492 641 2610 701 Hoc
2651 644 2813 701 modo
2858 644 3140 716 perﬁcitur
3186 642 3404 700 diaconi
3455 644 3603 700 ordi-

2029 734 2198 788 natio.

2511 826 2743 884 CAPUT
2796 827 3100 884 CLXXVII.

2596 920 2671 973 De
2700 921 3020 990 presbytero.

2099 1009 2409 1081 Presbyter,
2441 1011 2536 1081 qui
2574 1027 2602 1066 a
2636 1012 2898 1082 Dionysio
2929 1013 3210 1069 telesticus
3242 1013 3359 1069 sive
3393 1022 3599 1084 mystc-

2027 1098 2236 1153 riorum
2271 1107 2529 1168 operator
2580 1106 2826 1166 vocatur,
2873 1109 2929 1153 ut
2975 1098 3175 1167 saepius
3206 1099 3466 1164 diximus,
3534 1112 3594 1152 cc

2027 1192 2173 1260 quod
2205 1192 2463 1263 mysteria
2516 1190 2842 1247 conﬁciendi
2874 1192 3395 1257 virtutemhalieat,
3433 1192 3596 1245 veluti

2029 1283 2503 1351 communionem,
2558 1283 2892 1353 baptismum
2923 1290 2977 1337 et
3016 1296 3230 1352 preces,
3270 1299 3378 1337 non
3415 1290 3597 1337 tamen

2027 1373 2256 1444 gratiam
2313 1374 2471 1427 istam
2526 1388 2650 1428 cum
2705 1374 2876 1430 altero
2937 1375 3424 1438 communicandi,
3499 1390 3601 1428 ne-

2027 1479 2135 1535 que
2162 1464 2328 1519 alium
2381 1465 2437 1519 in
2497 1468 2871 1536 presbyterum
2934 1466 3328 1532 consecrandi,
3395 1467 3477 1523 sic
3530 1472 3601 1522 ab

2029 1554 2259 1624 antiquo
2290 1563 2529 1612 creatur.
2556 1554 2859 1625 lnquiritur
2888 1554 2956 1611 ab
2977 1556 3232 1626 episc0po
3279 1556 3346 1612 de
3380 1554 3492 1611 vita
3545 1564 3601 1627 et

2024 1651 2207 1698 aztate.
2548 1658 2557 1667 ’
2602 1664 2611 1671 ’

2511 1734 2746 1792 CAPUT
2777 1733 3104 1792 CLXXVIII.

2027 1845 2206 1914 Quare
2240 1850 2460 1919 triginta
2492 1865 2757 1904 annorum
2801 1860 2958 1906 aetate
2991 1859 3262 1921 presbyter
3293 1852 3594 1908 ordinattr.

2093 2010 2341 2081 Triginta
2368 2021 2549 2068 autem
2584 2026 2854 2067 annorum
2891 2026 3016 2068 esse
3052 2010 3256 2078 debet;
3296 2010 3419 2066 ideo
3477 2029 3600 2079 ιηἰξ·

2022 2105 2230 2176 sbyter,
2263 2101 2323 2161 id
2356 2113 2460 2172 est,
2508 2105 2697 2160 senior
2731 2104 3067 2168 nominatur,
3101 2103 3261 2158 veluti
3300 2102 3595 2172 iuvenilem

2020 2206 2234 2253 aetatem
2284 2210 2697 2268 supergressus,
2752 2205 2806 2251 et
2868 2194 3151 2252 Christum
3211 2204 3370 2251 aetate
3416 2196 3599 2261 expri-

2020 2301 2199 2342 mens.
2264 2286 2388 2357 ipse
2438 2288 2585 2342 enim
2648 2286 2849 2343 docere
2912 2286 3077 2354 coepit
3134 2295 3260 2356 post
3313 2299 3595 2357 acceptum

2022 2380 2380 2449 baptismum,
2407 2379 2799 2448 redditumque
2854 2378 2923 2433 de
2969 2379 3088 2449 ipso
3117 2379 3169 2433 in
3206 2378 3410 2449 Spiritu
3445 2382 3600 2433 testi-

2023 2471 2294 2535 monium,
2321 2470 2414 2538 qui
2449 2470 2598 2525 velut
2627 2469 2991 2524 ordinationis
3017 2485 3045 2522 a
3080 2468 3241 2525 Patre
3274 2469 3446 2524 vicem
3507 2486 3601 2538 ge-

2022 2561 2197 2615 rebat.
2235 2558 2441 2614 Scribit
2491 2560 2637 2615 enim
2690 2558 2909 2614 Lucas:
2944 2578 2962 2612 ι
2996 2560 3062 2613 Et
3120 2560 3235 2630 ipse
3276 2561 3439 2616 Jcsus
3479 2568 3600 2618 erat

2023 2649 2294 2719 incipiens
2315 2649 2472 2721 quasi
2499 2664 2768 2704 annorum
2805 2650 3083 2720 triginta.»
3120 2651 3217 2706 Ille
3249 2651 3416 2723 igitur
3439 2662 3598 2709 actate

2023 2738 2301 2808 perfectus
2349 2753 2471 2795 esse
2506 2739 2691 2805 debet,
2726 2741 2989 2810 quoniam
3033 2741 3243 2798 Christi
3303 2744 3613 2819 constitui-_

2023 2838 2114 2884 tur
2134 2832 2415 2898 sacerdos,
2472 2846 2656 2889 rerum
2692 2833 3004 2890 divinarum
3052 2833 3247 2891 doctor
3276 2844 3331 2891 et
3384 2848 3595 2906 mysm-

2021 2936 2215 2993 εοεαε.

2552 3014 2777 3072 CAPUT
2809 3015 3090 3072 CLXXIX.

2501 3109 2791 3166 Ordinatio
2842 3113 3155 3183 presbyteri.

2093 3198 2495 3257 Testimonium
2553 3205 2718 3273 igitur
2777 3217 2806 3257 a
2857 3203 3194 3274 presbyteris
3234 3202 3499 3271 referens,
3545 3216 3598 3262 et

2020 3292 2252 3350 idoneus
2285 3294 2351 3348 ad
2381 3295 2486 3349 hoc
2519 3309 2657 3366 opus
2688 3295 2904 3350 electus
2953 3295 3251 3350 adducitur
3293 3304 3355 3349 ut
3404 3310 3597 3352 consco

2020 3395 2225 3442 eretur.
2270 3385 2379 3441 Sed
2410 3395 2568 3440 antea
2623 3387 2903 3441 secundus
2934 3386 3093 3455 panis
3135 3387 3189 3441 in
3226 3401 3414 3442 mensa
3465 3403 3595 3457 pro-
3690 3434 3691 3437 η

2022 3480 2311 3550 positionis
2373 3479 2427 3533 in
2470 3478 2746 3534 oblatione
2775 3495 2898 3549 quae
2947 3480 3001 3534 in
3038 3492 3100 3534 ea
3148 3479 3226 3545 lit,
3254 3478 3499 3548 oﬂ‘ertur,
3540 3491 3595 3536 ut

2020 3568 2305 3623 ordinatus
2338 3580 2465 3622 eum
2498 3568 2753 3623 manibus
2797 3569 3055 3638 accipiat.
3085 3553 3280 3624 Postea
3311 3585 3468 3626 sacra
3518 3570 3595 3624 fa-

2020 3659 2199 3714 ciente
2230 3658 2491 3727 episcopo
2530 3656 2833 3724 ministrat,
2860 3670 2912 3713 et
2942 3675 3063 3728 qua:
3088 3667 3216 3714 sunt
3245 3661 3594 3715 archidiaco-

2021 3752 2072 3805 ni
2107 3750 2258 3818 facit,
2288 3760 2339 3804 et
2379 3757 2605 3819 accepta
2638 3750 3026 3804 benedictione
3053 3751 3410 3823 Evangelium
3441 3753 3591 3821 legit,

2021 3843 2378 3913 divinumque
2409 3856 2604 3911 panem
2644 3856 2810 3909 super
2842 3851 3007 3909 caput
3036 3840 3089 3893 in
3142 3856 3341 3910 magno
3365 3842 3594 3897 introitu

2022 3943 2218 4002 gestat,
2249 3935 2573 3988 diaconatus
2597 3931 2773 3988 otiicio
2795 3933 2873 3986 sic
2901 3933 3153 3999 ftutgens.
3187 3930 3392 3987 Positis
3428 3932 3595 4003 igitur

2022 4024 2225 4079 divinis
2254 4025 2434 4091 donis,
2464 4033 2519 4079 et
2549 4024 2667 4079 velo
2690 4025 2960 4093 quod'acr
2992 4022 3215 4088 dicitur,
3247 4023 3363 4079 sive
3393 4040 3592 4093 agnus,

2022 4116 2514 4184 sedctepiscopus,
2569 4123 2626 4168 et
2685 4114 3064 4169 accenduntur
3116 4113 3426 4176 luminaria.
3473 4133 3595 4186 qua:

2024 4205 2477 4259 illuminationem
2503 4205 2838 4276 signiﬁcant,
2871 4216 2923 4260 et
2953 4206 3095 4261 lucis
3120 4222 3213 4274 per
3245 4208 3475 4277 gratiam
3498 4209 3595 4262 do-

2023 4294 2321 4347 natiuuem.
2386 4291 2524 4347 Tum
2581 4292 2924 4348 ordinandus
2982 4303 3162 4348 tentus
3234 4312 3262 4349 ει
3320 4296 3593 4357 diacon's.

2025 4392 2210 4452 utpote
2244 4384 2444 4452 prioris
2478 4386 2561 4438 sui
2597 4386 2831 4449 ordinis,
2855 4386 3076 4439 ducitur
3112 4403 3287 4455 usque
3315 4388 3381 4441 ad
3409 4404 3595 4444 saetas

338 4487 437 4555 τῆς
477 4482 702 4553 πρώτης
731 4479 899 4534 αὑτοῦ
934 4479 1144 4544 τάξεως
1189 4475 1459 4546 δηλονότι,
1515 4470 1915 4542 παρακρατού-

2023 4475 2324 4529 sanctuarii
2360 4487 2569 4546 portas.
2626 4475 2975 4532 Demonstrat
3011 4478 3262 4547 equidem
3306 4494 3366 4533 se
3419 4479 3593 4534 adhuc

340 4593 506 4647 μενος
562 4576 788 4643 φέρεται
835 4571 968 4642 ἄχρι
1017 4569 1112 4622 καί
1160 4567 1272 4620 τῶν
1324 4564 1418 4619 τοῦ
1455 4565 1701 4635 βήματος
1752 4561 1914 4631 ἱερῶν

2026 4568 2319 4623 diaconum
2351 4582 2496 4634 esse,
2545 4583 2667 4623 cum
2701 4568 2769 4622 ab
2808 4568 3109 4637 trqualibus
3150 4577 3418 4623 teneatur.
3456 4570 3591 4624 Cttut

339 4668 556 4733 πυλῶν,
591 4663 946 4745 δεικνύμενος
982 4660 1084 4730 μὲν
1133 4658 1226 4712 καὶ
1258 4659 1414 4721 πᾶσι,
1450 4656 1543 4707 καὶ
1565 4655 1640 4717 ὡς
1668 4653 1916 4715 διάκονος

2026 4673 2154 4712 vero
2184 4661 2494 4727 pervenerit
2525 4659 2592 4712 ad
2641 4671 2846 4727 portas,
2880 4676 2908 4713 a
2949 4660 3198 4715 diae-mis
3230 4661 3451 4729 quidem
3507 4664 3592 4715 tl.-

340 4763 420 4813 ἔτι
447 4760 604 4828 παρὰ
635 4757 743 4810 τῶν
766 4756 1054 4826 ὁμοταγῶν
1096 4751 1463 4821 κατεχόμενος
1484 4764 1499 4778 ο
1532 4748 1657 4799 ἐπεὶ
1694 4746 1751 4798 δὲ
1779 4746 1917 4813 φθά-

344 4868 452 4904 σειε
482 4853 584 4913 τὰς
613 4847 811 4911 πύλας,
861 4847 1083 4915 ἀφίεται
1136 4845 1235 4913 μὲν
1285 4842 1440 4910 παρὰ
1482 4841 1592 4892 τῶν
1623 4838 1909 4901 διακόνων,

342 4947 463 4998 ἐπεὶ
488 4947 588 5012 τῆς
623 4941 830 5007 τάξεως
864 4938 1075 4991 τούτων
1120 4936 1382 4989 ἐπέκεινα
1410 4934 1621 5002 γίνεται
1648 4947 1663 4963 ο
1698 4930 1915 5000 λαμϐά-

342 5054 491 5091 νουσι
516 5036 576 5089 δὲ
605 5033 796 5087 τοῦτον
830 5031 925 5084 δύο
965 5029 1075 5083 τῶν
1119 5026 1515 5098 πρεσϐυτέρων
1543 5024 1594 5076 οί
1626 5023 1870 5092 ἔκκριτοι
1897 5059 1912 5085 ,

344 5131 466 5183 ὲπεὶ
489 5129 625 5198 πρὸς
650 5130 749 5199 τὴν
795 5125 951 5189 τάξιν
981 5123 1202 5191 ἔρχεται
1232 5120 1462 5172 τούτων.
1496 5116 1604 5169 Καὶ
1633 5117 1728 5169 τοῦ
1757 5116 1914 5184 ἀρχι-

344 5221 595 5274 διακόνου
644 5221 742 5272 καὶ
775 5214 982 5269 λοιπῶν
1015 5215 1189 5267 ἄλλων
1224 5209 1657 5280 προηγουμένων
1692 5207 1908 5277 ἱερέων,
1938 5222 1949 5225 ‘

347 5314 627 5368 κυκλεῖται
664 5315 759 5365 καὶ
811 5307 1036 5380 χορείαν
1092 5306 1239 5357 ποιεῖ
1289 5304 1414 5371 περὶ
1448 5300 1546 5370 τὴν
1600 5300 1750 5352 θείαν
1776 5300 1913 5369 τρά-

226 5450 245 5455 ,
346 5405 515 5469 πεζαν
537 5407 684 5474 τρὶς,
713 5399 976 5455 συνιστῶν
1016 5399 1112 5450 καὶ
1160 5396 1319 5458 αὐτὸς
1369 5393 1590 5464 χορείαν
1628 5391 1781 5463 ἱερὰν
1810 5392 1913 5458 ἀγ-

346 5496 517 5564 γέλων
541 5497 637 5549 καὶ
670 5494 883 5565 ίερέων’
912 5490 1009 5545 καὶ
1029 5489 1150 5561 τρὶς
1180 5489 1389 5559 ταύτην
1418 5488 1582 5552 τελεῖ,
1614 5487 1714 5555 τὴν
1745 5485 1910 5555 Τριά-

344 5589 409 5641 δα
430 5587 748 5655 δοξολογῶν,
786 5583 914 5647 τοὺς
936 5582 1127 5650 ἁγίους
1160 5581 1449 5651 μάρτυρας
1477 5574 1711 5630 ἐκκαλού
1721 5592 1907 5646 μενος,

345 5681 750 5753 ἀγωνισάμενος
778 5681 875 5734 καὶ
908 5679 1072 5739 αὐτὸς
1114 5677 1172 5729 ὲν
1202 5671 1426 5744 Χριστῷ
1456 5671 1551 5723 καὶ
1600 5667 1903 5737 ὲναθλήσας

343 5776 409 5844 τῇ
428 5774 670 5845 πολιτείᾳ
691 5776 780 5828 διὰ
804 5766 1044 5844 Χριστόν
1069 5787 1085 5802 ο
1110 5769 1203 5824 καὶ
1224 5770 1250 5821 ὁ
1273 5764 1506 5835 Χριστος
1537 5763 1899 5831 δοξιιλογείται

2026 4750 2282 4816 mittitur,
2305 4765 2370 4804 eo
2394 4749 2535 4819 quod
2575 4751 2718 4804 ultra
2757 4766 2947 4805 eorum
2981 4752 3228 4805 ordinem
3272 4767 3588 4821 promovcm
3666 4752 3669 4753 ⁷
3714 4748 3720 4753 ’

2025 4850 2136 4893 tur.
2167 4839 2345 4909 Ipsum
2371 4850 2553 4895 autem
2579 4830 2885 4910 suscipiunt
2905 4842 3014 4895 duo
3035 4859 3063 4896 e
3092 4842 3424 4914 presbyteris
3454 4861 3591 4912 plac-

2022 4932 2187 4997 cipui,
2223 4933 2346 4998 quia
2380 4931 2446 4985 ad
2473 4947 2660 4985 eorum
2686 4932 2931 4986 ordinem
2991 4934 3255 5001 procedit.
3304 4933 3565 4988 Archidm

2026 5036 2167 5073 cono
2201 5032 2388 5075 autent
2427 5034 2478 5076 et
2508 5025 2723 5077 caeteris
2776 5022 3156 5079 sacerdotibus
3219 5028 3589 5093 put-euntibus

2025 5121 2108 5164 ter
2131 5113 2388 5167 circumit
2420 5119 2473 5167 et
2497 5112 2752 5167 choreaut
2783 5112 2918 5167 facit
2961 5113 3109 5168 circa
3145 5113 3385 5166 divinam
3424 5101 3584 5166 'ntcn.

2021 5219 2159 5268 sam,
2195 5202 2452 5273 eﬂiugens
2491 5203 2689 5273 ipse-et
2740 5205 3133 5259 commendans
3171 5205 3490 5272 angelorum
3536 5211 3595 5256 et

2021 5295 2376 5349 sacerdotum
2425 5292 2709 5348 choream.
2760 5292 2867 5347 Ter
2949 5300 3129 5346 autem
3184 5306 3304 5346 eam
3346 5291 3584 5356 conﬁt-ir

2021 5386 2342 5441 Trinitatem
2373 5384 2627 5438 laudibus
2651 5384 2963 5445 celebrans,
2984 5394 3041 5437 et
3070 5391 3292 5437 sanctos
3319 5394 3589 5452 martyres

2020 5465 2306 5546 invocans,
2338 5481 2453 5548 ipse
2502 5493 2722 5548 quoque
2755 5477 2949 5548 agonis
3001 5477 3056 5530 in
3091 5475 3312 5531 Christo
3341 5477 3579 5532 (166611.1-

2021 5587 2141 5643 tor,'
2177 5585 2231 5630 et
2279 5582 2502 5643 propter
2549 5569 2830 5626 Christum
2886 5570 2945 5623 in
2994 5568 3252 5624 Ecclesiae
3297 5568 3491 5638 discipt
3520 5586 3589 5622 na

2022 5668 2191 5720 multa
2219 5679 2441 5736 passus.
2477 5664 2764 5719 Postremo
2794 5660 3050 5719 Christus
3070 5660 3347 5727 laudatur,
3374 5670 3432 5716 ut
3456 5678 3590 5729 agro-

2019 5759 2287 5818 stolorum
2319 5756 2603 5830 gaudium,
2642 5764 2696 5814 et
2736 5755 3066 5823 athletarum
3127 5756 3242 5812 sive
3277 5754 3582 5811 decente-
