4090 6258
461 251 567 319 381
596 200 599 203 Ἰ

1288 247 1673 311 SYMEONIS
1699 242 2456 309 TIIESSALONICENSIS
2489 246 2851 309 ARCUIEP.

3605 248 3712 313 ω

464 383 585 425 rum
608 368 939 425 exsultatio:
970 380 1205 436 quorum
1251 365 1569 436 praedicatio
1622 374 1740 418 erat
1797 363 2070 424 Trinitas,

2155 361 2471 426 τελευταῖον,
2502 361 2611 414 τῶν
2641 361 2958 414 ἀποστόλων
2988 360 3061 424 ὼς
3098 361 3386 433 καύχημα,
3418 364 3516 418 καὶ
3543 366 3712 437 ἀθλη-

462 458 942 516 consubstantialis
962 472 1083 527 qua:
1109 471 1300 513 omnes
1322 454 1613 528 glorificat.

1465 579 1491 604 α

410 704 425 713 ⁸
536 638 627 693 Sic
654 639 795 693 facta
832 635 1033 692 eborea
1080 641 1135 689 et
1175 632 1368 687 altaris
1394 628 1653 695 circuitu,
1693 626 2038 682 adducitura

466 731 800 802 presbyteris
847 730 995 785 velut
1037 727 1267 792 electus,
1305 732 1361 780 et
1406 723 1475 778 ad
1523 720 1767 778 divinum
1805 731 1943 788 opus
1990 724 2043 769 et

464 825 733 894 gratiam,
758 830 1027 893 quantum
1057 817 1319 889 possibile
1344 824 1455 879 est,
1496 812 1733 868 idoneus
1771 814 2039 878 repertus.

467 919 772 987 Episcopus
795 923 977 970 autem
1008 911 1263 965 alacriter
1299 906 1496 974 surgit.
1527 903 1645 958 Non
1677 899 1823 956 enim
1852 897 2043 953 tardus

466 1021 551 1068 est
581 1013 729 1065 circa
784 1006 877 1062 Dei
933 1005 1099 1067 dona,
1146 1001 1240 1057 sed
1304 1005 1640 1070 praeparatus
1704 1002 1761 1048 et
1798 991 2045 1062 gaudens

467 1101 653 1154 statim
682 1097 867 1168 signat
896 1091 1187 1149 ordinandi
1226 1096 1412 1159 caput,
1447 1084 1717 1155 primitias
1732 1080 2037 1136 ordinatio-

468 1193 555 1247 nis
623 1207 719 1261 per
771 1188 965 1258 triplex
1033 1184 1214 1239 crucis
1282 1178 1626 1249 signaculum
1706 1175 2030 1243 decerpens.

469 1284 675 1339 Deinde
691 1277 1032 1335 ordinandus
1060 1272 1249 1328 ambos
1276 1270 1444 1341 pedes
1461 1267 1633 1322 flectit
1659 1272 1885 1336 propter
1920 1276 2035 1317 ser—

470 1377 714 1440 vitutem.
736 1378 791 1426 et
822 1368 887 1423 ad
924 1366 1095 1421 Deum
1124 1375 1404 1418 accessum
1434 1376 1448 1413 :
1500 1364 1858 1413 consecratur
1895 1352 2049 1408 enim

470 1469 537 1524 ad
572 1466 801 1535 majora.
836 1459 1106 1527 Quoniam
1144 1463 1326 1509 autem
1356 1451 1511 1521 prius
1558 1448 1885 1504 diaconatus
1918 1458 2046 1516 gra-

472 1550 601 1616 tiam
633 1553 897 1624 suscepit,
932 1559 987 1604 et
1010 1547 1264 1602 minister
1293 1552 1600 1623 erat,nunc
1624 1553 1756 1595 vero
1783 1536 2048 1593 sacerdos

469 1666 523 1708 et
547 1620 1114 1705 initiator—sacrorum
1146 1620 1560 1707 mysteriorum,
1604 1638 1660 1685 et
1710 1629 2046 1691 orationum,

2140 453 2248 507 τῶν
2265 452 2604 522 ἁγαλλίαμα,
2626 445 2703 507 ὧν
2732 452 2787 506 τὸ
2811 453 3077 523 κήρυγμα
3097 447 3167 523 ἦν
3198 454 3231 523 ή
3254 445 3430 524 Tm;
3456 455 3490 524 ἡ
3518 455 3713 524 ὁμοσύ-

2144 561 2278 608 σιος,
2315 542 2478 615 ιω
2509 544 2632 615 ητις
2661 544 2760 598 καὶ
2786 544 3001 608 πάντας
3024 544 3263 611 δοξάζει.

2214 634 2322 687 Καὶ
2362 633 2508 687 οὕτω
2540 635 2641 705 τῆς
2698 635 2918 706 χορείας
2982 637 3380 707 γεγενημένης,
3434 636 3541 690 ὑπὸ
3596 637 3710 692 τῶν

2144 722 2532 795 πρεσϐυτέρων
2590 725 2955 796 προσάγεται,
2996 724 3075 789 ὡς
3122 727 3391 795 ὲκλεγεὶς,
3438 728 3534 780 καὶ
3578 729 3719 798 πρὸς

2143 813 2203 866 τὸ
2239 813 2381 867 θεὶον
2426 815 2588 883 ἔργον
2635 815 2734 869 καὶ
2783 815 2882 885 τὴν
2933 816 3097 886 χάριν
3131 816 3313 879 ἱκανὸς
3362 816 3604 886 εὑρεθεὶς
3639 817 3717 882 ὡς

2144 908 2405 976 ἐγχωρεῖ.
2464 906 2527 959 ’0
2552 906 2847 978 ἀρχιερεὺς
2892 907 2952 959 δὲ
2995 907 3232 977 ἑτοίμως
3279 908 3607 964 ἀνίσταταιο
3652 911 3716 963 οὗ

2144 1001 2255 1069 γὰρ
2278 997 2560 1065 διαμέλλει
2593 999 2811 1065 περὶτὰ
2835 998 2930 1053 τοῦ
2958 999 3096 1053 Θεοῦ
3122 1000 3294 1071 δῶρα,
3326 1001 3445 1056 ἀλλ’
3493 1001 3715 1070 harpe;

2146 1089 2246 1143 ttat
2280 1088 2487 1158 χαίρων
2515 1088 2657 1143 ιστί.
2698 1088 2805 1141 Kal
2839 1089 3003 1153 εὐθὺς
3057 1089 3351 1159 σφραγίζει
3400 1090 3496 1143 τοῦ
3538 1107 3719 1161 χειροο
3830 1116 3833 1121 λ

2147 1180 2478 1243 τονουμένου
2514 1178 2615 1251 τὴν
2645 1180 2910 1250 κεφαλὴν,
2948 1181 3049 1252 τὴν
3098 1182 3359 1253 ἀπαρχὴν
3406 1183 3496 1236 διά
3538 1198 3716 1251 σφρα-

2146 1271 2295 1340 γῖδος
2349 1270 2591 1342 τρισσῶς
2640 1271 2739 1341 τῆς
2788 1271 3129 1342 χειροτονίας
3186 1272 3533 1340 ποιούμενος.
3588 1265 3718 1326 Elea

2146 1363 2270 1427 τοὺς
2297 1360 2392 1417 δύο
2440 1363 2611 1426 πόδας
2654 1366 2683 1416 ὁ
2739 1364 3220 1436 χειροτονούμενος
3273 1365 3488 1430 κλίνας,
3524 1366 3612 1421 διά
3657 1382 3718 1420 τε

2146 1454 2246 1522 τὴν
2266 1452 2512 1509 δουλείαν
2541 1455 2634 1509 καὶ
2658 1453 2758 1525 τὴν
2793 1457 3185 1525 προσαγωγὴν,
3226 1456 3575 1526 καθιεροῦται
3606 1459 3715 1527 γάρ

2149 1543 2287 1612 πρὸς
2313 1542 2382 1596 τὰ
2408 1541 2602 1613 μείζω,
2628 1546 2723 1598 καὶ
2755 1545 2838 1598 δτι
2886 1545 2986 1617 τὴν
3020 1546 3120 1612 τῆς
3150 1547 3430 1610 διακονίας
3452 1547 3720 1618 πρότερον

2148 1632 2332 1686 λαϐὼν
2382 1634 2682 1704 χάριν-καὶ
2738 1634 3055 1705 λειτουργὸς
3109 1635 3208 1703 ὢν,
3263 1636 3359 1690 νῦν
3409 1641 3503 1691 καὶ
3539 1639 3719 1707 ίερεὺς

470 1755 526 1799 οι
556 1736 927 1811 baptismatis,
958 1740 1015 1788 et
1076 1704 1333 1785 sacrificii
1374 1721 1754 1785 constituitur,
1808 1718 2042 1774 frontem

2155 1725 2248 1777 Ital
2286 1723 2545 1793 τελεστὴς
2580 1725 2692 1779 τῶν
2725 1726 2888 1797 ἱερῶν
2938 1728 3191 1791 τελετῶν,
3222 1728 3330 1782 τῶν
3376 1730 3717 1799 προσευχῶν,

472 1810 641 1887 altari
681 1825 910 1896 imponit
936 1829 991 1877 et
1020 1820 1170 1877 velut
1197 1816 1384 1886 adigit.
1410 1813 1600 1869 Altare
1628 1810 1774 1867 enim
1806 1818 1892 1867 est
1921 1825 2046 1880 gra-

473 1926 564 1977 tia:
596 1919 865 1974 donorum
895 1914 1212 1969 thesaurus.
1254 1907 1564 1979 EpiscOpus
1596 1914 1779 1960 antem
1819 1917 2043 1958 manum

475 2014 761 2079 imponens
792 2006 930 2078 (ipsa
955 2014 1042 2059 est
1069 2002 1216 2058 enim
1239 1996 1702 2056 communicativa
1725 1993 2045 2049 donationis

474 2098 647 2155 divini
707 2094 1020 2156 sacerdotii,
1072 2099 1129 2146 et
1180 2091 1424 2145 imitatur
1472 2085 1925 2156 omnipotentem,
1990 2090 2049 2138 et

476 2191 663 2246 omnia
700 2195 1040 2256 cperantem,
1099 2187 1498 2251 protegentem,
1530 2176 1827 2245 omniaque
1870 2172 2047 2244 inspi-

478 2281 715 2336 cientem
739 2285 792 2331 et
816 2275 1191 2330 moderantem
1218 2271 1314 2328 Dei
1340 2268 1674 2343 dexteram),
1701 2268 1925 2323 invocat
1959 2263 2049 2318 di-

480 2375 662 2428 vinam
692 2371 948 2443 gratiam,
971 2380 1025 2424 et
1052 2364 1481 2423 consecrandum
1504 2379 1536 2419 e
1560 2362 1796 2419 diacono
1820 2359 2049 2432 presby-

481 2480 655 2523 terum
689 2472 863 2532 creat,
902 2464 1137 2535 gratiam
1191 2460 1432 2532 Spiritus
1457 2458 1763 2515 ordinando
1792 2456 2050 2511 advenire

478 2563 803 2631 deprecans.
821 2556 1087 2611 Omnibus
1110 2552 1423 2609 dicentibus
1441 2561 1541 2617 ter,
1569 2548 1763 2619 «Kyrie
1785 2548 2045 2615 eleison,s

458 2652 600 2718 ipse
633 2650 926 2719 episcopus
960 2654 1042 2703 ter
1075 2646 1258 2713 signat
1290 2642 1584 2698 ordinandi
1619 2647 1803 2710 caput,
1834 2641 2050 2710 signum

484 2742 666 2797 crucis
696 2740 1019 2810 imprimens
1052 2735 1408 2806 perfectionis
1437 2732 1806 2804 operativnm.
1851 2729 1943 2785 Sic
1971 2729 2051 2783 fa-

484 2841 569 2888 cta
595 2831 767 2901 prima
799 2843 960 2899 prece
984 2835 1041 2883 et
1088 2825 1489 2881 exclamatione
1547 2821 1616 2876 ad
1670 2821 1864 2886 Deum,
1926 2829 2052 2889 post

488 2923 799 2994 rogationes
824 2935 856 2975 a
886 2921 1068 2992 primo
1096 2919 1416 2990 presbytero
1447 2916 1724 2979 recltatas,
1759 2921 1815 2967 et
1853 2926 2051 2968 secun-

483 3015 607 3070 dam
644 3028 880 3084 precem,
902 3011 1132 3083 ejusque
1160 3008 1618 3066 exclamationem
1646 3004 1809 3075 erigit
1832 3004 2053 3059 ordina-
2080 3047 2127 3112 ο

482 3116 603 3161 tum
640 3120 671 3160 e
704 3119 862 3161 sacra
899 3117 1127 3170 mensa;
1162 3103 1237 3157 ita
1266 3101 1678 3163 demonstrans,
1705 3104 1765 3151 ut
1795 3096 2053 3162 diximus,

484 3195 728 3253 divinum
774 3209 1069 3250 ascensum
1113 3193 1234 3263 ejus
1288 3191 1355 3245 ab
1391 3187 1784 3245 humilioribus
1813 3186 1883 3241 ad
1911 3184 2058 3239 divi-

485 3284 665 3348 niora,
692 3293 748 3337 et
795 3283 1011 3347 altiora,
1070 3280 1464 3347 melioremque
1521 3286 1578 3333 et
1618 3275 2058 3347 praestantiorem

485 3384 724 3432 statum:
752 3374 1138 3427 demonstrans
1165 3382 1386 3439 quoque
1414 3368 1561 3437 quod
1587 3364 1753 3422 Jesus
1775 3364 2061 3421 descendit

486 3482 518 3519 ο
538 3462 717 3527 caelis,
738 3470 793 3516 et
825 3461 990 3516 homo
1020 3459 1197 3515 factus
1220 3457 1505 3514 descendit
1529 3472 1627 3528 per
1648 3470 1867 3512 crucem
1883 3470 2059 3527 usque

487 3555 556 3609 ad
587 3553 815 3619 inferos,
844 3562 899 3608 et
924 3550 1231 3607 suscitatus
1260 3557 1319 3606 et
1367 3550 1634 3604 exaltatus
1660 3587 1678 3615 ,
1728 3562 1829 3604 nos
1872 3561 2057 3603 secum

490 3646 801 3710 suscitavit,
840 3651 895 3700 et
925 3648 1200 3698 suscitans
1229 3642 1454 3697 eraltat.
1484 3639 1598 3695 Hoc
1627 3639 1795 3711 igitur
1830 3638 1885 3693 in
1904 3636 2059 3694 muni

488 3738 805 3794 adoratione
828 3742 883 3791 et
921 3733 1291 3806 prostratione
1318 3732 1718 3803 significamus,
1742 3744 1868 3785 cum
1896 3729 2058 3785 incli-

489 3847 684 3888 namns
733 3845 835 3885 nos
866 3838 921 3883 et
950 3826 1241 3897 erigimus,
1266 3824 1542 3879 Christum
1586 3822 1959 3885 descendisse,
2004 3831 2060 3877 et

487 3939 548 3978 se
604 3920 924 3988 suscitasse,
974 3933 1077 3976 nos
1101 3928 1325 3988 quoque
1375 3913 1563 3985 lapsos
1624 3927 1816 3969 secum
1870 3912 2056 3969 susci-

491 4025 658 4070 ωδε.

1017 4210 1247 4268 CAPUT
1266 4206 1529 4267 CLXXX.

491 4308 671 4375 Quare
706 4305 977 4376 presbyter
1020 4303 1294 4356 Iwrart‘nm
1332 4301 1439 4376 sive
1476 4298 1670 4376 stolam
1716 4307 1884 4368 gestat
1922 4297 2059 4352 velut

755 4376 818 4429 de
845 4371 981 4427 collo
1017 4383 1139 4426 ante
1173 4382 1354 4441 pectus
1385 4371 1782 4439 dependentem.

561 4468 755 4524 Postea
790 4466 1071 4521 liorarium
1096 4479 1125 4517 a
1154 4462 1384 4518 sinistro
1416 4462 1647 4531 humero
1676 4458 1733 4513 in
1776 4458 2059 4513 dexterum

491 4560 777 4625 transfert,
809 4557 956 4629 quod
989 4554 1262 4626 posterius
1291 4560 1374 4608 est
1394 4549 1639 4606 anterius
1663 4563 1856 4620 agens,
1878 4558 1932 4602 et
1959 4551 2064 4603 hoc

424 4684 432 4692 -
495 4652 654 4707 modo
690 4651 837 4706 velut
864 4650 967 4704 sub
999 4649 1190 4719 jugum
1216 4646 1379 4701 mittit
1409 4642 1808 4699 ordinandum.
1836 4641 2066 4709 Conspi-

492 4756 619 4796 cere
634 4741 781 4795 enim
810 4739 972 4794 debet
1014 4747 1067 4793 et
1092 4736 1441 4793 considerare
1467 4749 1565 4806 per
1588 4731 1862 4805 symbolo,
1888 4743 2061 4799 quam

495 4831 770 4899 acceperit
819 4829 1090 4898 gratiam;
1152 4838 1207 4883 et
1263 4829 1503 4898 primum
1559 4823 1706 4896 quod
1756 4822 2064 4880 secundum

498 4935 667 4977 unum
699 4927 754 4975 ct
781 4921 958 4974 solum
989 4918 1316 4999 diaconatus
1343 4932 1482 4989 opus
1532 4914 1871 4972 contraxerit
1918 4913 2069 4967 debi~

500 5023 613 5066 tum
650 5028 664 5065 :
702 5026 848 5065 nunc
877 5024 1009 5064 vero
1058 5008 1129 5063 ad
1166 5010 1424 5079 mysteria
1452 5015 1506 5061 et
1534 5005 1907 5062 sacerdotium
1944 5002 2067 5057 uni-

506 5120 749 5171 vorsum,
798 5101 941 5159 unde
976 5100 1153 5172 majus
1209 5101 1284 5155 illi
1342 5098 1616 5171 impendet
1644 5098 1856 5169 jugum,
1887 5098 1962 5152 ita
2008 5106 2069 5151 ut

508 5203 679 5254 totius
749 5187 932 5268 operis
981 5195 1177 5250 debeat
1224 5207 1347 5248 esse
1402 5191 1653 5247 minister
1701 5199 1757 5246 et
1822 5200 2063 5245 curator.

497 5289 623 5345 ldeo
680 5291 920 5348 secundo
968 5289 1229 5361 cingitur,
1277 5286 1427 5344 velut
1485 5292 1711 5340 vocatus
1767 5282 1837 5338 ad
1887 5282 2067 5352 majus

499 5399 661 5455 opus.

997 5469 1231 5527 CAPUT
1278 5467 1564 5525 CLXXXI.

951 5564 1091 5629 Quid
1139 5563 1330 5632 penula
1382 5564 1610 5616 denotet.

575 5654 846 5709 l’limnolio
890 5669 1105 5725 quoque
1158 5652 1445 5707 induitur:
1494 5652 1638 5722 quod
1684 5648 2064 5706 indumentum

2085 4394 2139 4454 D

2154 1818 2247 1870 ml
2280 1814 2374 1869 τοῦ
2408 1816 2805 1888 βαπτίσματος,
2837 1819 3053 1890 καὶτῆς
3102 1821 3414 1892 ἱερουργίας
3456 1822 3720 1875 καθίστα·

2151 1923 2263 1972 ται,
2293 1909 2352 1960 τὸ
2379 1907 2636 1977 μάτωπον
2658 1909 3002 1979 προσερείδει
3021 1910 3101 1981 τῷ
3125 1912 3501 1984 θυσιαστηρίῳ
3526 1927 3540 1945 ο
3562 1912 3721 1966 τοῦτο

2153 1996 2262 2067 γὰρ
2295 1995 2413 2048 τῶν
2439 1996 2800 2066 χαρισμάτων
2838 2000 2868 2051 ὁ
2898 1998 3195 2069 θησαυρός.
3246 1999 3311 2056 Ὀ
3358 2005 3626 2074 ίεράρχης
3665 2005 3721 2059 δὶ

2154 2088 2255 2156 τὴν
2281 2090 2440 2158 χεῖρα
2474 2088 2709 2152 ἐπιθεὶς,
2743 2088 2888 2158 αὕτη
2917 2091 3025 2161 γὰρ
3076 2093 3110 2162 ἡ
3150 2093 3253 2163 τῆς
3307 2094 3518 2165 δωρεᾶς
3553 2113 3721 2165 μετα-

2153 2178 2344 2250 δοτικὴ
2372 2180 2471 2251 τῆς
2495 2180 2649 2265 θείας
2679 2181 3000 2253 ἱερωσύνης,
3028 2185 3067 2255 η
3107 2168 3203 2238 καὶ
3247 2186 3341 2239 τὸν
3379 2188 3721 2259 παντουργόν

2152 2278 2214 2322 τε
2240 2271 2337 2323 καὶ
2360 2270 2776 2342 παντοδύναμον
2801 2272 3186 2345 ικμιμουμένη
3218 2277 3314 2330 καὶ
3344 2280 3719 2349 σκεπαστικὴν

2154 2363 2252 2417 καὶ
2279 2364 2731 2417 παντεπίσκοπον
2789 2365 2996 2433 δεξιὰν,
3044 2366 3392 2424 ἐπικαλεῖται
3428 2371 3529 2441 τὴν
3570 2372 3721 2424 θείαν

2155 2453 2336 2523 χάριν,
2366 2453 2463 2506 καὶ
2498 2454 2607 2507 άπὸ
2654 2457 2907 2510 διακόνου
2956 2457 3331 2529 πρεσσύτερον
3358 2461 3597 2531 καθιπτᾷ
3629 2462 3722 2515 τὸν

2153 2545 2479 2615 τελούμενον
2503 2563 2519 2579 ο
2554 2548 2648 2602 καὶ
2674 2546 2775 2618 τὴν
2807 2548 2972 2619 χάριν
3010 2548 3261 2604 επελθεῑν
3287 2541 3365 2622 τῷ
3389 2568 3723 2623 χειροτονου-

2159 2636 2307 2707 μένῳ
2331 2636 2426 2691 τοῦ
2455 2638 2776 2710 Πνεῦματος
2826 2640 3224 2712 ἐπευξάμενος,
3271 2645 3491 2699 πάντων
3540 2646 3724 2713 λεγόν-

2164 2743 2275 2781 των
2305 2729 2389 2791 τὸ,
2424 2747 2443 2782 ε
2482 2731 2680 2801 Κύριε,
2707 2732 2951 2803 ἐλέησον,
2991 2752 3010 2786 ι
3045 2736 3186 2805 τρὶς,
3211 2735 3371 2800 αὐτὸς
3400 2738 3429 2789 δ
3462 2736 3725 2809 ίεράρχης

2161 2820 2450 2888 σφραγίζει
2473 2824 2594 2891 τρὶς
2622 2823 2722 2893 τὴν
2751 2822 2844 2877 τοῦ
2876 2825 3316 2895 χειροτονομὲνου
3352 2827 3597 2897 κεφαλὴν
3618 2830 3718 2897 τὴν

2155 2911 2487 2965 τελειοποιὸν
2516 2915 2756 2997 ἐνεργῶν
2804 2916 3106 2988 σφραγῖδα.
3140 2916 3248 2970 Kal
3265 2916 3410 2971 οὕτω
3440 2918 3539 2987 τὴν
3568 2920 3719 2988 πρῶ-

2161 3020 2261 3073 την
2295 3004 2461 3074 εὐχὴν
2494 3005 2893 3085 ποιησάμενος,
2948 3009 3043 3059 καὶ
3083 3008 3406 3076 ἐκφωνήσας
3456 3007 3593 3078 μετὰ
3620 3008 3721 3072 τὰς

2161 3094 2407 3162 αἰτήσεις
2437 3095 2551 3148 ὑπὸ
2591 3096 2963 3167 πρεσϐυτέρου
3011 3098 3109 3150 τοῦ
3159 3097 3376 3167 πρώτου
3426 3097 3725 3168 γενομένας

2161 3187 2261 3239 καὶ
2296 3186 2397 3257 τὴν
2422 3187 2683 3258 δευτέραν
2708 3188 2873 3259 εὐχὴν
2897 3188 2993 3241 καὶ
3040 3186 3376 3260 ἐπιφώνησιν,
3408 3190 3604 3260 άνιστᾷ
3633 3190 3729 3243 τὸν

2160 3277 2609 3347 χειροτονηθέντα
2655 3280 2720 3333 ἐκ
2777 3282 2877 3350 τῆς
2915 3279 3069 3349 ίερᾶς
3125 3278 3411 3350 τραπέζης
3440 3296 3455 3311 ·
3510 3279 3728 3343 δεικνὺς

2160 3368 2322 3423 αὑτοῦ
2348 3370 2448 3440 τὴν
2469 3368 2577 3424 άπὸ
2598 3369 2708 3423 τῶν
2723 3370 3124 3439 ταπεινοτέρων
3152 3371 3246 3424 ἐπὶ
3271 3372 3341 3424 τὰ
3366 3369 3613 3441 θειότερα
3632 3370 3727 3423 καὶ

2161 3459 2473 3532 ὑψηλότερα
2500 3459 2655 3515 θείαν
2676 3460 2968 3528 άνάδασιν,
3004 3463 3082 3527 ὥς
3116 3465 3446 3535 εἰρήκαμεν,
3479 3464 3574 3517 καὶ
3623 3462 3727 3532 τὴν

2161 3553 2299 3621 πρὸς
2325 3553 2394 3606 τά
2418 3551 2656 3622 κρείττω
2691 3554 2883 3608 στάσιν
2909 3570 2925 3585 ο
2950 3556 3045 3609 καὶ
3073 3556 3156 3609 ὅτι
3174 3557 3204 3609 ὁ
3230 3553 3505 3609 κατελθὼν
3532 3556 3596 3609 εκ
3617 3556 3728 3608 τῶν

2158 3645 2407 3715 οὐρανῶν
2433 3649 2533 3701 καὶ
2557 3646 2993 3720 ἑνανθρωπήσας
3037 3648 3249 3718 Ἰησοῦς
3281 3648 3412 3720 ἄχρι
3442 3648 3538 3703 τοῦ
3595 3649 3725 3721 ᾅδου

2158 3734 2248 3790 διὰ
2290 3735 2531 3808 σταυροῦ
2560 3739 2822 3809 κατῆλθε,
2870 3740 2968 3794 καὶ
3002 3741 3247 3807 ἀναστάς
3296 3743 3393 3796 καὶ
3420 3741 3727 3811 ammon;

2160 3828 2307 3899 ἡμᾶς
2338 3829 2722 3898 συνανέστησε,
2773 3830 2870 3884 καὶ
2920 3831 3157 3886 άνιστῶν
3206 3832 3404 3901 άνυψοτ
3436 3822 3743 3903 διηνεκῶς(

2164 3920 2339 3973 Τοῦτο
2365 3918 2457 3975 οὖν
2484 3924 2583 3976 καὶ
2602 3923 2694 3975 ἐπὶ
2717 3923 2869 3997 πάσῃ
2898 3923 3270 3995 προσκυνήσει
3297 3922 3587 3993 δηλοῦμεν,
3613 3922 3728 3977 κλίδ

2161 4010 2350 4073 νοντές
2382 4026 2444 4063 τε
2486 4012 2583 4065 καὶ
2610 4012 2989 4083 ἀνιστάμενοι,
3012 4014 3095 4067 ὅτι
3125 4012 3361 4083 κατῆλθε
3392 4014 3488 4068 καὶ
3528 4012 3731 4085 ἀνῆλθε

2163 4101 2424 4173 Χριστὸς,
2457 4102 2551 4155 καὶ
2583 4103 2733 4173 ἡμᾶς
2759 4105 3025 4167 πεσόντας
3040 4106 3357 4176 ἀνήγειρεν.

2730 4214 2982 4271 ΚΕΦΔΛ.
3029 4218 3160 4270 Pll'.

2161 4304 2329 4380 Διατζ
2355 4304 2423 4358 τὸ
2455 4304 2710 4380 ὠράριον
2729 4306 2827 4360 ἐπὶ
2853 4306 2963 4360 τὸν
3002 4307 3312 4380 τράχηλον
3347 4309 3557 4373 αὐτοῦ,
3586 4308 3626 4380 ἢ
3660 4311 3728 4365 τὸ

2302 4375 2736 4444 ἐπιτραχήλιον
2764 4380 2798 4430 ὀ
2828 4375 3237 4446 πρεσϐύτερος
3278 4381 3587 4449 λαμϐάνει.

2236 4458 2372 4517 Εἶτα
2395 4464 2491 4518 καὶ
2520 4463 2582 4517 τὸ
2609 4464 2851 4536 ὡράριον
2880 4466 2993 4519 ἀπὸ
3016 4466 3111 4521 τοῦ
3146 4468 3440 4540 ἀριστεροῦ
3461 4468 3616 4540 ὤμου
3636 4470 3727 4524 ἐπὶ

2161 4552 2255 4607 τδν
2290 4552 2466 4619 δεξιὸν
2495 4555 2820 4625 μεταφέρει,
2847 4555 2909 4631 τὸ
2940 4556 3169 4610 ὄπισθεν
3215 4558 3367 4626 ἄγων
3393 4559 3726 4629 ἔμπροσθεν,

2164 4647 2261 4700 καὶ
2296 4645 2373 4709 ὡς
2409 4646 2514 4699 ὑπὸ
2549 4645 2713 4714 ζυγὸν
2742 4647 2834 4701 τὸν
2879 4649 3364 4719 χειροτονούμενον
3396 4652 3589 4709 ποιῶν.
3619 4653 3729 4706 Kal

2163 4736 2274 4806 γὰρ
2292 4738 2426 4808 ὁρᾷν
2447 4737 2653 4805 ὀφείλει
2677 4739 2773 4793 καὶ
2795 4738 2886 4793 διά
2904 4740 3014 4793 τῶν
3043 4741 3351 4811 ωμσόλων,
3371 4743 3549 4813 ἥνπερ
3570 4742 3730 4795 ιλαδε

2165 4828 2324 4899 χάριν
2348 4843 2361 4858 ·
2396 4830 2493 4883 καὶ
2529 4830 2615 4883 ὅτι
2666 4832 2888 4901 πρῶτον
2928 4832 3032 4903 μὲν
3061 4832 3185 4886 καθ’
3218 4832 3279 4888 ἓν
3312 4835 3408 4889 καὶ
3440 4835 3603 4905 μόνον
3634 4834 3731 4903 τῆς

2163 4920 2442 4985 διακονίας
2474 4921 2637 4992 ἔργον
2688 4922 2903 4993 ὑπῆρχε
2942 4922 3283 4994 κεκτημένος
3310 4924 3431 4995 τὴν
3478 4923 3731 4995 ὀφειλὴν,

2165 5008 2263 5064 νῦν
2288 5010 2347 5063 δὲ
2380 5011 2516 5080 πρὸς
2545 5011 2645 5075 τὰς
2674 5012 2895 5075 τελετὰς
2945 5015 3043 5066 καὶ
3073 5012 3171 5083 τὴν
3207 5013 3512 5084 ίερωσύνην
3562 5011 3692 5082 δλην
3713 5024 3729 5040 ·

2167 5101 2262 5153 καὶ
2290 5100 2492 5172 μείζων
2526 5101 2675 5172 αὐτῷ
2704 5103 2733 5154 δ
2756 5102 2921 5171 ζυγὸς
2942 5103 3037 5157 καὶ
3066 5104 3191 5157 ὅλου
3215 5104 3310 5158 τοῦ
3332 5103 3500 5175 ἔργον
3530 5102 3733 5172 ὀφείλει

2168 5187 2310 5258 εἶναι
2343 5192 2622 5263 ὑπηρέτης
2652 5194 2747 5248 καὶ
2777 5196 3130 5267 φροντιστής.
3165 5195 3259 5248 Διὸ
3282 5195 3379 5248 καὶ
3396 5198 3458 5249 ἐκ
3478 5194 3732 5264 δευτέρου

2169 5281 2456 5349 ζὼννυται,
2491 5281 2566 5348 ὡς
2602 5282 2740 5354 πρὸς
2785 5287 2970 5355 μεῖζον
3005 5284 3228 5355 κληθεὶς
3260 5284 3448 5355 ἔργον,

2738 5469 2994 5524 ΚΕΦΑΛ.
3025 5465 3202 5522 Pﬂ.\'.

2533 5563 2593 5617 Τί
2616 5564 2899 5631 σημαίνει
2930 5562 2995 5616 τὸ
3024 5562 3362 5631 patrator.

2246 5653 2355 5707 Kal
2385 5653 2662 5724 φαινόλιον
2698 5652 3080 5722 περιῦάλλεται
3114 5667 3128 5683 ο
3183 5652 3321 5712 ὅπερ
3375 5649 3579 5715 ἔνδυμα
3611 5645 3737 5701 huc
