4090 6258
439 335 546 403 389

1492 336 1588 396 DE
1626 335 1896 396 SACRIS
1936 287 2646 402 ORDINATIONIBUS.

3572 335 3683 405 390
3769 305 3777 312 ’

440 455 538 510 κον
566 457 685 506 ἐστι
710 451 834 522 δίχα
867 448 1160 520 μανικίων,
1182 450 1306 504 ὅλον
1329 451 1684 522 περιστέλλον
1705 451 1768 503 το
1801 450 1963 520 σῶμα
1981 463 1999 484 ο

2116 457 2189 505 est
2218 450 2404 506 album
2458 452 2578 508 sine
2606 451 2838 509 manicis
2867 462 3039 509 totum
3068 454 3422 510 circumdans
3446 468 3498 512 et
3549 474 3675 526 ope-

415 543 634 600 λευκδν
686 541 806 611 μὲν,
841 541 930 593 διὰ
971 542 1073 608 τὴν
1112 541 1462 612 καθαρότητα
1513 542 1614 594 καὶ
1672 539 2007 607 ἁγιωσύνην,

443 637 542 690 καὶ
579 635 678 706 τὴν
711 633 810 700 τῆς
841 633 993 696 θείας
1016 630 1176 702 δόξης
1214 631 1532 704 περιϐολὴν,
1564 633 1646 686 ὅτι
1667 633 1697 684 6
1735 631 1870 696 Θεὸς
1895 631 2013 700 φῶς

423 730 581 790 ἐστι,
636 725 730 778 καὶ⁵
781 724 1222 794 ἀναϐαλλόμενος
1259 724 1377 794 φῶς
1433 725 1508 789 ὡς
1554 726 1796 794 ἱμάτιον,
1827 724 1922 778 καὶ
1957 723 2010 776 οἱ

441 818 666 888 ἄγγελοι
716 817 936 888 λευκὴν.
972 817 1177 888 ἐσθῆτα
1232 816 1700 888 περιϐεϐλημένοι
1749 815 2010 879 πολλάκις

439 912 736 982 ὤφθησαν·
767 913 868 966 οὐκ
890 913 1012 982 ἕχον
1040 913 1098 966 δὲ
1133 911 1361 982 μανίκια
1393 911 1484 964 διὰ
1514 912 1578 964 τὸ
1609 910 1885 965 ἐκτυποῦν
1916 909 2010 963 τὸν

444 1006 671 1067 σάκκον,
705 1004 764 1056 ὃν
789 1004 817 1055 6
843 1003 1037 1073 Σωτὴρ
1069 1002 1474 1072 ἐμπαιζόμενος
1498 1002 1812 1056 inﬁtiatur
1851 1017 2011 1070 περι-

442 1097 678 1149 στέλλων
705 1095 762 1148 δὲ
798 1094 922 1148 ὅλον
945 1094 1009 1148 τὸ
1041 1094 1201 1164 σῶμα
1231 1095 1359 1165 ἄχρι
1390 1096 1485 1149 καὶ
1530 1095 1640 1160 τῶν
1688 1093 1866 1148 ποδῶν
1898 1092 2008 1146 ἀπὸ

438 1186 684 1255 κεφαλῆς
712 1186 802 1239 διὰ
826 1184 925 1256 τὴν
954 1175 1164 1241 ἄνωθεν
1196 1188 1325 1257 περὶ
1360 1188 1506 1257 ἡμᾶς
1531 1189 1812 1256 πρόνοιαν,
1832 1186 2008 1241 καὶτὸ

440 1276 756 1330 συνεκτικὸν
775 1275 871 1330 τοῦ
895 1275 1033 1329 Θεοῦ
1061 1277 1156 1330 καὶ
1185 1277 1542 1347 φυλακτικόν.
1571 1278 1794 1347 Αἴρεται
1816 1278 1872 1332 δέ
1903 1276 2008 1333 ὑπὸ

440 1366 548 1419 τῶν
576 1365 776 1436 χειρῶν
805 1369 872 1420 ἐκ
896 1367 1128 1435 πλαγίου
1153 1369 1212 1421 ἐν
1241 1368 1320 1433 τῷ
1350 1369 1530 1441 καιρῷ
1557 1370 1666 1424 τῶν
1719 1372 1884 1440 ίερῶν
1915 1371 2008 1443 ἐρ-

439 1473 575 1524 γων,
605 1451 717 1509 οἷον
746 1458 817 1520 ὡς
852 1459 1028 1535 πτερὰ
1052 1459 1342 1528 γινόμενον
1373 1461 1464 1514 διὰ
1488 1463 1550 1515 τὸ
1588 1463 1882 1532 ἀγγελικδν
1907 1464 2009 1530 τῆς

441 1545 635 1609 ἀξίας·
663 1546 760 1598 καὶ⁵
797 1547 879 1600 ὅτι
929 1547 986 1601 al
1031 1550 1214 1617 χεῖρες
1249 1547 1330 1608 ,δι’
1379 1549 1548 1603 αὑτοῦ
1587 1551 1914 1620 φαινόμεναι
1946 1553 2008 1606 τὸ

438 1637 742 1703 πρακτικὸν
768 1637 1100 1706 ἐμφαίνουσι
1153 1639 1248 1692 καὶ
1275 1639 1500 1714 ἐνεργὸν
1529 1640 1626 1693 τοῦ
1652 1641 1812 1708 Θεοῦ,
1841 1643 1900 1697 ἐν
1925 1639 2008 1706 οἷς

437 1729 468 1782 6
501 1730 685 1797 ίερεὺς
719 1730 952 1800 ἐνεργεῖ.
982 1730 1210 1800 Πρῶτον
1250 1730 1352 1800 μὲν
1380 1730 1474 1786 οῦν
1517 1733 1842 1804 ἀναγορεύει
1885 1734 2008 1788 τοῦ-

435 1834 528 1872 τον
551 1820 580 1871 6
610 1797 874 1890 ίεράρχης
909 1819 967 1871 ἐν
989 1797 1068 1888 τῶ
1114 1818 1176 1872 τὸ
1221 1797 1461 1890 ῶράριον
1511 1797 1809 1890 λαμϐάνειν
1849 1823 2008 1895 149
2036 1797 2083 1856 Β

439 1911 504 1962 ἐκ
532 1909 628 1962 τοῦ
653 1909 946 1979 ἀριστεροῦ
994 1907 1150 1978 ὤμου
1180 1909 1428 1974 ὄπισθεν,
1467 1912 1565 1965 καὶ
1619 1915 1702 1976 είς
1742 1914 1803 1966 τδ
1835 1914 2008 1978 δεξιὸν

437 2002 736 2066 ἐπιθεῖναι,
781 2001 892 2054 τῶν
944 2001 1040 2056 δύο
1071 2002 1259 2072 μερῶν
1303 2004 1619 2072 γενομένων
1649 2004 1960 2076 ἔμπροσθεν
1991 2020 2006 2035 °

436 2093 576 2161 ὅπερ
601 2092 722 2145 τότε
748 2094 894 2145 ἐστὶν
919 2093 1307 2164 ἐπιτραχήλιον
1328 2093 1724 2165 ἐκτελούμενον
1744 2097 1839 2148 καὶ
1867 2097 2010 2149 οὕτω

439 2183 772 2253 καλούμενον
801 2200 816 2215 ο
847 2184 1000 2255 δηλοῖ
1036 2185 1093 2238 δέ
1146 2185 1246 2255 τὴν
1300 2185 1513 2241 ἄνωθεν
1553 2185 1856 2242 κατιοῦσαν
1898 2187 2008 2242 ἀπὸ

329 2297 332 2302 -
441 2276 685 2343 κεφαλῆς
739 2276 922 2344 χάριν,
969 2275 1046 2340 ὡς
1100 2276 1272 2347 μύρον
1319 2277 1416 2330 ἐπὶ
1463 2277 1732 2347 κεφαλῆς,
1780 2278 1949 2349 φησὶν
1981 2280 2010 2332 6

438 2367 623 2430 Δαϐὶδ,
654 2367 732 2421 το
756 2368 1087 2422 καταϐαῖνον
1121 2369 1215 2422 ἐπὶ
1242 2368 1343 2440 τὴν
1372 2367 1488 2424 ὦαν
1531 2370 1628 2424 τοῦ
1681 2370 2010 2442 ἐνδύματος,

439 2457 532 2508 καὶ
564 2457 656 2508 τὴν
685 2457 924 2527 χρηστὸν
956 2457 1122 2524 ζυγὸν
1146 2457 1247 2526 τῆς
1275 2458 1578 2527 ἱερωσύνης
1606 2460 1704 2512 τοῦ
1733 2460 2005 2529 Χριστοῦ,

439 2549 536 2600 καὶ
570 2546 646 2609 ῶς
710 2548 844 2614 φασί
870 2564 1039 2609 τινες,
1087 2547 1150 2598 es
1183 2547 1520 2616 ἑλκυσθῆναι
1559 2548 1697 2617 πρὸς
1749 2549 1813 2601 τὸ
1839 2549 2014 2612 πάθος

447 2638 612 2690 αὐτὸν
639 2638 732 2689 τὸν
767 2638 1003 2706 σταυρὸν
1048 2635 1137 2688 ἐπ’
1165 2635 1335 2705 ὤμων
1379 2637 1714 2707 κατέχοντασ
1751 2639 1875 2693 ἐπεὶ
1919 2639 2015 2692 καὶ

445 2729 607 2791 αὐτὸς
637 2730 665 2782 6
699 2727 879 2799 ἱερεὺς
934 2729 1003 2782 τὰ
1046 2728 1140 2782 τοῦ
1191 2728 1399 2792 πάθους
1440 2730 1721 2800 μυστήρια
1770 2731 2015 2799 ἐνεργεῖν

446 2820 803 2888 κατηξίωται.
825 2819 996 2873 Τοῦτο
1012 2821 1196 2874 τοίνυν
1225 2820 1425 2874 ἐνὸύων
1455 2820 1622 2874 αὐτὸν
1645 2825 1672 2875 6
1697 2823 2010 2893 ἀρχιερεὺς,

445 2913 612 2980 φησιν
635 2929 654 2963 ι
686 2911 889 2978 Ἄξιος.
926 2929 946 2963 ι
971 2912 1080 2963 Καὶ
1103 2910 1380 2979 φαινόλιον
1407 2908 1438 2964 6
1459 2912 1766 2983 εἰρήκαμεν
1794 2914 2016 2969 ἐπιϐάλ-

349 3027 352 3029 λ
442 3005 548 3056 λων
580 3001 722 3056 οὕτω
751 3006 943 3073 φησιν,
981 3021 999 3054 ι
1037 3003 1224 3069 Ἄξιος
1248 3018 1263 3032 ο
1305 3021 1325 3054 ι
1361 3002 1658 3072 εὐχόμενος
1679 3005 1838 3059 τοῦτο
1871 3001 2013 3060 εῐναι

2114 539 2266 596 riens
2315 555 2537 612 corpus.
2595 542 2793 598 Album
2849 553 2932 598 est
2979 555 3204 614 propter
3262 545 3577 616 puritatem,
3627 557 3682 600 ct

2112 631 2482 697 sanctitatem,
2507 641 2561 689 et
2589 633 2786 689 divina:
2812 635 2996 705 gloria:
3033 636 3290 690 amictum
3318 653 3332 703 ;
3369 634 3512 691 Deus
3531 634 3677 688 enim

2111 720 2348 776 amictus
2374 731 2458 777 est
2493 722 2695 778 lumine
2717 735 2774 778 ut
2806 727 3151 792 vestimento,
3179 735 3228 780 et
3258 726 3434 795 angeli
3467 732 3673 782 vestem

2111 810 2290 864 albam
2321 812 2504 867 amicti
2535 817 2736 884 saepius
2763 825 3151 886 apparuerunt.
3205 815 3434 873 Manicis
3493 826 3674 871 autem

2109 910 2284 967 caret,
2346 912 2404 957 ut
2472 915 2896 974 repraesentetur
2949 923 3149 965 saccus
3200 925 3361 980 quem
3425 907 3678 962 Salvator

2111 995 2278 1062 pedes
2307 995 2410 1050 iter
2437 995 2644 1052 faciens
2667 998 2949 1053 induebat.
2982 1000 3236 1071 Cooperit
3286 1009 3468 1067 autem
3499 1007 3670 1054 totum

2109 1096 2308 1148 corpus
2334 1099 2363 1139 a
2397 1087 2574 1157 capite
2604 1088 2670 1143 ad
2705 1090 2869 1158 pedes
2903 1106 3079 1160 usque
3131 1100 3354 1161 propter
3381 1106 3670 1160 supernam

2109 1188 2236 1246 erga
2265 1190 2365 1231 nos
2407 1177 2828 1247 providentiam,
2860 1190 2916 1236 et
2960 1181 3054 1235 Dei
3112 1183 3370 1238 virtutem
3421 1197 3529 1252 qua
3576 1199 3675 1238 nos

2109 1257 2352 1321 continet
2370 1276 2425 1322 et
2448 1279 2758 1325 conservat.
2791 1267 3042 1328 Manibus
3069 1288 3199 1327 vero
3237 1273 3506 1328 attollitur
3537 1288 3565 1326 a
3595 1275 3676 1328 la-

2111 1363 2224 1411 tere
2272 1344 2400 1411 dum
2441 1373 2597 1412 sacra
2635 1359 2773 1414 ﬁunt
2807 1376 3007 1431 opera;
3045 1376 3154 1432 quo
3206 1363 3310 1419 alis
3344 1365 3438 1418 ﬁat
3494 1365 3678 1420 cousi-

2111 1446 2238 1500 mile
2258 1455 2479 1517 propter
2498 1449 2910 1519 signiﬁcandam
2934 1453 3230 1523 angelicam
3253 1469 3416 1524 quam
3444 1454 3674 1524 adeptus

2109 1547 2194 1592 est
2219 1530 2578 1606 dignitatem;
2633 1547 2801 1610 atque
2865 1543 3031 1596 etiam
3065 1558 3132 1598 eo
3160 1544 3307 1613 quod
3355 1545 3461 1599 ista
3491 1545 3674 1598 eleva-

2113 1628 2260 1706 tione
2292 1644 2487 1686 manus
2534 1631 2708 1701 ipsius
2760 1645 3086 1702 apparentes
3123 1637 3462 1705 operationis
3496 1638 3672 1692 virtu-

2116 1728 2222 1775 tem
2254 1720 2558 1787 declarant,
2601 1730 2656 1778 et
2683 1722 2951 1779 interuam
2986 1727 3080 1781 Dei
3135 1728 3572 1798 cooperationem
3623 1729 3678 1783 iu

2112 1810 2178 1864 iis
2199 1825 2321 1881 quae
2350 1811 2607 1868 sacerdos
2637 1821 2920 1884 operatur.
2982 1817 3220 1873 Primum
3252 1819 3419 1889 igitur
3461 1822 3680 1890 episco-

2114 1916 2216 1971 pus
2245 1902 2392 1958 hunc
2423 1904 2703 1959 renuntiat
2742 1912 2798 1959 et
2838 1905 3194 1974 depraedicat,
3226 1925 3348 1964 cum
3398 1909 3677 1966 horarium

2111 1995 2330 2066 accipit,
2355 2003 2408 2051 et
2431 2008 2497 2050 ex
2552 1997 2860 2068 posteriore
2886 2008 3041 2069 parte
3095 1999 3305 2058 sinistri
3368 2004 3579 2060 humeri
3623 2006 3679 2060 in

2111 2088 2394 2143 dexteram
2434 2089 2686 2159 imponit,
2716 2090 2934 2148 duabus
2994 2095 3240 2161 partibus
3273 2097 3514 2152 anterius
3547 2115 3681 2167 peu-

2111 2179 2390 2247 dentibus,
2422 2181 2569 2252 quod
2615 2191 2744 2240 tunc
2789 2195 2874 2239 est
2929 2185 3230 2255 perfectura
3270 2189 3681 2260 ὲπιτρσχήλιου,

2113 2273 2508 2342 supercollare,
2537 2282 2592 2329 et
2619 2273 2692 2330 ita
2723 2286 2974 2332 vocatur.
3006 2274 3211 2334 Iudicat
3238 2288 3419 2335 autem
3449 2283 3677 2350 gratiam

2113 2362 2349 2432 desuper
2394 2379 2424 2417 a
2465 2365 2643 2433 capite
2668 2365 3111 2434 descendentem,
3141 2379 3202 2424 ut
3251 2370 3430 2440 inquit
3487 2371 3678 2434 David,

2111 2453 2263 2508 velut
2305 2462 2645 2524 unguentum
2677 2470 2838 2525 super
2875 2467 3036 2524 caput
3071 2458 3407 2515 descendens
3438 2461 3504 2514 ad
3559 2463 3680 2515 ﬁm-

2114 2543 2289 2598 briam
2352 2543 2686 2609 vestimenti,
2737 2555 2795 2600 et
2840 2546 3046 2601 bonum
3106 2549 3404 2604 sacerdotii
3473 2551 3678 2605 Christi

2111 2633 2339 2704 jugum;
2379 2643 2454 2698 et,
2495 2641 2556 2688 ut
2592 2635 2785 2689 dicunt
2806 2636 3051 2705 quidam,
3091 2646 3149 2692 ut
3200 2638 3683 2710 signiticetureum

2115 2732 2418 2794 gestantem
2447 2724 2695 2781 humeris
2743 2740 2964 2782 crucem
3019 2727 3088 2782 ad
3138 2729 3452 2800 passionem
3513 2733 3680 2798 trahi,

2114 2831 2238 2872 cum
2273 2816 2391 2885 ipse
2441 2817 2703 2873 sacerdos
2761 2818 3035 2888 passionis
3089 2821 3348 2891 mysteria
3404 2832 3680 2891 operetur.

2118 2906 2346 2962 Horario
2369 2907 2536 2977 igitur
2556 2921 2678 2962 eum
2702 2907 2936 2965 induens
2954 2911 3233 2977 sacerdos,
3254 2913 3350 2977 ait,
3377 2931 3394 2965 ι
3421 2913 3674 2984 Dignus.»

2118 2997 2184 3051 Et
2205 2997 2532 3067 phamolion,
2561 3005 2620 3052 ut
2647 2997 2907 3066 diximus,
2938 3000 3039 3071 ipsi
3072 3002 3354 3071 imponens
3383 3006 3517 3060 dicit
3549 3022 3685 3076 quo-

441 3096 606 3148 αὑτὸν
635 3094 804 3160 ’ἄξιον
833 3097 927 3148 καὶ
957 3094 1051 3147 ἐπὶ
1080 3095 1249 3149 πᾶσιν
1292 3095 1572 3165 ὁμολογῶν
1599 3135 1614 3158 ,
1673 3100 1769 3152 καὶ
1811 3097 1896 3150 ὅτι
1935 3098 2011 3162 ὠς

2119 3105 2266 3160 que:
2298 3107 2318 3142 ι
2344 3090 2570 3161 Dignus.
2602 3108 2623 3142 ι
2653 3091 2820 3162 Optat
2846 3108 2970 3147 eum
3004 3107 3126 3148 esse
3146 3095 3393 3164 dignum,
3419 3106 3472 3150 et
3494 3113 3678 3152 coram

440 3187 589 3252 ἄξιος
638 3187 855 3242 ἐλαϐεν.
901 3186 992 3241 Ἐν
1030 3181 1113 3250 οἷς
1150 3189 1247 3240 καὶ
1302 3188 1699 3243 ταπεινοῦσθαι
1757 3190 1864 3260 χρὴ
1918 3193 2012 3244 τὸν

440 3281 795 3352 λαμϐάνοντα
817 3295 832 3311 °
863 3280 948 3343 τίς
969 3281 1078 3351 γὰρ
1105 3280 1289 3346 ἁξιοςς
1323 3280 1497 3334 Τοῦτο
1529 3281 1634 3352 γὰρ
1665 3282 1762 3334 καὶ
1788 3283 1838 3334 oi
1859 3282 2010 3347 ἐντὸς

440 3373 708 3444 ψάλλουσι
740 3370 835 3424 τοῦ
867 3372 1117 3441 βήματος
1146 3371 1243 3424 καὶ
1288 3371 1471 3437 ἐκτὸς,
1507 3373 1598 3425 τὸν
1629 3373 1894 3443 ἀρχιερέα
1926 3389 2014 3443 μι-

444 3463 733 3534 μούμενοι.
761 3456 896 3515 Εἶτα
922 3462 1294 3532 προτρέπεται
1330 3463 1431 3533 τὴν
1464 3462 1624 3534 ίερὰν
1660 3462 2012 3516 ἀσπάσασθαι

441 3549 725 3620 τράπεζαν
767 3547 844 3614 ὡς
889 3549 1074 3621 πλήρη
1119 3549 1364 3620 χάριτος,
1399 3553 1493 3604 καὶ
1517 3551 1593 3615 ὡς
1620 3553 1680 3604 ἐν
1714 3552 1849 3624 αὐτῇ
1881 3554 2014 3607 καθα

442 3642 766 3712 αγιασθείς’
826 3638 945 3696 εἷτα
999 3644 1098 3712 τὴν
1148 3643 1543 3713 ἀρχιερατικὴν
1587 3642 1791 3710 δεξιὰν,
1820 3645 1897 3708 ὡς
1943 3643 2012 3698 δι’

442 3733 612 3803 αὐτῆς
640 3733 1040 3804 χειροτονηθείς
1066 3750 1082 3766 ο
1107 3735 1202 3788 καὶ
1227 3733 1309 3788 ἔτι
1346 3734 1446 3806 τὴν
1474 3734 1713 3805 παρειὰν
1733 3775 1750 3801 ,
1777 3735 1868 3790 διὰ
1913 3737 2012 3807 τὴν

442 3825 598 3878 θείαν
627 3825 848 3894 ἀγάπην
877 3841 937 3878 τε
989 3826 1085 3879 καὶ
1112 3826 1340 3896 εἰρήνην
1363 3866 1380 3893 ,
1438 3829 1534 3881 καὶ
1584 3830 1668 3882 ὅτι
1705 3827 1938 3901 δργανον
1975 3831 2010 3899 ἡ

439 3916 648 3981 παρειὰ
676 3915 785 3968 τῶν
824 3914 1001 3985 εὐχῶν
1029 3930 1043 3945 ⁶
1082 3917 1177 3970 καὶ
1203 3917 1288 3970 ὅτι
1319 3917 1551 3987 ἀγαπῶν
1583 3918 1681 3972 καὶ
1729 3920 2012 3990 ἀγαπητὸς

441 4005 541 4058 καὶ
573 4006 602 4057 6
632 4005 802 4060 τελῶν
832 4009 929 4059 καὶ
954 4009 982 4060 6
1005 4006 1351 4076 τελούμενος.
1379 4009 1479 4062 Διά
1507 4007 1669 4062 τοῦτο
1691 4010 1788 4063 καὶ
1810 4011 2013 4073 πάντες

439 4097 810 4167 πρεσϐύτεροι
833 4099 1117 4169 χαίροντες
1150 4097 1488 4162 ἀσπάζονται
1531 4097 1726 4152 τοῦτον
1766 4099 1841 4161 ὡς
1884 4101 2015 4168 6pc-

437 4191 586 4259 ταγῆ
612 4193 900 4259 γεγονότα,
928 4189 1023 4244 καὶ
1049 4191 1111 4243 τὸ
1139 4189 1240 4260 τῆς
1271 4189 1497 4258 ἀγάπης
1524 4190 1622 4242 καὶ
1643 4187 1744 4259 τῆς
1763 4188 2015 4252 ἐνώσεως

437 4284 854 4337 ἐπιδείκνυνται
881 4301 896 4315 ·
932 4285 1028 4337 καὶ
1057 4281 1224 4343 εὐθὺς
1262 4281 1480 4334 ἵσταται
1511 4281 1928 4348 ἐπικλινόμενος
1954 4281 2016 4333 ἐκ

438 4374 676 4442 πλαγίου
703 4377 772 4446 τῇ
802 4374 1080 4446 τραπέζῃ,
1133 4373 1256 4426 καθ’
1309 4371 1503 4424 ἐαυτὸν
1547 4371 1862 4440 εὐχόμενος,
1907 4371 2016 4434 ἓως

2114 3184 2371 3239 omnibus
2398 3183 2619 3251 fatetur,
2649 3193 2704 3241 et
2727 3185 2875 3240 velut
2907 3185 3132 3257 dignum
3170 3190 3445 3259 accepisse
3502 3191 3681 3261 digni-

2115 3283 2300 3331 tatem.
2330 3275 2447 3341 Qua
2477 3277 2530 3330 in
2562 3291 2622 3332 re
2641 3279 2949 3333 modestmn
2981 3293 3104 3335 esse
3129 3288 3186 3335 et
3227 3280 3491 3337 humilem
3519 3299 3682 3353 opor-

2115 3375 2191 3422 tet
2210 3367 2591 3436 accipientem.
2626 3365 2761 3433 Quis
2784 3368 2929 3422 enim
2957 3368 3156 3440 dignus
3177 3371 3200 3425 l
3225 3371 3341 3427 Hoc
3379 3372 3522 3427 idem
3553 3390 3686 3428 can-

2115 3465 2236 3512 tant
2270 3459 2360 3527 qui
2399 3467 2529 3513 sunt
2559 3458 2701 3512 intra
2739 3465 2793 3514 et
2837 3468 2992 3515 extra
3014 3463 3435 3528 tsanctuarium,
3469 3465 3684 3534 episco-

2118 3563 2246 3622 pum
2277 3550 2578 3605 imitantes.
2599 3549 2803 3605 Deinde
2820 3550 3147 3608 admonetur
3168 3553 3406 3608 osculari
3433 3562 3680 3609 sanctam

2117 3655 2384 3705 mensam,
2412 3650 2475 3694 ut
2504 3641 2692 3710 gratiae
2711 3641 2945 3711 plenam,
2966 3650 3132 3712 atque
3164 3653 3222 3698 ut
3248 3644 3302 3699 in
3329 3645 3446 3714 ipsa
3475 3647 3683 3700 sancti-

2117 3730 2315 3786 llczitus
2350 3745 2364 3783 :
2401 3739 2586 3801 postea
2613 3733 2978 3801 episcopalem
3015 3735 3319 3801 dexteram,
3353 3741 3413 3789 ut
3439 3751 3535 3805 per
3557 3751 3677 3814 eam

2116 3823 2426 3889 ordinatus,
2463 3832 2516 3877 et
2541 3823 2762 3894 insuper
2791 3838 2958 3893 genas
3001 3836 3222 3895 propter
3254 3826 3496 3881 divinam
3552 3830 3686 3884 cha-

2118 3914 2338 3970 ritatem
2382 3924 2438 3969 et
2487 3928 2698 3983 pacem,
2735 3921 2788 3970 et
2832 3928 2900 3970 eo
2944 3917 3088 3988 quod
3136 3931 3288 3988 genae
3316 3931 3539 3988 precum
3571 3919 3685 3976 sint

2116 4020 2386 4076 organon,
2405 4014 2460 4060 et
2490 4006 2748 4077 quoniam
2772 4016 2920 4062 amat
2963 4017 3017 4063 et
3047 4018 3282 4076 amatur,
3322 4022 3607 4066 consecrat
3632 4024 3686 4066 et

2117 4107 2488 4154 consecratur.
2522 4098 2756 4171 Propter
2785 4101 2889 4156 hoc
2923 4114 3114 4157 omnes
3140 4102 3439 4172 presbyteri
3493 4103 3684 4160 lactan-

2117 4196 2202 4244 tes
2225 4204 2346 4243 eum
2384 4197 2444 4244 ut
2477 4191 2741 4259 aequalem
2769 4199 2824 4245 et
2853 4191 3099 4262 ejusdem
3117 4192 3326 4248 ordinis
3349 4192 3553 4248 factum
3592 4211 3685 4250 sa-

2119 4279 2321 4343 lutant,
2353 4279 2542 4349 illique
2567 4281 2952 4336 demonstrant
3010 4280 3297 4338 charitatis
3350 4290 3404 4339 et
3463 4284 3686 4339 unionis

2119 4371 2420 4427 vinculum.
2453 4371 2549 4426 His
2577 4374 2814 4442 peractis
2844 4372 2990 4428 illico
3019 4381 3173 4428 stata
3193 4376 3365 4430 latere
3387 4375 3685 4431 inclinatus

438 4469 587 4537 ἀρθῇ
618 4466 681 4518 τὺ
720 4464 1147 4534 καταπέτασμα,
1180 4462 1276 4516 καὶ
1329 4464 1358 4515 6
1391 4461 1532 4526 θεῖος
1576 4463 1806 4532 γένηται
1838 4463 2014 4543 ἁχσπα⁴

2121 4477 2344 4528 mensae,
2368 4472 2421 4519 et
2451 4463 2503 4518 in
2539 4463 2720 4534 seipso
2770 4473 2895 4520 orat
2916 4465 3088 4520 donec
3145 4465 3369 4521 tollatur
3399 4467 3598 4534 velum,
3634 4481 3689 4524 et

442 4562 607 4626 σμός.
639 4556 779 4611 Τότε
815 4558 926 4628 γὰρ
963 4555 1119 4618 αὖθις
1152 4555 1262 4625 πρὸ
1287 4555 1400 4608 τῶν
1426 4554 1605 4608 ἄλλων
1625 4553 2018 4624 πρεσϐυτέρων

439 4653 768 4720 ἐρχόμενος.
804 4649 950 4701 ποιεῖ
980 4647 1051 4701 τὰ
1076 4646 1170 4700 τοῦ
1197 4645 1518 4716 ἀσπασμοῦ.
1545 4647 1650 4698 Καὶ
1681 4645 1841 4699 πάλιν
1865 4645 2019 4698 ἵστα-

437 4759 534 4794 ται
566 4739 992 4809 ὑποκλινόμενος
1035 4741 1103 4809 τῇ
1139 4737 1262 4810 θείᾳ.
1309 4735 1582 4810 τραπέζῃ,
1645 4737 1742 4790 καὶ
1793 4736 1889 4792 τὸν
1918 4735 2016 4790 τοῦ

441 4829 588 4886 Θεοῦ
623 4827 1030 4900 ἐκκαλούμενος
1071 4829 1243 4881 ἐλεον.

1004 4942 1256 4997 ΚΕΦΛΛ.
1291 4941 1467 4998 ΡΠΒ’.
1509 4983 1522 4989 -

442 5037 643 5100 Ὅπως
678 5037 712 5090 ὁ
766 5039 922 5100 θειος
960 5033 1139 5102 ἄρτος
1162 5033 1252 5104 ,τῷ
1305 5035 1816 5103 χειροτονουμένη)
1880 5034 2022 5104 ἱερεῖ

584 5105 1053 5174 παρακαταθήκη
1079 5103 1330 5158 δίδοται.
1360 5105 1429 5156 ‘0
1463 5104 1562 5157 καί
1591 5106 1876 5174 φρικτόν.

534 5198 732 5252 Ἦνίκα
764 5198 823 5250 δὲ
862 5198 892 5250 6
934 5198 1224 5268 ἀρχιερεὺς
1252 5195 1533 5266 σφραγίσῃ
1580 5195 1674 5248 καὶ
1712 5196 1909 5268 τελέσῃ
1953 5193 2025 5250 τὰ

445 5291 605 5361 δῶρα
635 5295 702 5362 τῇ
752 5289 1042 5360 ἐπικλήσει
1090 5287 1185 5341 τοῦ
1236 5287 1383 5341 θείου
1419 5287 1757 5358 Πνεύματος,
1791 5289 1916 5347 τότε
1957 5288 2023 5359 δὴ

448 5384 853 5453 προσκαλείται
884 5381 1044 5435 πάλιν
1072 5381 1101 5433 6
1137 5379 1565 5451 χειροτονηθείς.
1600 5380 1710 5433 Καὶ
1729 5378 1912 5432 λαϐὼν
1934 5379 2026 5432 τὸν

447 5476 710 5545 δεύτερον
745 5475 1077 5544 ἡγιασμένον
1095 5473 1300 5526 τέλειον
1325 5473 1494 5543 ἄρτον
1529 5476 1599 5543 τῇ
1625 5472 1820 5544 δεξιᾷό
1843 5474 2027 5543 ἀρχιει

451 5568 610 5640 ρεὺς,
640 5567 826 5621 δίδωσι
855 5565 1045 5620 τοῦτον
1074 5565 1153 5635 τῷ
1189 5565 1646 5634 χειροτονηθέντι,
1696 5567 1795 5627 τὰς
1847 5566 2029 5619 παλά-

453 5676 569 5720 μας
595 5658 956 5724 σταυροειδῶς
981 5655 1319 5711 ἐκτυποῦντι
1351 5657 1431 5721 είς
1479 5657 1579 5727 τὴν
1600 5655 1693 5710 τοῦ
1730 5655 1875 5709 θείου
1927 5655 2032 5711 πάι

452 5727 586 5815 Doug
638 5752 865 5816 ἔνδειξιν
889 5768 904 5783 ⁸
956 5753 1051 5806 καὶ⁵
1082 5751 1164 5803 ὅτι
1194 5750 1292 5814 τὰς
1330 5751 1585 5821 παλάμας
1618 5749 1830 5820 ἐτρώθη
1883 5750 2025 5819 ὑπὲρ

2121 4550 2303 4606 divina
2361 4552 2454 4606 ﬂat
2500 4553 2778 4609 salutatio.
2845 4555 2984 4609 Tum
3038 4555 3185 4610 enim
3239 4556 3682 4628 presbyterorum

2121 4639 2335 4710 primus
2387 4644 2558 4709 venit,
2606 4652 2660 4699 et
2711 4659 2832 4714 qua:
2878 4655 3007 4700 sunt
3057 4647 3405 4702 salutationis
3455 4650 3688 4718 peragit,

2120 4733 2434 4806 iterumque
2482 4745 2592 4792 stat
2637 4737 2836 4792 divina
2873 4753 3075 4794 mensa:
3106 4740 3429 4806 inclinatus,
3486 4752 3538 4796 et
3589 4741 3686 4795 Dei

2121 4825 2554 4882 misericordiam
2589 4827 2875 4886 invocans.

2649 4938 2878 4998 CAPUT
2955 4939 3262 5000 CLXXXII.

2125 5030 2245 5096 Qua
2277 5031 2484 5085 ratione
2512 5032 2722 5087 divinus
2775 5036 2930 5105 panis
2973 5038 3226 5091 tremendi
3259 5039 3482 5108 depositi
3514 5040 3689 5094 instar

2505 5108 2667 5157 datur
2699 5110 2946 5160 ordinato
2985 5110 3306 5177 presbytero.

2195 5193 2333 5249 Cum
2370 5201 2552 5250 autem
2583 5198 2874 5268 episcopus
2896 5199 3217 5268 signaverit,
3249 5209 3303 5253 et
3334 5213 3689 5254 consumma-

2128 5287 2268 5339 verit
2294 5284 2438 5340 dona
2475 5287 2825 5343 invocatione
2853 5289 3026 5343 divini
3063 5289 3343 5359 Spiritus;
3378 5297 3505 5343 tunc
3530 5288 3695 5344 advo-

2128 5385 2282 5431 catur
2350 5378 2546 5432 iterum
2595 5380 2906 5444 ordinatus,
2955 5386 3011 5434 et
3057 5381 3350 5448 episcOpus
3421 5379 3696 5447 accipiens

2131 5470 2353 5524 dextera
2394 5485 2557 5525 manu
2585 5472 2884 5526 secundum
2912 5486 3108 5542 panem
3141 5471 3410 5541 integrum
3445 5471 3695 5527 sanctiﬁ-

2131 5574 2310 5616 catum
2347 5563 2398 5616 ei
2428 5562 2615 5628 tradit,
2644 5564 2852 5633 palmas
2885 5564 2938 5617 iu
2997 5563 3215 5617 modum
3241 5563 3424 5616 crucis
3473 5577 3695 5631 compu-

2134 5655 2284 5708 nenti
2321 5655 2373 5708 in
2403 5655 2600 5708 divina:
2621 5653 2897 5722 passionis
2935 5653 3486 5721 demonstrationem,
3533 5661 3696 5722 atque

2138 5749 2299 5804 etiam
2325 5765 2388 5806 eo
2417 5748 2562 5818 quod
2590 5747 2644 5802 iu
2683 5747 2877 5819 palmis
2903 5747 3221 5804 vulneratus
3249 5755 3334 5803 est
3379 5761 3478 5817 pro
3531 5749 3692 5801 nob.s
