4090 6258
416 256 524 321 391

1198 256 1495 323 SYMEON
1503 257 1577 317 IS
1613 234 2060 317 THE‘SSALON
2072 253 2369 315 [CENSIS
2412 253 2764 315 ARCHIEP.

3559 244 3667 309 392

410 371 730 436 crucifixus,
759 372 812 425 ei
848 368 939 439 qui
977 369 1107 425 dicit
1139 384 1153 420 :
1204 388 1222 420 ι
1259 369 1465 440 Accipe
1519 369 1625 424 hoc
1653 368 1987 439 depositum,

2086 372 2248 440 ἡμῶν
2275 373 2304 424 ὁ
2338 370 2699 437 σταυρωθείς.
2740 368 2850 421 Καί
2886 380 3043 439 φησι,
3083 385 3102 419 ι
3136 366 3286 421 Λάϐε
3327 364 3535 435 ταύτην
3563 364 3668 434 τὴν

407 461 659 531 illudque
681 460 897 516 custodi
936 461 1003 515 ad
1036 462 1329 515 adventum
1372 459 1614 525 Domini,
1639 474 1766 514 cum
1797 458 1930 513 illud
1955 475 1987 513 ιι

415 566 469 607 te
502 552 867 622 requisiturus
895 559 1000 608 est.
1031 570 1051 604 ι
1097 551 1203 607 Res
1232 550 1349 606 haec
1394 559 1631 607 tremore
1655 557 1710 604 et
1764 549 1991 606 horrore

410 642 635 695 omnino
662 642 822 710 plena
853 651 958 696 est.
988 640 1240 696 Ostendit
1276 640 1427 695 enim
1456 653 1579 694 cum
1605 639 1989 710 mysteriorum

414 730 508 786 Dei
530 746 877 787 oeconomum
918 731 1146 795 factum,
1180 744 1348 800 seque
1375 728 1803 786 sacrificandum
1831 742 1993 783 acce-

412 825 559 895 pisse
575 822 761 878 Jesum
805 824 983 892 ipsum
1009 838 1204 894 panem
1237 822 1528 886 viventem,
1555 826 1612 875 et
1647 834 1756 874 non
1779 817 1945 874 alium
1972 837 1987 887 ;

414 918 701 984 ipsumque
731 924 786 968 et
829 913 971 969 illius
1019 911 1393 967 sacerdotium
1425 919 1485 963 ut
1530 900 1839 979 deposiium
1889 908 1990 977 ipsi

413 1004 683 1059 creditum
723 1019 866 1067 esse,
899 1018 1073 1072 caque
1105 1003 1280 1058 teneri
1317 1014 1576 1067 servare;
1615 998 1991 1054 sacerdotium

413 1097 685 1158 videlicet,
717 1105 774 1150 et
805 1110 1019 1150 sacram
1043 1095 1321 1149 actionem
1346 1091 1719 1155 immaculata,
1753 1104 1819 1147 eo
1845 1091 1991 1159 quod

414 1190 676 1245 Dominus
710 1188 975 1243 rationem
1011 1182 1513 1241 administrationis
1553 1182 1786 1238 istorum
1818 1180 1887 1236 ab
1920 1196 1991 1236 eo

413 1283 673 1352 requiret.

901 1389 1128 1447 CAPUT
1189 1385 1525 1443 CLXXXIII.

486 1485 639 1552 Quod
668 1483 886 1555 periculi
912 1482 1123 1551 plenum
1153 1490 1229 1601 elst
1265 1495 1435 1533 sacra:
1479 1458 1655 1534 missa:
1695 1477 1921 1545 ofﬁciunt

1066 1566 1163 1601 nea
1192 1564 1352 1601 mere.

1066 1564 1352 1620 negligere.

480 1643 583 1702 Ubi
621 1659 770 1700 nunc
805 1653 936 1699 sunt
989 1643 1086 1712 qui
1157 1639 1456 1698 sacerdotii
1510 1639 1687 1711 gratia
1744 1645 1986 1706 accepta,

2033 466 2045 474 ‘
2073 459 2593 529 παρακαταθήκην,
2632 462 2730 513 καὶ
2762 457 2999 528 φύλαξον
3043 458 3378 534 αύτὴνᾶχρι
3413 457 3514 526 τῆς
3565 473 3671 510 πα-

2094 551 2322 621 ρουσίας
2353 550 2449 603 τοῦ
2485 549 2718 622 Κυρίου,
2747 550 2838 604 ὅτε
2875 547 3009 620 παρ’
3056 546 3222 602 αὐτοῦ
3255 545 3470 618 μέλλεις
3497 549 3674 600 άπαιο

2090 641 2302 695 τεὶσθαι
2338 641 2533 712 αὐτήν.
2566 645 2608 699 ἲ»
2673 639 2843 694 Τοῦτο
2904 639 3108 709 φρίκης
3164 640 3386 708 ἁπάσης
3447 637 3669 707 μεστόν.

2091 733 2343 786 Δείκνυσι
2379 734 2512 805 γὰρ,
2557 735 2635 796 ὼς
2664 733 2952 802 οἰκονόμος
2986 732 3098 786 τῶν
3134 730 3230 784 τοῦ
3274 729 3413 784 Θεοῦ
3456 747 3671 801 μυστη-

2094 824 2228 894 ρίων
2257 824 2492 893 γίνεται,
2534 824 2629 877 καὶ
2664 824 2767 877 οὐκ
2791 824 2973 889 ἄλλον,
3018 822 3157 876 ἀλλὰ
3189 823 3282 876 τὸν
3331 822 3543 894 Ἰησοῦν
3573 827 3666 876 τὸν

2091 914 2277 979 ζῶντα
2313 916 2481 985 ἄρτον
2529 914 2803 985 λαμϐάνει
2840 915 3177 985 ἱερουργεῖν,
3229 913 3325 966 καὶ
3356 913 3454 982 τὴν
3504 914 3668 982 ἱερωι

2095 1005 2264 1075 σύνην
2291 1005 2459 1059 αὐτοῦ
2490 1005 2584 1059 καὶ
2617 1003 2782 1057 αὐτὸν
2808 1004 2885 1067 ὼς
2910 1001 3385 1073 παρακαταθήκην
3413 1001 3672 1054 πιστεύε-

2091 1116 2182 1153 ται
2207 1116 2222 1131 ’
2260 1098 2355 1154 καὶ
2387 1099 2597 1168 ὀφείλει
2635 1100 2823 1168 τηρεῖν
2873 1097 3067 1165 ταῦτα,
3102 1095 3200 1165 τὴν
3258 1095 3562 1164 ἱερωσύνην
3610 1112 3669 1147 τε

2096 1193 2191 1244 καὶ
2247 1191 2440 1244 ἑαυτὸν
2489 1188 2770 1259 ἀμώμητα
2795 1204 2810 1219 ’
2863 1189 2946 1242 ὅτι
2977 1188 3074 1242 καὶ
3125 1189 3258 1256 παρ’
3294 1184 3461 1242 αὐτοῦ
3494 1186 3669 1240 ταῦτα

2090 1280 2568 1351 ἀπαιτηθήσονται
2597 1278 2694 1332 τοῦ
2730 1279 2965 1348 Κυρίου.

2633 1389 2886 1442 ΚΕΦΛΛ.
2925 1385 3096 1442 ΡΠΓ.

2164 1482 2286 1535 Ὀτι
2313 1481 2709 1536 ἐπικίνδυνον
2735 1479 2801 1534 τὸ
2823 1478 3077 1548 ἀμελεῖν
3100 1478 3210 1548 τῆς
3237 1479 3593 1549 ἱερουργίας.

2163 1638 2275 1693 Ποῦ
2308 1639 2416 1708 ἄρα
2458 1640 2597 1693 εἱσὶν
2627 1638 2754 1710 ἄρτι
2796 1639 2846 1694 οἱ
2879 1638 2978 1708 τὴν
3007 1637 3174 1708 χάριν
3220 1639 3323 1708 τῆς
3355 1636 3663 1709 ἱερωσύνης

409 1728 587 1794 officia
616 1736 984 1794 sacerdotalia
1016 1735 1350 1805 quibusdam
1401 1730 1796 1787 occasionibus
1868 1729 1984 1799 pie-

2091 1732 2370 1796 λαϐόντες,
2409 1732 2504 1785 καὶ
2535 1734 2632 1787 ἐπὶ
2680 1731 2991 1801 προφάσεσι
3029 1744 3166 1795 τισι,
3200 1732 3293 1784 καὶ
3320 1733 3386 1800 τῇ
3431 1731 3663 1803 δοκούσῃ

410 1833 539 1886 tatis
606 1829 843 1898 speciem
877 1836 933 1881 et
989 1825 1329 1897 opinionem,
1371 1837 1559 1879 revera
1610 1832 1791 1876 autem
1849 1817 1987 1874 nihil

2086 1823 2216 1894 μὲν,
2249 1824 2324 1893 μὴ
2374 1823 2510 1895 οὔσῃ
2540 1824 2596 1876 δὲ
2631 1823 2914 1894 εὐλαϐείᾳ,
2943 1823 3118 1893 οίήσει
3142 1821 3199 1876 δὲ
3235 1823 3436 1893 μᾶλλον
3461 1825 3660 1887 εἰπεῖν,

411 1920 629 1993 pietatis
660 1912 988 1974 habentibus
1043 1916 1351 1986 negligunt,
1404 1922 1459 1968 et
1512 1913 1711 1982 supine
1761 1911 1986 1974 habent,

2090 1917 2201 1969 τῶν
2232 1916 2332 1982 τῆς
2369 1914 2675 1986 ἱερωσύνης
2700 1913 3145 1985 καταμελοῦντες
3175 1914 3270 1966 καὶ
3299 1915 3487 1984 ἀργῶς
3516 1916 3662 1985 Excu-

411 2012 806 2067 semeltantum
857 2009 1025 2078 idque
1077 2006 1449 2077 perfunctorie
1491 2019 1555 2060 ea
1604 2004 1990 2075 contingentes

2089 2026 2206 2074 τες,
2252 2008 2399 2075 ἅπαξ
2430 2008 2487 2062 δὲ
2521 2009 2683 2078 μόνον
2714 2003 2827 2062 οἷον
2857 2007 3177 2078 ἁπτόμενοι,
3211 2010 3308 2061 καὶ
3335 2010 3410 2071 ὡς
3438 2010 3497 2062 ἐν
3529 2027 3663 2079 παρα

410 2114 465 2173 ᾳ
492 2101 851 2159 exercentes?
885 2099 1210 2170 Ilujusmodi
1242 2099 1513 2153 rationem
1543 2096 1769 2152 incuriae
1796 2108 1990 2166 postu—

2091 2099 2241 2169 ἐργῳ
2263 2098 2580 2166 ποιοΰντεςς
2610 2093 2772 2154 Οὗτοι
2792 2098 2886 2153 τὸν
2910 2099 3069 2167 λόγον
3092 2102 3194 2169 τῆς
3215 2098 3476 2168 ἀμελείας
3498 2101 3637 2154 una:
3652 2133 3663 2141 -

413 2198 695 2259 labuntur,
723 2193 985 2262 quidnam
1040 2190 1207 2245 fuerit
1254 2192 1401 2259 quod
1435 2202 1533 2243 eos
1568 2188 1637 2243 ab
1676 2186 1987 2242 exercendo

2090 2189 2440 2261 τηθήσονται,
2476 2192 2527 2244 εί
2563 2192 2636 2262 μή
2669 2207 2776 2244 που
2805 2191 2868 2245 τὸ
2897 2191 3109 2244 κωλύον
3143 2193 3260 2245 ἔστί
3287 2208 3340 2244 τι
3365 2208 3380 2223 ·
3407 2193 3529 2246 τότε
3555 2192 3663 2262 γάρ

412 2301 642 2342 munere
673 2283 1036 2352 prohibuerit.
1067 2280 1206 2335 Tum
1230 2281 1377 2335 enim
1410 2268 1789 2347 penitentiam
1825 2293 1988 2349 agen-

414 2392 493 2432 tes
545 2392 576 2430 a
637 2374 932 2431 sacerdotii
988 2373 1253 2429 exercitio
1313 2370 1533 2441 penitus
1576 2384 1986 2426 removeantur.

409 2468 664 2536 Quandiu
705 2476 888 2522 autem
922 2464 1299 2521 sacerdotium
1321 2464 1544 2527 retines,
1576 2470 1631 2517 ct
1661 2475 1768 2516 non
1799 2460 1987 2531 prohi-

413 2563 581 2627 beris,
612 2561 764 2631 operi
792 2573 953 2615 sacro
1002 2566 1272 2628 quantum
1334 2554 1542 2610 homini
1606 2554 1725 2609 fieri
1785 2553 1987 2624 poterit

412 2657 630 2712 insiste.
672 2654 770 2709 Est
791 2652 940 2708 enim
963 2665 1099 2721 opus
1126 2648 1258 2705 illud
1280 2646 1472 2703 mundi
1501 2645 1654 2702 salus
1679 2653 1733 2701 et
1762 2660 1987 2724 conscr-

370 2786 395 2795 ,
414 2737 586 2799 vatio.

484 2833 779 2901 Postquam
815 2827 984 2899 igitur
1009 2825 1255 2898 episcopi
1291 2839 1512 2881 manum
1543 2825 1825 2882 osculatus
1877 2835 1982 2890 est,

409 2934 467 2980 et
522 2937 647 2979 cum
703 2920 887 2978 cordis
941 2919 1274 2974 contritione
1326 2924 1724 2990 egressus‘est,
1784 2918 1984 2988 defert,

412 3017 582 3072 elatas
606 3029 801 3069 manus
826 3012 1057 3078 habens,
1086 3024 1308 3067 sacrum
1364 3025 1563 3080 panem
1593 3011 1662 3067 ad
1709 3027 1980 3079 mensam,

2090 2282 2200 2336 τῶν
2230 2285 2328 2352 τῆς
2361 2282 2666 2352 ἱερωσύνης
2702 2282 2931 2335 καθόλου
2967 2280 3360 2351 μετανοοῦντες
3416 2284 3663 2353 άποστήτ

2090 2391 2295 2429 τωσαν.
2343 2373 2460 2442 Ἐφ’
2495 2375 2618 2429 ὅσον
2647 2375 2704 2428 δὲ
2735 2375 2934 2445 ἀντέχῃ
2965 2374 3208 2444 ταύτης,
3236 2377 3331 2427 καὶ
3360 2377 3421 2428 οὐ
3460 2376 3662 2429 κωλύει

2088 2464 2165 2527 ὼς
2202 2464 2430 2519 δυνατὸν
2487 2464 2763 2536 ἀνθρώπῳ
2821 2465 2974 2534 παρά
3002 2482 3152 2528 τινος
3198 2464 3294 2518 τοῦ
3329 2467 3656 2536 ἱερουργεῖν,

2092 2555 2221 2626 ἔχου
2252 2556 2349 2610 τοῦ
2383 2556 2571 2627 ἔργον,
2599 2558 2684 2610 ὅτι
2722 2556 2811 2610 τοῦ
2846 2559 3053 2626 κόσμου
3084 2558 3201 2609 ἐστὶ
3230 2560 3518 2627 σωτήριον.

2172 2824 2593 2894 Ἀσπαπάμενος
2621 2822 2714 2877 οὖν
2757 2823 2858 2895 τὴν
2905 2827 3067 2894 χεῖρα
3095 2824 3190 2878 τοῦ
3245 2824 3524 2895 ἱεράρχου,
3561 2827 3653 2878 καὶ

2093 2918 2234 2986 μετὰ
2263 2915 2558 2986 συντριὸῆς
2586 2915 2860 2979 ἀπελθὼν,
2894 2917 3007 2970 ἄνω
3035 2918 3134 2979 τὰς
3174 2918 3356 2986 χεῖρας
3397 2916 3534 2985 ἔχων
3586 2919 3649 2969 ἐν

2092 3011 2161 3078 τῇ
2192 3006 2444 3078 τραπέζῃ
2470 3008 2561 3061 τὸν
2592 3008 2758 3078 ἄρτον
2811 3007 2993 3081 φόρων
3023 3011 3116 3064 τὸν
3171 3010 3335 3081 ἱερὸν,
3384 3010 3477 3062 καὶ
3530 3014 3648 3075 ταῖς

409 3112 463 3158 ct
489 3104 667 3173 capite
689 3101 939 3157 manibus
983 3100 1334 3156 incumbente
1355 3110 1497 3167 orat,
1553 3102 1877 3157 memoriam
1905 3103 1984 3156 fa-

2090 3100 2277 3170 χερσὶν
2300 3101 2656 3171 ἐπικειμένην
2678 3102 2778 3171 τὴν
2800 3101 3067 3171 κεφαλὴν,
3101 3101 3342 3171 εὔχεται,
3370 3106 3657 3173 μεμνημέ-

409 3196 561 3250 tiens
590 3201 645 3250 et
670 3194 759 3248 sui
793 3193 964 3261 ipsius
986 3202 1043 3246 et
1074 3190 1315 3260 episcopi
1344 3191 1438 3260 qui
1478 3192 1654 3261 ipsum
1688 3192 1984 3258 ordinavit,

409 3276 766 3352 omniumque
801 3282 1133 3337 clericorum
1166 3290 1220 3336 et
1271 3282 1560 3348 Iaicorum,
1620 3283 1987 3354 omnibusque

411 3377 642 3430 salutem
690 3373 989 3442 deposcit:
1038 3371 1341 3426 viventium
1375 3387 1596 3443 quoque
1645 3374 1989 3432 orthodoxe-

412 3483 533 3521 runt
569 3473 621 3522 ct
651 3476 991 3519 mortuorum
1024 3464 1369 3520 recordatur.
1420 3463 1602 3533 Ipsum
1630 3465 1775 3520 enim
1802 3467 1988 3521 Domi-

413 3574 543 3612 num
585 3556 841 3610 manibus
876 3562 1044 3620 tenet,
1109 3554 1340 3626 ejusque
1389 3570 1587 3614 manus
1616 3571 1749 3613 vasa
1803 3567 1981 3625 sunt;

412 3652 532 3717 ipse
576 3647 667 3717 qui
701 3655 916 3702 tenetur
942 3643 1102 3701 Jesus
1148 3646 1424 3712 Christus,
1457 3656 1544 3703 est
1571 3649 1622 3705 ei
1648 3660 1703 3705 et
1732 3650 1987 3706 manibus

409 3756 464 3795 et
495 3739 658 3809 capiti
688 3737 893 3793 unctio.
927 3736 1052 3793 Ideo
1075 3738 1165 3792 hic
1198 3748 1261 3792 ut
1284 3748 1338 3792 et
1366 3737 1423 3792 in
1441 3739 1693 3795 omnibus
1724 3741 1986 3797 innovaut

410 3834 588 3887 Latini
636 3833 987 3902 presbyteros
1055 3844 1187 3885 suos
1251 3829 1407 3900 legali
1482 3845 1634 3885 more
1696 3845 1984 3902 tingentes,

409 3928 554 3994 quod
600 3922 891 3991 Dionysius
924 3935 1032 3976 non
1063 3920 1215 3975 dicit.
1251 3918 1330 3974 Ita
1360 3929 1517 3976 stans
1546 3923 1837 3993 presbyter
1864 3936 1987 3994 post

407 4012 606 4083 capitis
639 4011 1072 4079 inclinationem,
1096 4019 1151 4065 et
1173 4011 1474 4066 orationem
1501 4031 1514 4068 :
1548 4031 1569 4064 ι
1594 4012 1848 4083 Attende,
1874 4014 1984 4071 Do-

409 4105 555 4159 mine
580 4102 982 4171 JesuChriste,
1013 4121 1033 4154 ι
1064 4102 1389 4157 admonetur
1426 4103 1646 4173 iterum,
1678 4116 1731 4162 et
1762 4107 1867 4164 fert
1897 4109 1984 4163 dic

410 4196 589 4254 sinum
627 4210 846 4266 panem,
889 4202 942 4248 et
976 4194 1030 4248 in
1072 4193 1228 4249 disco
1268 4195 1442 4265 ponit,
1480 4212 1606 4252 cum
1634 4199 1706 4254 sit
1739 4201 1985 4255 exaltan-

408 4289 532 4344 dus.
577 4285 714 4342 Tum
749 4289 896 4343 enim
935 4285 1226 4355 episcopus
1290 4287 1536 4343 divinum
1572 4304 1767 4359 panem
1801 4292 1856 4345 in
1889 4292 1980 4346 di-

2091 3207 2179 3254 νος
2206 3191 2301 3245 καὶ
2328 3190 2469 3261 ὑπὲρ
2498 3191 2695 3245 ἑαυτοῦ
2733 3191 2827 3245 καὶ
2861 3191 2957 3245 τοῦ
2988 3195 3467 3263 χειροτονήσαντος
3503 3193 3660 3264 150

2089 3280 2251 3334 αὑτὸν
2284 3282 2567 3353 ἱεράρχου,
2607 3283 2700 3337 καὶ
2736 3283 2957 3337 πάντων
2995 3284 3293 3352 ἱερατικῶν
3320 3302 3380 3338 τε
3413 3286 3507 3338 καὶ
3536 3287 3658 3341 λαῖ-

2089 3372 2201 3426 κῶν
2221 3388 2234 3403 ⁶
2253 3375 2345 3425 καὶ
2370 3373 2468 3440 τὴν
2503 3374 2783 3451 σωτηρίαν
2820 3375 3024 3428 ἅπασιν
3046 3376 3373 3441 ἐξαιτεῐταιο
3404 3379 3497 3430 καὶ
3526 3376 3660 3441 ζών-

2087 3481 2200 3519 των
2227 3465 2527 3534 ὀρθοδόξων
2556 3469 2653 3520 καὶ
2677 3467 2991 3522 τεθνεώτων
3023 3469 3331 3540 μέμνηται*
3354 3471 3518 3525 αὐτὸν
3550 3471 3657 3543 γάρ

2087 3555 2207 3616 ταῖς
2237 3557 2393 3626 χερσὶ
2422 3557 2642 3626 κατέχει
2663 3560 2753 3611 τὸν
2799 3560 3007 3631 Κύριον
3028 3576 3043 3592 ·
3070 3562 3163 3613 καὶ
3196 3562 3253 3613 αἱ
3276 3563 3459 3632 χεῖρες
3482 3563 3651 3616 αὐτοῦ

2091 3642 2235 3715 ὑπὲρ
2262 3645 2334 3699 τά
2381 3647 2502 3716 ἱερά
2528 3648 2636 3700 εἱσι
2677 3646 2847 3718 σκεύη
2875 3662 2891 3679 ο
2926 3652 3023 3701 καὶ
3072 3650 3100 3701 ό
3146 3651 3514 3721 κατεχόμενος
3551 3652 3657 3722 ’1η-

2089 3733 2218 3798 σοῦς
2248 3734 2504 3805 Χριστὸς,
2540 3731 2696 3799 οὗτος
2755 3738 2968 3809 χρίσμα
3005 3735 3156 3809 αὐτῷ
3195 3741 3292 3793 καὶ
3341 3743 3465 3806 ταῖς
3499 3743 3655 3813 χερσὶ

2088 3826 2183 3877 καὶ
2203 3827 2268 3895 τῇ
2298 3828 2536 3897 κεφαλῇ.
2568 3828 2659 3880 Διὸ
2683 3829 2782 3882 καὶ
2804 3824 2904 3882 ὦδε
2926 3830 3001 3887 ὡς
3030 3830 3125 3883 καὶ
3158 3831 3217 3883 ἑν
3244 3832 3380 3884 πᾶσι
3411 3849 3656 3887 καινοτο-

2091 3916 2256 3987 μοῦσι
2302 3917 2546 3986 Λατῖνοι,
2580 3924 2709 3982 τοὺς
2745 3922 2927 3974 αὐτῶν
2978 3921 3387 3992 πρεσϐυτέρους
3418 3925 3658 3994 νομικῶς

2087 4009 2334 4079 χρίοντες
2361 4024 2375 4039 ο
2425 4009 2564 4081 ὅπερ
2598 4011 2660 4064 οὔ
2693 4029 2830 4083 φησι
2877 4015 3176 4077 Διονύσιος.
3210 4012 3373 4068 οὕτω
3416 4015 3474 4068 δὲ
3510 4017 3659 4069 ἱστά-

2090 4117 2270 4168 μενος,
2309 4103 2448 4171 μετὰ
2502 4105 2605 4173 τὴν
2655 4105 3078 4173 κεφαλοκλισίαν
3117 4107 3148 4159 ὁ
3199 4107 3381 4178 ἱερεὺς
3435 4110 3527 4160 καὶ
3559 4109 3656 4175 τὴν

2087 4192 2252 4264 εὐχὴν
2269 4193 2349 4258 τὸ,
2385 4213 2403 4243 ι
2432 4195 2732 4265 Πρόσσχες,
2758 4196 2930 4265 Κύριε
2975 4196 3149 4267 Ἰησοῦ
3173 4198 3399 4269 Χριστὲ,
3428 4216 3448 4251 ι
3484 4216 3653 4269 apo:-

2087 4282 2332 4334 καλεῖται
2396 4283 2595 4337 πάλιν·
2644 4285 2738 4338 καὶ
2778 4287 2935 4355 φέρει
3001 4289 3094 4340 τὸν
3138 4265 3284 4341 θεῖον
3315 4288 3502 4358 ἄρτον,
3560 4289 3654 4342 καὶ

407 4396 500 4436 sco
532 4381 762 4448 positum
825 4379 1020 4444 elevat,
1060 4388 1115 4433 et
1166 4378 1309 4432 hunc
1343 4378 1506 4433 simul
1538 4395 1625 4446 eo,
1658 4379 1844 4451 ,Unum
1900 4394 1985 4439 est

2089 4373 2306 4444 τίθησιν
2337 4377 2498 4452 αύτον
2531 4379 2588 4429 ὲν
2624 4379 2702 4448 τῷ
2746 4380 2938 4449 δίσκῳ,
2965 4380 3088 4432 ἐπεὶ
3121 4381 3308 4450 μέλλει
3362 4381 3647 4450 ύψοῦσθαι.

405 4472 552 4526 enim
591 4468 796 4525 Christi
847 4483 1073 4540 corpus.
1128 4467 1219 4524 Sic
1249 4483 1374 4524 cum
1408 4470 1599 4524 hostia:
1651 4472 1977 4528 divisionem

410 4563 634 4631 peregit,
665 4577 785 4631 qua:
818 4570 1069 4632 spectant
1095 4561 1162 4615 ad
1187 4561 1439 4638 unionem
1482 4562 1651 4632 partis
1689 4563 1809 4633 ejus
1856 4579 1981 4620 cum

406 4654 598 4717 calice,
623 4660 674 4704 ct
701 4666 819 4719 qua:
852 4649 921 4703 ad
951 4650 1394 4705 communionem
1419 4664 1519 4719 pro
1563 4665 1718 4706 more
1743 4652 1980 4721 perficit.

360 4788 376 4817 τ.
409 4745 703 4812 Postquam
735 4743 899 4810 igitur
933 4743 1299 4798 sanctissimis
1353 4742 1632 4812 mysteriis
1675 4745 1983 4798 communi-

410 4836 553 4891 cavit
575 4834 1032 4902 episcopus,antc
1063 4842 1290 4890 caeteros
1343 4835 1691 4905 presbyteros
1719 4837 1867 4890 venit
1885 4851 1982 4891 or-

324 4974 343 4990 .
407 4927 648 4989 dinatus,
686 4925 890 4978 honore
917 4938 1024 4991 prae
1046 4925 1259 4979 caeteris
1287 4925 1509 4979 habitus
1532 4932 1756 4994 propter
1790 4941 1979 4983 recens

408 5026 686 5086 acceptam
718 5015 1051 5086 gratiamtet
1106 5016 1515 5072 uenerationem
1547 5032 1577 5069 a
1617 5016 1807 5072 divino
1854 5015 1981 5088 Spi-

408 5113 513 5166 ritu
543 5108 655 5179 jam
686 5105 907 5162 factam.
950 5105 1277 5176 Undejuxta
1326 5107 1776 5165 consuetudinem
1845 5109 1981 5164 vivi-

406 5202 491 5257 fici
515 5202 673 5274 panis
710 5200 985 5272 particeps
1024 5213 1121 5270 per
1144 5200 1462 5268 episcopum
1500 5197 1703 5267 factus,
1761 5210 1816 5257 et
1845 5201 1979 5257 dex-

407 5302 577 5347 teram
612 5301 666 5346 et
699 5306 891 5362 genam
920 5290 1037 5359 ejus
1086 5289 1387 5354 osculatur,
1438 5287 1638 5359 deinde
1692 5293 1975 5344 tremendo

411 5384 573 5439 calici
623 5385 1013 5438 communicat.
1075 5380 1342 5435 Redditus
1382 5381 1463 5436 sic
1504 5395 1633 5435 vere
1678 5381 1976 5450 perfectus,

2092 4466 2226 4520 Τότε
2270 4468 2374 4537 γὰρ
2409 4471 2437 4522 ὁ
2469 4470 2735 4540 ἱεράρχης
2785 4471 2877 4523 τόν
2925 4486 2985 4522 τε
3015 4474 3073 4524 ἐν
3106 4471 3185 4541 τῷ
3210 4471 3379 4539 δίσκῳ
3430 4473 3653 4541 προκεί-

2088 4576 2245 4627 μενον
2284 4558 2426 4612 θεῖον
2458 4562 2624 4630 ἄρτον
2677 4562 2771 4613 καὶ
2822 4561 2986 4614 αὑτὸν
3016 4561 3212 4631 ἁνυψοὶ
3241 4563 3378 4631 ὁμοῦ
3400 4578 3417 4595 ·
3452 4562 3511 4614 ἓν
3540 4564 3647 4630 γάρ

2084 4651 2201 4703 ἐστι
2249 4650 2312 4703 τὸ
2349 4650 2508 4720 σῶμα
2557 4652 2822 4721 Χριστοῦ.
2861 4654 2971 4707 Καὶ
3011 4652 3154 4707 οὕτω
3197 4653 3422 4723 μελίσας
3455 4654 3522 4707 τά
3552 4657 3648 4724 τῆς

2083 4742 2331 4803 ὲνὼσεως
2356 4743 2449 4797 τοῦ
2481 4746 2768 4814 ποτηρίου,
2801 4746 2896 4798 καὶ
2930 4746 2998 4798 τὰ
3033 4746 3134 4815 τῆς
3186 4749 3472 4808 κοινωνεας
3511 4748 3651 4799 κατὰ

2083 4833 2144 4886 τὸ
2172 4835 2294 4897 ἔθος
2323 4835 2533 4889 ἔκτελεί
2553 4851 2566 4864 ·
2600 4838 3029 4907 κοινωνήσαντος
3060 4837 3155 4891 οὖν
3185 4837 3297 4891 τῶν
3327 4837 3650 4904 ἁγιωτάτων

2084 4922 2174 4975 τοῦ
2205 4924 2461 4995 ίεράρχου
2498 4925 2607 4997 πρὸ
2637 4925 2747 4980 τῶν
2795 4926 2970 4981 ἄλλων
3021 4927 3435 4996 πρεσϐδτέρων,
3471 4930 3497 4981 ὁ
3527 4945 3643 4997 χει-

2085 5015 2393 5086 ροτονηθεὶς
2426 5017 2646 5088 ἔρχεται
2663 5017 3078 5087 προτιμώμενος
3103 5019 3231 5088 ἄρτι
3253 5018 3340 5072 διὰ
3360 5019 3461 5087 τὴν
3485 5020 3645 5088 χάρ.ν

2083 5106 2178 5160 καὶ
2225 5107 2287 5158 τὸ
2320 5108 2729 5178 ὲγκαινισθῆναι
2779 5109 2880 5178 ήδη
2921 5108 3025 5161 ὑπὸ
3064 5107 3159 5161 τοῦ
3206 5107 3356 5161 θείου
3389 5108 3645 5178 Πνεύμα-

2082 5212 2190 5260 τας.
2225 5196 2385 5251 Ὅθεν
2435 5200 2527 5251 καὶ
2570 5200 2713 5252 κατὰ
2746 5201 2805 5252 τὸ
2847 5199 2990 5264 ἔθος,
3037 5199 3132 5253 τοῦ
3167 5198 3438 5263 ζωοποιοῦ
3478 5216 3648 5268 μετα-

2082 5288 2226 5358 σχὼν
2261 5270 2453 5361 ἄρτού,
2507 5289 2687 5343 λαϐὼν
2717 5291 2869 5361 παρὰ
2918 5290 3011 5347 τοῦ
3047 5292 3374 5361 ἀρχιερέως,
3405 5293 3501 5346 καὶ
3548 5290 3645 5360 τὴν

2078 5381 2259 5447 δεξιὰν
2310 5383 2404 5436 καὶ
2434 5381 2535 5450 τὴν
2587 5384 2822 5453 παρειὰν
2875 5382 3044 5435 αὐτοῦ
3096 5383 3512 5453 ἀσπασάμενος,
3547 5384 3644 5434 καὶ

403 5489 459 5531 ct
500 5477 779 5530 tremenda
822 5476 1213 5530 communione
1266 5474 1542 5543 sigillante
1571 5484 1627 5529 et
1654 5474 1976 5543 obsignautc

2086 5478 2421 5543 κοινωνήσας
2450 5473 2544 5527 τοῦ
2568 5473 2802 5544 φρικτοῦ
2833 5474 3121 5545 ποτηρίου,
3153 5475 3245 5527 καὶ
3271 5472 3416 5526 οὕτω
3434 5473 3641 5536 τέλειος

404 5580 805 5625 sacramentum
841 5570 1224 5634 ordinationis,
1262 5570 1318 5625 in
1356 5571 1590 5640 quodam
1622 5569 1742 5626 loco
1787 5569 1976 5625 altaris

2086 5565 2244 5628 ὄντως
2289 5565 2553 5634 γεγονὼς,
2584 5567 2682 5635 τῆς
2719 5566 2957 5637 φρικτῆς
2991 5566 3278 5627 κοινωνίας
3307 5568 3642 5633 ἐπισφραγμ

405 5659 676 5725 subsistit,
703 5669 755 5715 ct
777 5660 1210 5741 sacratissimum
1240 5662 1464 5716 calicem
1499 5661 1752 5716 manibus
1777 5669 1970 5716 tenens

2086 5657 2279 5727 ζούσης
2312 5659 2409 5727 τὴν
2437 5658 2659 5726 τελετὴν
2692 5660 2793 5734 τῆς
2848 5659 3204 5727 χειροτονίας,
3259 5655 3316 5713 ἓν
3352 5674 3453 5712 τινι
3487 5658 3638 5721 τόπῳ
3659 5684 3685 5714 ο

1704 5746 1707 5749 ’
2182 5744 2216 5776 Ι
