4114 6272
518 304 628 366 396

1342 297 1746 360 ‘SYMEONIS
1781 295 2223 357 THESSALON
2238 291 2534 354 ICENS'IS
2564 289 2924 349 AiICIIIEP.

3631 275 3738 340 σοι

510 424 680 479 ctam,
730 411 1009 480 adaptata.
1047 406 1272 463 'Vestcm
1305 407 1452 462 enim
1487 406 1797 476 huiusmodi
1847 407 2080 461 lectores
2105 443 2119 470 Α

2209 405 2400 475 μάτων
2459 403 2548 457 καὶ
2605 399 2948 469 άναγνῶσται
2998 396 3093 449 καὶ
3144 393 3344 464 ψάλται
3402 392 3495 446 καὶ
3545 391 3743 454 πάντες

512 507 566 554 et
619 497 824 567 psaltaa,
861 511 1163 564 omnesque
1211 495 1526 550 sacerdotes
1573 503 1792 564 propter
1835 494 2076 548 divinum

515 587 882 642 ministerium
914 587 1169 652 induunt,
1199 602 1265 640 eo
1309 586 1453 654 quod
1507 585 1772 652 ejusmodi
1804 584 1972 639 vestis
2003 583 2080 636 fa-

513 678 617 732 cile
655 681 1008 732 connectatur
1047 686 1101 728 et
1149 675 1434 742 adaptetur
1463 675 1765 743 ('uirunque
1790 673 2078 740 sacerdoti;

514 770 594 823 vel
619 767 763 838 quod
790 769 1017 838 quilibet
1035 783 1097 822 ea
1118 767 1339 823 indutus
1367 749 1752 836 nullo‘negutio
1771 765 2082 820 sacerdota-

518 861 596 915 lcs
615 870 793 916 vestes
816 860 1043 914 induere
1067 859 1234 927 possit
1251 857 1562 912 immediate
1583 873 1706 910 cum
1731 855 2082 911 stecularibus

517 951 713 1021 quibus
735 950 992 1022 conjungi
1011 958 1240 1020 possunt
1259 965 1380 1019 quae
1395 958 1521 1003 sunt
1542 947 1757 1018 corpori
1780 948 2081 1002 commoda.

1006 1061 1236 1117 CAPUT
1260 1047 1591 1115 CLXXXVI.

522 1153 598 1211 De
626 1157 799 1210 sacris
840 1155 1176 1219 restituentis,
1211 1154 1395 1234 tunica
1427 1151 1698 1218 ampliore,
1743 1149 1998 1204 subucula
2036 1159 2084 1203 et

1188 1231 1416 1275 ca'tert's.

595 1313 748 1368 Unde
771 1321 853 1368 est
879 1311 1026 1381 quod
1052 1311 1224 1364 lector
1249 1317 1537 1377 antequam
1567 1305 1801 1376 sigillum
1831 1305 2087 1374 accipiat,

522 1404 703 1462 statim
733 1418 857 1458 cum
890 1399 1293 1457 benedicendus
1317 1406 1424 1461 est,
1469 1396 1600 1449 illud
1637 1395 1844 1460 induat,
1873 1396 2084 1466 nigrum

525 1506 743 1569 propter
792 1495 1159 1550 humilitatem
1211 1491 1648 1562 signiﬁcandam,
1709 1498 1768 1544 ut
1828 1490 2086 1556 diximus,

520 1599 580 1644 et
623 1587 789 1642 animi
839 1583 1353 1654 compressionem:
1399 1582 1512 1638 lucc
1543 1583 1689 1637 enim
1733 1589 1862 1638 sunt
1909 1582 2088 1637 luctus

523 1681 701 1750 signa.
749 1675 1000 1746 Amplum
1047 1687 1270 1744 quoque
1313 1659 1366 1727 et
1404 1672 1625 1742 longum
1665 1680 1773 1736 est,
1817 1672 1881 1726 ad
1925 1672 2089 1742 pedes

2181 494 2582 548 ὲνδιδύσκονται
2647 492 2814 560 ἱερεῖς
2876 489 2962 541 διὰ
3032 486 3131 556 τὴν
3192 484 3345 539 θείαν
3395 484 3744 554 ὑπηρεσίαν,

2181 587 2322 640 ὥστε
2374 588 2447 654 μὴ
2501 581 2768 638 ἅπτεσθαί
2819 596 2964 642 τινος
3019 577 3130 632 τῶν
3174 576 3360 646 ἱερῶν,
3408 577 3598 645 ἢ-τοῖς
3645 575 3746 642 τῆς

2186 679 2486 750 ἱερωσύνης
2533 675 2760 744 ἀμφίοις
2789 671 2952 733 εὐθὺς
2993 669 3232 740 χρῆσθαι
3275 668 3412 736 μετὰ
3457 668 3567 720 τῶν
3600 666 3736 719 avsu-

2186 771 2373 840 μάτων
2422 767 2664 837 ἀμέσως,
2721 765 2832 818 τῶν
2883 760 3188 831 κοσμικῶν,
3229 759 3299 813 δι’
3349 751 3424 813 ὧν
3482 759 3749 812 άπτονται

2182 853 2407 930 ’καὶτῶν
2431 853 2528 909 τοῦ
2549 852 2796 924 σώματος
2823 851 3117 923 χρειωδῶν.

2716 1049 2967 1103 trama.
3005 1045 3190 1114 pug".

2186 1145 2326 1212 Περὶ
2379 1141 2554 1210 ιερῶν
2585 1139 2955 1212 ἐνδυμάςων,
3012 1138 3274 1212 ἱματίου,
3328 1136 3615 1206 καμισίου
3650 1137 3748 1190 καὶ

2768 1209 2888 1263 τῶν
2910 1209 3165 1263 λοιπῶν.

2261 1303 2424 1356 Ὅθεν
2467 1301 2564 1355 καὶ
2626 1300 2793 1363 εὐθὺς
2859 1299 2965 1368 πρὸ
3025 1298 3121 1367 τῆς
3189 1296 3487 1369 σφραγῖδος
3542 1298 3572 1351 ὁ
3619 1314 3752 1351 ανα-

2187 1391 2438 1462 γνώστης
2485 1390 2644 1444 τοῦτο
2705 1390 3098 1459 εύλογούμενος
3141 1387 3531 1457 ἀμφιέννυται,
3583 1387 3754 1457 μέλαν

2187 1482 2268 1548 ὃν,
2301 1483 2388 1537 διὰ
2421 1482 2520 1552 τὴν
2548 1479 2878 1535 ταπείνωσιν
2903 1479 2977 1542 ὡς
3007 1479 3310 1548 εἱρήκαμέν
3339 1495 3398 1530 τε
3438 1478 3534 1532 καὶ
3561 1494 3754 1531 συστο-

2188 1573 2287 1644 λην
2308 1589 2323 1605 ο
2355 1572 2580 1626 τοιαῦτα
2609 1571 2716 1642 γὰρ
2769 1571 2840 1624 τὰ
2876 1569 2971 1622 τοῦ
3007 1570 3266 1632 πένθους·
3295 1570 3392 1622 καὶ
3417 1569 3547 1640 ἄχρι
3574 1571 3752 1623 ποδῶν

2191 1667 2285 1719 καὶ
2329 1665 2644 1736 εὐρύχωρον
2685 1663 2775 1718 διὰ
2833 1663 2933 1733 τὴν
2967 1661 3255 1714 εὐλάϐειαν
3283 1663 3422 1730 μετὰ
3463 1664 3564 1733 τῆς
3603 1663 3755 1724 θείας

524 1782 702 1836 usque
766 1765 1082 1836 pertingens
1135 1771 1354 1834 propter
1407 1762 1662 1832 pietatem
1725 1773 1778 1817 et
1847 1763 2089 1818 divinam

2204 1755 2438 1823 Εγάπης.
2468 1755 2580 1808 Καὶ
2622 1752 3041 1835 περιωννυται,
3072 1752 3163 1805 διὰ
3191 1750 3253 1804 eo
3281 1751 3519 1819 ὀφείλειν
3548 1751 3754 1821 ὑπηρε-

524 1857 871 1912 charitatem.
909 1852 1371 1923 Circumcingitur
1409 1853 1572 1906 etiam
1606 1867 1672 1907 eo
1735 1855 1882 1923 quod
1931 1852 2092 1908 mini-

526 1958 702 2003 strare
734 1944 917 2000 debet.
963 1943 1157 1998 Crucis
1206 1955 1422 2012 quoque
1453 1942 1677 2012 tiguram
1731 1950 1875 1998 tenet
1921 1941 2093 2011 longi-

529 2038 717 2091 tudine
754 2045 808 2091 et
854 2033 1108 2088 manicis.
1157 2030 1282 2088 Haec
1327 2032 1498 2103 igitur
1535 2031 1861 2089 vestimenta
1911 2031 2092 2087 omni-

528 2128 630 2181 bus
659 2124 971 2180 communia
1022 2130 1176 2185 sunt,
1221 2125 1409 2190 attjue,
1447 2130 1505 2176 ut
1547 2121 1774 2190 dicitur,
1813 2136 1880 2176 ex
1923 2121 2094 2192 impe-

528 2216 740 2272 ratorio
767 2218 910 2270 dono
957 2223 1013 2270 et
1047 2212 1331 2284 privilegio
1367 2213 1420 2268 in
1454 2212 1716 2268 honorem
1747 2213 2039 2269 sacerdotii
2073 2229 2089 2280 ;

529 2315 816 2365 senatores
839 2304 986 2362 enim
1020 2303 1090 2362 iis
1117 2305 1450 2370 vestiuntur,
1487 2303 1755 2360 umbellas
1781 2305 1945 2360 etiam
1972 2305 2096 2360 sive

530 2397 706 2467 pilcos
736 2396 835 2465 ipsi
875 2396 1234 2463 imperatores
1289 2401 1527 2464 gestant.
1587 2391 1865 2462 Propriam
1912 2401 2096 2448 autem

529 2489 739 2545 ordinis
770 2489 856 2544 sul
891 2495 1096 2544 vestem
1129 2485 1291 2541 habet
1333 2486 1525 2548 lector,
1557 2499 1677 2554 quae
1705 2483 1969 2539 camision
2007 2499 2102 2539 vo-

531 2589 707 2644 catur,
765 2579 1033 2647 babettIue
1085 2575 1340 2646 pbaenolii
1399 2573 1551 2644 parvi
1604 2574 1686 2629 vel
1736 2575 1978 2630 sticbarii
2031 2579 2099 2631 et

534 2672 648 2726 lino
679 2671 928 2742 ﬁguram,
959 2675 1012 2723 et
1034 2667 1327 2722 sacerdotii
1382 2663 1678 2737 primitias,
1719 2680 1843 2719 cum
1872 2680 2100 2747 parvum

536 2766 631 2830 sit,
664 2772 719 2818 et
769 2759 1156 2831 perfectionem
1205 2773 1235 2812 a
1279 2755 1389 2812 Deo
1439 2763 1781 2811 emanautem
1831 2756 2101 2826 designat.

535 2855 630 2910 Est
661 2864 838 2908 autem
863 2851 1062 2906 coloris
1087 2848 1345 2919 purpurei
1381 2859 1602 2918 propter
1632 2861 1957 2917 purpuream
1990 2846 2106 2901 Sal-

537 2944 740 2999 vatoris
769 2949 1000 3007 vestem,
1034 2939 1116 2994 vel
1165 2938 1294 3006 albi,
1347 2950 1572 3008 propter
1633 2937 1926 2993 sacerdotii
1956 2938 2106 3007 puri-

535 3043 724 3100 tatem,
773 3041 827 3089 et
878 3029 1330 3087 illuminationem
1383 3043 1414 3083 a
1469 3028 1578 3082 Deo
1619 3027 1899 3083 ﬂuentem.
1956 3027 2101 3094 Qua-

2194 1847 2326 1900 τείν.
2356 1844 2598 1912 Σταυροῦ
2627 1844 2682 1898 δὲ
2711 1831 2882 1898 τύπτον
2905 1845 3092 1913 ἐπέχει
3114 1843 3194 1913 τῷ
3237 1845 3403 1914 μήκει
3429 1861 3486 1897 τε
3517 1843 3614 1897 καὶ
3640 1846 3756 1907 τοῖς

2199 1939 2494 2008 μανικὶοις.
2516 1936 2703 1992 Ταῦτα
2743 1937 2842 2007 μὶν
2857 1935 2949 1989 οῦν
2969 1936 3038 1988 τὰ
3079 1936 3273 2004 ἱμάτια
3295 1934 3452 1987 κοινὰ
3473 1936 3632 1998 πᾶσι,
3659 1935 3757 1987 καὶ

2195 2033 2271 2093 ὥς
2317 2045 2503 2099 φασιν,
2556 2030 2620 2082 ὲκ
2670 2027 2958 2098 βασιλικῆς
3013 2027 3244 2097 δωρεᾶς,
3301 2027 3381 2088 εἱς
3439 2025 3606 2095 τιμὴν
3655 2027 3758 2092 τῆς

2199 2120 2536 2191 ἱερωσύνηςο
2583 2121 2665 2173 ὅτι
2711 2119 2807 2172 καὶ
2844 2118 3202 2187 συγκλητικοὶ
3246 2116 3424 2171 ταῦτα
3479 2115 3756 2170 ὲνίύονται

2196 2209 2376 2264 καὶτὰ
2402 2208 2640 2271 σκιάδια,
2671 2210 2766 2261 καὶ
2804 2207 2959 2261 αὐτοὶ
2987 2210 3037 2261 οἱ
3075 2207 3336 2278 βασιλεῖς.
3374 2208 3535 2262 Ἵδιον
3560 2208 3617 2262 δὲ
3651 2213 3754 2280 τῆς

2197 2300 2403 2366 τάξεως
2446 2299 2610 2354 αὑτοῦ
2655 2300 2685 2352 ὁ
2725 2299 3082 2370 άναγνὼστης
3123 2299 3385 2370 κέκτηται
3430 2300 3654 2370 ἔνδυμα,
3699 2303 3762 2353 τὸ

2199 2392 2536 2461 καλούμενον
2562 2390 2819 2460 καμίσιον
2837 2407 2850 2422 ’
2883 2392 3022 2462 ὅπερ
3051 2391 3084 2459 ἢ
3109 2390 3252 2444 κατὰ
3287 2391 3457 2444 τύπον
3482 2391 3758 2459 φαινολὶου

2199 2483 2318 2537 ἑστὶ
2367 2482 2589 2556 μικροῦ,
2637 2483 2671 2553 ἢ
2716 2484 2994 2554 στιχάριον
3040 2485 3105 2536 ἐκ
3146 2483 3314 2549 λίνου,
3366 2483 3466 2556 τὴν
3503 2484 3762 2555 ἀπαρχὴν

2197 2576 2296 2645 τῆς
2330 2575 2629 2646 ἱερωσύνης
2660 2574 2875 2643 δηλοῦν,
2911 2573 2992 2626 διὸ
3017 2575 3113 2627 καὶ
3145 2573 3342 2648 μικρόν
3365 2575 3506 2638 ἐστι,
3535 2575 3631 2630 καὶ
3659 2576 3763 2644 τὴν

2200 2670 2309 2724 ἀπὸ
2347 2668 2442 2722 τοῦ
2479 2668 2616 2722 Θεοῦ
2671 2668 2920 2737 σκέπηνο
2967 2666 3062 2720 καὶ
3105 2667 3139 2736 ἢ
3181 2668 3520 2738 πορφυροῦν,
3568 2667 3654 2721 διὰ
3700 2670 3766 2720 τὸ

2203 2756 2527 2829 πορφυροῦν
2558 2755 2652 2810 τοῦ
2687 2757 2938 2824 Σωτῆρος
2985 2755 3220 2825 ἱμάτιον,
3264 2757 3298 2826 ἢ
3347 2757 3540 2811 λευκὸν
3581 2756 3670 2810 διὰ
3701 2757 3765 2811 τὸ

2203 2848 2444 2920 καθαρὸν
2493 2849 2592 2917 τῆς
2645 2845 2969 2917 ἱερωσύνης,
3024 2847 3121 2899 καὶ
3176 2847 3268 2900 τὸν
3325 2848 3434 2901 ἀπὸ
3478 2848 3575 2902 τοῦ
3621 2849 3764 2904 Θεοῦ

2202 2940 2504 3010 φωτισμόν.
2550 2939 2740 2991 Τοίνυν
2769 2939 2820 2990 οἱ
2865 2938 3107 2993 διάκονοί
3153 2954 3213 2990 τε
3265 2938 3359 2992 καὶ
3403 2942 3569 3010 ἱερεῖς
3599 2943 3764 3012 ὃμοια

2206 3035 2317 3096 τοῖς
2380 3031 2616 3102 ἱματίοις
2674 3032 2884 3088 ἄνωθεν
2945 3031 3222 3086 ἐνδύονται
3282 3032 3465 3102 άμφια
3524 3035 3618 3089 καὶ
3673 3037 3768 3088 ἐπὶ

539 3133 763 3197 propter
812 3122 1030 3178 diaconi
1085 3131 1140 3177 et
1169 3119 1484 3176 sacerdotes
1519 3121 1838 3176 vesti-menta
1868 3119 2106 3174 induunt

2210 3101 2447 3192 κεφαλῆς
2486 3123 2555 3176 τὰ
2591 3122 2827 3189 σκιάδια,
2863 3122 2970 3176 acati;
3001 3123 3160 3177 λοιπὰ
3203 3101 3406 3195 συνήθη
3457 3127 3766 3194 φορέματα,

540 3213 624 3270 his
655 3214 856 3270 imatiis
885 3227 1124 3283 superne
1156 3212 1380 3276 similia,
1413 3220 1467 3266 et
1499 3211 1761 3265 umbellas
1796 3210 1849 3264 in
1907 3211 2104 3281 capite,

537 3311 846 3374 'caeteraque
874 3304 1074 3375 gestari
1101 3302 1279 3367 solita,
1312 3301 1494 3358 omnia
1527 3303 1706 3357 crucis
1736 3301 1964 3372 ﬁguram
2011 3317 2106 3357 ex-

541 3394 850 3464 primentia,
887 3402 944 3447 ut
975 3401 1028 3448 et
1056 3391 1170 3460 ipsa
1196 3387 1453 3446 umbelia.
1483 3388 1615 3445 Jure
1649 3406 1781 3446 sane
1801 3391 2108 3460 meritaque

539 3499 665 3538 cum
689 3483 933 3538 cruciﬁxi
970 3492 1195 3552 propter
1227 3495 1324 3535 nos
1355 3480 1466 3536 sint
1498 3481 1756 3547 ministri,
1810 3497 1916 3536 non
1946 3497 2108 3539 secus

541 3587 607 3628 ac
637 3572 672 3626 ii
693 3571 784 3642 qui
813 3585 980 3638 supra
1019 3580 1184 3639 caput
1221 3570 1478 3636 maxime,
1516 3585 1710 3626 cruces
1761 3581 1994 3643 gestant.
2027 3573 2108 3628 En

546 3666 807 3717 bactenus
833 3677 955 3732 qua:
985 3659 1051 3716 ad
1071 3661 1332 3716 diaconos
1360 3669 1414 3715 et
1436 3660 1785 3734 presbyteros
1811 3663 2108 3733 pertinent,

543 3754 953 3825 explicavimus.

617 3847 872 3900 Clericus.
902 3843 1148 3909 Gratias,
1173 3842 1418 3910 domine,
1451 3842 1688 3914 agimus.
1735 3843 1828 3912 qui
1881 3859 2104 3898 sensum

546 3941 614 3994 de
670 3937 928 3992 omnibus
987 3934 1234 4004 apertum
1282 3933 1574 3996 habemus,
1631 3949 1828 4000 resque
1874 3935 2109 4000 divinas,

546 4028 692 4098 quod
723 4027 788 4082 ad
817 4025 1270 4092 nos,edocentur,
1305 4038 1442 4093 quas
1493 4023 1636 4079 inter
1683 4024 1820 4078 nihil
1865 4033 1948 4079 est
2004 4025 2110 4079 bu-

547 4120 716 4174 tuani.
1535 4184 1542 4189 _

615 4209 882 4277 Pontifex.
907 4206 1075 4275 thui
1103 4203 1254 4260 lieret
1281 4213 1338 4259 ut
1365 4206 1660 4278 quidquam
1696 4207 1988 4263 interesset
2013 4207 2113 4260 bu-

549 4301 694 4355 mani
726 4300 780 4353 in
805 4294 974 4353 rebus
988 4297 1080 4351 Dei
1107 4295 1130 4349 ?
1155 4296 1415 4366 quidnam
1444 4311 1577 4352 vero
1603 4299 1657 4352 iu
1726 4298 1895 4353 rebus
1948 4296 2111 4352 Verbi

2208 3217 2383 3269 πάντα
2401 3215 2639 3286 σταυρὸν
2665 3216 3029 3283 ἐκτυποῦντα,
3050 3216 3126 3278 ὡς
3147 3217 3242 3270 καὶ
3263 3217 3395 3271 αὐτὸ
3411 3218 3473 3271 τὸ
3491 3219 3734 3274 σκιάδιον
3751 3235 3766 3250 ⁶

2207 3308 2332 3363 ἐπεὶ
2354 3308 2448 3361 καὶ
2472 3305 2568 3362 τοῦ
2592 3307 3014 3378 ἱσταυρωμένου
3039 3307 3108 3360 δι’
3136 3308 3168 3376 ή
3177 3310 3282 3376 μᾶς
3302 3309 3409 3361 εἱσι
3439 3309 3768 3380 λειτουργοὶ,

2207 3397 2284 3462 ὡς
2335 3399 2428 3452 καὶ
2477 3399 2571 3452 ἐπὶ
2617 3399 2717 3468 τῆς
2771 3397 3020 3468 κεφαλῆς
3077 3397 3280 3467 μᾶλλον
3315 3401 3444 3462 τοὺς
3500 3403 3770 3470 σταυροὺς

2210 3489 2485 3560 φέροντες.
2534 3489 2667 3544 Ἰδοὺ
2701 3491 2788 3543 καὶ
2823 3490 2894 3543 τὰ
2929 3489 3057 3558 περὶ
3097 3488 3362 3544 διακόνων
3398 3492 3492 3544 καὶ
3526 3493 3774 3562 πρεσσυ-

2208 3579 2267 3632 τί
2276 3597 2382 3651 ρων
2413 3582 2542 3648 ὑμῖν
2575 3582 2899 3651 εἱρήκαμεν.

2283 3845 2610 3913 Κληρικλςρ
2657 3842 3125 3912 Εύχαριστοῦμεν,
3181 3842 3438 3905 δέσποτα,
3499 3843 3592 3896 ἐπὶ
3640 3844 3775 3897 πᾶσι

2211 3934 2304 3985 τὸν
2362 3932 2487 3986 νοῦν
2531 3934 2947 4003 διανοιγόμενοι,
2994 3933 3188 3986 καὶτὰ
3235 3933 3358 3986 καθ’
3407 3936 3554 4004 ἡμᾶς
3595 3936 3784 3989 πάντων

2213 4021 2334 4075 θεῖα
2371 4021 2753 4092 μανθάνοντες,
2783 4025 2879 4081 καὶ
2908 4025 2990 4077 ὅτι
3025 4023 3180 4078 οὐδὲν
3204 4023 3548 4092 ἀνθρώπινον
3577 4027 3634 4080 ἐν
3664 4028 3778 4090 τοῖς

2217 4113 2400 4180 ἱεροῖς.

2299 4206 2662 4274 Ἀρχιερεύς.
2693 4205 2802 4260 Καὶ
2829 4205 2946 4269 πῶς
2988 4206 3097 4275 ἄρα
3143 4206 3490 4277 άνθρωπινόν
3517 4224 3571 4260 τι
3619 4207 3772 4259 ἔσται

2213 4296 2350 4358 ὅλως
2381 4300 2437 4347 εν
2469 4300 2579 4359 τοῖς
2626 4297 2720 4348 τοῦ
2763 4296 2938 4362 Θεοῦ;
2973 4297 3047 4349 Ἣ
3079 4300 3229 4351 ποῖον
3269 4298 3328 4352 ιν
3361 4301 3474 4360 τοῖς
3503 4297 3598 4351 τοῦ
3639 4297 3779 4350 Θεοῦ

548 4391 641 4447 Dei
669 4401 762 4446 aut
800 4398 954 4444 extra
1027 4395 1122 4442 aut
1173 4401 1338 4458 supra
1395 4387 1656 4442 rationem
1715 4402 1823 4442 non
1876 4386 2114 4442 estlaut

2218 4388 2392 4455 Λόγου
2425 4387 2487 4440 ού
2524 4387 2662 4456 μετὰ
2691 4388 2851 4456 λόγου
2880 4391 2974 4442 καὶ
3003 4391 3144 4444 κατὰ
3177 4389 3371 4461 λδγονς
3411 4391 3484 4444 Ἦ
3514 4390 3632 4452 πῶς
3665 4391 3778 4460 ἄρα

549 4483 822 4555 quomodo
848 4481 903 4535 in
935 4479 1103 4534 rebus
1128 4475 1370 4547 Spiritus
1403 4478 1734 4532 sanctissimi
1778 4478 1963 4532 omnia
2004 4493 2113 4532 non

2220 4478 2277 4529 ὲν
2307 4480 2416 4542 τοῖς
2460 4478 2557 4532 τοῦ
2601 4480 2870 4546 παναγίου
2923 4479 3240 4549 Πνεύματος
3285 4480 3384 4550 οὐχ
3419 4480 3553 4549 ἆγια
3602 4480 3780 4534 πάντα

549 4581 737 4630 essent
761 4568 993 4629 sancta?
1019 4568 1211 4624 Divina
1260 4582 1456 4638 nempe
1478 4567 1742 4623 rationem
1765 4581 2024 4636 superant
2059 4576 2116 4634 et

552 4673 736 4719 sancta
766 4671 914 4719 sunt.

1034 4751 1260 4808 CAPUT
1289 4749 1645 4808 CLXXXVII.

1133 4843 1208 4897 De
1235 4844 1496 4911 episcopo.

625 4937 742 4992 Jam
771 4935 1066 5005 incipimus
1118 4933 1184 4988 de
1215 4947 1408 5004 magna
1438 4931 1530 4985 illa
1567 4933 1766 5001 gratia,
1801 4930 2121 4986 illuminati-

556 5045 622 5085 vo
651 5029 864 5085 scilicet
895 5027 1274 5096 episcoporum
1298 5023 1511 5090 ordine,
1546 5026 1710 5077 verba
1739 5025 1919 5079 facere
1950 5041 1964 5090 ;
1997 5023 2120 5079 ideo

556 5138 654 5194 pro
694 5119 906 5174 viribus
957 5117 1104 5170 illam
1162 5113 1679 5182 contemplabimur,
1727 5124 1780 5167 et
1825 5115 2122 5183 explicabi-

555 5230 702 5280 mus,
724 5213 850 5266 Lcet
898 5211 1040 5264 vires
1076 5213 1296 5260 nostras
1323 5214 1540 5274 superet
1575 5204 1766 5264 horum
1827 5204 2123 5272 intelligen-

554 5306 653 5358 tia.
691 5303 788 5357 Est
813 5299 955 5355 enim
993 5298 1266 5351 donorum
1299 5310 1421 5366 quae
1447 5293 1759 5349 hominibus
1785 5313 1812 5347 a
1845 5295 1952 5348 Deo
1985 5295 2122 5349 riunt

559 5392 854 5447 maximum
888 5399 941 5444 et
975 5386 1460 5456 perfectissimum,
1495 5401 1524 5439 a
1577 5400 1687 5455 quo
1741 5387 1920 5439 omnis
1953 5386 2126 5439 dona-

557 5486 712 5537 tinet
761 5479 1092 5534 illuminatio
1140 5478 1476 5531 immittitur.
1509 5475 1623 5544 Ipsa
1659 5484 1744 5529 est
1798 5476 2122 5529 fundamen-

555 5585 690 5636 tum,
722 5572 1072 5642 principium,
1102 5582 1154 5624 et
1180 5571 1300 5623 fons
1326 5569 1566 5638 pietatis,
1599 5569 1752 5620 radix
1802 5581 1918 5635 qua:
1964 5565 2120 5620 Chri-

557 5675 702 5722 stum
741 5665 916 5732 ipsum
947 5668 1299 5731 ref‘rxsentat
1323 5669 1375 5714 et
1415 5665 1609 5728 gestat.
1629 5657 1970 5726 Quapropter
2000 5671 2119 5712 ous:

2217 4565 2410 4632 εσταις
2457 4567 2658 4622 Λοιπὸν
2696 4570 2792 4623 καὶ
2834 4570 2954 4625 θεῖα
2993 4572 3135 4624 κατὰ
3181 4570 3276 4625 τὸν
3304 4571 3461 4638 λόγον
3487 4571 3584 4625 καὶ
3624 4570 3781 4636 ἅγια.

2776 4753 3026 4809 ΚΕΦΑΛ.
3059 4753 3226 4809 PIIZ'.

2700 4894 2715 4905 ,
2751 4843 2892 4910 Περὶ
2911 4843 3249 4912 ἀρχιερέως.
3579 4889 3584 4894 .

2305 4933 2611 5003 ’Δρχόμεθα
2648 4927 2743 4986 οὖν
2780 4935 2880 5004 ήδη
2926 4937 3020 4987 καὶ
3078 4936 3207 5002 περὶ
3255 4935 3366 4989 τῶν
3393 4938 3491 5006 τῆς
3544 4938 3792 5006 μεγάλης

2224 5022 2443 5091 χάριτος
2485 5024 2580 5091 τῆς
2617 5025 2952 5093 φωτιστικῆς
3003 5025 3206 5090 τάξεως
3258 5029 3402 5096 ἐρεῖν
3450 5027 3559 5079 τῶν
3594 5030 3790 5098 ἀρχιε-

2228 5114 2385 5182 ρέων.
2456 5116 2548 5166 Διὸ
2606 5117 2697 5168 καὶ
2755 5117 2884 5184 περὶ
2942 5115 3150 5186 ταύτης
3210 5116 3580 5187 θεωρήσωμεν
3647 5122 3790 5172 κατὰ

2224 5201 2492 5271 δύναμινο
2538 5203 2676 5273 ύτὲρ
2713 5203 2860 5273 ἡμᾶς
2891 5203 3003 5271 γὰρ
3043 5204 3135 5256 καὶ
3183 5204 3390 5257 τούτων
3429 5205 3458 5257 6
3501 5204 3652 5270 νοῦς,
3703 5205 3792 5258 ὅτι

2225 5293 2320 5344 καὶ
2371 5293 2498 5360 περὶ
2538 5293 2631 5344 τοῦ
2671 5293 2930 5362 μεγίστου
2977 5294 3072 5346 καὶ
3114 5294 3450 5346 τελεωτάτου
3469 5293 3643 5362 δώρου
3681 5296 3792 5346 τῶν

2226 5381 2350 5434 καθ’
2370 5384 2528 5452 ’ἡμᾶς
2571 5386 2738 5449 ἐστιν,
2767 5385 2859 5451 ἀφ’
2897 5383 2958 5436 οῦ
3000 5384 3065 5453 δὴ
3113 5385 3220 5436 πᾶν
3261 5383 3492 5454 δώρημα
3527 5385 3660 5452 ημν
3696 5385 3794 5436 καὶ

2227 5474 2505 5542 φωτισμὸς
2551 5475 3012 5543 καταπέμπεταιο
3067 5476 3162 5526 καὶ
3215 5473 3462 5542 θεμέλ.ος
3508 5475 3648 5540 αῦτη
3698 5480 3797 5526 καὶ

2226 5563 2390 5632 ἀρχὴ,
2410 5564 2500 5616 καὶ
2521 5565 2669 5633 πηγὴ
2685 5565 2740 5617 δὲ
2765 5565 2865 5632 τῆς
2897 5564 3052 5633 152
3073 5563 3353 5624 εὐσεϐείας
3383 5566 3498 5618 ἐστὶ
3528 5565 3620 5616 καὶ
3640 5565 3794 5631 ῥίζα,

2229 5656 2441 5710 καὶτὸν
2471 5655 2706 5724 Χριστὸν
2756 5656 2916 5710 nam
2960 5655 3280 5719 ἐξεικονίζει
3333 5657 3424 5708 καὶ
3474 5655 3650 5724 φέρει.
3701 5656 3798 5707 Δ.ὸ
