4108 6262
479 359 585 422 399

1319 347 1698 411 SYMEONIS
1736 307 2483 407 THESSALoNtCENSts
2522 342 2873 404 ARCHIEP.

3613 331 3718 402 400

479 481 570 525 cat
602 468 694 540 qui
717 467 820 524 sub
853 468 976 537 ipso
1036 463 1527 532 sunteplscopos,
1572 459 1869 527 primorum
1911 471 2042 524 apo-

2161 456 2500 522 τυγκαλεῖται
2548 457 2676 518 τοὺς
2713 453 2999 515 τελοῦντας
3055 453 3146 504 ὑπ’
3199 451 3368 505 αὑτὸν
3409 453 3716 523 ἀρχιερεῖς,

481 561 747 617 stolorum
774 558 1023 614 ordinem
1066 561 1336 616 tenentes,
1377 551 1660 620 ipsiusque
1703 547 1932 616 gratiam
1987 555 2044 599 et

478 654 735 706 virtutem
793 650 863 704 ab
912 663 978 704 eo
1035 654 1342 701 emanatam
1393 641 1760 712 possidentes,
1820 649 2044 704 remque

481 757 604 796 cum
657 741 724 795 iis
761 739 1148 794 communicat.
1181 734 1316 789 Cum
1343 733 1508 802 igitur
1534 744 1673 800 opus
1697 729 1769 782 sit
1799 727 2044 782 divinum

405 861 407 864 έ
483 816 955 894 ρι’ίιοείιίεηϋίιε,
988 841 1179 882 omnes
1206 825 1273 880 ad
1313 827 1412 878 hoc
1443 819 1799 877 conveniunt.
1840 817 1895 870 Si
1927 831 2047 870 om-

486 937 584 976 nes
616 921 909 990 provinciae
953 917 1196 987 episcopi
1235 915 1460 971 adsunt,
1496 912 1635 965 bene
1666 918 1767 963 est.
1801 907 1916 960 Hoc
1954 919 2046 974 po-

489 1013 658 1070 stulat
683 1011 945 1064 canonica
998 1005 1350 1066 constitutio,
1385 1016 1633 1071 Opusque
1657 1007 1739 1054 est
1765 1008 1818 1052 et
1844 1011 2048 1066 praeceo

485 1113 636 1170 ptum
663 1101 1062 1170 apostolicum;
1115 1109 1307 1148 omnes
1346 1093 1494 1148 enim
1545 1090 1772 1144 aderant
1825 1088 1879 1141 iu
1941 1087 2052 1140 ele-

485 1196 672 1249 ctione
727 1190 986 1244 Matthiae.
1013 1187 1071 1241 Si
1120 1186 1226 1238 hoc
1256 1184 1373 1237 ﬁeri
1421 1197 1528 1236 non
1575 1189 1774 1250 potest,
1807 1193 1870 1232 ex
1900 1176 2049 1230 omni

485 1294 631 1338 cmtu
670 1293 778 1336 tres
808 1281 992 1335 adsint
1024 1287 1246 1347 propter
1267 1281 1512 1329 sanctam
1545 1271 1890 1332 Trinitatem,
1917 1280 2052 1334 quo-

490 1371 768 1427 niamhaac
803 1375 887 1424 est
912 1369 1154 1421 omnium
1182 1366 1418 1418 creatrix
1454 1371 1510 1416 et
1557 1360 1866 1430 perfectrix,
1894 1365 2055 1411 cate-

493 1460 571 1514 ris
601 1455 1101 1516 consentientibus,
1128 1460 1184 1506 et
1214 1466 1336 1520 qua:
1365 1450 1434 1506 de
1463 1451 1565 1504 hac
1597 1449 1865 1505 electione
1907 1445 2054 1515 judi-

487 1558 638 1614 caut,
698 1545 1107 1602 mandantibus.
1168 1540 1283 1596 lloc
1349 1541 1403 1594 in
1465 1539 1668 1595 Christi
1727 1539 2056 1608 baptismate

487 1640 858 1711 conspicitur,
874 1636 1034 1690 Patre
1071 1648 1195 1688 cum
1221 1631 1434 1701 Spiritu
1457 1639 1653 1685 sancto
1681 1629 2054 1684 testimonium

2147 545 2244 615 τὴν
2277 545 2386 599 τῶν
2419 545 2651 616 πρώτων
2703 545 3016 598 ἀποστόλων
3049 545 3204 609 τάξιν
3252 545 3572 612 ἐπέχοντας.
3623 545 3719 596 καὶ

2145 637 2243 706 τὴν
2271 636 2437 690 αὐτοῦ
2465 637 2599 708 παρ’
2618 635 2784 688 αὑτοῦ
2809 635 3114 705 ἐσχηκότας
3141 634 3304 705 χάριν
3329 634 3418 688 καὶ
3451 633 3684 704 δύναμιν
3702 650 3717 664 ·

2148 727 2243 780 καὶ
2273 726 2548 780 κοινοῦται
2584 727 2644 780 τὸ
2682 725 2866 796 ἔργον.
2916 727 3073 782 Ἐπεὶ
3123 725 3216 778 οῦν
3245 726 3392 777 θεῖον
3438 725 3598 779 τοῦτο
3627 727 3722 777 καὶ

2147 818 2396 888 ἐραστὸν,
2439 818 2638 880 πάντες
2667 819 2760 870 ἐπὶ
2790 815 2961 881 τούτῳ
2990 815 3328 870 συντίθενται
3347 831 3362 844 ⁵
3411 818 3504 868 καὶ
3535 817 3590 867 εί
3623 817 3722 884 μὲν

2148 909 2198 960 οἱ
2238 908 2341 976 τῆς
2366 908 2634 978 ἐπαρχίας
2675 908 2900 977 πάρεισι
2933 908 3160 972 πάντες,
3193 907 3356 959 καλόν
3377 921 3392 937 ’
3424 905 3584 958 τοῦτο
3613 910 3724 976 γὰρ

2150 997 2246 1049 καὶ
2270 999 2304 1066 ἡ
2348 997 2580 1067 διαταγὴ
2630 998 2742 1051 τῶν
2773 1000 3014 1053 κανόνων
3044 997 3320 1067 βούλεται,
3355 998 3449 1050 καὶ
3490 1000 3725 1050 ἀποστο-

2149 1087 2300 1139 λικόν
2328 1089 2478 1139 ἐστιν
2526 1087 2690 1157 ἔργον
2742 1105 2804 1140 τε
2849 1088 2945 1141 καὶ
2995 1088 3317 1156 διάταγμα⁸
3370 1088 3569 1148 πάντες
3613 1087 3724 1154 γὰρ

2149 1174 2290 1248 ἦσαν
2323 1179 2418 1232 ἐπὶ⁵
2455 1181 2518 1248 τῇ
2548 1179 2714 1249 ψήφῳ
2753 1177 2996 1232 Ματθίου
3027 1193 3040 1208 ⁸
3072 1181 3120 1231 εί
3151 1178 3195 1230 δ’
3227 1179 3286 1230 ού
3325 1177 3571 1242 δυνατὸν,
3603 1179 3724 1244 ἐξά-

2153 1287 2352 1331 παντος
2391 1265 2531 1323 εἶναι
2585 1272 2734 1340 τρεῖς
2784 1270 2873 1322 διὰ
2903 1269 3002 1338 τὴν
3040 1267 3283 1338 Τριάδαο
3319 1269 3400 1322 ὅτι
3448 1269 3586 1338 αὕτη
3617 1271 3724 1322 τῶν

2152 1361 2290 1414 ὅλων
2319 1361 2654 1432 δημιουργός
2680 1377 2740 1413 τε
2773 1362 2867 1413 καὶ
2896 1361 3254 1424 τελειοποιὺς,
3285 1362 3724 1428 συμφωνούντων

2154 1453 2337 1516 αὐτοῖς
2387 1455 2484 1506 καὶ
2519 1452 2928 1522 ἀνατιθεμένων
2966 1451 3036 1504 τὰ
3086 1453 3218 1523 περὶ
3251 1452 3442 1505 τούτου
3481 1453 3575 1505 καὶ
3617 1451 3726 1504 τῶν

2153 1546 2376 1599 λοιπῶν.
2436 1543 2608 1598 Τοῦτο
2659 1545 2720 1598 δὲ
2766 1546 2863 1597 καὶ
2909 1545 3001 1596 ἐπὶ
3049 1543 3126 1613 τῷ
3177 1544 3516 1613 βαπτίσματι
3544 1542 3721 1612 ὤφθη,

2158 1636 2565 1706 μαρτυροῦντος
2599 1637 2690 1688 τὸν
2735 1634 2864 1688 Υίὸν
2895 1633 2988 1687 τοῦ
3043 1634 3254 1704 Πατρὸς
3304 1635 3398 1686 καὶ
3428 1633 3521 1686 τοῦ
3557 1636 3724 1687 Πνεύ-

487 1736 557 1790 de
595 1731 732 1787 Filio
772 1727 1112 1799 perhibente.
1174 1721 1233 1778 in
1279 1718 1786 1789 Transllguratione
1837 1733 2057 1786 quoque

2161 1742 2326 1792 ματος
2352 1740 2367 1756 ’
2413 1725 2509 1778 καὶ
2541 1726 2599 1778 ἐν
2629 1726 2696 1794 τῇ
2732 1723 3431 1793 Μεταμορφώσει,’ἐαυτόν
3459 1742 3518 1776 τε
3569 1725 3723 1794 153

488 1787 663 1879 illius
687 1787 812 1874 cum
847 1818 914 1872 iis
970 1819 1036 1869 de
1084 1813 1267 1881 seipso
1302 1787 1532 1866 testatus
1590 1818 1697 1875 est,
1745 1809 2054 1878 baptizatus

2161 1816 2259 1868 σὺν
2293 1815 2502 1879 τούτοις
2551 1813 2646 1868 τοῦ
2680 1813 2811 1868 Υίοῦ
2857 1813 3282 1884 μαρτυροῦντος,
3326 1814 3723 1884 βαπτιζομένυυ

491 1925 597 1979 est,
616 1911 958 1979 gratiamque
990 1906 1162 1970 dedit,
1193 1913 1247 1959 et
1269 1903 1456 1957 divino
1481 1901 1688 1956 lumine
1719 1902 2050 1956 coruscavit.

491 2005 620 2059 Ideo
658 2002 713 2056 in
759 1999 971 2053 duobus
1001 1996 1082 2051 vel
1130 1995 1308 2049 tribus
1357 1992 1610 2057 testibus,
1657 1992 1859 2060 inquit,
1891 1993 2058 2048 stabit

492 2108 657 2150 omne
721 2087 1024 2145 verbum‘.
1079 2086 1140 2140 In
1193 2085 1458 2155 apostolis
1510 2085 1651 2139 idem
1707 2085 2054 2140 observatum

494 2185 621 2242 fuit.
654 2182 788 2238 Tres
809 2184 954 2237 enim
993 2195 1022 2234 a
1057 2177 1270 2234 caeteris
1298 2179 1536 2244 exempti
1569 2175 1732 2231 electi
1785 2182 1934 2240 sunt,
1958 2173 2058 2227 Pe-

495 2285 638 2341 trus,
667 2273 930 2339 Joannes,
969 2279 1026 2326 et
1077 2268 1312 2325 Iacobus
1335 2268 1507 2324 frater
1553 2267 1794 2332 Domini,
1826 2269 1941 2336 qui,
1997 2273 2059 2320 ut

493 2370 569 2424 ait
599 2367 821 2429 Paulus,
849 2363 1172 2419 videbantur
1201 2374 1328 2416 esse
1349 2360 1638 2416 columnae.
1663 2356 1800 2412 Tres
1835 2371 2057 2428 quoque

493 2459 750 2516 Servator
784 2471 895 2526 prae
946 2453 1160 2510 caeteris
1210 2461 1266 2507 et
1311 2451 1514 2507 eximie
1561 2450 1842 2520 mysteriis
1888 2451 2059 2517 majo-

490 2552 644 2607 ribus
675 2545 947 2610 adhibuit,
978 2544 1223 2609 Petrum,
1246 2540 1536 2606 Joannem,
1561 2551 1618 2596 et
1653 2541 1800 2595 illius
1825 2556 2059 2596 consan-

487 2642 746 2712 guineum
799 2633 1089 2690 Iacobum.
1143 2631 1408 2688 Omnibus
1444 2630 1614 2700 igitur
1673 2630 2056 2699 prasentibus,

479 2732 576 2786 .vcl
603 2728 917 2785 necessario
950 2727 1149 2789 tribus,
1183 2723 1392 2795 primus
1451 2721 1926 2791 episcopusJubet
1963 2735 2058 2774 eos

488 2824 550 2878 iu
604 2823 725 2877 loco
764 2834 924 2874 sat-ro
974 2817 1187 2880 sedere,
1232 2825 1288 2869 et
1341 2813 1600 2882 suﬁ'ragia
1639 2813 1791 2869 dare.
1833 2811 2058 2880 Oportet

490 2914 637 2970 enim
669 2911 852 2965 divina
903 2908 1092 2962 divino
1146 2906 1306 2976 jussu
1364 2912 1419 2958 et
1476 2903 1860 2957 exhortatione
1919 2903 2054 2956 ﬁeri.

491 3002 616 3072 Ipse
643 3001 858 3070 quidem
887 2997 1097 3068 primus
1153 3009 1276 3048 cum
1305 2994 1374 3050 iis
1404 3007 1511 3047 non
1566 2993 1888 3062 ingreditur,
1923 3001 2058 3046 tunc

497 3092 581 3146 vel
609 3093 710 3145 hoc
768 3091 888 3159 ipso
940 3085 1123 3141 Jcsutu
1176 3085 1344 3140 Deutu
1378 3092 1433 3138 et
1485 3085 1757 3138 hominem
1795 3083 2055 3154 ﬁgurans,

492 3183 583 3252 qui
632 3195 860 3249 corpore
908 3179 1107 3234 absens
1163 3183 1491 3246 potcstatem
1555 3189 1711 3230 suam
1766 3174 1940 3238 dedit,
2008 3183 2062 3228 et

493 3287 593 3342 per
622 3287 718 3326 eos
759 3279 1021 3340 operatur
1053 3268 1149 3336 qui
1213 3267 1299 3319 sui
1356 3273 1504 3318 sunt.
1541 3264 1649 3318 Nec
1676 3265 1780 3317 hoc
1825 3271 2062 3329 tantum,

495 3363 592 3417 sed
622 3363 788 3415 etiam
826 3371 882 3412 ut
917 3358 1065 3412 vices
1097 3355 1302 3409 Christi
1337 3368 1508 3421 agens
1562 3354 1806 3408 divinum
1864 3352 2065 3407 sull‘ra-

489 3453 642 3523 giutu
680 3451 794 3518 ipse
827 3449 1020 3502 iterum
1055 3446 1307 3514 obsiguet
1365 3456 1419 3499 et
1455 3442 1737 3513 approbet.
1766 3441 1844 3498 Ne
1881 3454 2062 3498 autem

499 3542 751 3597 videatttr
780 3553 905 3592 cum
939 3537 1071 3606 ipsis
1097 3550 1202 3590 non
1237 3549 1420 3605 agere,
1449 3539 1540 3589 sed
1595 3535 1727 3603 ipsis
1756 3535 2066 3588 asseutieus

493 3644 552 3688 et
593 3630 864 3685 unanimis
887 3635 1165 3698 appareat,
1197 3628 1433 3695 aliquem
1465 3641 1530 3680 ex
1571 3626 1640 3691 iis
1695 3627 1786 3696 qui
1830 3626 1906 3680 illi
1958 3627 2065 3680 mi-

498 3722 736 3776 nistrant
788 3719 907 3773 vice
947 3725 1047 3773 Sua
1105 3717 1419 3770 functorum
1482 3731 1606 3771 cunt
1662 3716 1732 3771 iis
1786 3718 1974 3780 mittit,
2034 3731 2066 3771 e

496 3812 648 3865 clero
671 3785 960 3872 galeatum,
1015 3805 1106 3876 qui
1139 3805 1484 3874 potissimum
1530 3820 1650 3860 esse
1679 3809 1820 3860 solet
1849 3807 2070 3860 charto—

496 3900 722 3970 phylax.

557 3983 565 3991 “
1059 3975 1294 4040 CAPUT
1340 3983 1498 4038 CXC.

501 4102 622 4166 Qua
677 4099 883 4152 ratione
931 4098 1069 4151 inter
1119 4095 1478 4164 suffragante:
1536 4095 1802 4163 ρρίεεοροε
1861 4096 2064 4151 medius

997 4166 1134 4220 sedet
1168 4166 1570 4234 citartopltylax.

568 4261 691 4316 ltleo
721 4262 774 4314 in
805 4259 982 4314 medio
1027 4259 1410 4326 episcoporum
1439 4259 1612 4320 sedet,
1645 4271 1754 4310 non
1796 4267 1855 4310 ut
1903 4257 2069 4310 char-

501 4353 779 4422 tolthylax,
812 4365 877 4404 ea
906 4348 1050 4403 enim
1073 4347 1282 4400 ratione
1312 4346 1629 4400 cathedram
1666 4349 1810 4401 inter
1851 4349 2069 4415 episco-

2088 3127 2136 3190 ο

2162 1908 2256 1959 καὶ
2277 1906 2514 1968 διδόντος
2541 1905 2642 1976 τὴν
2683 1906 2864 1976 χάριν,
2903 1906 2998 1957 καὶ
3043 1904 3173 1975 θείῳ
3215 1905 3354 1974 φωτὶ
3393 1905 3723 1973 λάμποντας.

2163 1998 2252 2050 Διὸ
2277 1999 2393 2062 καὶ,
2419 2017 2436 2049 ι
2461 1997 2584 2052 Ἐπὶ
2613 1997 2706 2051 δύο
2740 1998 3034 2068 μαρτύρων
3064 1997 3098 2068 ἢ
3127 1997 3314 2065 τριῶν,
3341 1999 3493 2067 φησὶ,
3520 1997 3726 2066 σταθή-

2165 2105 2321 2143 σεται
2348 2091 2456 2143 πᾶν
2482 2090 2660 2160 ῥῆμα.
2703 2110 2721 2142 ι
2762 2091 2873 2144 Καὶ
2913 2091 2973 2142 ἐν
3001 2092 3115 2152 τοῖς
3149 2091 3466 2151 ἀποστόλοις
3486 2091 3542 2142 δέ
3569 2089 3662 2142 τοῦ
3676 2107 3727 2140 :o

2162 2175 2250 2251 ἧν.
2291 2180 2456 2249 Τρεῖς
2507 2182 2617 2250 γὰρ
2654 2180 2921 2250 ἐξαίρετοι
2955 2179 3304 2250 ἀπελέγησαν
3347 2181 3456 2233 τῶν
3497 2181 3724 2240 λοιπῶν,

2166 2270 2392 2340 Πέτρος,
2454 2271 2706 2341 Ἰωάννης
2754 2288 2812 2323 τε
2868 2271 2961 2323 καὶ
2997 2271 3250 2334 Ἰάκωόος
3293 2273 3323 2324 6
3375 2270 3469 2324 τοῦ
3520 2272 3728 2341 Κυρίου

2163 2360 2407 2429 ἁδελφὸς,
2441 2363 2491 2415 οί
2523 2361 2807 2424 δοκοῦντες
2829 2361 3010 2414 στῦλοι
3035 2358 3195 2424 εἶναι,
3229 2362 3305 2426 ὡς
3333 2362 3540 2426 Παῦλὸς
3571 2380 3728 2431 φησι.

2164 2456 2273 2508 Καὶ
2305 2456 2464 2519 αὐτὸς
2497 2458 2526 2509 6
2569 2456 2758 2525 Σωτὴρ
2787 2459 2938 2524 τρεῖς
2985 2441 3279 2525 ἐξαιρέτως
3321 2452 3468 2526 εἶχεν
3515 2459 3573 2508 ἐν
3613 2459 3729 2519 τοῖς

2168 2546 2380 2615 μείζοσι
2431 2549 2771 2616 μυστηρίοις,
2821 2548 2913 2601 τὸν
2954 2548 3159 2618 Πέτρον
3192 2549 3288 2602 καὶ
3336 2549 3591 2617 Ἰωάννην
3637 2549 3729 2600 καὶ

2163 2640 2255 2692 τὸν
2303 2641 2575 2709 ὁμαίμονα
2625 2643 2817 2693 τούτου
2871 2641 3148 2694 Ἰάκωϐον.
3197 2639 3319 2693 Τῶν
3373 2641 3590 2694 πάντων
3635 2636 3728 2692 οὖν

2164 2731 2348 2796 ὅντων,
2395 2732 2426 2801 ἢ
2485 2731 2607 2784 κατ’
2645 2734 2893 2802 ἀνάγκην
2934 2733 3124 2803 τριῶν,
3176 2732 3390 2785 κελεύει
3439 2732 3650 2794 τούτοις
3700 2735 3729 2784 6

2167 2821 2378 2890 πρῶτος
2427 2822 2716 2889 ἀρχιερεὺς
2759 2825 2816 2874 ἐν
2855 2823 3007 2891 τόπῳ
3041 2822 3169 2892 ίερῷ
3216 2823 3463 2888 καθίσαι,
3509 2824 3729 2884 καὶτὰς

2163 2910 2379 2979 ψήφους
2426 2911 2756 2979 ποιήσασθαι
2781 2928 2796 2943 °
2851 2913 2934 2966 ὅτι
2973 2913 3103 2982 θείῳ
3135 2913 3466 2982 κελεύσματι
3501 2913 3567 2966 τὰ
3605 2913 3728 2964 θεῖα

2165 3001 2410 3069 γίνεσθαι
2445 3003 2573 3072 χρή.
2619 3003 2729 3057 Καὶ
2759 3004 2921 3067 αὐτὸς
2960 3005 3059 3074 μὲν
3095 3006 3123 3057 6
3151 3004 3362 3075 πρῶτος
3411 3006 3507 3056 σὺν
3539 3004 3725 3064 αὐτοῖς

2163 3095 2263 3146 οὐκ
2297 3095 2510 3164 ἔρχεται
2541 3097 2681 3162 τότε,
2717 3096 2906 3149 τυπῶν
2933 3098 3034 3149 κάν
3063 3097 3238 3168 τούτῳ
3265 3098 3353 3151 τὸν
3379 3097 3726 3166 θεάνθρωπον

2179 3182 2405 3252 Ἰησοῦν,
2425 3183 2510 3236 ὃτι
2537 3186 2631 3236 καὶ
2656 3186 2987 3254 σωματικῶς
3019 3186 3094 3256 μὴ
3127 3185 3337 3256 παρὼν,
3358 3187 3456 3256 τὴν
3484 3185 3730 3251 ἐξουσίαν

2165 3272 2330 3324 αὑτοῦ
2373 3274 2498 3334 δοὺς
2545 3274 2758 3344 ἐνεργεῖ
2791 3273 2880 3328 διὰ
2916 3277 3024 3329 τῶν
3071 3276 3236 3328 αὑτοῦ
3263 3293 3278 3307 ·
3328 3277 3423 3330 καὶ
3472 3277 3531 3329 ού
3571 3276 3729 3328 τοῦτο

2167 3364 2346 3434 μόνον,
2383 3365 2498 3416 ἀλλ’
2530 3365 2617 3418 ἵνα
2651 3366 2751 3436 τὴν
2793 3365 2946 3421 θείαν
2976 3366 3158 3436 ψῆφον
3227 3367 3383 3431 οῦτος
3418 3367 3575 3431 αὖθις
3610 3371 3732 3420 ἐπι-

2167 3456 2468 3527 σφραγίσῃ,
2502 3457 2594 3510 τὸν
2630 3457 2793 3512 τόπον
2839 3459 3075 3529 Χριστοῦ
3127 3459 3369 3528 πληρῶν.
3404 3460 3519 3512 Ἵνα
3547 3460 3604 3513 δὲ
3654 3461 3729 3528 μὴ

2165 3548 2258 3600 καὶ
2289 3548 2415 3614 δόξῃ
2442 3550 2524 3601 ὅτι
2550 3550 2611 3601 ού
2655 3548 3028 3620 συμπράττων
3065 3552 3231 3617 ἐστὶν,
3269 3551 3344 3613 ὡς
3369 3552 3434 3604 ἂν
3475 3552 3731 3620 φαίνηται
3782 3609 3788 3615 ι

2167 3639 2343 3694 συνὼν
2395 3641 2491 3694 καὶ
2545 3641 3053 3712 συμψηφιζόμενος,
3116 3643 3500 3712 τοποτηρητὴν
3559 3641 3730 3696 αὑτοῦ

2166 3730 2375 3800 πέμπει
2423 3729 2520 3783 σὺν
2552 3733 2737 3792 αὐτοῖς
2783 3732 2891 3784 τῶν
2947 3730 3096 3799 αὐτῷ
3139 3729 3599 3798 λειτουργούντων
3624 3732 3731 3782 ἀπο

2165 3821 2259 3874 τοῦ
2288 3821 2489 3890 κλήρου
2525 3822 2617 3876 τὸν
2653 3822 2906 3892 ἔκκριτον
2937 3823 2998 3884 ὃς
3027 3822 3318 3890 ἐξαιρέτως
3351 3823 3445 3873 καὶ
3475 3824 3503 3873 6
3533 3837 3729 3890 χαρτο-

2165 3911 2341 3980 φύλαξ
2368 3911 2503 3965 ἐστί.
3428 3913 3432 3920 ’

2752 4000 3002 4054 ΚΕΦᾹΛ.
3033 3998 3149 4066 PL].

2167 4114 2368 4181 ’0.τως
2409 4115 2442 4166 d
2477 4113 2866 4182 χαρτοφύλαξ
2905 4112 3101 4180 μέσον
3133 4111 3383 4178 κάθηται
3438 4113 3556 4168 τῶν
3613 4117 3734 4182 ψη-

2589 4183 2918 4250 φιζομένων
2953 4183 3327 4236 ἐπισκόπων.

2235 4278 2327 4346 Διὸ
2352 4277 2446 4330 καὶ
2482 4275 2641 4346 μέσον
2665 4275 2900 4344 κάθηται
2951 4276 3058 4327 τῶν
3115 4252 3437 4348 ἀρχιερέωῄ
3505 4275 3603 4344 οὐχ
3656 4274 3731 4337 ὡς

2168 4365 2533 4436 χαρτοφύλαξ,
2597 4363 2720 4418 οὐδὲ
2753 4365 2860 4433 γάρ
2893 4364 3156 4434 καθέδραν
3185 4367 3240 4416 ἐν
3269 4368 3586 4427 ἐπισκόποις
3639 4365 3732 4416 οὖ-

500 4457 598 4510 pos
623 4455 732 4494 non
783 4439 988 4504 habet;
1025 4437 1347 4505 vel~aliquis
1381 4438 1525 4488 alius
1573 4437 1828 4500 clericus,
1877 4441 1972 4490 sed
2006 4449 2062 4490 ιιι

2164 4476 2254 4522 τος
2280 4460 2408 4529 ἔχει,
2443 4459 2475 4528 ἢ
2513 4457 2671 4520 ἄλλος
2696 4474 2776 4519 τις
2801 4458 3083 4527 κληρικδς,
3133 4458 3250 4509 ἀλλ’
3296 4457 3372 4520 ὡς
3431 4474 3732 4526 τοποτηρη-

501 4535 648 4586 vices
695 4544 862 4600 agens
907 4527 1084 4598 magni
1127 4526 1394 4594 episcopi.
1441 4524 1609 4580 Sedet
1659 4527 1824 4594 igitur
1869 4535 1922 4580 et
1969 4541 2064 4594 per

501 4625 752 4679 ordinem
780 4623 1078 4689 interrogat
1109 4620 1416 4688 episcopos,
1453 4633 1562 4672 non
1599 4627 1777 4673 tamen
1839 4632 1964 4670 cum
1997 4618 2063 4671 iis

501 4709 968 4779 fertsuﬂragium.
999 4705 1182 4776 Magni
1233 4708 1378 4762 enim
1398 4707 1642 4777 episcopi
1691 4707 1960 4772 sententia
1994 4709 2064 4761 ab

503 4802 664 4857 initio
686 4801 812 4854 data
851 4807 956 4864 est,
1009 4807 1069 4852 ut
1125 4800 1369 4869 episcopi
1433 4797 1754 4867 suffragium
1811 4799 2060 4864 ferrent;

501 4894 812 4958 iterumque
841 4888 1063 4942 dabitur
1098 4889 1268 4944 linitis
1324 4889 1620 4958 suifragiis,
1645 4903 1711 4944 eo
1735 4889 1881 4958 quod
1919 4890 2068 4942 illius

508 4981 778 5035 sententia
802 4977 1003 5032 divinae
1031 4981 1199 5034 sortis
1229 4978 1406 5032 locum
1434 4979 1660 5038 tenebit.
1688 4979 1919 5049 Propter
1966 4982 2070 5036 hoc

507 5079 703 5140 praeter
751 5069 1042 5138 episcopos
1087 5069 1182 5137 qui
1228 5069 1338 5123 illic
1371 5079 1501 5123 sunt
1553 5071 1739 5127 nullus
1766 5072 1907 5126 alius
1965 5073 2070 5127 l'ert

507 5159 850 5232 suﬂ'rttgittm.

1065 5331 1293 5389 CAPUT
1318 5333 1505 5391 CXCI.

577 5428 730 5495 Quod
758 5443 933 5496 preces
966 5427 1098 5495 ﬁant
1142 5443 1262 5481 cum
1306 5428 1564 5498 suffragia
1602 5429 1816 5496 ferenda
1845 5441 1990 5488 sunt.

574 5519 932 5575 Veuientibus
965 5518 1128 5589 igitur
1174 5519 1284 5578 illis
1312 5535 1436 5578 cum
1493 5523 1916 5602 chartophylace
1952 5539 2061 5595 quo

574 5701 592 5735 ⁸
625 5699 778 5756 Deut.
815 5718 934 5770 ιιι,
958 5703 1052 5762 15.

2169 4555 2266 4622 τὴς
2294 4551 2388 4605 τοῦ
2420 4551 2656 4620 μεγάλου
2691 4553 3009 4621 ἀρχιερέως.
3038 4551 3286 4619 Κάθηται
3323 4550 3380 4602 δὲ
3422 4550 3512 4601 καὶ
3558 4551 3736 4619 ἐρωτᾷ

2171 4644 2312 4695 κατὰ
2338 4642 2491 4706 τάξιν
2523 4643 2648 4705 τοὺς
2675 4642 3004 4701 ἐπισκόπους
3041 4656 3054 4670 ⁸
3076 4641 3139 4692 ού
3172 4639 3277 4709 μὴν
3301 4639 3731 4715 συμψηφίξεται.

2179 4735 2244 4790 Ἦ
2273 4737 2383 4806 γὰρ
2411 4735 2604 4805 γνώμη
2642 4733 2736 4786 τοῦ
2772 4734 3008 4802 μεγάλου
3047 4733 3351 4804 ἀρχιερέως
3393 4733 3603 4786 δέδοται
3635 4733 3734 4800 μὲν

2169 4827 2424 4898 ἁπαρχῆς
2453 4829 2531 4889 είς
2565 4827 2627 4879 τὸ
2671 4826 2798 4888 τοὺς
2841 4825 3173 4886 ἐπισκόπους
3220 4823 3592 4892 ψηφίσασθαι,
3650 4825 3732 4872 δο-

2170 4919 2393 4990 θήσεται
2417 4918 2460 4970 δ’
2487 4913 2644 4980 αὖθις
2675 4917 2903 4986 ὕστερον
2941 4915 3048 4969 τῶν
3099 4915 3297 4984 ψήφων
3333 4912 3689 4966 τελεσθεισῶν
3717 4926 3730 4939 ·

2167 5012 2257 5065 ὅτε
2293 5013 2384 5066 καὶ
2406 5011 2439 5080 ἡ
2465 5010 2656 5062 τούτου
2689 5009 2886 5077 γνώμη
2945 5009 3019 5070 ὡς
3047 5008 3188 5070 θεῖος
3207 5007 3408 5077 κλῆρος
3429 4992 3602 5057 ἔσται.
3635 5009 3734 5056 Διὰ

2169 5101 2326 5154 τοῦτο
2360 5101 2500 5171 πλὴν
2531 5101 2637 5153 τῶν
2671 5092 2990 5154 ἐπισκόπων
3021 5101 3199 5152 ἐκεῖσε
3233 5099 3391 5159 ἄλλος
3415 5113 3498 5158 τις
3534 5098 3594 5149 ού
3629 5095 3734 5166 ψη-

2172 5192 2407 5261 φίζεται.
3437 5191 3439 5194 ⁴

2712 5354 2964 5408 ΚΕΦΔΔ.
3013 5355 3175 5419 ΡιιΑν.

2313 5443 2436 5496 Ὅτι
2472 5444 2786 5513 προσευχὴ
2820 5446 3045 5513 γίνεται
3071 5444 3140 5497 ἐν
3173 5442 3300 5508 ταῖς
3341 5442 3591 5511 ψήφοις.

2259 5532 2552 5587 Ἐλθόντων
2586 5534 2768 5588 τοίνυν
2815 5535 3020 5588 τούτων
3046 5535 3142 5587 σὺν
3197 5533 3274 5604 τῷ
3333 5534 3732 5604 χαρτοφύλακι,
