4114 6272
402 419 560 488 ἇΟΓ
653 416 674 435 “

1431 435 1528 495 DE
1571 433 1850 496 SACRIS
1892 429 2080 495 0RD!
2097 435 2585 498 NATIONIBUS.

3530 438 3634 502 602

391 542 523 596 ἔνθα
549 540 876 609 ψηφίζεσθαι
906 541 1046 607 ἔθος,
1079 544 1342 600 ἅπτονται
1377 533 1476 616 μὲν
1508 549 1607 615 τῆς
1637 549 1783 614 θείας
1817 551 1966 604 εἰκό-

2086 550 2327 623 mﬂ‘ragia
2382 554 2514 608 dare
2537 568 2654 610 mos
2675 561 2780 618 est,
2819 559 2941 607 ante
2977 551 3214 606 divinam
3242 550 3444 608 Christi
3505 552 3644 608 ima-

394 650 484 694 νος
530 632 768 699 Χριστοῦ
804 634 1037 688 ἐνώπιον
1061 637 1222 708 κηροὶ¹
1273 641 1424 706 τρεῖς
1459 641 1536 702 είς
1571 641 1729 708 δόξαν
1755 659 1816 694 τε
1874 643 1972 695 καὶ

391 723 560 776 τύπον
583 725 682 792 τῆς
715 725 879 790 ἁγίας
907 727 1141 795 Τριάδος
1170 743 1186 759 ο
1229 730 1322 783 καὶ
1348 731 1432 783 ὅτι
1476 732 1608 802 παρ’
1639 732 1810 802 αὐτῆς
1838 735 1970 804 ἡμῖν

393 813 538 876 ἅπας
602 818 903 882 φωτισμὸς,
959 817 1053 871 καὶ
1086 819 1287 885 μᾶλλον
1332 813 1485 884 οὗτος
1535 824 1564 875 6
1618 821 1967 888 τελεώτατος.

392 905 485 957 Διὸ
530 907 624 962 καὶ
675 905 922 960 ἐντεῦθεν
966 908 1270 978 ἀρχόμενον
1311 910 1372 964 τὸ
1437 914 1745 982 τρικήριον,
1788 918 1880 967 καὶ
1913 917 1970 968 ἐν

399 999 602 1060 πᾶσαις
634 999 879 1057 τελεταῖς
943 1001 1038 1052 τοῦ
1090 1001 1388 1072 ἀρχιερέως
1443 1005 1558 1056 ἐστὶ
1583 1005 1673 1058 τὸν
1723 1007 1781 1059 ἐν
1824 1005 1971 1075 αύτῷ

396 1087 604 1140 τέλειον
690 1088 797 1142 ἀπὸ
858 1090 955 1156 τῆς
1009 1092 1224 1155 τελείας
1285 1095 1454 1161 μόνης
1519 1096 1748 1166 Τριάδος
1804 1115 1975 1164 φωτι-

400 1189 435 1226 σ
460 1176 542 1227 ,ιὸν
576 1176 763 1243 σαφῶς
794 1178 1076 1246 ἐκδηλοῦν.
1102 1175 1232 1234 Εἶτα
1253 1181 1281 1234 6
1310 1183 1519 1252 πρῶτος
1536 1185 1644 1238 τῶν
1661 1185 1974 1240 ἐπισκόπων

400 1267 792 1336 ἐπιτραχήλιον
841 1270 1203 1340 περιτίθεται,
1246 1275 1346 1342 τὴν
1403 1275 1607 1329 ἀνωθεν
1657 1277 1840 1347 χάριν,
1899 1278 1972 1341 ὡς

399 1356 717 1423 εἰρήκαμεν,
744 1357 1035 1414 ἐκτυποῦν.
1058 1362 1166 1414 Καὶ
1198 1364 1337 1418 κατά
1364 1364 1628 1427 ἀνατολὰς
1655 1369 1773 1437 τρὶς
1805 1383 1973 1435 προσ-

403 1446 583 1496 κυνῶν
614 1449 706 1498 τδν
736 1448 792 1499 ἐν
823 1449 1015 1517 Τριάδι
1047 1451 1203 1517 Θεὸν,
1233 1453 1423 1506 τοῦτον
1447 1455 1663 1523 εὐλογεῖ
1697 1471 1713 1488 ·
1745 1457 1825 1510 δεῖ
1855 1458 1965 1526 γὰρ

404 1535 464 1586 ἐν
492 1537 602 1594 τοῖς
628 1533 769 1590 οῦτω
797 1537 963 1602 θείοις
991 1557 1051 1594 τε
1103 1543 1199 1594 καὶ
1232 1545 1512 1612 μεγίστοις
1561 1545 1668 1599 ἀπὸ
1704 1543 1862 1610 Θεοῦ,
1898 1547 1973 1608 ὡς

404 1627 786 1698 ἐδιδάχθημεν,
823 1630 1108 1700 ἄρχεσθαι,
1136 1633 1230 1688 καὶ
1265 1627 1456 1690 τοῦτον
1483 1636 1592 1706 πρὸ
1621 1637 1840 1690 πάντων
1885 1637 1974 1690 εύ·

403 1717 609 1784 λογεῖνο
658 1721 752 1774 καὶ
797 1722 908 1774 ἀπὸ
963 1723 1096 1777 Θεοῦ
1153 1727 1246 1778 καὶ
1275 1729 1583 1799 προσευχῆς
1612 1729 1970 1798 ἀρχομένους,

402 1807 501 1876 τὴν
570 1811 727 1878 γάριν
789 1815 845 1864 ἐν
897 1816 1107 1879 ἑαυτοῖς
1133 1817 1464 1874 ἐπισπᾶσθαι
1500 1820 1597 1874 τοῦ
1627 1821 1969 1890 Πνεύματος,

2078 640 2260 708 ginem
2283 641 2424 695 cerei
2461 649 2573 698 tres
2605 642 2980 697 accenduntur
3005 641 3059 695 in
3086 639 3321 710 gloriam
3375 649 3432 695 et
3456 649 3638 711 typum

2077 739 2279 787 sanctae
2315 731 2624 797 Trinitatis.
2655 741 2710 788 et
2742 732 2891 804 quod
2915 734 2984 787 ab
3023 747 3086 787 ea
3125 732 3284 786 nobis
3316 732 3498 788 veniat
3521 747 3641 786 om-

2074 821 2161 877 nis
2215 821 2564 888 illuminatio,
2621 832 2674 878 et
2708 823 2878 877 multo
2897 822 3068 891 magis
3107 822 3224 876 haec
3273 821 3640 877 divinissima.

2076 911 2204 967 Ideo
2237 911 2364 967 hinc
2396 914 2598 968 tricerii
2632 908 3059 984 emanatcorigo,
3107 915 3268 983 cuius
3324 930 3461 969 usus
3501 914 3644 980 vigt't

2075 1001 2130 1056 in
2188 1003 2442 1060 omnibus
2495 1005 2669 1060 sacris
2720 1005 2966 1075 episcopi
3025 988 3487 1076 operationibus;
3531 1019 3642 1074 quo

2073 1093 2351 1150 evidenter
2409 1095 2685 1149 indicatur
2739 1095 3040 1163 perfectam
3094 1096 3547 1151 illuminationem
3610 1110 3640 1149 a

2075 1183 2189 1239 sola
2219 1191 2270 1238 et
2299 1183 2536 1252 perfecta
2565 1183 2836 1240 Trinitate
2862 1201 3140 1241 emanare.
3186 1186 3392 1241 Deinde
3433 1185 3642 1254 primus

2075 1275 2456 1343 episc0porum
2481 1276 2900 1342 epitrachelium
2945 1278 3063 1331 sive
3094 1280 3294 1332 stolam
3324 1277 3642 1331 sacerdota-

2078 1367 2207 1432 lem,
2242 1383 2361 1435 qnae
2411 1383 2702 1436 supernam
2751 1369 3007 1437 gratiam,
3065 1379 3123 1424 ut
3174 1371 3436 1432 diximus,
3498 1369 3644 1423 desi-

2075 1469 2226 1528 gnat,
2263 1459 2404 1514 collo
2451 1460 2840 1530 circumponit,
2887 1471 2944 1516 et
2982 1463 3048 1516 ad
3097 1462 3360 1520 orientem
3406 1471 3488 1515 ter
3516 1459 3645 1513 ado-

2075 1558 2182 1614 rat,
2230 1551 2406 1605 'Deum
2448 1551 2504 1605 in
2549 1566 2912 1620 personarum
2969 1550 3236 1607 Trinitate
3293 1550 3641 1606 benedicens.

2075 1640 2134 1695 In
2157 1642 2243 1696 his
2271 1642 2417 1696 enim
2445 1642 2648 1697 divinis
2669 1651 2725 1698 et
2764 1643 3018 1698 maximis
3067 1643 3236 1698 rebus
3275 1656 3304 1696 a
3345 1641 3458 1697 Deo
3511 1641 3647 1695 inci—

2075 1745 2206 1800 pere
2232 1731 2414 1785 edocti
2441 1746 2653 1798 sumus,
2694 1742 2748 1787 ct
2797 1741 2922 1790 ante
2954 1733 3139 1791 omnia
3188 1733 3291 1802 ipsi
3353 1728 3646 1787 benedice-

2077 1835 2160 1886 re,
2193 1823 2592 1891 exordiumque
2621 1839 2651 1876 a
2686 1823 2794 1878 Deo
2819 1832 2874 1878 et
2909 1825 3167 1892 precibus
3221 1823 3487 1877 facientes
3520 1836 3647 1892 gra-

404 1899 494 1949 καὶ
513 1899 655 1952 οὕτω
684 1903 760 1969 τῷ
805 1906 932 1972 θείῳ
953 1908 1220 1978 ἐγχειρεῖν
1251 1911 1416 1979 ἔργῳ.
1446 1911 1544 1964 Διὰ
1568 1911 1725 1964 τοῦτο
1748 1912 1840 1963 καὶ
1866 1912 1969 1964 ὑπὸ

2086 1912 2206 1966 tiam
2233 1912 2475 1981 Spiritus
2497 1913 2562 1968 ad
2592 1929 2691 1969 nos
2718 1915 3013 1979 attrahere,
3039 1915 3227 1983 sicque
3244 1913 3486 1967 divinum
3507 1926 3648 1980 Opus

410 1989 627 2044 πάντων
654 1991 759 2046 τῶν
792 1997 970 2050 ἐκεῖσε
1015 2001 1311 2070 γινομένης
1346 2002 1680 2072 προσευχῆς,
1724 2002 1785 2054 τὸ
1833 2002 1974 2054 θεῖον

406 2082 631 2151 Πνεῦμα
661 2088 1047 2145 ἐπικαλοῦνται
1079 2092 1252 2147 ἐλθεῖν
1278 2098 1372 2149 καὶ
1400 2095 1742 2163 ἐνσκηνῶσαι
1769 2095 1974 2156 αὐτοῖς.

411 2173 539 2228 Εἶτα
567 2178 656 2230 τὸν
687 2183 969 2249 τρισάγιον
998 2184 1168 2252 ὕμνον
1209 2187 1315 2239 τῶν
1338 2188 1586 2255 ἀγγέλων
1611 2188 1974 2257 ὑμνήσαντες.

407 2268 500 2318 καὶ
531 2269 629 2337 τὴν
654 2271 747 2323 τοῦ
780 2273 967 2340 Πάτερ
995 2275 1163 2343 ἡμῶν
1192 2280 1520 2348 προσευχὴν,
1552 2280 1674 2350 ἥτις
1718 2277 1811 2331 τοῦ
1866 2277 1978 2330 Σω-

406 2363 568 2428 τῆρός
615 2363 752 2425 ἐστι,
790 2366 882 2416 καὶ
917 2365 1119 2418 λοιπῶν
1143 2366 1318 2420 ἀλλων
1353 2368 1660 2436 λεγομένων
1712 2370 1977 2438 ἁρμοζόν-

408 2469 515 2503 των
570 2453 648 2522 τῷ
710 2457 1019 2525 μυστηρίῳ,
1065 2457 1148 2523 τὸ,
1195 2476 1214 2509 ι
1253 2459 1553 2526 Εὐλογητὸς
1599 2455 1668 2520 εί.
1718 2460 1920 2529 Χριστέ
1951 2462 1978 2513 6

415 2544 548 2602 Θεὸς
577 2544 757 2611 ἡμῶν.
802 2565 820 2598 r
851 2547 938 2599 διὰ
967 2545 1092 2611 τοὺς
1129 2549 1462 2608 ἀποστόλους
1511 2549 1603 2611 οὒς
1662 2550 1690 2602 6
1745 2552 1982 2618 Χριστὸς

421 2633 719 2698 ἐξελέξατο.
747 2635 815 2689 δι’
848 2637 1027 2692 αὐτῶν
1073 2640 1131 2691 ἐν
1154 2639 1435 2708 Πνεύματι
1485 2642 1622 2712 ἁγίῳ
1651 2641 1749 2712 τὴν
1805 2643 1985 2695 οίκου-

417 2727 586 2796 μένην
620 2730 983 2798 σαγηνεύσας,
1014 2733 1107 2785 καὶ
1130 2733 1208 2795 τὸ,
1242 2751 1259 2783 ι
1285 2733 1370 2795 Ὠς
1398 2734 1454 2785 ὲν
1487 2733 1637 2802 μέσῳ
1667 2735 1773 2788 τῶν
1807 2735 1982 2804 μαθη-

416 2824 523 2875 τῶν
557 2839 652 2875 σου
690 2826 991 2894 παρεγένου
1016 2827 1224 2896 Σωτὴρ,
1258 2829 1345 2880 ἵνα
1376 2829 1472 2880 xui.
1505 2830 1604 2882 σὺν
1633 2829 1819 2893 αὐτοῖς
1847 2831 1983 2901 Χρι-

421 2915 543 2977 στὸς
572 2917 802 2983 γένοιτο,
847 2935 867 2968 ι
900 2919 992 2970 καὶ
1024 2920 1104 2982 τὸ,
1133 2935 1152 2970 t
1187 2919 1264 2988 Τῇ
1295 2921 1584 2991 πρεσϐείᾳ,
1610 2920 1805 2991 Κύριε,
1854 2922 1986 2976 πάν-

420 3025 526 3060 των
560 3007 668 3062 τῶν
690 3010 866 3076 ἁγίων
895 3011 989 3063 καὶ
1019 3011 1115 3079 τῆς
1153 3013 1441 3080 Θεοτὸκου,
1473 3032 1492 3066 ι
1555 3014 1642 3066 ἵνα
1690 3015 1757 3067 δι’
1807 3016 1986 3070 αὐτῶν

415 3105 514 3167 τῆς
542 3102 688 3164 θείας
725 3104 948 3174 εἰρήνης
976 3104 1073 3158 τοῦ
1109 3105 1349 3174 Χριστοῦ
1379 3106 1704 3176 ἐπιτύχωσι.
1766 3109 1860 3163 καὶ
1909 3109 1984 3173 ώς

2075 2003 2315 2071 aggredi.
2331 2003 2456 2059 Ideo
2481 2003 2620 2059 facta
2641 2020 2798 2074 prece
2815 2007 2884 2060 ab
2898 2005 3150 2060 omnibus
3175 2003 3264 2073 qui
3286 2003 3394 2058 illic
3413 2003 3646 2065 sunt,in-

2076 2103 2304 2150 vocatur
2321 2096 2538 2151 divinus
2558 2097 2792 2164 Spiritus
2817 2106 2877 2151 ut
2915 2096 3186 2163 adveniat,
3224 2104 3279 2150 et
3305 2095 3571 2150 inhabitet
3591 2095 3646 2148 in

2076 2187 2178 2242 eis.
2201 2185 2416 2253 Postea,
2450 2189 2674 2258 trisagio
2699 2189 3014 2258 angelorum
3045 2189 3244 2258 hymno
3259 2189 3570 2253 decantata,
3595 2197 3650 2242 et

2079 2295 2238 2349 prece
2263 2279 2426 2334 Pater
2471 2291 2650 2336 noster
2692 2282 2944 2346 recitata,
2985 2296 3106 2350 quae
3130 2281 3429 2338 Salvatoris
3461 2290 3566 2347 est,
3595 2289 3650 2334 et

2081 2369 2303 2437 reliquis
2329 2369 2448 2424 aliis
2466 2369 2623 2425 dictis
2639 2385 2759 2440 quae
2779 2370 3040 2441 mysterio
3059 2370 3408 2432 conveniunt,
3428 2376 3646 2438 utpote:

2088 2475 2104 2510 ι
2144 2457 2469 2512 Benedictus
2495 2474 2578 2524 es,
2595 2459 2812 2514 Christe
2835 2459 2978 2516 Deus
3000 2468 3209 2522 noster,
3229 2478 3250 2513 ι
3279 2469 3496 2526 propter
3521 2471 3652 2526 apo-

2083 2548 2258 2602 stolos
2288 2563 2427 2617 quos
2453 2549 2709 2606 Christus
2732 2550 2918 2620 elegit,
2943 2565 3036 2619 per
3063 2564 3157 2606 eos
3185 2551 3238 2604 in
3286 2549 3492 2618 Spiritu
3517 2563 3650 2604 san~

2083 2644 2173 2690 cto
2236 2646 2436 2693 terram
2488 2639 2802 2694 universam
2856 2641 3109 2709 indagine
3137 2640 3306 2695 cinxit
3348 2647 3403 2695 et
3445 2641 3588 2708 cepit
3625 2655 3644 2704 ;

2085 2735 2139 2781 et
2167 2727 2296 2781 illud
2321 2746 2336 2783 :
2376 2747 2394 2780 ι
2413 2727 2579 2784 Velut
2597 2729 2650 2784 in
2672 2729 2909 2786 medium
2933 2730 3326 2801 discipulorum
3355 2729 3648 2790 advenisti.

2085 2833 2118 2873 ο
2140 2816 2412 2884 Salvator,
2437 2829 2495 2874 ut
2516 2836 2640 2876 cum
2671 2821 2806 2892 ipsis
2823 2822 3076 2878 Christus
3106 2830 3284 2888 esset;
3328 2841 3347 2874 ι
3382 2829 3437 2877 et
3469 2821 3648 2876 istud:

2093 2927 2112 2961 ι
2149 2908 2540 2968 intercessione
2569 2915 2812 2968 omnium
2835 2924 3149 2970 sanctorum
3175 2923 3229 2969 et
3257 2913 3518 2984 Deiparae,
3545 2931 3564 2964 ι
3592 2921 3652 2968 ut

2088 3016 2180 3069 per
2231 3001 2378 3071 ipsos
2418 3003 2658 3058 divinam
2713 3003 2917 3060 Christi
2970 3021 3159 3076 pacem
3217 3014 3648 3074 consequantur.

2087 3091 2154 3148 Et
2187 3093 2336 3150 sicut
2360 3096 2537 3150 sancti
2566 3090 2868 3152 concordes
2884 3113 3004 3151 cum
3031 3111 3168 3166 pace
3202 3077 3420 3167 Christo
3451 3096 3654 3150 uniun-

417 3195 467 3246 ol.
492 3193 634 3260 ἅγιοι
665 3193 940 3283 σύμφῌωνοι
969 3197 1063 3249 καὶ
1116 3195 1196 3265 τῷ
1256 3197 1478 3266 Χριστῷ
1521 3198 1812 3268 ἡνωμένοι,
1870 3197 1984 3269 μετ’

2091 3193 2201 3250 tur,
2227 3185 2307 3240 sic
2355 3193 2412 3241 et
2457 3185 2536 3241 illi
2594 3187 2940 3243 concorditer
3003 3187 3328 3244 electionem
3367 3195 3423 3241 et
3470 3187 3651 3243 divina

417 3284 641 3353 sipﬂyq;
661 3284 754 3337 καὶ
771 3277 917 3338 οὗτοι
941 3287 1036 3339 καὶ
1064 3286 1371 3355 συμφώνως
1387 3288 1486 3357 τὴν
1509 3289 1810 3342 ἐπισκόπου
1832 3290 1987 3343 ἐκλο-

417 3380 522 3444 γὴν
555 3378 648 3430 καὶ
677 3379 774 3438 τὰς
812 3375 962 3439 θείας
989 3379 1208 3447 ψήφους
1233 3377 1551 3443 τελέσωσιν,
1578 3380 1771 3450 ἐκτενῆ
1798 3379 1985 3450 δέησιν

421 3470 674 3532 ποιεῖται,
707 3467 864 3538 154
890 3468 1157 3538 πρότερον
1192 3468 1465 3538 θυμιάσας
1501 3471 1580 3531 εἰς
1624 3469 1859 3539 δήλωσιν
1887 3471 1988 3537 τῆς

421 3560 714 3621 ἐπιθυμίας
740 3561 836 3630 τῆς
858 3560 1081 3629 χάριτος
1107 3560 1134 3610 6
1155 3559 1518 3629 ἐναρξάμενος
1539 3561 1853 3630 ἀρχιερεύς.
1878 3562 1989 3615 Καὶ

420 3649 529 3698 τῶν
555 3647 817 3714 βασιλέων
846 3647 1070 3717 μνηθεὶς
1098 3647 1173 3709 ὡς
1208 3649 1446 3702 ἐκδίκων
1481 3650 1581 3716 τῆς
1629 3650 1978 3720 Ἐκκλησίας,

425 3743 521 3794 καὶ
545 3742 638 3794 τοῦ
655 3743 1084 3812 ἀρχιεπισκόπου
1103 3744 1176 3805 ὡς
1201 3743 1382 3812 πηγῆς
1414 3742 1567 3806 ὄντος
1581 3745 1638 3797 ἐν
1664 3742 1882 3813 Χριστῷ
1911 3743 1990 3815 τῷ

425 3833 487 3884 ἐν
509 3831 635 3882 εῖδει
664 3830 903 3898 πυρίνων
921 3829 1181 3897 γλωσσῶν
1203 3830 1265 3882 τὸ
1295 3830 1518 3898 Πνεῦμα
1534 3831 1643 3891 τοῖς
1668 3830 1988 3892 ἀποστόλοις

424 3922 786 3991 ἐκπέμψαντι,
815 3925 912 3990 τῆς
938 3921 1087 3984 θείας
1113 3919 1416 3990 ἱερωσύνης
1459 3919 1556 3973 καὶ
1606 3919 1706 3986 τῆς
1762 3919 1990 3987 ἀδελφό-

421 4030 583 4083 τητος
609 4013 716 4066 τῶν
744 4011 1046 4082 ἀρχιερέων
1097 4010 1300 4082 δηλαδὴ
1330 4010 1407 4072 ώς
1446 4009 1730 4080 ὁμοταγῶν
1783 4012 1849 4081 τῇ
1893 4009 1991 4080 χά-

425 4121 534 4174 ριτι
578 4106 670 4157 καὶ
725 4102 1005 4172 συνεργῶν
1038 4103 1133 4154 καὶ
1191 4099 1636 4164 συνεπισκόπων,
1665 4098 1990 4164 ἀπολύσεως

421 4195 713 4263 γενομένης
743 4195 832 4246 ἐπ’
856 4193 1178 4263 εὐχαριστίᾳ
1209 4192 1364 4256 Θεοῦ,
1393 4191 1484 4244 διὰ
1515 4191 1616 4260 τῆς
1663 4190 1825 4255 ἁγίας
1888 4191 1990 4243 αύ-

383 4286 513 4341 ’.τοῦ
536 4284 758 4354 Μητρὸς
787 4283 882 4336 καὶ
912 4284 1020 4336 τῶν
1041 4283 1356 4336 ἀποστόλων
1383 4279 1573 4346 αὐτοῦ,
1599 4278 1669 4334 δι’
1705 4274 1782 4334 ὧν
1831 4281 1865 4350 ἡ
1887 4280 1990 4352 χά-

423 4396 507 4448 ρις
543 4374 636 4428 τοῦ
664 4373 797 4428 Θεοῦ
828 4377 1164 4443 χορηγεῖται,
1200 4373 1293 4426 καὶ
1348 4373 1568 4427 πάντων
1627 4372 1736 4426 τῶν
1797 4372 1988 4440 ἁγίων,

397 4466 511 4527 νίνα
546 4463 631 4514 ἐπ’
660 4461 856 4523 αὐτοὺς
891 4461 1036 4514 ἔλθοι
1059 4461 1119 4513 τὸ
1141 4461 1282 4513 θεῖον
1307 4461 1479 4524 ἔλεος,
1507 4459 1804 4530 εὐξάμενος
1847 4461 1988 4530 ὑπὲρ

2088 3275 2348 3346 suﬂ‘ragia
2370 3278 2677 3348 perﬁciant.
2703 3278 3006 3348 Episcopus
3027 3279 3263 3335 cilicium
3289 3279 3512 3335 initians
3527 3294 3655 3333 ora-

2088 3370 2294 3424 tionem
2327 3381 2612 3425 extensam
2645 3371 2984 3440 pronuntiat,
3020 3371 3166 3426 facto
3198 3370 3351 3440 prius
3381 3371 3437 3424 in
3484 3370 3654 3440 signi—

2087 3461 2400 3516 ficationem
2428 3462 2696 3517 adventus
2727 3462 2918 3534 gratia:
2967 3462 3146 3518 thuris
3167 3461 3474 3518 sudimento
3505 3461 3654 3529 ;im-

2087 3560 2396 3623 peratorum
2423 3564 2639 3624 quoque
2670 3554 2940 3621 meminit,
2991 3563 3055 3610 ut
3082 3553 3340 3610 Ecclesiae
3400 3553 3652 3610 defenso-

2087 3659 2232 3708 rum,
2262 3652 2314 3697 et
2343 3644 2766 3715 archiepiscopi,
2793 3652 2854 3700 ut
2883 3645 2936 3700 in
2968 3645 3195 3702 Christo
3227 3646 3504 3716 pauperis,
3554 3645 3652 3714 qui

2089 3733 2145 3790 in
2172 3735 2343 3804 figura
2376 3735 2684 3802 linguarum
2717 3734 3091 3790 ﬂammearum
3123 3736 3354 3790 immisit
3420 3734 3476 3789 in
3521 3748 3656 3804 apo-

2092 3824 2267 3880 atolos
2294 3823 2555 3894 Spiritum
2604 3831 2882 3878 sanctum.
2913 3823 3158 3880 Meminit
3183 3826 3348 3881 etiam
3369 3825 3535 3880 divini
3567 3839 3658 3880 sa-

2090 3916 2344 3978 cerdotii,
2404 3925 2460 3970 et
2507 3915 2870 3971 fraternitatis
2899 3915 3247 3985 episcopalis,
3308 3931 3501 3985 nempe
3559 3930 3656 3984 per

2091 4006 2324 4074 gratiam
2361 4005 2508 4059 velut
2540 4005 2783 4076 ejusdem
2803 4004 3037 4068 ordinis,
3055 4012 3112 4059 et
3130 4004 3654 4070 comministrorum,

2091 4102 2147 4150 et
2188 4095 2658 4165 coepiscoporum.
2693 4094 2830 4175 Tym
2867 4095 2928 4150 ﬁt
2961 4093 3212 4150 dimissio
3258 4094 3313 4150 in
3357 4094 3651 4167 gratiarum

2090 4184 2307 4238 actione
2334 4184 2442 4240 Deo
2464 4199 2558 4254 per
2585 4193 2830 4255 sanctam
2868 4185 2986 4254 ejus
3010 4185 3260 4251 Matrem,
3288 4196 3342 4241 et
3383 4184 3656 4255 apostolos

2090 4287 2222 4330 suos
2269 4289 2366 4339 per
2410 4252 2550 4344 quos
2602 4252 2776 4343 gratia
2829 4252 2924 4331 Dei
2974 4275 3343 4344 dispensatur,
3407 4252 3653 4332 omnium

2090 4379 2312 4434 quoque
2340 4377 2680 4432 sanctorum,
2712 4374 2772 4422 ut
2809 4381 2974 4437 super
3007 4381 3104 4424 eos
3149 4367 3444 4424 descendat
3475 4366 3656 4422 divina

2092 4453 2490 4510 misericordia.
2554 4455 2797 4527 Denique
2835 4456 3096 4527 precibus
3138 4473 3238 4528 pro
3291 4458 3527 4513 invicem
3579 4456 3658 4511 fa-

424 4555 686 4620 ἀλλήλων,
721 4553 815 4605 κοιλ⁴
850 4551 1200 4621 συγχώρησιν
1238 4551 1421 4612 δόντες
1476 4549 1726 4622 ἀλλήλοις
1767 4551 1856 4604 διὰ
1891 4550 1984 4619 τὴν

2095 4546 2199 4602 ctis
2220 4548 2521 4601 secundum
2546 4548 2786 4604 divinum
2806 4557 3133 4620 praeceptum
3160 4550 3349 4604 sedent
3375 4552 3440 4605 ad
3458 4549 3657 4605 suffra-

423 4648 484 4699 τὸ
507 4643 763 4715 εῦχεσθαι
800 4643 940 4710 ὑπὲρ
966 4641 1217 4710 ἀλλήλων
1267 4641 1538 4709 λέγουσαν
1591 4641 1836 4711 ἐντολὴν,
1893 4641 1994 4695 κά-

430 4737 620 4805 θηνται
647 4734 742 4786 τοῦ
773 4731 1138 4801 ψηφίσασθαι.
1202 4732 1486 4798 Κάθηνται
1533 4731 1591 4784 δὲ
1649 4732 1993 4802 ἑκατέρωθεν

433 4829 531 4897 μὲν
561 4828 610 4879 οἱ
633 4827 910 4894 ἀρχιερεῖς
934 4824 1034 4876 οὐκ
1055 4823 1147 4876 ἐπὶ
1171 4823 1377 4892 θρόνων
1403 4822 1521 4876 ἀλλ’
1548 4822 1644 4876 ἐπὶ
1679 4823 1994 4893 σκιμπόδων

429 4917 591 4971 τινῶν
653 4913 908 4985 μικρῶν·
962 4914 1085 4965 ἐπεὶ
1128 4911 1156 4962 6
1208 4912 1645 4981 ἀρχιεπίσκοπος
1691 4914 1871 4966 ἐκεῖσε
1932 4910 1994 4964 ού

431 5012 698 5079 πάρεστιν
735 5025 750 5038 ο
783 5009 812 5059 6
843 5003 1188 5076 χαρτοφύλαξ
1237 5003 1293 5055 δὲ
1329 5003 1495 5072 μέσον
1537 5003 1716 5057 αὐτῶν
1771 5002 1994 5072 ὁμοίως,

433 5104 572 5170 πλὴν
603 5098 882 5169 ὑπεράνω,
919 5096 1012 5148 τὸν
1041 5094 1207 5147 τόπον
1234 5093 1331 5146 τοῦ
1382 5095 1816 5164 ἀρχιεπισκόπου
1863 5095 1997 5164 πλη-

437 5193 570 5261 ρῶν,
603 5191 661 5253 ὃς
694 5189 792 5242 καὶ
824 5186 1002 5256 ἐρωτᾷ
1026 5185 1132 5238 ἀπὸ
1160 5184 1254 5237 τοῦ
1286 5185 1507 5254 πρώτου
1556 5185 1664 5237 τῶν
1696 5185 1999 5254 ἀρχιερέων

434 5282 577 5334 κατά
627 5280 782 5343 τάξιν
833 5277 1067 5330 ἕκαστον
1123 5275 1224 5343 τὴν
1265 5273 1491 5342 γνώμην
1525 5274 1722 5329 εἰπεῖν.
1760 5276 2000 5345 Συμφω-

435 5363 651 5432 νοῦντες
681 5367 774 5422 οὖν
803 5370 862 5421 ἐν
897 5365 1172 5436 προσώπῳ
1202 5366 1303 5428 ἐνί,
1338 5364 1396 5427 ὃς
1425 5363 1572 5429 ἄξιος
1598 5365 1695 5432 τῆς
1721 5367 1999 5435 ίεραρχίας

437 5464 572 5528 ἐστὶ,
603 5462 663 5514 τὸ
692 5461 862 5526 ὄνομα
908 5457 1117 5512 τούτου·
1147 5457 1299 5526 παρά
1342 5455 1437 5509 τοῦ
1499 5443 1932 5527 Χαρέοφύλακοῦ
1964 5458 2000 5527 ἦ

436 5569 578 5612 τινος
604 5549 765 5603 ἄλλου
791 5547 1066 5618 ὑπηρέτου
1099 5545 1364 5617 παρόντος
1397 5545 1494 5599 καὶ
1549 5547 1700 5600 κάτω
1757 5547 2002 5616 καθημέ-

437 5657 555 5704 νου,
579 5639 638 5690 ἐν
667 5637 846 5708 χάρτῃ
875 5636 1147 5706 γράφεται
1201 5634 1632 5704 ἀποτεταγμένῳ
1688 5634 1771 5697 είς
1816 5633 1999 5689 τοῦτο.

439 5731 514 5783 Οὐ
549 5729 732 5782 πολλοὶ
749 5728 804 5779 δὲ
831 5727 1084 5797 πάρεισιν
1107 5725 1247 5788 ἐκεῖ,
1285 5726 1331 5778 εἰ
1363 5726 1437 5794 μὴ
1484 5727 1536 5778 οί
1564 5727 1840 5796 ἀρχιερεῖς
1905 5725 2001 5794 μό-

441 5835 543 5885 νοι,
579 5818 672 5872 καὶ
698 5819 724 5872 ὁ
755 5815 1100 5888 χαρτοφύλαξ
1134 5815 1230 5868 σὺν
1262 5815 1516 5885 ὑπηρέτῃ
1548 5815 1625 5884 τῷ
1668 5815 2001 5886 ὑπομνημα-

2094 4637 2176 4705 gia
2212 4637 2542 4707 colligenda.
2579 4637 2784 4694 Sedeat
2837 4649 3020 4695 autem
3055 4641 3300 4711 episcopi
3331 4656 3395 4695 ex
3426 4649 3658 4708 utraque

2093 4735 2270 4794 parte,
2299 4741 2408 4780 non
2438 4741 2606 4796 super
2631 4712 2882 4794 thronos,
2932 4729 3024 4783 sed
3053 4743 3221 4798 super
3251 4729 3485 4784 scabella
3506 4744 3658 4798 qua:-

2093 4818 2217 4871 dam
2250 4831 2438 4886 parva,
2488 4831 2612 4871 cum
2652 4817 2766 4872 illic
2811 4833 2925 4872 non
2973 4818 3116 4874 adsit
3165 4820 3656 4890 archiepiscopus;

2097 4908 2489 4979 chartophylax
2521 4918 2700 4963 autem
2735 4909 2989 4966 similiter
3019 4910 3076 4965 in
3122 4911 3304 4966 medio
3341 4926 3530 4966 eorum
3571 4925 3654 4966 se-

2097 5001 2218 5055 dem
2245 5001 2427 5068 hahet,
2457 5003 2550 5058 sed
2583 5004 2946 5073 superiorem,
2974 5021 3041 5062 eo
3062 5006 3210 5076 quod
3254 5005 3657 5076 archiepiscopi

2097 5090 2276 5145 locum
2305 5101 2555 5160 occupet,
2604 5093 2697 5162 qui
2725 5100 2780 5148 et
2828 5096 3158 5150 sententiam
3214 5108 3657 5166 unumquemque

2099 5191 2275 5250 rogat,
2309 5181 2379 5236 ab
2409 5182 2792 5253 episcoporum
2837 5186 3015 5254 primo
3066 5185 3356 5254 incipiens,
3383 5195 3437 5238 et
3465 5199 3658 5239 secun-

2100 5273 2228 5326 dum
2252 5271 2500 5327 ordinem
2560 5277 2882 5343 procedens.
2938 5276 3352 5332 Consentientes
3409 5274 3574 5343 igitur
3604 5273 3687 5340 in

2103 5377 2266 5417 unam
2326 5377 2638 5434 personam,
2698 5373 2757 5421 ut
2811 5365 3126 5434 episcOpatu
3189 5365 3432 5435 dignam,
3485 5364 3660 5432 ipsius

2101 5469 2298 5508 nomen
2333 5470 2363 5508 a
2404 5454 2852 5525 chartophylace,
2898 5455 2982 5510 vel
3023 5456 3208 5532 aliquo
3259 5456 3366 5510 alio
3408 5454 3662 5512 ministro

2103 5553 2389 5614 praesente,
2416 5553 2471 5600 et
2495 5544 2726 5600 inferius
2767 5547 3011 5610 sedente,
3058 5546 3116 5600 in
3171 5547 3361 5602 charta
3405 5546 3664 5602 scribitur

2103 5635 2169 5688 ad
2199 5635 2300 5690 hoc
2329 5644 2652 5704 praeparata.
2711 5634 2825 5689 Illic
2845 5645 3029 5691 autem
3081 5636 3242 5691 multi
3279 5653 3384 5692 non
3443 5638 3663 5706 adsunt,

2104 5733 2584 5794 proptersecretas
2637 5725 3028 5795 inquisitiones
3077 5742 3199 5797 quae
3251 5727 3447 5784 ibidem
3504 5729 3660 5795 ﬁunt,

2105 5818 2196 5871 scd
2231 5815 2473 5887 episcopi
2502 5816 2626 5884 soli,
2674 5827 2726 5874 et
2781 5819 3168 5890 chartOphylax
3233 5836 3355 5876 cum
3414 5819 3664 5875 ministro
