4126 6268
403 334 522 394 4135

1435 354 1532 421 DE
1570 356 1841 418 SACRIS
1888 358 2574 431 ORDINATIONIBUS.

3538 379 3648 444 4ῦό

409 449 624 556 χέρεὺς
657 451 746 504 τὸν
788 455 1072 524 κρείττονα
1117 460 1228 514 τῶν
1289 463 1621 532 ἐκλεγέντων
1671 469 1945 536 ἐκλέγεται

2057 470 2220 531 .tibus
2249 487 2431 534 autem
2457 481 2526 536 iis
2546 481 2638 552 qui
2673 482 2930 556 suffragia
2961 485 3220 555 tulerunt,
3246 496 3304 545 ut
3335 489 3515 547 omnis
3561 493 3646 548 af-

405 535 498 608 οἷᾶ
547 558 633 604 τις
681 543 880 614 κλῆρος
923 547 1065 612 θεῖος
1104 552 1263 616 αὐτὸς
1312 555 1739 626 ιναπολειφθείς.
1785 535 1851 614 Ei
1877 560 1945 616 οὗ·

2075 563 2248 620 fectus
2277 567 2501 624 humani
2529 535 2753 628 occasio
2782 535 3027 644 tollatur,
3059 594 3292 649 magnus
3331 581 3646 653 episcopus,

407 631 642 702 ἀγνότης
679 638 1040 706 συνειδήσεως
1067 643 1300 700 ἐνταῦθα
1335 649 1444 716 εἴη,
1478 649 1553 713 ὡς
1591 651 1687 705 καὶ
1730 651 1945 717 ἐλπίζω

2072 657 2524 725 quemadmodum
2550 677 2672 719 sors
2705 665 2886 736 aliqua
2913 631 3098 729 divina
3131 631 3645 740 εἶξιῖτᾷἶιᾶᾆξῖιεί

406 721 546 815 figi,
569 724 686 788 πῶς
715 727 815 782 οὐκ
836 728 903 783 ἂν
928 731 988 785 τὸ
1017 733 1112 786 τοῦ
1149 735 1285 790 Θεοῦ
1311 739 1400 802 είς.
1420 739 1570 804 τέλος
1607 742 1806 814 ἐκϐαίη
1843 744 1968 815 βού-

404 810 554 884 λημα
587 831 616 881 ;.

955 1093 1205 1154 ΚΕΦᾹΔ.
1239 1097 1399 1166 Ριιεκ

1747 1149 1766 1184 Ι

402 1195 547 1260 Ὅτι,
574 1196 662 1266 μὴ
676 1198 1259 1287 βονληθέγςωνντῷν
1293 1209 1740 1284 ψηφισθέντων,
1775 1220 1968 1287 ἕτεραι

921 1276 1118 1345 ψῆφοι
1147 1276 1431 1348 rimi-td}.

485 1357 542 1412 Ὀ
585 1362 765 1416 τοίνυν
797 1363 1096 1435 διακριθεὶς
1139 1370 1358 1438 πρῶτος
1403 1373 1499 1428 καὶ
1559 1377 1820 1446 μηνυθεὶς
1870 1381 1966 1436 καὶ

399 1446 712 1517 δεξάμενος,
744 1454 793 1504 εί
825 1454 871 1506 δ’
900 1451 1014 1519 οὖν,
1045 1459 1073 1510 6
1103 1459 1368 1532 δεύτερος.
1419 1464 1453 1536 ἢ
1485 1467 1513 1518 6
1542 1467 1742 1536 τρίτος.
1797 1471 1858 1524 El
1907 1473 1964 1526 δὲ

401 1535 476 1606 μὴ
502 1536 811 1610 βουληθεῖεν
843 1546 1067 1614 ἐκεῖνοι,
1106 1548 1308 1618 ὁμοίως
1335 1535 1496 1607 πάλιν
1542 1535 1748 1624 ἑτέρων
1797 1559 1966 1629 ψηφι-

399 1625 666 1695 ζομένων,
712 1632 771 1700 ὲξ
822 1636 1000 1690 αὐτῶν
1055 1639 1115 1692 οὐ
1178 1641 1464 1713 βουληθεὶς
1517 1647 1612 1699 καὶ
1671 1625 1964 1720 ὑποταγεὶς

2071 762 2190 801 rum
2220 748 2371 805 solus
2399 752 2552 823 eligit
2581 755 2648 810 de
2676 759 2858 815 tribus
2884 759 2995 830 jam
3047 762 3238 819 electis
3297 767 3644 834 praestantio-

2071 851 2204 891 rem.
2238 837 2296 893 Si
2327 855 2460 910 ergo
2485 847 2715 903 castitas
2732 859 2785 904 et
2809 850 3018 920 puritas
3042 853 3396 911 conscientia:
3428 856 3516 911 hic
3546 856 3645 912 ad-

2068 924 2158 989 sit,
2194 938 2252 983 ut
2272 944 2372 997 ego
2388 945 2570 1001 spero,
2594 940 2867 1004 quomodo
2896 939 2990 998 Dei
3016 943 3266 1001 voluntas
3284 959 3506 1014 scopum
3530 960 3641 1000 nou

2067 1019 2292 1089 attinget
2313 1021 2356 1076 '?

2626 1118 2852 1176 CAPUT
2869 1121 3072 1179 CXCV.

2252 1222 2446 1280 Electis
2477 1229 2793 1299 nolentibus,
2815 1233 2924 1287 alia
2947 1233 3130 1288 electio
3154 1239 3459 1303 suscipitur.

2134 1379 2424 1451 Propterea
2459 1386 2553 1453 qui
2587 1387 2796 1456 primus
2829 1389 2895 1444 ab
2925 1389 3497 1459 episcOpisjudicatus
3524 1393 3640 1447 fue-

2063 1467 2134 1524 rit
2173 1469 2393 1541 dignus,
2418 1473 2686 1533 electione
2717 1477 2789 1531 illi
2811 1478 3144 1547 signiﬁcata,
3171 1480 3217 1534 si
3249 1495 3366 1535 eam
3385 1490 3635 1551 accepta-

2061 1562 2200 1616 νει-ῆι
2233 1563 2302 1630 (si
2331 1579 2466 1620 vero
2497 1581 2629 1632 non,
2654 1570 2955 1637 secundus,
2987 1571 3070 1626 vel
3127 1573 3323 1628 tertius
3358 1588 3375 1640 ;
3407 1573 3454 1628 si
3508 1589 3638 1628 vero

2060 1649 2351 1708 noluerunt
2379 1655 2481 1717 illi,
2505 1656 2702 1712 iterum
2733 1660 2821 1713 alii
2851 1661 3108 1742 similiter
3151 1662 3452 1732 eliguntur)
3505 1665 3638 1734 qui-

397 1721 761 1792 προσὲρχεται
791 1725 866 1796 τῷ
888 1729 1109 1801 μεγάλῳ
1136 1732 1401 1803 ἀρχιερεῖ.
1443 1738 1534 1788 καὶ
1561 1737 1716 1825 λόγον
1747 1740 1945 1797 δίδωσιι

2061 1753 2299 1811 cunque,
2336 1743 2586 1814 inquam,
2621 1762 2684 1802 ex
2712 1747 2820 1804 illis
2841 1731 3158 1808 electionem
3184 1763 3464 1825 acceptare
3479 1755 3638 1824 eique

393 1809 468 1871 ὡς
496 1813 852 1885 καταδέχεται
886 1819 983 1888 τὴν
1012 1821 1109 1892 τῆς
1164 1823 1488 1894 Ἐκκλησίας
1523 1803 1738 1883 τελέσάι
1769 1833 1945 1887 ἐπιτα-

2189 1803 2215 1811 -ν
2287 1803 2296 1809 .
2414 1803 2427 1814 .
2573 1803 2585 1813 ,
2808 1803 3634 1825 "ure—ww.--—

2065 1847 2126 1886 se
2179 1835 2502 1892 submittere
2559 1838 2816 1904 voluerit,
2877 1841 2941 1895 ad
2997 1857 3252 1913 magnum
3318 1846 3634 1914 episcopum

395 1901 501 1970 γήν
527 1915 541 1930 ⁸
577 1907 672 1960 καὶ
702 1913 1104 1981 προσκυνήσας,
1128 1916 1186 1969 τὸ
1217 1916 1378 1988 ἔργον
1416 1921 1661 1992 πληροῦν
1717 1925 1962 1980 καθυπόη

397 2007 606 2061 σχεται.
637 1997 747 2051 Καὶ
782 2001 1039 2072 ἀρραϐὼν
1059 2006 1216 2060 τοῦτο
1245 2010 1344 2080 ἤδη
1371 2014 1629 2082 τυγχάνει
1657 2032 1957 2084 πνευματι-

396 2084 488 2176 κός
514 2101 528 2116 ο
558 2088 614 2143 εί
641 2089 748 2158 γὰρ
770 2094 798 2144 6
830 2094 970 2164 πρὸς
997 2097 1320 2168 ἀνθρώπους
1360 2102 1520 2171 λόγον
1572 2104 1696 2169 δοὺς
1752 2107 1814 2160 οὐ
1869 2107 1956 2176 βέ-

393 2172 544 2236 ϐαιος
572 2176 804 2245 ἀθετῶν,
833 2186 1014 2256 πολλῷ
1045 2190 1247 2258 μᾶλλον
1273 2194 1302 2246 6
1329 2193 1463 2260 πρὸς
1507 2194 1638 2252 Θεόν
1669 2212 1681 2225 '
1732 2197 1823 2249 καὶ
1854 2172 1955 2266 ἤδη

393 2265 676 2324 κελεύεται
707 2272 965 2330 ἀπελθεῖν
996 2281 1091 2335 καὶ
1141 2283 1548 2354 ὲτοιμασθῆναι.

950 2548 1202 2605 ΚΕΦΑΛ.
1239 2553 1413 2621 Ριςν.

741 2639 932 2706 Ὅπως
958 2643 1025 2696 τὸ
1062 2643 1312 2713 μήνυμα
1356 2647 1602 2714 γίνεται.

462 2726 634 2781 Τοῦτο
659 2727 716 2781 δέ
743 2731 860 2784 ἐστι
881 2732 941 2785 τὸ
960 2734 1068 2787 τῶν
1097 2735 1564 2806 συναλλαγμάτων
1579 2740 1835 2809 γενέσθαι
1861 2745 1954 2799 καὶ

391 2817 495 2869 τῶν
535 2820 825 2891 μνήστρων
847 2821 962 2886 τὰς.
989 2824 1265 2896 ἀπαρχάς.
1293 2828 1404 2888 Καὶ
1428 2831 1462 2900 ἡ
1502 2831 1685 2907 ἡμέρα
1745 2853 1950 2904 προκα-

389 2915 767 2981 ταγγέλλεται.
812 2917 921 2972 Καὶ
958 2922 990 2987 ἡ
1049 2919 1346 2991 Ἐκκλησία
1418 2928 1569 2982 πᾶσα
1634 2932 1947 3000 συνάγεται,

388 3009 569 3075 πάσης
590 3008 796 3073 τάξεως
838 3011 1321 3084 συναθροισθείσης
1341 3016 1480 3085 ὁμοῦ
1514 3033 1529 3050 ⁸
1564 3020 1658 3074 ἐπὶ
1693 3022 1803 3092 γὰρ
1831 3003 1951 3093 Θεῷ

2065 1925 2372 1995 adducitur,
2405 1935 2607 1984 etcum
2633 1945 2699 1986 eo
2731 1933 2894 1987 verba
2919 1933 3068 1999 facit,
3097 1950 3164 1989 an
3213 1935 3285 1992 sit
3339 1951 3460 1992 eam
3509 1951 3635 1993 sus-

2063 2025 2346 2085 cepturus,
2376 2027 2430 2073 et
2457 2020 2833 2089 completurus
2864 2021 3122 2079 Ecclesiae
3173 2026 3512 2081 mandatum.
3568 2026 3637 2081 Et

2063 2105 2416 2162 inclinatione
2442 2107 2584 2163 facta
2620 2124 2680 2166 se
2734 2125 2875 2180 opus
2929 2112 3274 2181 impleturum
3320 2115 3630 2184 pollicetur.

2065 2195 2176 2250 lloc
2194 2197 2304 2266 jam
2333 2199 2608 2255 arrhabon
2655 2207 2710 2254 et
2741 2201 2933 2271 pignus
2963 2212 3050 2258 est
3073 2203 3379 2272 spirituale.
3411 2205 3468 2261 Si
3487 2207 3630 2261 enim

2061 2291 2248 2346 datum
2285 2291 2602 2356 hominibus
2634 2295 2860 2350 verbum
2893 2295 3104 2353 firmum
3125 2301 3628 2364 est,necirritatnr.

2061 2378 2235 2433 multo
2257 2381 2430 2450 magis
2450 2384 2592 2450 quod
2627 2382 2735 2438 Deo
2764 2383 2947 2442 datur.
2983 2384 3078 2442 llis
3111 2390 3247 2446 actis
3314 2404 3440 2444 mox
3481 2390 3632 2447 abire

2058 2468 2339 2538 jubeturet
2372 2475 2685 2542 praeparari.

2582 2567 2812 2625 CAPUT
2870 2570 3097 2627 CXCVI.

2451 2654 2726 2720 Quomodo
2751 2661 2848 2726 ﬁat
2885 2662 3244 2722 renumiatia.’

2131 2743 2233 2797 Ista
2265 2755 2395 2800 sunt
2423 2749 2683 2818 nuptialis
2721 2750 2944 2806 hederis
2969 2760 3024 2807 et
3057 2753 3383 2821 arrbabonis
3433 2757 3627 2824 primi-

2058 2831 2164 2886 tiaz.
2196 2833 2318 2890 Dies
2348 2835 2512 2892 etiam
2577 2839 2729 2908 prius
2781 2842 3157 2909 annuntiatur,
3211 2860 3316 2914 qua
3373 2847 3627 2904 universa

2057 2921 2296 2978 Ecclesia
2322 2927 2485 2980 simul
2539 2943 2660 2983 cum
2725 2931 3002 2988 universis
3057 2934 3345 2991 ordinibus
3396 2950 3629 3005 congre-

2056 3020 2232 3080 getur.
2259 3012 2485 3083 Oportet
2513 3019 2657 3072 enim
2690 3017 2990 3076 Ecclesiam
3021 3023 3084 3076 ad
3129 3025 3350 3093 nuptias
3378 3027 3624 3096 petitam,

388 3101 626 3169 μάρτυρι
680 3102 778 3154 καὶ
829 3104 943 3163 τοῖς
989 3103 1242 3172 ἀγγέλοις
1283 3105 1453 3160 αὐτοῦ
1483 3109 1714 3176 καὶτοῖς
1773 3114 1945 3181 ἁγίοις

2056 3099 2168 3158 Deo
2196 3113 2335 3160 teste
2363 3115 2417 3161 et
2450 3109 2660 3176 angelis
2695 3111 2892 3181 ipsius,
2924 3125 2976 3169 et
3006 3119 3233 3183 sanctis,
3269 3127 3324 3173 et
3373 3120 3622 3178 tidelibus
3693 3128 3695 3130 ’

385 3191 480 3243 καὶ
519 3192 828 3261 ἀνθρώποις
850 3193 986 3248 πᾶσι
1039 3198 1251 3259 πιστοῖς
1301 3196 1402 3268 τὴν
1464 3203 1945 3274 μεμνηπευμένην

2052 3194 2324 3260 omnibus,
2347 3213 2471 3253 eum
2491 3201 2794 3271 suscipere,
2814 3213 2869 3258 et
2894 3220 3148 3275 sponsam
3170 3209 3343 3276 ipsius
3368 3209 3481 3266 fleri
3503 3227 3625 3281 quae

384 3283 492 3353 χρὴ
561 3284 912 3350 ἀναδέξασθαι
952 3286 1303 3355 Ἐκκλησίαν,
1363 3292 1455 3342 καὶ
1506 3293 1750 3362 μνηστὴν
1802 3295 1950 3367 αὐτῷ

383 3375 642 3462 γενέσθαι
674 3377 774 3442 τὴν
826 3379 1320 3448 μεμνηπευμένην
1383 3382 1628 3452 Χριστῷ,
1688 3385 1829 3457 ὑπὲρ
1881 3384 1949 3462 ἧς

383 3455 539 3526 οὗτος
565 3465 769 3533 προῖκά
802 3481 860 3516 τε
891 3464 986 3544 καὶ
1015 3464 1210 3534 λύτρον
1238 3469 1298 3520 τὸ
1321 3463 1460 3537 αἷμα
1507 3455 1809 3544 προθύμως
1854 3455 1949 3531 καὶ

384 3555 484 3623 τὴν
511 3532 690 3626 ψυχὴν
723 3532 940 3610 δέδωκε.
959 3571 974 3586 ο
1007 3532 1185 3611 καὶτὸ
1219 3532 1530 3630 ποιμαίνειν
1554 3532 1564 3541 Ι
1585 3532 1704 3620 καὶ.
1733 3532 1950 3636 φροντί-

385 3646 501 3708 ζειν
528 3647 668 3716 ὐπδρ
698 3647 869 3716 αὐτῆς
919 3647 1021 3716 τῆς
1043 3648 1180 3719 πρὸς
1227 3650 1438 3705 ἐκεῖνον
1493 3653 1712 3725 ἀγάπης
1750 3657 1949 3728 δεῖγμα

383 3737 611 3804 ἐδίδαξε.
644 3737 1010 3808 Συναχθείσης
1043 3740 1224 3794 τοίνυν
1271 3741 1371 3810 τῆς
1417 3741 1750 3816 Ἐκκλησίας
1805 3749 1948 3804 άπά-

385 3834 490 3898 σης
517 3831 545 3882 6
569 3829 667 3898 τῆς
687 3829 996 3898 ἐπισκοπῆς
1035 3831 1343 3902 ὑποψήφιος
1390 3833 1540 3890 ἔνδον
1584 3838 1797 3904 γίνεται
1851 3841 1946 3896 τοῦ

385 3921 515 3980 ναοῦ
544 3925 640 3976 καὶ
671 3919 766 3978 τοῦ
793 3922 992 3976 σεπτοῦ
1041 3923 1448 3996 θυσιαστηρίου.
1505 3929 1614 3983 Kal
1660 3931 1947 4001 λαμπάδας

381 4013 729 4068 ἀναπτάντων
759 4014 1015 4068 ἁπάντων
1048 4014 1134 4069 διὰ
1164 4014 1262 4085 τὴν
1294 4015 1474 4070 ἔνθεον
1505 4021 1682 4088 χαρὰν
1742 4024 1835 4076 ἐπὶ
1877 4029 1944 4096 τῇ

383 4104 764 4175 συναπτομένη
787 4105 864 4174 τῷ
895 4104 1026 4176 ἱερῷ
1051 4106 1207 4176 ἀνδρὶ
1235 4107 1556 4178 Ἐκκλησία,
1581 4113 1675 4164 καὶ
1696 4114 1844 4183 αὐτῷ
1871 4115 1946 4179 ὠς

381 4193 605 4263 καθαρῷ
635 4197 922 4266 μνήστορι,
954 4197 1046 4249 καὶ
1073 4195 1150 4265 τῷ
1176 4199 1512 4267 ὲγγινομένῳ
1538 4201 1667 4271 θείῳ
1688 4204 1782 4257 ἐπὶ
1813 4206 1942 4270 τούς

377 4303 490 4348 τοις
517 4285 802 4354 φωτισμῷ,
829 4286 1214 4357 ἐπιτραχήλιον
1241 4288 1327 4340 διὰ
1357 4289 1456 4360 τὴν
1497 4292 1705 4346 ἀνωθεν
1760 4296 1941 4366 χάριν,

378 4379 473 4430 καὶ
535 4377 812 4444 φαινόλιον
853 4379 943 4432 διὰ
983 4379 1042 4431 τὸ
1087 4379 1342 4450 λαμπρόν
1399 4398 1458 4434 τε
1513 4385 1602 4436 καὶ
1647 4385 1884 4456 καθαρὸν
1915 4391 1944 4442 6

377 4468 682 4538 ὐποψήφιος
716 4467 1107 4526 ἑνδιδύσκεται.

907 4581 1160 4636 nscas.
1217 4583 1376 4653 PkZ'.

377 4669 506 4721 Ὀτι
527 4668 624 4722 καὶ
653 4667 724 4722 ἐν
757 4669 839 4735 τῷ
865 4671 1170 4795 μηνύμῗτι
1188 4675 1503 4753 ίτροσευχὴ
1537 4676 1635 4731 καὶ
1672 4679 1934 4750 θυμίαμα

1003 4758 1081 4795 κα
1133 4760 1317 4795 comta.

1003 4758 1102 4795 και
1130 4760 1317 4811 φωτα.

443 4828 553 4882 Kal
575 4828 972 4898 εὐλογήσαντος
1007 4834 1099 4885 τὸν
1127 4833 1284 4898 Θεὸν,
1324 4835 1458 4907 εὐχὴ
1489 4837 1698 4906 γίνεται
1744 4856 1938 4910 τρισα-

366 4919 512 4987 γίσυ,
542 4923 638 4975 καὶ
681 4921 798 4988 τοῦ,
830 4941 850 4976 ι
884 4923 1068 4992 Πάτερ
1102 4924 1280 4994 ἡμῶν,
1321 4944 1342 4980 ι
1379 4927 1476 4982 καὶ
1520 4929 1724 4984 λοιπῶν
1753 4930 1931 4986 ἀλλων

367 5011 446 5081 τῷ
471 5012 646 5083 καιρῷ
674 5013 969 5082 ἀρμοδίων,
998 5017 1077 5069 ὅτι
1137 5017 1281 5071 θείου
1316 5018 1465 5082 ὄντος
1493 5021 1585 5075 τοῦ
1614 5022 1802 5092 ἔργου,
1835 5026 1934 5079 καὶ

367 5101 497 5164 Θεὸς
527 5105 875 5172 προηγεῖται.
911 5105 1006 5159 καὶ
1030 5105 1164 5177 εὐχὴ
1197 5107 1498 5176 ἀγιάζουσά
1542 5129 1602 5164 τε
1645 5116 1739 5168 καὶ
1791 5116 1930 5184 πρὸς

366 5193 530 5246 αὑτὸν
551 5193 922 5262 ἀναφέρουσα.
951 5196 1063 5248 Καὶ
1094 5197 1234 5266 μετὰ
1268 5197 1330 5250 τὸ
1363 5198 1517 5262 τέλος
1542 5199 1641 5268 τῆς
1696 5219 1927 5272 προσευ-

364 5279 465 5349 χῆς
487 5277 586 5346 τῆς
609 5278 922 5344 ἀπολύσεως
945 5282 1234 5354 γινομένης
1249 5281 1557 5354 ἔμπροσθεν
1579 5287 1674 5340 τοῦ
1699 5289 1928 5358 φρικτοῦ

263 5409 270 5412 -
364 5369 774 5440 θυσιαστηρίου,
811 5373 869 5425 ὲν
896 5373 1015 5433 ταῖς
1069 5373 1240 5443 ἱεραῖς
1287 5374 1381 5428 τοῦ
1432 5377 1678 5447 βήματος
1731 5378 1932 5445 πύλαις

361 5459 389 5510 6
418 5458 710 5528 ψηφισθεὶς
752 5461 990 5536 ῐσταται.
1023 5463 1130 5524 Kal
1150 5463 1290 5521 κατά
1333 5467 1393 5518 τὺ
1447 5468 1614 5536 μέσον
1646 5470 1742 5522 τοῦ
1794 5471 1928 5525 ναοῦ

361 5544 504 5616 πρὸς
549 5550 711 5604 αὐτὸν
755 5553 1012 5621 ὁρῶντες,
1061 5555 1151 5607 τὸν
1190 5555 1320 5610 Θεὸν
1361 5558 1418 5610 δὲ
1477 5560 1680 5625 μᾶλλον
1724 5561 1926 5627 εἰπεῖν,

361 5640 916 5711 λαμπαδηφοροῦντες
951 5645 1230 5714 ἱστάμενοι
1259 5648 1307 5700 οξ
1336 5651 1485 5719 παρὰ
1519 5651 1612 5704 τοῦ
1669 5652 1925 5721 ἀρχιεπι-

365 5735 571 5788 σκότου
605 5733 906 5800 σταλέντες,
940 5736 1007 5792 τὰ
1051 5737 1142 5792 τοῦ
1182 5739 1327 5808 ἱεροῦ
1377 5740 1693 5812 μηνύματος
1740 5743 1926 5809 λέγου-

2052 3283 2275 3341 Cbristo
2303 3288 2634 3359 desponsata
2660 3303 2766 3359 est,
2797 3309 2894 3363 pro
2920 3311 3027 3364 qua
3063 3297 3252 3352 libenti
3280 3300 3466 3356 animo
3493 3317 3627 3357 san-

2051 3377 2272 3446 guinem
2298 3390 2352 3436 et
2380 3383 2620 3437 animam
2654 3384 2806 3440 dedit
2838 3385 2892 3440 in
2920 3384 3100 3442 dotem
3127 3397 3180 3444 et
3235 3391 3626 3464 redemptionis

2050 3469 2562 3539 pretium:oportet
2623 3489 2844 3545 quoque
2897 3477 3069 3547 ipsam
3125 3494 3372 3549 pascere,
3432 3492 3486 3537 et
3528 3499 3627 3553 pro

2049 3571 2112 3610 ea
2141 3559 2432 3615 sollicitum
2471 3577 2615 3626 esse,
2647 3579 2768 3635 qua:
2800 3567 3082 3622 charitatis
3109 3568 3163 3624 in
3195 3585 3322 3625 eum
3345 3571 3622 3642 specimen

2048 3646 2239 3704 edidit.
2267 3649 2468 3705 Coacta
2504 3652 2670 3722 igitur
2703 3655 2954 3711 universa
2990 3657 3256 3724 Ecclesia,
3296 3662 3387 3729 qui
3415 3663 3480 3715 ad
3510 3666 3627 3731 epi-

2047 3749 2333 3805 scopatum
2365 3740 2572 3796 electus
2600 3751 2706 3807 est,
2742 3756 2862 3797 sese
2898 3743 3040 3799 intra
3070 3747 3330 3815 templum
3375 3761 3428 3804 et
3453 3766 3620 3807 vene-

2047 3829 2279 3884 randum
2311 3831 2683 3885 sauctuarium
2709 3833 2900 3901 recipit
2932 3851 2947 3890 :
2979 3835 3177 3892 deinde
3205 3840 3462 3896 omnibus
3486 3843 3622 3897 lam-

2046 3918 2218 3988 padas
2249 3927 2303 3975 et
2331 3919 2626 3978 luminaria
2648 3925 3077 3981 accendentibus
3111 3927 3179 3981 ad
3230 3914 3622 3986 demonstran-

2046 4009 2171 4064 dum
2203 4009 2447 4066 divinum
2482 4012 2739 4083 gaudium
2769 4024 2991 4085 propter
3014 4017 3312 4073 Ecclesiam
3341 4020 3457 4077 viro
3524 4040 3620 4078 sa-

2046 4114 2164 4166 cro,
2219 4109 2272 4155 et
2331 4103 2477 4158 velut
2536 4115 2690 4160 casto
2751 4121 2976 4177 sponso,
3033 4116 3088 4163 et
3133 4108 3360 4180 insuper
3427 4111 3614 4170 divina

2045 4189 2448 4256 illuminatione
2471 4196 2718 4264 perfuso,
2754 4198 3107 4254 matrimonio
3157 4203 3619 4274 conjungendam,

2045 4282 2241 4337 stolam
2274 4287 2668 4342 sacerdotalem
2717 4288 2895 4342 induit
2921 4288 3126 4344 eiectus
3173 4290 3240 4344 ad
3294 4294 3618 4361 signiﬁcan-

2046 4375 2170 4429 dam
2202 4391 2490 4446 supernam
2517 4380 2766 4448 gratiam,
2802 4390 2857 4434 et
2879 4379 3184 4450 phanoliou
3220 4384 3337 4441 sive
3367 4387 3613 4441 casulam

1975 4480 2026 4542 ι)
2052 4476 2276 4536 propter
2302 4469 2564 4525 illustrem
2585 4471 2887 4530 claritatem
2912 4482 2966 4528 et
2991 4474 3303 4542 puritatem.

2565 4582 2791 4646 CAPUT
2823 4583 3106 4649 iCXCVll.

2053 4671 2207 4738 Quod
2235 4675 2288 4727 in
2352 4674 2740 4752 renuntiatione
2773 4674 2869 4752 illa
2899 4693 3026 4730 usus
3054 4693 3265 4732 precum
3318 4690 3366 4735 et
3413 4682 3614 4752 sumtus

2633 4753 2686 4796 et
2721 4743 3000 4802 luminum.

2119 4836 2242 4901 Ipso
2270 4843 2450 4892 autem
2477 4834 2643 4890 Deum
2674 4833 3028 4893 benedicente
3068 4839 3246 4896 oratio
3282 4841 3490 4912 trisain
3535 4843 3620 4898 di-

2043 4926 2207 4992 citur,
2241 4943 2260 4978 ι
2290 4924 2448 4981 Pater
2476 4936 2714 4992 noster,»
2737 4928 2952 4997 aliaque
2979 4930 3207 5000 tempori
3229 4941 3618 4997 consentanea,

2041 5030 2110 5072 eo
2141 5017 2313 5085 quod,
2333 5018 2579 5072 divinum
2613 5033 2738 5073 cum
2771 5019 2844 5076 sit
2870 5034 3032 5091 opus,
3064 5021 3160 5077 Dei
3192 5024 3461 5079 invocatio
3485 5039 3620 5094 pra;-

2041 5105 2208 5167 cedit,
2242 5114 2298 5160 et
2328 5108 2504 5162 oratio
2534 5107 2904 5175 sanctiﬁcans,
2929 5120 2984 5166 et
3030 5113 3098 5167 ad
3143 5113 3314 5168 Deum
3373 5115 3613 5174 animum

2041 5194 2347 5251 reﬂectens.
2378 5195 2550 5250 Finita
2575 5196 2842 5262 oratione,
2870 5207 2925 5253 et
2949 5197 3092 5253 facta
3121 5199 3468 5256 absolutione
3507 5209 3614 5254 stat

2040 5287 2244 5342 electus
2271 5294 2399 5340 ante
2431 5288 2774 5342 tremendum
2802 5289 3175 5343 sauctuarium
3207 5289 3260 5345 in
3305 5290 3479 5346 sacris
3529 5291 3613 5362 ip-
3638 5306 3658 5332 ο·

2035 5379 2153 5435 sius
2181 5381 2373 5448 portis.
2411 5377 2545 5433 Dum
2577 5387 2763 5434 autem
2797 5380 2890 5449 qui
2923 5380 3232 5435 luminaria
3283 5389 3503 5452 gestant
3553 5383 3607 5438 in

2033 5471 2212 5526 medio
2245 5471 2428 5538 templi
2483 5471 2810 5536 subsistunt,
2840 5471 2893 5526 in
2917 5472 3117 5541 ipsum,
3139 5472 3322 5529 dicere
3346 5475 3528 5530 malim
3553 5477 3606 5531 in

2037 5559 2230 5626 Deum,
2265 5561 2644 5630 inspicientes,
2663 5563 2755 5632 qui
2772 5563 2841 5618 ab
2859 5563 3271 5636 archiepiscopo
3288 5566 3606 5646 missisunt,

2035 5668 2254 5708 sacrum
2323 5651 2738 5722 significationis
2775 5656 3060 5711 decretum
3101 5657 3486 5725 pronuntiant,
3529 5661 3607 5711 vi-

2037 5744 2265 5800 delicet:
2299 5765 2315 5798 ι
2347 5744 2740 5802 Suuctissimus
2772 5747 3248 5818 archiepiscopus,
3273 5759 3324 5806 et
3347 5766 3607 5821 quaecum
