4108 6262
476 325 579 386 407

1321 328 1622 389 SYMEON
1635 328 1704 388 IS
1764 327 2518 390 THESSALONICENSIS
2561 329 2916 393 ARCIIIEP.

3601 327 3706 391 to;

475 443 596 508 ipso
618 448 698 494 est
721 439 898 495 divina
925 442 1186 511 synodus,
1205 445 1470 500 advocant
1488 453 1544 501 et
1574 445 1883 502 adsciscunt
1917 459 2046 502 san-

2157 463 2256 510 σιν,
2282 445 2358 508 ὡς
2411 463 2430 497 t
2454 443 2511 499 '0
2530 446 2827 514 άγιώτατος
2851 446 3175 516 άρχιεπίσκο
3187 461 3279 508 πος
3301 446 3395 498 καὶ
3411 446 3444 514 ἡ
3465 419 3592 513 περὶ
3611 447 3710 496 αύ-

477 531 719 584 rtitatem
760 538 904 584 tuam
938 533 990 584 in
1018 534 1333 604 episcopum
1361 535 1724 590 sanctissimae
1755 534 1820 588 N.
1873 534 2038 602 huius

477 619 789 675 Ecclesiae.»
817 621 932 688 Ipse
956 632 1134 696 autem
1159 632 1270 680 haec
1291 626 1543 690 audiens,
1569 625 1832 692 modeste,
1859 634 1920 678 nt
1943 627 2041 679 de-

474 717 580 773 cet,
618 709 686 763 de
751 725 810 764 se
845 711 1103 778 loquitur,
1138 725 1188 767 et
1219 728 1277 769 se
1298 725 1543 769 excusat.
1576 714 1775 768 Deinde
1805 713 2039 782 primum

472 800 680 869 gratias
705 799 817 855 Deo
844 802 974 871 agit,
1013 805 1103 870 qui
1132 819 1439 874 cum-supra
1492 805 1744 859 meritmn
1777 804 2042 858 honorare

471 889 728 956 dignatus
751 896 874 956 est;
926 902 1108 959 postea
1143 894 1571 962 archiepiscopo,
1609 902 1663 947 et
1696 907 1866 948 sacra:
1909 907 2043 962 syn-

473 980 600 1041 odo,
663 980 754 1048 qui
793 995 916 1034 eum
948 982 1258 1051 huiusmodi
1285 987 1466 1053 operis
1494 984 1799 1039 ministrum
1860 983 2041 1052 elege-

475 1065 623 1134 rimt,
646 1081 779 1126 eteo
799 1073 1012 1143 dignari
1039 1073 1347 1128 voluerunt.
1374 1075 1616 1144 Denique
1639 1083 1698 1130 ut
1717 1076 1806 1130 Dei
1832 1076 2042 1130 amicus

476 1163 647 1216 Deum
677 1164 763 1233 pie
793 1165 1114 1233 deprecatur
1173 1174 1231 1221 ut
1285 1168 1457 1237 ipsius
1489 1171 1664 1237 gratia
1728 1177 1783 1223 et
1843 1169 2045 1239 eligen-

479 1255 614 1308 tium
651 1258 904 1322 precibus
963 1260 1297 1326 provinciam
1357 1260 1456 1314 sibi
1495 1261 1838 1316 commissam
1897 1269 2044 1316 recte

478 1341 845 1398 administret.
863 1344 977 1399 Hoc
993 1348 1156 1401 modo
1175 1361 1406 1418 sponsus
1427 1347 1680 1403 Ecclesiae
1701 1349 1804 1405 sibi
1821 1350 2044 1405 deman-

477 1435 619 1488 datae
640 1436 693 1489 in
721 1447 1016 1506 conspectu
1069 1441 1250 1495 throni
1314 1441 1542 1506 Christi,
1585 1451 1640 1496 et
1703 1433 2043 1499 monumenti

477 1529 616 1590 ejus,
652 1534 1078 1600 sanctorumque
1129 1534 1439 1601 angelorum
1472 1544 1526 1589 et
1583 1534 1862 1588 hominum
1913 1547 2046 1588 con-

477 1618 896 1673 stituilur.Cum
927 1631 1105 1676 autem
1147 1625 1507 1690 consenserit,
1527 1634 1581 1678 et
1597 1625 1895 1680 Eeclesiam
1918 1640 2043 1680 sus-

477 1707 698 1773 ceperit,
730 1709 797 1763 de
826 1724 890 1763 ea
919 1725 1105 1765 curam
1135 1713 1410 1780 providam
1459 1714 1657 1770 habere
1681 1722 1915 1770 tenetur.
1945 1713 2041 1768 His

477 1799 558 1852 sic
580 1800 812 1866 peractis
832 1815 952 1869 qua:
971 1801 1242 1870 pertinent
1257 1803 1325 1857 ad
1345 1803 1744 1860 ordinationem
1757 1815 1812 1860 et
1845 1821 2036 1862 conse-

479 1887 778 1943 crationem
801 1901 1200 1960 praeparantur.

990 1983 1217 2039 CAPUT
1243 1984 1527 2041 CXCVIII.

900 2076 976 2129 De
998 2075 1328 2131 ordinatione
1357 2079 1604 2148 episcopi.

552 2161 788 2219 Instante
822 2165 985 2234 igitur
1016 2167 1107 2222 die
1130 2167 1295 2232 dicta,
1316 2183 1504 2224 omnes
1519 2171 1757 2241 episcopi
1780 2174 2046 2230 electores

482 2265 878 2324 congregantur
907 2273 924 2324 ;
950 2258 1107 2312 adest
1126 2273 1342 2329 quoque
1372 2261 1814 2333 archiepiscopus
1837 2265 2049 2319 ordina-

485 2345 690 2399 tionem
724 2361 847 2400 cum
873 2347 1006 2417 ipsis
1035 2350 1299 2418 facturus,
1333 2351 1412 2406 vel
1445 2352 1624 2420 potius
1647 2352 1902 2408 Christus
1921 2369 2048 2423 ope-

487 2449 612 2488 rans
641 2449 760 2504 qua:
792 2439 1067 2504 pecularia
1125 2449 1272 2508 sunt,
1329 2457 1557 2511 quaeque
1623 2444 1738 2512 ipse
1804 2444 2046 2500 tradidit.

484 2526 856 2596 Congregatur
871 2545 1088 2600 quoque
1119 2533 1295 2588 omnis
1336 2534 1466 2588 cieri
1491 2535 1802 2604 multitudo,
1822 2544 1876 2590 et
1896 2543 2050 2592 ante-

486 2634 649 2686 quam
683 2620 1174 2690 missaincboetur,
1206 2624 1503 2678 anabathra
1534 2625 1772 2694 ponitur,
1806 2634 1861 2682 et
1885 2642 2053 2696 super

487 2724 606 2763 eam
634 2710 866 2766 thronus
895 2712 950 2766 in
981 2727 1091 2781 quo
1115 2713 1275 2768 sedet
1302 2727 1534 2782 magnus
1563 2715 1875 2790 episcopus,
1912 2715 2050 2770 inira

491 2816 618 2855 vero
633 2817 698 2856 ex
713 2811 944 2872 utraque
961 2815 1113 2874 parte
1131 2803 1290 2872 positi
1317 2812 1446 2860 sunt
1459 2804 1546 2859 alii
1569 2806 1650 2862 thr
1663 2807 1749 2860 oni
1772 2807 1825 2860 in
1851 2808 2052 2876 quibus

493 2893 684 2948 sedent
708 2895 976 2965 episcopi.

1013 3073 1240 3131 CAPUT
1272 3073 1501 3132 CXCIX.

671 3185 746 3240 De
777 3187 890 3256 ejus
923 3189 1245 3258 confessione
1273 3191 1544 3261 primoque
1573 3193 1868 3263 signaculo.

567 3340 770 3395 Deinde
797 3349 1047 3397 cantores
1076 3342 1357 3399 venientes
1387 3345 1623 3414 primum
1655 3345 1886 3400 adorant
1947 3363 2060 3402 ma-

498 3447 662 3501 gnum
693 3431 1029 3501 episcopum,
1064 3443 1124 3487 ut
1147 3433 1769 3492 SalvatoremChristum
1795 3439 2057 3493 sacerdo-

501 3535 616 3576 tum
669 3522 989 3590 principem,
1048 3523 1239 3580 faustis
1289 3525 1772 3584 acclamationibus
1828 3529 2060 3599 ingemi-

500 3622 716 3678 nantes,
762 3632 780 3664 ι
819 3613 876 3666 ln
921 3615 1121 3671 multos
1149 3630 1345 3682 annos,
1394 3619 1646 3685 nomine;
1681 3637 1700 3671 ο
1733 3634 1844 3689 quo
1899 3635 2058 3674 suum

497 3713 727 3776 propter
755 3705 998 3762 divinum
1030 3692 1167 3776 opus
1191 3710 1444 3776 gaudium
1477 3725 1587 3763 non
1617 3711 1778 3765 modo
1833 3712 2060 3767 demon-

500 3805 699 3865 strant,
729 3811 915 3852 verum
946 3798 1108 3855 etiam
1140 3797 1218 3854 illi
1252 3799 1564 3854 continuam
1629 3810 1684 3855 et
1746 3811 2060 3872 perpetuam

500 3890 556 3944 in
583 3905 747 3959 opere
774 3890 1233 3958 perseverantiam
1266 3889 1654 3960 deprecantur.
1689 3891 1956 3962 Deinceps
2008 3902 2065 3948 et

500 3983 683 4036 caeteri
723 3981 906 4036 clerici
936 3994 1028 4048 per
1047 3980 1292 4036 ordinem
1330 3981 1528 4038 similia
1559 3981 1786 4050 faciunt,
1818 3991 1874 4037 et
1917 3990 2064 4039 stant

497 4073 654 4143 juxta
686 4073 932 4127 ordinem
971 4075 1064 4140 qui
1113 4072 1461 4141 peculiariter
1501 4074 1567 4129 de
1595 4075 1699 4129 liae
1754 4089 1813 4130 re
1857 4075 2063 4132 descri-

502 4178 628 4238 ptus
648 4176 754 4223 est.
772 4167 1011 4222 Tandem
1037 4165 1184 4220 venit
1201 4167 1405 4222 electus
1426 4169 1854 4236 przecedentibus
1875 4161 2061 4240 ipsum

502 4258 735 4322 clericis,
772 4257 996 4324 ipsoque
1019 4255 1461 4328 chartepbylace,
1499 4266 1554 4312 et
1581 4258 1830 4314 ministro
1859 4259 1952 4328 qui
1996 4276 2066 4316 ex

502 4350 617 4405 suis
639 4351 706 4404 ab
732 4347 887 4402 initio
909 4346 984 4400 illi
1010 4347 1218 4403 aderat.

1089 4460 1316 4518 CAPUT
1369 4463 1476 4520 CC.

504 4556 644 4623 Quid
670 4557 915 4612 deitatem
949 4555 1003 4610 in
1037 4553 1147 4608 solo
1175 4554 1464 4673 descripta,
1484 4565 1586 4608 tres
1606 4555 1778 4623 ﬂuvii,
1803 4556 1990 4610 civitas
2020 4567 2066 4611 et

1181 4641 1303 4673 aaut
1329 4641 1382 4673 α.

1181 4641 1382 4693 aquila.

575 4719 709 4774 Cum
737 4734 865 4774 vero
890 4719 1097 4773 electus
1128 4726 1240 4773 tres
1271 4716 1463 4772 tluvios
1495 4715 1812 4785 pertransiit
1839 4711 1892 4771 in
1951 4718 2068 4773 solo

507 4826 602 4882 per
629 4822 855 4880 gypsum
887 4811 1168 4877 ﬁguratas,
1201 4809 1292 4877 qui
1323 4809 1583 4862 doctrinae
1610 4806 1813 4861 donum
1837 4807 1906 4863 ad
1924 4809 2068 4877 quod

503 4910 731 4955 vocatus
753 4906 859 4963 est,
887 4897 1217 4965 signiﬁcant,
1255 4896 1510 4952 subsistit
1567 4911 1728 4966 super
1783 4897 1968 4952 urbem
2001 4898 2070 4951 ob

507 4992 695 5046 oculos
721 4989 1049 5057 descriptam
1079 5003 1201 5056 quae
1227 4986 1398 5056 ipsius
1427 4987 1796 5055 episcopatum
1839 4988 2064 5054 indicat,

509 5087 563 5138 in
599 5082 758 5152 cujus
789 5078 1122 5134 fsummitate
1181 5076 1360 5147 aquila
1418 5076 1674 5131 similiter
1709 5076 2065 5143 'deseribltur,

510 5175 821 5248 puritatem,
849 5169 1252 5236 rectitudinem,
1301 5177 1354 5223 et
1401 5167 1739 5242 altitudipem
1793 5168 2073 5238 theologia:

513 5268 886 5332 subindicans,
915 5262 1061 5331 quod
1089 5263 1153 5316 de
1186 5259 1294 5314 ﬁlio
1319 5259 1541 5315 tonitrul
1573 5261 1842 5329 tlieologo,
1904 5257 2075 5314 disci.

511 5358 642 5427 pulo
666 5357 895 5426 virgine,
929 5354 1020 5422 qui
1066 5354 1120 5406 ln
1140 5348 1342 5406 Christi
1365 5348 1486 5402 sinu
1544 5349 1890 5417 requiescere
1935 5345 2075 5400 sole-

515 5451 628 5514 bat,
660 5449 818 5516 vulgo
849 5446 1114 5501 scribunt.
1148 5441 1276 5497 Ideo
1303 5441 1440 5496 lueis
1471 5439 1652 5494 radios
1687 5438 1848 5492 habet
1895 5436 2073 5506 aquila

516 5541 607 5608 qni
625 5539 984 5608 theologieum
1002 5544 1054 5590 et
1092 5536 1265 5605 gratia
1283 5532 1543 5587 donatum
1563 5528 1890 5599 signiﬁcant.
1912 5526 2074 5599 Stans

517 5633 684 5699 igitur
730 5644 896 5698 super
957 5629 1102 5682 illam
1164 5626 1380 5691 urbem,
1436 5623 1610 5693 ipsius
1663 5619 2075 5688 inscriptionem

524 5701 738 5779 recitat.
795 5736 915 5780 quae
970 5717 1327 5772 dicendorum
1392 5716 1741 5768 securitatem
1803 5709 2064 5766 declarat.

2142 535 2234 588 τὸν
2255 536 2372 588 θεία
2401 535 2615 598 σύνοδος
2650 535 3084 604 προσκαλοῦνται
3131 534 3291 604 156
3323 536 3422 602 τὴν
3466 535 3712 601 ἁγιωσύ-

2141 643 2239 694 νην
2270 643 2362 679 σου
2386 629 2468 689 εἰς
2492 627 2754 696 ἀρχιερέα
2791 629 2888 696 τῆς
2913 626 3060 680 δεῖνα
3091 626 3405 692 ἁγιωτάτης
3473 625 3708 692 Ἐκκλη-

2143 717 2288 781 σίας.
2316 737 2336 770 s
2357 719 2416 772 Ὀ
2438 717 2512 783 δὲ,
2532 717 2736 771 τούτων
2759 717 3019 782 ἀκούσας,
3037 717 3387 782 ἀπολογεῖται
3408 715 3477 769 τὰ
3500 717 3706 769 είκότα.

2143 808 2252 859 Καὶ
2277 807 2590 875 εὐχαριστεῖ
2626 807 2840 876 πρῶτον
2867 806 2943 875 τῷ
2977 805 3117 874 Θεῷ,
3145 805 3400 869 ἀξιωθεὶς
3427 806 3535 858 τῶν
3567 805 3709 874 ὑπὲρ

2143 899 2304 953 αὐτόν
2333 913 2348 929 ·
2377 895 2494 950 εἶτα
2525 897 2604 968 τῷ
2637 899 3053 969 ἀρχιεπισκόπῳ
3076 897 3172 952 καὶ
3196 901 3262 968 τῇ
3312 899 3434 968 ἱερᾷ
3481 899 3706 965 συνόίῳ,

2141 989 2385 1042 τοιούτου
2413 990 2574 1058 ἔργου
2619 990 2783 1042 αὐτὸν
2831 991 3112 1060 ὑπηρέτην
3155 991 3561 1058 ἐκλεξαμένοις,
3614 993 3710 1044 καὶ

2145 1082 2226 1141 είς
2247 1079 2404 1134 τοῦτο
2436 1079 2772 1145 καταξιῶσαι
2800 1079 3112 1148 θελήσασιν.
3151 1075 3283 1134 Εἶτα
3326 1080 3421 1133 καὶ
3468 1079 3709 1148 εὔχεται,

2145 1170 2325 1232 καλῶς
2351 1171 2447 1223 καὶ
2470 1152 2546 1232 ὥς
2584 1169 2702 1239 Θεῷ
2729 1170 2884 1235 φίλον
2942 1172 3130 1238 χάριτι
3165 1167 3332 1220 αὐτοῦ
3385 1167 3480 1220 καὶ
3523 1169 3710 1235 εὐχαῖς

2144 1263 2256 1314 τῶν
2281 1261 2664 1329 ἐκλεξαμένων
2687 1261 3005 1331 διακονῆσαι
3023 1260 3118 1313 καὶ
3143 1259 3425 1312 ἐκτελέσαι
3451 1259 3511 1310 τὸ
3537 1260 3711 1326 ἐγχει-

2150 1351 2355 1422 ρισθέν.
2389 1352 2493 1403 Καὶ
2525 1350 2697 1413 οὕτως
2727 1351 2887 1413 αὐτὸς
2917 1353 3014 1420 μὲν
3045 1349 3290 1419 μνηστὴρ
3342 1352 3440 1418 τῆς
3479 1351 3713 1417 ἐγχειρι-

2147 1441 2365 1512 σθείσης
2397 1440 2692 1509 ἐκκλησίας
2721 1437 2948 1492 ἐνώπιον
2991 1438 3084 1491 τοῦ
3114 1438 3306 1506 θρόνου
3347 1435 3583 1506 Χριστοῦ
3619 1438 3713 1489 καὶ

2144 1533 2239 1585 τοῦ
2267 1533 2572 1603 μνήματος,
2590 1534 2682 1586 καὶ
2707 1534 2814 1586 τῶν
2836 1531 3006 1600 άγίων
3030 1530 3278 1598 ἀγγέλων
3296 1531 3388 1582 καὶ
3410 1528 3506 1581 ἀνθ
3516 1530 3714 1596 ρώπων

2146 1627 2403 1694 κατέστη,
2436 1624 2804 1694 συμφωνήσας
2837 1640 2895 1676 τε
2931 1622 3024 1676 καὶ
3047 1619 3379 1688 παραλαϐὼν
3396 1620 3493 1688 τὴν
3524 1620 3716 1685 ἐκκλη-

2151 1718 2294 1782 σίαν,
2317 1717 2410 1768 καὶ
2441 1717 2748 1784 φροντίζειν
2780 1714 2984 1784 ταύτης
3025 1715 3118 1766 καὶ
3173 1711 3517 1782 προνοεῖσθαι
3569 1710 3715 1777 ὀφεί-

2145 1807 2273 1860 λωνσ
2304 1807 2370 1858 τὰ
2387 1806 2487 1874 τῆς
2509 1805 2844 1876 χειροτονίας
2869 1805 2926 1858 δέ
2954 1804 3052 1873 ἤδη
3107 1802 3246 1872 μετά
3273 1801 3431 1854 τοῦτο
3473 1803 3567 1853 καὶ
3615 1801 3718 1869 τῆς

2146 1897 2478 1963 τελειώσεως
2505 1898 2880 1966 ἐτοιμάζεται.
3207 1883 3221 1893 ’

2707 1991 2959 2046 ΚΕΦΑΛ.
3007 1989 3173 2058 Ριιιιν.

2459 2077 2601 2145 Περὶ
2636 2080 3011 2145 χειροτονίας
3037 2079 3400 2132 ἐπισκόπου.
3690 2145 3694 2149 ,

2217 2169 2328 2238 Τῆς
2356 2164 2452 2223 οὖν
2481 2168 2679 2238 κυρίας
2705 2169 3022 2238 ἐπιστάσης,
3070 2169 3394 2234 συνάγονται
3444 2166 3542 2233 μὲν
3588 2166 3721 2218 πάν-

2147 2279 2238 2324 τες
2263 2262 2313 2313 οἱ
2343 2260 2712 2331 ψηφισάμενοι
2755 2261 3052 2330 ἀρχιερεῖς,
3081 2261 3321 2329 πάρεστι
3357 2259 3416 2311 δέ
3463 2260 3490 2308 6
3538 2258 3720 2327 ἀρχιε-

2151 2352 2416 2414 πίσκοπος
2458 2351 2558 2421 τὴν
2585 2351 2921 2423 χειροτονίαν
2952 2352 3050 2404 σὺν
3088 2352 3272 2414 αὐτοῖς
3315 2349 3613 2401 ἐκτελέσων
3644 2365 3658 2377 ·
3693 2350 3721 2400 6

2150 2444 2385 2510 Χριστὸς
2415 2443 2472 2497 δέ
2506 2443 2708 2512 μᾶλλον
2737 2444 2912 2496 εἰπεῖν
2942 2442 3008 2494 δι’
3037 2441 3215 2495 αὐτῶν
3241 2439 3481 2510 ἐνεργῶν
3528 2438 3597 2490 τά
3646 2439 3722 2490 oi-

2151 2537 2271 2587 κεῖα
2301 2535 2397 2588 καὶ
2425 2535 2461 2588 ἃ
2493 2534 2868 2604 παραδέδωκε.
2902 2533 3320 2602 Συναθροίζεται
3349 2533 3404 2584 δὲ
3433 2531 3527 2585 καὶ
3578 2529 3723 2583 ἅπαν

2153 2626 2359 2694 πλῆθος
2392 2626 2488 2678 τοῦ
2519 2627 2748 2696 κλήρου,
2779 2625 2871 2677 καὶ
2911 2625 2992 2677 ἔτι
3027 2625 3134 2678 τῶν
3189 2624 3412 2677 λαῖκῶν.
3473 2623 3580 2676 Καὶ
3619 2621 3722 2690 πρὸ

2154 2719 2255 2789 μὲν
2280 2717 2376 2787 τῆς
2403 2718 2554 2785 ἱερᾶς
2583 2717 2920 2786 λειτουργίας
2953 2718 2986 2784 ἡ
3024 2715 3309 2784 άναὸάθρα
3347 2715 3575 2772 τίθεται.
3630 2713 3723 2766 καὶ

2155 2807 2504 2878 κάθηταιέπὶ
2530 2806 2722 2875 θρόνου
2756 2808 2814 2860 ἐν
2870 2807 3006 2876 αὐτῇ
3047 2809 3076 2859 6
3149 2807 3324 2876 μέγας
3380 2805 3670 2876 ἀρχιερεύς
3705 2821 3720 2835 ·

2155 2896 2305 2950 κάτω
2325 2896 2381 2948 δὲ
2410 2895 2592 2966 ἕτεροι
2621 2895 2966 2967 ἑκατέρωθεν
2997 2895 3180 2962 θρόνοι
3203 2909 3220 2927 ο
3250 2897 3345 2949 καὶ
3405 2895 3493 2948 ἐπ’
3525 2893 3723 2956 αὐτοὺς

2127 2985 2204 3037 ὀι
2240 2985 2558 3039 ἐπίσκοποι.

2700 3074 2951 3130 ΚΕΦΑΛ.
3004 3073 3170 3141 ΡΗΘἏ

2227 3184 2365 3253 Περὶ
2397 3183 2514 3240 τῶν
2547 3183 2657 3253 τῆς
2703 3186 3057 3253 ὁμολογίας,
3111 3183 3213 3238 καὶ
3261 3184 3372 3253 τῆς
3417 3185 3656 3253 πρώτης

2762 3255 3117 3324 σφραγῖδος.

2230 3344 2340 3399 Καὶ
2367 3344 2540 3407 οὕτως
2571 3344 2621 3397 οῖ
2648 3343 2850 3413 ψάλται
2887 3345 2987 3414 μέν
3011 3346 3321 3416 ἐρχόμενοι,
3373 3347 3591 3416 πρῶτον
3633 3343 3724 3398 τὸν

2162 3435 2339 3504 μέγαν
2371 3434 2771 3506 προσκυνοῦσιν
2807 3435 2884 3498 ὡς
2903 3435 2996 3488 τὸν
3025 3435 3253 3517 Σωτῆρα
3277 3435 3512 3506 Χριστὸν
3542 3439 3725 3505 ἀρχιε-

2163 3529 2282 3594 ρέα,
2308 3531 2399 3579 καὶ
2428 3525 2736 3596 εὐφημοῦσι
2761 3526 2901 3595 τρὶς,
2947 3544 2967 3578 ι
3007 3526 3100 3589 Εἰς
3144 3526 3316 3580 πολλὰ
3364 3527 3482 3596 ἐτη,
3531 3527 3724 3579 δέσπο-

2160 3634 2250 3683 τα,
2283 3635 2302 3668 s
2351 3617 2620 3684 λέγοντες,
2665 3617 2756 3669 ἐπὶ
2805 3617 2882 3686 τῷ
2929 3616 3061 3689 θείῳ
3093 3618 3373 3689 χαίροντες
3413 3617 3579 3688 ἔργῳ,
3622 3618 3718 3670 καὶ

2160 3709 2258 3776 τὴν
2287 3708 2366 3768 εις
2393 3707 2454 3760 τὸ
2481 3707 2729 3778 διηνεκὲς
2759 3707 3021 3778 διαμονὴν
3066 3709 3262 3762 τούτου
3308 3709 3407 3763 καὶ
3461 3709 3726 3779 ἐργασίαν

2162 3797 2448 3867 εὐχόμενοι
2473 3813 2489 3828 ο
2542 3798 2741 3868 ἐφεξῆς
2784 3798 2842 3851 δέ
2870 3799 2920 3852 oi
2949 3799 3125 3861 λοιποὶ
3172 3800 3428 3869 ειιληρικοὶ⁵
3462 3800 3607 3853 κατὰ
3633 3800 3727 3852 τά·

2164 3889 2244 3953 ξιν
2272 3888 2615 3952 ἐκτελοῦντες
2639 3890 2706 3943 τά
2731 3891 2917 3958 ὃμοια,
2953 3891 3046 3943 καὶ
3069 3893 3209 3944 κατά
3229 3891 3384 3955 τάξιν
3427 3891 3723 3959 ἱστάμενοι,

2160 3981 2235 4044 ὡς
2267 3982 2361 4034 καλ⁸
2382 3982 2416 4052 ἠ
2449 3978 2689 4046 διάταξις
2727 3981 2856 4052 περὶ
2879 3983 3072 4035 τούτου
3095 3983 3366 4037 διατυποῐ.
3405 3982 3513 4036 Καὶ
3543 3982 3726 4034 τελευ-

2162 4075 2312 4126 ταῖον
2353 4074 2381 4124 6
2422 4071 2731 4141 ὑποψήφιος
2787 4072 3006 4144 ἔρχεται
3030 4115 3046 4139 ,
3083 4075 3516 4143 προηγουμένων
3566 4071 3728 4126 αὑτοῦ

2163 4161 2463 4233 κληρικῶν,
2501 4163 2595 4215 καὶ
2615 4161 2782 4216 αὑτοῦ
2807 4163 2903 4216 τοῦ
2942 4165 3375 4234 χαρτοφύλακος,
3425 4165 3500 4226 ὡς
3526 4165 3732 4232 ἀξιοπί-

2165 4269 2288 4306 στου
2329 4255 2426 4308 καὶ
2457 4253 2565 4308 τῶν
2597 4253 2861 4309 τοιούτων
2889 4256 3126 4327 ἐξαρχῆς
3170 4256 3471 4327 ὑπηρέτου.

2765 4454 3016 4508 ΚΕΦΑΔ.
3057 4453 3133 4508 Σθ.

2171 4543 2238 4598 Τί
2257 4543 2514 4611 δηλοῦσι
2543 4541 2614 4596 τὰ
2639 4542 2747 4596 est"
2764 4543 3026 4611 ᾐδάφους
3048 4544 3546 4611 ἁνιστορούμενα,
3577 4541 3734 4611 τρεῖς

2407 4611 2682 4681 ποταμοὶ,
2742 4611 2781 4679 ἦ
2815 4613 2992 4678 πόλις
3032 4630 3096 4666 τε
3122 4613 3216 4666 καὶ
3244 4617 3276 4668 d
3301 4613 3492 4678 ἀετός.

2244 4705 2339 4768 ’ος
2376 4703 2441 4775 δὴ
2472 4703 2780 4774 ὑποψήφιος
2823 4706 2973 4773 τρεῖς
3031 4706 3311 4772 ποταμοὺς
3350 4704 3598 4770 διελθὼν,
3649 4702 3734 4758 ἐπ’

2168 4795 2394 4860 ἐδάφους
2425 4793 2514 4846 διά
2546 4791 2720 4861 γύψου
2751 4791 3192 4856 ἐκτυπωθέντας,
3239 4793 3300 4844 τὸ
3330 4793 3428 4861 τῆς
3482 4793 3736 4847 διδασκα-

2168 4887 2287 4949 λίας
2310 4887 2394 4954 ἐφ’
2436 4877 2481 4952 ᾧ
2513 4884 2718 4952 ἐκλήθη
2759 4880 3053 4950 δηλοῦντας
3100 4884 3370 4956 χάρισμα,
3403 4885 3586 4939 ἐπάνω
3633 4886 3734 4938 πό-

2168 4977 2303 5040 λεως
2331 4979 2543 5029 ἵσταται
2589 4974 3070 5044 άνιστορουμὲνης,
3133 4975 3235 5042 τὴν
3287 4976 3595 5045 ἐπισκοπὴν
3645 4976 3738 5045 δη-

2171 5071 2365 5140 λούσης
2385 5070 2570 5134 αὑτοῦ,
2603 5061 2670 5138 ἦς
2703 5069 2796 5120 ἐπὶ
2826 5070 2892 5138 τῇ
2923 5071 3131 5138 κορυφῇ
3180 5068 3333 5132 άετδς
3367 5069 3570 5138 ὁμοίως
3620 5071 3735 5123 ἀνιὲ

2173 5164 2464 5232 στορείται,
2486 5160 2546 5213 τὸ
2565 5159 2805 5230 καθαρὸν
2831 5161 2925 5213 καὶ
2951 5159 3109 5230 ὀρθὸν
3144 5161 3544 5230 τῆςθεολογίας
3563 5162 3657 5214 καὶ
3677 5161 3740 5215 τὸ

2171 5253 2376 5323 ὑψηχδν
2391 5252 2748 5322 ὑπεμφαίνων
2782 5267 2797 5281 °
2819 5251 2848 5303 6
2866 5251 2929 5319 δὴ
2957 5254 3052 5305 καὶ
3074 5251 3314 5320 περὶτοῦ
3345 5252 3460 5304 υίοῦ
3472 5255 3567 5320 τῆς
3586 5253 3739 5321 βρον⁸

2172 5346 2269 5412 τῆς
2295 5345 2386 5397 τοῦ
2412 5342 2677 5410 Θεολόγου
2733 5343 2977 5414 μαθητοῦ
3027 5343 3120 5396 καὶ
3171 5343 3444 5413 παρθένου
3489 5345 3587 5397 τοῦ
3645 5345 3738 5397 καὶ

2174 5434 2491 5504 ἐπιστηθίου
2519 5435 2809 5504 γράφουσι.
2842 5434 2934 5487 Διὸ
2959 5437 3054 5489 καὶ
3077 5437 3332 5503 φεγγεῖον
3363 5435 3473 5504 ἔχει
3496 5437 3524 5488 6
3558 5434 3738 5499 άετὺς,

2175 5527 2248 5588 ὡς
2274 5525 2333 5577 τὸ
2367 5523 2678 5592 θεολογικὺν
2725 5525 2822 5578 καὶ
2852 5521 3318 5595 κεχαριτωμὲνον,
3342 5524 3539 5595 δηλῶν.
3599 5525 3742 5588 Στάς

2177 5613 2268 5670 οὖν
2317 5616 2413 5668 ἐπὶ
2462 5616 2559 5686 τῆς
2620 5615 2847 5679 πόλεως,
2879 5614 3189 5684 ἐπιγραφὴν
3215 5614 3363 5682 λέγει
3407 5614 3627 5679 ἐαυτοῦ,
3679 5615 3741 5666 τὸ

2179 5708 2417 5778 ἀσφαλὲς
2441 5707 2617 5778 δηλῶν
2644 5709 2767 5777 περὶ
2798 5709 2904 5762 τῶν
2935 5705 3236 5777 μελλόντων
3266 5705 3517 5777 ῥηθῆναι.
3588 5705 3742 5759 Ἐπι-
