4126 6268
457 319 567 382 409

1483 333 1592 392 DE.
1627 332 1894 394 SACRIS
1935 335 2633 403 ()RDINATIONIBUS.

3586 339 3695 403 ιισ

450 430 600 496 λέγει
633 429 687 482 δὲ
719 431 775 482 τὸ
806 432 948 500 ίερδν
974 434 1072 503 τῆς
1104 436 1335 502 πίστεως
1375 439 1650 510 Σύμϐολον
1697 445 1874 514 ὀρθῶς
1933 450 2005 500 κα

2131 445 2336 504 Deinde
2363 466 2580 507 sacrum
2612 452 2733 508 fidei
2764 452 3081 525 Symbolum
3107 463 3254 512 recte
3313 463 3366 511 et
3429 455 3696 514 iuvariate

453 522 530 582 ὡς
557 522 708 591 παρὰ
737 523 846 577 τῶν
873 526 1130 597 Πατέρων
1155 529 1337 599 ἐτέθη,
1397 536 1492 586 καὶ
1521 533 1590 586 τὰ
1625 534 1787 589 λοιπά
1815 536 1893 587 ἔτι
1919 537 2017 604 τῆς

451 613 561 665 τῶν
595 613 886 680 ὀρθοδόξων
927 619 1186 687 Πατέρων
1214 621 1506 689 ὁμολογίας
1544 640 1562 655 ο
1598 627 1690 677 καὶ
1716 627 1797 678 ὅτι
1850 629 1910 680 ού
1935 628 2020 680 δέ·

451 699 593 756 δωκέ
631 721 684 755 τι
708 707 844 773 πρὸς
868 710 929 761 τὸ
959 709 1134 764 ἐλθεῖν
1164 713 1247 772 είς
1273 713 1372 782 τὴν
1396 714 1702 785 ὲπισκοπήν
1726 733 1740 747 ·
1799 720 1893 772 καὶ
1944 719 2018 782 ὡς

451 793 708 863 καθαρῶς
746 799 840 851 καὶ
873 800 1174 870 ἀμέμπτως
1199 803 1463 872 διοικήσει
1498 803 1596 876 τὴν
1623 809 1881 878 ποίμνην.
1907 811 2018 865 Kal.

451 885 603 949 τέλος
633 887 780 955 λέγει
805 890 902 956 τὴν
934 891 1070 944 ίδὶαν
1103 894 1448 969 ὑπογραφὴν,
1483 900 1550 953 δι’
1594 895 1662 972 ἦς
1716 901 1786 954 τὰ
1835 922 2018 972 προει-

453 975 668 1042 ρημένα
695 979 987 1046 σφραγίζει
1013 999 1072 1035 τε
1101 984 1194 1036 καὶ
1241 987 1510 1055 ὁμολογεῖ,
1565 992 1880 1059 μαρτυρῶν.
1941 994 2016 1056 ὡς

451 1067 545 1157 καὶ
583 1067 649 1119 τά
675 1068 930 1137 ὁρθόδοξα
963 1074 1134 1127 ταῦτα
1159 1079 1223 1146 τῇ
1264 1078 1458 1133 ἑαυτοῦ
1511 1082 1737 1151 κηρύξει
1784 1085 2012 1157 ποίμνῃ,

448 1155 484 1210 ἃ
511 1157 572 1226 δὴ
603 1161 697 1212 καὶ
753 1163 1200 1236 καθωμολόγησε,
1245 1172 1334 1222 καὶ
1380 1172 1460 1234 είς
1492 1168 1656 1237 ’τέλος
1693 1176 1865 1230 ταῦτα
1919 1155 2018 1247 φῦ-

449 1247 615 1314 λάξει.

917 1373 1076 1443 157
1118 1377 1371 1433 ΚΕΦΑΛ.
1428 1380 1552 1435 ΣΑν.

755 1463 895 1528 Περὶ
933 1463 1043 1530 τῆς
1073 1466 1314 1535 πρώτης
1355 1472 1708 1542 σφραγῖδος.

521 1548 741 1602 Τούτων
776 1550 869 1606 οὖν
901 1554 1262 1611 τελεσθέντων
1283 1599 1298 1621 ,
1333 1564 1415 1624 είς
1445 1563 1535 1615 τὸν
1569 1567 1727 1619 ἀετὸν
1774 1565 2012 1636 ἔρχεται,

447 1639 548 1705 τὴν
585 1639 861 1708 θεολογίαν
887 1644 1084 1718 δηλαδὴ
1117 1651 1208 1701 καὶ
1243 1651 1303 1703 τὸ
1347 1653 1446 1722 τῆς
1477 1655 1826 1720 διδασκαλίας
1857 1657 2012 1726 ὕψος.

2124 540 2309 608 refert,
2341 550 2400 595 ut
2437 559 2464 596 a
2505 543 2758 600 Patribus
2792 547 3028 616 positum
3069 557 3174 612 est,
3223 557 3559 616 ceterasque
3603 565 3696 604 or-

2122 631 2491 688 thodoxorum
2523 635 2741 692 Patrqu
2771 637 3170 695 confessiones.
3197 638 3440 693 Allirmat
3474 654 3698 708 quoque

2122 737 2180 778 se
2212 723 2279 777 ad
2307 723 2683 796 episcopatum
2714 730 3119 799 assequendum
3149 731 3283 784 nihil
3314 730 3556 796 dedisse,
3601 747 3692 786 se-

2119 827 2227 880 que
2249 815 2392 869 ovile
2424 831 2586 871 suum
2617 828 2883 876 sancte'et
2912 823 3471 892 irreprehensibiliter
3497 824 3695 891 guber-

2120 913 2400 962 uaturum.
2437 908 2682 974 Denique
2709 913 2983 982 pr0priam
3034 914 3486 984 subscriptionem
3548 915 3692 968 reci-

2121 1005 2197 1051 tat
2227 1013 2322 1066 per
2343 991 2512 1069 quam.
2533 1017 2653 1072 qua:
2681 1004 2822 1058 dicta
2848 1013 2994 1067 sunt,
3045 1005 3350 1070 conﬁrmat,
3405 1016 3459 1060 et
3516 1005 3692 1062 conﬁ-

2123 1097 2285 1156 tetur,
2322 1099 2630 1158 protestans
2655 1108 2715 1148 se
2749 1095 2890 1149 hanc
2943 1095 3246 1150 doctrinam
3300 1097 3688 1160 orthodoxam,

2119 1197 2346 1252 quaeque
2375 1184 2662 1242 confessus
2695 1196 2800 1252 est,
2831 1189 2980 1258 gregi
3003 1203 3106 1244 suo
3134 1188 3584 1259 praedicatorum,
3636 1193 3691 1242 et

2118 1273 2186 1328 ad
2208 1275 2366 1329 linem
2388 1292 2556 1346 usque
2575 1287 2940 1334 servaturum.

2681 1390 2906 1446 CAPUT
2960 1391 3091 1447 CCI.

2610 1479 2689 1534 De
2715 1486 2796 1548 pri
2804 1499 2884 1536 mo
2915 1483 3207 1551 signaculo.

2189 1572 2284 1629 His
2313 1578 2568 1644 peractis,
2605 1577 2669 1630 ad
2695 1579 2933 1644 aquilam
2970 1577 3235 1645 procedit,
3270 1577 3335 1633 ad
3362 1578 3687 1649 theologiam

2115 1666 2389 1730 videlicet,
2423 1676 2478 1722 et
2499 1669 2764 1722 doctrinae
2797 1668 3206 1724 sublimitatem.
3265 1669 3464 1724 Postea
3511 1671 3688 1736 capite

451 1730 560 1782 Καὶ
590 1734 741 1802 παρὰ
775 1736 864 1788 τοῦ
899 1738 1314 1808 χαρτοφύλακος
1370 1745 1470 1811 τὴν
1511 1748 1760 1820 κεφαλὴν
1790 1767 2005 1819 γυμνω-

2118 1755 2290 1822 ipsius
2307 1772 2333 1810 a
2352 1756 2774 1827 chartophylace
2791 1759 2993 1812 nudato
3012 1773 3106 1825 per
3123 1759 3262 1825 quod
3281 1762 3508 1824 gratiam
3530 1730 3686 1816 acce-

449 1822 581 1883 Beig,
612 1824 678 1875 δι’
710 1825 776 1894 ἢν
814 1827 1000 1893 μέλλει
1051 1830 1348 1897 λαμϐάνειν
1394 1834 1589 1905 χάριν,
1623 1839 1716 1890 καὶ
1767 1842 2005 1912 κεφαλὴν

2116 1856 2307 1916 pturus
2323 1859 2428 1910 est,
2449 1857 2658 1904 testans
2676 1849 2955 1904 Christum
2971 1861 3024 1904 et
3038 1850 3506 1920 archiepisc0pum
3522 1868 3688 1906 suum

434 1916 643 1973 ἑαυτοῦ
681 1923 973 1990 μαρτυρῶν
1022 1925 1113 1976 τὶν
1149 1925 1403 1992 Χριστὸν,
1440 1931 1533 1982 καὶ
1569 1931 1661 1984 τὸν
1688 1933 1884 1986 ἑαυτοῦ
1919 1935 2017 2004 ἀρ-

447 2008 802 2076 χιεπίσκοπον
827 2052 841 2076 ,
875 2012 946 2066 δι’
971 2015 1028 2067 οὗ
1062 2017 1154 2069 καὶ
1193 2019 1292 2088 τὴν
1320 2023 1658 2092 χειροτονίαν
1703 2025 1768 2079 λα
1781 2026 2009 2096 μσάνει.

448 2098 728 2153 ὑποκλίνει
760 2102 859 2170 τὴν
890 2106 1134 2176 κεφαλὴν
1155 2151 1170 2173 ,
1199 2109 1413 2174 δεικνὺς
1438 2113 1539 2180 τὴν
1575 2114 1878 2186 ὑποταγὴν,
1918 2120 2014 2172 καὶ

447 2187 544 2255 τὴν
573 2189 630 2240 ἐν
662 2193 988 2248 ταπεινώσει
1014 2197 1113 2264 τῆς
1162 2200 1256 2252 τοῦ
1301 2203 1544 2271 Χριστοῦ
1576 2207 1800 2275 χάριτος
1831 2225 2010 2280 παρα-

445 2277 634 2347 δοχὴν.
668 2284 795 2334 ‘Ka‘t
840 2285 934 2338 τοῦ
969 2289 1379 2358 χαρτοφύλακος
1433 2293 1700 2364 βοῶντος,
1738 2317 1756 2349 ι
1812 2277 2014 2353 Κελεύ-

447 2389 598 2436 σατε,
631 2393 649 2426 ι
685 2377 1011 2446 κατέχοντος
1042 2381 1134 2432 τὸν
1166 2385 1606 2453 σφραγιζόμενον
1633 2388 1742 2440 ἀπὸ
1764 2389 1859 2443 τοῦ
1881 2393 2011 2461 τρα-

444 2465 634 2533 χήλου,
669 2467 983 2523 ἀνίστανται
1022 2473 1073 2524 oi
1107 2473 1416 2536 ἐπίσκοποι,
1447 2480 1542 2530 καὶ
1585 2479 1644 2530 ἐν
1689 2484 1756 2550 τῇ
1810 2483 2010 2538 ἀναϐά-

445 2555 552 2627 θρᾳ
579 2559 606 2610 ὁ
647 2559 1077 2630 ἁρχιεπίσκοπος
1098 2581 1112 2595 ·
1144 2567 1238 2618 καὶ
1271 2566 1480 2622 ἀνωθεν
1512 2570 1612 2638 τὴν
1645 2574 1802 2641 χεῖρα
1835 2574 2011 2628 ἐκτεί-

441 2669 550 2704 νων
599 2654 693 2706 ml.
735 2656 1052 2725 σφραγίζων
1087 2657 1301 2720 τοῦτον,
1329 2647 1520 2730 φησὶν,
1552 2681 1570 2716 ι
1612 2663 1678 2718 Ἦ
1723 2666 1883 2735 χάρις
1912 2668 2004 2721 τοῦ

443 2743 714 2812 παναγίου
767 2746 1085 2814 [Ινεύματος
1142 2748 1231 2801 διά
1282 2750 1384 2819 τῆς
1443 2753 1604 2820 ὴμῶν
1657 2757 2006 2826 μετριότητος

443 2837 850 2906 προχειρίζεταί
907 2857 964 2891 σε
1024 2840 1323 2896 ἐπίσκοπον
1369 2845 1402 2914 ἥ
1460 2846 1867 2918 μητροπολίτην
1907 2850 2006 2920 τῆς

439 2927 610 2992 δεῖνα,
650 2948 669 2980 ι
703 2929 795 2982 καὶ
836 2931 905 2983 τά
936 2931 1102 2985 λοιπά
1123 2949 1137 2963 ο
1175 2934 1347 2987 ποιῶν
1379 2937 1610 3007 σταυρὸν
1648 2941 1706 2991 ἐν
1735 2940 1813 3010 τῷ
1841 2941 2002 3005 τέλει,

443 3019 745 3085 σημαίνων,
774 3017 850 3081 ὡς
880 3020 981 3073 οὐκ
1013 3021 1195 3086 αὐτὸς,
1235 3024 1370 3078 ἀλλὰ
1411 3025 1476 3077 δι’
1510 3027 1680 3081 αὑτοῦ
1707 3031 1735 3082 ὁ
1769 3031 2006 3098 Χριστὸς

2115 1954 2143 1992 a
2176 1953 2284 2007 quo
2316 1939 2621 2002 ordinatur,
2666 1941 2771 1994 sibi
2804 1953 2967 2009 caput
2987 1957 3128 2006 esse,
3165 1941 3295 1996 illud
3329 1941 3568 2001 inclinat.
3604 1944 3686 1998 in-

2114 2029 2411 2084 cliuationé
2446 2031 2840 2101 subiectionem
2907 2034 3314 2099 demonstrans,
3366 2043 3421 2087 et
3481 2035 3718 2114 Christi,

2113 2123 2299 2191 gratiae
2331 2139 2453 2177 cum
2510 2124 2818 2188 humilitate
2847 2126 3264 2194 ‘acceptiouem.
3342 2127 3687 2199 Chartophy—

2113 2215 2231 2269 lace
2255 2221 2432 2269 autem
2469 2223 2686 2270 tenente
2718 2232 2840 2270 eum
2872 2217 2964 2283 qui
2996 2218 3295 2286 signandus
3319 2229 3402 2273 est
3427 2234 3524 2288 per
3573 2218 3684 2273 col-

2112 2303 2245 2367 lum,
2270 2314 2323 2360 et
2350 2307 2692 2360 exclamante
2735 2327 2749 2363 :
2791 2324 2809 2357 ι
2855 2304 3066 2372 Jubete,
3100 2326 3121 2362 ι
3157 2316 3388 2379 surgunt
3416 2309 3684 2380 episcopi,

2111 2406 2164 2451 ct
2189 2398 2280 2466 qui
2315 2405 2398 2452 est
2431 2398 2484 2451 in
2512 2399 2812 2454 anabathra
2843 2400 3286 2470 archiepiscopus
3316 2401 3682 2469 ;extendens-

2111 2499 2218 2553 que
2273 2499 2494 2538 manum
2529 2486 2784 2554 desuper,
2819 2496 2873 2542 et
2903 2502 3027 2541 cum
3062 2503 3224 2543 cruce
3274 2490 3519 2558 signans,
3555 2489 3677 2543 ait:

2117 2595 2136 2627 ‹
2160 2577 2342 2630 Gratia
2357 2579 2684 2633 sanctissimi
2707 2577 2939 2647 Spiritus
2953 2594 3049 2646 per
3061 2578 3483 2634 mediocritatem
3501 2593 3678 2634 meam

2110 2675 2392 2733 promovet
2429 2675 2478 2719 te
2516 2667 2569 2719 in
2590 2667 2909 2736 episc0pum
2946 2668 3030 2722 vel
3091 2669 3492 2737 metropolitam
3546 2669 3681 2722 civi-
3781 2728 3828 2737 4

2112 2753 2237 2806 tatis
2269 2751 2360 2818 N.,
2385 2762 2440 2807 et
2467 2754 2692 2824 reliqua.
2731 2773 2751 2807 ›
2785 2756 2846 2808 ιη
2898 2756 3006 2808 line
3032 2766 3215 2810 autem
3250 2755 3432 2809 crucis
3465 2755 3679 2824 signum

2112 2844 2263 2909 facit,
2295 2859 2402 2913 quo
2434 2845 2772 2900 demonstrat
2799 2861 2909 2900 non
2939 2860 3020 2911 se,
3053 2846 3145 2901 sed
3175 2845 3454 2900 Christum
3481 2862 3578 2915 per
3600 2847 3684 2916 ip-

2107 2951 2226 2990 sum
2261 2937 2540 2993 ordinare.
2577 2935 2776 2994 Psaltis
2834 2948 3012 2993 autem
3072 2939 3418 2993 cantantibus
3489 2938 3622 2993 illud
3661 2961 3675 2996 :

2116 3045 2136 3080 ι
2163 3030 2223 3081 ln
2256 3029 2456 3084 multos
2473 3043 2668 3094 annos,
2693 3029 2910 3084 domine
2933 3048 2951 3081 ι
2982 3031 3266 3101 (orandum
3291 3023 3436 3088 enim
3457 3037 3538 3082 est
3558 3043 3682 3097 gra-

441 3110 762 3176 χειροτονετ.
818 3111 927 3164 Καὶ
977 3111 1087 3164 τῶν
1141 3113 1362 3183 ψαλτῶν
1429 3117 1666 3186 ᾀδόντων
1716 3121 1820 3186 τὺ,
1853 3143 1872 3175 ε
1911 3125 2003 3189 Et;

2108 3121 2239 3172 tiam
2270 3119 2364 3174 Dei
2394 3120 2549 3176 nobis
2577 3121 2792 3176 abunde
2848 3122 3232 3192 suppeditari),
3282 3118 3527 3176 ascendit
3565 3119 3677 3175 ele-

395 3268 398 3272 '
440 3198 612 3253 πολλὰ
665 3201 786 3270 ἔτη,
839 3202 1122 3268 δέσποτα,
1167 3224 1184 3256 ι
1227 3208 1450 3261 εὐκτέον
1494 3210 1603 3278 γὰρ
1641 3213 1727 3265 δεῖ
1773 3211 1914 3268 εῖναι
1943 3216 2006 3269 τὸ

437 3291 793 3359 χορηγεῖσθαι
817 3292 916 3362 τὴν
953 3295 1048 3347 τοῦ
1090 3295 1228 3348 Θεοῦ
1265 3298 1422 3368 χάριν
1458 3300 1608 3370 ὑμῖν,
1644 3303 1671 3355 ό
1697 3303 2004 3374 ύποψήφιος

436 3381 824 3452 ἀνερχόμενος,
847 3387 1206 3450 καθεσθέντος
1229 3391 1318 3441 τοῦ
1341 3393 1792 3461 ἀρχιεπισκόπου,
1819 3399 2002 3452 ἀσπά-

437 3471 593 3534 ζεται
644 3473 836 3526 τούτου
878 3475 946 3531 τὸ.
977 3478 1143 3544 γόνυ,
1195 3478 1270 3539 ὡς
1319 3482 1454 3548 πρὸς
1502 3483 1634 3538 Θεὸν
1668 3485 1868 3541 κλίνων
1907 3491 2004 3542 καὶ

438 3561 528 3614 διὰ
558 3561 654 3632 τὴν
677 3563 944 3617 δουλείανο
980 3566 1076 3631 καὶ
1103 3567 1201 3635 τὴν
1239 3568 1420 3634 δεξιὰν
1443 3572 1518 3633 ὡς
1549 3571 1826 3642 ὑπουργὸν
1856 3574 2000 3629 θείου

389 3653 623 3738 ⁴ἔργον,
659 3655 753 3708 καὶ
784 3659 858 3719 ὡς
890 3657 1080 3710 τοῦτον
1111 3647 1570 3729 χειροτονήσασαν
1595 3679 1610 3694 ⁶
1646 3664 1741 3717 καὶ
1769 3665 1870 3733 τὴν
1899 3683 2004 3719 πα-

435 3745 589 3811 ρειὰν
615 3745 702 3799 διὰ
724 3746 822 3817 τὴν
841 3749 898 3800 ἐν
925 3749 1143 3819 Χριστῷ
1165 3751 1392 3823 ἀγάπην
1428 3755 1522 3808 καὶ
1544 3754 1760 3812 ἕνωσιν.
1802 3758 2002 3826 Ἀπερ-

2108 3218 2251 3276 ctus,
2278 3218 2332 3267 et
2363 3211 2587 3267 sedente
2616 3213 3028 3284 archiepiscopo
3048 3214 3194 3268 illius
3215 3215 3494 3269 osculatur
3515 3229 3677 3284 genu,

2106 3317 2228 3357 sese
2257 3301 2404 3356 velut
2438 3318 2624 3358 curam
2653 3303 2763 3359 Deo
2792 3305 3082 3370 inclinans,
3113 3315 3219 3361 tam
3254 3315 3480 3376 propter
3502 3307 3672 3362 servi-

2106 3401 2273 3446 tutem
2309 3393 2660 3450 indicandam
2685 3410 2847 3464 quam
2869 3405 3092 3468 pr0pter
3118 3397 3396 3452 dexteram
3421 3395 3680 3466 ejusqua:

2063 3543 2066 3547 _
2102 3482 2273 3537 divini
2302 3486 2486 3555 operis
2514 3495 2598 3542 est
2620 3486 2881 3557 adiutrix,
2912 3503 3144 3557 quaeque
3167 3489 3344 3558 ipsum
3375 3488 3676 3544 ordinavit.

2102 3573 2306 3630 Genam
2339 3592 2557 3646 quinque
2586 3579 2868 3634 osculatur
2897 3588 2956 3634 ut
2976 3580 3308 3636 ordiuatoris
3340 3580 3423 3635 sui
3459 3589 3680 3649 propter

2103 3666 2424 3722 charitatem
2457 3669 2510 3722 in
2541 3668 2782 3733 Christo,
2839 3679 2893 3724 et
2945 3670 3224 3726 unionem.
3275 3671 3402 3724 Abit
3457 3687 3678 3741 quoque

2100 3755 2491 3826 adepiscOpos
2515 3758 2786 3813 electores
2815 3757 3038 3826 quosiu
3098 3774 3196 3814 ore
3255 3760 3560 3828 osculatur,
3616 3768 3678 3815 ut

434 3836 749 3904 χόμενοςδὲ
801 3838 894 3891 καὶ
952 3839 1090 3911 πρὸς
1143 3843 1272 3906 τοὺς
1321 3843 1742 3915 ψηφισαμένους
1772 3850 2002 3905 ἐπισκό-

2107 3850 2209 3918 iam
2241 3864 2364 3903 cum
2397 3849 2462 3903 iis
2486 3849 2756 3919 incipiens
2796 3849 3042 3920 ejusdem
3080 3865 3204 3905 esse
3263 3850 3497 3916 ordinis,
3557 3859 3673 3906 tum

437 3943 595 3996 πουτ,
643 3928 950 3992 ἀσπάζεται
987 3932 1210 3995 τούτους
1256 3937 1398 3988 κατά
1445 3937 1508 3988 τὸ
1550 3939 1748 4008 στόμα,
1791 3941 1864 4004 ὡς
1895 3942 1996 4013 ἤδη

433 4019 739 4089 ἀρξάμενος
769 4023 974 4076 τούτων
1009 4024 1263 4091 γενέσθαι
1297 4029 1576 4096 όμοταγὴς
1602 4067 1617 4092 ,
1659 4033 1755 4084 καὶ
1796 4031 1884 4084 διὰ
1927 4033 1998 4086 τὰ

433 4112 554 4178 ιερὰ
589 4111 790 4164 τούτων
822 4113 975 4181 χείλη
1013 4115 1080 4167 τά
1130 4115 1294 4167 αὐτὸν
1334 4116 1695 4186 ψηφισάμενα
1717 4160 1734 4184 ,
1782 4121 1876 4173 καὶ
1910 4121 1998 4177 διὰ

431 4198 530 4266 τὴν
576 4200 635 4252 ἐν
681 4201 903 4272 Χριστῷ
941 4202 1166 4270 ἀγάπην
1199 4221 1258 4256 τε
1307 4206 1403 4258 καὶ
1447 4205 1695 4276 είρήνηνυ
1729 4209 1825 4261 καὶ
1853 4207 1998 4263 οὕτω

432 4289 596 4360 πάλιν
642 4293 734 4344 ἐπὶ
761 4292 857 4345 τοῦ
907 4294 1068 4346 ἀετοῦ
1105 4295 1419 4366 ἱστάμενος,
1452 4297 1735 4352 ὐποκλίνει
1776 4301 1877 4369 τὴν
1905 4318 1997 4354 κι-

431 4381 629 4450 φαλήν.
669 4383 776 4434 Καὶ
834 4383 927 4436 τοῦ
958 4387 1372 4455 χαρτοφύλακος
1404 4387 1656 4458 λέγοντος
1707 4390 1790 4452 τὸ,
1825 4408 1846 4443 ι
1882 4394 1994 4446 Κε-

2097 3940 2260 3994 etiam
2296 3947 2514 4010 promer
2538 3954 2695 3995 sacra
2725 3939 2865 3995 labia
2898 3954 3019 4010 quae
3049 3940 3223 4009 ipsum
3257 3941 3566 4009 elegerunt,
3617 3949 3674 3996 et

2099 4032 2152 4086 in
2170 4031 2388 4086 Christo
2410 4031 2728 4087 charitatem
2747 4041 2802 4088 et
2831 4048 3042 4101 pacem.
3076 4031 3168 4087 Sic
3203 4033 3402 4088 iterum
3433 4033 3498 4087 ad
3517 4033 3673 4103 aqui-

2098 4121 2204 4175 lam
2237 4122 2491 4177 subsistit
2545 4123 2724 4192 capite
2779 4123 3067 4178 inclinato.
3131 4123 3197 4177 Et.
3249 4123 3672 4194 chartophylace

2096 4211 2331 4278 dicente,
2359 4230 2379 4264 ι
2412 4212 2630 4278 Jubete,
2665 4232 2685 4265 ι
2726 4223 2961 4284 surgunt
3006 4217 3202 4270 iterum
3235 4222 3291 4270 et
3323 4215 3566 4285 episc0pi
3617 4222 3673 4269 et

2097 4301 2212 4369 ipse
2242 4302 2704 4374 archiepiscopus,
2728 4304 2819 4373 qui
2852 4319 3016 4360 manu
3075 4315 3299 4362 extensa
3353 4307 3622 4361 exclamat
3653 4323 3669 4362 :
3764 4375 3779 4388 .

2105 4413 2124 4447 ‹
2154 4395 2343 4449 Gratia
2365 4395 2703 4453 sanctissimi
2723 4394 2959 4466 Spiritus
2976 4396 3045 4451 sit
3076 4404 3275 4462 tecum,
3301 4414 3320 4449 ι
3351 4396 3672 4467 eumquesi-

431 4471 678 4538 λεύσατε,
722 4493 740 4526 ι
771 4476 1161 4532 ὑπανίστανται
1190 4466 1348 4542 αὖθις
1375 4481 1432 4533 οἳ
1448 4499 1509 4533 τε
1549 4482 1863 4546 ἐπίσκοποι,
1897 4486 1993 4536 καὶ
2024 4463 2532 4560 Dguansdimittil.

431 4568 591 4628 αὐτὸς
635 4570 664 4621 ὁ
707 4570 1157 4638 ἀρχιεπίσκοπος.
1247 4575 1357 4626 Καὶ
1409 4574 1508 4645 τὴν
1558 4579 1716 4647 χεῖρα
1760 4579 2040 4644 ἐκτείνων,
2118 4580 2400 4648 ὲκφωνεῖ·
2466 4599 2486 4634 ι
2550 4581 2617 4635 Ἦ
2665 4581 2826 4652 χάρις
2880 4577 2975 4632 τοῦ
3033 4579 3302 4648 παναγίου
3354 4579 3669 4650 Πνεύματος

429 4659 580 4712 ἔσται
642 4661 784 4729 μετά
833 4662 948 4717 σοῦ.
990 4681 1008 4714 ι
1046 4665 1156 4718 Καὶ
1212 4667 1533 4736 σφραγίξων
1595 4669 1800 4740 αὐτὸν,
1854 4671 2104 4727 ἀπολύει.
2174 4689 2178 4692 ·

998 4775 1042 4828 Κ
1053 4776 1248 4834 ΕΦΑΛ.
1315 4778 1436 4836 ΣΒθ.

429 4877 559 4964 Ὅτι
589 4879 654 4933 τὸ
697 4883 950 4964 μῄνυμα
993 4887 1112 4953 μὲν
1145 4892 1471 4964 cumnam-la
1520 4909 1584 4946 τε
1627 4893 1725 4964 καί
1777 4899 1996 4964 συμϐόο

497 4953 640 5030 ⁵λξαια
680 4954 790 5030 καὶ.
823 4956 1122 5030 μγῆσζρα,
1275 4953 1398 5025 ’τῆς
1438 4962 1688 5030 προικὸς
1736 4964 1805 5018 δὲ
1852 4953 2000 5020 ἀπό-

499 5017 902 5102 δοσιςχαὶ-ςά
931 5017 1063 5102 θεῖα
1093 5017 1394 5102 θεώρητρἀ
1433 5017 1532 5102 καὶ
1572 5034 1639 5102 ,οὶ
1666 5017 1795 5099 ’τῆςὲ

497 5104 599 5172 τ.ος
629 5089 988 5172 amasene,
1031 5097 1068 5163 ἡ
1103 5089 1390 5168 ὁμολογία
1415 5101 1514 5154 καὶ
1548 5101 1586 5170 ἠ
1613 5089 1870 5172 acopo-r2};
1897 5089 1996 5160 καί

501 5159 534 5209 ό
562 5158 911 5229 ἀσπασμός.

500 5267 611 5320 Kal
645 5270 820 5332 οὕτως
843 5275 871 5326 δ
909 5275 1010 5342 μὲν
1043 5276 1346 5348 ὑποψήφεος
1376 5281 1476 5352 ἤδη
1505 5282 1633 5346 τοὺς
1663 5283 1994 5356 ἀρῤαὗῶνας

427 5356 553 5427 ἔσχε
599 5361 696 5427 τῆς
739 5363 1106 5435 Ἐκκλησίας’
1153 5371 1250 5423 καὶ
1305 5372 1512 5436 τέλειος
1553 5378 1812 5446 τυγχάνει
1865 5395 1972 5447 μνη

429 5451 586 5518 στὴρ,
617 5452 714 5522 τὴν
761 5459 1031 5524 σφραγῖδα
1068 5459 1272 5530 ταύτην
1298 5465 1420 5547 ἀντὶ
1449 5465 1747 5522 δακτυλίου
1778 5469 1991 5536 λαμϐά-

425 5557 554 5607 νων,
591 5546 684 5596 καὶ
723 5547 815 5600 τὸν
859 5551 1048 5618 ἀπαθῆ
1081 5553 1176 5604 καὶ
1222 5553 1367 5623 ἱερὸν
1400 5556 1694 5626 ἀσπασμὸν
1725 5558 1987 5628 ποιούμε-

425 5649 536 5696 νος,
573 5633 648 5696 ὥς
697 5654 832 5706 φησι
870 5641 1104 5708 Παῦλος,
1138 5644 1526 5716 ἀσπαζόμενος
1557 5650 1620 5702 ὲν
1650 5650 1792 5720 ἁγίῳ
1831 5651 1989 5721 φιλή-

427 5739 585 5792 ματι,
617 5727 708 5780 καὶ
739 5732 882 5800 χειρὶ
908 5733 1009 5804 ἤδη
1057 5735 1158 5807 τὴν
1185 5737 1480 5809 ἐκκλησίαν
1521 5743 1986 5813 παραλαμὸανων.

2695 4782 2923 4842 CAPUT
2961 4786 3114 4842 CCII.

2107 4898 2262 4963 Quod
2293 4899 2542 4954 solemnis
2587 4903 2908 4957 renuntiatio
2943 4904 3012 4955 sit
3062 4901 3232 4956 instar
3259 4919 3544 4958 consensus
3577 4902 3672 4956 do~

2180 4981 2545 5023 cumentorum
2604 4981 2652 5026 et
2704 4975 3167 5026 instrumentorum
3217 4975 3669 5037 desponsationis:

2175 5041 2313 5091 dotis
2356 5053 2529 5094 autem
2566 5043 2806 5102 traditio,
2838 5050 3122 5110 sanctaque
3171 5058 3389 5095 munera
3422 5044 3670 5096 dotalin’a

2177 5118 2226 5161 et
2267 5110 2605 5181 "arrhabones
2632 5113 2824 5177 gratia:
2864 5120 2986 5165 sunt
3026 5111 3308 5180 confessio,
3340 5111 3668 5181 signaculum

2169 5179 2361 5242 crucis,
2393 5180 2756 5250 astutumque.

2169 5291 2280 5347 Hoc
2313 5294 2477 5348 modo
2507 5293 2717 5349 electus
2740 5295 2935 5349 arrhas
2965 5293 3388 5347 matrimoniales
3413 5292 3668 5349 Ecclesia:

2095 5382 2470 5450 consequitur,
2504 5383 2671 5451 ﬁtque
2705 5382 2942 5452 perfecte
2973 5383 3120 5435 illius
3154 5397 3415 5448 sponsus,
3440 5391 3495 5437 et
3537 5399 3666 5436 cru-

2091 5470 2174 5526 cis
2209 5472 2338 5525 ἰΙιωΙ
2371 5474 2587 5542 signum
2614 5489 2715 5542 pro
2744 5471 2947 5524 annulo
2983 5471 3213 5540 nuptiali
3247 5472 3471 5540 accipit,
3501 5487 3664 5527 oscu-

2087 5562 2316 5632 lumque
2344 5579 2557 5619 sacrum
2591 5561 2783 5617 aliectu
2844 5564 3082 5616 humano
3131 5572 3406 5618 carentem
3475 5562 3662 5634 tradit,

2099 5663 2158 5708 ut
2185 5656 2262 5709 ait
2291 5655 2473 5719 Palus,
2507 5655 2809 5711 salutantes
2847 5655 3116 5711 in‘osculo
3149 5664 3360 5720 sancto,
3385 5665 3440 5711 et
3475 5653 3659 5715 Eccle¢
3728 5711 3736 5715 .

2099 5746 2238 5806 siam
2262 5746 2370 5816 jam
2402 5749 2500 5818 ipsi
2535 5747 2788 5806 traditam
2823 5764 2988 5804 manu
3021 5747 3238 5821 accipit.
3264 5747 3391 5804 ideo
3413 5757 3466 5804 et
3515 5747 3663 5804 facta
