4108 6262
473 352 582 415 4'5

1263 315 1661 419 svuéouts
1686 352 2465 420 TllESSAlDNICENSlS
2505 358 2864 420 ARCIII'EP.

3612 319 3722 424 tts

475 472 560 517 ter
595 483 612 514 ι
650 463 811 532 Kyrie
841 461 1068 530 eleison,
1108 481 1127 515 ι
1161 465 1461 521 secundum
1507 467 1745 538 sigillum
1774 468 1832 521 ﬁt
1885 483 2049 538 super
2078 503 2090 534 Α

2166 471 2218 522 ιὰ
2251 471 2308 520 ὲν
2335 466 2484 536 αὐτῷ
2517 469 2879 536 γεγραμμένα
2914 469 3146 535 ὲκφωνεῖ
3173 469 3199 518 6
3226 469 3517 539 ἀρχιερεύς
3541 487 3557 502 ·
3595 489 3615 522 ι
3649 472 3719 523 Ἦ

478 566 642 624 caput
688 555 1072 609 consecrandi.

1038 863 1264 918 CAPUT
1303 867 1480 945 ccw.

589 971 768 1035 Quare
800 971 1142 1057 Evangeliunt
1190 979 1480 1058 ordinandi
1518 981 1746 1049 episcopi
1781 983 1946 1051 capiti

1096 1059 1420 1111 imponitur.

556 1154 676 1208 Mox
712 1157 1061 1225 Evangelium
1092 1159 1354 1224 aperitur.
1384 1161 1528 1227 quod
1557 1161 1806 1216 Christus
1835 1171 1941 1227 est,
1995 1173 2049 1218 et

486 1259 580 1311 per
611 1245 786 1312 ipsum
823 1245 1062 1299 Ecclesia
1088 1247 1206 1314 t‘jlls
1243 1256 1333 1314 ;et
1368 1260 1612 1315 apertum
1646 1253 1863 1319 ponitur
1885 1269 2051 1321 super

483 1345 642 1400 caput
668 1343 721 1387 et
753 1337 1023 1390 cerviccm
1078 1339 1387 1393 ordinandi.
1431 1342 1546 1404 Qua
1577 1343 1793 1396 actione
1844 1345 2051 1412 signiti-

480 1433 635 1478 catur
656 1423 934 1480 Christum
969 1429 1164 1482 habere
1201 1446 1294 1497 pro
1329 1431 1520 1498 capite,
1573 1435 1666 1497 qui
1734 1432 1910 1488 factus
1967 1445 2052 1490 est

483 1518 743 1572 Ecclesiae
799 1529 965 1589 caput
992 1529 1044 1574 et
1071 1523 1252 1576 omnia
1307 1539 1427 1591 qua:
1457 1525 1659 1579 Christi
1712 1536 1839 1580 sunt
1896 1528 2050 1582 illum

480 1622 833 1676 cognoscere.
868 1626 1196 1681 omnemque
1228 1613 1373 1670 illius
1427 1617 1817 1683 cognitionem,
1876 1633 2052 1684 quan-

481 1708 590 1751 tum
613 1701 762 1762 licet,
781 1702 982 1756 habere
1007 1719 1162 1768 ;cum
1189 1707 1550 1758 consﬁtuatur
1569 1707 1620 1760 in
1637 1723 1697 1762 ea
1719 1725 1837 1777 quae
1855 1710 2056 1776 princi-

2146 560 2267 612 θεία
2319 559 2480 628 χάρις
2515 577 2533 609 ι
2570 560 2666 612 καὶ
2713 559 2781 612 τά
2815 557 2940 627 ἑξῆς
2962 575 2978 591 ·
3009 560 3106 612 καὶ
3133 558 3229 613 τοῦ
3253 601 3267 624 ,
3304 580 3323 611 ι
3363 560 3534 630 Κύριε
3567 563 3720 631 ἐλέη-

2147 668 2257 706 σον,
2298 669 2316 700 ι
2353 651 2471 717 τρὶς
2506 650 2790 720 ᾀδομένου.
2828 651 2860 718 ἡ
2891 649 3122 719 δευτέρα
3180 651 3391 718 γίνεται
3425 654 3483 704 ὲν
3525 655 3589 723 τῇ
3623 671 3718 706 κε-

2148 740 2293 809 φαλῇ
2323 739 2419 793 τοῦ
2461 741 2792 808 τελουμένου
2823 741 3086 810 σφραγίς.

2732 856 2984 938 suam.
3027 857 3160 923 Σςν.

2148 972 2316 1025 Διατί
2344 971 2410 1026 τὸ
2451 970 2825 1037 Εὑσγγέλιον
2854 971 3073 1024 τίθεται
3105 970 3180 1036 τῇ
3208 971 3316 1023 τοῦ
3351 988 3721 1040 χειροτονου-

2515 1041 2704 1109 μένου
2736 1040 3048 1106 ἀρχιερέως
3083 1041 3341 1116 κεφαλῇ.

2219 1154 2335 1207 Καὶ
2366 1154 2529 1216 εὐθὺς
2559 1154 2621 1206 τδ
2661 1152 2994 1220 Εὐαγγέλιον
3025 1153 3358 1220 ἀνοίγνυται·
3391 1156 3418 1208 6
3447 1156 3511 1225 δὴ
3537 1159 3565 1210 6
3585 1158 3719 1226 Χρι-

2153 1248 2277 1310 στός
2326 1251 2463 1308 ἐστι,
2506 1247 2600 1298 καὶ
2653 1245 2721 1296 δι’
2753 1245 2920 1298 αὐτοῦ
2976 1248 3008 1307 ἢ
3055 1246 3352 1314 Ἐκκλησία
3386 1249 3585 1302 ἀύτοῦ·
3627 1252 3720 1302 καὶ

2152 1340 2244 1393 ἐπὶ
2271 1341 2368 1407 τῆς
2398 1340 2641 1409 κεφαλῆς
2673 1341 3021 1410 ἀνεῳγμένον
3067 1342 3162 1393 καὶ
3193 1340 3288 1395 τοῦ
3321 1342 3592 1410 τραχήλου
3623 1344 3718 1395 τοῦ

2152 1432 2629 1501 χειροτονουμένου
2661 1432 2906 1484 τίθεται·
2951 1431 3235 1500 δηλοῦντος
3283 1433 3376 1486 τοῦ
3425 1433 3609 1501 ἔργον,
3643 1435 3721 1498 ὡς

2152 1523 2242 1575 τὸν
2279 1521 2517 1590 Χριστὸν
2565 1521 2678 1588 ἔχει
2712 1521 2974 1590 κεφαλὴν,
3007 1523 3220 1591 κεφαλὴ
3251 1522 3346 1592 τῆς
3387 1523 3719 1590 Ἐκκλησίας

2154 1612 2460 1681 γινόμενος,
2503 1613 2596 1664 καὶ
2627 1613 2808 1665 πάντα
2858 1613 2928 1664 τά
2983 1613 3078 1665 τοῦ
3113 1613 3352 1682 Χριστοῦ
3382 1615 3487 1683 χρὴ
3523 1616 3730 1668 εἰδέναι»

2154 1702 2364 1765 τοῦτον,
2406 1702 2502 1755 καὶ
2547 1704 2727 1755 πᾶσαν
2776 1702 2918 1770 ἔχειν
2953 1701 3051 1773 τὴν
3086 1705 3289 1769 γνῶσιν
3319 1703 3484 1755 αὑτοῦ
3519 1703 3595 1764 ὡς
3631 1706 3722 1770 ὲγ-

483 1801 662 1856 patum
696 1791 816 1859 ejus
845 1803 1092 1858 Spectant
1121 1810 1134 1846 :
1167 1810 1381 1847 omnem
1419 1806 1674 1863 praeterea
1707 1809 1966 1860 montem,
2000 1809 2054 1854 et
2085 1805 2090 1857 l

2166 1796 2340 1863 χωρεῖ,
2375 1794 2498 1845 ἐπεὶ
2528 1794 2620 1845 καὶ
2667 1793 2797 1860 περὶ
2825 1792 2887 1845 τὸ
2917 1794 3242 1861 ἡγεμονικὸν
3272 1793 3436 1846 αὐτοῦ
3472 1795 3678 1847 τίθεται
3707 1811 3721 1825 ·

483 1883 773 1943 rationem,
799 1891 851 1934 et
886 1898 1080 1937 sensus
1113 1885 1408 1939 secundum
1439 1885 1714 1940 Christum
1768 1888 2059 1943 eﬂ‘ormare

484 1981 538 2023 et
567 1973 1000 2038 accommodare,
1026 1992 1259 2045 eumque
1281 1964 1547 2032 cervicem
1581 1979 1681 2032 levi
1707 1980 1904 2035 Christi
1922 1982 2057 2052 jugo

487 2063 830 2128 submittere,
873 2065 1118 2135 nihilque
1152 2083 1314 2133 agere
1370 2081 1567 2138 praeter
1625 2071 1799 2137 ipsius
1840 2083 2061 2128 semen-

487 2154 654 2221 tiam;
683 2157 938 2223 quoniam
966 2157 1259 2213 Ecclesiam
1289 2161 1459 2229 ipsius
1487 2177 1652 2231 super
1673 2172 1836 2232 caput
1860 2173 1912 2218 et
1935 2180 2059 2218 ecr-

490 2263 656 2299 v-cem
694 2265 785 2314 per
813 2252 1163 2318 Evangelium
1197 2253 1461 2321 suscepit.
1497 2253 1573 2308 Eo
1628 2254 1790 2324 igitur
1848 2266 2057 2324 aperto,

486 2348 540 2391 et
571 2338 846 2408 imposito,
884 2343 1169 2410 sacrisque
1206 2343 1398 2399 litteris
1427 2345 1714 2398 ordinandi
1771 2347 1932 2414 capiti
1982 2348 2063 2400 in-

487 2431 888 2495 cumbentibus,
921 2433 1205 2502 episcopus
1230 2434 1456 2501 primam
1514 2450 1727 2504 precem
1761 2447 2015 2506 precatur
2047 2455 2060 2491 :

495 2540 512 2571 ι
545 2519 806 2576 UtHerns
835 2533 886 2577 et
909 2524 1170 2580 Dominus
1195 2525 1334 2582 licus
1353 2535 1542 2582 noster
1573 2529 1664 2595 qui
1693 2530 1982 2582 constituit
2008 2530 2060 2582 in

493 2613 730 2670 Ecclesia
750 2616 977 2687 primum
999 2618 1296 2685 apostolos,
1312 2620 1550 2698 secupdo
1569 2620 1883 2688 prophetas,
1903 2621 2064 2674 tertio

491 2702 759 2768 doctores,
783 2723 800 2755 ι
833 2713 886 2759 ct
917 2707 1143 2774 reliqum,
1180 2726 1200 2759 ι
1229 2709 1435 2776 quique
1465 2709 1611 2764 hunc
1629 2712 1842 2763 vocavit
1864 2709 1928 2762 ad
1951 2710 2066 2779 epi-

490 2793 759 2861 scOpalem
781 2795 1105 2862 dignitatem
1119 2811 1212 2864 per
1229 2812 1449 2851 manum
1473 2814 1644 2852 meam
1663 2808 1715 2854 et
1734 2801 2062 2869 reliquormn

489 2884 957 2952 coepiscoporum,
986 2885 1304 2939 corroboret
1337 2902 1434 2955 per
1459 2888 1752 2942 adventum
1785 2895 1840 2943 et
1894 2895 2065 2942 Vll‘lll-

494 2980 623 3038 tem,
642 2984 696 3029 et
709 2976 936 3044 gratiam
958 2978 1127 3055 sancti
1150 2976 1408 3048 Spiritus,
1427 2979 1566 3034 sicut
1583 2980 1859 3049 apostolos
1876 2995 2066 3033 corro-

495 3066 708 3121 boravit
729 3077 778 3122 et
807 3053 1117 3139 prophetas,
1143 3079 1197 3125 et
1222 3081 1385 3140 ungat
1407 3073 1863 3142 quemadmodum
1887 3087 2063 3143 reges,

2124 1933 2135 1942 .
2159 1887 2255 1939 καὶ
2288 1886 2462 1940 πάντα
2489 1885 2616 1938 νοῦν
2646 1887 2740 1937 καὶ
2769 1885 2930 1953 λόγον
2959 1887 3052 1938 καὶ
3078 1886 3174 1946 τὰς
3207 1885 3490 1952 αἰσθήσεις
3519 1887 3725 1939 τυποῦν

2161 1978 2255 2030 καὶ
2283 1977 2570 2046 ῥυθμίζειν
2601 1976 2744 2028 κατὰ
2774 1977 3031 2044 Χριστὸν,
3073 1978 3165 2030 καὶ
3189 1978 3292 2029 ὑπὸ
3315 1979 3406 2029 τὸν
3435 1977 3600 2045 ζυγὸν
3631 1977 3723 2030 τοῦ

2162 2069 2402 2137 Χριστοῦ
2429 2070 2523 2120 τὸν
2560 2068 2928 2137 ἐλαφρότατον
2953 2069 3096 2136 ἔχειν
3118 2071 3210 2121 τὸν
3241 2072 3463 2138 αὐχένα,
3493 2072 3590 2123 καὶ⁵
3627 2088 3728 2138 μη-

2162 2157 2250 2212 δὲν
2285 2160 2551 2228 πράττειν
2579 2159 2730 2228 παρὰ
2759 2154 2987 2228 γνώμην
3014 2158 3201 2222 αὑτοῦ,
3243 2159 3325 2211 ὃτι
3351 2163 3448 2214 καὶ
3474 2160 3572 2228 τὴν
3603 2159 3728 2212 Ἐκ-

2162 2250 2395 2317 κλησίαν
2441 2248 2606 2302 αὐτοῦ
2658 2249 2752 2302 ἐπὶ
2803 2249 2902 2317 τῆς
2943 2251 3189 2318 κεφαλῆς
3236 2253 3332 2304 καὶ
3375 2251 3481 2304 τοῦ·
3500 2251 3728 2321 αὐχένος

2162 2343 2250 2395 διά
2279 2340 2373 2394 τοῦ
2410 2341 2742 2410 Εὑαγγελίου
2793 2341 3032 2407 ἐδέξατο.
3058 2342 3267 2396 Τούτου
3319 2338 3413 2396 οὖν
3441 2345 3730 2413 ἀνεῳγμέ-

2165 2454 2257 2488 νου
2302 2434 2586 2497 τεθέντος,
2628 2434 2736 2487 τῶν
2795 2435 3139 2504 γραμμάτων
3179 2436 3290 2490 τῶν
3327 2437 3488 2506 ίερῶν
3521 2439 3726 2490 ἐπικει-

2168 2528 2344 2594 μένων
2371 2529 2437 2596 τῇ
2473 2524 2569 2578 τοῦ
2597 2525 2925 2594 τελουμένου
2957 2527 3196 2595 κεφαλῇ,
3245 2529 3272 2579 ὁ
3299 2529 3592 2597 ἀρχιερεὺς
3626 2531 3726 2596 τὴν

2166 2621 2389 2688 πρώτην
2416 2619 2581 2688 εὐχὴν
2618 2617 2858 2686 εὔχεται·
2893 2617 2980 2670 ἵνα
3026 2619 3055 2671 6
3086 2619 3364 2685 Δεσπότης
3402 2621 3495 2671 καὶ
3525 2619 3729 2685 Κύριος

2164 2713 2192 2763 6
2221 2711 2353 2772 Θεὸς
2388 2709 2544 2778 ἡμῶν
2572 2712 2601 2762 6
2649 2712 3001 2778 καταστήσας
3033 2710 3091 2762 ὲν
3139 2713 3206 2781 τῇ
3248 2711 3545 2782 Ἐκκλησία
3578 2711 3731 2780 πρῶ·

2163 2820 2254 2855 τον
2309 2802 2661 2864 ἀποστόλους,
2697 2801 2951 2872 δεύτερον
3002 2802 3294 2870 προφήτας
3316 2842 3332 2867 ,
3367 2799 3549 2872 τρίτον
3582 2801 3730 2854 διδα-

2167 2893 2421 2959 σκάλους,
2477 2897 2572 2948 καὶ
2625 2892 2694 2946 τὰ
2725 2894 2912 2959 λοιπὰ,
2945 2896 2973 2946 6
3009 2893 3325 2959 καὶητοῦτον
3371 2896 3614 2959 καλέσας
3649 2898 3728 2958 είς

2164 2988 2263 3055 τὴν
2293 2985 2687 3056 ἀρχιερατικὴν
2712 2984 2890 3049 ἀξίαν,
2928 2984 3017 3037 διὰ
3069 2984 3254 3054 χειρδς
3290 2985 3456 3038 αὐτοῦ
3492 2987 3592 3038 καὶ
3622 2987 3730 3038 τῶν

2166 3077 2369 3130 λοιπῶν
2399 3076 2814 3130 συνεπισκόπων
2869 3077 2933 3144 τῇ
2968 3077 3315 3144 ἐπιφοιτήσει
3348 3076 3444 3131 καὶ
3493 3077 3726 3144 δυνάμει

494 3174 547 3217 et
573 3162 877 3219 sanctiﬁcet
900 3174 957 3216 ut
983 3164 1259 3233 principes
1287 3163 1657 3230 sacerdotum,
1709 3174 1762 3218 et
1829 3179 1895 3218 eo
1947 3166 2066 3218 sine

2170 3167 2265 3222 καὶ
2295 3169 2479 3239 χάριτι
2504 3165 2602 3219 τοῦ
2637 3165 2794 3233 ἁγίου
2844 3165 3161 3234 Πνεῦματος
3188 3165 3474 3236 ὲνισχύσῃ,
3505 3168 3580 3228 ὡς
3607 3169 3730 3223 τοὺς

497 3268 724 3323 peccato
742 3267 794 3310 et
826 3256 1031 3309 macula
1057 3265 1406 3318 conservato,
1441 3264 1496 3310 et
1516 3257 1836 3325 episcopatu
1872 3266 2068 3311 ornato

2171 3259 2500 3320 ἀποστόλους
2545 3257 2817 3325 ὲνίσχυσε,
2858 3256 2953 3308 καὶ
3001 3256 3435 3325 προφήταςωκαὶ
3463 3257 3626 3330 χρίσῃ
3657 3257 3730 3319 ὡς

498 3347 552 3399 in
589 3349 734 3402 omni
759 3361 968 3399 morum
997 3347 1260 3414 gravitate
1292 3356 1343 3400 et
1377 3349 1666 3401 severitate
1684 3356 1931 3401 sanctum
1985 3346 2068 3402 ef-

2169 3351 2297 3413 τοὺς
2325 3350 2588 3418 βασιλεῖς,
2626 3347 2720 3401 καὶ
2755 3348 2959 3416 ἁγιάσῃ
3011 3347 3087 3409 ὡς
3136 3347 3262 3409 τοὺς
3304 3347 3600 3415 ἀρχιερεῖς,
3636 3346 3729 3398 καὶ

501 3436 666 3498 ﬁciat,
709 3445 767 3490 ut
801 3439 1033 3504 postulet
1063 3452 1186 3505 quae
1213 3437 1279 3490 ad
1311 3438 1494 3505 populi
1523 3439 1751 3492 salutem
1799 3449 2066 3507 spectant,

2170 3443 2539 3510 ἀνεπίληπτον
2586 3437 2753 3492 αὐτοῦ
2778 3437 3020 3506 τηρήσας
3049 3436 3150 3507 τὴν
3189 3437 3600 3506 ἀρχιερωσύνην
3635 3454 3735 3490 κα-

498 3539 553 3584 et
583 3528 650 3583 ad
683 3528 1046 3583 obedientiam
1075 3529 1174 3596 ipsi
1231 3528 1616 3596 praestandam.
1661 3547 1680 3581 ι
1707 3528 1862 3594 Quod
1912 3531 2069 3599 equi-

2170 3531 2462 3602 τακοσμῶν
2516 3530 2575 3582 ὲν
2628 3531 2776 3600 πάσῃ
2843 3529 3181 3597 σεμνότητι,
3238 3529 3394 3592 ἅγιον
3435 3529 3728 3598 ἀναδείξῃ·

499 3621 620 3676 dem
652 3621 946 3675 maximum
975 3629 1058 3675 est
1085 3619 1286 3674 donum
1320 3636 1335 3687 ;
1379 3629 1433 3675 et
1457 3635 1642 3674 revera
1666 3620 1904 3674 maxima
1928 3622 2070 3676 dona

2171 3625 2311 3678 ὥστε
2349 3621 2618 3677 αἰτεῖσθαι
2672 3620 2738 3674 τὰ
2784 3619 2922 3688 πρὸς
2964 3621 3241 3689 σωτηρίαν
3282 3619 3376 3672 τοῦ
3435 3619 3599 3684 λαοῦ,
3637 3621 3733 3671 καὶ

505 3713 618 3766 lucc
649 3726 802 3765 sacra
836 3713 1087 3780 przeeatio
1119 3711 1340 3780 praebet,
1373 3723 1494 3764 cum
1528 3711 1707 3765 tradat
1751 3711 2067 3766 ordinando

2172 3713 2471 3766 ὑπακούειν
2507 3708 2671 3763 αὐτὸν
2703 3707 2904 3763 αὐτοῦ·
2938 3707 2966 3760 ὃ
2995 3707 3057 3777 δὴ
3086 3707 3147 3760 τὸ
3184 3709 3439 3778 μέγιστόν
3488 3711 3603 3760 ἐστι
3638 3707 3737 3760 δὼ-

502 3807 874 3872 apostolorum
910 3811 964 3856 et
990 3802 1372 3870 prophetarum
1411 3801 1690 3856 virtutem.
1730 3801 2074 3871 Quapropter

2177 3820 2348 3874 ρημα.
2386 3801 2492 3854 Καὶ⁸
2539 3800 2706 3862 ὅντως
2747 3799 2984 3870 μέγιστα
3017 3798 3138 3851 λίαν
3170 3790 3474 3867 παρέχεταί
3521 3798 3670 3867 δῶρα
3701 3800 3733 3866 ἡ

504 3893 748 3964 episcopi
802 3891 964 3948 donis
1026 3891 1216 3961 gratiae
1267 3891 1581 3960 apostolicis
1637 3899 1693 3945 et
1742 3891 2075 3960 propheticis

2179 3895 2299 3963 ίερὰ
2327 3891 2464 3958 αὕτη
2494 3890 2782 3964 εὐχὴ,ὶτὴν
2815 3889 2970 3958 ἰσχὺν
3001 3888 3108 3940 τῶν
3131 3888 3451 3940 ἀποστόλων
3475 3889 3567 3940 καὶ
3599 3904 3734 3956 προ-

507 3987 784 4042 fruuntur.
828 3985 986 4040 llunc
1034 3993 1217 4040 autem
1279 3984 1619 4053 ungendum,
1674 3983 1877 4052 inquit,
1908 4001 1926 4034 ι
1968 3997 2072 4036 non

2178 3985 2362 4056 φητῶν
2391 3982 2467 4053 τῷ
2490 3981 2953 4052 χειροτονουμένῳ
2989 3979 3228 4032 διδοῦσα.
3261 3978 3351 4030 Διὸ
3382 3980 3476 4031 καὶ
3503 3979 3736 4030 ἀποσπο-

502 4089 659 4130 secus
692 4089 757 4129 ac
783 4088 937 4143 reges
968 4088 984 4139 ;
1022 4090 1042 4124 ι
1071 4071 1326 4140 quoniam
1359 4071 1437 4125 illi
1464 4070 1810 4141 angebantur
1854 4071 1974 4125 oleo
2022 4081 2078 4124 et

2177 4076 2306 4130 λικὰ
2358 4076 2453 4128 καὶ
2501 4071 2897 4141 προφητικάοί
2937 4071 3220 4139 ἀρχιερεῖς
3279 4069 3597 4139 χαρίσματα
3651 4070 3739 4120 κέ-

501 4166 694 4234 spiritu
728 4181 743 4231 ;
770 4173 824 4217 et
851 4177 994 4218 nunc
1021 4163 1180 4216 etiam
1219 4174 1373 4230 reges
1401 4167 1680 4229 unguntur
1701 4157 1773 4214 ab
1798 4158 2071 4224 Ecclesia,

505 4257 864 4324 principatum
880 4255 948 4308 ab
963 4269 1024 4309 ea
1048 4253 1426 4322 suscipientes.
1445 4250 1694 4321 EpiscOpi
1722 4267 1939 4322 quoque
1957 4267 2078 4320 pro-

507 4357 626 4419 pter
637 4355 951 4416 potestatem
971 4369 978 4392 ι
1002 4353 1022 4399 t
1045 4345 1402 4413 principatum
1419 4345 1591 4413 gratia
1612 4343 1850 4413 Spiritus
1868 4357 2079 4412 ungun-

509 4453 597 4501 tur
623 4457 635 4493 :
667 4460 684 4492 ‹
712 4439 1022 4494 Coustilues
1036 4453 1155 4503 eos,
1176 4435 1352 4502 inquit
1369 4435 1582 4504 Scriptu
1593 4450 1673 4499 ra,
1694 4435 1966 4502 principes
1982 4449 2072 4487 su-

509 4549 604 4602 per
629 4547 845 4587 onmem
876 4539 1106 4584 terram;
1137 4547 1155 4578 ι
1183 4526 1500 4582 Sauctilieat
1539 4535 1720 4579 autem
1757 4540 1881 4578 eum
1931 4525 2075 4578 sicut

511 4625 783 4694 principes
813 4623 1179 4686 sacerdotum,
1210 4627 1265 4673 et
1297 4619 1552 4684 antiquos
1604 4617 1727 4671 illos
1789 4615 2074 4668 Melchise-

511 4719 670 4779 dech,
694 4716 871 4767 Aaron
897 4723 950 4766 et
973 4712 1188 4767 Samuel
1213 4728 1226 4778 ;
1252 4720 1310 4765 ut
1335 4711 1500 4764 etiam
1526 4707 1801 4778 apostolos
1829 4722 1968 4774 quos
1993 4723 2081 4761 sa-

511 4821 635 4862 cros
670 4806 856 4874 gratia:
877 4804 1154 4872 principes
1183 4815 1236 4856 et
1263 4811 1466 4871 mystas
1496 4799 1804 4865 constituit,
1833 4809 1892 4853 ιιι
1921 4799 1975 4851 in
2001 4799 2080 4851 al-

515 4909 633 4952 tare
657 4910 956 4963 supernum
989 4895 1342 4963 ingrediatur,
1374 4903 1427 4946 ct
1449 4892 1660 4958 Agnum
1687 4892 1956 4944 viventem
1987 4906 2078 4943 sa-

514 4993 590 5046 eri
604 4993 746 5054 licet,
765 4996 820 5042 et
835 5002 930 5054 pro
945 4986 1195 5038 omnibus
1211 4985 1531 5053 propitietur
1552 4999 1570 5049 ς
1589 4990 1750 5052 atque
1768 4989 1827 5034 ut
1844 4981 2088 5035 sanctiﬁ-

515 5078 1032 5149 catusingrediatur
1063 5077 1114 5127 in
1149 5075 1347 5129 Sancta
1372 5083 1709 5135 sanctorum,
1744 5083 1936 5141 etqua:
1967 5083 2088 5124 vere

515 5187 702 5231 sancta
731 5183 880 5231 sunt.
909 5177 1186 5239 operetur,
1216 5174 1645 5235 permaneatque
1683 5165 1771 5217 Dei
1828 5163 2090 5218 sacerdos

517 5258 1696 5335 irreprehensibilisetimmaculatus.onmi
1749 5257 1981 5327 puritate
2037 5259 2091 5306 ct

521 5376 733 5417 morum
793 5358 1058 5428 gravitate
1113 5363 1364 5417 ornatus,
1425 5352 1875 5420 demoustretqne
1929 5352 2089 5402 linem

520 5467 768 5515 sam-tum
800 5455 891 5510 Dei
923 5457 1210 5520 sanctitate
1231 5462 1284 5507 et
1311 5452 1485 5523 gratia
1513 5449 1872 5506 cumulatum.

2182 4185 2435 4238 κτηνται.
2472 4165 2675 4234 Χρίσαι
2718 4163 2777 4216 δὲ
2807 4161 2998 4214 τοῦτον
3029 4163 3193 4229 φησιν
3218 4161 3292 4222 ὡς
3319 4161 3442 4220 τοὺς
3479 4160 3738 4226 βασιλεῖς,

2177 4261 2261 4313 ὃτι
2291 4258 2384 4310 καὶ
2409 4255 2555 4308 οὗτοι
2585 4255 2836 4323 ἐχρίοντο
2859 4253 3026 4321 ὶλαίῳ
3053 4253 3144 4303 καὶ
3177 4251 3477 4320 Πνεύματι.
3513 4251 3621 4302 Καὶ
3648 4251 3739 4302 νῦν

2177 4350 2224 4402 οἱ
2268 4348 2504 4414 βασιλεῖς
2546 4347 2792 4417 χρίονται
2821 4348 2969 4415 παρά
3003 4346 3104 4413 τῆς
3144 4345 3503 4415 Ἐκκλησίας,
3535 4345 3597 4396 τὸ
3640 4345 3740 4412 ἄρ-

2140 4469 2146 4475 -
2179 4455 2365 4508 χοντες
2398 4433 2539 4490 εἶναι
2599 4434 2728 4505 παρ’
2760 4435 2927 4502 αὐτῆς
2975 4433 3344 4502 λαμϐάνοντες
3369 4449 3384 4464 ·
3419 4433 3515 4485 καὶ
3553 4434 3604 4486 σί
3645 4435 3740 4501 ἁρ-

2179 4531 2383 4600 χιερεϊς
2429 4527 2487 4581 δὲ
2526 4526 2614 4581 διὰ
2671 4525 2770 4596 τὴν
2818 4525 3218 4595 ἐξουσίαν-καὶ
3277 4524 3379 4594 τὴν
3432 4525 3614 4594 ἀρχὴν
3649 4525 3742 4577 τοῦ

2182 4621 2544 4687 Πνεύματος,
2605 4620 2670 4687 τῇ
2726 4617 2912 4686 χάριτι
2965 4616 3276 4686 χριόμενοι.
3312 4635 3331 4668 ι
3367 4617 3745 4684 Καταστήσεις

2180 4714 2290 4782 γὰρ
2315 4711 2536 4773 αὐτοὺς,
2574 4709 2765 4778 φησὶν,
2792 4708 3058 4777 ἄρχοντας
3091 4707 3186 4759 ἐπὶ
3219 4707 3399 4760 πᾶσαν
3429 4705 3529 4775 τὴν
3562 4707 3683 4775 γῆν,
3721 4725 3741 4758 ι

2190 4804 2439 4872 Ἀγιάζει
2483 4801 2543 4855 δὲ
2589 4800 2780 4854 τοῦτον
2821 4799 2898 4863 ὡς
2941 4799 3068 4860 τοὺς
3118 4799 3434 4869 ἀρχιερεῖς,
3475 4800 3570 4851 καὶ
3620 4799 3747 4861 τοὺς

2181 4895 2348 4948 πάλαι
2391 4893 2488 4961 μὲν
2521 4890 2766 4951 ἐκείνους
2790 4927 2807 4953 ,
2857 4889 2948 4940 τὸν
2993 4887 3327 4956 Μελχισεδὲκ
3349 4928 3366 4953 ,
3401 4889 3492 4942 τὸν
3532 4888 3748 4958 Ἀαρών

2182 4999 2242 5034 τε
2289 4982 2385 5034 καὶ
2438 4977 2716 5047 Σαμουὴλ,
2771 4976 2908 5030 ἁλλά
2957 4975 3051 5029 καὶ
3097 4977 3229 5038 τοὺς
3277 4976 3609 5039 ἀποστόλους
3656 4977 3749 5029 καὶ

2185 5072 2449 5140 ίεράρχας
2501 5067 2602 5133 τῆς
2654 5066 2902 5136 χάριτος,
2954 5064 3097 5134 ὑπὲρ
3124 5066 3214 5119 τὸν
3249 5066 3413 5136 νόμον
3451 5065 3748 5132 καθιστῶν,

2185 5160 2327 5215 ὥστε
2383 5161 2464 5222 είς
2507 5157 2570 5213 τδ
2621 5159 2736 5213 ἀνω
2789 5158 3182 5228 θυσιαστήριον
3232 5158 3480 5222 είσιέναι,
3511 5158 3608 5210 καὶ
3658 5158 3751 5210 τὸν

2186 5252 2362 5316 ζῶντα
2393 5249 2544 5303 θύειν
2577 5250 2770 5319 ἀμνὸν,
2804 5250 2900 5302 καὶ
2944 5245 3086 5319 ὑπὲρ
3114 5250 3334 5303 πάντων
3386 5249 3750 5313 ἱλάσκεσθαι..

2189 5346 2282 5396 καὶ
2319 5343 2480 5412 160
2513 5341 2846 5412 ἡγιασμένον
2903 5338 3043 5395 εῖναι
3065 5380 3080 5405 ,
3134 5341 3208 5404 ὡς
3252 5341 3318 5395 ἂν
3373 5343 3452 5404 εἰς
3487 5343 3554 5395 τὰ
3587 5343 3753 5409 ’Λγια

2191 5439 2300 5493 τῶν
2349 5429 2522 5508 ἁγίων
2573 5423 2892 5510 είσίρχηται
2954 5439 3048 5492 καὶ
3106 5438 3246 5491 αὑτά
3296 5437 3365 5492 τὰ
3418 5437 3591 5500 ὅντως
3625 5439 3754 5506 ἀγια

521 5553 715 5620 ἐνεργῇ
764 5549 856 5601 καὶ
896 5547 1262 5616 ἀνεπίληπτον
1303 5546 1467 5598 αὐτὸν
1532 5543 1716 5614 μένειν
1764 5539 1915 5609 ἱερέα
1961 5533 2120 5600 Θεοῦ,
2159 5534 2255 5587 καὶ
2311 5535 2786 5602 κατακοσμεῖσθαι
2850 5532 3001 5603 πάσῃ
3051 5531 3380 5602 σεμνότητι·
3435 5532 3534 5619 Ξιαὶ
3603 5532 3754 5592 τέλος

521 5645 676 5714 ἅγιον
706 5641 1000 5707 ἀναδεῖξαι,
1032 5640 1464 5710 πεπληρωμένον
1497 5637 1597 5708 τῆς
1623 5634 1756 5691 Θεοῦ
1789 5631 2077 5702 ἀγιότητός
2104 5645 2164 5683 τε
2203 5633 2294 5684 καὶ
2331 5630 2578 5700 χάριτος.
