4126 6268
396 347 498 411 Mi

956 475 1211 530 ΚΕΦΛΛ.
1281 471 1394 526 ΣΖ’.

398 618 559 675 Atat!
582 616 688 670 τὸν
701 583 996 681 ἀρχῖερέα,
1024 633 1040 661 ι
1069 609 1340 681 Δῂέσςτοτᾳ
1366 607 1494 674 ἅγιε
1513 623 1546 681 ,ι
1574 603 1828 672 λέγουσι
1859 600 1959 654 καί

669 675 942 750 μέγίᾶλήν
967 678 1128 742 αὐτῷ
1157 679 1270 742 τὴν
1294 675 1668 743 ἁγιωσύνην.

471 797 571 852 Διὰ
612 793 772 847 τοῦτο
809 791 918 860 γὰρ
953 789 1047 842 καὶ
1070 829 1084 852 ,
1132 804 1150 837 ι
1187 787 1433 839 Δέσποτα
1469 783 1630 851 ἅγιε,
1667 798 1685 834 ι
1726 782 1820 833 καὶ
1873 795 1966 848 με·

400 893 574 962 γὰλην
621 885 770 955 αὑτῷ
819 887 917 953 τὴν
967 879 1280 947 ἁγιωσύνην
1335 877 1614 943 λέγουσιν,
1653 872 1841 940 ἐπειδὴ
1871 870 1968 922 καὶ

406 988 511 1045 τοῖς
539 981 719 1039 ἄλλοις
751 977 849 1046 μὲν
882 973 1118 1042 ἱερεῦσιν
1149 967 1432 1037 ἁγιωσύνη
1462 967 1581 1017 ἐστὶ
1613 965 1710 1031 τῆς
1743 962 1966 1031 χάριτος

405 1066 790 1135 ἁγιαζομένοις
845 1066 903 1113 ἐν
937 1061 1217 1127 Πνεῦματι
1243 1097 1257 1120 ,
1296 1055 1591 1130 ἐξαιρέτως
1646 1054 1701 1104 δέ
1758 1051 1835 1119 τῷ
1871 1052 1970 1117 ἁρ-

407 1158 597 1226 χιερεῖ,
637 1150 1106 1222 χειροτονουμένῳ
1143 1149 1199 1198 ἐν
1240 1145 1518 1214 Πνεύματι
1551 1143 1711 1211 ἁγίῳ.
1742 1142 1849 1192 Καὶ
1881 1141 1968 1190 τὶν

406 1249 626 1317 βασιλέα
655 1248 710 1299 δὲ
737 1245 909 1314 χρίων
944 1245 971 1294 ὁ
1013 1242 1311 1311 ἀρχιερεὺς
1361 1239 1518 1304 ἅγιον
1552 1232 1925 1302 ἀνακηρύττει
1951 1246 1965 1262 ο

408 1342 537 1396 ἆλλὲι
570 1341 716 1409 μόνῳ
743 1338 890 1403 λόγῳ
916 1337 982 1404 τῇ
1014 1330 1349 1402 ἀνακηρύξει
1379 1331 1515 1397 φησι
1539 1327 1628 1379 διὰ
1659 1327 1726 1377 τὸ
1759 1325 1969 1394 χρίσμα

407 1435 464 1486 τὸ
523 1431 682 1498 ἆγιον
736 1428 830 1481 τοῦ
894 1424 1044 1496 ἱεροῦ
1100 1423 1298 1493 μύρου,
1348 1423 1405 1486 ἐξ
1447 1438 1508 1473 ου
1540 1419 1603 1488 δὴ
1634 1420 1729 1470 καὶ
1771 1417 1968 1474 πάντες

405 1523 584 1576 πιστοὶ
611 1522 875 1590 χρίονται,
921 1519 1015 1570 καὶ
1043 1514 1190 1581 ἆνγιοι
1246 1511 1626 1582 ὀνομάζονται.
1666 1525 1685 1559 ι
1724 1507 1974 1574 Ἀδελφοί.

405 1614 572 1680 ἅγιοι,
611 1609 820 1670 nasia;
856 1622 1011 1676 φησι,
1040 1604 1290 1675 κλήσεως
1315 1599 1642 1669 ἐπουρανίου
1671 1599 1914 1667 μέτοχοι.
1948 1613 1966 1646 ι

407 1732 476 1743 -
495 1721 513 1752 t
541 1701 644 1754 Τδν
675 1699 938 1768 ἀρχιερέα
964 1697 1020 1749 δέ
1050 1695 1349 1759 ἀνάδειξον,
1376 1693 1566 1762 φησὶν,
1601 1689 1777 1754 ἅγιον.
1810 1705 1828 1739 ι
1865 1685 1976 1739 Καὶ

405 1791 552 1844 οὕτω
577 1789 870 1858 χειροτονεῖ
895 1788 1016 1847 ταῖς
1060 1785 1244 1854 εὐχαῖς
1273 1783 1448 1850 ἅγιον.
1489 1782 1596 1833 Καὶ
1629 1784 1656 1832 ὁ
1691 1781 1788 1849 μὲν
1817 1776 1971 1846 βασι-

405 1883 532 1943 λεὺς
555 1884 622 1933 τὰ
639 1881 736 1948 τῆς
759 1875 1055 1946 ἱερωσύνης
1075 1877 1176 1928 οὐκ
1221 1875 1356 1945 ἔχει,
1391 1875 1509 1926 οὐδὲ
1528 1876 1596 1926 τὰ
1614 1872 1724 1925 τῶν
1742 1870 1973 1924 ἀποστό-

403 1972 515 2024 λων
544 1969 638 2024 καὶ
665 1968 960 2038 προφητῶν
987 1968 1080 2017 καὶ
1128 1963 1463 2018 διδασκάλων
1491 1963 1809 2032 χαρίσματα
1829 1977 1842 1992 ο
1873 1959 1972 2029 μό-

409 2079 497 2116 νον
525 2060 582 2112 δὲ
611 2057 1006 2127 ἀναγορεύεται
1041 2054 1197 2122 ἅγιος
1232 2056 1298 2124 τῇ
1330 2057 1510 2123 χρίσει
1543 2052 1637 2105 τοῦ
1677 2050 1874 2120 μύρον.
1913 2051 1972 2104 '0

409 2151 467 2204 δέ
521 2149 810 2220 ἀρχιερεὺς
867 2146 964 2199 σὺν
1025 2145 1210 2207 αὐτοῖς
1261 2146 1374 2207 τοῖς
1428 2143 1736 2214 χαρίσμασι
1771 2142 1865 2195 καὶ
1914 2141 1975 2193 τὸ

413 2245 568 2311 ἅγιος
612 2237 749 2293 εἶναι
779 2239 866 2291 διὰ
897 2237 1007 2289 τῶν
1041 2235 1215 2305 εὐχῶν
1247 2237 1346 2303 τῆς
1371 2238 1712 2305 χειροτονίας
1756 2234 1972 2304 λαμϐά-

413 2349 526 2388 νει’
575 2332 634 2384 τὸ
668 2331 726 2382 δὲ
771 2328 980 2400 μεῖζον,
1032 2327 1121 2379 ἵνα
1181 2327 1275 2377 καὶ
1317 2327 1402 2393 ἐφ’
1432 2321 1513 2388 οἷς
1553 2326 1691 2396 ὑπὲρ
1733 2326 1833 2392 τῆς
1878 2324 1973 2376 τοῦ

412 2425 547 2482 λαοῦ
577 2423 851 2493 σωτηρίας
890 2422 1126 2474 αἰτεῖται
1162 2419 1637 2490 καθυπακούηται.
1681 2419 1868 2472 Ταῦτα
1897 2422 1972 2472 εί·

418 2519 593 2589 ρηκὼς
618 2559 634 2585 ,
675 2516 948 2584 ἐκφωνεῖ,
992 2531 1010 2565 t
1051 2513 1177 2566 Ὀτι
1211 2512 1468 2583 ήγίασταί
1509 2528 1604 2563 σου
1651 2513 1711 2564 τδ
1760 2511 1932 2581 ὄνομα
1959 2551 1976 2578 ,

414 2609 724 2674 δεδόξασταί
755 2624 849 2660 σου
881 2608 913 2676 ἡ
949 2606 1219 2674 βασιλεῖαι
1265 2622 1283 2655 ι
1321 2605 1404 2656 ὃτι
1439 2603 1597 2674 μόνος
1628 2604 1788 2672 φύσει
1821 2603 1976 2670 ἅγιος

412 2705 439 2753 ὁ
468 2702 600 2762 Θεὸς
647 2702 743 2750 καὶ
779 2697 1168 2764 δεδοξασμένος
1207 2697 1362 2760 ἐστὶ,
1401 2695 1496 2746 καὶ
1531 2693 1692 2757 αὐτὸς
1723 2697 1750 2747 ὁ
1805 2695 1978 2762 ἁγιά-

414 2793 522 2854 ζων
555 2790 653 2842 καὶ
676 2789 940 2854 δοξάζων,
976 2789 1070 2840 καὶ
1107 2788 1268 2858 μόνος
1323 2784 1398 2838 ὢν
1443 2785 1696 2856 βασιλεὺς
1731 2787 1824 2838 καὶ
1873 2787 1978 2857 ἀρ·

416 2882 650 2952 χιερεύς.
687 2882 793 2934 Καὶ
836 2881 1116 2945 ἐκφωνῶν,
1170 2880 1402 2946 ἀνυμνεῖ
1444 2877 1540 2938 τὴν
1583 2877 1810 2947 Τριάδα,
1846 2881 1979 2947 παρ’

415 2970 480 3043 ἧς
511 2975 688 3025 πάντα
722 2973 976 3036 τελεῖται,
1008 2971 1102 3023 καὶ
1151 2967 1218 3040 ἧς
1253 2970 1319 3022 τὰ
1368 2968 1600 3022 τοιαῦτα
1651 2971 1977 3039 δωρήματα.

427 3066 584 3118 Ἀλλὰ
608 3071 703 3116 καὶ
737 3067 769 3133 ἠ
805 3063 1094 3132 ἐπίκλησις
1123 3066 1222 3132 τῆς
1255 3061 1489 3130 Τριὰδος
1522 3062 1598 3124 ὡς
1632 3061 1725 3113 καὶ
1753 3063 1846 3113 ἐπὶ
1885 3059 1977 3112 τοῦ

1423 340 1524 402 DE
1565 339 1833 400 SACRIS
1864 324 2557 396 URBINATlON'lBUS.

3529 314 3636 378 418

2623 457 2850 513 CAPUT
2890 454 3089 511 CCVII.

2067 600 2244 666 Quare
2286 599 2577 664 episcopum
2605 596 2947 666 alloquentes.
2985 611 3002 666 ι
3033 589 3285 643 Sanctum
3313 587 3580 666 dominum
3617 604 3636 636 ›

2101 659 2403 736 nuncupant
2432 659 2481 720 et
2505 659 2744 736 magnam
2778 665 2857 716 illi
2903 663 3140 716 tribuunt
3172 659 3602 713 sanctimoniam.

2135 782 2365 851 Propter
2412 782 2515 834 hoc
2544 781 2712 844 enim,
2752 797 2770 829 ‹
2814 777 3038 830 Domine
3073 786 3283 835 sancte,
3330 790 3347 822 ι
3386 785 3635 840 magnam

2067 874 2261 928 dicunt
2302 887 2428 926 esse
2462 871 2608 924 illius
2641 869 3082 930 sanctimoniam,
3113 862 3552 934 quandoquidem
3588 869 3643 911 et

2069 965 2190 1020 aliis
2218 963 2551 1033 presbyteris
2584 961 2948 1016 sanctimonia
2982 960 3122 1012 inest
3159 956 3347 1025 gratia
3395 969 3488 1022 per
3523 951 3644 1018 Spi-

2067 1058 2235 1111 ritum
2270 1053 2668 1109 sanctiticantis
2694 1091 2710 1117 ,
2772 1053 3073 1119 prmsertim
3104 1063 3233 1102 vero
3267 1046 3524 1114 episcopo
3549 1045 3640 1110 qui

2072 1155 2296 1204 sanctus
2329 1147 2634 1199 ordinatur.
2673 1143 2978 1212 EpisCOpus
3018 1152 3197 1194 autem
3252 1139 3639 1204 imperatorem

2073 1255 2300 1310 angens,
2329 1253 2451 1293 eum
2479 1247 2729 1292 sanctum
2756 1235 3078 1304 proclamat,
3113 1233 3204 1284 sed
3239 1222 3406 1284 vei-bo
3433 1238 3642 1283 tantum

2073 1330 2177 1384 hoc
2208 1345 2302 1398 per
2335 1329 2823 1398 proclamatlonem
2877 1325 3028 1389 dicit,
3060 1331 3280 1392 propter
3329 1321 3642 1374 unctionem

2074 1419 2217 1474 sacri
2279 1418 2501 1487 augenti
2563 1417 2902 1478 chrismatis,
2956 1430 2984 1468 a
3039 1430 3148 1484 quo
3203 1412 3387 1466 ﬁdeles
3455 1423 3646 1464 omnes

2074 1517 2128 1563 et
2189 1519 2473 1579 unguntur
2527 1518 2581 1562 et
2631 1508 2803 1564 sancti
2860 1505 3311 1560 denominantur.
3373 1522 3393 1553 ‹
3427 1499 3647 1553 Ἐνιῆνες

2075 1602 2275 1663 sancti,
2331 1601 2510 1668 inquit
2545 1600 2770 1667 Paulus,
2803 1600 3104 1652 Vocationis
3134 1596 3374 1651 caelestis
3427 1591 3650 1662 partici-

2079 1707 2196 1760 pes.
2224 1710 2345 1742 ι-ι
2373 1691 2540 1744 Efﬁce
2569 1691 2742 1753 illum,
2764 1693 2964 1760 inquit,
2983 1693 3295 1760 episcopum
3317 1696 3588 1747 sanctum,
3620 1701 3639 1732 ο

2081 1791 2132 1838 et
2162 1784 2234 1837 ita
2269 1783 2419 1836 illum
2456 1783 2674 1836 ordinat
2720 1782 2976 1850 precibus
3029 1782 3323 1836 sanctitate
3357 1777 3644 1830 donatum.

2077 1873 2374 1943 Imperator
2401 1872 2654 1942 equidem
2683 1886 2805 1942 quae
2833 1880 2961 1925 sunt
2992 1869 3282 1924 sacerdotii
3320 1883 3428 1922 non
3461 1869 3643 1931 habet,

2077 1977 2254 2030 neque
2310 1963 2709 2032 apostolorum,
2745 1963 3136 2031 pr0plietarum
3166 1997 3181 2023 ,
3233 1968 3328 2012 aut
3355 1957 3636 2012 doctorum

2076 2053 2239 2109 dona.
2273 2053 2458 2108 Solum
2511 2055 2859 2108 renuntiatur
2919 2053 3169 2123 pontifex
3206 2052 3459 2106 unctione
3497 2052 3645 2105 chri-

2078 2145 2271 2201 smatis
2306 2161 2322 2199 :
2358 2159 2544 2198 verum
2571 2143 2863 2213 episcOpus
2897 2159 2990 2214 per
3041 2158 3233 2214 preces
3281 2143 3647 2198 ordinationis

2078 2237 2276 2306 accipit
2306 2251 2429 2291 cum
2464 2237 2600 2305 ipsis
2626 2236 2787 2292 donis
2827 2245 2879 2290 et
2910 2244 3160 2290 sanctum
3199 2249 3322 2291 esse
3348 2274 3363 2301 ,
3404 2247 3458 2288 et
3500 2234 3642 2303 qttod

2079 2329 2254 2399 majus
2297 2337 2418 2396 est,
2453 2339 2512 2383 ut
2546 2330 2598 2382 in
2632 2329 2701 2384 iis
2747 2345 2867 2400 quae
2897 2344 2993 2398 pro
3056 2329 3290 2397 alicujus
3340 2328 3513 2382 salute
3555 2342 3650 2396 po-

2080 2422 2392 2484 stulaverit,
2421 2421 2764 2476 exaudiatur.
2805 2421 2929 2475 Ha-c
2957 2435 3081 2475 cum
3121 2421 3340 2484 dixerit,
3374 2417 3480 2472 alta
3519 2433 3651 2472 vore

2081 2518 2398 2583 pronuntiat
2446 2515 2711 2568 orationis
2765 2514 3175 2568 conclusionem
3224 2529 3240 2566 :
3301 2529 3320 2562 ι
3378 2511 3646 2576 Quoniam

2080 2605 2478 2659 sanctiﬁcatum
2540 2611 2624 2658 est
2676 2619 2873 2658 nomen
2927 2613 3104 2666 tuum,
3159 2602 3518 2670 gloriﬁcatum
3567 2610 3651 2653 cst

2081 2711 2304 2764 regnum
2356 2706 2526 2748 tuum.
2564 2713 2583 2745 ι
2618 2695 2758 2761 Quia
2812 2695 2964 2749 solus
3005 2701 3090 2748 est
3125 2703 3318 2748 natura
3345 2695 3484 2747 Deus
3517 2707 3649 2745 san-

2083 2797 2244 2850 ctus,
2285 2793 2338 2840 et
2373 2785 2710 2856 gloriﬁcatus
2771 2773 2942 2856 :‘ipse
3000 2801 3214 2856 quoque
3263 2784 3468 2853 estqui
3516 2799 3652 2837 san-

2081 2878 2302 2943 ctiﬁcat,
2338 2887 2391 2931 et
2421 2877 2716 2948 gloriﬁcat,
2753 2879 2953 2948 quique
2997 2859 3090 2932 rex
3124 2878 3275 2932 solus
3309 2885 3393 2931 est
3426 2885 3482 2930 et
3525 2879 3648 2944 epi-

2081 2984 2300 3039 scopus.
2324 2970 2517 3024 Postea
2539 2971 2853 3025 exclamans
2884 2970 3070 3024 laudat
3093 2969 3440 3034 Trinitatem,
3478 2985 3507 3022 a
3539 2984 3645 3038 qna

2083 3063 2267 3115 omnia
2324 3070 2739 3126 consecrantur,
2775 3072 2828 3117 et
2887 3064 3043 3132 cujus
3089 3073 3215 3116 sunt
3259 3063 3442 3118 omnia.
3507 3063 3654 3128 ejus-

418 3156 793 3226 βαπτίσματος
833 3155 1207 3224 τελεσιουργεῖ
1252 3157 1346 3207 καὶ
1373 3155 1610 3209 ἐνταῦθα
1644 3155 1738 3208 καὶ
1781 3158 1839 3208 ἐν
1870 3159 1975 3209 πά-

2085 3155 2229 3207 modi
2264 3155 2426 3210 dona.
2473 3153 2672 3210 Verum
2706 3158 2848 3210 enim
2883 3173 3011 3210 vero
3043 3155 3329 3211 Trinitatis
3380 3156 3652 3207 invocatio

418 3265 538 3310 σαις
569 3248 742 3317 ἱεραῖς
773 3246 1040 3309 τ-λεταῖς.

487 3534 621 3590 Εἶτα
652 3532 803 3605 παρὰ
847 3531 940 3586 τοῦ
973 3530 1190 3604 πρώτου
1220 3530 1328 3585 τῶν
1361 3531 1628 3586 συνόντων
1675 3528 1980 3602 ἀρχιερέων

417 3630 474 3681 αἱ
523 3628 766 3697 αίτήσεις
816 3625 1038 3687 εἰκότως
1077 3623 1328 3691 λέγονται
1359 3665 1373 3689 ,
1406 3625 1546 3677 κατὰ
1582 3623 1770 3676 τοῦτον
1799 3623 1860 3690 δὴ
1890 3622 1982 3672 τὸν

418 3721 645 3790 καιρὸν,
681 3717 819 3787 ὑπὲρ
857 3717 952 3786 τῆς
1009 3718 1215 3770 ἄνωοεν
1263 3716 1491 3785 εἰρήνης
1553 3717 1646 3767 καὶ
1700 3712 1980 3783 σωτηρίας

420 3811 673 3864 ἁπάντων
693 3823 714 3872 ',
769 3806 860 3860 τοῦ
902 3805 1336 3878 ἀρχιεπισκόπου
1389 3807 1465 3870 ὡς
1515 3805 1869 3876 ἐνεργοῦντος
1919 3809 1980 3856 τὸ

420 3901 692 3953 θειότατον
734 3897 917 3966 ἔργον,
951 3899 1045 3950 καὶ
1089 3897 1183 3949 τοῦ
1215 3898 1378 3966 ἐργου
1419 3895 1525 3948 τῶν
1557 3896 1758 3964 χειρῶν
1788 3893 1976 3959 αὑτοῦ,

416 3995 516 4063 τῆς
570 3991 900 4062 χειροτονίας
937 3990 1138 4060 δηλαδὴ
1195 3991 1290 4042 καὶ
1342 3987 1438 4041 τοῦ
1493 4004 1977 4058 χειροτονουμξνου

417 4081 604 4146 αὐτοῦ,
637 4081 747 4133 τῶν
795 4079 1038 4132 εὐσεϐῶν
1085 4097 1145 4132 τε
1181 4080 1446 4150 βασιλέων
1473 4081 1573 4148 τῆς
1611 4080 1846 4144 πόλεως,
1887 4080 1982 4131 καὶ

417 4172 632 4224 πάντων
662 4172 890 4224 πιστῶν·
922 4173 1016 4224 καὶ
1042 4172 1124 4237 τὸ,
1165 4191 1182 4222 ι
1223 4171 1421 4242 Κύριε,
1455 4171 1698 4240 ἐλέησον,
1725 4189 1742 4221 ι
1780 4173 1831 4224 οἱ
1867 4173 1981 4223 λοι-

419 4264 512 4317 ποὶ
542 4263 969 4334 ἀποκρίνονται·
1029 4263 1478 4334 μαρτυρουμένου
1531 4261 1624 4314 τοῦ
1671 4261 1857 4332 ἔργου,
1898 4263 1979 4315 ὅτι

419 4358 572 4424 παρὰ
613 4358 829 4409 πάντων
861 4354 1098 4406 τελεῖται
1133 4357 1396 4424 ίεράρχης
1425 4370 1438 4384 ο
1470 4355 1566 4405 καὶ
1605 4354 1806 4416 πάντεξ
1842 4371 1978 4423 συμ-

419 4445 658 4514 φωνοῦσι
689 4445 765 4514 τῷ
786 4445 1198 4515 ἀρχιεπισκόπῳ
1231 4446 1325 4497 καὶ
1361 4445 1714 4512 συνεύχονται
1736 4449 1827 4496 καὶ
1856 4461 1977 4511 συγ-
2019 4489 2063 4544 D

418 4536 820 4606 χειροτονοῦσιν
844 4537 992 4605 αὑτῷ
1024 4537 1073 4588 οἱ
1119 4538 1429 4606 ἀρχιερεῖςο
1462 4537 1584 4588 ἐπεὶ
1616 4536 1710 4588 καὶ
1740 4537 1981 4604 συνεφὰο

419 4642 646 4679 πτονται
691 4625 790 4680 τοῦ
819 4628 919 4697 τὴν
960 4628 1294 4697 χειροτονίαν
1352 4627 1643 4697 δεχομένου
1674 4643 1689 4658 ⁶
1740 4627 1898 4680 τοῦτο
1929 4626 1985 4679 δὲ

417 4717 479 4768 ἐν
510 4719 645 4785 μόνῃ
677 4716 981 4768 ἐπισκόπου
1018 4716 1329 4786 χειροτονίᾳ
1363 4717 1598 4768 τελεῖται
1629 4731 1640 4744 ·
1688 4720 1782 4769 καὶ
1813 4717 1896 4769 ὃτι
1924 4718 1982 4769 ἐν

418 4809 643 4876 τοιαύτη
673 4806 906 4876 μεγίστῃ
942 4807 1120 4876 δωρεᾷ
1157 4807 1252 4859 καὶ
1287 4809 1629 4878 ἐπιφοιτήσει
1678 4809 1773 4862 τοῦ
1829 4809 1977 4861 θείου

422 4898 734 4965 Πνεύματος
761 4896 844 4948 δεῖ
869 4899 1086 4952 πάντων
1123 4899 1438 4970 μεμνῆσθαι
1485 4902 1594 4954 τῶν
1634 4903 1862 4967 πιστῶν,
1896 4901 1983 4954 ἵνα

418 4987 652 5054 τύχωσιν
700 4987 880 5048 ἐλέους
924 4989 1018 5040 καὶ
1056 4987 1330 5057 σωτηρίας
1366 4989 1464 5042 καὶ
1497 4989 1745 5060 χάριτος.
1789 4990 1847 5042 'O
1884 4991 1981 5058 ἀρ-

415 5075 770 5144 χιεπίσκοπος
796 5075 854 5129 δὲ
882 5078 980 5148 τὴν
1012 5082 1172 5148 χεῖρα
1191 5081 1331 5150 ἔχων
1361 5082 1745 5152 ἐπικειμένην,
1776 5081 1850 5145 ὡς
1878 5082 1978 5152 τὴν

415 5171 787 5242 σκεπαστικὴν
821 5173 916 5226 καὶ
963 5174 1339 5244 φρουρητικὴν
1378 5173 1540 5243 χάριν
1580 5171 1850 5242 δηλοῦσαν
1882 5172 1975 5225 τοῦ

411 5262 571 5324 Θεοῦ.
606 5262 704 5316 καὶ
748 5266 845 5334 τὴν
868 5264 979 5334 (τοῦ
1025 5265 1186 5334 ἁγίου
1228 5263 1545 5335 Πνεύματος
1582 5263 1882 5333 ἐπιδημίαν
1917 5280 1977 5315 τε

411 5356 504 5407 καὶ
534 5353 811 5424 ἐνέργειαν
857 5355 950 5410 κὰὶ
988 5357 1301 5410 ἐπισκέασιν
1334 5357 1651 5425 γινομένην,
1690 5357 1891 5426 μᾶλλον
1917 5355 1976 5407 δὲ

410 5447 834 5517 κατασκήνωσιν
880 5451 936 5500 ἐν
993 5448 1070 5517 τῷ
1135 5449 1606 5518 χειροτονουμένῳ
1656 5451 1754 5518 τῆς
1811 5450 1973 5517 χάρι-

410 5553 522 5600 τος,
561 5538 698 5606 μετὰ
722 5538 820 5600 τὰς
844 5538 1110 5608 αίτήσεις,
1130 5538 1294 5602 εὐθὺς
1322 5541 1415 5591 καὶ
1450 5541 1548 5609 τὴν
1570 5541 1827 5611 δευτέραν
1853 5542 1974 5592 ἐπι-

409 5626 568 5697 φέρει
603 5627 785 5697 εὐχὴν,
819 5629 919 5698 τὴν
967 5631 1128 5698 χεῖρα
1185 5628 1326 5698 ἔχων
1375 5629 1464 5682 ἀεὶ
1514 5632 1870 5699 ἐπικειμένην
1903 5633 1969 5700 τῇ

408 5717 500 5773 τοῦ
535 5719 1042 5807 χειροτονουμένορ.
1070 5719 1283 5804 κεφαλῇ
1307 5737 1322 5754 ·
1355 5720 1532 5790 δηλῶν
1556 5761 1572 5790 ,
1620 5721 1695 5786 ὡς
1755 5723 1970 5792 ὅσαπερ

2088 3256 2147 3300 nt
2181 3247 2235 3299 in
2271 3247 2616 3315 baptismate,
2649 3248 2721 3303 ita
2750 3257 2801 3302 et
2831 3248 2940 3310 hic,
2987 3257 3039 3302 et
3092 3248 3144 3301 in
3179 3247 3433 3302 omnibus
3479 3248 3654 3300 sacris

2090 3339 2388 3407 mysteriis,
2439 3353 2624 3393 sacras
2686 3338 3024 3392 initiationes
3086 3347 3141 3393 et
3206 3339 3652 3392 consecratioiws

2088 3439 2366 3498 operatur.

2157 3532 2427 3613 Deinceps
2481 3544 2792 3614 rogationes
2833 3558 2897 3598 eo
2944 3553 3183 3614 tempore
3217 3560 3242 3597 a
3300 3544 3476 3613 primo
3519 3559 3644 3598 cou-

2090 3619 2432 3705 gi'egatorutn
2465 3637 2842 3703 episcoporum
2875 3636 3070 3688 merito
3111 3633 3372 3688 dicuntur
3431 3649 3528 3702 pro
3563 3651 3652 3686 su-

2089 3743 2253 3794 perna
2287 3741 2436 3794 pace,
2471 3737 2524 3778 et
2573 3726 2816 3777 omnium
2865 3725 3058 3789 salute,
3107 3740 3206 3792 pro
3240 3725 3651 3792 archiepiscopo

2088 3820 2235 3871 velut
2264 3825 2522 3886 operante
2553 3816 2950 3886 divinissimum
2976 3830 3112 3883 opus
3153 3834 3166 3869 :
3191 3824 3245 3868 et
3273 3831 3369 3883 pro
3391 3817 3652 3884 operibus

2090 3921 2348 3959 manuum
2389 3904 2530 3972 ejus,
2565 3885 2907 3957 ordinatione
2939 3905 3185 3970 scilicet;
3223 3920 3318 3972 pro
3352 3906 3470 3972 ipso
3515 3919 3651 3972 quo-

2088 4013 2194 4066 que
2217 3995 2543 4058 ordinando,
2575 4004 2629 4048 et
2657 3979 2761 4064 piis
2795 3994 3217 4060 imperatoribus
3248 4008 3265 4060 ;
3297 4009 3394 4062 pro
3438 3994 3570 4046 urbe
3599 4003 3652 4046 ‹·ι

2088 4089 2344 4142 omnibus
2401 4087 2668 4141 ﬁdelibus.
2729 4084 2944 4154 Reliqui
2997 4085 3326 4153 respondent
3359 4100 3374 4136 :
3404 4101 3422 4134 ι
3468 4081 3652 4152 Κ)Τίι¹,

2087 4181 2314 4234 eleison.
2360 4197 2378 4229 ι
2417 4178 2532 4245 ipso
2588 4181 2732 4231 Iacto
2785 4185 3020 4232 testante
3067 4192 3190 4230 eum
3259 4176 3327 4228 ab
3398 4177 3653 4228 Omnibus

2087 4272 2405 4339 episcopum
2437 4270 2783 4335 consecrari;
2816 4284 3006 4322 omnes
3055 4268 3200 4322 enim
3250 4268 3489 4336 episcopi
3528 4284 3650 4322 cum

2089 4362 2497 4430 archiepiscopo
2531 4361 2926 4419 consentiunt,
2985 4367 3038 4411 et
3091 4369 3505 4427 comprecantur
3531 4397 3545 4420 ,
3600 4370 3654 4412 «ι

2088 4454 2432 4514 coordinant,
2476 4467 2596 4505 cum
2662 4451 3204 4523 simulacontingant
3261 4450 3650 4518 ευεοίρὶυιιιιιιι

2089 4543 2510 4598 ordinationem.
2550 4542 2663 4596 Hoc
2710 4549 2886 4612 autem
2923 4542 2980 4592 lit
3020 4539 3071 4592 in
3134 4540 3247 4592 sola
3284 4539 3525 4606 cpiSi'Opi
3557 4554 3651 4591 οι-

2088 4635 2404 4700 dinatioue;
2443 4634 2697 4702 quoniam
2734 4633 2786 4684 in
2829 4635 2926 4684 hac
2959 4630 3193 4682 maxima
3249 4627 3560 4692 donatione,
3595 4637 3650 4678 et

2089 4723 2326 4794 Spiritus
2363 4726 2454 4780 Dei
2510 4723 2826 4778 accessione
2877 4721 3117 4775 omnium
3153 4719 3392 4774 ﬁdelium
3449 4733 3652 4772 metuo-

2088 4817 2223 4870 riam
2263 4823 2421 4884 agere
2473 4822 2724 4881 Oportet,
2783 4821 2839 4866 ut
2879 4810 3334 4876 miscricordiam“,
3390 4812 3647 4873 salutem,

2083 4915 2139 4960 et
2163 4907 2390 4972 gratiam
2415 4913 2840 4970 consequantur.
2863 4901 3316 4971 Arcbiepiscopus
3340 4916 3518 4956 autem
3539 4919 3651 4954 nia-

2084 5010 2212 5050 uum
2256 4995 2419 5048 habet
2468 4995 2821 5062 impositam,
2863 5003 2922 5046 ut
2973 4996 3202 5064 gratiam
3254 4995 3345 5048 Dei
3381 4994 3651 5062 signitict't

2081 5084 2491 5156 prolectricem,
2517 5092 2572 5139 et
2602 5087 3084 5149 conservatricem,
3119 5095 3175 5138 et
3199 5085 3374 5138 sancti
3410 5085 3649 5152 Spiritus
3700 5071 3705 5076 ”

2083 5181 2372 5232 adventum
2402 5177 2725 5232 etvirtutem
2749 5217 2766 5243 ,
2793 5189 2846 5232 et
2874 5178 3344 5232 obnmbrationem
3367 5185 3478 5228 tum
3510 5176 3647 5238 ﬁeri,

2081 5269 2258 5336 potius
2290 5283 2419 5322 vero
2467 5269 2657 5338 gratiae
2701 5270 2754 5321 in
2811 5268 3116 5322 ordinando
3171 5267 3644 5320 inbabitationem.

2079 5359 2344 5413 Recitatis
2399 5361 2802 5428 rogationibus,
2844 5362 3025 5414 statim
3080 5358 3147 5412 ad
3201 5357 3492 5412 secundam
3525 5372 3649 5425 pro-
3728 5356 3737 5364 ’

2077 5452 2321 5518 greditur
2363 5452 2693 5515 orationem,
2737 5466 2958 5504 manum
2989 5465 3204 5519 semper
3243 5449 3447 5502 habens
3480 5450 3646 5529 capiti

2077 5543 2223 5598 illius
2256 5543 2348 5612 qui
2389 5540 2676 5596 ordinatur
2730 5542 3065 5611 impositam.
3100 5535 3216 5605 Qua
3246 5541 3454 5594 ratione
3481 5540 3641 5594 decet

2075 5647 2415 5706 quaecunque
2484 5641 2737 5700 precatur
2787 5631 3031 5686 efﬁcacia
3087 5646 3246 5694 esse,
3306 5644 3486 5694 etca,
3550 5633 3644 5698 qui

2077 5740 2276 5812 manus
2310 5723 2659 5794 itnpositione
2705 5723 2962 5791 donatur,
3015 5723 3280 5797 accipere.
3324 5721 3511 5778 Oratio
3548 5741 3646 5778 au-
