4126 6268
468 265 574 326 (ﬁl

1249 256 1628 320 SYMEONIS
1667 255 2421 320 TllESSAL')NlCENSIS
2461 259 2816 320 ARCHIEP.

3603 251 3710 315 Ωιι

463 383 613 434 tione
649 392 880 448 operum
935 381 1083 430 tanta
1142 373 1508 428 admiratione
1559 383 1613 424 et
1665 377 1890 438 stupore
1946 369 2081 432 ἁμέ

2163 372 2315 426 εοίνυν
2345 377 2761 442 κηρυσσομένου
2783 412 2794 432 ,
2831 374 2924 424 καὶ
2955 371 3055 440 τῆς
3093 369 3358 439 μυστικῆς
3396 370 3586 430 θυσιας
3621 372 3712 420 ὲκ-

464 471 876 542 gnissimorum.
912 465 1206 535 Evangelia
1237 465 1402 532 igitur
1461 456 1787 544 praedicam,
1829 471 1884 513 et
1924 474 2039 529 my-

466 567 606 621 stico
635 562 910 618 sacriﬁcio
966 559 1217 614 confecto
1272 559 1341 610 ab
1395 553 1689 622 Evangelio
1742 568 1916 620 usque
1969 552 2037 605 ad

468 657 680 724 tempus
712 669 820 724 quo
870 660 1002 707 sunt
1057 647 1346 704 exultantia
1386 645 1647 715 mysteria
1679 643 1862 696 divina
1892 681 1907 706 ,
1961 643 2041 695 sic

467 748 597 802 facit
643 753 865 814 propter
915 758 978 798 ea
1012 756 1132 810 qua:
1161 739 1306 792 dicta
1353 747 1502 798 sunt.
1541 733 1800 802 quoniam
1853 745 2040 785 sacro-

470 853 591 891 rum
640 836 888 907 Operatio
926 831 1232 888 Salvatoris
1262 828 1436 884 nostri
1471 840 1610 894 opus
1665 831 1770 886 est,
1823 832 1877 875 et
1925 822 2044 890 ipse

470 939 556 985 est
585 929 679 998 qui
717 942 812 996 per
847 941 948 980 nos
994 923 1307 978 sacerdotes
1338 927 1394 973 et
1439 931 1626 972 servos
1658 929 1786 970 suos
1837 914 2044 966 sacrili-

473 1030 564 1073 cat
593 1029 644 1073 et
673 1019 1038 1072 sacriﬁcatur.
1071 1014 1116 1066 Α
1148 1008 1420 1082 principio
1473 1015 1652 1060 autem
1705 1003 1886 1056 missae
1915 1009 1968 1055 et
1993 1003 2044 1054 in

476 1110 812 1164 exultatione
842 1107 1011 1162 divini
1044 1103 1202 1174 panis
1228 1140 1244 1166 ,
1289 1110 1342 1154 et
1395 1099 1450 1151 in
1499 1093 1961 1158 ordinationibus,
1994 1099 2050 1145 et

485 1202 542 1256 in
573 1201 700 1256 aliis
751 1201 925 1255 sacris
978 1195 1273 1268 mysteriis,
1324 1190 1615 1259 episcopus
1677 1199 1932 1254 semper,
1991 1189 2051 1236 ιιι

476 1293 686 1347 dictum
735 1303 857 1357 eSt,
905 1289 1070 1358 pallio
1119 1284 1189 1338 ab
1247 1279 1494 1335 humeris
1543 1277 1598 1330 in
1651 1275 1839 1329 orbem
1918 1272 2041 1326 cin-

481 1383 649 1452 gitur.

1061 1487 1291 1544 CAPUT
1331 1481 1492 1541 CCX.

369 1609 376 1620 ’
483 1610 626 1678 Quid
677 1624 774 1662 vox
822 1604 1045 1678 Dignus,
1083 1616 1239 1678 quam
1281 1613 1440 1668 super
1480 1595 1776 1650 ordinando
1815 1608 2055 1674 pronam:

553 1682 682 1755 tiam
706 1693 724 1730 :
747 1689 791 1755 et
817 1663 941 1755 quid
973 1663 1210 1724 osculum
1248 1663 1416 1721 sacra:
1447 1681 1658 1732 mensas,
1684 1677 1856 1733 etquo
1890 1663 2050 1728 primi
2085 1699 2128 1755 Β

549 1747 774 1814 episcopi
824 1745 1063 1796 dextram
1109 1752 1426 1809 genamquc,
1487 1744 1538 1788 et
1597 1746 1912 1790 cancrorum
1947 1747 2050 1786 ora

551 1818 847 1872 osculatur.

563 1929 720 1997 Quod
778 1927 942 1981 etiam
1002 1934 1130 1977 tunc
1181 1920 1472 1975 ordinatus
1503 1933 1533 1972 a
1567 1917 1743 1988 primo
1800 1914 2056 1985 episcopo

485 2023 784 2092 accipiens,
819 2004 1017 2073 collum
1051 2014 1320 2078 induitur,
1355 2020 1409 2065 et
1445 2011 1645 2088 dignus
1685 2007 2056 2071 renuntiatur,

487 2124 675 2184 utpote
708 2127 737 2165 a
769 2112 880 2165 Deo
929 2108 1127 2177 dignus
1154 2103 1406 2166 eﬂ‘ectus,
1435 2111 1488 2155 ct
1511 2101 1636 2154 talis
1665 2100 1732 2153 ab
1769 2097 1979 2166 angelis
2006 2103 2058 2150 et

487 2206 806 2263 hominibus
856 2199 1132 2268 cognitus,
1169 2206 1333 2263 atque
1367 2185 1444 2248 in
1475 2200 1752 2262 posterum
1790 2187 2059 2257 obligatus

485 2298 637 2368 operi
681 2292 951 2359 condigne
988 2297 1045 2342 et
1069 2283 1378 2341 condetmre
1408 2286 1594 2336 vivere
1621 2288 1674 2335 ct
1717 2277 2058 2341 conversari,

487 2400 541 2445 et
588 2403 655 2442 eo
705 2386 928 2454 dignum
967 2377 1138 2434 veluti
1192 2374 1451 2446 precibus
1486 2379 1540 2427 et
1573 2371 1716 2425 votis
1769 2375 2060 2437 acceptum

487 2493 609 2534 sese
650 2476 913 2546 praebere.
956 2471 1153 2524 Postea
1187 2480 1312 2520 eum
1344 2463 1624 2519 osculatur
1668 2458 1920 2531 pontifex
1947 2497 1963 2524 ,
1999 2466 2061 2512 ut

488 2578 707 2638 propter
764 2561 953 2634 gratiae
1005 2555 1439 2628 magnitudinem
1494 2553 1598 2609 sibi
1631 2552 1965 2613 amabilem,
2007 2557 2062 2603 et

490 2677 585 2731 per
614 2660 792 2726 ipsum
818 2651 1012 2722 aequali
1055 2651 1266 2705 honore
1293 2650 1565 2701 fruentem
1594 2683 1610 2709 ,
1659 2652 1712 2698 et
1752 2645 1806 2696 in
1839 2641 2063 2696 Christo

491 2747 889 2806 sanctiﬁcatum
919 2751 972 2797 et
1013 2741 1251 2796 unitum.
1283 2735 1403 2807 Ipse
1423 2749 1642 2805 quoque
1665 2745 1879 2788 sacram
1912 2746 2064 2785 men-

491 2856 610 2896 sam
641 2839 928 2893 osculatur
953 2873 970 2897 ,
999 2847 1118 2887 eam
1147 2840 1205 2883 ut
1225 2829 1412 2899 gratiae
1440 2826 1707 2882 oﬁicinam
1761 2826 2061 2888 honorans,

495 2932 549 2985 in
587 2945 694 3000 qua
737 2937 789 2981 et
821 2931 1177 2980 consecratus
1214 2931 1320 2985 est,
1369 2929 1421 2972 et
1453 2915 1856 2971 ordinationem
1908 2927 2066 2967 accc-

2137 463 2466 533 τελουμένης
2505 465 2611 516 dtth
2641 463 2736 515 τοῦ
2775 463 3102 529 Εὔαγγελίου
3135 460 3264 530 ἄχρι
3318 461 3411 511 καὶ
3441 459 3534 512 τοῦ
3570 460 3671 527 μέλ
3693 490 3704 497 -

2141 553 2254 606 λειν
2284 554 2452 623 ὑψοῦν
2482 556 2548 608 τὰ
2584 554 2702 608 θεῖα
2739 553 3034 623 μυστήρια,
3068 550 3209 604 οὕτω
3240 550 3305 619 δὴ
3346 551 3489 603 ποιεῖ
3519 549 3607 603 διὰ
3641 551 3710 602 τὰ

2142 645 2516 715 προειρημένα
2538 661 2552 676 ο
2590 645 2670 698 ὅτι
2705 645 2800 696 καὶ
2838 645 2872 713 ἡ
2910 642 3190 712 ἱερουργία
3225 642 3384 712 ἔργον
3418 642 3584 693 αὐτοῦ
3617 641 3713 693 ταῦ

2143 737 2396 806 Σωτῆρος
2439 737 2600 806 ἡμῶν
2625 753 2640 768 ο
2680 737 2775 789 καὶ
2817 736 2976 798 αὐτὸς
3015 737 3042 787 ὁ
3082 732 3149 785 δι’
3177 733 3333 801 ἡμῶν
3374 733 3481 785 τῶν
3522 732 3738 802 ἱερέων

2143 827 2307 880 αὐτοῦ
2358 829 2451 880 καὶ
2496 827 2699 897 δούλων
2757 827 3059 896 ἱερουργῶν
3101 831 3196 877 καὶ
3246 822 3717 892 ἱερουργούμενοβ.

2159 914 2247 979 Ἐξ
2273 918 2448 986 ἀρχῆς
2475 908 2531 970 δὲ
2555 917 2656 986 τῆς
2687 915 3058 984 λειτουργίας,
3088 915 3183 967 καὶ
3210 917 3268 966 ἐν
3295 918 3359 983 τῇ
3389 912 3595 980 ὑψώσει
3623 913 3717 964 τοῦ

2147 1006 2290 1060 θείου
2322 1009 2488 1077 ἀρτου
2506 1050 2520 1072 ,
2555 1010 2649 1062 καὶ
2678 1009 2798 1068 ταῖς
2827 1005 3189 1077 χειροτονίαις
3211 1043 3226 1069 ,
3258 1007 3352 1057 καὶ
3379 1007 3495 1065 ταῖς
3528 1003 3719 1064 ἄλλαις

2149 1102 2324 1168 ίεραῖς⁴
2347 1101 2624 1164 τελεταῖς,
2657 1101 2886 1154 πάντοτε
2917 1098 3024 1151 ἀπὸ
3055 1096 3163 1150 τῶν
3193 1095 3358 1166 ὤμων
3388 1097 3574 1166 κύιῶῳ
3593 1135 3608 1160 ,
3641 1095 3717 1158 ὡς

2149 1190 2391 1262 εἴρηται,
2425 1191 2584 1245 τοῦτο
2611 1190 3003 1262 περιϐάλλεται
3031 1189 3059 1242 ό
3085 1188 3402 1258 ἀρχιερεύς.

2732 1480 2988 1534 ΚΕΦΑΛ.
3029 1476 3132 1534 ΣΥ.

2155 1594 2218 1653 Τί
2258 1599 2323 1650 τὸ
2355 1596 2538 1660 Ἄξιος
2566 1593 2667 1648 ἐπὶ
2704 1592 2784 1658 τῷ
2820 1591 3342 1662 χειροτονουμένφ-
3368 1588 3722 1662 derogat-0r,

2225 1665 2319 1719 καὶ
2365 1666 2397 1718 ὁ
2441 1657 2772 1731 ἆσπασμὸς
2812 1657 2923 1728 {ﬂe
2949 1677 3032 1731 as
3073 1659 3234 1725 ἱερᾶς
3252 1657 3723 1731 ιτραςτέζηςηκυξ

2225 1732 2332 1790 τοῦ
2363 1724 2679 1802 ἁρχιερέωξὴ
2704 1724 2811 1784 τοῦ
2845 1724 3078 1802 πρῴτοι)
3107 1724 3273 1802 ἐτι-τῆ
3305 1725 3495 1802 δεξιᾷ,
3523 1725 3622 1778 καὶ
3651 1724 3725 1794 τῇ

2226 1796 2588 1872 superarum
2615 1796 2735 1856 τῶν
2771 1796 3004 1854 λοιπῶν
3027 1799 3096 1851 ἐν
3125 1797 3204 1861 τῷ
3231 1796 3504 1864 στόματι.

2228 1915 2410 1986 Ὅπερ
2443 1914 2508 1986 δὴ
2546 1912 2641 1968 καὶ
2670 1913 2792 1967 τότε
2827 1908 3226 1982 χειροτονηθεὶς
3249 1947 3265 1974 ,
3299 1906 3615 1960 ὲπενδύεται
3649 1904 3725 1975 τῷ

2156 2008 2414 2077 τραχήλῳ
2461 2007 2616 2077 παρὰ
2657 2005 2754 2058 τοῦ
2807 2001 3022 2073 πρώτου
3072 2001 3328 2071 ίεράρχου
3383 1997 3585 2062 λαϐὼν,
3633 2001 3726 2051 καὶ

2158 2097 2545 2166 ἀναγορεύεται
2579 2097 2764 2163 ἄξιος,
2793 2094 2869 2156 ὡς
2907 2094 3059 2162 παρά
3092 2091 3228 2145 Θεοῦ
3269 2089 3508 2159 γεγονὼς
3541 2089 3688 2154 ἄξιος
3710 2128 3728 2155 ,

2159 2190 2252 2242 καὶ
2285 2188 2525 2256 γνωστὸς
2559 2185 2635 2238 ὣν
2671 2188 2784 2248 τοῖς
2817 2183 3071 2251 ἀγγέλοις
3105 2184 3199 2235 καὶ
3231 2183 3341 2244 τοῖς
3378 2181 3688 2251 ἀνθρώποις
3708 2219 3726 2246 ,

2159 2281 2254 2332 καὶ
2287 2280 2454 2344 ἀξίως
2487 2277 2581 2330 τοῦ
2622 2277 2782 2347 ἔργου
2817 2276 3046 2343 ὀφείλων
3078 2274 3452 2327 πολιτεύεσθαι
3478 2309 3497 2338 ,
3529 2274 3623 2325 καὶ
3652 2271 3728 2334 ὡς

2159 2371 2323 2440 εὐχὴν
2354 2370 2513 2424 τοῦτο
2548 2370 2840 2438 δεχόμενος
2875 2370 3026 2434 ἄξιος
3062 2360 3222 2420 εἶναι.
3259 2361 3390 2417 Εἶτα
3427 2363 3732 2428 ἀσπάζεται

2161 2461 2351 2513 τοῦτον
2388 2461 2417 2512 ό
2465 2460 2742 2530 ίεράρχης,
2784 2459 2860 2521 ὡς
2904 2457 3130 2528 ὲραστδν
3166 2455 3316 2523 αὐτῷ
3357 2455 3445 2506 διὰ
3482 2453 3542 2506 τὸ
3588 2452 3727 2519 μέγα

2161 2551 2260 2620 τῆς
2289 2553 2509 2622 χάριτος
2539 2550 2636 2602 καὶ
2654 2549 2729 2613 ὼς
2758 2551 3002 2620 ὁμοταγή
3029 2546 3096 2601 δι’
3121 2547 3309 2609 αὑτοῦ,
3338 2549 3432 2598 καὶ
3462 2545 3729 2614 ἡγιασμέ-

2163 2659 2250 2696 νον
2277 2644 2334 2694 έν
2361 2641 2582 2711 Χριστῷ
2606 2641 2699 2694 καὶ
2724 2641 2998 2710 ἡνωμένον
3019 2654 3032 2669 ·
3063 2640 3155 2693 καὶ
3181 2637 3340 2700 αὐτὸς
3355 2637 3432 2703 δὲ,
3455 2637 3554 2705 τὴν
3582 2639 3734 2705 ἱερὰν

2163 2732 2442 2804 τράπεζαν
2473 2731 2858 2800 ἀσπασάμενος
2881 2772 2897 2796 ,
2931 2729 3108 2798 τιμῶν
3139 2728 3309 2798 αὐτὴν
3339 2728 3414 2791 ὼς
3443 2727 3543 2795 τῆς
3575 2729 3734 2797 χάρι-

2163 2842 2252 2887 τος
2285 2827 2674 2894 ἐργαστήριον,
2706 2825 2762 2876 ὲν
2884 2823 2978 2875 καὶ
3006 2821 3334 2885 τετέλεσται,
3367 2824 3459 2873 καὶ
3489 2822 3588 2890 τὴν
3617 2837 3734 2888 χει-

2167 2916 2411 2987 ροτονίαν
2436 2915 2672 2978 ἐδέξατο,
2696 2918 2791 2966 καὶ
2813 2919 2911 2981 τὴν
2939 2914 3400 2982 χειροτονήσασαν
3427 2912 3732 2974 ἀσπάζεται

495 3023 594 3092 pit.
648 3019 948 3075 Osculatur
982 3013 1147 3068 etiam
1199 3011 1478 3066 dexteram
1523 3023 1647 3077 qua:
1682 3005 1861 3076 ipsum
1911 3004 2060 3059 ordi-

2163 3010 2364 3074 δεξιὰν,
2399 3007 2474 3068 ὡς
2514 3005 2811 3072 καὶ,,αὐτὴν
2846 3003 3186 3072 ἡγιασμένην
3224 3005 3317 3055 καὶ
3357 3000 3736 3071 κεχαριτωμέ-

495 3113 688 3177 navit,
727 3107 886 3179 quasi
941 3114 997 3161 et
1049 3105 1168 3174 ipsa
1225 3101 1297 3156 sit
1355 3098 1723 3162 sanctiﬁcata,
1783 3105 1838 3150 et
1890 3095 2096 3164 gratia—

496 3203 758 3265 abundet,
793 3213 1023 3266 eamque
1060 3190 1507 3249 communicandi
1535 3190 1625 3258 jus
1659 3187 1879 3249 habeat,
1909 3185 2066 3238 item-

496 3308 605 3364 que
635 3288 949 3362 perﬁciendi
995 3293 1049 3340 et
1096 3280 1459 3338 consecrandi
1502 3293 1600 3348 per
1635 3276 1901 3346 Spiritum
1938 3290 2067 3329 san-

497 3395 671 3449 cwm,
707 3391 762 3436 et
798 3377 1228 3435 benedictionem
1260 3371 1546 3444 largiendi,
1579 3370 1873 3436 divinaque
1926 3369 2068 3420 dona

500 3468 888 3533 distribuendi,
951 3470 1046 3535 per
1078 3479 1242 3535 quam
1276 3473 1330 3516 et
1362 3464 1477 3531 ipse
1523 3460 1808 3514 ordinatus
1840 3465 1924 3512 est
1961 3456 2071 3526 epi-

500 3578 699 3632 scopus
729 3599 745 3624 ,
776 3570 830 3615 et
863 3564 1299 3614 consummatus.
1355 3550 1892 3618 Osculatnrinsuper
1939 3561 2072 3617 pon-

500 3654 668 3708 tiﬁcis
701 3666 896 3722 genam
945 3658 1001 3703 ut
1032 3648 1302 3704 sermonis
1356 3645 1817 3708 instrumentum,
1859 3649 1917 3694 ut
1951 3654 2072 3710 pre-

498 3761 626 3801 cum
688 3744 1038 3806 ministram,
1073 3748 1236 3808 atque
1270 3737 1431 3792 etiam
1470 3741 1693 3804 propter
1747 3732 2072 3787 charitatem

497 3851 551 3897 et
608 3841 894 3895 unionem.
943 3835 1111 3889 Amat
1167 3831 1313 3887 enim
1355 3839 1411 3884 et
1451 3829 1568 3897 ipse
1619 3823 2074 3880 communicantis

499 3933 752 4004 gratiam.
795 3928 863 3984 Ut
917 3935 1098 3981 autem
1152 3931 1371 3978 amatus
1430 3929 1486 3973 et
1546 3917 1784 3971 dilectus
1837 3927 1963 3967 vere
2017 3911 2072 3966 in

498 4025 720 4081 Christo
751 4022 870 4078 solo
897 4017 1118 4072 amabili
1142 4021 1291 4068 amat
1322 4019 1377 4066 et
1402 4009 1601 4078 diligit.
1632 4005 1861 4060 Mendax
1892 4011 2073 4059 autem

499 4117 773 4176 osculum,
804 4123 862 4164 ιιι
897 4108 1084 4174 Judas,
1125 4119 1232 4159 non
1257 4102 1392 4172 ﬁgit,
1420 4114 1521 4155 nec
1551 4098 1725 4168 alapis
1753 4109 1947 4167 genam
1974 4109 2076 4148 cae-

499 4207 582 4261 dit
607 4213 666 4260 ut
699 4203 962 4266 deieidae;
1007 4199 1101 4253 sed
1127 4205 1322 4251 contra
1367 4191 1556 4247 osculo
1590 4200 1820 4245 testatur
1853 4203 1914 4244 se
1947 4202 2073 4242 "eam

504 4299 801 4359 honorare,
836 4300 1197 4358 sanctamque
1224 4287 1499 4356 judicare,
1537 4291 1592 4337 et
1632 4279 2072 4344 dilectissimam,

499 4400 665 4458 atque
700 4386 862 4440 etiam
901 4397 960 4438 se
984 4383 1228 4451 ejusdem
1264 4376 1476 4430 ordinis
1503 4389 1626 4428 cum
1653 4373 1914 4441 episcOpo
1944 4384 2076 4424 con-

501 4491 776 4544 secrante,
809 4479 934 4530 licet
965 4473 1066 4525 sub
1095 4486 1180 4534 eo,
1213 4482 1338 4522 esse
1368 4465 1599 4518 factum.
1659 4463 1772 4516 Hoc
1802 4469 1886 4516 est
1927 4461 2072 4515 enim

501 4590 691 4630 eorum
725 4582 944 4625 manum
975 4571 1031 4618 et
1065 4574 1226 4630 genas
1258 4557 1520 4622 osculari,
1557 4570 1663 4609 non
1695 4562 1876 4608 autem
1911 4553 2074 4607 labia.

505 4667 638 4719 Nam
671 4665 827 4717 labiis
857 4657 1142 4712 osculatur
1173 4651 1280 4706 sibi
1331 4642 1542 4704 ordine”
1584 4646 1821 4717 aequales
1847 4687 1861 4712 ,
1894 4657 1946 4700 et
1981 4645 2074 4714 qui

506 4767 635 4809 ante
665 4755 844 4820 ipsum
876 4746 1115 4802 ordinati
1142 4753 1269 4798 sunt
1289 4741 1563 4810 episcopi,
1590 4748 1646 4794 et
1696 4738 1763 4792 ab
1799 4738 1930 4806 ipsis
1959 4752 2077 4790 mu-

506 4848 616 4902 tuis
645 4842 848 4898 osculis
881 4841 1184 4892 honoratur
1210 4873 1224 4898 ,
1258 4844 1316 4888 ut
1348 4835 1484 4902 ipsis
1543 4833 1731 4886 unitus
1757 4871 1772 4896 ,
1833 4839 1890 4884 ut
1950 4829 2078 4882 cha-

464 4885 790 4999 rtissimus,
819 4941 876 4985 ut
907 4930 1081 4998 gratia
1130 4921 1315 4979 divina
1350 4925 1611 4987 donatus,
1645 4933 1701 4976 ut
1733 4922 1939 4992 collega
1984 4923 2078 4974 iis-

509 5033 635 5084 dem
708 5020 1009 5079 secundum
1075 5018 1259 5071 omnia
1325 5016 1706 5085 praarogativis
1776 5014 2074 5083 dignatus,

509 5133 698 5173 amans
727 5125 783 5169 et
812 5121 1047 5175 amatus,
1090 5107 1372 5178 paciﬁcus,
1415 5116 1469 5159 et
1515 5115 1860 5174 cooperator,
1913 5113 2101 5173 atque

509 5220 571 5263 ut
607 5209 662 5261 in
691 5204 889 5261 divinis
939 5199 1216 5271 mysteriis
1245 5209 1437 5251 eorum
1466 5197 1862 5248 comminister.

1070 5306 1300 5365 CAPUT
1338 5304 1517 5361 CCXI.

585 5411 714 5473 Quis
740 5409 807 5461 sit
837 5406 970 5459 ritus
1001 5402 1166 5456 osculi
1209 5403 1265 5454 in
1297 5398 1631 5453 ordinatione
1660 5395 1998 5465 patriarchw.

589 5561 740 5615 Unde
771 5561 824 5612 in
859 5557 1300 5612 ordinationibus
1347 5552 1882 5621 arcliiepisCOporum
1911 5587 1926 5614 ,
1984 5564 2078 5619 pa-

516 5663 879 5703 triarcnarum
935 5651 1188 5716 scilicet,
1248 5647 1560 5716 patriarcha
1612 5645 1923 5706 ordinatus,
1977 5659 2076 5697 nec

2171 3117 2290 3169 νην,
2329 3099 2427 3152 καὶ
2463 3098 2524 3151 τὸ
2564 3097 2912 3167 μεταδοτικδν
2950 3097 3049 3162 τῆς
3089 3095 3312 3164 χάριτος
3350 3093 3600 3162 ἔχουσαν,
3639 3090 3736 3144 καὶ

2169 3190 2488 3259 τελεστικὴν
2515 3192 2574 3242 ὲν
2601 3187 2740 3258 ἁγίῳ
2769 3185 3045 3256 Πνεῦματι
3077 3188 3170 3238 καὶ
3198 3184 3449 3250 εὐλογίας
3479 3183 3733 3252 χορηγὸν,

2169 3285 2265 3359 καὶ
2285 3282 2640 3354 χαρισμάτων
2672 3281 2833 3334 θείων
2863 3277 3227 3349 παρεκτικὴν,
3258 3276 3325 3330 δι’
3357 3266 3425 3348 ἦς
3459 3277 3554 3329 καὶ
3581 3275 3737 3338 οὗτος

2169 3374 2456 3443 ἀρχιερεὺς
2506 3371 2943 3441 κεχειροτόνηται
2997 3370 3089 3421 καὶ
3138 3367 3470 3421 τετέλεσται.
3510 3369 3630 3419 Ἔτι
3682 3368 3738 3419 δὲ

2171 3463 2266 3516 καὶ
2291 3464 2390 3530 τὴν
2419 3461 2514 3514 τοῦ
2550 3463 2802 3530 ίεράρχου
2834 3459 3142 3524 ἀσπάζεται
3174 3458 3439 3526 παρειὰν,
3469 3457 3542 3520 ὡς
3572 3456 3740 3526 ὄργα-

2172 3572 2263 3608 νον
2292 3556 2385 3608 τοῦ
2417 3555 2598 3622 λόγου,
2629 3555 2704 3616 ὡς
2736 3551 3002 3622 ὑπηρέτιν
3030 3551 3138 3602 τῶν
3168 3549 3364 3619 εὐχῶν,
3398 3552 3491 3601 καὶ
3521 3549 3608 3601 διὰ
3640 3549 3737 3616 τὴν

2172 3645 2392 3713 ἀγάπην
2423 3661 2480 3696 τε
2514 3645 2608 3697 καὶ
2638 3642 2855 3714 ἕνωσιν.
2892 3642 3024 3711 Ἐρᾷ
3054 3640 3164 3709 γὰρ
3198 3642 3293 3693 καὶ
3325 3639 3486 3701 αὐτὸς
3516 3639 3609 3691 τοῦ
3643 3658 3738 3708 με-

2172 3736 2421 3796 ταδόντος
2464 3734 2562 3804 τὴν
2609 3734 2791 3803 χάριν,
2841 3734 2934 3786 καὶ
2983 3732 3216 3799 ἀγαπῶν
3265 3733 3381 3783 ἐστι
3432 3733 3526 3785 καὶ
3573 3731 3740 3797 φιλῶν

2173 3824 2390 3894 ἀληθῶς
2417 3827 2474 3876 ὲν
2501 3823 2723 3893 Χριστῷ
2747 3823 2826 3890 τῷ
2851 3820 3065 3891 ἐραστῷ
3094 3823 3262 3890 μόνῳ,
3289 3821 3362 3882 ὡς
3391 3821 3484 3873 καὶ
3510 3821 3706 3886 ἀγαπῶ
3723 3848 3737 3858 -

2179 3931 2339 3983 μενος
2368 3913 2465 3966 καὶ
2494 3914 2814 3981 φιλούμενος
2834 3928 2848 3942 ο
2876 3913 2970 3965 καὶ
2998 3912 3082 3966 ὄτι
3103 3912 3162 3965 οὺ
3183 3912 3394 3980 ψευδῶς
3416 3909 3739 3975 ἀσπάζεται,

2176 4005 2250 4068 ὡς
2279 4005 2307 4056 ό
2340 4002 2576 4068 Ἰούδας,
2607 4003 2728 4054 οὐδὲ
2760 4000 2978 4072 ῥαπίζει
3010 4003 3110 4070 τὴν
3144 4001 3412 4068 παρειὰν,
3443 3999 3518 4061 ὡς
3547 4000 3596 4051 oi
3627 3999 3742 4050 θει-
3809 4021 3826 4035 ο

2175 4095 2353 4149 κτόνοι
2375 4109 2390 4126 ⁸
2427 4094 2561 4148 ἀλλὰ
2600 4094 2801 4163 μᾶλλον
2829 4093 3033 4160 ταύτην
3065 4092 3236 4160 τιμᾷ,
3271 4092 3365 4143 καὶ
3401 4092 3563 4157 ἁγίαν
3594 4092 3742 4160 ἡγεῖ-

2176 4202 2268 4238 ται
2292 4186 2383 4239 καὶ
2411 4185 2694 4252 φιλτάτην,
2723 4183 2816 4234 καὶ
2843 4184 2921 4234 ὅτι
2951 4182 3043 4233 καὶ
3071 4181 3231 4242 αὐτὸς
3253 4181 3349 4249 τῆς
3373 4181 3544 4248 αὐτῆς
3569 4181 3643 4248 τῷ
3672 4182 3744 4231 ἱδ-

2181 4277 2357 4348 ράρχῃ
2403 4275 2695 4346 γεγένηται
2742 4275 2981 4340 τάξεως,
3027 4274 3074 4324 εἰ
3121 4275 3218 4324 καὶ
3266 4273 3358 4324 ὑπ’
3389 4273 3552 4324 αὐτόν
3606 4275 3740 4323 ἐστι.

2107 4350 2150 4403 ι)
2176 4369 2344 4422 Τοῦτο
2383 4369 2492 4436 γὰρ
2529 4369 2589 4419 τὸ
2628 4368 2728 4434 τὴν
2767 4367 2924 4434 χεῖρα
2969 4365 3061 4416 καὶ
3105 4366 3336 4432 παρειὰν
3379 4361 3742 4425 ἀσπάζεσθαι,

2176 4461 2271 4513 καὶ
2297 4459 2357 4509 οὐ
2384 4458 2454 4510 τὰ
2481 4457 2635 4526 χείλη
2667 4456 2866 4508 αὐτῶν.
2901 4454 3231 4517 Ἀσπάζεται
3265 4456 3373 4523 γὰρ
3400 4459 3510 4515 τοῖς
3543 4455 3744 4522 χείλεσι

2175 4550 2299 4612 τοὺς
2327 4550 2420 4602 καὶ
2450 4548 2592 4602 κατὰ
2619 4548 2715 4616 τὴν
2741 4547 2896 4610 τάξιν
2925 4547 3198 4607 ίσουςσκαὶ
3227 4547 3323 4613 τὴν
3357 4547 3529 4614 ἀρχὴν
3558 4551 3745 4612 ἀρχιε-

2177 4645 2313 4712 ρεῖς,
2358 4641 2453 4693 καὶ
2495 4640 2623 4709 παρ’
2649 4639 2828 4691 αὐτῶν
2859 4637 3267 4699 ἀντασπάζεται
3309 4618 3462 4704 163
3498 4635 3573 4697 ὡς
3611 4637 3746 4702 ἠνω-

2181 4733 2369 4802 μένος,
2399 4730 2474 4793 ὼς
2504 4732 2756 4797 φίλτατος
2777 4769 2792 4793 ,
2822 4728 2896 4790 ὼς
2924 4726 3020 4788 τὴν
3052 4728 3203 4779 θείαν
3230 4727 3389 4796 χάριν
3423 4725 3602 4777 λαὸὼν
3623 4765 3635 4785 ,
3668 4724 3744 4784 ὡς

2177 4820 2474 4892 όμοταγὴς,
2503 4819 2609 4871 τῶν
2642 4820 2770 4872 ἴσων
2802 4820 2943 4871 κατὰ
2972 4819 3150 4871 πάντα
3176 4816 3499 4885 ἠξιωμένος,
3534 4815 3626 4866 καὶ
3657 4830 3744 4880 φι-

2179 4915 2308 4980 λῶν,
2333 4917 2426 4966 καὶ
2453 4913 2793 4984 φιλούμενος,
2820 4914 2914 4961 καὶ
2941 4909 3216 4979 εἰρηνικὸς
3245 4911 3334 4960 καὶ
3365 4906 3645 4974 συνεργὸς,
3665 4905 3741 4968 ὡς

2179 5010 2236 5059 ὲν
2263 5009 2374 5070 τοῖς
2406 5005 2572 5067 θείοις
2605 5002 3035 5071 συλλειτουργός.

2741 5293 2991 5346 ΚΕΦᾹΛ.
3035 5293 3180 5345 ΣιΑν.

2183 5397 2381 5458 Ὅπως
2426 5394 2458 5446 ό
2501 5389 2827 5457 ἀσπασμὸς
2873 5387 2942 5472 ὲις
2985 5384 3058 5452 τῇ
3105 5383 3439 5452 χειροτονίᾳ
3481 5382 3590 5436 τοῦ
3637 5395 3747 5434 πα-

2813 5465 3115 5524 τριάρχου.
3296 5465 3306 5474 ’

2257 5559 2419 5610 Ὅθεν
2460 5554 2556 5606 καὶ
2599 5552 2655 5602 ὲν
2700 5551 2819 5610 ταῖς
2862 5548 2971 5599 τῶν
3017 5544 3464 5614 αρχιεπισκὸπων
3510 5557 3747 5610 χειροτο-

2181 5651 2338 5713 νίαις,
2381 5648 2488 5700 τῶν
2513 5641 2866 5713 πατριαρχῶν
2907 5637 3213 5707 δηλαδὴ,οὺ
3254 5636 3344 5688 τὸν
3387 5633 3678 5701 ἀσπασμὸν
3720 5631 3746 5684 ὁ
