4126 6268
446 323 556 390 425

1504 329 1603 390 DE
1645 329 1912 392 SACRIS
1950 291 2645 394 ORDINATIONIBUS.

3604 319 3709 386 4‘26

446 437 845 510 χειροτονηθεὶς
876 439 1222 510 πατριάρχης
1251 440 1488 496 ποιεῖται
1517 443 1596 506 εἰς
1620 443 1719 513 τὴν
1743 445 1903 512 χεῖρα
1930 441 2025 496 τοῦ

2142 460 2356 500 manum
2387 444 2700 499 ordinantis
2727 455 2826 496 nec
2855 454 3024 511 genas
3081 437 3390 502 osculatur,
3434 436 3530 493 sed
3588 437 3708 503 pri-

448 531 927 600 χειροτονήσαντος
968 533 1062 585 καὶ
1099 532 1199 602 τὴν
1238 533 1474 602 παρειάν
1497 548 1512 564 ο
1554 532 1670 586 ἀλλ’
1696 533 2026 602 ἀσπασάμε-

449 637 537 683 νος
573 622 790 690 πρῶτον
823 623 921 692 τὴν
959 623 1111 677 θείαν
1146 625 1458 693 τράπεζαν,
1491 626 1781 695 ἀνέρχεται
1815 627 1896 690 εἰς
1928 627 2028 697 τὴν

448 714 690 784 κρηπῖδα
713 730 727 744 ο
762 717 853 768 καὶ
886 715 978 768 τὸν
1013 717 1303 785 ἀσπασμὸν
1333 719 1570 770 ποιεῖται
1608 717 1750 770 κατὰ
1784 718 1843 770 τὸ
1885 718 2025 782 ἔθος,

444 807 540 858 τοῦ
580 808 680 874 μὲν
713 810 1196 878 χειροτονήσαντος
1230 809 1394 861 αὑτὸν
1428 809 1526 880 τὴν
1563 811 1714 878 ἱερὰν
1747 811 2027 878 τράπεζαν

447 898 833 966 ἀσπαζομένου
865 900 1151 969 πρότερον,
1180 899 1254 962 ὡς
1281 900 1390 953 τῶν
1423 899 1584 969 ἱερῶν
1611 900 1790 970 ἔργων
1820 903 2022 970 πηγὴν,

446 989 565 1044 εἶτα
591 993 690 1063 τὴν
721 995 878 1064 χεῖρα
910 993 1003 1047 τοῦ
1036 993 1510 1064 χειροτονηθέντας
1542 993 1882 1064 πατριάρχου
1906 1034 1921 1055 ,
1952 993 2027 1056 ὡς

448 1082 666 1150 πρώτου
692 1085 1063 1147 καταστάντος
1085 1078 1163 1153 τῷ
1187 1085 1317 1156 θείῳ
1341 1085 1735 1154 Πνεύματγκαὶ
1757 1087 2027 1155 πατριάρ-

447 1190 546 1243 χου
579 1175 791 1240 αὐτῶν,
827 1179 918 1229 καὶ
949 1177 1035 1229 διὰ
1067 1175 1167 1245 τὴν
1199 1176 1395 1230 ἕνωσιν
1424 1179 1501 1240 είς
1531 1177 1594 1228 τὸ
1625 1179 1834 1245 στόμα,
1867 1176 1898 1244 ἢ
1930 1176 2029 1247 τὴν

447 1267 681 1334 παρειάν
713 1267 800 1320 διὰ
827 1269 925 1338 τὴν
960 1269 1242 1338 ὑποταγὴν
1269 1284 1283 1299 ·
1323 1270 1525 1339 ὁμοίως
1554 1268 1610 1320 δὲ
1645 1268 1738 1321 καὶ
1768 1269 1816 1320 οἱ
1851 1267 2029 1320 λοιποὶ

448 1359 722 1429 ἀρχιερεῖς
751 1361 800 1413 οἱ
833 1360 930 1414 σὺν
959 1360 1108 1431 αὐτῷ
1143 1360 1332 1414 τοῦτον
1363 1361 1864 1432 χειροτονήσαντες.

1020 1475 1066 1527 Κ
1080 1475 1272 1526 ΕΦΑΛ.
1315 1474 1460 1527 ΣΙΒ’.

448 1588 586 1654 Περὶ
637 1587 868 1653 τάξεως
921 1587 1321 1656 πατριαρχῶν,
1379 1586 1876 1654 ἀρχιεπισκόπων
1926 1587 2025 1640 καὶ

1050 1659 1421 1712 ἐπισκόπων.

525 1771 586 1822 Εἰ
621 1773 730 1839 γὰρ
761 1771 858 1823 καὶ
891 1772 987 1839 μία
1018 1771 1049 1839 ἡ
1079 1771 1175 1837 τῆς
1208 1769 1518 1840 ἐπισκοπῆς
1549 1771 1710 1840 χάρις
1741 1771 1836 1825 καὶ
1869 1770 2026 1825 δύνα-

453 1862 544 1930 μίς
570 1878 628 1913 τε
660 1862 752 1914 καὶ
778 1862 932 1926 τάξις
962 1864 1025 1914 ὲκ
1054 1862 1147 1914 τοῦ
1177 1861 1332 1926 Θεοῦ,
1361 1861 1452 1914 τοῦ
1484 1865 1702 1930 πρώτου
1734 1863 1828 1916 καὶ
1864 1863 2024 1932 μόνου

448 1953 662 2019 [ἰατρὸς
692 1953 786 2005 καλ⁸
820 1953 1118 2006 ἐπισκόπου
1142 1993 1155 2014 ,
1189 1952 1324 2004 ἀλλὰ
1354 1953 1445 2005 καὶ⁶
1474 1952 1713 2022 πατριὰς
1769 1953 1880 2022 ἔχει
1921 1954 2029 2006 6E6-

446 2046 614 2114 τητάς
643 2063 703 2098 τε
735 2049 827 2097 καί
859 2046 1092 2114 χάριτας
1122 2045 1436 2114 διαφόρους,
1465 2046 1540 2107 ὡς
1571 2047 1665 2099 καὶ
1697 2045 1903 2114 ἑκάστη
1932 2047 2030 2099 τά-

450 2137 530 2202 ξις
552 2181 566 2205 ,
600 2138 722 2190 ἐπεὶ
761 2137 950 2207 Πατὴρ
982 2139 1076 2189 καὶ
1109 2136 1236 2199 Υἱὸς
1267 2137 1363 2189 καὶ
1391 2136 1548 2204 ἅγιον
1581 2137 1807 2206 Πνεῦμα
1835 2139 1868 2206 ἠ
1900 2137 2030 2190 Θεό-

448 2249 569 2298 της.
600 2231 708 2284 Καὶ
743 2230 841 2300 μία
875 2229 975 2299 μὲν
999 2233 1066 2299 τῇ
1095 2228 1288 2300 Τριάδι
1317 2230 1348 2298 ἡ
1378 2229 1541 2297 φύσις
1560 2244 1575 2260 ο
1604 2229 1663 2282 ἓν
1687 2230 1743 2283 δὲ
1769 2230 1830 2283 τὸ
1858 2230 2030 2283 αἴτιον

447 2325 476 2374 ὁ
513 2323 732 2392 Πατὴρ,
770 2317 926 2390 ᾧπερ
957 2321 986 2374 ὁ
1019 2321 1149 2384 Υἱὸς
1187 2321 1283 2374 καὶ
1315 2322 1375 2374 τὸ
1410 2321 1638 2390 Πνεῦμα
1678 2322 1818 2375 κατὰ
1852 2323 2030 2376 πάντα

455 2420 665 2471 ὑπείκει
691 2433 705 2448 ·
740 2418 835 2470 καὶ
865 2415 922 2470 ἓν
956 2416 1170 2487 θέλημα
1197 2417 1406 2469 τούτων
1426 2460 1440 2480 ,
1475 2417 1572 2469 καὶ
1603 2416 1701 2483 μία
1730 2416 1944 2483 κίνησίς
1973 2434 2032 2470 τε

363 2576 372 2587 ο
454 2509 550 2561 καὶ
583 2507 833 2576 δύναμις.
875 2507 972 2560 Ἐκ
1001 2508 1103 2577 τῆς
1134 2507 1364 2582 ’[ριάδος
1401 2507 1459 2560 δὲ
1495 2508 1593 2560 καὶ
1623 2507 1774 2559 πᾶσα
1809 2506 2032 2573 εὐταξία

454 2600 568 2654 ἄνω
600 2616 658 2652 τε
693 2601 786 2653 καὶ
825 2600 977 2653 κάτω
1015 2600 1154 2654 ἔστι.
1194 2598 1286 2652 Διὸ
1326 2601 1422 2653 κοιλ⁵
1459 2598 1686 2667 πρώτην
1726 2599 1903 2668 μέσην
1940 2599 2034 2652 καὶ

451 2690 771 2743 τελευταίαν
804 2691 959 2759 τάξιν
993 2693 1196 2761 ἑκάστη
1233 2690 1342 2743 τῶν
1378 2690 1490 2742 ἄνω
1523 2688 1731 2753 τάξεων
1767 2690 1825 2742 ὲν
1862 2690 2032 2760 ἑαυτῇ

370 2852 377 2858 _
452 2784 716 2854 κέκτηται
745 2800 757 2815 ·
791 2785 884 2837 καὶ
911 2783 1252 2837 διδασκάλων
1281 2783 1390 2836 εἰσὶ
1418 2782 1515 2837 καὶ
1545 2783 1605 2836 ἐν
1633 2783 1863 2846 ἐκείνοις
1891 2781 2035 2836 διδά-

451 2875 641 2930 σκαλοι
672 2876 766 2929 καὶ
795 2875 1056 2945 Πατέρων
1089 2874 1353 2946 Πατέρες.

1030 3082 1282 3135 ΚΕΦΑΛ.
1323 3080 1462 3136 XII".

2135 551 2284 590 mum
2317 535 2557 590 divinam
2614 547 2858 593 mensam
2896 531 3178 587 osculatus
3211 527 3460 586 ascendit
3508 525 3578 580 ad
3630 525 3709 578 al-

2135 627 2271 682 taris
2325 626 2656 696 crepidinem
2679 665 2694 690 ,
2732 635 2786 679 et
2840 639 2992 678 more
3025 629 3285 677 consueto
3323 617 3490 674 tradit
3542 631 3711 672 oscu-

2137 719 2272 773 lum.
2309 718 2606 787 Postquam
2643 719 2818 786 ipsius
2866 715 3152 771 ordinator
3186 727 3401 768 sacram
3461 723 3708 764 mensam

2137 807 2371 877 primum
2429 810 2711 864 osculatus
2746 809 2934 872 fuerit,
2984 815 3040 860 ut
3092 819 3378 860 sacrarum
3433 801 3710 870 operatio-

2137 915 2268 954 num
2322 900 2566 966 fontem,
2614 902 2900 955 osculatur
2929 899 3166 954 ominati
3229 897 3556 966 patriarcha:
3601 909 3714 944 m-

2138 1007 2266 1046 num
2293 1033 2308 1057 ,
2347 1001 2406 1046 ut
2438 992 2622 1046 divino
2676 993 2881 1061 Spiritu
2947 991 3246 1046 secandum
3281 987 3467 1042 omnia
3523 983 3712 1053 primi,

2137 1092 2190 1137 et
2229 1084 2468 1150 ipsorum
2503 1083 2850 1153 patriarchae,
2879 1099 2941 1138 os
2969 1099 3187 1152 quoque
3216 1082 3387 1149 ipsius
3426 1077 3708 1130 osculatur

2137 1185 2360 1244 propter
2390 1178 2672 1240 unionem,
2704 1176 2788 1230 vel
2816 1191 3007 1245 genam
3038 1185 3260 1245 propter
3292 1171 3710 1239 subiectionem;

2135 1268 2389 1324 similiter
2428 1269 2852 1324 faciuntcatteri
2910 1268 3193 1338 episcopi,
3252 1265 3346 1336 qui
3403 1279 3528 1317 cum
3593 1262 3714 1330 ipso

2138 1361 2286 1414 hunc
2325 1345 2746 1416 ordinaverunt.

2703 1474 2934 1531 CAPUT
2975 1473 3181 1530 CCXII.

2243 1586 2319 1640 De
2344 1587 2528 1642 ordine
2558 1592 2986 1671 patriarcharum
3021 1631 3035 1648 .
3072 1590 3609 1658 archiepiscoporum,

2726 1676 3106 1729 eptscoporum.

2210 1767 2322 1835 Etsi
2381 1771 2527 1823 enim
2562 1786 2672 1825 una
2715 1782 2796 1826 est
2827 1773 3174 1840 episcopatus
3198 1774 3393 1842 gratia,
3425 1780 3480 1825 et
3513 1770 3714 1830 virtus,

2132 1868 2184 1914 et
2209 1860 2345 1914 ordo
2381 1876 2445 1916 ex
2485 1863 2618 1925 Deo,
2651 1863 2828 1932 primo
2861 1871 2916 1917 et
2972 1865 3087 1916 solo
3138 1863 3300 1917 Patre
3357 1871 3413 1916 et
3459 1863 3718 1930 episcopo

2131 1968 2418 2019 emanans,
2453 1955 2662 2024 patrias
2695 1964 2881 2010 tamen
2935 1955 3121 2020 habet,
3184 1954 3479 2009 tiliationes
3510 1961 3564 2007 et
3596 1968 3721 2023 gra-

2135 2046 2239 2100 tias
2278 2044 2640 2110 differentes,
2678 2055 2738 2100 ut
2793 2047 3174 2116 unusquisque
3232 2046 3370 2100 ordo
3430 2046 3716 2114 postulat,

2133 2153 2260 2191 cum
2294 2137 2480 2206 Pater,
2519 2149 2572 2194 et
2608 2138 2778 2194 Filius
2815 2150 2869 2194 et
2904 2138 3143 2210 Spiritus
3193 2150 3423 2194 sanctus
3454 2153 3562 2191 una
3609 2137 3720 2190 sint

2135 2229 2191 2284 in
2225 2229 2498 2286 Trinitate
2537 2233 2799 2286 divinitas
2842 2240 2897 2285 et
2920 2240 3138 2285 natura.
3181 2229 3360 2285 Unum
3402 2237 3586 2284 autem
3634 2236 3722 2282 est

2135 2322 2486 2394 principium
2510 2325 2691 2390 Pater,
2753 2324 3212 2392 quemadmodum
3244 2322 3416 2378 Filius
3456 2331 3510 2377 et
3546 2318 3724 2391 Spiri-

2134 2421 2246 2479 tus,
2274 2416 2574 2470 sccundum
2613 2416 2798 2469 omnia
2827 2416 3185 2470 consentiens
3213 2431 3228 2480 ;
3265 2430 3372 2469 una
3403 2429 3594 2470 eorum
3628 2428 3724 2467 vo-

2135 2506 2338 2566 luntas,
2375 2518 2424 2560 et
2451 2521 2558 2561 una
2596 2507 2764 2561 motio
2792 2515 2844 2561 et
2870 2509 3074 2561 virtus.
3111 2508 3186 2560 Ex
3213 2505 3486 2560 Trinitate
3531 2512 3719 2560 autem

2138 2611 2302 2652 omne
2335 2599 2503 2652 decus
2539 2609 2593 2652 et
2630 2599 2809 2653 bonus
2834 2599 2968 2652 ordo
3016 2607 3126 2666 tam
3161 2614 3343 2653 rerum
3373 2598 3723 2667 superiorum

2139 2703 2300 2758 quam
2349 2689 2673 2743 inferiorum
2713 2691 2980 2758 procedit.
3025 2691 3148 2744 Ideo
3197 2690 3579 2760 unusquisque
3627 2702 3724 2742 su-

2138 2783 2418 2851 periorum
2474 2784 2728 2837 ordinum
2790 2785 2842 2837 in
2904 2799 2962 2838 se
2995 2783 3241 2853 possidet
3279 2783 3558 2854 primum,
3611 2795 3726 2835 me-

2139 2876 2290 2930 dium
2348 2886 2402 2930 et
2433 2887 2773 2945 postremum
2819 2877 3091 2943 ordinem,
3125 2883 3290 2946 atque
3330 2892 3361 2932 e
3404 2876 3725 2933 doctoribus

2139 2973 2246 3030 est,
2285 2974 2341 3019 et
2378 2965 2430 3018 in
2463 2965 2530 3018 iis
2556 2977 2685 3020 sunt
2719 2967 2992 3031 doctores,
3026 2978 3078 3020 et
3108 2966 3329 3020 Patrum
3365 2966 3581 3023 Patres.

2671 3081 2901 3136 CAPUT
2942 3080 3175 3136 CCXIII.

449 3197 610 3253 Κατὰ
655 3195 958 3260 Λατίνων,
1008 3194 1099 3249 ὅτι
1144 3194 1213 3248 ἐν
1253 3195 1446 3262 μόνον
1489 3194 1558 3248 τὸ
1606 3194 1805 3264 αιτιον
1847 3195 1918 3248 ἐν
1959 3193 2034 3264 τῇ

2142 3197 2336 3252 Contra
2368 3194 2610 3253 Latinos,
2645 3210 2804 3264 mnam
2841 3203 3049 3245 tantum
3077 3209 3299 3247 causam
3325 3193 3382 3247 in
3408 3191 3510 3248 SS.
3543 3192 3723 3248 Τνἱηί-

494 3268 689 3335 Τριείδι
722 3269 754 3320 ὁ
788 3266 1015 3333 Πατὴρ,
1052 3267 1152 3318 ἵνα
1182 3260 1265 3334 μῆ
1303 3264 1576 3334 διάφοροι
1607 3260 1761 3320 ὦσιν
1794 3265 1995 3335 ἀρχαί.

535 3381 693 3434 Ἐπεὶ
735 3381 830 3433 καὶ
877 3380 935 3431 ἐν
979 3380 1046 3448 τῇ
1089 3377 1386 3446 ἀσυγχύτῳ
1430 3379 1524 3430 καὶ
1567 3375 1898 3446 προανάρχῳ
1943 3377 2038 3431 καὶ

455 3474 696 3540 συμφυεῖ
744 3472 840 3524 καὶ
885 3469 1126 3539 ὁμοδόξῳ
1176 3469 1372 3539 Τριάδι
1423 3467 1577 3531 τάξις
1627 3469 1794 3533 ἐστὶν,
1847 3468 2037 3539 ὥσπερ

452 3563 666 3634 ἔφημεν
686 3581 699 3596 ·
733 3564 824 3616 καὶ
854 3565 881 3614 ὁ
911 3561 1011 3630 μὲν
1039 3561 1230 3630 Πατὴρ
1261 3563 1356 3612 καὶ
1386 3560 1652 3625 ἀναίτιος,
1678 3559 1744 3611 τὰ
1772 3559 1826 3611 δὲ
1858 3561 1916 3623 ἐξ
1944 3560 2040 3612 αὑ-

451 3651 546 3704 τοῦ
589 3651 684 3702 καὶ
727 3650 945 3704 αίτιατά
973 3665 987 3679 ο
1031 3649 1129 3702 καὶ
1164 3648 1371 3702 τούτων
1407 3649 1468 3701 τὸ
1514 3648 1614 3717 μὲν
1649 3647 1911 3716 γεννητὸν
1945 3652 2038 3702 καὶ

455 3743 604 3808 Υἱὸς,
632 3742 692 3794 τὸ
719 3742 772 3794 δὲ
799 3742 1131 3812 ὲκπορευτὸν
1157 3741 1252 3794 καὶ
1283 3741 1438 3810 ἆγιον
1469 3740 1696 3808 Πνεῦμα
1721 3758 1734 3770 °
1767 3741 1864 3793 καὶ
1889 3741 2039 3808 ὅμως

452 3835 756 3904 ἀδιαίρετος
788 3836 821 3905 ή
854 3834 1026 3903 Τριὰς
1051 3875 1065 3900 ,
1101 3833 1197 3887 καλ⁵
1232 3834 1332 3902 μία
1358 3833 1560 3901 ταύτης
1589 3831 1663 3893 ὼς
1696 3833 1788 3885 καὶ
1820 3835 1851 3902 ἡ
1881 3832 2039 3885 οὐσία

456 3927 575 3977 ἐστὶ
605 3926 699 3978 καὶ
730 3927 760 3991 ή
793 3924 1020 3994 δύναμις
1042 3940 1055 3953 ⁸
1089 3925 1148 3988 ἐξ
1179 3925 1350 3993 αὐτῆς
1378 3920 1472 3976 οὖν
1501 3925 1596 3975 καὶ
1628 3924 1778 3975 πᾶσα
1811 3925 2037 3992 πατριὰ,

460 4018 669 4079 Παύλός
701 4035 835 4087 φησι
861 4035 874 4050 ο
910 4019 1006 4071 καὶ
1034 4016 1185 4083 τάξις
1216 4018 1274 4068 ὲν
1305 4017 1520 4085 οὐρανῷ
1549 4033 1609 4068 τε
1642 4017 1737 4069 καὶ
1769 4016 1860 4066 ἐπὶ
1912 4016 2038 4083 γῆς.

462 4110 623 4164 Ἐπεὶ
657 4112 712 4163 δὲ
747 4111 956 4180 ἥκομεν
988 4103 1090 4162 ὧδε
1124 4109 1220 4162 σὺν
1238 4107 1380 4178 Θεῷ,
1419 4109 1614 4178 μικρὸν
1647 4108 2036 4176 θεωρήσωμεν,

458 4206 608 4266 ὅπως
655 4207 750 4256 καὶ
876 4200 972 4255 τοῦ
1021 4201 1367 4270 πατριάρχου
1417 4198 1722 4269 χειροτονία
1763 4197 2036 4250 τελεῖται·

461 4297 556 4351 καὶ
588 4298 637 4347 εί
669 4294 967 4357 ὲπίσκοπός
1001 4295 1184 4358 ἐστιν,
1220 4294 1368 4354 ὅπως
1403 4291 1728 4344 καθίσταται
1766 4289 2040 4360 πατριάρ-

458 4406 582 4460 χης,
618 4388 706 4441 καὶ
735 4390 783 4440 εἰ
819 4387 892 4457 μὴ
926 4384 1074 4441 ἐστιν
1099 4385 1422 4448 ἐπίσκοπος,
1453 4383 1580 4450 ἄξια
1608 4384 1718 4452 γὰρ
1746 4384 1840 4435 καὶ
1869 4382 2041 4435 ταῦτα

2193 3276 2300 3320 tate
2322 3282 2434 3319 esse
2465 3257 2702 3327 Patrem,
2738 3280 2800 3316 ne
2827 3264 2985 3331 plura
3017 3265 3285 3332 principia
3305 3264 3650 3321 inducantur.

2214 3377 2695 3448 Quandoquidem.
2731 3385 2790 3432 ut
2821 3377 3060 3432 diximus
3088 3416 3103 3438 ,
3141 3377 3277 3431 ordo
3309 3385 3392 3432 est
3441 3377 3494 3431 in
3545 3376 3730 3432 Trini-

2143 3481 2251 3528 tate
2283 3471 2596 3533 inconfnsa,
2631 3469 3111 3532 consubstantiali,
3137 3484 3235 3537 per
3261 3470 3445 3523 omnia
3469 3469 3574 3523 sibi
3597 3485 3730 3524 con-

2143 3565 2432 3626 sentiente,
2468 3579 2589 3632 quae
2621 3565 2741 3618 sine
2785 3563 3058 3632 principio
3104 3571 3190 3616 est
3239 3572 3293 3616 et
3325 3576 3488 3616 omne
3519 3562 3728 3632 princi-

2141 3658 2290 3726 pium
2321 3655 2670 3717 antecedens,
2710 3654 2866 3707 I’atcr
2883 3654 3102 3722 quidem
3137 3651 3256 3706 sine
3298 3653 3569 3721 principio
3601 3665 3678 3708 est
3705 3667 3724 3721 ;

2143 3765 2263 3819 quae
2294 3763 2421 3802 vero
2462 3764 2524 3801 ex
2567 3749 2706 3815 ipso,
2745 3745 3075 3814 print-ipiata‘
3119 3746 3396 3808 dicimtur,
3431 3753 3483 3797 et
3528 3743 3722 3798 horum

2143 3857 2310 3894 unum
2343 3849 2428 3895 est
2458 3838 2729 3908 genitura,
2751 3851 2947 3903 nempe
2979 3833 3170 3898 Filius,
3191 3834 3421 3886 alterum
3457 3834 3728 3902 procedit,

2145 3949 2337 4002 nempe
2375 3931 2614 4000 Spiritus
2670 3936 2919 3983 sanctus.
2974 3927 3070 3982 Est
3128 3941 3308 3980 tamen
3375 3926 3727 3983 indivisibilis

2144 4025 2408 4084 Trinitas,
2445 4038 2666 4091 unaque
2696 4031 2779 4076 est
2815 4020 2962 4075 illius
2989 4036 3046 4071 ιιι
3072 4018 3404 4082 substantia,
3432 4018 3507 4072 ita
3535 4026 3589 4087 et
3617 4020 3730 4074 vir~

2145 4125 2254 4170 tus.
2287 4117 2360 4169 Ex
2399 4117 2515 4184 ipsa
2550 4116 2716 4184 igitur
2749 4123 2876 4177 est,
2915 4122 2973 4165 ut
3012 4112 3090 4164 ait
3140 4110 3364 4176 Paulus,
3399 4111 3580 4166 omnis
3630 4128 3728 4182 pa-

2145 4210 2375 4263 ternitas
2418 4218 2472 4262 et
2515 4207 2652 4262 ordo
2704 4206 2760 4259 in
2805 4205 2945 4259 ςωίο
2980 4212 3034 4258 et
3063 4203 3116 4257 in
3162 4213 3328 4258 terra.
3358 4203 3493 4257 Cum
3536 4203 3725 4274 igitur,

2146 4300 2256 4352 Deo
2284 4297 2518 4362 favente,
2556 4298 2660 4350 huc
2701 4297 3106 4358 devenerimus,
3143 4295 3332 4364 paucis
3365 4295 3729 4350 edisseremns

2147 4407 2252 4461 qua
2295 4391 2508 4443 ratione
2539 4387 2861 4459 patriarchae
2885 4387 3164 4443 ordinatio
3215 4389 3540 4458 perﬁcitur;
3588 4396 3641 4443 et
3679 4389 3730 4449 si

460 4481 715 4550 θεωρίας.
749 4480 897 4548 Πλὴν
924 4479 995 4531 τὰ
1023 4475 1118 4530 τοῦ
1153 4476 1462 4528 ἐπισκόπου
1495 4477 1549 4528 ἐν
1577 4475 1779 4542 ὀλίγοις
1810 4475 2034 4525 τελέσω-

2148 4484 2445 4552 episcopus
2473 4489 2575 4544 est,
2609 4496 2714 4552 qua
2746 4482 2960 4534 ratione
2990 4480 3347 4534 constituitur
3392 4481 3726 4549 patriarcha;

462 4592 583 4645 μεν.
614 4575 768 4627 Μετὰ
793 4573 882 4625 τὸν
907 4571 1200 4641 ἀσπασμὸν
1226 4570 1381 4632 οὗτος
1404 4570 1496 4622 τὸν
1523 4569 1698 4639 ἱερὸν,
1731 4570 1821 4621 τοῦ
1852 4569 2036 4637 ἱεράρ-

459 4681 555 4734 χου
587 4663 985 4730 ἀσπασαμένου
1017 4659 1174 4722 αὖθις
1201 4660 1299 4730 τὴν
1329 4659 1482 4728 ἱεράν
1511 4657 1808 4727 τράπεζαν,
1844 4658 1936 4709 καὶ
1962 4660 2042 4716 εἰς

458 4753 518 4804 τὸ
561 4750 852 4820 σύνθρονον
897 4749 1215 4810 ἀνελθόντος
1257 4747 1446 4817 ὥσπερ
1487 4750 1566 4810 εἰς
1607 4749 1698 4799 τὸν
1741 4748 1973 4816 οὐρανὸν
2015 4747 2043 4797 ὀ

458 4844 699 4915 Χριστὸς
720 4882 734 4907 ,
770 4843 866 4895 καὶ
898 4845 926 4895 ὁ
961 4841 1367 4911 χειροτονηθεὶς
1401 4841 1571 4908 αὐτὴν
1608 4840 2003 4906 ἀσπασάμενος
2026 4877 2042 4901 ,

461 4938 753 5007 ἀνέρχεται
778 4952 792 4967 ο
828 4936 924 4987 καὶ
964 4937 1028 4986 ὲκ
1066 4933 1260 4998 δεξιῶν
1295 4931 1514 4985 ἵσταται
1547 4931 1642 4984 τοῦ
1686 4933 1906 5001 πρώτου
1949 4933 2047 5000 ἀρ-

459 5029 690 5096 χιερέως
713 5067 728 5094 ,
762 5025 838 5088 ὡς
865 5025 964 5096 τὴν
996 5024 1222 5094 πρώτην
1253 5024 1407 5089 τάξιν
1437 5021 1577 5092 ἔχων
1615 5022 1763 5092 παρὰ
1794 5022 1918 5084 τοὺς
1950 5022 2044 5074 ἄλ-

460 5120 591 5183 λους
621 5121 741 5171 τότε
774 5119 1132 5182 ἐπισκόπους,
1163 5116 1266 5187 ἤδη
1298 5119 1362 5184 τῇ
1398 5115 1584 5184 χάριτι
1615 5114 2041 5184 χειροτονηθεὶς,

462 5213 556 5266 καὶ
581 5211 679 5280 τῆς
711 5211 896 5280 φήμης
927 5210 1035 5261 τῶν
1068 5208 1335 5277 βασιλέων
1366 5208 1463 5260 κα)⁸
1490 5207 1583 5259 τοῦ
1612 5206 1830 5276 πρώτου
1853 5191 2047 5277 άρχιε-

466 5307 604 5377 ρέως
628 5307 939 5374 γινομένης,
963 5303 1180 5355 ἵσταται
1208 5301 1348 5371 μετὰ
1370 5303 1477 5356 τῶν
1501 5300 1706 5355 λοιπῶν
1731 5300 2045 5354 ἐπισκόπων

465 5398 574 5452 ὑπὸ
597 5401 754 5469 χεῖρα
781 5396 856 5451 ὢν
886 5397 977 5448 καὶ
997 5396 1192 5471 Δαὑτός.

723 5839 1000 5900 ΡΑτιιοι..
1035 5832 1158 5896 Gn.
1218 5825 1398 5892 CLV;

2153 4584 2209 4628 et
2248 4589 2356 4644 qua
2390 4575 2618 4638 ratione,
2646 4573 2692 4628 si
2737 4587 2848 4626 non
2898 4579 2983 4626 est
3035 4572 3346 4642 episcopus.
3391 4569 3530 4626 Sunt
3582 4573 3728 4626 enim

2149 4667 2263 4720 hinc
2310 4667 2776 4735 contemplatione
2810 4674 2864 4719 et
2905 4665 3344 4720 consideratione
3387 4666 3548 4735 digna
3589 4682 3602 4717 :
3637 4681 3731 4722 ve-

2147 4773 2268 4812 rum
2325 4773 2446 4826 qua:
2483 4769 2611 4812 sunt
2661 4756 2907 4826 episcopi
2943 4758 3136 4824 paucis
3184 4759 3550 4827 perficiemus.
3599 4756 3732 4814 Post

2150 4864 2369 4902 sacram
2405 4851 2566 4903 istam
2625 4850 3011 4904 salutationem
3067 4850 3539 4920 archiepiscopus,
3573 4867 3734 4906 oscu-

2150 4941 2291 4994 latus
2320 4941 2518 4995 iterum
2547 4956 2756 4995 sacram
2792 4956 3063 5007 mensam,
3104 4941 3158 4995 in
3196 4944 3451 4995 thronum
3481 4956 3733 4996 commu-

2152 5047 2278 5086 nem
2339 5033 2610 5095 ascendit,
2669 5041 2729 5086 ut
2785 5033 3042 5088 Christus
3100 5035 3154 5088 in
3189 5035 3399 5097 caelos;
3437 5035 3730 5092 ordinatus

2153 5139 2373 5193 quoque
2405 5125 2653 5179 eamdem
2687 5127 2969 5180 osculatus
3012 5127 3281 5194 ascendit,
3337 5138 3393 5182 et
3445 5141 3475 5180 a
3523 5128 3732 5181 dextris

2155 5219 2315 5290 primi
2350 5217 2597 5286 episc0pi
2634 5219 2834 5284 adstat,
2877 5227 3039 5289 atque
3082 5229 3142 5271 ut
3193 5234 3317 5272 mox
3371 5227 3769 5294 consecratus

2151 5308 2390 5378 primum
2462 5307 2603 5361 inter
2682 5311 2976 5378 episcopos
3041 5310 3222 5364 locum
3301 5318 3432 5362 tunc
3496 5307 3728 5366 obtinet.

2155 5400 2363 5454 Deinde
2411 5401 2558 5453 facta
2589 5398 2983 5470 imperatorum
3025 5410 3082 5454 et
3115 5400 3277 5469 primi
3326 5399 3731 5471 archiepiscopi

2159 5493 2342 5550 fausta
2390 5492 2822 5561 acclamatione,
2878 5500 2987 5548 stat
3015 5500 3070 5548 et
3109 5493 3228 5564 ipse
3261 5493 3365 5549 sub
3397 5507 3563 5549 manu
3605 5509 3733 5551 cum

2158 5585 2370 5642 caeteris
2411 5584 2710 5657 episcopis.

3264 5813 3340 5877 1&-
