  <div class='ocr_page' id='page_1' title='image "/cluster/home/n/w/nwhite01/storage/ocr_20150623/155/mdp.39015022213998/221.png"; bbox 0 0 4108 6262; ppageno 0'>
   <div class='ocr_carea' id='block_1_1' title="bbox 402 351 512 420">
    <p class='ocr_par' dir='ltr' id='par_1_1' title="bbox 402 351 512 420">
     <span class='ocr_line' id='line_1_1' title="bbox 402 351 512 420; baseline 0.027 -3"><span class='ocrx_word' id='word_1_1' title='bbox 402 351 512 420; x_wconf 62' lang='grc' dir='ltr'><strong>ηπ</strong></span> 
     </span>
    </p>
   </div>
   <div class='ocr_carea' id='block_1_2' title="bbox 396 569 1971 646">
    <p class='ocr_par' dir='ltr' id='par_1_2' title="bbox 396 569 1971 646">
     <span class='ocr_line' id='line_1_2' title="bbox 396 569 1971 646; baseline -0.007 -13"><span class='ocrx_word' id='word_1_2' title='bbox 396 577 669 646; x_wconf 67' lang='lat' dir='ltr'><strong>(inmundo</strong></span> <span class='ocrx_word' id='word_1_3' title='bbox 718 590 896 645; x_wconf 77' lang='lat' dir='ltr'><strong>pacem</strong></span> <span class='ocrx_word' id='word_1_4' title='bbox 965 582 1207 639; x_wconf 84' lang='lat' dir='ltr'><strong>precetur</strong></span> <span class='ocrx_word' id='word_1_5' title='bbox 1245 569 1385 640; x_wconf 81' lang='lat' dir='ltr'><strong>plebi</strong></span> <span class='ocrx_word' id='word_1_6' title='bbox 1439 578 1563 624; x_wconf 82' lang='lat' dir='ltr'><strong>ante</strong></span> <span class='ocrx_word' id='word_1_7' title='bbox 1625 578 1971 646; x_wconf 68' lang='lat' dir='ltr'><strong>apostoucam</strong></span> 
     </span>
    </p>
   </div>
   <div class='ocr_carea' id='block_1_3' title="bbox 466 637 1973 712">
    <p class='ocr_par' dir='ltr' id='par_1_3' title="bbox 466 637 1973 712">
     <span class='ocr_line' id='line_1_3' title="bbox 466 637 1973 712; baseline -0.008 -7"><span class='ocrx_word' id='word_1_8' title='bbox 466 637 756 712; x_wconf 77' lang='lat' dir='ltr'><strong>lectionem,</strong></span> <span class='ocrx_word' id='word_1_9' title='bbox 781 656 828 696; x_wconf 89' lang='lat' dir='ltr'><strong>et</strong></span> <span class='ocrx_word' id='word_1_10' title='bbox 859 637 1020 711; x_wconf 82' lang='lat' dir='ltr'><strong>quare</strong></span> <span class='ocrx_word' id='word_1_11' title='bbox 1052 637 1255 710; x_wconf 48' lang='lat' dir='ltr'><strong>pacem&#39;</strong></span> <span class='ocrx_word' id='word_1_12' title='bbox 1277 648 1613 712; x_wconf 72' lang='lat' dir='ltr'><strong>precaturus,</strong></span> <span class='ocrx_word' id='word_1_13' title='bbox 1653 637 1973 693; x_wconf 81' lang='lat' dir='ltr'><strong>benedictio-</strong></span> 
     </span>
    </p>
   </div>
   <div class='ocr_carea' id='block_1_4' title="bbox 464 711 1528 787">
    <p class='ocr_par' dir='ltr' id='par_1_4' title="bbox 464 711 1528 787">
     <span class='ocr_line' id='line_1_4' title="bbox 464 711 1528 787; baseline -0.009 -13"><span class='ocrx_word' id='word_1_14' title='bbox 464 735 580 774; x_wconf 89' lang='lat' dir='ltr'><strong>nem</strong></span> <span class='ocrx_word' id='word_1_15' title='bbox 608 711 753 787; x_wconf 77' lang='lat' dir='ltr'><strong>prius</strong></span> <span class='ocrx_word' id='word_1_16' title='bbox 790 719 856 767; x_wconf 86' lang='lat' dir='ltr'><strong>ab</strong></span> <span class='ocrx_word' id='word_1_17' title='bbox 892 712 1283 780; x_wconf 75' lang='lat' dir='ltr'><strong>archiepiscopo</strong></span> <span class='ocrx_word' id='word_1_18' title='bbox 1313 711 1528 780; x_wconf 83' lang='lat' dir='ltr'><strong>accipit.</strong></span> 
     </span>
    </p>
   </div>
   <div class='ocr_carea' id='block_1_5' title="bbox 463 825 1975 897">
    <p class='ocr_par' dir='ltr' id='par_1_5' title="bbox 463 825 1975 897">
     <span class='ocr_line' id='line_1_5' title="bbox 463 825 1975 897; baseline -0.007 -6"><span class='ocrx_word' id='word_1_19' title='bbox 463 836 599 891; x_wconf 91' lang='lat' dir='ltr'><strong>Cum</strong></span> <span class='ocrx_word' id='word_1_20' title='bbox 633 844 817 888; x_wconf 82' lang='lat' dir='ltr'><strong>autem</strong></span> <span class='ocrx_word' id='word_1_21' title='bbox 856 830 1336 886; x_wconf 85' lang='lat' dir='ltr'><strong>sederuntomnes</strong></span> <span class='ocrx_word' id='word_1_22' title='bbox 1361 825 1606 897; x_wconf 85' lang='lat' dir='ltr'><strong>episcopi</strong></span> <span class='ocrx_word' id='word_1_23' title='bbox 1649 834 1703 879; x_wconf 81' lang='lat' dir='ltr'><strong>et</strong></span> <span class='ocrx_word' id='word_1_24' title='bbox 1744 825 1975 896; x_wconf 81' lang='lat' dir='ltr'><strong>presby-</strong></span> 
     </span>
    </p>
   </div>
   <div class='ocr_carea' id='block_1_6' title="bbox 396 919 1979 998">
    <p class='ocr_par' dir='ltr' id='par_1_6' title="bbox 396 919 1979 998">
     <span class='ocr_line' id='line_1_6' title="bbox 396 919 1979 998; baseline -0.009 -13"><span class='ocrx_word' id='word_1_25' title='bbox 396 931 523 995; x_wconf 86' lang='lat' dir='ltr'><strong>teri,</strong></span> <span class='ocrx_word' id='word_1_26' title='bbox 555 936 608 984; x_wconf 89' lang='lat' dir='ltr'><strong>et</strong></span> <span class='ocrx_word' id='word_1_27' title='bbox 655 924 902 998; x_wconf 81' lang='lat' dir='ltr'><strong>Apostoli</strong></span> <span class='ocrx_word' id='word_1_28' title='bbox 938 926 1100 979; x_wconf 83' lang='lat' dir='ltr'><strong>verba</strong></span> <span class='ocrx_word' id='word_1_29' title='bbox 1127 921 1353 991; x_wconf 78' lang='lat' dir='ltr'><strong>legenda</strong></span> <span class='ocrx_word' id='word_1_30' title='bbox 1379 928 1532 984; x_wconf 85' lang='lat' dir='ltr'><strong>sunt,</strong></span> <span class='ocrx_word' id='word_1_31' title='bbox 1562 919 1679 973; x_wconf 87' lang='lat' dir='ltr'><strong>adit</strong></span> <span class='ocrx_word' id='word_1_32' title='bbox 1706 919 1979 987; x_wconf 88' lang='lat' dir='ltr'><strong>archiepi-</strong></span> 
     </span>
    </p>
   </div>
   <div class='ocr_carea' id='block_1_7' title="bbox 398 1014 1977 1095">
    <p class='ocr_par' dir='ltr' id='par_1_7' title="bbox 398 1014 1977 1095">
     <span class='ocr_line' id='line_1_7' title="bbox 398 1014 1977 1095; baseline -0.007 -16"><span class='ocrx_word' id='word_1_33' title='bbox 398 1037 655 1095; x_wconf 87' lang='lat' dir='ltr'><strong>scopum,</strong></span> <span class='ocrx_word' id='word_1_34' title='bbox 704 1028 767 1075; x_wconf 87' lang='lat' dir='ltr'><strong>ut</strong></span> <span class='ocrx_word' id='word_1_35' title='bbox 799 1016 1235 1073; x_wconf 78' lang='lat' dir='ltr'><strong>benedictionem</strong></span> <span class='ocrx_word' id='word_1_36' title='bbox 1268 1014 1500 1084; x_wconf 86' lang='lat' dir='ltr'><strong>accipiat</strong></span> <span class='ocrx_word' id='word_1_37' title='bbox 1530 1014 1597 1068; x_wconf 88' lang='lat' dir='ltr'><strong>ab</strong></span> <span class='ocrx_word' id='word_1_38' title='bbox 1625 1029 1713 1078; x_wconf 89' lang='lat' dir='ltr'><strong>eo,</strong></span> <span class='ocrx_word' id='word_1_39' title='bbox 1744 1028 1977 1082; x_wconf 79' lang='lat' dir='ltr'><strong>eamque</strong></span> 
     </span>
    </p>
   </div>
   <div class='ocr_carea' id='block_1_8' title="bbox 395 1106 1972 1176">
    <p class='ocr_par' dir='ltr' id='par_1_8' title="bbox 395 1106 1972 1176">
     <span class='ocr_line' id='line_1_8' title="bbox 395 1106 1972 1176; baseline -0.007 -5"><span class='ocrx_word' id='word_1_40' title='bbox 395 1117 489 1171; x_wconf 88' lang='lat' dir='ltr'><strong>det</strong></span> <span class='ocrx_word' id='word_1_41' title='bbox 518 1113 732 1169; x_wconf 79' lang='lat' dir='ltr'><strong>lectori.</strong></span> <span class='ocrx_word' id='word_1_42' title='bbox 763 1112 890 1166; x_wconf 63' lang='lat' dir='ltr'><strong>Haec</strong></span> <span class='ocrx_word' id='word_1_43' title='bbox 926 1118 1111 1164; x_wconf 88' lang='lat' dir='ltr'><strong>autem</strong></span> <span class='ocrx_word' id='word_1_44' title='bbox 1162 1108 1312 1176; x_wconf 82' lang='lat' dir='ltr'><strong>pacis</strong></span> <span class='ocrx_word' id='word_1_45' title='bbox 1346 1106 1541 1161; x_wconf 78' lang='lat' dir='ltr'><strong>dandae</strong></span> <span class='ocrx_word' id='word_1_46' title='bbox 1574 1108 1714 1160; x_wconf 82' lang='lat' dir='ltr'><strong>ratio</strong></span> <span class='ocrx_word' id='word_1_47' title='bbox 1769 1112 1972 1175; x_wconf 85' lang='lat' dir='ltr'><strong>myste-</strong></span> 
     </span>
    </p>
   </div>
   <div class='ocr_carea' id='block_1_9' title="bbox 396 1194 1976 1275">
    <p class='ocr_par' dir='ltr' id='par_1_9' title="bbox 396 1194 1976 1275">
     <span class='ocr_line' id='line_1_9' title="bbox 396 1194 1976 1275; baseline -0.008 -12"><span class='ocrx_word' id='word_1_48' title='bbox 396 1208 538 1263; x_wconf 86' lang='lat' dir='ltr'><strong>rium</strong></span> <span class='ocrx_word' id='word_1_49' title='bbox 568 1213 674 1270; x_wconf 88' lang='lat' dir='ltr'><strong>est,</strong></span> <span class='ocrx_word' id='word_1_50' title='bbox 707 1218 819 1275; x_wconf 87' lang='lat' dir='ltr'><strong>quo</strong></span> <span class='ocrx_word' id='word_1_51' title='bbox 851 1202 1193 1272; x_wconf 82' lang='lat' dir='ltr'><strong>signiﬁcatur</strong></span> <span class='ocrx_word' id='word_1_52' title='bbox 1219 1214 1249 1252; x_wconf 89' lang='lat' dir='ltr'><strong>a</strong></span> <span class='ocrx_word' id='word_1_53' title='bbox 1278 1197 1387 1253; x_wconf 89' lang='lat' dir='ltr'><strong>Deo</strong></span> <span class='ocrx_word' id='word_1_54' title='bbox 1428 1197 1644 1253; x_wconf 84' lang='lat' dir='ltr'><strong>donari.</strong></span> <span class='ocrx_word' id='word_1_55' title='bbox 1695 1194 1814 1250; x_wconf 89' lang='lat' dir='ltr'><strong>Non</strong></span> <span class='ocrx_word' id='word_1_56' title='bbox 1846 1197 1976 1250; x_wconf 88' lang='lat' dir='ltr'><strong>licet</strong></span> 
     </span>
    </p>
   </div>
   <div class='ocr_carea' id='block_1_10' title="bbox 396 1290 1976 1363">
    <p class='ocr_par' dir='ltr' id='par_1_10' title="bbox 396 1290 1976 1363">
     <span class='ocr_line' id='line_1_10' title="bbox 396 1290 1976 1363; baseline -0.008 -10"><span class='ocrx_word' id='word_1_57' title='bbox 396 1307 578 1353; x_wconf 79' lang='lat' dir='ltr'><strong>autem</strong></span> <span class='ocrx_word' id='word_1_58' title='bbox 625 1298 677 1352; x_wconf 89' lang='lat' dir='ltr'><strong>ei</strong></span> <span class='ocrx_word' id='word_1_59' title='bbox 738 1298 844 1349; x_wconf 89' lang='lat' dir='ltr'><strong>hoc</strong></span> <span class='ocrx_word' id='word_1_60' title='bbox 891 1309 1052 1363; x_wconf 79' lang='lat' dir='ltr'><strong>agere</strong></span> <span class='ocrx_word' id='word_1_61' title='bbox 1099 1292 1219 1346; x_wconf 84' lang='lat' dir='ltr'><strong>sine</strong></span> <span class='ocrx_word' id='word_1_62' title='bbox 1285 1290 1561 1346; x_wconf 77' lang='lat' dir='ltr'><strong>sententia</strong></span> <span class='ocrx_word' id='word_1_63' title='bbox 1616 1290 1862 1359; x_wconf 76' lang='lat' dir='ltr'><strong>germani</strong></span> <span class='ocrx_word' id='word_1_64' title='bbox 1920 1299 1976 1341; x_wconf 86' lang='lat' dir='ltr'><strong>et</strong></span> 
     </span>
    </p>
   </div>
   <div class='ocr_carea' id='block_1_11' title="bbox 396 1379 1974 1455">
    <p class='ocr_par' dir='ltr' id='par_1_11' title="bbox 396 1379 1974 1455">
     <span class='ocr_line' id='line_1_11' title="bbox 396 1379 1974 1455; baseline -0.008 -10"><span class='ocrx_word' id='word_1_65' title='bbox 396 1386 692 1445; x_wconf 70' lang='lat' dir='ltr'><strong>dimcesani</strong></span> <span class='ocrx_word' id='word_1_66' title='bbox 726 1384 1001 1455; x_wconf 82' lang='lat' dir='ltr'><strong>pontiﬁcis</strong></span> <span class='ocrx_word' id='word_1_67' title='bbox 1042 1382 1370 1452; x_wconf 71' lang='lat' dir='ltr'><strong>,praeSCrtim</strong></span> <span class='ocrx_word' id='word_1_68' title='bbox 1414 1382 1469 1435; x_wconf 89' lang='lat' dir='ltr'><strong>in</strong></span> <span class='ocrx_word' id='word_1_69' title='bbox 1499 1381 1673 1450; x_wconf 85' lang='lat' dir='ltr'><strong>ipsius</strong></span> <span class='ocrx_word' id='word_1_70' title='bbox 1720 1379 1974 1444; x_wconf 80' lang='lat' dir='ltr'><strong>ecclesia,</strong></span> 
     </span>
    </p>
   </div>
   <div class='ocr_carea' id='block_1_12' title="bbox 1223 344 2853 410">
    <p class='ocr_par' dir='ltr' id='par_1_12' title="bbox 1223 344 2853 410">
     <span class='ocr_line' id='line_1_12' title="bbox 1223 344 2853 410; baseline -0.001 -3"><span class='ocrx_word' id='word_1_71' title='bbox 1223 345 1609 409; x_wconf 82' lang='lat' dir='ltr'><strong>SYMEONIS</strong></span> <span class='ocrx_word' id='word_1_72' title='bbox 1649 344 2411 409; x_wconf 78' lang='lat' dir='ltr'><strong>THESSALONICENSIS</strong></span> <span class='ocrx_word' id='word_1_73' title='bbox 2448 345 2853 410; x_wconf 79' lang='lat' dir='ltr'><strong>ARCHIEP..</strong></span> 
     </span>
    </p>
   </div>
   <div class='ocr_carea' id='block_1_13' title="bbox 939 456 2045 521">
    <p class='ocr_par' dir='ltr' id='par_1_13' title="bbox 939 456 2045 521">
     <span class='ocr_line' id='line_1_13' title="bbox 939 456 2045 521; baseline -0.003 -7"><span class='ocrx_word' id='word_1_74' title='bbox 939 456 1162 514; x_wconf 81' lang='lat' dir='ltr'><strong>CAPUT</strong></span> <span class='ocrx_word' id='word_1_75' title='bbox 1201 456 1432 513; x_wconf 79' lang='lat' dir='ltr'><strong>CCXIV.</strong></span> <span class='ocrx_word' id='word_1_76' title='bbox 1995 461 2045 521; x_wconf 71' lang='grc' dir='ltr'><strong>Α</strong></span> 
     </span>
    </p>
   </div>
   <div class='ocr_carea' id='block_1_14' title="bbox 3563 352 3669 419">
    <p class='ocr_par' dir='ltr' id='par_1_14' title="bbox 3563 352 3669 419">
     <span class='ocr_line' id='line_1_14' title="bbox 3563 352 3669 419; baseline 0.019 -1"><span class='ocrx_word' id='word_1_77' title='bbox 3563 352 3669 419; x_wconf 69' lang='grc'><strong>428</strong></span> 
     </span>
    </p>
   </div>
   <div class='ocr_carea' id='block_1_15' title="bbox 2648 460 3079 519">
    <p class='ocr_par' dir='ltr' id='par_1_15' title="bbox 2648 460 3079 519">
     <span class='ocr_line' id='line_1_15' title="bbox 2648 460 3079 519; baseline 0.007 -3"><span class='ocrx_word' id='word_1_78' title='bbox 2648 463 2927 519; x_wconf 63' lang='grc' dir='ltr'><strong>ΚΕΦᾹΔρ</strong></span> <span class='ocrx_word' id='word_1_79' title='bbox 2939 460 3079 519; x_wconf 81' lang='grc' dir='ltr'><strong>ΣῘΔ’.</strong></span> 
     </span>
    </p>
   </div>
   <div class='ocr_carea' id='block_1_16' title="bbox 2082 573 3670 644">
    <p class='ocr_par' dir='ltr' id='par_1_16' title="bbox 2082 573 3670 644">
     <span class='ocr_line' id='line_1_16' title="bbox 2082 573 3670 644; baseline 0.008 -18"><span class='ocrx_word' id='word_1_80' title='bbox 2082 574 2141 626; x_wconf 77' lang='lat' dir='ltr'><em>Tt</em></span> <span class='ocrx_word' id='word_1_81' title='bbox 2166 573 2235 626; x_wconf 82' lang='grc' dir='ltr'><strong>τό</strong></span> <span class='ocrx_word' id='word_1_82' title='bbox 2264 575 2607 642; x_wconf 78' lang='grc' dir='ltr'><strong>ειρηνεῦσαι</strong></span> <span class='ocrx_word' id='word_1_83' title='bbox 2637 577 2709 631; x_wconf 79' lang='grc' dir='ltr'><strong>ἐν</strong></span> <span class='ocrx_word' id='word_1_84' title='bbox 2733 576 2815 642; x_wconf 87' lang='grc' dir='ltr'><strong>τῷ</strong></span> <span class='ocrx_word' id='word_1_85' title='bbox 2841 578 3185 644; x_wconf 72' lang='grc' dir='ltr'><strong>Ἀποστόλφ</strong></span> <span class='ocrx_word' id='word_1_86' title='bbox 3206 592 3220 608; x_wconf 82' lang='grc'><em>’</em></span> <span class='ocrx_word' id='word_1_87' title='bbox 3250 577 3350 633; x_wconf 76' lang='grc' dir='ltr'><strong>καὶ</strong></span> <span class='ocrx_word' id='word_1_88' title='bbox 3380 579 3538 635; x_wconf 80' lang='grc' dir='ltr'><strong>διατί</strong></span> <span class='ocrx_word' id='word_1_89' title='bbox 3566 581 3670 638; x_wconf 73' lang='grc' dir='ltr'><strong>οὐ·</strong></span> 
     </span>
    </p>
   </div>
   <div class='ocr_carea' id='block_1_17' title="bbox 2142 645 3667 766">
    <p class='ocr_par' dir='ltr' id='par_1_17' title="bbox 2142 645 3667 766">
     <span class='ocr_line' id='line_1_17' title="bbox 2142 645 3667 766; baseline 0.007 -70"><span class='ocrx_word' id='word_1_90' title='bbox 2403 645 2698 715; x_wconf 66' lang='grc' dir='ltr'><strong>λαμϐάνει</strong></span> <span class='ocrx_word' id='word_1_91' title='bbox 2753 648 2917 719; x_wconf 78' lang='grc' dir='ltr'><strong>παρά</strong></span> <span class='ocrx_word' id='word_1_92' title='bbox 2963 648 3072 704; x_wconf 89' lang='grc' dir='ltr'><strong>τοῦ</strong></span> <span class='ocrx_word' id='word_1_93' title='bbox 3125 648 3367 718; x_wconf 77' lang='grc' dir='ltr'><strong>πρώτου</strong></span> <span class='ocrx_word' id='word_1_94' title='bbox 3419 653 3453 705; x_wconf 82' lang='grc' dir='ltr'><em>ὁ</em></span> <span class='ocrx_word' id='word_1_95' title='bbox 3503 653 3667 721; x_wconf 75' lang='grc' dir='ltr'><strong>εἰρη-</strong></span> 
     </span>
     <span class='ocr_line' id='line_1_18' title="bbox 2216 731 2361 766; baseline 0 0"><span class='ocrx_word' id='word_1_96' title='bbox 2216 731 2251 766; x_wconf 89' lang='grc' dir='ltr'><strong>υ</strong></span> <span class='ocrx_word' id='word_1_97' title='bbox 2301 731 2361 766; x_wconf 80' lang='grc' dir='ltr'><strong>ν.</strong></span> 
     </span>
    </p>
   </div>
   <div class='ocr_carea' id='block_1_18' title="bbox 2216 731 2361 769">
    <p class='ocr_par' dir='ltr' id='par_1_18' title="bbox 2216 731 2361 769">
     <span class='ocr_line' id='line_1_19' title="bbox 2216 731 2361 769; baseline 0.014 -2"><span class='ocrx_word' id='word_1_98' title='bbox 2216 731 2361 769; x_wconf 81' lang='grc' dir='ltr'><strong>υων.</strong></span> 
     </span>
    </p>
   </div>
   <div class='ocr_carea' id='block_1_19' title="bbox 2145 824 3668 901">
    <p class='ocr_par' dir='ltr' id='par_1_19' title="bbox 2145 824 3668 901">
     <span class='ocr_line' id='line_1_20' title="bbox 2145 824 3668 901; baseline 0.008 -24"><span class='ocrx_word' id='word_1_99' title='bbox 2145 824 2372 879; x_wconf 84' lang='grc' dir='ltr'><strong>Πάντων</strong></span> <span class='ocrx_word' id='word_1_100' title='bbox 2394 825 2452 881; x_wconf 66' lang='grc' dir='ltr'>δὲ</span> <span class='ocrx_word' id='word_1_101' title='bbox 2477 827 2589 882; x_wconf 84' lang='grc' dir='ltr'><strong>τῶν</strong></span> <span class='ocrx_word' id='word_1_102' title='bbox 2611 829 2916 900; x_wconf 80' lang='grc' dir='ltr'><strong>ἀρχιερέων</strong></span> <span class='ocrx_word' id='word_1_103' title='bbox 2939 829 3036 884; x_wconf 71' lang='grc' dir='ltr'><strong>καὶ</strong></span> <span class='ocrx_word' id='word_1_104' title='bbox 3056 829 3261 901; x_wconf 76' lang='grc' dir='ltr'><strong>ίερέων</strong></span> <span class='ocrx_word' id='word_1_105' title='bbox 3287 831 3668 889; x_wconf 79' lang='grc' dir='ltr'><strong>καθεσθέντων</strong></span> 
     </span>
    </p>
   </div>
   <div class='ocr_carea' id='block_1_20' title="bbox 2077 919 3667 1000">
    <p class='ocr_par' dir='ltr' id='par_1_20' title="bbox 2077 919 3667 1000">
     <span class='ocr_line' id='line_1_21' title="bbox 2077 919 3667 1000; baseline 0.006 -29"><span class='ocrx_word' id='word_1_106' title='bbox 2077 919 2135 971; x_wconf 77' lang='grc' dir='ltr'><strong>ὲν</strong></span> <span class='ocrx_word' id='word_1_107' title='bbox 2163 919 2242 988; x_wconf 83' lang='grc' dir='ltr'><strong>τῷ</strong></span> <span class='ocrx_word' id='word_1_108' title='bbox 2278 920 2496 986; x_wconf 81' lang='grc' dir='ltr'><strong>μέλλειν</strong></span> <span class='ocrx_word' id='word_1_109' title='bbox 2525 921 3003 989; x_wconf 74' lang='grc' dir='ltr'><strong>ἀναγινώσκεσθαι</strong></span> <span class='ocrx_word' id='word_1_110' title='bbox 3032 928 3102 978; x_wconf 80' lang='grc' dir='ltr'><strong>τὰ</strong></span> <span class='ocrx_word' id='word_1_111' title='bbox 3135 925 3474 979; x_wconf 87' lang='grc' dir='ltr'><strong>ἀποστολικά</strong></span> <span class='ocrx_word' id='word_1_112' title='bbox 3507 926 3667 1000; x_wconf 60' lang='grc' dir='ltr'><strong>16η</strong></span> 
     </span>
    </p>
   </div>
   <div class='ocr_carea' id='block_1_21' title="bbox 2079 1007 3669 1089">
    <p class='ocr_par' dir='ltr' id='par_1_21' title="bbox 2079 1007 3669 1089">
     <span class='ocr_line' id='line_1_22' title="bbox 2079 1007 3669 1089; baseline 0.008 -31"><span class='ocrx_word' id='word_1_113' title='bbox 2079 1007 2320 1076; x_wconf 75' lang='grc' dir='ltr'><strong>ῥήματα,</strong></span> <span class='ocrx_word' id='word_1_114' title='bbox 2351 1009 2609 1065; x_wconf 86' lang='grc' dir='ltr'><strong>ἀπελθὼν</strong></span> <span class='ocrx_word' id='word_1_115' title='bbox 2636 1012 2903 1081; x_wconf 79' lang='grc' dir='ltr'><strong>λαμϐάνει</strong></span> <span class='ocrx_word' id='word_1_116' title='bbox 2932 1014 3186 1084; x_wconf 86' lang='grc' dir='ltr'><strong>εὐλογίαν</strong></span> <span class='ocrx_word' id='word_1_117' title='bbox 3214 1017 3322 1071; x_wconf 78' lang='grc' dir='ltr'><strong>ἀπὸ</strong></span> <span class='ocrx_word' id='word_1_118' title='bbox 3353 1017 3445 1071; x_wconf 87' lang='grc' dir='ltr'><strong>τοῦ</strong></span> <span class='ocrx_word' id='word_1_119' title='bbox 3478 1018 3669 1089; x_wconf 83' lang='grc' dir='ltr'><strong>ἀρχιε-</strong></span> 
     </span>
    </p>
   </div>
   <div class='ocr_carea' id='block_1_22' title="bbox 2076 1101 3662 1179">
    <p class='ocr_par' dir='ltr' id='par_1_22' title="bbox 2076 1101 3662 1179">
     <span class='ocr_line' id='line_1_23' title="bbox 2076 1101 3662 1179; baseline 0.008 -28"><span class='ocrx_word' id='word_1_120' title='bbox 2076 1101 2383 1167; x_wconf 78' lang='grc' dir='ltr'><strong>πισκόπου,</strong></span> <span class='ocrx_word' id='word_1_121' title='bbox 2436 1102 2512 1167; x_wconf 84' lang='grc' dir='ltr'><strong>ὡς</strong></span> <span class='ocrx_word' id='word_1_122' title='bbox 2562 1103 2629 1157; x_wconf 81' lang='grc' dir='ltr'><strong>ἂν</strong></span> <span class='ocrx_word' id='word_1_123' title='bbox 2678 1106 2905 1175; x_wconf 75' lang='grc' dir='ltr'><strong>εἰρήνην</strong></span> <span class='ocrx_word' id='word_1_124' title='bbox 2952 1107 3029 1177; x_wconf 78' lang='grc' dir='ltr'>δῷ</span> <span class='ocrx_word' id='word_1_125' title='bbox 3073 1107 3154 1179; x_wconf 83' lang='grc' dir='ltr'><strong>τῷ</strong></span> <span class='ocrx_word' id='word_1_126' title='bbox 3206 1108 3662 1177; x_wconf 77' lang='grc' dir='ltr'><strong>ἀναγινώσκοντι.</strong></span> 
     </span>
    </p>
   </div>
   <div class='ocr_carea' id='block_1_23' title="bbox 2076 1191 3667 1267">
    <p class='ocr_par' dir='ltr' id='par_1_23' title="bbox 2076 1191 3667 1267">
     <span class='ocr_line' id='line_1_24' title="bbox 2076 1191 3667 1267; baseline 0.008 -25"><span class='ocrx_word' id='word_1_127' title='bbox 2076 1191 2247 1244; x_wconf 81' lang='grc' dir='ltr'><strong>Τοῦτο</strong></span> <span class='ocrx_word' id='word_1_128' title='bbox 2276 1192 2333 1246; x_wconf 80' lang='grc' dir='ltr'>δὲ</span> <span class='ocrx_word' id='word_1_129' title='bbox 2362 1194 2549 1265; x_wconf 85' lang='grc' dir='ltr'><strong>τελετή</strong></span> <span class='ocrx_word' id='word_1_130' title='bbox 2583 1195 2701 1249; x_wconf 70' lang='grc' dir='ltr'><strong>ἐστι</strong></span> <span class='ocrx_word' id='word_1_131' title='bbox 2730 1196 2793 1248; x_wconf 76' lang='grc' dir='ltr'><strong>τὸ</strong></span> <span class='ocrx_word' id='word_1_132' title='bbox 2819 1196 3172 1267; x_wconf 83' lang='grc' dir='ltr'><strong>είρηνεῦσαι,</strong></span> <span class='ocrx_word' id='word_1_133' title='bbox 3203 1201 3299 1254; x_wconf 77' lang='grc' dir='ltr'><strong>καὶ</strong></span> <span class='ocrx_word' id='word_1_134' title='bbox 3327 1199 3403 1260; x_wconf 81' lang='grc' dir='ltr'><strong>ὡς</strong></span> <span class='ocrx_word' id='word_1_135' title='bbox 3432 1200 3541 1252; x_wconf 73' lang='grc' dir='ltr'><strong>ἀπὸ</strong></span> <span class='ocrx_word' id='word_1_136' title='bbox 3570 1200 3667 1254; x_wconf 85' lang='grc' dir='ltr'><strong>τοῦ</strong></span> 
     </span>
    </p>
   </div>
   <div class='ocr_carea' id='block_1_24' title="bbox 2076 1283 3670 1359">
    <p class='ocr_par' dir='ltr' id='par_1_24' title="bbox 2076 1283 3670 1359">
     <span class='ocr_line' id='line_1_25' title="bbox 2076 1283 3670 1359; baseline 0.005 -23"><span class='ocrx_word' id='word_1_137' title='bbox 2076 1283 2212 1336; x_wconf 82' lang='grc' dir='ltr'><strong>Θεοῦ</strong></span> <span class='ocrx_word' id='word_1_138' title='bbox 2239 1284 2537 1354; x_wconf 83' lang='grc' dir='ltr'><strong>διδόμενον.</strong></span> <span class='ocrx_word' id='word_1_139' title='bbox 2565 1287 2675 1341; x_wconf 79' lang='grc' dir='ltr'><strong>Καὶ</strong></span> <span class='ocrx_word' id='word_1_140' title='bbox 2702 1288 2801 1341; x_wconf 86' lang='grc' dir='ltr'><strong>οὐκ</strong></span> <span class='ocrx_word' id='word_1_141' title='bbox 2831 1288 3009 1355; x_wconf 78' lang='grc' dir='ltr'><strong>ἔξεστι</strong></span> <span class='ocrx_word' id='word_1_142' title='bbox 3036 1289 3186 1358; x_wconf 85' lang='grc' dir='ltr'><strong>αὐτῷ</strong></span> <span class='ocrx_word' id='word_1_143' title='bbox 3209 1290 3370 1344; x_wconf 82' lang='grc' dir='ltr'><strong>τοῦτο</strong></span> <span class='ocrx_word' id='word_1_144' title='bbox 3403 1290 3670 1359; x_wconf 79' lang='grc' dir='ltr'><strong>πράττειν</strong></span> 
     </span>
    </p>
   </div>
   <div class='ocr_carea' id='block_1_25' title="bbox 2077 1366 3667 1452">
    <p class='ocr_par' dir='ltr' id='par_1_25' title="bbox 2077 1366 3667 1452">
     <span class='ocr_line' id='line_1_26' title="bbox 2077 1366 3667 1452; baseline 0.004 -23"><span class='ocrx_word' id='word_1_145' title='bbox 2077 1375 2205 1429; x_wconf 79' lang='grc' dir='ltr'><strong>ἄνευ</strong></span> <span class='ocrx_word' id='word_1_146' title='bbox 2233 1366 2461 1448; x_wconf 79' lang='grc' dir='ltr'><strong>γνώμης</strong></span> <span class='ocrx_word' id='word_1_147' title='bbox 2493 1378 2586 1431; x_wconf 84' lang='grc' dir='ltr'><strong>τοῦ</strong></span> <span class='ocrx_word' id='word_1_148' title='bbox 2616 1381 2845 1450; x_wconf 77' lang='grc' dir='ltr'><strong>γνησίου</strong></span> <span class='ocrx_word' id='word_1_149' title='bbox 2877 1381 3185 1450; x_wconf 78' lang='grc' dir='ltr'><strong>ἀρχιερέως</strong></span> <span class='ocrx_word' id='word_1_150' title='bbox 3205 1423 3221 1447; x_wconf 88' lang='grc'><strong>,</strong></span> <span class='ocrx_word' id='word_1_151' title='bbox 3252 1382 3346 1435; x_wconf 79' lang='grc' dir='ltr'><strong>καὶ</strong></span> <span class='ocrx_word' id='word_1_152' title='bbox 3377 1382 3436 1433; x_wconf 82' lang='grc' dir='ltr'><strong>ὲν</strong></span> <span class='ocrx_word' id='word_1_153' title='bbox 3465 1385 3530 1452; x_wconf 75' lang='grc' dir='ltr'><strong>τῇ</strong></span> <span class='ocrx_word' id='word_1_154' title='bbox 3562 1383 3667 1435; x_wconf 80' lang='grc' dir='ltr'><strong>αὐ-</strong></span> 
     </span>
    </p>
   </div>
   <div class='ocr_carea' id='block_1_26' title="bbox 2076 1446 3715 1549">
    <p class='ocr_par' dir='ltr' id='par_1_26' title="bbox 2076 1446 3715 1549">
     <span class='ocr_line' id='line_1_27' title="bbox 2076 1446 3715 1549; baseline 0.005 -28"><span class='ocrx_word' id='word_1_155' title='bbox 2076 1469 2170 1521; x_wconf 86' lang='grc' dir='ltr'><strong>τοῦ</strong></span> <span class='ocrx_word' id='word_1_156' title='bbox 2203 1470 2504 1542; x_wconf 72' lang='grc' dir='ltr'><strong>ἐκκλησίᾳ,</strong></span> <span class='ocrx_word' id='word_1_157' title='bbox 2540 1474 2634 1525; x_wconf 81' lang='grc' dir='ltr'><strong>καὶ</strong></span> <span class='ocrx_word' id='word_1_158' title='bbox 2661 1472 2837 1528; x_wconf 85' lang='grc' dir='ltr'><strong>ταῦτα</strong></span> <span class='ocrx_word' id='word_1_159' title='bbox 2862 1474 3030 1529; x_wconf 86' lang='grc' dir='ltr'><strong>αὐτοῦ</strong></span> <span class='ocrx_word' id='word_1_160' title='bbox 3064 1475 3363 1545; x_wconf 79' lang='grc' dir='ltr'><strong>παρόντος,</strong></span> <span class='ocrx_word' id='word_1_161' title='bbox 3393 1476 3491 1529; x_wconf 79' lang='grc' dir='ltr'><strong>καὶ</strong></span> <span class='ocrx_word' id='word_1_162' title='bbox 3515 1476 3665 1546; x_wconf 82' lang='grc' dir='ltr'><strong>πρὼ-</strong></span> <span class='ocrx_word' id='word_1_163' title='bbox 3697 1446 3715 1549; x_wconf 61' lang='grc' dir='ltr'>ξ</span> 
     </span>
    </p>
   </div>
   <div class='ocr_carea' id='block_1_27' title="bbox 2076 1556 3717 1636">
    <p class='ocr_par' dir='ltr' id='par_1_27' title="bbox 2076 1556 3717 1636">
     <span class='ocr_line' id='line_1_28' title="bbox 2076 1556 3717 1636; baseline 0.006 -25"><span class='ocrx_word' id='word_1_164' title='bbox 2076 1577 2169 1612; x_wconf 83' lang='grc' dir='ltr'><strong>του</strong></span> <span class='ocrx_word' id='word_1_165' title='bbox 2226 1560 2377 1625; x_wconf 77' lang='grc' dir='ltr'><strong>ὄντος</strong></span> <span class='ocrx_word' id='word_1_166' title='bbox 2429 1564 2526 1616; x_wconf 73' lang='grc' dir='ltr'><strong>καὶ</strong></span> <span class='ocrx_word' id='word_1_167' title='bbox 2578 1564 2993 1633; x_wconf 80' lang='grc' dir='ltr'><strong>ἀρχιποίμενος.</strong></span> <span class='ocrx_word' id='word_1_168' title='bbox 3040 1565 3328 1636; x_wconf 49' lang='grc' dir='ltr'><strong>[λαμϐάνει</strong></span> <span class='ocrx_word' id='word_1_169' title='bbox 3374 1567 3555 1621; x_wconf 88' lang='grc' dir='ltr'><strong>τοίνυν</strong></span> <span class='ocrx_word' id='word_1_170' title='bbox 3596 1566 3667 1621; x_wconf 68' lang='grc' dir='ltr'><strong>δι’</strong></span> <span class='ocrx_word' id='word_1_171' title='bbox 3707 1556 3717 1567; x_wconf 79' lang='grc'><em>’</em></span> 
     </span>
    </p>
   </div>
   <div class='ocr_carea' id='block_1_28' title="bbox 2079 1652 3670 1726">
    <p class='ocr_par' dir='ltr' id='par_1_28' title="bbox 2079 1652 3670 1726">
     <span class='ocr_line' id='line_1_29' title="bbox 2079 1652 3670 1726; baseline 0.004 -21"><span class='ocrx_word' id='word_1_172' title='bbox 2079 1652 2328 1719; x_wconf 82' lang='grc' dir='ltr'><strong>εὐλογίας</strong></span> <span class='ocrx_word' id='word_1_173' title='bbox 2361 1655 2461 1724; x_wconf 80' lang='grc' dir='ltr'><strong>τὴν</strong></span> <span class='ocrx_word' id='word_1_174' title='bbox 2494 1655 2702 1710; x_wconf 71' lang='grc' dir='ltr'><strong>ἔνδοσιν</strong></span> <span class='ocrx_word' id='word_1_175' title='bbox 2725 1674 2739 1689; x_wconf 79' lang='grc'><em>’</em></span> <span class='ocrx_word' id='word_1_176' title='bbox 2774 1657 2870 1711; x_wconf 81' lang='grc' dir='ltr'><strong>καὶ</strong></span> <span class='ocrx_word' id='word_1_177' title='bbox 2902 1656 3348 1726; x_wconf 72' lang='grc' dir='ltr'><strong>ἀναγνωσθέντος</strong></span> <span class='ocrx_word' id='word_1_178' title='bbox 3381 1659 3476 1713; x_wconf 84' lang='grc' dir='ltr'><strong>τοῦ</strong></span> <span class='ocrx_word' id='word_1_179' title='bbox 3507 1660 3670 1713; x_wconf 73' lang='grc' dir='ltr'><strong>Ἀπο-</strong></span> 
     </span>
    </p>
   </div>
   <div class='ocr_carea' id='block_1_29' title="bbox 395 1473 1976 1550">
    <p class='ocr_par' dir='ltr' id='par_1_29' title="bbox 395 1473 1976 1550">
     <span class='ocr_line' id='line_1_30' title="bbox 395 1473 1976 1550; baseline -0.009 -12"><span class='ocrx_word' id='word_1_180' title='bbox 395 1495 451 1539; x_wconf 87' lang='lat' dir='ltr'><strong>et</strong></span> <span class='ocrx_word' id='word_1_181' title='bbox 488 1482 609 1550; x_wconf 89' lang='lat' dir='ltr'><strong>ipso</strong></span> <span class='ocrx_word' id='word_1_182' title='bbox 642 1485 928 1549; x_wconf 85' lang='lat' dir='ltr'><strong>praesente,</strong></span> <span class='ocrx_word' id='word_1_183' title='bbox 963 1477 1054 1546; x_wconf 88' lang='lat' dir='ltr'><strong>qui</strong></span> <span class='ocrx_word' id='word_1_184' title='bbox 1079 1485 1360 1544; x_wconf 84' lang='lat' dir='ltr'><strong>pastorum</strong></span> <span class='ocrx_word' id='word_1_185' title='bbox 1393 1474 1606 1544; x_wconf 81' lang='lat' dir='ltr'><strong>primus</strong></span> <span class='ocrx_word' id='word_1_186' title='bbox 1636 1479 1797 1526; x_wconf 83' lang='lat' dir='ltr'><strong>estet</strong></span> <span class='ocrx_word' id='word_1_187' title='bbox 1828 1473 1976 1539; x_wconf 80' lang='lat' dir='ltr'><strong>prin-</strong></span> 
     </span>
    </p>
   </div>
   <div class='ocr_carea' id='block_1_30' title="bbox 397 1563 1977 1644">
    <p class='ocr_par' dir='ltr' id='par_1_30' title="bbox 397 1563 1977 1644">
     <span class='ocr_line' id='line_1_31' title="bbox 397 1563 1977 1644; baseline -0.009 -14"><span class='ocrx_word' id='word_1_188' title='bbox 397 1589 547 1644; x_wconf 88' lang='lat' dir='ltr'><strong>ceps.</strong></span> <span class='ocrx_word' id='word_1_189' title='bbox 583 1573 708 1626; x_wconf 89' lang='lat' dir='ltr'><strong>Ideo</strong></span> <span class='ocrx_word' id='word_1_190' title='bbox 752 1585 850 1640; x_wconf 92' lang='lat' dir='ltr'><strong>per</strong></span> <span class='ocrx_word' id='word_1_191' title='bbox 881 1567 1323 1623; x_wconf 79' lang='lat' dir='ltr'><strong>benedictionem</strong></span> <span class='ocrx_word' id='word_1_192' title='bbox 1374 1565 1796 1634; x_wconf 83' lang='lat' dir='ltr'><strong>permissionem</strong></span> <span class='ocrx_word' id='word_1_193' title='bbox 1832 1563 1977 1618; x_wconf 89' lang='lat' dir='ltr'><strong>acci-</strong></span> 
     </span>
    </p>
   </div>
   <div class='ocr_carea' id='block_1_31' title="bbox 395 1649 1978 1736">
    <p class='ocr_par' dir='ltr' id='par_1_31' title="bbox 395 1649 1978 1736">
     <span class='ocr_line' id='line_1_32' title="bbox 395 1649 1978 1736; baseline -0.01 -16"><span class='ocrx_word' id='word_1_194' title='bbox 395 1667 497 1736; x_wconf 90' lang='lat' dir='ltr'><strong>pit.</strong></span> <span class='ocrx_word' id='word_1_195' title='bbox 527 1649 701 1719; x_wconf 72' lang='lat' dir='ltr'><strong>Lecto</strong></span> <span class='ocrx_word' id='word_1_196' title='bbox 735 1656 1000 1732; x_wconf 81' lang='lat' dir='ltr'><strong>Apostolo</strong></span> <span class='ocrx_word' id='word_1_197' title='bbox 1034 1673 1220 1729; x_wconf 89' lang='lat' dir='ltr'><strong>pacem</strong></span> <span class='ocrx_word' id='word_1_198' title='bbox 1247 1666 1504 1725; x_wconf 89' lang='lat' dir='ltr'><strong>precatur</strong></span> <span class='ocrx_word' id='word_1_199' title='bbox 1534 1653 1747 1719; x_wconf 85' lang='lat' dir='ltr'><strong>lectori,</strong></span> <span class='ocrx_word' id='word_1_200' title='bbox 1781 1668 1978 1707; x_wconf 77' lang='lat' dir='ltr'><strong>secun-</strong></span> 
     </span>
    </p>
   </div>
   <div class='ocr_carea' id='block_1_32' title="bbox 394 1743 1976 1826">
    <p class='ocr_par' dir='ltr' id='par_1_32' title="bbox 394 1743 1976 1826">
     <span class='ocr_line' id='line_1_33' title="bbox 394 1743 1976 1826; baseline -0.011 -13"><span class='ocrx_word' id='word_1_201' title='bbox 394 1758 492 1813; x_wconf 89' lang='lat' dir='ltr'><strong>das</strong></span> <span class='ocrx_word' id='word_1_202' title='bbox 516 1762 639 1826; x_wconf 86' lang='lat' dir='ltr'><strong>post</strong></span> <span class='ocrx_word' id='word_1_203' title='bbox 661 1753 1140 1822; x_wconf 86' lang='lat' dir='ltr'><strong>archiepiscopum</strong></span> <span class='ocrx_word' id='word_1_204' title='bbox 1191 1747 1396 1802; x_wconf 82' lang='lat' dir='ltr'><strong>ferens.</strong></span> <span class='ocrx_word' id='word_1_205' title='bbox 1439 1744 1561 1816; x_wconf 86' lang='lat' dir='ltr'><strong>Ipse</strong></span> <span class='ocrx_word' id='word_1_206' title='bbox 1585 1745 1730 1799; x_wconf 90' lang='lat' dir='ltr'><strong>enim</strong></span> <span class='ocrx_word' id='word_1_207' title='bbox 1762 1743 1976 1797; x_wconf 76' lang='lat' dir='ltr'><strong>archie-</strong></span> 
     </span>
    </p>
   </div>
   <div class='ocr_carea' id='block_1_33' title="bbox 393 1821 2056 1921">
    <p class='ocr_par' dir='ltr' id='par_1_33' title="bbox 393 1821 2056 1921">
     <span class='ocr_line' id='line_1_34' title="bbox 393 1821 2056 1921; baseline -0.012 -16"><span class='ocrx_word' id='word_1_208' title='bbox 393 1821 654 1921; x_wconf 80' lang='lat' dir='ltr'><strong>piscopus</strong></span> <span class='ocrx_word' id='word_1_209' title='bbox 697 1821 889 1916; x_wconf 86' lang='lat' dir='ltr'><strong>pacem</strong></span> <span class='ocrx_word' id='word_1_210' title='bbox 930 1852 1187 1914; x_wconf 86' lang='lat' dir='ltr'><strong>precatur</strong></span> <span class='ocrx_word' id='word_1_211' title='bbox 1209 1842 1258 1894; x_wconf 88' lang='lat' dir='ltr'><strong>ei</strong></span> <span class='ocrx_word' id='word_1_212' title='bbox 1288 1841 1385 1911; x_wconf 84' lang='lat' dir='ltr'><strong>qui</strong></span> <span class='ocrx_word' id='word_1_213' title='bbox 1412 1838 1765 1909; x_wconf 79' lang='lat' dir='ltr'><strong>Evangelium</strong></span> <span class='ocrx_word' id='word_1_214' title='bbox 1827 1835 1972 1905; x_wconf 76' lang='lat' dir='ltr'><strong>legit.</strong></span> <span class='ocrx_word' id='word_1_215' title='bbox 2009 1821 2056 1880; x_wconf 84' lang='grc' dir='ltr'><strong><em>Β</em></strong></span> 
     </span>
    </p>
   </div>
   <div class='ocr_carea' id='block_1_34' title="bbox 397 1932 1976 2012">
    <p class='ocr_par' dir='ltr' id='par_1_34' title="bbox 397 1932 1976 2012">
     <span class='ocr_line' id='line_1_35' title="bbox 397 1932 1976 2012; baseline -0.009 -14"><span class='ocrx_word' id='word_1_216' title='bbox 397 1942 489 1999; x_wconf 87' lang='lat' dir='ltr'><strong>Sic</strong></span> <span class='ocrx_word' id='word_1_217' title='bbox 522 1940 804 2012; x_wconf 88' lang='lat' dir='ltr'><strong>perﬁcitur</strong></span> <span class='ocrx_word' id='word_1_218' title='bbox 830 1940 1016 1995; x_wconf 81' lang='lat' dir='ltr'><strong>divina</strong></span> <span class='ocrx_word' id='word_1_219' title='bbox 1063 1937 1269 2000; x_wconf 84' lang='lat' dir='ltr'><strong>Missa,</strong></span> <span class='ocrx_word' id='word_1_220' title='bbox 1307 1942 1492 1990; x_wconf 86' lang='lat' dir='ltr'><strong>stante</strong></span> <span class='ocrx_word' id='word_1_221' title='bbox 1544 1932 1801 1986; x_wconf 84' lang='lat' dir='ltr'><strong>ordinato</strong></span> <span class='ocrx_word' id='word_1_222' title='bbox 1851 1940 1976 1983; x_wconf 88' lang='lat' dir='ltr'><strong>ante</strong></span> 
     </span>
    </p>
   </div>
   <div class='ocr_carea' id='block_1_35' title="bbox 396 2023 1978 2104">
    <p class='ocr_par' dir='ltr' id='par_1_35' title="bbox 396 2023 1978 2104">
     <span class='ocr_line' id='line_1_36' title="bbox 396 2023 1978 2104; baseline -0.009 -15"><span class='ocrx_word' id='word_1_223' title='bbox 396 2049 590 2090; x_wconf 88' lang='lat' dir='ltr'><strong>omnes</strong></span> <span class='ocrx_word' id='word_1_224' title='bbox 617 2033 909 2104; x_wconf 81' lang='lat' dir='ltr'><strong>episeOpos</strong></span> <span class='ocrx_word' id='word_1_225' title='bbox 957 2032 1183 2085; x_wconf 88' lang='lat' dir='ltr'><strong>missam</strong></span> <span class='ocrx_word' id='word_1_226' title='bbox 1218 2028 1383 2085; x_wconf 86' lang='lat' dir='ltr'><strong>simul</strong></span> <span class='ocrx_word' id='word_1_227' title='bbox 1409 2026 1696 2081; x_wconf 81' lang='lat' dir='ltr'><strong>facientes.</strong></span> <span class='ocrx_word' id='word_1_228' title='bbox 1725 2023 1978 2078; x_wconf 82' lang='lat' dir='ltr'><strong>Pronun-</strong></span> 
     </span>
    </p>
   </div>
   <div class='ocr_carea' id='block_1_36' title="bbox 396 2117 1977 2193">
    <p class='ocr_par' dir='ltr' id='par_1_36' title="bbox 396 2117 1977 2193">
     <span class='ocr_line' id='line_1_37' title="bbox 396 2117 1977 2193; baseline -0.008 -14"><span class='ocrx_word' id='word_1_229' title='bbox 396 2127 497 2181; x_wconf 89' lang='lat' dir='ltr'><strong>tiat</strong></span> <span class='ocrx_word' id='word_1_230' title='bbox 566 2125 733 2181; x_wconf 89' lang='lat' dir='ltr'><strong>etiam</strong></span> <span class='ocrx_word' id='word_1_231' title='bbox 796 2124 1029 2193; x_wconf 87' lang='lat' dir='ltr'><strong>primam</strong></span> <span class='ocrx_word' id='word_1_232' title='bbox 1086 2119 1546 2177; x_wconf 80' lang='lat' dir='ltr'><strong>exclamationem</strong></span> <span class='ocrx_word' id='word_1_233' title='bbox 1605 2117 1783 2188; x_wconf 83' lang='lat' dir='ltr'><strong>procis</strong></span> <span class='ocrx_word' id='word_1_234' title='bbox 1829 2123 1977 2168; x_wconf 86' lang='lat' dir='ltr'><strong>cate-</strong></span> 
     </span>
    </p>
   </div>
   <div class='ocr_carea' id='block_1_37' title="bbox 397 2208 1901 2280">
    <p class='ocr_par' dir='ltr' id='par_1_37' title="bbox 397 2208 1901 2280">
     <span class='ocr_line' id='line_1_38' title="bbox 397 2208 1901 2280; baseline -0.006 -13"><span class='ocrx_word' id='word_1_235' title='bbox 397 2214 802 2269; x_wconf 89' lang='lat' dir='ltr'><strong>chumenorum</strong></span> <span class='ocrx_word' id='word_1_236' title='bbox 833 2254 848 2278; x_wconf 89' lang='lat'><strong>,</strong></span> <span class='ocrx_word' id='word_1_237' title='bbox 885 2221 939 2267; x_wconf 90' lang='lat' dir='ltr'><strong>et</strong></span> <span class='ocrx_word' id='word_1_238' title='bbox 972 2218 1376 2280; x_wconf 84' lang='lat' dir='ltr'><strong>consequenter</strong></span> <span class='ocrx_word' id='word_1_239' title='bbox 1414 2208 1654 2278; x_wconf 85' lang='lat' dir='ltr'><strong>reliquas</strong></span> <span class='ocrx_word' id='word_1_240' title='bbox 1690 2219 1901 2275; x_wconf 86' lang='lat' dir='ltr'><strong>preces.</strong></span> 
     </span>
    </p>
   </div>
   <div class='ocr_carea' id='block_1_38' title="bbox 948 2407 1425 2467">
    <p class='ocr_par' dir='ltr' id='par_1_38' title="bbox 948 2407 1425 2467">
     <span class='ocr_line' id='line_1_39' title="bbox 948 2407 1425 2467; baseline 0.002 -1"><span class='ocrx_word' id='word_1_241' title='bbox 948 2407 1178 2466; x_wconf 80' lang='lat' dir='ltr'><strong>CAPUT</strong></span> <span class='ocrx_word' id='word_1_242' title='bbox 1217 2407 1425 2467; x_wconf 77' lang='lat' dir='ltr'><strong>CCXV.</strong></span> 
     </span>
    </p>
   </div>
   <div class='ocr_carea' id='block_1_39' title="bbox 397 2501 1975 2574">
    <p class='ocr_par' dir='ltr' id='par_1_39' title="bbox 397 2501 1975 2574">
     <span class='ocr_line' id='line_1_40' title="bbox 397 2501 1975 2574; baseline -0.004 -16"><span class='ocrx_word' id='word_1_243' title='bbox 397 2505 553 2574; x_wconf 82' lang='lat' dir='ltr'><strong>Quod</strong></span> <span class='ocrx_word' id='word_1_244' title='bbox 607 2508 664 2561; x_wconf 88' lang='lat' dir='ltr'><strong>in</strong></span> <span class='ocrx_word' id='word_1_245' title='bbox 709 2504 1074 2559; x_wconf 83' lang='lat' dir='ltr'><strong>communione</strong></span> <span class='ocrx_word' id='word_1_246' title='bbox 1124 2519 1284 2557; x_wconf 77' lang='lat' dir='ltr'><strong>sacra</strong></span> <span class='ocrx_word' id='word_1_247' title='bbox 1329 2501 1533 2574; x_wconf 77' lang='lat' dir='ltr'><strong>primus</strong></span> <span class='ocrx_word' id='word_1_248' title='bbox 1576 2501 1765 2574; x_wconf 80' lang='lat' dir='ltr'><strong>accipit</strong></span> <span class='ocrx_word' id='word_1_249' title='bbox 1812 2515 1975 2567; x_wconf 84' lang='lat' dir='ltr'><strong>nuper</strong></span> 
     </span>
    </p>
   </div>
   <div class='ocr_carea' id='block_1_40' title="bbox 467 2570 1900 2643">
    <p class='ocr_par' dir='ltr' id='par_1_40' title="bbox 467 2570 1900 2643">
     <span class='ocr_line' id='line_1_41' title="bbox 467 2570 1900 2643; baseline -0.006 -12"><span class='ocrx_word' id='word_1_250' title='bbox 467 2576 748 2631; x_wconf 77' lang='lat' dir='ltr'><strong>ordinatus</strong></span> <span class='ocrx_word' id='word_1_251' title='bbox 771 2574 1067 2643; x_wconf 79' lang='lat' dir='ltr'><strong>episcopus,</strong></span> <span class='ocrx_word' id='word_1_252' title='bbox 1107 2582 1156 2626; x_wconf 89' lang='lat' dir='ltr'><strong>et</strong></span> <span class='ocrx_word' id='word_1_253' title='bbox 1185 2570 1446 2642; x_wconf 78' lang='lat' dir='ltr'><strong>quomodo</strong></span> <span class='ocrx_word' id='word_1_254' title='bbox 1470 2571 1565 2626; x_wconf 83' lang='lat' dir='ltr'><strong>illa</strong></span> <span class='ocrx_word' id='word_1_255' title='bbox 1591 2572 1900 2626; x_wconf 83' lang='lat' dir='ltr'><strong>celebretur.</strong></span> 
     </span>
    </p>
   </div>
   <div class='ocr_carea' id='block_1_41' title="bbox 467 2656 1999 2732">
    <p class='ocr_par' dir='ltr' id='par_1_41' title="bbox 467 2656 1999 2732">
     <span class='ocr_line' id='line_1_42' title="bbox 467 2656 1999 2732; baseline -0.005 -8"><span class='ocrx_word' id='word_1_256' title='bbox 467 2671 523 2724; x_wconf 90' lang='lat' dir='ltr'><strong>In</strong></span> <span class='ocrx_word' id='word_1_257' title='bbox 555 2667 739 2724; x_wconf 88' lang='lat' dir='ltr'><strong>divina</strong></span> <span class='ocrx_word' id='word_1_258' title='bbox 767 2678 900 2720; x_wconf 82' lang='lat' dir='ltr'><strong>vero</strong></span> <span class='ocrx_word' id='word_1_259' title='bbox 933 2664 1325 2718; x_wconf 89' lang='lat' dir='ltr'><strong>communione</strong></span> <span class='ocrx_word' id='word_1_260' title='bbox 1358 2656 1850 2732; x_wconf 25' lang='lat' dir='ltr'><strong>prim’us’divinum</strong></span> <span class='ocrx_word' id='word_1_261' title='bbox 1878 2677 1999 2732; x_wconf 58' lang='lat' dir='ltr'><strong>pa-,</strong></span> 
     </span>
    </p>
   </div>
   <div class='ocr_carea' id='block_1_42' title="bbox 396 2756 1972 2827">
    <p class='ocr_par' dir='ltr' id='par_1_42' title="bbox 396 2756 1972 2827">
     <span class='ocr_line' id='line_1_43' title="bbox 396 2756 1972 2827; baseline -0.006 -7"><span class='ocrx_word' id='word_1_262' title='bbox 396 2779 535 2821; x_wconf 67' lang='lat' dir='ltr'><strong>nam</strong></span> <span class='ocrx_word' id='word_1_263' title='bbox 560 2761 816 2817; x_wconf 88' lang='lat' dir='ltr'><strong>manibus</strong></span> <span class='ocrx_word' id='word_1_264' title='bbox 856 2757 923 2813; x_wconf 89' lang='lat' dir='ltr'><strong>ab</strong></span> <span class='ocrx_word' id='word_1_265' title='bbox 958 2756 1375 2827; x_wconf 79' lang='lat' dir='ltr'><strong>archiepiscopo</strong></span> <span class='ocrx_word' id='word_1_266' title='bbox 1406 2756 1626 2825; x_wconf 88' lang='lat' dir='ltr'><strong>accipit,</strong></span> <span class='ocrx_word' id='word_1_267' title='bbox 1654 2763 1858 2811; x_wconf 90' lang='lat' dir='ltr'><strong>etcum</strong></span> <span class='ocrx_word' id='word_1_268' title='bbox 1908 2771 1972 2811; x_wconf 89' lang='lat' dir='ltr'><strong>eo</strong></span> 
     </span>
    </p>
   </div>
   <div class='ocr_carea' id='block_1_43' title="bbox 394 2846 1971 2920">
    <p class='ocr_par' dir='ltr' id='par_1_43' title="bbox 394 2846 1971 2920">
     <span class='ocr_line' id='line_1_44' title="bbox 394 2846 1971 2920; baseline -0.005 -12"><span class='ocrx_word' id='word_1_269' title='bbox 394 2852 794 2916; x_wconf 83' lang='lat' dir='ltr'><strong>communicat;</strong></span> <span class='ocrx_word' id='word_1_270' title='bbox 832 2856 1021 2920; x_wconf 85' lang='lat' dir='ltr'><strong>postea</strong></span> <span class='ocrx_word' id='word_1_271' title='bbox 1067 2847 1234 2901; x_wconf 82' lang='lat' dir='ltr'><strong>tradit</strong></span> <span class='ocrx_word' id='word_1_272' title='bbox 1266 2846 1685 2915; x_wconf 84' lang='lat' dir='ltr'><strong>archiepiscopo</strong></span> <span class='ocrx_word' id='word_1_273' title='bbox 1729 2848 1971 2901; x_wconf 79' lang='lat' dir='ltr'><strong>divinum</strong></span> 
     </span>
    </p>
   </div>
   <div class='ocr_carea' id='block_1_44' title="bbox 393 2937 1972 3013">
    <p class='ocr_par' dir='ltr' id='par_1_44' title="bbox 393 2937 1972 3013">
     <span class='ocr_line' id='line_1_45' title="bbox 393 2937 1972 3013; baseline -0.006 -15"><span class='ocrx_word' id='word_1_274' title='bbox 393 2943 718 3013; x_wconf 81' lang='lat' dir='ltr'><strong>sanguinem</strong></span> <span class='ocrx_word' id='word_1_275' title='bbox 754 2954 851 3010; x_wconf 80' lang='lat' dir='ltr'><strong>per</strong></span> <span class='ocrx_word' id='word_1_276' title='bbox 881 2952 1101 2993; x_wconf 87' lang='lat' dir='ltr'><strong>sacrum</strong></span> <span class='ocrx_word' id='word_1_277' title='bbox 1138 2937 1391 3000; x_wconf 86' lang='lat' dir='ltr'><strong>calicem,</strong></span> <span class='ocrx_word' id='word_1_278' title='bbox 1424 2945 1478 2991; x_wconf 87' lang='lat' dir='ltr'><strong>et</strong></span> <span class='ocrx_word' id='word_1_279' title='bbox 1510 2939 1585 2991; x_wconf 90' lang='lat' dir='ltr'><strong>illi</strong></span> <span class='ocrx_word' id='word_1_280' title='bbox 1639 2937 1836 2990; x_wconf 88' lang='lat' dir='ltr'><strong>iterum</strong></span> <span class='ocrx_word' id='word_1_281' title='bbox 1887 2952 1972 2990; x_wconf 88' lang='lat' dir='ltr'><strong>ar-</strong></span> 
     </span>
    </p>
   </div>
   <div class='ocr_carea' id='block_1_45' title="bbox 390 3027 1972 3105">
    <p class='ocr_par' dir='ltr' id='par_1_45' title="bbox 390 3027 1972 3105">
     <span class='ocr_line' id='line_1_46' title="bbox 390 3027 1972 3105; baseline -0.006 -15"><span class='ocrx_word' id='word_1_282' title='bbox 390 3034 803 3105; x_wconf 87' lang='lat' dir='ltr'><strong>chiepiscopus,</strong></span> <span class='ocrx_word' id='word_1_283' title='bbox 825 3027 1302 3100; x_wconf 78' lang='lat' dir='ltr'><strong>quandoquidem,</strong></span> <span class='ocrx_word' id='word_1_284' title='bbox 1349 3028 1480 3081; x_wconf 88' lang='lat' dir='ltr'><strong>licet</strong></span> <span class='ocrx_word' id='word_1_285' title='bbox 1510 3027 1885 3082; x_wconf 84' lang='lat' dir='ltr'><strong>misericordia</strong></span> <span class='ocrx_word' id='word_1_286' title='bbox 1920 3035 1972 3082; x_wconf 87' lang='lat' dir='ltr'><strong>et</strong></span> 
     </span>
    </p>
   </div>
   <div class='ocr_carea' id='block_1_46' title="bbox 392 3121 1971 3183">
    <p class='ocr_par' dir='ltr' id='par_1_46' title="bbox 392 3121 1971 3183">
     <span class='ocr_line' id='line_1_47' title="bbox 392 3121 1971 3183; baseline -0.005 0"><span class='ocrx_word' id='word_1_287' title='bbox 392 3127 736 3183; x_wconf 79' lang='lat' dir='ltr'><strong>humanitate</strong></span> <span class='ocrx_word' id='word_1_288' title='bbox 771 3122 862 3179; x_wconf 87' lang='lat' dir='ltr'><strong>Dei</strong></span> <span class='ocrx_word' id='word_1_289' title='bbox 898 3123 1084 3179; x_wconf 81' lang='lat' dir='ltr'><strong>divina</strong></span> <span class='ocrx_word' id='word_1_290' title='bbox 1109 3122 1213 3177; x_wconf 84' lang='lat' dir='ltr'><strong>sibi</strong></span> <span class='ocrx_word' id='word_1_291' title='bbox 1261 3130 1450 3177; x_wconf 90' lang='lat' dir='ltr'><strong>mutuo</strong></span> <span class='ocrx_word' id='word_1_292' title='bbox 1511 3128 1733 3176; x_wconf 86' lang='lat' dir='ltr'><strong>tradant</strong></span> <span class='ocrx_word' id='word_1_293' title='bbox 1791 3121 1971 3176; x_wconf 76' lang='lat' dir='ltr'><strong>ltotni-</strong></span> 
     </span>
    </p>
   </div>
   <div class='ocr_carea' id='block_1_47' title="bbox 390 3212 1971 3283">
    <p class='ocr_par' dir='ltr' id='par_1_47' title="bbox 390 3212 1971 3283">
     <span class='ocr_line' id='line_1_48' title="bbox 390 3212 1971 3283; baseline -0.005 -9"><span class='ocrx_word' id='word_1_294' title='bbox 390 3233 513 3282; x_wconf 86' lang='lat' dir='ltr'><strong>nes,</strong></span> <span class='ocrx_word' id='word_1_295' title='bbox 545 3225 787 3274; x_wconf 83' lang='lat' dir='ltr'><strong>attamen</strong></span> <span class='ocrx_word' id='word_1_296' title='bbox 818 3231 961 3271; x_wconf 92' lang='lat' dir='ltr'><strong>unus</strong></span> <span class='ocrx_word' id='word_1_297' title='bbox 989 3220 1073 3270; x_wconf 88' lang='lat' dir='ltr'><strong>est</strong></span> <span class='ocrx_word' id='word_1_298' title='bbox 1103 3228 1198 3282; x_wconf 87' lang='lat' dir='ltr'><strong>per</strong></span> <span class='ocrx_word' id='word_1_299' title='bbox 1214 3226 1407 3267; x_wconf 91' lang='lat' dir='ltr'><strong>omnes</strong></span> <span class='ocrx_word' id='word_1_300' title='bbox 1431 3226 1671 3283; x_wconf 88' lang='lat' dir='ltr'><strong>operans</strong></span> <span class='ocrx_word' id='word_1_301' title='bbox 1699 3222 1753 3267; x_wconf 88' lang='lat' dir='ltr'><strong>et</strong></span> <span class='ocrx_word' id='word_1_302' title='bbox 1785 3212 1971 3266; x_wconf 89' lang='lat' dir='ltr'><strong>datus.</strong></span> 
     </span>
    </p>
   </div>
   <div class='ocr_carea' id='block_1_48' title="bbox 392 3302 1973 3376">
    <p class='ocr_par' dir='ltr' id='par_1_48' title="bbox 392 3302 1973 3376">
     <span class='ocr_line' id='line_1_49' title="bbox 392 3302 1973 3376; baseline -0.005 -14"><span class='ocrx_word' id='word_1_303' title='bbox 392 3306 601 3362; x_wconf 84' lang='lat' dir='ltr'><strong>Deinde</strong></span> <span class='ocrx_word' id='word_1_304' title='bbox 628 3305 894 3376; x_wconf 85' lang='lat' dir='ltr'><strong>quoniam</strong></span> <span class='ocrx_word' id='word_1_305' title='bbox 927 3305 1070 3359; x_wconf 87' lang='lat' dir='ltr'><strong>bono</strong></span> <span class='ocrx_word' id='word_1_306' title='bbox 1122 3303 1359 3370; x_wconf 89' lang='lat' dir='ltr'><strong>primum</strong></span> <span class='ocrx_word' id='word_1_307' title='bbox 1427 3302 1754 3372; x_wconf 81' lang='lat' dir='ltr'><strong>participant</strong></span> <span class='ocrx_word' id='word_1_308' title='bbox 1790 3303 1973 3370; x_wconf 87' lang='lat' dir='ltr'><strong>primi,</strong></span> 
     </span>
    </p>
   </div>
   <div class='ocr_carea' id='block_1_49' title="bbox 390 3392 1975 3468">
    <p class='ocr_par' dir='ltr' id='par_1_49' title="bbox 390 3392 1975 3468">
     <span class='ocr_line' id='line_1_50' title="bbox 390 3392 1975 3468; baseline -0.004 -14"><span class='ocrx_word' id='word_1_309' title='bbox 390 3407 445 3454; x_wconf 91' lang='lat' dir='ltr'><strong>et</strong></span> <span class='ocrx_word' id='word_1_310' title='bbox 473 3398 566 3468; x_wconf 88' lang='lat' dir='ltr'><strong>qui</strong></span> <span class='ocrx_word' id='word_1_311' title='bbox 598 3397 664 3450; x_wconf 85' lang='lat' dir='ltr'><strong>ad</strong></span> <span class='ocrx_word' id='word_1_312' title='bbox 700 3412 797 3451; x_wconf 84' lang='lat' dir='ltr'><strong>eos</strong></span> <span class='ocrx_word' id='word_1_313' title='bbox 826 3395 1092 3466; x_wconf 73' lang='lat' dir='ltr'><strong>dignitate</strong></span> <span class='ocrx_word' id='word_1_314' title='bbox 1130 3409 1229 3448; x_wconf 87' lang='lat' dir='ltr'><strong>sua</strong></span> <span class='ocrx_word' id='word_1_315' title='bbox 1261 3392 1489 3463; x_wconf 86' lang='lat' dir='ltr'><strong>propius</strong></span> <span class='ocrx_word' id='word_1_316' title='bbox 1513 3392 1784 3448; x_wconf 84' lang='lat' dir='ltr'><strong>accedunt</strong></span> <span class='ocrx_word' id='word_1_317' title='bbox 1814 3394 1975 3464; x_wconf 85' lang='lat' dir='ltr'><strong>(ordo</strong></span> 
     </span>
    </p>
   </div>
   <div class='ocr_carea' id='block_1_50' title="bbox 391 3484 1977 3554">
    <p class='ocr_par' dir='ltr' id='par_1_50' title="bbox 391 3484 1977 3554">
     <span class='ocr_line' id='line_1_51' title="bbox 391 3484 1977 3554; baseline -0.003 -10"><span class='ocrx_word' id='word_1_318' title='bbox 391 3489 538 3544; x_wconf 89' lang='lat' dir='ltr'><strong>enim</strong></span> <span class='ocrx_word' id='word_1_319' title='bbox 573 3486 820 3542; x_wconf 85' lang='lat' dir='ltr'><strong>continet</strong></span> <span class='ocrx_word' id='word_1_320' title='bbox 845 3485 1052 3549; x_wconf 84' lang='lat' dir='ltr'><strong>omnia,</strong></span> <span class='ocrx_word' id='word_1_321' title='bbox 1080 3492 1136 3540; x_wconf 91' lang='lat' dir='ltr'><strong>et</strong></span> <span class='ocrx_word' id='word_1_322' title='bbox 1157 3484 1295 3538; x_wconf 91' lang='lat' dir='ltr'><strong>nihil</strong></span> <span class='ocrx_word' id='word_1_323' title='bbox 1328 3493 1416 3540; x_wconf 89' lang='lat' dir='ltr'><strong>est</strong></span> <span class='ocrx_word' id='word_1_324' title='bbox 1468 3485 1614 3540; x_wconf 87' lang='lat' dir='ltr'><strong>bono</strong></span> <span class='ocrx_word' id='word_1_325' title='bbox 1644 3485 1835 3540; x_wconf 85' lang='lat' dir='ltr'><strong>ordine</strong></span> <span class='ocrx_word' id='word_1_326' title='bbox 1884 3500 1977 3554; x_wconf 84' lang='lat' dir='ltr'><strong>pe-</strong></span> 
     </span>
    </p>
   </div>
   <div class='ocr_carea' id='block_1_51' title="bbox 393 3575 1976 3649">
    <p class='ocr_par' dir='ltr' id='par_1_51' title="bbox 393 3575 1976 3649">
     <span class='ocr_line' id='line_1_52' title="bbox 393 3575 1976 3649; baseline -0.003 -13"><span class='ocrx_word' id='word_1_327' title='bbox 393 3582 548 3636; x_wconf 82' lang='lat' dir='ltr'><strong>nitus</strong></span> <span class='ocrx_word' id='word_1_328' title='bbox 579 3579 905 3649; x_wconf 78' lang='lat' dir='ltr'><strong>privatum),</strong></span> <span class='ocrx_word' id='word_1_329' title='bbox 930 3585 1056 3647; x_wconf 91' lang='lat' dir='ltr'><strong>post</strong></span> <span class='ocrx_word' id='word_1_330' title='bbox 1106 3575 1349 3631; x_wconf 86' lang='lat' dir='ltr'><strong>divinam</strong></span> <span class='ocrx_word' id='word_1_331' title='bbox 1407 3578 1851 3633; x_wconf 82' lang='lat' dir='ltr'><strong>communionem</strong></span> <span class='ocrx_word' id='word_1_332' title='bbox 1887 3592 1976 3632; x_wconf 86' lang='lat' dir='ltr'><strong>ar-</strong></span> 
     </span>
    </p>
   </div>
   <div class='ocr_carea' id='block_1_52' title="bbox 394 3667 1971 3741">
    <p class='ocr_par' dir='ltr' id='par_1_52' title="bbox 394 3667 1971 3741">
     <span class='ocr_line' id='line_1_53' title="bbox 394 3667 1971 3741; baseline -0.004 -14"><span class='ocrx_word' id='word_1_333' title='bbox 394 3671 778 3741; x_wconf 77' lang='lat' dir='ltr'><strong>chiepiscopus</strong></span> <span class='ocrx_word' id='word_1_334' title='bbox 810 3671 879 3725; x_wconf 91' lang='lat' dir='ltr'><strong>ad</strong></span> <span class='ocrx_word' id='word_1_335' title='bbox 904 3668 1082 3723; x_wconf 88' lang='lat' dir='ltr'><strong>instar</strong></span> <span class='ocrx_word' id='word_1_336' title='bbox 1111 3667 1417 3724; x_wconf 84' lang='lat' dir='ltr'><strong>Salvatoris</strong></span> <span class='ocrx_word' id='word_1_337' title='bbox 1472 3667 1717 3723; x_wconf 75' lang='lat' dir='ltr'><strong>divinum</strong></span> <span class='ocrx_word' id='word_1_338' title='bbox 1774 3683 1971 3736; x_wconf 89' lang='lat' dir='ltr'><strong>panem</strong></span> 
     </span>
    </p>
   </div>
   <div class='ocr_carea' id='block_1_53' title="bbox 390 3760 1975 3831">
    <p class='ocr_par' dir='ltr' id='par_1_53' title="bbox 390 3760 1975 3831">
     <span class='ocr_line' id='line_1_54' title="bbox 390 3760 1975 3831; baseline -0.003 -11"><span class='ocrx_word' id='word_1_339' title='bbox 390 3764 645 3820; x_wconf 61' lang='lat' dir='ltr'><strong>dixidens</strong></span> <span class='ocrx_word' id='word_1_340' title='bbox 673 3762 932 3817; x_wconf 90' lang='lat' dir='ltr'><strong>omnibus</strong></span> <span class='ocrx_word' id='word_1_341' title='bbox 962 3761 1271 3819; x_wconf 90' lang='lat' dir='ltr'><strong>distribuit.</strong></span> <span class='ocrx_word' id='word_1_342' title='bbox 1296 3760 1598 3817; x_wconf 86' lang='lat' dir='ltr'><strong>Ordinatus</strong></span> <span class='ocrx_word' id='word_1_343' title='bbox 1647 3771 1827 3816; x_wconf 90' lang='lat' dir='ltr'><strong>autem</strong></span> <span class='ocrx_word' id='word_1_344' title='bbox 1858 3763 1975 3831; x_wconf 91' lang='lat' dir='ltr'><strong>epi-</strong></span> 
     </span>
    </p>
   </div>
   <div class='ocr_carea' id='block_1_54' title="bbox 401 3853 1977 3926">
    <p class='ocr_par' dir='ltr' id='par_1_54' title="bbox 401 3853 1977 3926">
     <span class='ocr_line' id='line_1_55' title="bbox 401 3853 1977 3926; baseline -0.004 -11"><span class='ocrx_word' id='word_1_345' title='bbox 401 3872 605 3925; x_wconf 83' lang='lat' dir='ltr'><strong>scopus</strong></span> <span class='ocrx_word' id='word_1_346' title='bbox 634 3856 912 3926; x_wconf 79' lang='lat' dir='ltr'><strong>accipiens</strong></span> <span class='ocrx_word' id='word_1_347' title='bbox 943 3855 1179 3925; x_wconf 90' lang='lat' dir='ltr'><strong>primum</strong></span> <span class='ocrx_word' id='word_1_348' title='bbox 1207 3855 1454 3909; x_wconf 81' lang='lat' dir='ltr'><strong>divinum</strong></span> <span class='ocrx_word' id='word_1_349' title='bbox 1486 3853 1718 3910; x_wconf 88' lang='lat' dir='ltr'><strong>calicem</strong></span> <span class='ocrx_word' id='word_1_350' title='bbox 1740 3870 1865 3909; x_wconf 89' lang='lat' dir='ltr'><strong>cum</strong></span> <span class='ocrx_word' id='word_1_351' title='bbox 1886 3869 1977 3909; x_wconf 87' lang='lat' dir='ltr'><strong>ac-</strong></span> 
     </span>
    </p>
   </div>
   <div class='ocr_carea' id='block_1_55' title="bbox 394 3946 1972 4019">
    <p class='ocr_par' dir='ltr' id='par_1_55' title="bbox 394 3946 1972 4019">
     <span class='ocr_line' id='line_1_56' title="bbox 394 3946 1972 4019; baseline -0.002 -15"><span class='ocrx_word' id='word_1_352' title='bbox 394 3947 722 4005; x_wconf 87' lang='lat' dir='ltr'><strong>cedentibus</strong></span> <span class='ocrx_word' id='word_1_353' title='bbox 750 3947 1029 4019; x_wconf 87' lang='lat' dir='ltr'><strong>episc0pis</strong></span> <span class='ocrx_word' id='word_1_354' title='bbox 1058 3956 1113 4001; x_wconf 90' lang='lat' dir='ltr'><strong>et</strong></span> <span class='ocrx_word' id='word_1_355' title='bbox 1149 3946 1383 4016; x_wconf 87' lang='lat' dir='ltr'><strong>reliquis</strong></span> <span class='ocrx_word' id='word_1_356' title='bbox 1412 3962 1537 4000; x_wconf 90' lang='lat' dir='ltr'><strong>eum</strong></span> <span class='ocrx_word' id='word_1_357' title='bbox 1576 3946 1972 4001; x_wconf 82' lang='lat' dir='ltr'><strong>eotnmuuicat.</strong></span> 
     </span>
    </p>
   </div>
   <div class='ocr_carea' id='block_1_56' title="bbox 396 4038 1973 4108">
    <p class='ocr_par' dir='ltr' id='par_1_56' title="bbox 396 4038 1973 4108">
     <span class='ocr_line' id='line_1_57' title="bbox 396 4038 1973 4108; baseline -0.002 -12"><span class='ocrx_word' id='word_1_358' title='bbox 396 4040 603 4096; x_wconf 85' lang='lat' dir='ltr'><strong>Deinde</strong></span> <span class='ocrx_word' id='word_1_359' title='bbox 634 4039 831 4095; x_wconf 82' lang='lat' dir='ltr'><strong>lavatis</strong></span> <span class='ocrx_word' id='word_1_360' title='bbox 861 4039 1117 4093; x_wconf 82' lang='lat' dir='ltr'><strong>manibus</strong></span> <span class='ocrx_word' id='word_1_361' title='bbox 1186 4054 1404 4093; x_wconf 85' lang='lat' dir='ltr'><strong>sacrum</strong></span> <span class='ocrx_word' id='word_1_362' title='bbox 1463 4038 1776 4094; x_wconf 89' lang='lat' dir='ltr'><strong>autidorum</strong></span> <span class='ocrx_word' id='word_1_363' title='bbox 1813 4038 1973 4108; x_wconf 87' lang='lat' dir='ltr'><strong>jussu</strong></span> 
     </span>
    </p>
   </div>
   <div class='ocr_carea' id='block_1_57' title="bbox 394 4130 1973 4203">
    <p class='ocr_par' dir='ltr' id='par_1_57' title="bbox 394 4130 1973 4203">
     <span class='ocr_line' id='line_1_58' title="bbox 394 4130 1973 4203; baseline 0.001 -18"><span class='ocrx_word' id='word_1_364' title='bbox 394 4130 793 4203; x_wconf 81' lang='lat' dir='ltr'><strong>archiepiscopi</strong></span> <span class='ocrx_word' id='word_1_365' title='bbox 851 4132 1056 4201; x_wconf 90' lang='lat' dir='ltr'><strong>populo</strong></span> <span class='ocrx_word' id='word_1_366' title='bbox 1095 4132 1337 4199; x_wconf 63' lang='lat' dir='ltr'><strong>praebet;</strong></span> <span class='ocrx_word' id='word_1_367' title='bbox 1375 4145 1481 4200; x_wconf 82' lang='lat' dir='ltr'><strong>quo</strong></span> <span class='ocrx_word' id='word_1_368' title='bbox 1523 4132 1632 4200; x_wconf 86' lang='lat' dir='ltr'><strong>jam</strong></span> <span class='ocrx_word' id='word_1_369' title='bbox 1684 4132 1973 4187; x_wconf 84' lang='lat' dir='ltr'><strong>ordinatus</strong></span> 
     </span>
    </p>
   </div>
   <div class='ocr_carea' id='block_1_58' title="bbox 393 4223 1969 4291">
    <p class='ocr_par' dir='ltr' id='par_1_58' title="bbox 393 4223 1969 4291">
     <span class='ocr_line' id='line_1_59' title="bbox 393 4223 1969 4291; baseline -0.001 -12"><span class='ocrx_word' id='word_1_370' title='bbox 393 4225 757 4287; x_wconf 84' lang='lat' dir='ltr'><strong>demonstrat,</strong></span> <span class='ocrx_word' id='word_1_371' title='bbox 789 4229 1103 4283; x_wconf 65' lang='lat' dir='ltr'><strong>attestatur</strong></span> <span class='ocrx_word' id='word_1_372' title='bbox 1136 4224 1334 4289; x_wconf 85' lang='lat' dir='ltr'><strong>populo</strong></span> <span class='ocrx_word' id='word_1_373' title='bbox 1394 4237 1455 4276; x_wconf 89' lang='lat' dir='ltr'><strong>se</strong></span> <span class='ocrx_word' id='word_1_374' title='bbox 1513 4239 1607 4291; x_wconf 80' lang='lat' dir='ltr'><strong>per</strong></span> <span class='ocrx_word' id='word_1_375' title='bbox 1655 4223 1969 4278; x_wconf 86' lang='lat' dir='ltr'><strong>antidorum</strong></span> 
     </span>
    </p>
   </div>
   <div class='ocr_carea' id='block_1_59' title="bbox 395 4315 1648 4372">
    <p class='ocr_par' dir='ltr' id='par_1_59' title="bbox 395 4315 1648 4372">
     <span class='ocr_line' id='line_1_60' title="bbox 395 4315 1648 4372; baseline -0.002 0"><span class='ocrx_word' id='word_1_376' title='bbox 395 4316 890 4372; x_wconf 60' lang='lat' dir='ltr'><strong>sanctiﬁcatione-ut</strong></span> <span class='ocrx_word' id='word_1_377' title='bbox 923 4315 1184 4370; x_wconf 87' lang='lat' dir='ltr'><strong>omnibus</strong></span> <span class='ocrx_word' id='word_1_378' title='bbox 1214 4315 1648 4370; x_wconf 72' lang='lat' dir='ltr'><strong>communicare.</strong></span> 
     </span>
    </p>
   </div>
   <div class='ocr_carea' id='block_1_60' title="bbox 921 4512 1421 4569">
    <p class='ocr_par' dir='ltr' id='par_1_60' title="bbox 921 4512 1421 4569">
     <span class='ocr_line' id='line_1_61' title="bbox 921 4512 1421 4569; baseline -0.004 0"><span class='ocrx_word' id='word_1_379' title='bbox 921 4512 1152 4569; x_wconf 73' lang='lat' dir='ltr'>CAPUT</span> <span class='ocrx_word' id='word_1_380' title='bbox 1189 4512 1421 4569; x_wconf 78' lang='lat' dir='ltr'><strong>CCXVI.</strong></span> 
     </span>
    </p>
   </div>
   <div class='ocr_carea' id='block_1_61' title="bbox 394 4627 1972 4697">
    <p class='ocr_par' dir='ltr' id='par_1_61' title="bbox 394 4627 1972 4697">
     <span class='ocr_line' id='line_1_62' title="bbox 394 4627 1972 4697; baseline 0.001 -15"><span class='ocrx_word' id='word_1_381' title='bbox 394 4631 548 4696; x_wconf 75' lang='lat' dir='ltr'><strong>Quod</strong></span> <span class='ocrx_word' id='word_1_382' title='bbox 596 4632 733 4684; x_wconf 80' lang='lat' dir='ltr'><strong>ritus</strong></span> <span class='ocrx_word' id='word_1_383' title='bbox 766 4630 1063 4697; x_wconf 68' lang='lat' dir='ltr'><strong>epist-apum</strong></span> <span class='ocrx_word' id='word_1_384' title='bbox 1104 4636 1221 4696; x_wconf 78' lang='lat' dir='ltr'><strong>post</strong></span> <span class='ocrx_word' id='word_1_385' title='bbox 1266 4627 1653 4681; x_wconf 76' lang='lat' dir='ltr'><strong>ordinationem</strong></span> <span class='ocrx_word' id='word_1_386' title='bbox 1691 4629 1746 4681; x_wconf 85' lang='lat' dir='ltr'><strong>in</strong></span> <span class='ocrx_word' id='word_1_387' title='bbox 1792 4630 1972 4684; x_wconf 86' lang='lat' dir='ltr'><strong>cathe-</strong></span> 
     </span>
    </p>
   </div>
   <div class='ocr_carea' id='block_1_62' title="bbox 461 4698 1974 4766">
    <p class='ocr_par' dir='ltr' id='par_1_62' title="bbox 461 4698 1974 4766">
     <span class='ocr_line' id='line_1_63' title="bbox 461 4698 1974 4766; baseline 0.002 -15"><span class='ocrx_word' id='word_1_388' title='bbox 461 4702 563 4753; x_wconf 80' lang='lat' dir='ltr'><strong>dra</strong></span> <span class='ocrx_word' id='word_1_389' title='bbox 603 4702 739 4754; x_wconf 79' lang='lat' dir='ltr'><strong>velut</strong></span> <span class='ocrx_word' id='word_1_390' title='bbox 777 4700 965 4754; x_wconf 81' lang='lat' dir='ltr'><strong>throno</strong></span> <span class='ocrx_word' id='word_1_391' title='bbox 1000 4714 1095 4752; x_wconf 81' lang='lat' dir='ltr'><strong>suo</strong></span> <span class='ocrx_word' id='word_1_392' title='bbox 1133 4698 1514 4766; x_wconf 81' lang='lat' dir='ltr'><strong>inaugurandi,</strong></span> <span class='ocrx_word' id='word_1_393' title='bbox 1553 4700 1974 4754; x_wconf 78' lang='lat' dir='ltr'><strong>entltronismum</strong></span> 
     </span>
    </p>
   </div>
   <div class='ocr_carea' id='block_1_63' title="bbox 467 4769 1974 4840">
    <p class='ocr_par' dir='ltr' id='par_1_63' title="bbox 467 4769 1974 4840">
     <span class='ocr_line' id='line_1_64' title="bbox 467 4769 1974 4840; baseline 0 -17"><span class='ocrx_word' id='word_1_394' title='bbox 467 4770 717 4824; x_wconf 65' lang='lat' dir='ltr'><strong>Ecclesiae</strong></span> <span class='ocrx_word' id='word_1_395' title='bbox 749 4774 863 4838; x_wconf 84' lang='lat' dir='ltr'><strong>ejus</strong></span> <span class='ocrx_word' id='word_1_396' title='bbox 907 4769 1124 4834; x_wconf 82' lang='lat' dir='ltr'><strong>indicet,</strong></span> <span class='ocrx_word' id='word_1_397' title='bbox 1162 4769 1252 4839; x_wconf 85' lang='lat' dir='ltr'><strong>qui</strong></span> <span class='ocrx_word' id='word_1_398' title='bbox 1301 4783 1441 4821; x_wconf 85' lang='lat' dir='ltr'><strong>nunc</strong></span> <span class='ocrx_word' id='word_1_399' title='bbox 1486 4779 1700 4838; x_wconf 82' lang='lat' dir='ltr'><strong>propter</strong></span> <span class='ocrx_word' id='word_1_400' title='bbox 1738 4772 1974 4840; x_wconf 82' lang='lat' dir='ltr'><strong>gentium</strong></span> 
     </span>
    </p>
   </div>
   <div class='ocr_carea' id='block_1_64' title="bbox 467 4840 976 4908">
    <p class='ocr_par' dir='ltr' id='par_1_64' title="bbox 467 4840 976 4908">
     <span class='ocr_line' id='line_1_65' title="bbox 467 4840 976 4908; baseline -0.002 -15"><span class='ocrx_word' id='word_1_401' title='bbox 467 4840 699 4908; x_wconf 81' lang='lat' dir='ltr'><strong>injurias</strong></span> <span class='ocrx_word' id='word_1_402' title='bbox 730 4842 976 4892; x_wconf 82' lang='lat' dir='ltr'><strong>cessavit.</strong></span> 
     </span>
    </p>
   </div>
   <div class='ocr_carea' id='block_1_65' title="bbox 356 4954 1972 5031">
    <p class='ocr_par' dir='ltr' id='par_1_65' title="bbox 356 4954 1972 5031">
     <span class='ocr_line' id='line_1_66' title="bbox 356 4954 1972 5031; baseline 0.006 -25"><span class='ocrx_word' id='word_1_403' title='bbox 356 5025 361 5031; x_wconf 15' lang='grc' dir='ltr'><em>ῃ</em></span> <span class='ocrx_word' id='word_1_404' title='bbox 467 4956 659 5009; x_wconf 81' lang='lat' dir='ltr'><strong>Postea</strong></span> <span class='ocrx_word' id='word_1_405' title='bbox 688 4954 741 5008; x_wconf 89' lang='lat' dir='ltr'><strong>in</strong></span> <span class='ocrx_word' id='word_1_406' title='bbox 776 4968 882 5007; x_wconf 91' lang='lat' dir='ltr'><strong>una</strong></span> <span class='ocrx_word' id='word_1_407' title='bbox 915 4954 1101 5023; x_wconf 87' lang='lat' dir='ltr'><strong>templi</strong></span> <span class='ocrx_word' id='word_1_408' title='bbox 1130 4961 1284 5024; x_wconf 88' lang='lat' dir='ltr'><strong>parte</strong></span> <span class='ocrx_word' id='word_1_409' title='bbox 1330 4972 1526 5012; x_wconf 84' lang='lat' dir='ltr'><strong>versus</strong></span> <span class='ocrx_word' id='word_1_410' title='bbox 1573 4960 1855 5026; x_wconf 87' lang='lat' dir='ltr'><strong>prothesin</strong></span> <span class='ocrx_word' id='word_1_411' title='bbox 1920 4962 1972 5015; x_wconf 89' lang='lat' dir='ltr'><strong>in</strong></span> 
     </span>
    </p>
   </div>
   <div class='ocr_carea' id='block_1_66' title="bbox 396 5044 1971 5119">
    <p class='ocr_par' dir='ltr' id='par_1_66' title="bbox 396 5044 1971 5119">
     <span class='ocr_line' id='line_1_67' title="bbox 396 5044 1971 5119; baseline 0.004 -17"><span class='ocrx_word' id='word_1_412' title='bbox 396 5046 659 5102; x_wconf 84' lang='lat' dir='ltr'><strong>cathedra</strong></span> <span class='ocrx_word' id='word_1_413' title='bbox 693 5044 996 5114; x_wconf 68' lang='lat' dir='ltr'><strong>episcopali</strong></span> <span class='ocrx_word' id='word_1_414' title='bbox 1046 5045 1478 5112; x_wconf 82' lang='lat' dir='ltr'><strong>inthronizatur,</strong></span> <span class='ocrx_word' id='word_1_415' title='bbox 1537 5061 1843 5119; x_wconf 58' lang='lat' dir='ltr'><strong>praeparato</strong></span> <span class='ocrx_word' id='word_1_416' title='bbox 1897 5053 1971 5107; x_wconf 89' lang='lat' dir='ltr'><strong>ibi</strong></span> 
     </span>
    </p>
   </div>
   <div class='ocr_carea' id='block_1_67' title="bbox 397 5135 1973 5206">
    <p class='ocr_par' dir='ltr' id='par_1_67' title="bbox 397 5135 1973 5206">
     <span class='ocr_line' id='line_1_68' title="bbox 397 5135 1973 5206; baseline 0.003 -13"><span class='ocrx_word' id='word_1_417' title='bbox 397 5141 599 5193; x_wconf 89' lang='lat' dir='ltr'><strong>throno</strong></span> <span class='ocrx_word' id='word_1_418' title='bbox 626 5138 680 5192; x_wconf 91' lang='lat' dir='ltr'><strong>in</strong></span> <span class='ocrx_word' id='word_1_419' title='bbox 719 5135 949 5206; x_wconf 79' lang='lat' dir='ltr'><strong>ﬁguram</strong></span> <span class='ocrx_word' id='word_1_420' title='bbox 987 5145 1041 5190; x_wconf 89' lang='lat' dir='ltr'><strong>et</strong></span> <span class='ocrx_word' id='word_1_421' title='bbox 1072 5145 1461 5206; x_wconf 79' lang='lat' dir='ltr'><strong>argumentum</strong></span> <span class='ocrx_word' id='word_1_422' title='bbox 1493 5141 1858 5199; x_wconf 90' lang='lat' dir='ltr'><strong>enthronismi</strong></span> <span class='ocrx_word' id='word_1_423' title='bbox 1917 5143 1973 5197; x_wconf 91' lang='lat' dir='ltr'><strong>in</strong></span> 
     </span>
    </p>
   </div>
   <div class='ocr_carea' id='block_1_68' title="bbox 398 5228 1970 5304">
    <p class='ocr_par' dir='ltr' id='par_1_68' title="bbox 398 5228 1970 5304">
     <span class='ocr_line' id='line_1_69' title="bbox 398 5228 1970 5304; baseline 0.003 -19"><span class='ocrx_word' id='word_1_424' title='bbox 398 5231 698 5287; x_wconf 60' lang='lat' dir='ltr'><strong>Ecclesium</strong></span> <span class='ocrx_word' id='word_1_425' title='bbox 744 5243 922 5285; x_wconf 84' lang='lat' dir='ltr'><strong>suam.</strong></span> <span class='ocrx_word' id='word_1_426' title='bbox 956 5228 1381 5284; x_wconf 81' lang='lat' dir='ltr'><strong>Euthrouismus</strong></span> <span class='ocrx_word' id='word_1_427' title='bbox 1418 5232 1506 5286; x_wconf 89' lang='lat' dir='ltr'><strong>ille</strong></span> <span class='ocrx_word' id='word_1_428' title='bbox 1534 5235 1827 5304; x_wconf 87' lang='lat' dir='ltr'><strong>magniﬁco</strong></span> <span class='ocrx_word' id='word_1_429' title='bbox 1848 5251 1970 5291; x_wconf 87' lang='lat' dir='ltr'><strong>eum</strong></span> 
     </span>
    </p>
   </div>
   <div class='ocr_carea' id='block_1_69' title="bbox 398 5320 1972 5393">
    <p class='ocr_par' dir='ltr' id='par_1_69' title="bbox 398 5320 1972 5393">
     <span class='ocr_line' id='line_1_70' title="bbox 398 5320 1972 5393; baseline 0.003 -15"><span class='ocrx_word' id='word_1_430' title='bbox 398 5333 687 5393; x_wconf 84' lang='lat' dir='ltr'><strong>apparatu,</strong></span> <span class='ocrx_word' id='word_1_431' title='bbox 719 5332 778 5376; x_wconf 89' lang='lat' dir='ltr'><strong>ut</strong></span> <span class='ocrx_word' id='word_1_432' title='bbox 811 5336 956 5375; x_wconf 90' lang='lat' dir='ltr'><strong>nunc</strong></span> <span class='ocrx_word' id='word_1_433' title='bbox 988 5320 1341 5390; x_wconf 63' lang='lat' dir='ltr'><strong>patriarchae,</strong></span> <span class='ocrx_word' id='word_1_434' title='bbox 1366 5323 1520 5393; x_wconf 84' lang='lat' dir='ltr'><strong>prius</strong></span> <span class='ocrx_word' id='word_1_435' title='bbox 1572 5326 1688 5382; x_wconf 90' lang='lat' dir='ltr'><strong>ﬁeri</strong></span> <span class='ocrx_word' id='word_1_436' title='bbox 1740 5327 1972 5393; x_wconf 87' lang='lat' dir='ltr'><strong>solebat,</strong></span> 
     </span>
    </p>
   </div>
   <div class='ocr_carea' id='block_1_70' title="bbox 397 5413 1973 5486">
    <p class='ocr_par' dir='ltr' id='par_1_70' title="bbox 397 5413 1973 5486">
     <span class='ocr_line' id='line_1_71' title="bbox 397 5413 1973 5486; baseline -0.003 -16"><span class='ocrx_word' id='word_1_437' title='bbox 397 5420 543 5470; x_wconf 82' lang='lat' dir='ltr'><strong>circa</strong></span> <span class='ocrx_word' id='word_1_438' title='bbox 575 5414 876 5469; x_wconf 86' lang='lat' dir='ltr'><strong>Eeclesiam</strong></span> <span class='ocrx_word' id='word_1_439' title='bbox 912 5413 1326 5469; x_wconf 89' lang='lat' dir='ltr'><strong>inthronizandi</strong></span> <span class='ocrx_word' id='word_1_440' title='bbox 1364 5418 1633 5486; x_wconf 86' lang='lat' dir='ltr'><strong>episcopi,</strong></span> <span class='ocrx_word' id='word_1_441' title='bbox 1697 5437 1973 5479; x_wconf 79' lang='lat' dir='ltr'><strong>convoca-</strong></span> 
     </span>
    </p>
   </div>
   <div class='ocr_carea' id='block_1_71' title="bbox 398 5503 1971 5577">
    <p class='ocr_par' dir='ltr' id='par_1_71' title="bbox 398 5503 1971 5577">
     <span class='ocr_line' id='line_1_72' title="bbox 398 5503 1971 5577; baseline 0.006 -16"><span class='ocrx_word' id='word_1_442' title='bbox 398 5510 468 5561; x_wconf 84' lang='lat' dir='ltr'><strong>tis</strong></span> <span class='ocrx_word' id='word_1_443' title='bbox 486 5523 582 5577; x_wconf 89' lang='lat' dir='ltr'><strong>per</strong></span> <span class='ocrx_word' id='word_1_444' title='bbox 606 5506 815 5560; x_wconf 88' lang='lat' dir='ltr'><strong>litteras</strong></span> <span class='ocrx_word' id='word_1_445' title='bbox 832 5503 1259 5574; x_wconf 69' lang='lat' dir='ltr'><strong>archiepiscopis</strong></span> <span class='ocrx_word' id='word_1_446' title='bbox 1276 5506 1339 5561; x_wconf 87' lang='lat' dir='ltr'><strong>ad</strong></span> <span class='ocrx_word' id='word_1_447' title='bbox 1366 5510 1509 5565; x_wconf 89' lang='lat' dir='ltr'><strong>hunc</strong></span> <span class='ocrx_word' id='word_1_448' title='bbox 1534 5513 1971 5569; x_wconf 87' lang='lat' dir='ltr'><strong>enthronismum</strong></span> 
     </span>
    </p>
   </div>
   <div class='ocr_carea' id='block_1_72' title="bbox 394 5598 1974 5673">
    <p class='ocr_par' dir='ltr' id='par_1_72' title="bbox 394 5598 1974 5673">
     <span class='ocr_line' id='line_1_73' title="bbox 394 5598 1974 5673; baseline 0.003 -16"><span class='ocrx_word' id='word_1_449' title='bbox 394 5600 780 5657; x_wconf 82' lang='lat' dir='ltr'><strong>celebrandum</strong></span> <span class='ocrx_word' id='word_1_450' title='bbox 815 5598 1115 5668; x_wconf 61' lang='lat' dir='ltr'><strong>provinciae</strong></span> <span class='ocrx_word' id='word_1_451' title='bbox 1166 5601 1434 5673; x_wconf 86' lang='lat' dir='ltr'><strong>episcopi.</strong></span> <span class='ocrx_word' id='word_1_452' title='bbox 1490 5602 1644 5659; x_wconf 82' lang='lat' dir='ltr'><strong>Nune</strong></span> <span class='ocrx_word' id='word_1_453' title='bbox 1674 5622 1802 5661; x_wconf 85' lang='lat' dir='ltr'><strong>vero</strong></span> <span class='ocrx_word' id='word_1_454' title='bbox 1850 5609 1974 5663; x_wconf 61' lang='lat' dir='ltr'><strong>bar.</strong></span> 
     </span>
    </p>
   </div>
   <div class='ocr_carea' id='block_1_73' title="bbox 396 5688 1972 5763">
    <p class='ocr_par' dir='ltr' id='par_1_73' title="bbox 396 5688 1972 5763">
     <span class='ocr_line' id='line_1_74' title="bbox 396 5688 1972 5763; baseline 0.004 -15"><span class='ocrx_word' id='word_1_455' title='bbox 396 5693 655 5748; x_wconf 86' lang='lat' dir='ltr'><strong>barorum</strong></span> <span class='ocrx_word' id='word_1_456' title='bbox 694 5688 1130 5756; x_wconf 86' lang='lat' dir='ltr'><strong>incursionibus,</strong></span> <span class='ocrx_word' id='word_1_457' title='bbox 1166 5701 1222 5746; x_wconf 89' lang='lat' dir='ltr'><strong>et</strong></span> <span class='ocrx_word' id='word_1_458' title='bbox 1251 5692 1633 5763; x_wconf 82' lang='lat' dir='ltr'><strong>ingruentibus</strong></span> <span class='ocrx_word' id='word_1_459' title='bbox 1681 5698 1732 5750; x_wconf 93' lang='lat' dir='ltr'><strong>in</strong></span> <span class='ocrx_word' id='word_1_460' title='bbox 1781 5697 1972 5753; x_wconf 83' lang='lat' dir='ltr'><strong>Eccle-</strong></span> 
     </span>
    </p>
   </div>
   <div class='ocr_carea' id='block_1_74' title="bbox 400 5782 1970 5853">
    <p class='ocr_par' dir='ltr' id='par_1_74' title="bbox 400 5782 1970 5853">
     <span class='ocr_line' id='line_1_75' title="bbox 400 5782 1970 5853; baseline 0.005 -12"><span class='ocrx_word' id='word_1_461' title='bbox 400 5787 512 5841; x_wconf 82' lang='lat' dir='ltr'><strong>sias</strong></span> <span class='ocrx_word' id='word_1_462' title='bbox 568 5782 955 5838; x_wconf 85' lang='lat' dir='ltr'><strong>tentationibus</strong></span> <span class='ocrx_word' id='word_1_463' title='bbox 1007 5792 1062 5838; x_wconf 86' lang='lat' dir='ltr'><strong>et</strong></span> <span class='ocrx_word' id='word_1_464' title='bbox 1110 5785 1643 5853; x_wconf 81' lang='lat' dir='ltr'><strong>perturbationibus,</strong></span> <span class='ocrx_word' id='word_1_465' title='bbox 1681 5791 1970 5849; x_wconf 79' lang='lat' dir='ltr'><strong>celebritas</strong></span> 
     </span>
    </p>
   </div>
   <div class='ocr_carea' id='block_1_75' title="bbox 2081 1745 3919 1824">
    <p class='ocr_par' dir='ltr' id='par_1_75' title="bbox 2081 1745 3919 1824">
     <span class='ocr_line' id='line_1_76' title="bbox 2081 1745 3919 1824; baseline 0.007 -26"><span class='ocrx_word' id='word_1_466' title='bbox 2081 1745 2291 1811; x_wconf 89' lang='grc' dir='ltr'><strong>στόλου,</strong></span> <span class='ocrx_word' id='word_1_467' title='bbox 2345 1748 2621 1818; x_wconf 83' lang='grc' dir='ltr'><strong>είρηνεύει</strong></span> <span class='ocrx_word' id='word_1_468' title='bbox 2654 1749 2748 1804; x_wconf 78' lang='grc' dir='ltr'><strong>τὸν</strong></span> <span class='ocrx_word' id='word_1_469' title='bbox 2783 1751 3110 1819; x_wconf 82' lang='grc' dir='ltr'><strong>ἀναγνόντα,</strong></span> <span class='ocrx_word' id='word_1_470' title='bbox 3145 1753 3217 1808; x_wconf 81' lang='grc' dir='ltr'><strong>τὰ</strong></span> <span class='ocrx_word' id='word_1_471' title='bbox 3251 1754 3532 1824; x_wconf 78' lang='grc' dir='ltr'><strong>δευτερεῖα</strong></span> <span class='ocrx_word' id='word_1_472' title='bbox 3566 1754 3666 1823; x_wconf 76' lang='grc' dir='ltr'><strong>φέ-</strong></span> <span class='ocrx_word' id='word_1_473' title='bbox 3894 1785 3919 1821; x_wconf 69' lang='grc' dir='ltr'><strong>ρ</strong></span> 
     </span>
    </p>
   </div>
   <div class='ocr_carea' id='block_1_76' title="bbox 2086 1836 3664 1915">
    <p class='ocr_par' dir='ltr' id='par_1_76' title="bbox 2086 1836 3664 1915">
     <span class='ocr_line' id='line_1_77' title="bbox 2086 1836 3664 1915; baseline 0.009 -29"><span class='ocrx_word' id='word_1_474' title='bbox 2086 1853 2195 1903; x_wconf 81' lang='grc' dir='ltr'><strong>ρων</strong></span> <span class='ocrx_word' id='word_1_475' title='bbox 2219 1836 2315 1890; x_wconf 85' lang='grc' dir='ltr'><strong>τοῦ</strong></span> <span class='ocrx_word' id='word_1_476' title='bbox 2348 1839 2805 1908; x_wconf 82' lang='grc' dir='ltr'><strong>ἀρχιεπισκόπου.</strong></span> <span class='ocrx_word' id='word_1_477' title='bbox 2837 1842 3008 1908; x_wconf 81' lang='grc' dir='ltr'><strong>Αὐτὸς</strong></span> <span class='ocrx_word' id='word_1_478' title='bbox 3034 1844 3145 1915; x_wconf 80' lang='grc' dir='ltr'><strong>γὰρ</strong></span> <span class='ocrx_word' id='word_1_479' title='bbox 3172 1844 3200 1895; x_wconf 87' lang='grc' dir='ltr'><strong>ό</strong></span> <span class='ocrx_word' id='word_1_480' title='bbox 3229 1844 3664 1914; x_wconf 81' lang='grc' dir='ltr'><strong>ἀρχιεπίσκοπος</strong></span> 
     </span>
    </p>
   </div>
   <div class='ocr_carea' id='block_1_77' title="bbox 2085 1927 3670 2006">
    <p class='ocr_par' dir='ltr' id='par_1_77' title="bbox 2085 1927 3670 2006">
     <span class='ocr_line' id='line_1_78' title="bbox 2085 1927 3670 2006; baseline 0.006 -26"><span class='ocrx_word' id='word_1_481' title='bbox 2085 1927 2144 1981; x_wconf 86' lang='grc' dir='ltr'><strong>τὸ</strong></span> <span class='ocrx_word' id='word_1_482' title='bbox 2178 1928 2511 1997; x_wconf 80' lang='grc' dir='ltr'><strong>Εὑαγγέλιον</strong></span> <span class='ocrx_word' id='word_1_483' title='bbox 2544 1931 2838 2001; x_wconf 78' lang='grc' dir='ltr'><strong>είρηνεύει.</strong></span> <span class='ocrx_word' id='word_1_484' title='bbox 2874 1935 2985 1988; x_wconf 79' lang='grc' dir='ltr'><strong>Καὶ</strong></span> <span class='ocrx_word' id='word_1_485' title='bbox 3019 1934 3165 1988; x_wconf 81' lang='grc' dir='ltr'><strong>οὕτω</strong></span> <span class='ocrx_word' id='word_1_486' title='bbox 3201 1936 3303 2006; x_wconf 72' lang='grc' dir='ltr'><strong>μὲν</strong></span> <span class='ocrx_word' id='word_1_487' title='bbox 3331 1938 3364 2005; x_wconf 78' lang='grc' dir='ltr'><strong>ἡ</strong></span> <span class='ocrx_word' id='word_1_488' title='bbox 3404 1934 3525 1990; x_wconf 87' lang='grc' dir='ltr'><strong>θεία</strong></span> <span class='ocrx_word' id='word_1_489' title='bbox 3558 1936 3670 1990; x_wconf 73' lang='grc' dir='ltr'><strong>λιι-</strong></span> 
     </span>
    </p>
   </div>
   <div class='ocr_carea' id='block_1_78' title="bbox 2084 2022 3670 2098">
    <p class='ocr_par' dir='ltr' id='par_1_78' title="bbox 2084 2022 3670 2098">
     <span class='ocr_line' id='line_1_79' title="bbox 2084 2022 3670 2098; baseline 0.006 -25"><span class='ocrx_word' id='word_1_490' title='bbox 2084 2022 2314 2092; x_wconf 81' lang='grc' dir='ltr'><strong>τουργία</strong></span> <span class='ocrx_word' id='word_1_491' title='bbox 2339 2022 2594 2089; x_wconf 85' lang='grc' dir='ltr'><strong>τελεῖται,</strong></span> <span class='ocrx_word' id='word_1_492' title='bbox 2622 2025 2916 2094; x_wconf 78' lang='grc' dir='ltr'><strong>ἱσταμένου</strong></span> <span class='ocrx_word' id='word_1_493' title='bbox 2946 2026 3052 2097; x_wconf 81' lang='grc' dir='ltr'><strong>πρὸ</strong></span> <span class='ocrx_word' id='word_1_494' title='bbox 3079 2027 3298 2081; x_wconf 77' lang='grc' dir='ltr'><strong>πάντων</strong></span> <span class='ocrx_word' id='word_1_495' title='bbox 3326 2027 3670 2098; x_wconf 86' lang='grc' dir='ltr'><strong>συλλειτουρ-</strong></span> 
     </span>
    </p>
   </div>
   <div class='ocr_carea' id='block_1_79' title="bbox 2083 2112 3667 2189">
    <p class='ocr_par' dir='ltr' id='par_1_79' title="bbox 2083 2112 3667 2189">
     <span class='ocr_line' id='line_1_80' title="bbox 2083 2112 3667 2189; baseline 0.006 -25"><span class='ocrx_word' id='word_1_496' title='bbox 2083 2112 2325 2179; x_wconf 82' lang='grc' dir='ltr'><strong>γούντων</strong></span> <span class='ocrx_word' id='word_1_497' title='bbox 2369 2114 2687 2171; x_wconf 75' lang='grc' dir='ltr'><strong>ἐπισκόπων</strong></span> <span class='ocrx_word' id='word_1_498' title='bbox 2729 2117 2828 2172; x_wconf 85' lang='grc' dir='ltr'><strong>τοῦ</strong></span> <span class='ocrx_word' id='word_1_499' title='bbox 2873 2117 3382 2189; x_wconf 81' lang='grc' dir='ltr'><strong>χειροτονηθέντος,</strong></span> <span class='ocrx_word' id='word_1_500' title='bbox 3425 2120 3521 2174; x_wconf 77' lang='grc' dir='ltr'><strong>καὶ</strong></span> <span class='ocrx_word' id='word_1_501' title='bbox 3561 2119 3667 2187; x_wconf 72' lang='grc' dir='ltr'><strong>τὴν</strong></span> 
     </span>
    </p>
   </div>
   <div class='ocr_carea' id='block_1_80' title="bbox 2084 2205 3671 2283">
    <p class='ocr_par' dir='ltr' id='par_1_80' title="bbox 2084 2205 3671 2283">
     <span class='ocr_line' id='line_1_81' title="bbox 2084 2205 3671 2283; baseline 0.001 -23"><span class='ocrx_word' id='word_1_502' title='bbox 2084 2205 2310 2275; x_wconf 83' lang='grc' dir='ltr'><strong>πρώτην</strong></span> <span class='ocrx_word' id='word_1_503' title='bbox 2341 2208 2650 2280; x_wconf 82' lang='grc' dir='ltr'><strong>ὲκφώνησιν</strong></span> <span class='ocrx_word' id='word_1_504' title='bbox 2675 2209 2777 2280; x_wconf 82' lang='grc' dir='ltr'><strong>τῆς</strong></span> <span class='ocrx_word' id='word_1_505' title='bbox 2805 2209 2972 2283; x_wconf 82' lang='grc' dir='ltr'><strong>εὐχῆς</strong></span> <span class='ocrx_word' id='word_1_506' title='bbox 2996 2212 3104 2265; x_wconf 83' lang='grc' dir='ltr'><strong>τῶν</strong></span> <span class='ocrx_word' id='word_1_507' title='bbox 3131 2212 3556 2282; x_wconf 78' lang='grc' dir='ltr'><strong>κατηχουμένων</strong></span> <span class='ocrx_word' id='word_1_508' title='bbox 3580 2210 3671 2263; x_wconf 81' lang='grc' dir='ltr'><strong>λέ-</strong></span> 
     </span>
    </p>
   </div>
   <div class='ocr_carea' id='block_1_81' title="bbox 2083 2298 3336 2372">
    <p class='ocr_par' dir='ltr' id='par_1_81' title="bbox 2083 2298 3336 2372">
     <span class='ocr_line' id='line_1_82' title="bbox 2083 2298 3336 2372; baseline 0.006 -23"><span class='ocrx_word' id='word_1_509' title='bbox 2083 2314 2295 2364; x_wconf 84' lang='grc' dir='ltr'><strong>γοντος,</strong></span> <span class='ocrx_word' id='word_1_510' title='bbox 2323 2301 2418 2353; x_wconf 78' lang='grc' dir='ltr'><strong>καὶ</strong></span> <span class='ocrx_word' id='word_1_511' title='bbox 2446 2299 2544 2364; x_wconf 83' lang='grc' dir='ltr'><strong>τὰς</strong></span> <span class='ocrx_word' id='word_1_512' title='bbox 2575 2298 2774 2365; x_wconf 85' lang='grc' dir='ltr'><strong>λοιπὰς</strong></span> <span class='ocrx_word' id='word_1_513' title='bbox 2804 2303 2972 2372; x_wconf 78' lang='grc' dir='ltr'><strong>εὐχὰς</strong></span> <span class='ocrx_word' id='word_1_514' title='bbox 3000 2301 3336 2366; x_wconf 84' lang='grc' dir='ltr'><strong>ἀκολούθως.</strong></span> 
     </span>
    </p>
   </div>
   <div class='ocr_carea' id='block_1_82' title="bbox 2638 2413 3100 2471">
    <p class='ocr_par' dir='ltr' id='par_1_82' title="bbox 2638 2413 3100 2471">
     <span class='ocr_line' id='line_1_83' title="bbox 2638 2413 3100 2471; baseline 0.009 -4"><span class='ocrx_word' id='word_1_515' title='bbox 2638 2414 2893 2470; x_wconf 73' lang='grc' dir='ltr'><strong>ΚΕΦᾹΔ.</strong></span> <span class='ocrx_word' id='word_1_516' title='bbox 2956 2413 3100 2471; x_wconf 83' lang='grc' dir='ltr'><strong>ΣῐΕ’.</strong></span> 
     </span>
    </p>
   </div>
   <div class='ocr_carea' id='block_1_83' title="bbox 2083 2502 3668 2579">
    <p class='ocr_par' dir='ltr' id='par_1_83' title="bbox 2083 2502 3668 2579">
     <span class='ocr_line' id='line_1_84' title="bbox 2083 2502 3668 2579; baseline 0.006 -24"><span class='ocrx_word' id='word_1_517' title='bbox 2083 2502 2283 2567; x_wconf 83' lang='grc' dir='ltr'><strong>Ὅπως</strong></span> <span class='ocrx_word' id='word_1_518' title='bbox 2312 2505 2424 2579; x_wconf 62' lang='grc' dir='ltr'><strong>καὶ</strong></span> <span class='ocrx_word' id='word_1_519' title='bbox 2453 2505 2531 2579; x_wconf 55' lang='grc' dir='ltr'><strong>ἐν</strong></span> <span class='ocrx_word' id='word_1_520' title='bbox 2563 2505 2639 2574; x_wconf 77' lang='grc' dir='ltr'><strong>τῇ</strong></span> <span class='ocrx_word' id='word_1_521' title='bbox 2680 2507 3072 2579; x_wconf 30' lang='grc' dir='ltr'><strong>κοικωνίᾳέτὰ</strong></span> <span class='ocrx_word' id='word_1_522' title='bbox 3107 2509 3366 2577; x_wconf 75' lang='grc' dir='ltr'><strong>πρωτεῖα</strong></span> <span class='ocrx_word' id='word_1_523' title='bbox 3402 2512 3437 2564; x_wconf 83' lang='lat' dir='ltr'><strong>d</strong></span> <span class='ocrx_word' id='word_1_524' title='bbox 3474 2526 3668 2579; x_wconf 81' lang='grc' dir='ltr'><strong>χειρο-</strong></span> 
     </span>
    </p>
   </div>
   <div class='ocr_carea' id='block_1_84' title="bbox 2141 2566 3599 2650">
    <p class='ocr_par' dir='ltr' id='par_1_84' title="bbox 2141 2566 3599 2650">
     <span class='ocr_line' id='line_1_85' title="bbox 2141 2566 3599 2650; baseline 0.008 -25"><span class='ocrx_word' id='word_1_525' title='bbox 2141 2566 2417 2640; x_wconf 76' lang='grc' dir='ltr'><strong>τονὴθεὶς</strong></span> <span class='ocrx_word' id='word_1_526' title='bbox 2443 2575 2569 2645; x_wconf 76' lang='grc' dir='ltr'><strong>ἔχει</strong></span> <span class='ocrx_word' id='word_1_527' title='bbox 2595 2566 2744 2631; x_wconf 69' lang='grc' dir='ltr'><strong>·”καί</strong></span> <span class='ocrx_word' id='word_1_528' title='bbox 2775 2566 3002 2647; x_wconf 69' lang='grc' dir='ltr'><strong>ὅπωςίῆ</strong></span> <span class='ocrx_word' id='word_1_529' title='bbox 3034 2566 3318 2634; x_wconf 60' lang='grc' dir='ltr'><strong>κοιῦωνία</strong></span> <span class='ocrx_word' id='word_1_530' title='bbox 3349 2566 3599 2650; x_wconf 48' lang='lat' dir='ltr'><strong>Tir-sati.</strong></span> 
     </span>
    </p>
   </div>
   <div class='ocr_carea' id='block_1_85' title="bbox 2170 2665 3664 2746">
    <p class='ocr_par' dir='ltr' id='par_1_85' title="bbox 2170 2665 3664 2746">
     <span class='ocr_line' id='line_1_86' title="bbox 2170 2665 3664 2746; baseline 0.007 -27"><span class='ocrx_word' id='word_1_531' title='bbox 2170 2665 2257 2719; x_wconf 87' lang='grc' dir='ltr'><strong>Ἐν</strong></span> <span class='ocrx_word' id='word_1_532' title='bbox 2284 2667 2341 2720; x_wconf 81' lang='grc' dir='ltr'><strong>δὲ</strong></span> <span class='ocrx_word' id='word_1_533' title='bbox 2369 2668 2436 2740; x_wconf 85' lang='grc' dir='ltr'><strong>τῇ</strong></span> <span class='ocrx_word' id='word_1_534' title='bbox 2469 2668 2592 2740; x_wconf 83' lang='grc' dir='ltr'><strong>θείᾳ</strong></span> <span class='ocrx_word' id='word_1_535' title='bbox 2623 2671 2925 2743; x_wconf 79' lang='grc' dir='ltr'><strong>μεταλήψει</strong></span> <span class='ocrx_word' id='word_1_536' title='bbox 2957 2672 3176 2744; x_wconf 84' lang='grc' dir='ltr'><strong>πρώτου</strong></span> <span class='ocrx_word' id='word_1_537' title='bbox 3207 2677 3301 2729; x_wconf 79' lang='grc' dir='ltr'><strong>τὸν</strong></span> <span class='ocrx_word' id='word_1_538' title='bbox 3330 2675 3470 2730; x_wconf 79' lang='grc' dir='ltr'><strong>θεῖον</strong></span> <span class='ocrx_word' id='word_1_539' title='bbox 3497 2677 3664 2746; x_wconf 73' lang='grc' dir='ltr'><strong>ἄρτον</strong></span> 
     </span>
    </p>
   </div>
   <div class='ocr_carea' id='block_1_86' title="bbox 2080 2760 3665 2836">
    <p class='ocr_par' dir='ltr' id='par_1_86' title="bbox 2080 2760 3665 2836">
     <span class='ocr_line' id='line_1_87' title="bbox 2080 2760 3665 2836; baseline 0.008 -26"><span class='ocrx_word' id='word_1_540' title='bbox 2080 2760 2200 2822; x_wconf 84' lang='grc' dir='ltr'><strong>ταῖς</strong></span> <span class='ocrx_word' id='word_1_541' title='bbox 2251 2760 2409 2828; x_wconf 74' lang='grc' dir='ltr'><strong>χερσὶ</strong></span> <span class='ocrx_word' id='word_1_542' title='bbox 2459 2760 2614 2831; x_wconf 85' lang='grc' dir='ltr'><strong>παρά</strong></span> <span class='ocrx_word' id='word_1_543' title='bbox 2662 2762 2756 2815; x_wconf 89' lang='grc' dir='ltr'><strong>τοῦ</strong></span> <span class='ocrx_word' id='word_1_544' title='bbox 2806 2763 3243 2835; x_wconf 85' lang='grc' dir='ltr'><strong>ἀρχιεπισκόπου</strong></span> <span class='ocrx_word' id='word_1_545' title='bbox 3293 2767 3665 2836; x_wconf 77' lang='grc' dir='ltr'><strong>λαμὸἀνοντος</strong></span> 
     </span>
    </p>
   </div>
   <div class='ocr_carea' id='block_1_87' title="bbox 2080 2852 3664 2931">
    <p class='ocr_par' dir='ltr' id='par_1_87' title="bbox 2080 2852 3664 2931">
     <span class='ocr_line' id='line_1_88' title="bbox 2080 2852 3664 2931; baseline 0.007 -28"><span class='ocrx_word' id='word_1_546' title='bbox 2080 2852 2176 2904; x_wconf 74' lang='grc' dir='ltr'><strong>καὶ</strong></span> <span class='ocrx_word' id='word_1_547' title='bbox 2219 2853 2317 2905; x_wconf 85' lang='grc' dir='ltr'><strong>σὺν</strong></span> <span class='ocrx_word' id='word_1_548' title='bbox 2361 2853 2513 2922; x_wconf 86' lang='grc' dir='ltr'><strong>αὐτῷ</strong></span> <span class='ocrx_word' id='word_1_549' title='bbox 2556 2855 2966 2924; x_wconf 86' lang='grc' dir='ltr'><strong>κοινωνοῦντος,</strong></span> <span class='ocrx_word' id='word_1_550' title='bbox 3007 2853 3130 2914; x_wconf 70' lang='grc' dir='ltr'><strong>εἶτα</strong></span> <span class='ocrx_word' id='word_1_551' title='bbox 3172 2862 3546 2929; x_wconf 80' lang='grc' dir='ltr'><strong>μεταδιδόντος</strong></span> <span class='ocrx_word' id='word_1_552' title='bbox 3584 2862 3664 2931; x_wconf 75' lang='grc' dir='ltr'><strong>τῷ</strong></span> 
     </span>
    </p>
   </div>
   <div class='ocr_carea' id='block_1_88' title="bbox 2079 2944 3665 3024">
    <p class='ocr_par' dir='ltr' id='par_1_88' title="bbox 2079 2944 3665 3024">
     <span class='ocr_line' id='line_1_89' title="bbox 2079 2944 3665 3024; baseline 0.008 -29"><span class='ocrx_word' id='word_1_553' title='bbox 2079 2944 2495 3014; x_wconf 81' lang='grc' dir='ltr'><strong>ἀρχιεπισκόπῳ</strong></span> <span class='ocrx_word' id='word_1_554' title='bbox 2527 2946 2621 2998; x_wconf 85' lang='grc' dir='ltr'><strong>τοῦ</strong></span> <span class='ocrx_word' id='word_1_555' title='bbox 2666 2945 2816 3000; x_wconf 86' lang='grc' dir='ltr'><strong>θείου</strong></span> <span class='ocrx_word' id='word_1_556' title='bbox 2856 2948 3088 3020; x_wconf 77' lang='grc' dir='ltr'><strong>αἵματος</strong></span> <span class='ocrx_word' id='word_1_557' title='bbox 3123 2951 3212 3005; x_wconf 75' lang='grc' dir='ltr'><strong>διὰ</strong></span> <span class='ocrx_word' id='word_1_558' title='bbox 3242 2952 3337 3006; x_wconf 87' lang='grc' dir='ltr'><strong>τοῦ</strong></span> <span class='ocrx_word' id='word_1_559' title='bbox 3379 2952 3527 3024; x_wconf 79' lang='grc' dir='ltr'><strong>ἱεροῦ</strong></span> <span class='ocrx_word' id='word_1_560' title='bbox 3564 2970 3665 3007; x_wconf 74' lang='grc' dir='ltr'><strong>πο·</strong></span> 
     </span>
    </p>
   </div>
   <div class='ocr_carea' id='block_1_89' title="bbox 2078 3037 3666 3112">
    <p class='ocr_par' dir='ltr' id='par_1_89' title="bbox 2078 3037 3666 3112">
     <span class='ocr_line' id='line_1_90' title="bbox 2078 3037 3666 3112; baseline 0.008 -26"><span class='ocrx_word' id='word_1_561' title='bbox 2078 3037 2294 3105; x_wconf 79' lang='grc' dir='ltr'><strong>τηρίου,</strong></span> <span class='ocrx_word' id='word_1_562' title='bbox 2337 3037 2594 3091; x_wconf 90' lang='grc' dir='ltr'><strong>κάκείνου</strong></span> <span class='ocrx_word' id='word_1_563' title='bbox 2635 3037 2800 3092; x_wconf 84' lang='grc' dir='ltr'><strong>πάλιν</strong></span> <span class='ocrx_word' id='word_1_564' title='bbox 2838 3039 3012 3112; x_wconf 83' lang='grc' dir='ltr'><strong>αὐτῷ,</strong></span> <span class='ocrx_word' id='word_1_565' title='bbox 3053 3042 3178 3096; x_wconf 76' lang='grc' dir='ltr'><strong>ἐπεὶ</strong></span> <span class='ocrx_word' id='word_1_566' title='bbox 3216 3044 3265 3096; x_wconf 82' lang='grc' dir='ltr'><strong>εί</strong></span> <span class='ocrx_word' id='word_1_567' title='bbox 3305 3044 3400 3098; x_wconf 81' lang='grc' dir='ltr'><strong>καὶ</strong></span> <span class='ocrx_word' id='word_1_568' title='bbox 3437 3047 3506 3100; x_wconf 83' lang='grc' dir='ltr'><strong>τὰ</strong></span> <span class='ocrx_word' id='word_1_569' title='bbox 3548 3045 3666 3099; x_wconf 86' lang='grc' dir='ltr'><strong>θεῖα</strong></span> 
     </span>
    </p>
   </div>
   <div class='ocr_carea' id='block_1_90' title="bbox 2081 3125 3666 3210">
    <p class='ocr_par' dir='ltr' id='par_1_90' title="bbox 2081 3125 3666 3210">
     <span class='ocr_line' id='line_1_91' title="bbox 2081 3125 3666 3210; baseline 0.008 -32"><span class='ocrx_word' id='word_1_570' title='bbox 2081 3125 2212 3196; x_wconf 87' lang='grc' dir='ltr'><strong>παρ’</strong></span> <span class='ocrx_word' id='word_1_571' title='bbox 2255 3126 2503 3195; x_wconf 87' lang='grc' dir='ltr'><strong>ἀλλήλων</strong></span> <span class='ocrx_word' id='word_1_572' title='bbox 2543 3126 2798 3198; x_wconf 82' lang='grc' dir='ltr'><strong>ἀλλήλοις</strong></span> <span class='ocrx_word' id='word_1_573' title='bbox 2849 3130 2982 3201; x_wconf 79' lang='grc' dir='ltr'><strong>ἡμῖν</strong></span> <span class='ocrx_word' id='word_1_574' title='bbox 3026 3130 3230 3189; x_wconf 78' lang='grc' dir='ltr'><strong>δίδοται</strong></span> <span class='ocrx_word' id='word_1_575' title='bbox 3276 3136 3666 3210; x_wconf 75' lang='grc' dir='ltr'><strong>φιλανθρωπίᾳ</strong></span> 
     </span>
    </p>
   </div>
   <div class='ocr_carea' id='block_1_91' title="bbox 2078 3214 3666 3298">
    <p class='ocr_par' dir='ltr' id='par_1_91' title="bbox 2078 3214 3666 3298">
     <span class='ocr_line' id='line_1_92' title="bbox 2078 3214 3666 3298; baseline 0.007 -25"><span class='ocrx_word' id='word_1_576' title='bbox 2078 3218 2237 3282; x_wconf 74' lang='grc' dir='ltr'><strong>Θεοῦ,</strong></span> <span class='ocrx_word' id='word_1_577' title='bbox 2270 3219 2384 3271; x_wconf 79' lang='grc' dir='ltr'><strong>ἀλλ’</strong></span> <span class='ocrx_word' id='word_1_578' title='bbox 2416 3214 2498 3283; x_wconf 76' lang='grc' dir='ltr'><strong>εἷς</strong></span> <span class='ocrx_word' id='word_1_579' title='bbox 2547 3222 2695 3276; x_wconf 79' lang='grc' dir='ltr'><strong>ἐστιν</strong></span> <span class='ocrx_word' id='word_1_580' title='bbox 2728 3225 2758 3276; x_wconf 88' lang='grc' dir='ltr'><strong>ό</strong></span> <span class='ocrx_word' id='word_1_581' title='bbox 2780 3222 2870 3278; x_wconf 79' lang='grc' dir='ltr'><strong>διὰ</strong></span> <span class='ocrx_word' id='word_1_582' title='bbox 2924 3225 3144 3279; x_wconf 84' lang='grc' dir='ltr'><strong>πάντων</strong></span> <span class='ocrx_word' id='word_1_583' title='bbox 3177 3228 3422 3298; x_wconf 75' lang='grc' dir='ltr'><strong>ἐνεργῶν</strong></span> <span class='ocrx_word' id='word_1_584' title='bbox 3456 3230 3552 3283; x_wconf 73' lang='grc' dir='ltr'><strong>καὶ</strong></span> <span class='ocrx_word' id='word_1_585' title='bbox 3582 3230 3666 3284; x_wconf 83' lang='grc' dir='ltr'><strong>δι-</strong></span> 
     </span>
    </p>
   </div>
   <div class='ocr_carea' id='block_1_92' title="bbox 2077 3311 3666 3391">
    <p class='ocr_par' dir='ltr' id='par_1_92' title="bbox 2077 3311 3666 3391">
     <span class='ocr_line' id='line_1_93' title="bbox 2077 3311 3666 3391; baseline 0.007 -27"><span class='ocrx_word' id='word_1_586' title='bbox 2077 3311 2297 3381; x_wconf 86' lang='grc' dir='ltr'><strong>δόμενος</strong></span> <span class='ocrx_word' id='word_1_587' title='bbox 2324 3326 2339 3340; x_wconf 86' lang='lat'><strong>&#39;</strong></span> <span class='ocrx_word' id='word_1_588' title='bbox 2376 3312 2469 3365; x_wconf 73' lang='grc' dir='ltr'><strong>καὶ</strong></span> <span class='ocrx_word' id='word_1_589' title='bbox 2519 3313 2602 3368; x_wconf 85' lang='grc' dir='ltr'><strong>ὅτι</strong></span> <span class='ocrx_word' id='word_1_590' title='bbox 2631 3314 2733 3384; x_wconf 80' lang='grc' dir='ltr'><strong>τῆς</strong></span> <span class='ocrx_word' id='word_1_591' title='bbox 2761 3316 3000 3388; x_wconf 82' lang='grc' dir='ltr'><strong>μετοχῆς</strong></span> <span class='ocrx_word' id='word_1_592' title='bbox 3051 3316 3149 3372; x_wconf 83' lang='grc' dir='ltr'><strong>τοῦ</strong></span> <span class='ocrx_word' id='word_1_593' title='bbox 3194 3318 3402 3388; x_wconf 78' lang='grc' dir='ltr'><strong>ἀγαθοῦ</strong></span> <span class='ocrx_word' id='word_1_594' title='bbox 3448 3321 3666 3391; x_wconf 76' lang='grc' dir='ltr'><strong>πρῶτον</strong></span> 
     </span>
    </p>
   </div>
   <div class='ocr_carea' id='block_1_93' title="bbox 2076 3394 3666 3484">
    <p class='ocr_par' dir='ltr' id='par_1_93' title="bbox 2076 3394 3666 3484">
     <span class='ocr_line' id='line_1_94' title="bbox 2076 3394 3666 3484; baseline 0.008 -30"><span class='ocrx_word' id='word_1_595' title='bbox 2076 3402 2127 3467; x_wconf 79' lang='grc' dir='ltr'><strong>οἱ</strong></span> <span class='ocrx_word' id='word_1_596' title='bbox 2160 3402 2368 3472; x_wconf 82' lang='grc' dir='ltr'><strong>πρῶτοι</strong></span> <span class='ocrx_word' id='word_1_597' title='bbox 2415 3403 2703 3476; x_wconf 70' lang='grc' dir='ltr'><strong>μετέχουσι</strong></span> <span class='ocrx_word' id='word_1_598' title='bbox 2750 3407 2847 3462; x_wconf 81' lang='grc' dir='ltr'><strong>καὶ</strong></span> <span class='ocrx_word' id='word_1_599' title='bbox 2895 3408 3209 3478; x_wconf 64' lang='grc' dir='ltr'><strong>ἐγγίζοντες</strong></span> <span class='ocrx_word' id='word_1_600' title='bbox 3237 3394 3304 3484; x_wconf 68' lang='grc' dir='ltr'><strong>τῇ</strong></span> <span class='ocrx_word' id='word_1_601' title='bbox 3339 3411 3506 3483; x_wconf 67' lang='grc' dir='ltr'><strong>ἀξίᾳ·</strong></span> <span class='ocrx_word' id='word_1_602' title='bbox 3542 3414 3666 3468; x_wconf 81' lang='grc' dir='ltr'><strong>ἐπεὶ</strong></span> 
     </span>
    </p>
   </div>
   <div class='ocr_carea' id='block_1_94' title="bbox 2079 3493 3666 3576">
    <p class='ocr_par' dir='ltr' id='par_1_94' title="bbox 2079 3493 3666 3576">
     <span class='ocr_line' id='line_1_95' title="bbox 2079 3493 3666 3576; baseline 0.01 -31"><span class='ocrx_word' id='word_1_603' title='bbox 2079 3493 2173 3546; x_wconf 80' lang='grc' dir='ltr'><strong>καὶ</strong></span> <span class='ocrx_word' id='word_1_604' title='bbox 2230 3495 2385 3559; x_wconf 76' lang='grc' dir='ltr'><strong>τάξις</strong></span> <span class='ocrx_word' id='word_1_605' title='bbox 2439 3498 2657 3569; x_wconf 80' lang='grc' dir='ltr'><strong>συνέχει</strong></span> <span class='ocrx_word' id='word_1_606' title='bbox 2709 3497 2909 3568; x_wconf 81' lang='grc' dir='ltr'><strong>πάντα,</strong></span> <span class='ocrx_word' id='word_1_607' title='bbox 2939 3501 3035 3561; x_wconf 76' lang='grc' dir='ltr'><strong>καὶ</strong></span> <span class='ocrx_word' id='word_1_608' title='bbox 3080 3503 3236 3557; x_wconf 80' lang='grc' dir='ltr'><strong>οὐδὲν</strong></span> <span class='ocrx_word' id='word_1_609' title='bbox 3296 3508 3463 3576; x_wconf 83' lang='grc' dir='ltr'><strong>χωρίς</strong></span> <span class='ocrx_word' id='word_1_610' title='bbox 3516 3507 3666 3561; x_wconf 76' lang='grc' dir='ltr'><strong>ἐστιν</strong></span> 
     </span>
    </p>
   </div>
   <div class='ocr_carea' id='block_1_95' title="bbox 2076 3585 3666 3670">
    <p class='ocr_par' dir='ltr' id='par_1_95' title="bbox 2076 3585 3666 3670">
     <span class='ocr_line' id='line_1_96' title="bbox 2076 3585 3666 3670; baseline 0.01 -33"><span class='ocrx_word' id='word_1_611' title='bbox 2076 3585 2349 3650; x_wconf 79' lang='grc' dir='ltr'><strong>εὐταξίας.</strong></span> <span class='ocrx_word' id='word_1_612' title='bbox 2382 3588 2536 3644; x_wconf 83' lang='grc' dir='ltr'><strong>Μετά</strong></span> <span class='ocrx_word' id='word_1_613' title='bbox 2574 3590 2632 3643; x_wconf 79' lang='grc' dir='ltr'><strong>δὲ</strong></span> <span class='ocrx_word' id='word_1_614' title='bbox 2679 3590 2779 3661; x_wconf 84' lang='grc' dir='ltr'><strong>τὴν</strong></span> <span class='ocrx_word' id='word_1_615' title='bbox 2812 3591 2967 3647; x_wconf 90' lang='grc' dir='ltr'><strong>θείαν</strong></span> <span class='ocrx_word' id='word_1_616' title='bbox 3019 3595 3324 3666; x_wconf 79' lang='grc' dir='ltr'><strong>μετάληψιν</strong></span> <span class='ocrx_word' id='word_1_617' title='bbox 3358 3599 3386 3651; x_wconf 89' lang='grc' dir='ltr'><strong>ό</strong></span> <span class='ocrx_word' id='word_1_618' title='bbox 3432 3599 3532 3669; x_wconf 78' lang='grc' dir='ltr'><strong>μὲν</strong></span> <span class='ocrx_word' id='word_1_619' title='bbox 3565 3600 3666 3670; x_wconf 82' lang='grc' dir='ltr'><strong>ἀρ-</strong></span> 
     </span>
    </p>
   </div>
   <div class='ocr_carea' id='block_1_96' title="bbox 2075 3678 3662 3760">
    <p class='ocr_par' dir='ltr' id='par_1_96' title="bbox 2075 3678 3662 3760">
     <span class='ocr_line' id='line_1_97' title="bbox 2075 3678 3662 3760; baseline 0.009 -30"><span class='ocrx_word' id='word_1_620' title='bbox 2075 3678 2433 3747; x_wconf 75' lang='grc' dir='ltr'><strong>χιεπίσκοπος</strong></span> <span class='ocrx_word' id='word_1_621' title='bbox 2467 3682 2604 3735; x_wconf 79' lang='grc' dir='ltr'><strong>πᾶσι</strong></span> <span class='ocrx_word' id='word_1_622' title='bbox 2651 3683 2745 3737; x_wconf 81' lang='grc' dir='ltr'><strong>τὸν</strong></span> <span class='ocrx_word' id='word_1_623' title='bbox 2779 3683 2926 3738; x_wconf 78' lang='grc' dir='ltr'><strong>θεῖον</strong></span> <span class='ocrx_word' id='word_1_624' title='bbox 2966 3685 3176 3753; x_wconf 82' lang='grc' dir='ltr'><strong>δίδωσι,</strong></span> <span class='ocrx_word' id='word_1_625' title='bbox 3214 3687 3443 3758; x_wconf 87' lang='grc' dir='ltr'><strong>μελίσας</strong></span> <span class='ocrx_word' id='word_1_626' title='bbox 3474 3690 3662 3760; x_wconf 79' lang='grc' dir='ltr'><strong>ἄρτον,</strong></span> 
     </span>
    </p>
   </div>
   <div class='ocr_carea' id='block_1_97' title="bbox 2076 3770 3662 3852">
    <p class='ocr_par' dir='ltr' id='par_1_97' title="bbox 2076 3770 3662 3852">
     <span class='ocr_line' id='line_1_98' title="bbox 2076 3770 3662 3852; baseline 0.01 -31"><span class='ocrx_word' id='word_1_627' title='bbox 2076 3770 2220 3822; x_wconf 85' lang='grc' dir='ltr'><strong>κατά</strong></span> <span class='ocrx_word' id='word_1_628' title='bbox 2273 3770 2509 3842; x_wconf 82' lang='grc' dir='ltr'><strong>μίμησιν</strong></span> <span class='ocrx_word' id='word_1_629' title='bbox 2556 3773 2654 3827; x_wconf 85' lang='grc' dir='ltr'><strong>τοῦ</strong></span> <span class='ocrx_word' id='word_1_630' title='bbox 2708 3775 3002 3849; x_wconf 75' lang='grc' dir='ltr'><strong>Σωτῆροςο</strong></span> <span class='ocrx_word' id='word_1_631' title='bbox 3053 3779 3083 3832; x_wconf 87' lang='grc' dir='ltr'><strong>ό</strong></span> <span class='ocrx_word' id='word_1_632' title='bbox 3142 3780 3553 3852; x_wconf 79' lang='grc' dir='ltr'><strong>χειροτονηθεὶς</strong></span> <span class='ocrx_word' id='word_1_633' title='bbox 3604 3784 3662 3838; x_wconf 81' lang='grc' dir='ltr'><strong>δὲ</strong></span> 
     </span>
    </p>
   </div>
   <div class='ocr_carea' id='block_1_98' title="bbox 2076 3859 3663 3944">
    <p class='ocr_par' dir='ltr' id='par_1_98' title="bbox 2076 3859 3663 3944">
     <span class='ocr_line' id='line_1_99' title="bbox 2076 3859 3663 3944; baseline 0.009 -31"><span class='ocrx_word' id='word_1_634' title='bbox 2076 3859 2392 3930; x_wconf 83' lang='grc' dir='ltr'><strong>ἀρχιερεὺς,</strong></span> <span class='ocrx_word' id='word_1_635' title='bbox 2418 3863 2601 3919; x_wconf 78' lang='grc' dir='ltr'><strong>λαὸὼν</strong></span> <span class='ocrx_word' id='word_1_636' title='bbox 2633 3866 2693 3919; x_wconf 85' lang='grc' dir='ltr'><strong>τδ</strong></span> <span class='ocrx_word' id='word_1_637' title='bbox 2747 3868 2966 3939; x_wconf 87' lang='grc' dir='ltr'><strong>πρῶτον</strong></span> <span class='ocrx_word' id='word_1_638' title='bbox 3002 3870 3147 3924; x_wconf 86' lang='grc' dir='ltr'><strong>θεῖον</strong></span> <span class='ocrx_word' id='word_1_639' title='bbox 3180 3875 3464 3944; x_wconf 81' lang='grc' dir='ltr'><strong>ποτήριον,</strong></span> <span class='ocrx_word' id='word_1_640' title='bbox 3495 3889 3663 3944; x_wconf 86' lang='grc' dir='ltr'><strong>μετα-</strong></span> 
     </span>
    </p>
   </div>
   <div class='ocr_carea' id='block_1_99' title="bbox 2076 3951 3662 4034">
    <p class='ocr_par' dir='ltr' id='par_1_99' title="bbox 2076 3951 3662 4034">
     <span class='ocr_line' id='line_1_100' title="bbox 2076 3951 3662 4034; baseline 0.011 -30"><span class='ocrx_word' id='word_1_641' title='bbox 2076 3951 2264 4006; x_wconf 85' lang='grc' dir='ltr'><strong>δίδωσι</strong></span> <span class='ocrx_word' id='word_1_642' title='bbox 2304 3957 2421 4018; x_wconf 75' lang='grc' dir='ltr'><strong>τοῖς</strong></span> <span class='ocrx_word' id='word_1_643' title='bbox 2452 3962 2922 4029; x_wconf 87' lang='grc' dir='ltr'><strong>προσερχομένοις</strong></span> <span class='ocrx_word' id='word_1_644' title='bbox 2967 3964 3295 4034; x_wconf 77' lang='grc' dir='ltr'><strong>ἀρχιερεῦσι</strong></span> <span class='ocrx_word' id='word_1_645' title='bbox 3327 3983 3387 4019; x_wconf 86' lang='grc' dir='ltr'><strong>τε</strong></span> <span class='ocrx_word' id='word_1_646' title='bbox 3424 3969 3519 4022; x_wconf 81' lang='grc' dir='ltr'><strong>καὶ</strong></span> <span class='ocrx_word' id='word_1_647' title='bbox 3548 3966 3662 4021; x_wconf 86' lang='grc' dir='ltr'><strong>λοι-</strong></span> 
     </span>
    </p>
   </div>
   <div class='ocr_carea' id='block_1_100' title="bbox 2076 4042 3665 4131">
    <p class='ocr_par' dir='ltr' id='par_1_100' title="bbox 2076 4042 3665 4131">
     <span class='ocr_line' id='line_1_101' title="bbox 2076 4042 3665 4131; baseline 0.011 -34"><span class='ocrx_word' id='word_1_648' title='bbox 2076 4047 2234 4106; x_wconf 72' lang='grc' dir='ltr'><strong>ποῖςσ</strong></span> <span class='ocrx_word' id='word_1_649' title='bbox 2288 4042 2408 4100; x_wconf 76' lang='grc' dir='ltr'><strong>εἶτα</strong></span> <span class='ocrx_word' id='word_1_650' title='bbox 2462 4050 2907 4121; x_wconf 77' lang='grc' dir='ltr'><strong>ἀπονιψάμενος,</strong></span> <span class='ocrx_word' id='word_1_651' title='bbox 2955 4057 3054 4110; x_wconf 76' lang='grc' dir='ltr'><strong>καὶ</strong></span> <span class='ocrx_word' id='word_1_652' title='bbox 3103 4057 3164 4111; x_wconf 83' lang='grc' dir='ltr'><strong>τὸ</strong></span> <span class='ocrx_word' id='word_1_653' title='bbox 3221 4059 3367 4129; x_wconf 79' lang='grc' dir='ltr'><strong>ἱερὸν</strong></span> <span class='ocrx_word' id='word_1_654' title='bbox 3414 4061 3492 4130; x_wconf 85' lang='grc' dir='ltr'><strong>τῷ</strong></span> <span class='ocrx_word' id='word_1_655' title='bbox 3546 4060 3665 4131; x_wconf 83' lang='grc' dir='ltr'><strong>λαῷ</strong></span> 
     </span>
    </p>
   </div>
   <div class='ocr_carea' id='block_1_101' title="bbox 2076 4139 3659 4226">
    <p class='ocr_par' dir='ltr' id='par_1_101' title="bbox 2076 4139 3659 4226">
     <span class='ocr_line' id='line_1_102' title="bbox 2076 4139 3659 4226; baseline 0.012 -36"><span class='ocrx_word' id='word_1_656' title='bbox 2076 4139 2311 4210; x_wconf 83' lang='grc' dir='ltr'><strong>παρέχει</strong></span> <span class='ocrx_word' id='word_1_657' title='bbox 2354 4141 2677 4213; x_wconf 84' lang='grc' dir='ltr'><strong>ἀντίδωρον,</strong></span> <span class='ocrx_word' id='word_1_658' title='bbox 2725 4151 3015 4220; x_wconf 82' lang='grc' dir='ltr'><strong>προσταγῇ</strong></span> <span class='ocrx_word' id='word_1_659' title='bbox 3064 4149 3157 4203; x_wconf 83' lang='grc' dir='ltr'><strong>τοῦ</strong></span> <span class='ocrx_word' id='word_1_660' title='bbox 3195 4153 3659 4226; x_wconf 78' lang='grc' dir='ltr'><strong>ἀρχιε-πισκόπου,</strong></span> 
     </span>
    </p>
   </div>
   <div class='ocr_carea' id='block_1_102' title="bbox 2074 4234 3659 4317">
    <p class='ocr_par' dir='ltr' id='par_1_102' title="bbox 2074 4234 3659 4317">
     <span class='ocr_line' id='line_1_103' title="bbox 2074 4234 3659 4317; baseline 0.009 -29"><span class='ocrx_word' id='word_1_661' title='bbox 2074 4234 2420 4303; x_wconf 85' lang='grc' dir='ltr'><strong>δεικνύμενος</strong></span> <span class='ocrx_word' id='word_1_662' title='bbox 2450 4235 2552 4305; x_wconf 68' lang='grc' dir='ltr'><strong>ἤδη</strong></span> <span class='ocrx_word' id='word_1_663' title='bbox 2598 4240 3003 4312; x_wconf 80' lang='grc' dir='ltr'><strong>χειροτονηθεὶς</strong></span> <span class='ocrx_word' id='word_1_664' title='bbox 3052 4244 3149 4297; x_wconf 77' lang='grc' dir='ltr'><strong>καὶ</strong></span> <span class='ocrx_word' id='word_1_665' title='bbox 3197 4246 3659 4317; x_wconf 86' lang='grc' dir='ltr'><strong>μαρτυρούμενος</strong></span> 
     </span>
    </p>
   </div>
   <div class='ocr_carea' id='block_1_103' title="bbox 2073 4325 3662 4411">
    <p class='ocr_par' dir='ltr' id='par_1_103' title="bbox 2073 4325 3662 4411">
     <span class='ocr_line' id='line_1_104' title="bbox 2073 4325 3662 4411; baseline 0.014 -37"><span class='ocrx_word' id='word_1_666' title='bbox 2073 4325 2151 4392; x_wconf 85' lang='grc' dir='ltr'><strong>τῷ</strong></span> <span class='ocrx_word' id='word_1_667' title='bbox 2205 4325 2342 4393; x_wconf 85' lang='grc' dir='ltr'><strong>λαῷ,</strong></span> <span class='ocrx_word' id='word_1_668' title='bbox 2372 4328 2462 4379; x_wconf 75' lang='grc' dir='ltr'><strong>καὶ</strong></span> <span class='ocrx_word' id='word_1_669' title='bbox 2512 4329 2830 4397; x_wconf 83' lang='grc' dir='ltr'><strong>μεταδιδοὺς</strong></span> <span class='ocrx_word' id='word_1_670' title='bbox 2886 4334 3161 4406; x_wconf 85' lang='grc' dir='ltr'><strong>ἁγιασμοῦ</strong></span> <span class='ocrx_word' id='word_1_671' title='bbox 3210 4340 3346 4393; x_wconf 82' lang='grc' dir='ltr'><strong>πᾶσι</strong></span> <span class='ocrx_word' id='word_1_672' title='bbox 3394 4340 3474 4411; x_wconf 81' lang='grc' dir='ltr'><strong>τῷ</strong></span> <span class='ocrx_word' id='word_1_673' title='bbox 3511 4343 3662 4397; x_wconf 83' lang='grc' dir='ltr'><strong>ἀντι-</strong></span> 
     </span>
    </p>
   </div>
   <div class='ocr_carea' id='block_1_104' title="bbox 2074 4414 2230 4487">
    <p class='ocr_par' dir='ltr' id='par_1_104' title="bbox 2074 4414 2230 4487">
     <span class='ocr_line' id='line_1_105' title="bbox 2074 4414 2230 4487; baseline -0.006 -19"><span class='ocrx_word' id='word_1_674' title='bbox 2074 4414 2230 4487; x_wconf 74' lang='grc' dir='ltr'>δώρῳ</span> 
     </span>
    </p>
   </div>
   <div class='ocr_carea' id='block_1_105' title="bbox 2642 4535 3085 4607">
    <p class='ocr_par' dir='ltr' id='par_1_105' title="bbox 2642 4535 3085 4607">
     <span class='ocr_line' id='line_1_106' title="bbox 2642 4535 3085 4607; baseline 0.014 -20"><span class='ocrx_word' id='word_1_675' title='bbox 2642 4535 2891 4592; x_wconf 77' lang='grc' dir='ltr'><strong>ΚΕΦΛΛ.</strong></span> <span class='ocrx_word' id='word_1_676' title='bbox 2925 4537 3085 4607; x_wconf 66' lang='grc' dir='ltr'><strong>Σιτ.</strong></span> 
     </span>
    </p>
   </div>
   <div class='ocr_carea' id='block_1_106' title="bbox 2076 4643 3664 4722">
    <p class='ocr_par' dir='ltr' id='par_1_106' title="bbox 2076 4643 3664 4722">
     <span class='ocr_line' id='line_1_107' title="bbox 2076 4643 3664 4722; baseline 0.012 -27"><span class='ocrx_word' id='word_1_677' title='bbox 2076 4643 2207 4722; x_wconf 62' lang='grc' dir='ltr'><strong>Ὅτι</strong></span> <span class='ocrx_word' id='word_1_678' title='bbox 2231 4645 2299 4722; x_wconf 60' lang='grc' dir='ltr'><strong>τὸ</strong></span> <span class='ocrx_word' id='word_1_679' title='bbox 2341 4644 2785 4722; x_wconf 64' lang='grc' dir='ltr'><strong>ἐνθρονίζεσθαι</strong></span> <span class='ocrx_word' id='word_1_680' title='bbox 2808 4651 2961 4722; x_wconf 66' lang='grc' dir='ltr'><strong>μετὰ</strong></span> <span class='ocrx_word' id='word_1_681' title='bbox 3004 4652 3118 4717; x_wconf 74' lang='grc' dir='ltr'><strong>τὴν</strong></span> <span class='ocrx_word' id='word_1_682' title='bbox 3149 4659 3527 4722; x_wconf 75' lang='grc' dir='ltr'><strong>χειροτονίαν</strong></span> <span class='ocrx_word' id='word_1_683' title='bbox 3551 4660 3664 4714; x_wconf 72' lang='grc' dir='ltr'><strong>τὸν</strong></span> 
     </span>
    </p>
   </div>
   <div class='ocr_carea' id='block_1_107' title="bbox 2143 4713 3659 4795">
    <p class='ocr_par' dir='ltr' id='par_1_107' title="bbox 2143 4713 3659 4795">
     <span class='ocr_line' id='line_1_108' title="bbox 2143 4713 3659 4795; baseline 0.011 -29"><span class='ocrx_word' id='word_1_684' title='bbox 2143 4713 2545 4795; x_wconf 63' lang='grc' dir='ltr'><strong>ἐνθρονιᾳμὸν</strong></span> <span class='ocrx_word' id='word_1_685' title='bbox 2566 4722 2577 4737; x_wconf 88' lang='lat'><em>&#39;</em></span> <span class='ocrx_word' id='word_1_686' title='bbox 2597 4720 2778 4795; x_wconf 54' lang='grc' dir='ltr'><strong>τυποῖ</strong></span> <span class='ocrx_word' id='word_1_687' title='bbox 2799 4713 2949 4795; x_wconf 42' lang='grc' dir='ltr'><strong>ξτ-ἦς</strong></span> <span class='ocrx_word' id='word_1_688' title='bbox 2992 4713 3393 4795; x_wconf 38' lang='lat' dir='ltr'><strong>flium-10o!“</strong></span> <span class='ocrx_word' id='word_1_689' title='bbox 3446 4713 3659 4795; x_wconf 78' lang='grc' dir='ltr'><strong>αὐτοῦ,</strong></span> 
     </span>
    </p>
   </div>
   <div class='ocr_carea' id='block_1_108' title="bbox 2146 4784 3663 4857">
    <p class='ocr_par' dir='ltr' id='par_1_108' title="bbox 2146 4784 3663 4857">
     <span class='ocr_line' id='line_1_109' title="bbox 2146 4784 3663 4857; baseline 0.013 -22"><span class='ocrx_word' id='word_1_690' title='bbox 2146 4784 2536 4857; x_wconf 64' lang='grc' dir='ltr'><strong>πεπαυμένον</strong></span> <span class='ocrx_word' id='word_1_691' title='bbox 2595 4788 2725 4856; x_wconf 78' lang='grc' dir='ltr'><strong>ἄρτι</strong></span> <span class='ocrx_word' id='word_1_692' title='bbox 2787 4784 3049 4857; x_wconf 32' lang='lat' dir='ltr'><strong>ardeae</strong></span> <span class='ocrx_word' id='word_1_693' title='bbox 3113 4784 3238 4849; x_wconf 73' lang='grc' dir='ltr'><strong>ἀπό</strong></span> <span class='ocrx_word' id='word_1_694' title='bbox 3298 4784 3418 4850; x_wconf 72' lang='grc' dir='ltr'><strong>τιῦν</strong></span> <span class='ocrx_word' id='word_1_695' title='bbox 3468 4784 3663 4853; x_wconf 70' lang='grc' dir='ltr'><strong>ἐθνῶῦ</strong></span> 
     </span>
    </p>
   </div>
   <div class='ocr_carea' id='block_1_109' title="bbox 2143 4853 2451 4921">
    <p class='ocr_par' dir='ltr' id='par_1_109' title="bbox 2143 4853 2451 4921">
     <span class='ocr_line' id='line_1_110' title="bbox 2143 4853 2451 4921; baseline 0.019 -16"><span class='ocrx_word' id='word_1_696' title='bbox 2143 4853 2451 4921; x_wconf 82' lang='grc' dir='ltr'><strong>ἐπηρείας.</strong></span> 
     </span>
    </p>
   </div>
   <div class='ocr_carea' id='block_1_110' title="bbox 2148 4960 3661 5052">
    <p class='ocr_par' dir='ltr' id='par_1_110' title="bbox 2148 4960 3661 5052">
     <span class='ocr_line' id='line_1_111' title="bbox 2148 4960 3661 5052; baseline 0.012 -33"><span class='ocrx_word' id='word_1_697' title='bbox 2148 4960 2279 5020; x_wconf 80' lang='grc' dir='ltr'><strong>Εἶτα</strong></span> <span class='ocrx_word' id='word_1_698' title='bbox 2312 4968 2409 5021; x_wconf 71' lang='grc' dir='ltr'><strong>καὶ</strong></span> <span class='ocrx_word' id='word_1_699' title='bbox 2437 4968 2495 5020; x_wconf 76' lang='grc' dir='ltr'><strong>ἐν</strong></span> <span class='ocrx_word' id='word_1_700' title='bbox 2526 4969 2608 5021; x_wconf 71' lang='grc' dir='ltr'><strong>ἑνὶ</strong></span> <span class='ocrx_word' id='word_1_701' title='bbox 2641 4970 2799 5040; x_wconf 83' lang='grc' dir='ltr'><strong>μέρει</strong></span> <span class='ocrx_word' id='word_1_702' title='bbox 2824 4972 2919 5025; x_wconf 85' lang='grc' dir='ltr'><strong>τοῦ</strong></span> <span class='ocrx_word' id='word_1_703' title='bbox 2948 4974 3076 5027; x_wconf 91' lang='grc' dir='ltr'><strong>ναοῦ</strong></span> <span class='ocrx_word' id='word_1_704' title='bbox 3104 4976 3237 5048; x_wconf 76' lang='grc' dir='ltr'><strong>περὶ</strong></span> <span class='ocrx_word' id='word_1_705' title='bbox 3265 4979 3366 5049; x_wconf 79' lang='grc' dir='ltr'><strong>τὴν</strong></span> <span class='ocrx_word' id='word_1_706' title='bbox 3398 4982 3661 5052; x_wconf 84' lang='grc' dir='ltr'><strong>πρόθεσιν</strong></span> 
     </span>
    </p>
   </div>
   <div class='ocr_carea' id='block_1_111' title="bbox 2073 5059 3661 5141">
    <p class='ocr_par' dir='ltr' id='par_1_111' title="bbox 2073 5059 3661 5141">
     <span class='ocr_line' id='line_1_112' title="bbox 2073 5059 3661 5141; baseline 0.012 -31"><span class='ocrx_word' id='word_1_707' title='bbox 2073 5059 2377 5128; x_wconf 70' lang='grc' dir='ltr'><strong>γινόμενος,</strong></span> <span class='ocrx_word' id='word_1_708' title='bbox 2411 5061 2782 5131; x_wconf 70' lang='grc' dir='ltr'><strong>ἐνθρονίζεται</strong></span> <span class='ocrx_word' id='word_1_709' title='bbox 2827 5065 3197 5139; x_wconf 84' lang='grc' dir='ltr'><strong>ἀρχιερατικῷ</strong></span> <span class='ocrx_word' id='word_1_710' title='bbox 3242 5071 3661 5141; x_wconf 84' lang='grc' dir='ltr'><strong>εὐτρεπισθέντι</strong></span> 
     </span>
    </p>
   </div>
   <div class='ocr_carea' id='block_1_112' title="bbox 2074 5150 3663 5234">
    <p class='ocr_par' dir='ltr' id='par_1_112' title="bbox 2074 5150 3663 5234">
     <span class='ocr_line' id='line_1_113' title="bbox 2074 5150 3663 5234; baseline 0.013 -33"><span class='ocrx_word' id='word_1_711' title='bbox 2074 5152 2255 5203; x_wconf 77' lang='grc' dir='ltr'><strong>ἐκεῖσε</strong></span> <span class='ocrx_word' id='word_1_712' title='bbox 2284 5150 2479 5221; x_wconf 87' lang='grc' dir='ltr'><strong>θρόνῳ,</strong></span> <span class='ocrx_word' id='word_1_713' title='bbox 2519 5153 2600 5216; x_wconf 86' lang='grc' dir='ltr'><strong>είς</strong></span> <span class='ocrx_word' id='word_1_714' title='bbox 2642 5154 2814 5208; x_wconf 85' lang='grc' dir='ltr'><strong>τύπον</strong></span> <span class='ocrx_word' id='word_1_715' title='bbox 2862 5156 2960 5209; x_wconf 82' lang='grc' dir='ltr'><strong>τοῦ</strong></span> <span class='ocrx_word' id='word_1_716' title='bbox 2990 5157 3355 5234; x_wconf 72' lang='grc' dir='ltr'><strong>ἐνθρονισμοῦ</strong></span> <span class='ocrx_word' id='word_1_717' title='bbox 3395 5165 3494 5234; x_wconf 83' lang='grc' dir='ltr'><strong>τῆς</strong></span> <span class='ocrx_word' id='word_1_718' title='bbox 3535 5167 3663 5221; x_wconf 81' lang='grc' dir='ltr'><strong>Ἐκ-</strong></span> 
     </span>
    </p>
   </div>
   <div class='ocr_carea' id='block_1_113' title="bbox 2075 5241 3661 5325">
    <p class='ocr_par' dir='ltr' id='par_1_113' title="bbox 2075 5241 3661 5325">
     <span class='ocr_line' id='line_1_114' title="bbox 2075 5241 3661 5325; baseline 0.013 -32"><span class='ocrx_word' id='word_1_719' title='bbox 2075 5241 2304 5312; x_wconf 85' lang='grc' dir='ltr'><strong>κλησίας</strong></span> <span class='ocrx_word' id='word_1_720' title='bbox 2355 5244 2562 5297; x_wconf 76' lang='grc' dir='ltr'><strong>αὐτοῦ·</strong></span> <span class='ocrx_word' id='word_1_721' title='bbox 2608 5244 2667 5310; x_wconf 79' lang='grc' dir='ltr'><strong>ὃς</strong></span> <span class='ocrx_word' id='word_1_722' title='bbox 2717 5244 2782 5318; x_wconf 76' lang='grc' dir='ltr'><strong>δὴ</strong></span> <span class='ocrx_word' id='word_1_723' title='bbox 2837 5246 3193 5321; x_wconf 74' lang='grc' dir='ltr'><strong>ὲνθρονισμὸς</strong></span> <span class='ocrx_word' id='word_1_724' title='bbox 3239 5256 3507 5325; x_wconf 82' lang='grc' dir='ltr'><strong>πρότερον</strong></span> <span class='ocrx_word' id='word_1_725' title='bbox 3559 5258 3661 5325; x_wconf 78' lang='grc' dir='ltr'><strong>μὲν</strong></span> 
     </span>
    </p>
   </div>
   <div class='ocr_carea' id='block_1_114' title="bbox 2078 5336 3661 5423">
    <p class='ocr_par' dir='ltr' id='par_1_114' title="bbox 2078 5336 3661 5423">
     <span class='ocr_line' id='line_1_115' title="bbox 2078 5336 3661 5423; baseline 0.012 -36"><span class='ocrx_word' id='word_1_726' title='bbox 2078 5336 2288 5401; x_wconf 74' lang='grc' dir='ltr'><strong>ἐγίνετο</strong></span> <span class='ocrx_word' id='word_1_727' title='bbox 2342 5337 2799 5409; x_wconf 77' lang='grc' dir='ltr'><strong>μεγαλοπρεπῶς,</strong></span> <span class='ocrx_word' id='word_1_728' title='bbox 2832 5344 2907 5404; x_wconf 84' lang='grc' dir='ltr'><strong>ὡς</strong></span> <span class='ocrx_word' id='word_1_729' title='bbox 2953 5342 3048 5396; x_wconf 89' lang='grc' dir='ltr'><strong>νῦν</strong></span> <span class='ocrx_word' id='word_1_730' title='bbox 3097 5347 3126 5398; x_wconf 87' lang='grc' dir='ltr'><strong>ό</strong></span> <span class='ocrx_word' id='word_1_731' title='bbox 3173 5347 3264 5400; x_wconf 82' lang='grc' dir='ltr'><strong>τοῦ</strong></span> <span class='ocrx_word' id='word_1_732' title='bbox 3314 5353 3661 5423; x_wconf 75' lang='grc' dir='ltr'><strong>πατριάρχου</strong></span> 
     </span>
    </p>
   </div>
   <div class='ocr_carea' id='block_1_115' title="bbox 2077 5426 3659 5518">
    <p class='ocr_par' dir='ltr' id='par_1_115' title="bbox 2077 5426 3659 5518">
     <span class='ocr_line' id='line_1_116' title="bbox 2077 5426 3659 5518; baseline 0.011 -39"><span class='ocrx_word' id='word_1_733' title='bbox 2077 5429 2201 5496; x_wconf 76' lang='grc' dir='ltr'><strong>περὶ</strong></span> <span class='ocrx_word' id='word_1_734' title='bbox 2230 5426 2328 5497; x_wconf 83' lang='grc' dir='ltr'><strong>τὴν</strong></span> <span class='ocrx_word' id='word_1_735' title='bbox 2360 5429 2653 5500; x_wconf 79' lang='grc' dir='ltr'><strong>ἐκκλησίαν</strong></span> <span class='ocrx_word' id='word_1_736' title='bbox 2687 5431 2783 5485; x_wconf 90' lang='grc' dir='ltr'><strong>τοῦ</strong></span> <span class='ocrx_word' id='word_1_737' title='bbox 2831 5432 3285 5506; x_wconf 79' lang='grc' dir='ltr'><strong>ὲνθρονιζομένου</strong></span> <span class='ocrx_word' id='word_1_738' title='bbox 3330 5443 3659 5518; x_wconf 73' lang='grc' dir='ltr'><strong>ἀρχιερέως,</strong></span> 
     </span>
    </p>
   </div>
   <div class='ocr_carea' id='block_1_116' title="bbox 2073 5520 3659 5602">
    <p class='ocr_par' dir='ltr' id='par_1_116' title="bbox 2073 5520 3659 5602">
     <span class='ocr_line' id='line_1_117' title="bbox 2073 5520 3659 5602; baseline 0.014 -31"><span class='ocrx_word' id='word_1_739' title='bbox 2073 5520 2390 5575; x_wconf 70' lang='grc' dir='ltr'><strong>ἐπισκόπων</strong></span> <span class='ocrx_word' id='word_1_740' title='bbox 2444 5528 2833 5595; x_wconf 83' lang='grc' dir='ltr'><strong>συναγομένων</strong></span> <span class='ocrx_word' id='word_1_741' title='bbox 2885 5529 2986 5599; x_wconf 75' lang='grc' dir='ltr'><strong>τῆς</strong></span> <span class='ocrx_word' id='word_1_742' title='bbox 3039 5533 3344 5602; x_wconf 80' lang='grc' dir='ltr'><strong>ἐπαρχίας,</strong></span> <span class='ocrx_word' id='word_1_743' title='bbox 3409 5538 3506 5592; x_wconf 74' lang='grc' dir='ltr'><strong>καὶ</strong></span> <span class='ocrx_word' id='word_1_744' title='bbox 3565 5540 3659 5593; x_wconf 84' lang='grc' dir='ltr'><strong>τὸν</strong></span> 
     </span>
    </p>
   </div>
   <div class='ocr_carea' id='block_1_117' title="bbox 2074 5612 3658 5701">
    <p class='ocr_par' dir='ltr' id='par_1_117' title="bbox 2074 5612 3658 5701">
     <span class='ocr_line' id='line_1_118' title="bbox 2074 5612 3658 5701; baseline 0.013 -35"><span class='ocrx_word' id='word_1_745' title='bbox 2074 5612 2427 5682; x_wconf 76' lang='grc' dir='ltr'><strong>ἔνθρονισμὸν</strong></span> <span class='ocrx_word' id='word_1_746' title='bbox 2478 5616 2877 5673; x_wconf 73' lang='grc' dir='ltr'><strong>ἐπιτελούντων</strong></span> <span class='ocrx_word' id='word_1_747' title='bbox 2958 5624 3256 5693; x_wconf 82' lang='grc' dir='ltr'><strong>γράμμασι</strong></span> <span class='ocrx_word' id='word_1_748' title='bbox 3312 5627 3406 5682; x_wconf 85' lang='grc' dir='ltr'><strong>τοῦ</strong></span> <span class='ocrx_word' id='word_1_749' title='bbox 3470 5631 3658 5701; x_wconf 83' lang='grc' dir='ltr'><strong>ἀρχιε-</strong></span> 
     </span>
    </p>
   </div>
   <div class='ocr_carea' id='block_1_118' title="bbox 2076 5704 3655 5791">
    <p class='ocr_par' dir='ltr' id='par_1_118' title="bbox 2076 5704 3655 5791">
     <span class='ocr_line' id='line_1_119' title="bbox 2076 5704 3655 5791; baseline 0.013 -35"><span class='ocrx_word' id='word_1_750' title='bbox 2076 5704 2344 5758; x_wconf 64' lang='lat' dir='ltr'><strong>maximo</strong></span> <span class='ocrx_word' id='word_1_751' title='bbox 2372 5720 2387 5736; x_wconf 72' lang='grc' dir='ltr'><strong><em>ο</em></strong></span> <span class='ocrx_word' id='word_1_752' title='bbox 2423 5705 2514 5758; x_wconf 76' lang='grc' dir='ltr'><strong>νῦν</strong></span> <span class='ocrx_word' id='word_1_753' title='bbox 2539 5706 2595 5759; x_wconf 81' lang='grc' dir='ltr'><strong>δὲ</strong></span> <span class='ocrx_word' id='word_1_754' title='bbox 2617 5708 2773 5763; x_wconf 77' lang='grc' dir='ltr'><strong>τοῦτο</strong></span> <span class='ocrx_word' id='word_1_755' title='bbox 2803 5713 3083 5768; x_wconf 81' lang='grc' dir='ltr'><strong>πέπαυται</strong></span> <span class='ocrx_word' id='word_1_756' title='bbox 3127 5718 3249 5780; x_wconf 86' lang='grc' dir='ltr'><strong>ταῖς</strong></span> <span class='ocrx_word' id='word_1_757' title='bbox 3280 5719 3655 5791; x_wconf 75' lang='grc' dir='ltr'><strong>βαρϐαρικαῖς</strong></span> 
     </span>
    </p>
   </div>
   <div class='ocr_carea' id='block_1_119' title="bbox 2078 5798 3657 5889">
    <p class='ocr_par' dir='ltr' id='par_1_119' title="bbox 2078 5798 3657 5879">
     <span class='ocr_line' id='line_1_120' title="bbox 2078 5798 3657 5879; baseline 0.008 -27"><span class='ocrx_word' id='word_1_758' title='bbox 2078 5798 2425 5868; x_wconf 61' lang='grc' dir='ltr'><strong>ἐφόδοις,κα“ι</strong></span> <span class='ocrx_word' id='word_1_759' title='bbox 2477 5800 2589 5861; x_wconf 82' lang='grc' dir='ltr'><strong>τοῖς</strong></span> <span class='ocrx_word' id='word_1_760' title='bbox 2641 5800 2930 5869; x_wconf 79' lang='grc' dir='ltr'><strong>ἐπελθοῦσι</strong></span> <span class='ocrx_word' id='word_1_761' title='bbox 2984 5808 3104 5869; x_wconf 84' lang='grc' dir='ltr'><strong>ταῖς</strong></span> <span class='ocrx_word' id='word_1_762' title='bbox 3166 5808 3479 5879; x_wconf 73' lang='grc' dir='ltr'><strong>ἐκκλησίαις</strong></span> <span class='ocrx_word' id='word_1_763' title='bbox 3532 5830 3657 5867; x_wconf 66' lang='grc' dir='ltr'><strong>πει.</strong></span> 
     </span>
    </p>
   </div>
  </div>
