4108 6262
411 345 523 409 429

1470 338 1573 403 DE
1599 334 1867 401 SACRIS
1910 332 2614 398 0RDINATIONIBUS.

3570 344 3678 410 430

413 461 666 535 ρασμοῖς,
710 459 804 514 καὶ
854 459 972 523 ταῖς
1032 459 1323 531 ταραχαῖς.
1393 457 1484 512 Ἐν
1530 459 1596 528 τῇ
1649 453 1979 525 Μεγάλῃιδὶ

2093 447 2184 501 illa
2218 453 2478 517 cessavit,
2513 464 2567 509 et
2598 454 2651 508 in
2683 455 2801 511 sola
2843 455 3037 526 Magna
3104 457 3334 515 ecclesia
3395 462 3679 533 peragitur

413 552 574 622 μόνον
616 550 825 619 γίνεται
867 550 1157 621 ἐκκλησίᾳ.
1223 549 1332 603 Καὶ
1380 548 1737 620 προτεθέντος
1792 546 1986 616 θρόνου

412 645 469 696 ὲν
503 636 550 712 ᾧ
595 642 829 711 κάθηται
866 643 896 695 ὁ
926 642 1382 712 ἀρχιεπίσκοπος,
1418 640 1513 693 καὶ
1564 638 1771 694 πέπλου
1823 636 1989 706 συνή-

410 737 557 803 θους,
589 737 695 789 ὑπὸ
740 734 932 807 ἱερέως
967 735 1135 806 εὐχῆς
1183 735 1476 804 γινομένης
1528 733 1625 785 καὶ
1658 731 1985 800 Τρισαγίου,

406 831 516 884 τῶν
562 822 997 884 ιπιᾶκοπειανῶν
1031 827 1337 900 παρόντων,
1369 830 1464 880 καῖ
1494 826 1559 879 λα
1570 824 1990 895 μπαδηφορούνο

405 938 516 975 των
559 921 839 985 ἁπάντων,
879 918 1209 979 κυκλοῦντος
1260 919 1358 972 καὶ
1400 916 1496 970 τοῦ
1550 915 1709 981 λαοῦ,
1746 917 1990 986 ἐνθρονί-

368 994 375 999 ’
408 1013 562 1078 ζεται
610 1016 762 1082 παρά
790 1030 849 1065 τε
879 1012 975 1065 τοῦ
1005 1010 1225 1079 πρώτου
1273 1011 1381 1063 τῶν
1434 1009 1627 1078 ίερέων
1671 1007 1765 1060 καὶ
1801 1008 1989 1059 δευτε-

410 1104 659 1175 ρεύοντος
708 1106 737 1158 ό
785 1102 1184 1175 χειροτονηθεὶς
1242 1101 1560 1173 ἀρχιερεὺς,
1622 1100 1743 1169 τρὶς
1800 1100 1858 1151 ὲν
1909 1097 1989 1168 τῷ

409 1195 584 1267 θρόνῳ
631 1196 705 1259 ὡς
757 1195 854 1250 καὶ
900 1195 991 1249 τὸν
1052 1194 1419 1266 πατριάρχην
1459 1196 1516 1247 ὲν
1571 1193 1649 1261 τῷ
1708 1191 1985 1260 συνθρόνῳ

409 1289 801 1360 ἔγκαθιζόντων
851 1290 1015 1343 αὐτὸν
1045 1288 1154 1341 τῶν
1203 1289 1415 1360 ίερέων,
1446 1288 1543 1340 καὶ
1596 1283 1986 1352 ὲκφωνούντων

405 1383 467 1437 τὸ
496 1401 515 1435 ι
556 1382 780 1448 Ἄξιος·
819 1402 839 1435 ›
885 1376 1004 1435 εἶτα
1061 1379 1379 1449 καθημένου
1427 1376 1615 1445 αὐτοῦ,
1671 1374 1985 1445 εὐφημοῦσι

405 1474 532 1539 τοὺς
563 1474 810 1537 εὐσεϐεῖς
845 1473 1108 1543 βασιλεῖς,
1135 1472 1229 1525 τὸν
1272 1469 1730 1543 ἁρχιεπίσκοπον,
1761 1468 1857 1520 καὶ
1888 1466 1987 1519 αὐ-

403 1566 497 1619 τὸν
543 1566 634 1618 τὸν
687 1564 1177 1637 χειροτονηθέντα·
1236 1564 1332 1617 καὶ
1395 1562 1571 1624 οὓτως
1628 1559 1984 1615 ἀπολύουσιν.

414 1658 476 1711 ’0
504 1657 562 1719 δέ
601 1672 666 1725 γε
704 1659 834 1718 λαὸς
884 1656 1348 1726 προσερχόμενος,
1379 1652 1518 1708 ἀλλὰ
1560 1654 1624 1724 δὴ
1679 1654 1775 1707 καὶ
1822 1654 1982 1723 ίερω-

408 1751 582 1821 μένοι,
629 1749 965 1814 ἀσπάζονται
1018 1749 1118 1817 τὴν
1146 1747 1239 1801 τοῦ
1274 1745 1748 1818 χειροτονηθέντος
1798 1746 1978 1813 χεῖρα,

2096 539 2149 592 in
2180 539 2328 595 hunc
2359 545 2576 599 modum
2606 545 2953 616 :Praeparato
2985 560 3039 604 et
3073 550 3352 619 proposito
3379 554 3579 611 throno
3623 558 3679 613 in

2095 641 2207 695 quo
2256 628 2409 684 sedet
2469 633 2955 704 archiepiscopus,
3015 647 3069 692 et
3128 641 3287 707 peplo
3350 642 3517 698 solito
3574 644 3681 714 ipsi

2096 719 2378 787 adaptato,
2418 723 2675 794 factaque
2704 742 2866 797 prece
2902 744 2931 784 a
2986 732 3332 802 presbytero,
3360 742 3413 789 et
3450 752 3684 805 ptmsen-

2097 808 2245 866 tibus
2288 813 2662 883 episeOpianis
2693 820 2951 877 omnibus
2991 823 3256 894 trisagion
3323 829 3680 884 cantantibus

2095 913 2150 957 et
2174 919 2361 959 cereos
2395 906 2785 977 delerentibus,
2837 922 2893 968 et
2956 916 3328 971 circumdaute
3380 920 3536 988 plebe
3593 921 3681 975 in-

2098 986 2441 1052 throuizatur
2516 1003 2810 1060 ordinatus
2867 1006 3159 1078 episcopus
3231 1024 3259 1063 a
3329 1012 3677 1067 sacerdozum

2098 1090 2294 1157 primo,
2330 1100 2385 1146 et
2416 1107 2483 1147 eo
2513 1096 2606 1164 qui
2643 1106 2770 1166 post
2807 1100 2985 1169 ipsum
3020 1104 3296 1159 secundus
3325 1110 3458 1175 agit,
3487 1117 3677 1174 terque

2098 1200 2124 1236 a
2159 1187 2496 1257 presbyteris
2523 1191 2578 1245 in
2612 1192 2813 1248 throno
2840 1194 3165 1260 collocatur,
3215 1200 3673 1269 exclanmttibus,

2102 1293 2121 1328 ι
2156 1275 2381 1348 Dignus.
2415 1299 2435 1333 ι
2475 1281 2679 1339 Deinde
2708 1301 2774 1341 eo
2803 1287 3028 1343 sedente
3076 1289 3273 1347 faustis
3324 1294 3677 1349 acclamatio-

2096 1368 2281 1434 nibus,
2343 1371 2699 1442 imperatores
2752 1390 3166 1450 prosequuntur
3203 1385 3678 1457 archiepiscopum

2095 1467 2151 1514 et
2184 1463 2361 1530 ipsum
2392 1464 2731 1530 ordinatum,
2764 1478 2815 1523 et
2846 1470 2927 1525 sic
2985 1473 3320 1531 celebratum
3371 1479 3677 1537 dimittunt.

2097 1554 2337 1625 Populus
2361 1571 2542 1613 autem
2578 1563 2874 1628 accedens,
2903 1576 3068 1633 atque
3121 1567 3286 1622 etiam
3348 1570 3534 1626 clerici
3585 1588 3677 1627 sa-

2096 1648 2233 1701 crati
2263 1649 2586 1703 osculantur
2612 1651 2847 1707 ordinati
2881 1669 3128 1720 manum,
3159 1667 3213 1711 et
3270 1658 3674 1715 benedicuntur
3710 1684 3713 1687 ·

2096 1737 2189 1805 qui
2233 1754 2357 1792 cum
2396 1739 2498 1793 Iide
2527 1751 2887 1797 concurrunt.
2931 1743 3069 1799 Cum
3098 1748 3243 1802 enim
3273 1748 3344 1803 sit
3369 1765 3563 1806 recens
3592 1768 3678 1806 or-

405 1843 501 1896 κα)⁵
556 1840 929 1920 εὐλογοῦνται,
980 1840 1124 1911 μετὰ
1180 1840 1417 1902 πίστεως
1467 1840 1800 1910 τρέχοντες·
1836 1841 1979 1890 ἐπει-

2095 1829 2335 1894 dinatus,
2366 1838 2516 1886 totus
2548 1842 2634 1888 est
2666 1848 2931 1906 purgatus
2960 1845 3012 1892 et
3066 1839 3426 1905 illuminattts,
3464 1844 3673 1914 gratia-

400 1937 577 2008 δήπερ
609 1937 802 1990 νεωστὶ
828 1935 1233 2007 χειροτονηθεὶς
1266 1936 1387 1997 ὅλος
1413 1935 1530 1987 ἐστὶ
1565 1933 1983 2001 κεκαθαρμένος

399 2045 460 2082 τε
506 2031 600 2081 καὶ
655 2031 1088 2099 πεφωτισμένος,
1117 2030 1210 2083 καὶ
1250 2028 1326 2098 τῷ
1356 2025 1700 2095 ὲγκαινισμῷ
1751 2028 1782 2096 ἡ
1820 2027 1980 2095 χάρις

404 2119 561 2191 165
599 2121 985 2192 δαψιλέστερον
1012 2123 1331 2191 χορηγεῖται
1365 2121 1517 2190 παρὰ
1564 2120 1674 2173 τῶν
1703 2120 1981 2172 λαϐόντων

398 2213 568 2283 αὐτὴν
593 2212 820 2269 ἄνωθεν.
843 2213 977 2267 Τότε
994 2214 1051 2267 δὲ
1080 2214 1203 2266 οὐδὲ
1232 2213 1505 2268 κωλύεται
1532 2213 1778 2279 εὐλογεῖν
1812 2210 1980 2279 ἄλλης

398 2304 474 2356 ῶν
509 2304 810 2368 ἐπίσκοπος
844 2305 1055 2367 πόλεως
1078 2348 1093 2371 ,
1129 2303 1252 2357 ἐπεὶ
1304 2303 1367 2357 τὸ
1414 2303 1696 2371 ἐνδόσιμον
1736 2302 1870 2372 ἔχει,
1904 2303 1980 2366 ῶς

398 2394 521 2463 ἄρτι
569 2395 993 2464 χειροτονηθείς.
1024 2394 1310 2463 Λαμῦἀνει
1362 2395 1420 2446 δὲ
1467 2397 1563 2447 καὶ
1606 2395 1698 2446 τὸν
1732 2395 1977 2463 μανδύαν

403 2487 542 2552 μετὰ
592 2486 699 2538 τῶν
747 2485 1007 2553 ποταμῶν
1039 2486 1114 2546 ῶς
1152 2484 1494 2550 διδάσκαλος,
1534 2483 1649 2545 τοῦ,
1692 2502 1712 2535 ε
1755 2485 1849 2536 Ἐκ
1872 2484 1981 2536 τῶν

401 2573 644 2642 οὐρανῶν
692 2575 854 2638 ἐδέξω
883 2574 982 2644 τὴν
1014 2574 1165 2627 θείαν
1214 2574 1400 2644 χάριν,
1450 2591 1468 2626 ›
1506 2573 1804 2643 λεγομένου
1832 2587 1846 2603 ·
1895 2575 1981 2627 ὅτι

401 2665 492 2718 καὶ
532 2663 641 2717 ἀπὸ
668 2665 780 2717 τῶν
828 2665 1075 2734 οὐρανῶν
1102 2667 1134 2733 ἡ
1166 2667 1328 2736 χάρις
1355 2668 1486 2736 ἡμῖν
1513 2666 1806 2735 ἐκκέχυται
1829 2682 1843 2698 ’
1884 2667 1979 2719 καὶ

401 2759 463 2810 τὸ
521 2758 809 2826 ἐγκόλπιον
864 2758 940 2820 ῶς
1002 2759 1182 2811 ἔνθεον
1243 2760 1581 2829 ἀρραϐῶναο
1628 2760 1711 2813 ὃτι
1768 2760 1862 2812 καὶ
1918 2760 1979 2813 τὸ

403 2847 696 2917 πρόσωπον
732 2848 887 2918 φέρει
918 2848 1177 2917 Χριστοῦ,
1206 2850 1301 2902 καὶ
1337 2851 1393 2900 ὲν
1439 2848 1661 2919 Χριστῷ
1698 2849 1793 2901 τοῦ
1826 2849 1978 2919 πρὼ-

398 2955 493 2991 του
524 2939 826 3009 ἀρχιερέως
848 2956 865 2972 ·
894 2940 985 2992 καὶ
1015 2941 1096 2992 ὅτι
1130 2941 1363 3009 νυμφίος
1396 2942 1587 3007 γέγονε
1616 2941 1715 3010 τῆς
1750 2940 1979 3011 Ἐκκλη-

400 3029 519 3092 σίας
576 3031 836 3101 Χριστοῦ,
862 3032 959 3084 καὶ
1007 3033 1065 3084 ὲν
1120 3032 1199 3103 τῷ
1231 3031 1412 3101 καιρῷ
1466 3032 1564 3101 τῆς
1616 3034 1978 3102 νυμφεύσεως

398 3122 579 3174 πᾶσαν
632 3123 893 3191 κέκτηται
947 3123 1045 3191 τὴν
1095 3122 1281 3177 ἄδειαν
1349 3122 1595 3191 εὐλογεῖν
1649 3141 1707 3175 τε
1761 3127 1857 3177 καὶ
1890 3122 1979 3176 εὖ·
2010 3160 2051 3216 c

2090 1937 2194 1986 que
2228 1921 2278 1974 in
2312 1920 2415 1976 hac
2448 1936 2586 1977 nova
2615 1929 3032 1985 consecratione
3060 1930 3438 1988 abundantius
3487 1936 3556 1991 ab
3605 1936 3673 1992 iis

2089 2009 2468 2078 suppeditatur
2503 2013 2595 2081 otii
2624 2028 2743 2069 eam
2798 2031 3035 2087 superne
3073 2034 3425 2091 acceperunt.
3480 2025 3674 2098 Neque

2089 2100 2252 2155 etiam
2280 2110 2412 2159 tunc
2439 2104 2768 2164 benedicere
2799 2111 3145 2181 prohibetur,
3185 2115 3315 2172 licet
3350 2117 3575 2175 alterius
3602 2121 3677 2177 sit

2091 2190 2244 2245 urbis
2276 2193 2588 2265 episcopus,
2619 2212 2745 2252 cum
2780 2199 2943 2270 hujus
2982 2205 3082 2269 rei,
3120 2215 3181 2262 ut
3212 2222 3407 2264 recens
3442 2211 3675 2265 ordinu-

2089 2291 2177 2336 tus
2198 2321 2214 2345 ,
2256 2294 2584 2352 potestatem
2615 2290 2837 2348 habeat.
2869 2294 3085 2367 Accipit
3117 2314 3339 2370 quoque
3382 2304 3676 2376 mandyam

2088 2374 2204 2427 sive
2237 2376 2461 2443 pallium
2493 2380 2818 2438 undulatum
2855 2386 2997 2442 velut
3025 2389 3239 2458 doctor,
3266 2392 3395 2447 dum
3430 2374 3629 2450 dicitur
3658 2414 3675 2453 :

2096 2485 2116 2517 ‹
2148 2466 2225 2521 De
2248 2469 2403 2525 caelis
2441 2474 2698 2541 accepisti
2736 2476 2975 2533 divinam
3017 2483 3290 2553 gratiam;
3324 2504 3343 2539 ι
3398 2488 3527 2557 quia
3553 2505 3676 2559 gra-

2089 2556 2161 2609 tia
2203 2570 2234 2611 e
2264 2559 2418 2616 caelis
2446 2560 2499 2614 in
2528 2576 2626 2616 nos
2657 2564 2827 2619 eliusa
2856 2576 2963 2632 est,
2996 2578 3048 2624 et
3074 2586 3173 2641 per
3193 2556 3533 2646 eneolpium,
3555 2556 3676 2637 sive

2089 2661 2187 2715 per
2218 2652 2398 2706 crucis
2432 2652 2680 2724 reliquiis
2699 2657 2937 2726 gravidae
2966 2675 3092 2729 quae
3147 2664 3288 2718 collo
3343 2671 3675 2738 appenditur

2089 2741 2466 2807 traditionem,
2504 2755 2563 2800 ut
2617 2763 2717 2817 per
2751 2749 2999 2807 divinum
3062 2756 3427 2813 arrltabonem
3475 2763 3675 2818 contir-

2089 2842 2306 2887 matur:
2340 2839 2602 2905 quoniam
2647 2841 2811 2897 etiam
2844 2859 3131 2914 personam
3162 2847 3368 2905 Christi
3414 2855 3673 2921 sustinet,

2086 2931 2141 2978 et
2174 2924 2227 2978 in
2256 2925 2480 2984 Christo
2512 2934 2672 3000 primi
2704 2934 3130 3006 episc0pi.Quia
3165 2940 3403 3011 denique
3434 2960 3672 3015 sponsus

2088 3014 2344 3071 Ecclesiae
2376 3018 2582 3077 Christi
2613 3021 2791 3080 Iactus
2838 3033 2940 3091 est,
2984 3036 3037 3082 et
3092 3030 3192 3085 hac
3219 3033 3432 3090 ratione
3454 3014 3674 3094 omnem

2089 3104 2252 3161 habet
2287 3116 2609 3174 potestatem
2647 3114 3024 3179 benedicendi,
3075 3126 3130 3173 et
3185 3125 3444 3189 precandi
3505 3142 3670 3196 quam

399 3216 610 3283 χεσθαι,
638 3198 706 3286 ἦν
735 3215 830 3267 καὶ
873 3217 902 3268 ό
943 3214 1171 3285 γνήσιος
1221 3214 1382 3277 αὐτὸς
1417 3215 1707 3287 ἀρχιερεύς
1733 3228 1747 3242 ⁶
1775 3216 1836 3268 οὐ
1873 3215 1979 3286 μὴν

2086 3211 2383 3266 germanus
2415 3201 2560 3256 illius
2584 3205 2737 3261 urbis
2768 3208 3081 3277 episcopus,
3136 3224 3244 3264 non
3277 3222 3461 3269 tamen
3515 3217 3673 3273 ordi-

396 3304 453 3358 δὲ
491 3307 841 3376 χειροτονεῖν.
871 3307 980 3358 Καὶ
1010 3304 1225 3375 εύλογεῖ
1253 3305 1309 3359 δὲ
1333 3307 1621 3377 παρρησίᾳ
1651 3307 1772 3359 κατ’
1806 3305 1978 3374 αὐτὴν

400 3396 568 3468 μόνην
597 3395 696 3468 τὴν
722 3397 962 3470 ἡμέραν.

968 3504 1219 3564 ΚΕΦΑΛ.
1263 3506 1406 3566 ΣΙΖ’.

394 3597 561 3652 Διατί
585 3595 999 3668 προπέμπεται
1035 3600 1106 3654 ἐν
1163 3601 1241 3670 τῇ
1284 3603 1480 3675 πόλει,
1521 3603 1622 3658 καὶ
1679 3605 1977 3675 εὐλογεῖό

950 3673 1417 3740 χειροτονηθείς.

464 3761 557 3816 Διδ
588 3761 685 3816 καὶ
709 3765 849 3833 μετὰ
875 3763 978 3835 τὴν
1001 3764 1285 3833 τράπεζαν
1310 3765 1770 3837 ὲπικαθεζόμενος
1797 3769 1971 3841 ἵππῳ,

390 3854 585 3909 κυκλοῖ
639 3854 741 3927 τὴν
775 3854 933 3910 πόλιν
981 3856 1454 3927 δορυφορούμενος
1477 3876 1490 3891 ·
1524 3861 1622 3913 καὶ
1679 3861 1972 3929 σφραγίζει

390 3947 602 4011 πάντας
628 3947 724 4000 καὶ
755 3946 990 4016 εὐλογεῖ,
1024 3947 1268 4017 ἁγιάζων
1290 3951 1358 4020 τῇ
1391 3951 1648 4019 σφραγῖδι
1669 3950 1768 4021 τὴν
1792 3952 1970 4020 πόλιν,

386 4041 491 4096 καὶ
514 4041 876 4113 ἐπευχόμενος
900 4041 977 4106 ὡς
1012 4042 1199 4105 καινὸς
1242 4043 1486 4111 γεγονὼς
1532 4046 1840 4116 ἀρχιερεὺς.
1871 4046 1975 4113 τῆς

386 4132 840 4204 ἑγκαινισθείσης
869 4133 1023 4203 αύτῷ
1065 4133 1378 4203 μεταδιδοὺς
1405 4134 1556 4198 θείας
1588 4136 1834 4206 χάριτος,
1876 4137 1973 4189 καὶ

384 4226 665 4298 ἁγιασμδν
692 4229 761 4299 τῇ
800 4227 1024 4300 εὐλογίᾳ
1054 4228 1331 4301 χορηγῶν,

958 4517 1212 4573 ΚΕΦᾹΛ.
1277 4519 1426 4575 ΣΙΙΥ.

385 4631 459 4688 Τί
490 4633 556 4685 τὸ
582 4630 871 4687 ἀπελθεῖν
893 4635 981 4699 είς
1000 4633 1109 4687 τὸν
1129 4633 1398 4697 ,βασιλέα
1425 4633 1521 4686 καί
1549 4634 1842 4699 εὔξασθαι
1862 4637 1971 4691 τὸν

461 4704 681 4775 νεωστὶ
743 4703 1241 4775 χειροτονηθέντα
1296 4704 1594 4774 ἀρχιερέα,
1661 4708 1759 4762 καὶ
1808 4706 1970 4775 ὅπως

460 4771 646 4826 τοῦτο
673 4771 912 4840 πρῶτον
937 4774 1192 4842 ἐγίνετο.

455 4860 554 4913 Διὸ
578 4860 642 4931 δὴ
671 4863 763 4914 καὶ
785 4861 860 4923 ὡς
887 4863 1026 4931 πρὸς
1051 4862 1185 4915 Θεὸν
1230 4864 1548 4935 παρρησίαν
1577 4866 1715 4936 ἔχων
1762 4869 1859 4922 καὶ
1900 4870 1967 4941 τῇ

379 4954 699 5023 χειροτονίᾳ
721 4952 1039 5022 δυνάμενος,
1077 4952 1169 5006 καὶ
1201 4953 1279 5022 τῷ
1315 4954 1527 5023 βασιλεῖ
1561 4957 1838 5024 πέμπεται
1874 4958 1967 5011 εύ-

382 5041 617 5110 ξόμενος
642 5041 782 5111 ὑπὲρ
803 5040 992 5105 αὑτοῦ,
1033 5044 1128 5096 καὶ
1153 5041 1270 5112 ἅμα
1295 5043 1371 5107 ὡς
1398 5046 1621 5115 χριστὸς
1653 5046 1858 5115 Κυρίου
1889 5046 1967 5118 τῷ

379 5133 694 5201 Πνεύματι,
741 5134 835 5185 τὸν
877 5133 1097 5204 χριστὸν
1149 5135 1351 5205 Κυρίου
1388 5137 1464 5207 τῷ
1519 5136 1676 5207 μύρῳ
1726 5138 1968 5207 εὐλογῶν

378 5226 488 5281 καὶ
511 5222 777 5295 ἐνισχύων
805 5227 921 5288 ταῖς
952 5227 1161 5296 εὐχαῖς.
1199 5227 1362 5280 Ὀθεν
1396 5230 1489 5282 καὶ
1522 5227 1775 5282 ἀπελθὼν
1810 5229 1968 5301 εὐχε-

377 5333 480 5371 ται
517 5316 587 5370 τὰ
620 5318 755 5386 πρὸς
786 5320 1061 5386 σωτηρίαν
1090 5317 1261 5387 αὐτῷ·
1326 5322 1415 5373 ὅτε
1450 5321 1543 5373 καὶ
1574 5321 1838 5391 πρότερον
1870 5324 1968 5393 μὲν

379 5408 603 5477 ιγίνετο
634 5405 900 5477 θεοφιλῶς
944 5422 1003 5460 τε
1050 5408 1146 5460 καὶ
1180 5408 1411 5473 δεόντως
1456 5411 1694 5482 ήτάξις,
1735 5415 1814 5467 διὸ
1870 5415 1966 5468 καὶ

377 5499 656 5570 ἀνύσιμος
683 5494 752 5571 ἦν
779 5501 812 5570 ὴ
847 5497 940 5553 τοῦ
974 5500 1275 5571 ἀρχιερέως
1309 5503 1443 5573 εὐχή
1476 5518 1491 5533 ³
1519 5503 1617 5559 νῦν
1641 5504 1698 5558 δὲ
1744 5506 1968 5561 τούναν-

375 5595 507 5649 τίον
538 5591 847 5661 γινόμενον,
880 5592 1162 5663 ἄπρακτον
1199 5592 1298 5664 τὴν
1325 5594 1490 5666 εὐχὴν
1539 5596 1857 5667 ἀποφαίνει.
1893 5599 1967 5653 Τὸ

379 5686 620 5756 ἀρχαῖον
635 5685 747 5753 γὰρ
785 5683 910 5747 {Hoc
957 5679 1047 5753 ἦν,
1074 5684 1158 5737 ὅτι
1192 5686 1661 5757 ἁποστελλομένου
1715 5688 1812 5745 τοῦ
1847 5694 1967 5761 ῥαι-

296 5818 299 5823 .
380 5774 750 5851 φερενδαρίου
781 5777 921 5848 μετὰ
965 5776 1060 5832 τοῦ
1094 5778 1398 5850 ἀρχιερέως
1444 5780 1527 5846 είς
1573 5782 1643 5837 τὰ
1689 5782 1959 5853 βασίλεια,

2001 4510 2052 4571 ι)

2089 3291 2275 3344 nandi.
2312 3290 2596 3349 Benedicit
2628 3305 2810 3353 autem
2848 3300 3066 3368 publice
3089 3311 3143 3357 et
3175 3306 3517 3364 conlidenter
3574 3325 3672 3380 per

2088 3381 2234 3436 hunc
2255 3384 2430 3439 solum
2458 3386 2626 3443 diem.

2614 3503 2848 3561 CAPUT
2887 3506 3137 3565 CCXVII.

2086 3587 2263 3653 Q'tare
2287 3593 2553 3649 civitatem
2585 3601 2878 3666 perequitat
2903 3616 3080 3656 recens
3105 3605 3387 3661 ordinatus
3422 3614 3476 3661 et
3503 3603 3667 3665 bene-

2452 3666 2736 3719 dictionem
2769 3670 2999 3736 impertit
3029 3675 3293 3732 omnibus.

2155 3751 2283 3809 Ideo
2314 3765 2602 3826 postquam
2638 3757 2707 3813 ab
2740 3758 2899 3814 altari
2930 3765 3178 3833 recessit,
3213 3781 3357 3837 equo
3417 3767 3668 3828 insidens

2082 3852 2238 3914 gyrat
2270 3847 2459 3901 urbem
2477 3889 2494 3916 ,
2518 3849 2813 3904 satellitum
2842 3860 3181 3907 armatorum
3203 3871 3407 3912 corona
3427 3861 3668 3932 cinctus,

2082 3936 2375 4004 crucisque
2407 3937 2566 4008 signo
2595 3938 2779 4010 signat
2819 3954 3035 4008 omnes,
3091 3952 3149 3999 et
3203 3946 3516 4004 benedicit:
3570 3967 3665 4006 ur-

2082 4025 2205 4080 bem
2257 4042 2479 4097 quoque
2532 4030 2692 4101 signo
2745 4034 2929 4089 crucis
2965 4035 3315 4105 sanctiﬁcat;
3350 4050 3407 4095 et
3471 4054 3662 4109 preces

2082 4113 2291 4170 faciens
2317 4129 2374 4170 ut
2403 4133 2579 4174 novus
2611 4120 2792 4177 factus
2830 4124 3128 4194 episcopus
3156 4127 3396 4184 divinam
3434 4131 3663 4204 insuper

2081 4208 2310 4275 gratiam
2351 4224 2458 4280 qua
2508 4226 2601 4279 per
2652 4227 2851 4268 novam
2896 4218 3366 4274 consecrationem
3426 4220 3663 4279 donatus

2079 4308 2187 4364 est,
2212 4302 2602 4369 communicat,
2641 4315 2695 4360 et
2743 4307 3234 4364 sanetiﬂcationem
3279 4313 3664 4372 benedictione

2080 4391 2335 4462 largitur.

2606 4509 2833 4567 CAPUT
2865 4511 3143 4572 CCXVIII.

2076 4624 2254 4691 Quare
2310 4643 2487 4680 recens
2525 4627 2805 4683 ordinatus
2853 4631 3127 4698 episcopus
3181 4632 3289 4686 abit
3334 4633 3405 4685 ad
3428 4635 3658 4702 impera-

2144 4704 2308 4774 tarem
2333 4708 2588 4774 et‘pro‘eo
2621 4713 2885 4764 precatur,
2918 4710 2969 4754 et
3005 4704 3265 4770 quomodo
3310 4705 3407 4758 hoc
3454 4707 3657 4774 pridem

2143 4765 2343 4832 factum
2381 4765 2562 4836 fuerit.

2144 4852 2506 4924 Quapropter,
2541 4865 2600 4910 ιιι
2649 4857 2793 4927 apud
2829 4858 2998 4915 Deum
3032 4864 3419 4920 confidentiam
3455 4881 3652 4922 conse-

2070 4956 2256 5013 cutus,
2290 4960 2342 5003 et
2377 4948 2725 5006 ordinatione
2756 4970 2853 5008 sua
2892 4963 3110 5024 potens,
3143 4959 3210 5013 ad
3264 4960 3649 5025 imperatorem

2074 5041 2311 5093 mittitur
2341 5041 2457 5111 ipse
2497 5043 2635 5098 bene
2683 5055 3033 5112 precaturus,
3062 5059 3115 5103 et
3174 5051 3343 5105 simul
3398 5062 3458 5105 ιιι
3510 5053 3653 5107 chri-

2073 5142 2192 5187 stus
2224 5133 2432 5187 Domini
2469 5151 2563 5203 per
2597 5134 2881 5206 Spiritum,
2907 5140 3171 5194 cltristum
3219 5141 3429 5196 [)mnini
3470 5144 3649 5199 cltris-
3690 5194 3697 5199 .

2072 5236 2217 5281 mate
2269 5226 2472 5281 factum
2526 5229 2820 5291 benedicit.
2879 5243 2932 5287 et
2990 5233 3245 5300 precibus
3303 5236 3644 5290 corroborat.

2074 5318 2230 5377 Unde
2264 5320 2330 5374 ad
2362 5338 2485 5376 eum
2524 5325 2756 5395 accedit,
2801 5335 2854 5380 et
2899 5343 3020 5396 quin
3074 5327 3335 5381 salutaria
3386 5337 3533 5394 sunt,
3599 5330 3652 5388 ei

2070 5424 2348 5482 precatur.
2400 5416 2501 5472 llic
2551 5419 2685 5473 ordo
2733 5420 2884 5488 prius
2930 5422 3188 5473 decenter
3234 5430 3287 5473 ct
3342 5421 3647 5474 seruntlttttt

2071 5505 2237 5562 Deum
2273 5518 2518 5566 amanter
2544 5511 2980 5579 observabatur;
3015 5511 3139 5566 ideo
3167 5511 3409 5581 episcopi
3466 5516 3647 5566 oratio

2070 5599 2366 5668 plurimum
2397 5611 2516 5657 erat
2542 5602 2690 5657 utilis
2712 5611 2765 5658 et
2794 5602 3009 5658 enicas.
3033 5601 3191 5658 Nunc
3240 5619 3368 5655 vero
3428 5614 3648 5659 eontra-

2070 5690 2213 5748 ritim
2247 5695 2595 5750 observatum
2629 5696 2932 5750 orationem
2968 5696 3147 5751 reddit
3174 5695 3446 5750 inutilem.
3491 5698 3645 5767 Anti-

2068 5787 2255 5858 quitus
2279 5803 2396 5844 mos
2428 5799 2545 5846 erat
2578 5799 2636 5844 ut
2689 5788 3001 5845 mitteretur
3023 5787 3464 5858 _rcfercndarius
3524 5804 3644 5843 cum
