4108 6262
417 363 519 431 431

1236 365 1629 428 SYMEONIS
1670 366 2436 432 THESSA‘LONICENSIS
2476 368 2839 430 ARCHIEP.

3573 365 3680 433 432

416 480 676 549 episcopo
705 477 761 532 in
783 475 1017 534 Caesaris
1049 477 1342 547 palatium,
1406 479 1639 551 piusque
1697 479 1993 549 imperator

2098 480 2272 534 ἐποίει
2327 483 2674 552 παράστασιν
2712 481 2741 532 6
2773 475 3010 547 εὐσεϐὴς
3044 475 3330 546 βασιλεὺς,
3367 478 3462 530 καὶ
3521 480 3681 549 ἐρχό-

416 572 707 626 stationem
742 570 943 624 faceret
975 570 1151 626 donec
1185 573 1396 625 veniret
1421 572 1733 641 episcopus.
1762 569 1838 626 Eo
1884 571 1989 641 igi-

417 673 507 717 tur
532 662 823 718 accedente
858 660 1074 718 dicebat
1099 660 1406 719 diaconus:
1436 681 1455 714 ι
1488 661 1780 718 Dominum
1803 663 1995 733 depre-

418 770 658 818 cemur,»
689 763 744 809 et
771 754 1063 823 episcopus
1085 753 1391 808 orationem
1422 752 1653 823 legebat,
1687 762 1996 823 praestoque

415 854 531 902 erat
553 845 924 911 thuribulum,
958 854 1016 899 ut
1039 844 1309 899 scribitur
1340 844 1394 898 in
1423 842 1546 897 Vita
1565 845 1738 898 sancti
1768 844 1992 913 Amphi-

414 938 604 995 lochii.
645 935 761 991 Hoc
791 950 937 991 nunc
960 934 1092 990 facit
1116 934 1428 1006 patriarcha
1472 934 1665 1004 quinta
1689 934 1777 989 die
1807 947 1949 988 nova
1974 950 1989 988 :

416 1033 708 1102 episcopus
742 1028 1295 1097 aceeptothuribulo,
1329 1027 1492 1082 thure
1540 1027 1769 1082 incenso
1824 1027 2007 1094 impe-’

413 1133 648 1178 ratorem
686 1121 980 1193 perfundit,
1012 1130 1216 1176 etcum
1246 1120 1367 1189 ipso
1413 1118 1787 1174 communicat
1848 1117 1991 1172 divi—

413 1234 537 1271 nam
574 1217 804 1286 gratiam
835 1225 891 1270 et
917 1213 1430 1269 sanctiﬁcationem.
1458 1212 1770 1267 lnclinante
1825 1218 1992 1281 caput

413 1314 768 1380 imperatore,
803 1317 862 1360 ut
884 1304 1219 1376 signiﬁcatur
1248 1303 1300 1357 in
1335 1304 1458 1360 Vita
1515 1301 1689 1358 sancti
1751 1301 1987 1355 Ambro-

411 1402 504 1465 sii,
550 1397 901 1469 impertiebat
952 1395 1030 1451 illi
1078 1392 1516 1450 benedictionem
1564 1392 1878 1461 episcOpns,
1933 1400 1992 1444 ut

413 1508 604 1549 recens
633 1490 943 1553 ordinatus,
981 1496 1037 1540 et
1071 1484 1184 1554 jam
1218 1482 1426 1554 Spiritu
1452 1483 1765 1547 innovatus,
1798 1491 1853 1537 et
1900 1497 1990 1534 va-

410 1590 529 1643 lens
559 1587 615 1640 in
646 1583 869 1639 Christo
897 1579 1225 1636 benedicere
1282 1584 1337 1631 et
1389 1574 1753 1631 sanctificare.
1796 1572 1989 1627 Postea

411 1682 795 1749 imperatorem
828 1672 881 1729 in
909 1687 1006 1727 ore
1038 1669 1392 1726 osculabatur
1426 1675 1648 1738 propter
1690 1681 1810 1719 eam
1865 1679 1989 1733 qua:

410 1769 465 1823 in
514 1765 737 1821 Christo
757 1771 843 1818 est
874 1775 1088 1832 pacem,
1125 1759 1447 1814 eharitatem
1501 1764 1556 1811 et
1600 1757 1991 1810 sanctiﬁcatio-

2102 589 2262 643 μενος
2294 574 2322 626 6
2370 573 2684 644 ἀρχιερεὺς,
2738 570 2836 624 τοῦ
2884 570 3135 624 διακόνου
3194 569 3473 638 λέγοντος.
3514 589 3533 623 ι
3572 569 3681 626 Τοῦ

2096 666 2303 736 Κυρίου
2323 666 2626 736 δεηθῶμεν,
2660 684 2679 717 ι
2720 663 3063 733 ἀνεγίνωσκε
3106 664 3206 731 τὴν
3240 662 3430 733 εὐχὴν,
3459 664 3555 716 καὶ
3589 663 3680 717 δν-

2094 774 2186 822 τος
2214 757 2504 827 θυμιατοῦ,
2536 759 2611 818 ὡς
2644 757 2740 811 καὶ
2764 757 2821 809 ὲν
2857 756 2937 825 τῷ
2965 754 3065 825 βίῳ
3096 754 3190 808 τοῦ
3222 754 3371 807 θείου
3420 755 3681 824 ⁹Λμιριλο-

2094 850 2217 919 χίου
2240 850 2573 919 γέγραπται,
2598 847 2757 901 τοῦτο
2783 846 2840 900 δὲ
2872 845 2968 898 νῦν
3005 846 3033 899 6
3072 845 3430 915 πατριάρχης
3467 847 3532 916 τῇ
3582 847 3681 914 νέᾳ

2095 941 2329 1011 Πέμπτῃ
2362 942 2529 1002 ποιεῖ,
2576 939 2875 1008 λαμϐάνων
2905 938 2935 990 6
2963 937 3258 1007 ἀρχιερεὺς
3301 937 3361 989 τὸ
3389 935 3673 1007 θυμιατδν,

2094 1030 2296 1099 ἑθυμία
2325 1029 2418 1083 τὸν
2455 1028 2703 1098 βασιλέα,
2748 1025 3065 1096 μεταδιδοὺς
3091 1025 3242 1095 αὐτῷ
3275 1025 3427 1087 θείας
3454 1025 3678 1095 χάριτος

2094 1124 2189 1178 καὶ
2221 1121 2526 1192 ἁγιασμοῦ,
2564 1122 2660 1174 καὶ
2710 1119 3096 1181 ὐποκλίνοντος
3125 1117 3219 1171 τοῦ
3268 1117 3538 1187 βασιλέως
3581 1117 3679 1185 τὴν

2095 1214 2358 1284 κεφαλὴν,
2405 1213 2482 1276 ὡς
2540 1213 2635 1266 καὶ
2687 1212 2744 1264 ὲν
2774 1209 2852 1278 τῷ
2905 1209 3007 1279 βίῳ
3054 1207 3152 1261 τοῦ
3216 1209 3376 1277 ἁγίου
3422 1206 3683 1274 δηλοῦται

2106 1305 2458 1374 Ἀμϐροσίου,
2493 1303 2668 1356 ἐδίδου
2720 1300 2976 1369 εὐλογίαν
3004 1299 3154 1368 αὐτῷ
3184 1299 3214 1351 6
3260 1299 3576 1369 ἀρχιερεὺς,
3603 1297 3680 1359 ὡς

2093 1395 2291 1446 νεωστὶ
2316 1392 2716 1463 χειροτονηθεὶς
2752 1393 2846 1444 καὶ
2872 1390 3242 1458 έγκαινισθεὶς
3268 1389 3370 1460 ήδη
3393 1388 3472 1459 τῷ
3508 1388 3680 1441 11νεύ-

2096 1503 2250 1554 ματι,
2288 1485 2379 1538 καὶ
2409 1484 2610 1554 ίσχύων
2627 1485 2685 1538 ἐν
2710 1481 2936 1552 Χριστῷ
2968 1484 3196 1553 είρήνην
3250 1497 3310 1534 τε
3334 1483 3427 1532 καὶ
3454 1481 3678 1550 ἀγάπην

2093 1578 2188 1631 καὶ
2210 1579 2303 1630 τὸν
2333 1577 2609 1643 ἁγιασμόν
2633 1589 2648 1605 '
2684 1575 2843 1642 ἅγιος
2887 1574 2996 1643 γὰρ
3026 1576 3092 1643 τῇ
3142 1572 3397 1628 κοινωνία
3430 1572 3541 1624 τῶν
3574 1588 3681 1640 μυ-

2095 1664 2334 1733 στηρίων
2367 1665 2463 1716 καὶ
2488 1665 2554 1733 τῇ
2602 1660 2912 1732 χειροτονίᾳ
2962 1665 2989 1715 6
3020 1662 3339 1732 ἀρχιερεύς.
3396 1661 3559 1714 Ἀλλὰ
3583 1662 3678 1714 καὶ

2092 1756 2167 1820 ὼς
2187 1756 2471 1809 κοινωνίαν
2492 1755 2630 1824 μετὰ
2649 1755 2743 1808 τοῦ
2771 1753 3033 1824 βασιλέως
3062 1754 3204 1824 ἔχων
3230 1757 3296 1825 τῇ
3311 1751 3623 1824 χείροτονίᾳ
3649 1754 3678 1806 ὁ

409 1873 557 1915 nem.
589 1855 823 1910 Sanctus
855 1852 1002 1907 enim
1034 1858 1115 1904 est
1147 1849 1443 1919 episcopus
1507 1862 1615 1902 non
1667 1847 1832 1901 modo
1879 1861 1998 1919 my-

2106 1848 2395 1918 ἀρχιερεύς
2414 1846 2573 1899 τοῦτο
2597 1845 2793 1899 ἐποίει·
2812 1847 2895 1900 ὃτι
2918 1848 2946 1900 6
2977 1847 3075 1916 μὲν
3098 1845 3177 1916 τῷ
3206 1845 3471 1916 χρίσματι
3500 1845 3676 1911 ἅγιος,

412 1950 705 2004 steriorum
726 1942 1113 1998 communione
1135 1949 1191 1995 et
1224 1940 1597 2004 ordinatione,
1619 1952 1809 1993 verum
1826 1939 1990 1993 etiam

410 2040 517 2094 hoc
543 2038 673 2092 facit
706 2045 765 2090 ut
792 2034 1003 2089 habens
1033 2032 1381 2088 ordinatione
1413 2046 1512 2087 sua
1567 2045 1692 2086 cum
1743 2032 1986 2102 impera-

411 2142 530 2186 tore
575 2128 1045 2182 communionem.
1108 2123 1243 2178 Nam
1320 2123 1617 2193 religiosus
1691 2123 1989 2192 imperator

410 2221 711 2278 chrismate
786 2217 1005 2288 quidem
1066 2224 1289 2271 sanctus
1352 2224 1455 2279 est,
1508 2214 1802 2282 episcopus
1858 2228 1988 2268 vero

409 2312 774 2369 ordinatione.
805 2308 935 2363 Post
959 2307 1209 2363 osculum
1236 2306 1539 2360 honorabat
1569 2308 1864 2373 episcopus
1905 2303 1990 2358 in-

274 2419 301 2430 ί
411 2403 709 2458 clinatione
732 2399 927 2467 capitis
966 2398 1352 2466 imperatorem
1382 2403 1603 2465 propter
1645 2395 1985 2449 mundanam

336 2520 343 2529 α
408 2503 759 2565 potestatem,
787 2500 840 2545 et
869 2488 1210 2545 discedebat.
1242 2487 1392 2541 Nulli
1447 2486 1824 2557 religiosorum
1883 2485 1988 2539 im-

408 2597 723 2659 peratorum
749 2601 872 2642 eum
898 2583 1220 2639 muneribus
1253 2581 1555 2648 donabant,
1592 2589 1656 2633 ut
1692 2595 1793 2651 pro
1850 2579 1988 2650 ipsis

408 2686 713 2753 precatum,
748 2690 800 2735 et
827 2678 1124 2731 honorifice
1151 2674 1519 2738 dimittebant,
1557 2686 1617 2728 ut
1668 2673 1979 2729 sanctiﬁca-

412 2768 548 2834 tum,
583 2777 674 2831 Sic
713 2788 944 2841 magnus
968 2770 1371 2826 Constantinus
1403 2782 1512 2824 non
1549 2768 1711 2821 modo
1737 2766 1982 2820 divinum

2090 1942 2208 2012 ἦτοι
2256 1943 2284 1995 6
2335 1942 2564 2011 εὐσεϐὴς
2622 1940 2895 2009 βασιλεὺς,
2960 1944 2988 1996 6
3021 1942 3080 1994 δέ
3106 1957 3169 2009 γε
3197 1940 3495 2011 ἀρχιερεὺς
3523 1939 3681 2007 ἅγιος

2087 2035 2152 2103 τῇ
2176 2033 2500 2103 χειροτονίᾳ.
2568 2034 2720 2088 Μετὰ
2757 2034 2813 2087 δὲ
2837 2033 2928 2087 τὸν
3006 2034 3301 2103 ἀσπασμδν
3356 2030 3683 2102 προσκυνῶν

2087 2124 2152 2193 τῇ
2183 2122 2397 2193 κεφαλῇ
2430 2123 2521 2177 τὸν
2563 2122 2787 2192 βασιλέα
2821 2125 2909 2178 διὰ
2941 2124 3043 2195 τὴν
3099 2124 3375 2194 κοσμικὴν
3406 2122 3679 2187 ἐξουσίαν,

2086 2215 2369 2284 ἀπήρχετο
2393 2216 2421 2268 6
2457 2215 2773 2286 ἀρχιερεύς.
2808 2215 3000 2269 Πολλοὶ
3032 2214 3091 2270 δὲ
3119 2215 3226 2269 τῶν
3261 2214 3500 2268 εὐσεϐῶν
3529 2214 3684 2284 βασι-

2096 2304 2236 2359 λέων
2265 2304 2361 2359 καὶ
2379 2295 2678 2377 ἐδωροῦντο
2697 2306 2872 2377 τούτῳ
2895 2307 2970 2372 ὡς
2991 2307 3279 2377 εὐξαμένῳ
3311 2307 3451 2375 ὑπὲρ
3474 2304 3679 2369 αὐτῶν,

2093 2400 2190 2453 καὶ
2222 2401 2582 2471 προέπεμπον
2627 2402 2703 2465 ὡς
2753 2403 3112 2473 ἡγιασμένον,
3152 2403 3228 2467 ὡς
3258 2405 3353 2458 καὶ
3382 2405 3678 2457 Κωνσταν-

2094 2494 2238 2555 τίνος
2264 2493 2292 2544 6
2321 2493 2534 2560 Μέγας,
2567 2493 2627 2545 οὐ
2656 2493 2749 2547 τὸν
2776 2493 2919 2548 θεῖον
2961 2494 3287 2564 Σίλϐεστρον
3320 2496 3502 2563 μόνον,
3534 2492 3676 2546 ἀλλὰ

2103 2583 2199 2636 καὶ
2234 2584 2361 2647 τοὺς
2397 2585 2453 2636 ὲν
2492 2587 2579 2655 κτῇ
2630 2585 2837 2652 συνόδῳ
2871 2586 3081 2650 πάντας
3113 2586 3301 2656 σχεδὸν
3330 2585 3678 2656 προπέμπων

2095 2672 2292 2736 αὐτοὺς
2333 2676 2429 2728 καὶ
2472 2675 2649 2744 τιμῶν
2705 2677 2800 2728 καὶ
2846 2675 3187 2748 δωρούμενος
3215 2676 3556 2746 καθεωρᾶτο,
3584 2677 3677 2728 καὶ

2094 2766 2162 2817 τὰ
2189 2763 2280 2818 διὰ
2337 2765 2577 2834 Χριστὸν
2609 2766 2856 2820 παθόντα
2887 2768 3043 2836 τίμια
3072 2767 3280 2823 τοῦτων
3316 2769 3453 2840 μέλη
3483 2768 3679 2837 τιμῶν.

411 2871 773 2941 Sylrestrum,
799 2866 894 2920 scd
920 2864 1081 2918 etiam
1112 2864 1400 2933 episcopos
1432 2874 1603 2937 prer
1650 2873 1843 2913 omnes
1890 2857 1982 2928 qui
2022 2865 2183 2911 erant
2218 2857 2275 2910 in
2314 2857 2523 2928 synodo
2552 2857 2854 2916 honoriﬁce
2919 2860 3289 2916 comitabatur
3327 2873 3382 2917 et
3443 2863 3682 2918 deduce—

408 2967 523 3031 bat,
564 2974 617 3018 et
675 2961 1122 3031 conspiciebatur
1177 2957 1563 3026 largitionibus
1625 2969 1721 3009 eos
1822 2969 2185 3025 prosequens,
2238 2962 2294 3009 et
2380 2956 2625 3011 membra
2675 2969 2867 3011 eorum
2916 2957 3012 3027 qui
3091 2968 3317 3029 propter
3400 2960 3679 3015 Christum

338 3107 341 3112 .
409 3058 557 3129 passi
611 3057 863 3122 fuerant,
923 3061 980 3109 ut
1010 3050 1455 3120 caeterismagis
1516 3047 1780 3121 pretiosa,
1809 3050 2105 3103 honorans.
3584 3071 3589 3074 ο

955 3171 1186 3228 CAPUT
1211 3155 1445 3228 CCXIX.

409 3268 564 3334 Quod
588 3266 900 3337 episcopalis
943 3266 1179 3337 dignitas
1206 3281 1308 3337 non
1341 3267 1417 3317 ita
1442 3274 1497 3317 ut
1524 3267 1671 3333 prius
1695 3265 1993 3317 honoratur

649 3354 680 3388 a
719 3334 948 3405 regibus,
1000 3334 1137 3387 unde
1172 3338 1255 3386 ira
1287 3334 1379 3386 Dei
1407 3345 1746 3402 provocatur.

488 3516 849 3571 Nuncautem
888 3511 942 3565 lit
970 3510 1196 3564 omnino
1228 3510 1587 3566 contrarium.
1629 3508 1993 3579 Ex5pectatur

413 3610 635 3679 quidem
660 3606 973 3676 episcopus,
1009 3603 1178 3668 Venit,
1214 3610 1501 3672 precatur;
1533 3602 1762 3657 nullius
1810 3611 1990 3657 tamen

413 3699 641 3755 honoris
675 3705 900 3767 propter
928 3694 1208 3748 Christum
1269 3693 1468 3762 dignus
1528 3691 1832 3762 judicatur,
1893 3691 1987 3746 sed

412 3794 596 3864 potius
621 3789 1010 3852 dedccoratur,
1047 3795 1099 3840 et
1156 3801 1220 3841 eo
1251 3785 1346 3856 qui
1404 3785 1752 3841 benedicitur
1818 3784 1992 3839 multo

416 3887 595 3940 minor
625 3880 881 3943 habetur,
913 3888 967 3934 et
999 3880 1147 3933 illius
1188 3876 1500 3932 secundum
1529 3877 1845 3931 servitutem
1892 3876 1995 3929 mi-

415 3979 585 4033 nister
616 3966 913 4030 lectoribus
941 3971 1122 4036 vilior,
1157 3970 1251 4039 qui
1288 3968 1378 4023 die
1431 3968 1627 4037 quinto
1672 3982 1814 4021 novo
1866 3981 1992 4020 cum

412 4068 722 4139 patriarcha
746 4076 799 4119 et
829 4064 1043 4119 caeteris
1096 4059 1316 4115 clericis
1361 4058 1727 4139 imperatoris
1768 4071 1991 4112 manum

409 4138 689 4231 genasque
717 4156 1062 4212 osculantur.
1096 4153 1375 4208 Accedens
1404 4153 1549 4208 enim
1586 4138 1773 4208 coram
1816 4152 1991 4223 impe-

416 4262 599 4306 ratore
624 4264 746 4306 sese
784 4247 1110 4318 prosternit,
1137 4255 1190 4302 et
1225 4253 1479 4316 precatus
1530 4243 1681 4300 illius
1710 4243 1990 4300 dexteram

414 4348 712 4401 osculatur.

971 4540 1202 4598 CAPUT
1241 4538 1448 4594 CCXX.
1480 4584 1495 4591 -

412 4662 565 4727 Quod
599 4661 869 4714 canonicis
901 4656 1379 4727 constitutionibus
1412 4654 1691 4727 adversum
1723 4660 1819 4714 est,
1870 4651 1984 4718 epi-

480 4747 658 4799 scopos
680 4733 918 4785 dextram
946 4731 1079 4797 regis
1111 4724 1368 4799 osculari,
1387 4737 1431 4776 cl
1455 4724 1731 4799 episcopos
1757 4736 1817 4774 ac
1848 4737 1987 4789 pra:-

472 4792 676 4871 positos
708 4818 740 4852 α
776 4816 892 4868 rege
928 4792 1201 4866 transponi
1228 4799 1282 4848 in
1309 4800 1418 4848 alia
1447 4792 1586 4847 locu.

482 4973 770 5043 Quomodo
831 4973 923 5042 qui
956 4984 1212 5043 precatus
1240 4985 1325 5028 εει
1359 4973 1461 5025 hoc
1520 4971 1682 5027 facit?
1705 4972 1984 5039 Quamob-

414 5084 528 5125 rem
571 5068 869 5135 imperator
897 5063 1199 5118 sacerdotis
1230 5078 1450 5129 manum
1495 5066 1804 5129 osculatur,
1841 5066 1989 5120 ordio

416 5168 579 5214 natus
610 5173 737 5211 vero
768 5158 1054 5226 episcopus
1090 5162 1216 5222 post
1242 5152 1555 5210 (irationem
1605 5157 1847 5211 habitam
1884 5158 1989 5211 im-

416 5252 684 5321 peratoris
722 5246 1119 5303 manum?lloc
1153 5246 1210 5301 fit
1263 5250 1418 5317 plane
1470 5256 1667 5316 praeter
1718 5249 1987 5302 rationem

418 5355 470 5397 et
500 5344 988 5411 inconsequenter.
1010 5338 1146 5395 Vide
1181 5355 1310 5394 vero
1344 5350 1608 5409 quantum
1644 5351 1698 5394 et
1727 5342 1887 5411 quale
1920 5342 1993 5394 sit

414 5434 465 5486 id
487 5435 634 5504 quod
658 5434 733 5487 lit.
753 5433 1140 5488 Sanctiﬁcatus
1160 5428 1389 5500 Spiritu,
1409 5439 1765 5486 consecratus
1782 5434 1991 5499 episco-

420 5524 650 5591 pus,qui
682 5537 900 5575 manum
928 5521 1088 5575 habet
1114 5520 1538 5584 sanctiﬁcatam,
1567 5521 1638 5574 ita
1669 5527 1727 5573 ut
1747 5522 1917 5589 possit
1939 5527 1994 5572 et

418 5615 696 5679 ordinaie,
712 5622 765 5666 et
784 5612 1127 5678 benedicere,
1151 5621 1207 5667 et
1238 5627 1402 5667 cruce
1426 5612 1644 5680 signare
1675 5611 1825 5666 viros
1852 5612 1990 5681 pios,

417 5704 532 5773 ipse
582 5702 834 5757 manibus
864 5703 1082 5771 ligatur.
1119 5701 1307 5757 Manus
1327 5717 1456 5758 vero
1476 5703 1540 5757 ad
1564 5702 1992 5757 benedicendum

418 5811 526 5850 non
556 5801 924 5862 consecratas,
958 5793 1051 5851 sed
1088 5794 1390 5851 mundanas
1412 5804 1464 5850 et
1489 5793 1801 5858 bellicosas,
1838 5794 1994 5849 labiis

2014 3157 2065 3221 ο

2555 3173 2714 3245 ιθθ
2762 3173 3013 3229 KEMA.
3067 3174 3210 3229 me.

2097 3263 2228 3340 Ὀζι
2273 3267 2351 3340 οὐΔ
2377 3262 2613 3340 τιμᾶται
2651 3267 2768 3340 νῦν
2820 3268 2858 3335 ἡ
2910 3268 3326 3340 ἀρχιερωσύνη
3370 3272 3532 3340 παρὰ
3563 3272 3682 3327 τῶν

2159 3334 2478 3411 ,βασιλέων
2506 3335 2586 3401 ὡς
2622 3334 2955 3404 πρότερονλ
2988 3334 3102 3391 ’διὰ
3152 3334 3331 3394 τοῦτό
3389 3334 3679 3411 ὀργίζεται

2170 3404 2338 3471 Θεός.

2164 3514 2278 3567 Νῦν
2308 3514 2366 3569 δὲ
2396 3516 2709 3571 τούναντίον
2742 3520 2954 3584 γίνεται
2985 3520 3167 3574 ἅπαν·
3190 3524 3294 3586 ,καὶ
3323 3526 3355 3593 ἠ
3399 3527 3679 3595 παράστα-

2098 3624 2187 3671 σις,
2210 3608 2309 3677 μὲν
2329 3606 2586 3673 τελεῖται,
2619 3610 2712 3662 καὶ
2739 3612 2765 3662 6
2795 3611 3085 3681 ἀρχιερεὺς
3110 3615 3407 3684 ἐρ’(όμενος
3431 3615 3677 3687 εὔχεται·

2093 3699 2154 3752 οὐ
2189 3699 2359 3769 τιμῆς
2386 3700 2443 3751 δέ
2471 3715 2617 3762 τινος
2645 3701 2733 3754 διὰ
2759 3702 3000 3772 Χριστὸν
3026 3705 3296 3771 ἀξιοῦται,
3328 3707 3442 3762 ἀλλ’
3477 3710 3682 3776 ἀτιμά-

2095 3790 2249 3855 ζεται
2276 3790 2501 3859 μᾶλλον,
2533 3792 2631 3844 καὶ
2662 3792 2736 3855 ὡς
2768 3794 3011 3848 ἐλάττων
3051 3797 3194 3851 κατὰ
3225 3799 3359 3853 πολὺ
3400 3800 3677 3855 δείκνυται

2094 3879 2191 3933 τοῦ
2217 3880 2630 3951 εὐλογηθέντος,
2661 3885 2758 3937 καὶ
2791 3886 2934 3940 κατὰ
2962 3887 3209 3942 δουλείαν
3243 3890 3545 3962 ὑπηρέτης,
3581 3894 3679 3945 καὶ

2092 3973 2202 4026 τῶν
2241 3974 2608 4042 ἀναγνωστῶν
2642 3976 3048 4048 εὐτελέστερος,
3095 3980 3204 4034 τῶν
3245 3985 3388 4035 κατὰ
3419 3986 3520 4051 τὴν
3549 3985 3678 4037 νέαν

2094 4065 2357 4136 Πέμπτην
2390 4068 2794 4138 ἀσπαζομένων
2825 4071 2916 4125 τὸν
2942 4072 3168 4141 βασιλέα
3190 4074 3270 4136 εἷς
3309 4091 3369 4127 τε
3396 4075 3496 4145 τὴν
3515 4079 3679 4147 χεῖρα

2094 4157 2188 4210 καὶ
2221 4157 2320 4227 τὴν
2348 4159 2585 4228 παρειὰν
2622 4161 2761 4229 μετὰ
2812 4161 2922 4215 τῶν
2974 4162 3254 4233 κληρικῶν
3305 4165 3527 4220 καὶτοῦ
3573 4183 3681 4220 πα-

2093 4249 2379 4319 τριάρχου.
2433 4250 2756 4323 Πθροσελθὼν
2809 4253 2915 4320 γὰρ
2965 4255 3042 4326 τῷ
3096 4254 3323 4325 βασιλεῖ,
3359 4260 3676 4325 προσκυνεῖ,

2094 4341 2188 4393 καὶ
2216 4339 2315 4410 τὴν
2340 4341 2509 4395 αὐτοῦ
2544 4340 2637 4395 τοῦ
2667 4342 2934 4412 βασιλέως
2965 4347 3278 4411 ἀσπάζεται
3325 4352 3486 4419 χεῖρα
3533 4349 3677 4410 μετὰ

2094 4431 2155 4484 τὸ
2198 4430 2481 4496 εὔξασθαι.

2676 4548 2928 4603 ΚΕΦΑΛ.
2979 4550 3105 4605 ΣΚθ.

2098 4659 2320 4740 Ὀτιθτὺ
2342 4659 2716 4740 ἀσπᾴζεᾳθαι
2740 4663 3035 4740 ἀρχιερεῖς
3071 4664 3188 4740 τῂν
3220 4666 3326 4720 τοῦ
3361 4668 3675 4740 ,ϐασιλέως

2166 4730 2337 4806 χεῖρα
2355 4732 2512 4806 παρὰ
2540 4730 2656 4806 τὴν
2680 4730 3014 4806 κανοκιᾱιὴν
3045 4730 3245 4806 τάξιν·
3279 4730 3374 4788 καί
3411 4737 3479 4791 τὸ
3496 4730 3674 4806 μεταλ

2159 4799 2381 4932 gemat;
2396 4801 2746 4854 ἐπισκόπων
2767 4802 2867 4856 καί
2911 4799 3263 4875 ἡγουμένων
3319 4799 3516 4861 amcis;
3565 4811 3674 4862 τὸν

2211 4886 2305 4922 ασ(
2383 4889 2440 4923 (ι.

2168 4981 2278 5035 Kal
2335 4983 2455 5046 πῶς
2505 4985 2534 5036 6
2583 4986 2875 5055 εὐχόμενος
2924 4986 3091 5047 τοῦτο,
3136 4992 3314 5057 ποιεῖ;
3366 4991 3481 5045 Kal
3527 4991 3670 5044 διατί

2056 5076 2063 5085 ’
2096 5069 2473 5140 πρεσϐυτέρου
2509 5073 2608 5142 μὲν
2658 5074 2754 5138 τὰς
2800 5077 2990 5145 χεῖρας
3024 5077 3335 5143 ἀσπάζεται
3394 5081 3668 5150 βασιλεὺς,

2095 5157 2386 5231 ἀρχιερεὺς
2420 5161 2475 5215 δὲ
2506 5167 2911 5235 χειροτονηθεὶς
2936 5170 3029 5221 καὶ
3051 5172 3367 5240 εὐχόμενος,
3387 5173 3488 5241 τὴν
3518 5176 3677 5242 χεῖρα

2096 5250 2191 5303 τοῦ
2227 5250 2489 5320 βασιλέως
2515 5270 2530 5320 ;
2561 5254 2732 5308 Τοῦτο
2758 5256 2911 5328 παρὰ
2944 5260 3126 5314 πᾶσαν
3176 5262 3501 5315 ἀκολουθίαν
3533 5264 3674 5319 ἐστί.

2102 5342 2208 5394 Kal
2237 5342 2338 5413 ὅρα
2365 5343 2426 5395 τὸ
2459 5346 2745 5414 γινόμενον
2777 5349 2999 5406 ὅσον,’0
3030 5353 3367 5422 ὴγιασμένος
3397 5354 3473 5422 τῷ
3504 5356 3676 5408 Πνεῦ-

2103 5448 2257 5500 ματι,
2290 5434 2317 5486 6
2347 5435 2706 5505 καθιερωοεὶς
2744 5440 3059 5509 ἀρχιερεὺς,
3112 5444 3142 5494 ὁ
3171 5443 3268 5511 τὴν
3323 5446 3484 5513 χεῖρα
3515 5445 3679 5513 ἁγια-

2102 5523 2444 5587 σθέὶς,ὥστε
2496 5533 2829 5596 χειροτονεῖν
2850 5530 3114 5586 δύνασθαι
3162 5536 3256 5587 καὶ
3308 5536 3553 5603 εὐλογεῖν
3583 5538 3679 5589 καὶ

2102 5612 2431 5682 σφραγίζειν
2467 5616 2592 5676 τοὺς
2622 5617 2889 5686 εὐσεϐεῖς,
2920 5621 3081 5683 αὐτὸς
3115 5622 3308 5692 δεσμεῖ
3339 5625 3435 5685 τὰς
3462 5627 3673 5693 χεῖρας,

2040 5778 2047 5791 ε
2100 5709 2198 5762 καὶ
2228 5711 2326 5774 τὰς
2349 5713 2425 5787 μὴ
2460 5714 2871 5787 καθιερωμένας
2894 5720 2974 5781 είς
2996 5717 3058 5772 τὸ
3088 5717 3348 5785 εὐλογεῖν,
3379 5714 3518 5769 ἀλλὰ.
3549 5730 3677 5768 κοσ-

2106 5798 2272 5903 μιικᾲς
2299 5801 2392 5854 καὶ
2423 5807 2795 5873 στρατηγικὰς
2831 5808 3045 5872 χεῖρας,
3078 5807 3383 5869 ἀσπάζεται
3411 5802 3675 5858 δουλικῶ(
