4126 6268
450 370 557 438 433

1523 379 1622 438 ηε
1654 376 1926 438 SACRIS
1961 379 2650 450 ORDINATIONIBUS.

3606 392 3710 456 434

443 490 681 563 χείλεσιν
704 488 869 557 ἱεροῖς
897 488 992 543 καλ⁵
1016 489 1393 561 ἡγιασμένοις,
1412 489 1539 561 χθὲς
1568 491 1667 561 ήδη
1696 489 1793 543 καὶ
1823 489 1944 545 καθ’
1969 491 2027 555 ἠ-

2132 496 2307 551 sacris
2339 509 2392 553 et
2436 500 2814 569 sanctiﬁcatis,
2850 516 2970 573 quae
2996 502 3104 576 jam
3143 499 3260 560 heri
3284 483 3338 559 et
3380 520 3710 575 unoquoque

447 583 625 653 μέραν
653 583 716 653 τῇ
755 582 960 653 φρικτῇ
997 581 1378 653 προσψαύουσι
1410 583 1688 652 κοινωνίᾳ.
1733 580 1894 635 Ἀ).λά
1931 581 2025 635 καὶ

444 675 759 745 καθημένου
784 673 877 728 τοῦ
910 675 1178 745 βασιλέως
1223 678 1580 748 παρίσταται.
1630 676 1814 730 Ταῦτα
1847 678 1894 729 εί
1926 676 2025 745 μὲν

447 768 664 837 ίδιώτης
693 763 762 838 ἦν
789 768 921 820 ἔδει·
957 767 1080 821 ἐπεὶ
1119 768 1233 833 καὶ,
1284 787 1304 820 ι
1336 768 1441 822 Τὸν
1467 767 1695 838 βασιλέα
1746 770 1964 838 τιμᾶτε,
2000 787 2018 819 ι

445 859 612 931 φησὶν
638 861 666 911 ὑ
735 859 1060 924 ’Δπόστολος
1082 876 1096 892 ·
1151 862 1198 913 εί
1243 860 1301 914 δὲ
1330 859 1571 930 Χριστοῦ
1602 860 1895 931 ἀρχιερεὺς
1930 860 2026 913 καὶ

442 952 536 1007 τὸν
564 952 732 1006 τόπον
764 952 858 1006 τοῦ
883 951 1122 1024 Χριστοῦ
1156 953 1523 1024 κεκτημένος,
1557 953 1620 1006 οὐ
1648 954 1729 1007 δεῖ
1773 953 1913 1007 οὕτω
1938 953 2024 1021 γίο

444 1044 654 1099 νεσθαι’
678 1049 760 1105 είς
792 1046 1031 1115 Χριστθιν
1060 1045 1169 1115 γὰρ
1207 1046 1497 1117 ἀνατρέχει
1528 1048 1563 1117 ἡ
1597 1047 1791 1116 ἀτιμία
1812 1063 1824 1077 ·
1853 1047 1936 1098 ὅτι
1961 1047 2024 1099 οὐ

442 1139 553 1192 τῶν
595 1137 806 1192 πολλῶν
828 1132 909 1202 εἷς
940 1140 1108 1200 ἐστιν,
1154 1139 1291 1192 ἀλλὰ
1319 1138 1426 1192 τῶν
1476 1139 1895 1208 ἀφιερωμένων,
1929 1138 2024 1191 καὶ

442 1231 553 1286 τῶν
581 1235 680 1300 τὴν
708 1231 1079 1303 ἀποστολικὴν
1110 1231 1530 1302 πῶυτησάντων
1565 1230 1818 1301 δύναμιν.
1863 1231 2025 1284 Ἀλλά

444 1321 640 1381 ταῦτα,
665 1320 725 1373 οὐ
758 1319 1015 1374 τοσοῦτον
1046 1321 1156 1374 ἀπὸ
1183 1319 1292 1373 τῶν
1314 1319 1604 1391 βασιλέων,
1644 1320 1767 1374 ὅσον
1793 1318 1900 1373 ἀπὸ
1929 1335 2024 1388 κο-

444 1411 629 1465 λάκων
681 1411 991 1481 ἀνθρώπων
1038 1414 1256 1480 γέγονε,
1312 1413 1773 1482 παραπεισάντων
1825 1412 2025 1472 αὐτοὺς

446 1500 812 1572 ἀνθρωπίνοις
837 1502 1019 1572 λόγοις
1050 1504 1294 1571 ἐνεργεῖν
1321 1502 1414 1555 καὶ
1446 1501 1517 1553 τὰ
1546 1501 1739 1570 μείζω,
1762 1499 1901 1552 ὥστε
1929 1501 2025 1553 καὶ

448 1594 805 1663 προϐιϐάζειν
835 1595 1193 1657 ἐπισκόπους,
1222 1595 1316 1648 καὶ
1351 1593 1667 1661 μεταθέσεις
1701 1596 1889 1646 ποιεῖν.
1923 1594 2026 1646 Βα-

449 1685 541 1741 ϐαί
560 1687 574 1740 i
603 1687 695 1741 τὸν
722 1688 1234 1760 κεχειροτονημένον
1272 1686 1349 1757 τῷ
1380 1686 1657 1755 [Ινεύματι
1706 1685 1873 1754 τῆσδε
1928 1686 2024 1754 τῆς

460 1776 791 1845 Ἐκκλησίας
828 1777 1085 1845 ποιμένα.
1136 1776 1326 1845 ἐτέρας
1386 1775 1621 1843 ποιμένα
1665 1773 2023 1828 καθίστασθαι

2131 588 2221 642 die
2254 593 2598 647 tremendam
2632 594 3074 650 communionem
3111 597 3406 668 attingunt,
3444 613 3551 652 non
3591 608 3710 651 tan-

2130 689 2247 736 tum
2280 684 2555 740 serviliter
2577 687 2877 754 osculatur,
2902 682 2995 745 sed
3025 688 3189 745 etiam
3224 689 3434 745 sedenti
3472 689 3708 759 impera-

2129 775 2235 826 tori
2271 778 2473 830 adstat.
2501 777 2557 830 Si
2588 779 2799 846 privata
2833 795 3064 849 persona
3111 788 3279 842 esset.
3316 781 3432 836 haec
3487 781 3703 851 quidem

2129 864 2210 920 sic
2240 865 2353 919 ﬁeri
2381 875 2676 935 oporteret,
2700 883 2824 925 eum
2846 872 3053 927 dixerit
3075 871 3397 939 Apostolus:
3438 889 3457 923 ι
3505 870 3704 939 Regem

2132 955 2419 1011 honorate.
2467 977 2485 1008 ι
2530 959 2584 1012 Si
2617 975 2747 1016 vero
2775 961 2975 1017 Christi
3004 972 3092 1019 est
3120 964 3437 1033 episcopus,
3460 972 3515 1017 et
3551 960 3711 1015 Chri-

2130 1047 2199 1102 sti
2228 1047 2411 1103 loeum
2442 1058 2652 1115 tenens,
2685 1053 2763 1109 sic
2800 1054 2914 1108 fieri
2951 1071 3059 1110 non
3108 1063 3325 1126 oportet
3353 1072 3368 1122 ;
3426 1054 3479 1108 in
3542 1052 3708 1106 Chri-

2129 1143 2273 1189 stum
2304 1136 2448 1190 enim
2483 1141 2718 1194 recurrit
2751 1140 3014 1206 dedecus,
3046 1144 3305 1213 quoniam
3333 1159 3441 1198 non
3475 1158 3505 1196 e
3545 1142 3708 1210 vulgo

2130 1223 2218 1279 ille
2267 1235 2373 1290 est,
2420 1228 2513 1283 sed
2570 1245 2602 1284 e
2656 1232 2907 1298 personis
2961 1236 3320 1298 consecratis,
3352 1243 3406 1289 et
3448 1234 3707 1287 virtutem

2130 1318 2489 1386 apostolicam
2520 1323 2748 1392 copiose
2779 1325 3195 1394 possidentibus
3245 1323 3444 1379 Verum
3469 1323 3570 1377 ista
3601 1338 3706 1376 non

2124 1418 2238 1478 tam
2268 1411 2334 1464 ah
2367 1412 2797 1481 imperatoribus
2828 1431 2993 1484 quam
3023 1417 3093 1471 ab
3138 1415 3519 1470 adulatoribus
3548 1414 3707 1480 ﬁunt,

2129 1501 2221 1568 qui
2263 1516 2357 1555 eos
2389 1503 2647 1559 humanis
2683 1507 2864 1561 verbis
2901 1505 3033 1561 falsa
3076 1506 3434 1575 persuasione
3468 1520 3709 1560 commo-

2130 1598 2253 1644 vent
2307 1591 2373 1645 ad
2428 1595 2635 1664 majora
2691 1598 3138 1665 perpetrandum,
3182 1597 3255 1651 ita
3293 1606 3354 1651 ut
3384 1596 3619 1650 audeant
3656 1604 3709 1650 et

2127 1697 2457 1751 promovere
2495 1687 2805 1756 epis-cepas,
2835 1697 2889 1743 et
2925 1690 3312 1746 translationes
3364 1690 3564 1744 facere.
3609 1691 3711 1742 Pa-

2132 1775 2249 1843 pae!
2283 1776 2594 1830 ordinatum
2646 1793 2742 1845 per
2777 1778 3041 1848 Spiritum
3092 1792 3342 1836 sanctum
3390 1782 3556 1853 hujus
3610 1781 3711 1835 Ec-

448 1870 602 1934 παρά
636 1869 748 1922 τῶν
798 1869 874 1938 μὴ
916 1868 1150 1938 ἐχόντων
1182 1872 1279 1938 τὴν
1313 1868 1412 1935 τῆς
1461 1868 1763 1939 ἱερωσύνης
1795 1866 2027 1935 δυνάμιν

2132 1865 2315 1919 clesize
2357 1878 2632 1934 pastorem
2668 1869 2738 1921 ab
2767 1869 2833 1933 iis
2882 1872 3138 1925 constitui
3173 1874 3400 1929 alterius
3432 1883 3708 1943 pastorem

447 1961 541 2014 καὶ
594 1960 904 2030 ἐνέργειαν,
971 1959 1067 2013 καί⁸
1121 1959 1272 2029 παρά
1322 1961 1553 2028 γνώμην
1625 1958 1719 2012 τοῦ
1774 1958 2026 2019 Πνεῦμα-

444 2068 537 2117 τος
580 2050 597 2105 l

996 2166 1247 2221 ΚΕΦΛΔ.
1291 2167 1440 2221 ΣΚΑ¹
1461 2206 1475 2221 .

454 2279 584 2334 Ὀτι
606 2279 677 2333 οὐ
695 2278 798 2337 ,δεῖ
817 2278 958 2347 τοὺς
990 2280 1144 2334 κατὰ
1176 2283 1414 2349 κόσμον
1454 2280 1752 2349 ἄρχοντας
1801 2281 1870 2335 τὰ
1901 2281 2026 2345 ἱερὰ

519 2349 881 2419 οἰκειοῦσθαι
914 2394 926 2416 ,
957 2350 1054 2403 καὶ
1076 2353 1430 2419 ,λογίζεσθαι
1460 2351 1797 2419 κερδαίνειν
1815 2351 1883 2405 ἐκ
1907 2350 2028 2406 τῶν

517 2418 991 2488 ἁνατεθειμένων
1023 2417 1102 2485 τῷ
1130 2417 1276 2486 Θεῷ.

517 2510 581 2563 Εί
605 2509 685 2563 δεῖ
729 2511 867 2580 πρὸς
908 2510 1203 2581 οἰκοδομὴν
1259 2514 1601 2583 καταστῆναι
1660 2515 1799 2584 πρὸς
1854 2515 2027 2584 μείζω

451 2600 629 2670 πόλιν,
661 2602 814 2673 παρά
846 2602 942 2654 τοῦ
973 2601 1290 2669 Πνεύρατος
1321 2602 1477 2656 ἔσται
1506 2603 1686 2668 τοῦτο,
1713 2606 1843 2673 παρ’
1878 2600 1938 2659 οῦ
1962 2607 2025 2675 δὴ

451 2695 543 2751 καὶ
568 2694 1035 2765 κεχειροτόνηται,
1058 2694 1120 2748 οὐ
1150 2694 1307 2765 παρὰ
1331 2693 1432 2764 τῆς
1457 2697 1731 2765 κοσμικῆς
1755 2696 2025 2761 ἐξουσίας.

460 2786 623 2841 Ἀλλὰ
653 2787 750 2841 καὶ
775 2785 1185 2858 καθηγούμενος.
1215 2787 1427 2857 ἀνδρῶν
1463 2789 1747 2857 μοναστῶν
1779 2790 1871 2844 καὶ
1908 2789 2028 2860 Θεῷ

451 2879 894 2949 καθιερωμένων,
929 2880 1026 2933 καὶ
1046 2879 1232 2948 ψυχῶν
1251 2880 1432 2948 χάριτι
1455 2878 1593 2932 Θεοῦ
1658 2879 2025 2950 προεστῶτες,

449 2972 592 3027 οὕτω
635 2971 788 3043 παρὰ
817 2971 879 3025 τὸ
929 2970 1025 3025 τοῦ
1064 2970 1380 3041 Πνεύματος
1413 2970 1629 3041 θέλημα
1681 2971 1870 3024 πολλοὶ
1923 2973 2028 3026 δεί-

451 3081 676 3119 κνυνται
703 3081 718 3098 ο
757 3064 855 3117 καὶ
881 3062 1070 3118 λύουσι
1104 3063 1201 3117 καὶ
1248 3061 1534 3133 δεσμοῦσι,
1585 3063 1840 3126 λαϐόντες
1871 3065 2030 3120 τοῦτο

454 3158 601 3229 παρὰ
615 3157 726 3210 τῶν
745 3155 822 3225 μὴ
841 3154 1119 3209 λαϐόντων
1138 3156 1236 3223 τὴν
1264 3154 1360 3207 τοῦ
1392 3155 1734 3225 χαρίσματος
1767 3156 1940 3225 δύναμ
1954 3172 2025 3209 ιν’

449 3252 544 3305 καὶ
557 3247 1000 3321 χειροτονοῦνται
1027 3245 1120 3298 καὶ
1146 3244 1357 3299 πολλῶν
1382 3236 1631 3316 ἂρχουξσι,
1664 3247 1832 3313 μηδὲν
1861 3265 2023 3317 φρον-

448 3341 688 3408 τίζοντες
714 3339 852 3402 ὅλως
881 3338 990 3392 τῶν
1036 3339 1268 3408 ἐχόντων
1299 3337 1362 3390 τὸ
1400 3339 1666 3408 χάρισμα.
1711 3338 1802 3392 Διὸ
1830 3341 1924 3393 καὶ
1956 3339 2026 3394 τὰ

451 3432 836 3503 συντρίμματα
866 3427 1024 3499 ἡμῶν
1064 3428 1238 3481 πολλά
1266 3428 1481 3496 γέγονε,
1520 3429 1615 3480 καὶ
1655 3428 2024 3500 ἐσμικρύνθη-

452 3540 574 3594 μεν,
604 3521 699 3576 καὶ
718 3520 992 3586 ὀλιγοστοὶ
1020 3517 1179 3585 παρὰ
1204 3518 1384 3571 πάντα
1420 3516 1487 3569 τὰ
1520 3516 1647 3588 ἐθνη
1688 3518 2022 3587 γεγόναμεν’

448 3614 542 3668 καὶ
577 3612 668 3684 βία
696 3610 1038 3665 σπευδόντων
1065 3609 1174 3663 τῶν
1230 3609 1306 3680 μὴ
1336 3610 1689 3675 καθηκόντων
1741 3610 1935 3680 ἄρχειν
1967 3627 2027 3663 τε

449 3708 546 3761 καὶ
581 3703 944 3776 ἐφάπτεσθαι,
1005 3701 1374 3771 κατάρχουσιν
1399 3698 1559 3770 ἡμῶν
1614 3700 1666 3753 οἱ
1702 3699 1975 3770 ἀλλότριοι
2008 3715 2024 3731 ο

447 3798 636 3854 καὶτὰ
668 3798 742 3868 μὴ
777 3796 902 3865 φίλα
928 3794 1065 3848 Θεοῦ
1085 3792 1404 3858 ποιούντων,
1431 3793 1480 3844 οί
1520 3791 1708 3862 ἐχθροὶ
1741 3792 1899 3861 ἡμῶν
1934 3793 2028 3845 καὶ

444 3889 546 3945 τοῦ
575 3889 711 3943 Θεοῦ
739 3885 1051 3947 ἀκολούθως
1096 3885 1227 3955 ἡμῖν
1261 3883 1786 3953 κατεπεμϐαίνουσι.
1822 3885 1930 3937 Καὶ
1962 3884 2028 3937 τὰ

449 3984 578 4054 ιερὰ
606 3981 972 4050 οίκειούμενοι
1006 3980 1102 4033 καὶ
1127 3977 1460 4043 κοινοῦντες,
1493 3977 1558 4029 ἐκ
1604 3976 1715 4031 τῶν
1751 3978 2030 4031 ἀνατεθει-
2062 3993 2073 4004 ’

445 4076 631 4148 μένων
666 4074 745 4145 τῷ
775 4072 896 4142 Θεῷ
947 4070 1292 4140 λογιζόμενοι
1347 4069 1471 4137 (φεῦ
1500 4069 1538 4139 ί)
1602 4069 1927 4138 κερδαίνειν,
1960 4071 2029 4122 τὰ

441 4166 561 4221 ἴδια
590 4164 749 4235 ἡμῶν
768 4160 1160 4231 ἀπωλέσαμεν·
1179 4158 1274 4212 καὶ
1302 4157 1645 4229 καρποῦνται
1672 4157 2027 4226 τά-ήμέτερα.

441 4258 610 4330 167
641 4256 736 4311 καὶ
764 4256 975 4309 ἔδονται
1005 4251 1238 4306 ἐνώπιον
1263 4250 1421 4321 ἡμῶν
1440 4250 1490 4302 οι
1513 4249 1848 4303 ὑπεναντίοι.
1889 4249 2029 4302 Ἀλλ’

434 4352 562 4407 είθε
588 4348 800 4418 γένοιτό
825 4365 908 4410 τις
929 4345 1199 4416 θεραπεία
1229 4342 1325 4396 τοῦ
1357 4341 1533 4395 δεινοῦ
1562 4341 1776 4407 τούτου,
1803 4341 1900 4394 καὶ
1917 4341 2032 4409 εἴη-

434 4460 550 4499 σαν
582 4442 681 4511 μὲν
712 4439 781 4494 τὰ
798 4439 893 4492 τοῦ
924 4437 1202 4506 Καίσαρος
1248 4433 1548 4502 Καίσαρος,
1573 4433 1643 4483 τὰ
1665 4429 1758 4483 τοῦ
1802 4429 1939 4482 Θεοῦ
1972 4429 2028 4482 δὲ

432 4534 540 4591 τοῦ
560 4533 720 4600 Θεοῦ,
733 4532 807 4595 ὡς
828 4531 895 4585 ἂν
912 4529 1009 4584 καὶ
1023 4526 1303 4598 ἠξιωμένα
1318 4525 1537 4579 ᾶπαντα
1559 4523 1767 4591 γένοιτο
1786 4523 2032 4591 εὐλογίας

429 4627 539 4681 τοῦ
570 4623 728 4689 Θεοῦ,
756 4622 852 4677 καὶ
882 4621 951 4675 τὰ
977 4619 1097 4688 ιερὰ
1135 4616 1532 4684 συνιστάμενα,
1567 4615 1662 4667 καὶ
1683 4613 1754 4667 τὰ
1782 4615 2029 4685 κοσμικὰ

428 4714 813 4785 αὐξανόμενα,
845 4712 939 4765 καὶ
973 4711 1050 4780 μὴ
1071 4706 1407 4771 τούναντίον,
1439 4706 1534 4760 ύτ’
1582 4706 1831 4776 ἀλλήλων
1880 4708 2032 4775 φθεισ-

428 4809 674 4882 ρόμεναο
703 4806 787 4858 δτι
827 4802 921 4857 καὶ
952 4805 979 4856 ὁ
1039 4800 1284 4879 ἀρχῆθεν
1332 4799 1593 4869 πολέμιος
1649 4802 1742 4852 καὶ
1794 4797 2031 4870 φθορεὺς

424 4899 620 4961 δεινδς
651 4898 707 4950 ἐν
731 4894 943 4953 τούτοις
974 4892 1218 4956 σπεύδει,
1248 4893 1398 4955 ὅπως
1428 4893 1525 4945 καὶ
1561 4891 1870 4961 ἱεροσυλίαν
1916 4893 2030 4954 τοῖς

426 4989 703 5047 εὐσεϐέσι
727 4985 1067 5058 προστρίψῃ,
1113 4985 1207 5037 καὶ
1240 4983 1351 5037 τῶν
1402 4982 1564 5054 ἱερῶν
1618 4984 1712 5035 κα)⁵
1742 4981 1905 5035 θείων
1932 4982 2031 5050 τὴν

421 5082 773 5152 καθαίρεσιν
820 5079 1119 5149 ἐνεργήσῃ.
1160 5075 1296 5129 ἀλλά
1321 5074 1677 5144 καθαιρεθείη
1710 5074 1861 5143 παρὰ
1894 5074 2030 5127 Θεοῦ
2067 5078 2075 5085 ’

419 5180 458 5232 ὁ
505 5173 771 5243 πονηρὸς,
815 5171 911 5225 καὶ
959 5169 1192 5243 ζοήσαιεν
1242 5166 1487 5229 εὐσεϐῶς
1541 5166 1638 5220 καλ⁸
1692 5165 1957 5234 θεοφιλῶς
1982 5168 2031 5219 οἱ

420 5266 638 5326 πιστοί
667 5282 726 5319 τε
750 5264 845 5318 καὶ
876 5261 1143 5326 εὐσεϐεῖς,
1173 5263 1268 5316 καὶ
1298 5259 1492 5330 μισθὸν
1534 5259 1634 5328 τῆς
1684 5258 2030 5328 φιλοχρίστου

415 5358 676 5433 γνώμης
704 5357 893 5427 είησαν
920 5352 1275 5425 κομιζόμενοι
1304 5352 1363 5405 ὲν
1384 5350 1630 5422 Χριστῷ,
1661 5352 1762 5420 τὴν
1790 5350 1900 5403 τῶν
1927 5350 2032 5404 δει-

413 5454 560 5512 νῶν
583 5448 920 5520 ἐλευθερίαν,
951 5448 1046 5502 καὶ
1062 5445 1162 5517 τὴν
1183 5445 1293 5500 τῶν
1313 5444 1538 5512 ἀγαθῶν
1568 5444 1832 5497 παντοίαν
1860 5441 2035 5497 ἐπαύο

413 5549 630 5618 ξησιν.
672 5542 732 5597 '0
770 5537 1170 5613 χειροτονηθεὶς
1192 5536 1251 5591 δέ
1271 5536 1572 5607 ἀρχιερεὺς
1602 5535 1696 5590 xci.
1722 5536 1816 5590 τὸν
1843 5535 2031 5589 τελευ-

405 5636 602 5696 τοιῖῡν
625 5636 684 5689 ἐν
710 5636 779 5707 τῇ
813 5632 1020 5704 συνόδῳ
1049 5630 1289 5703 ποιήσας
1327 5627 1651 5698 ἀσπασμὸν,
1703 5627 1799 5681 καὶ
1834 5627 1925 5682 τδν
1954 5629 2036 5682 ol-

405 5732 599 5789 κεῖον
624 5727 790 5781 τόπον
831 5723 1031 5790 λαϐὼν,
1061 5721 1248 5776 οὐκέτι
1278 5720 1472 5792 χρείαν
1512 5719 1715 5791 ἐτέρων
1744 5718 1853 5774 τῶν
1892 5720 2033 5774 κατὰ

404 5821 624 5882 τύπον
646 5817 783 5889 ἔχει·
817 5816 933 5878 ἀλλ’
963 5814 1039 5880 ὡς
1065 5813 1359 5888 ἀρχιερεὺς
1391 5809 1490 5880 ὣν,
1519 5810 1632 5868 τῶν
1657 5811 1756 5883 τῆς
1805 5810 2030 5884 Ἐκκλη.

2055 3199 2098 3255 C

2131 1957 2358 2024 qui-non
2399 1960 2597 2012 habent
2629 1962 2925 2015 sacerdotii
2961 1973 3289 2031 potestatem
3348 1973 3403 2021 et
3428 1966 3715 2029 virtutem,L

2127 2057 2180 2101 et
2212 2060 2410 2117 praeter
2437 2047 2679 2120 Spiritus
2712 2054 3043 2108 sententiam
3069 2056 3094 2108 ί·

2682 2234 2921 2292 CAPUT
2950 2236 3180 2293 CCXXI.

2130 2352 2293 2418 Quod
2335 2354 2599 2422 principes
2632 2354 2913 2408 saeculares
2951 2371 3053 2409 non
3089 2356 3273 2410 debent
3315 2372 3472 2411 sacra
3500 2369 3710 2420 curare,

2235 2434 2392 2494 atque
2417 2439 2483 2478 ea:
2510 2426 2665 2479 rebus
2694 2425 2803 2479 Deo
2825 2426 3143 2481 consecratis
3175 2428 3383 2481 lucrum
3403 2435 3595 2494 petere.
3692 2480 3698 2485 .

2207 2600 2263 2655 Si
2296 2601 2677 2657 :edilicationis
2715 2601 2978 2658 Ecclesia:
3015 2617 3177 2658 causa
3201 2611 3414 2673 oportet
3471 2604 3708 2673 aliquem

2132 2695 2453 2763 episcopum
2487 2693 2542 2749 in
2577 2694 2775 2765 majori
2805 2695 2940 2751 urbe
2966 2696 3250 2761 constitui,
3284 2697 3387 2752 hoc
3418 2713 3447 2752 a
3504 2698 3711 2768 Spiritu

2131 2785 2488 2841 statuendum
2527 2794 2633 2852 est,
2657 2801 2686 2841 a
2717 2801 2827 2857 quo
2851 2796 2904 2840 et
2929 2788 3216 2843 ordinatus
3253 2795 3358 2852 est,
3393 2805 3500 2843 nun
3528 2796 3710 2843 autem

2130 2895 2159 2931 a
2195 2880 2472 2933 mundana
2508 2886 2796 2949 potestate.
2826 2878 2978 2934 Multi
3009 2883 3174 2934 etiam
3208 2880 3377 2936 duces
3403 2889 3456 2935 et
3487 2880 3712 2937 abbates

2131 2970 2552 3039 monachorum,
2586 2972 2682 3042 qui
2746 2970 2856 3027 Deo
2896 2973 3200 3028 consecrati
3232 2981 3380 3036 sunt,
3425 2982 3479 3029 et
3534 2971 3711 3044 gratia

2132 3063 2226 3117 Dt'i
2260 3065 2554 3122 animabus
2588 3075 2855 3135 przesnnt,
2881 3067 2963 3120 sic
3004 3075 3198 3134 praeter
3240 3065 3480 3136 Spiritus
3520 3066 3713 3118 volun-

2134 3161 2297 3208 tatem
2328 3169 2490 3224 agere
2526 3156 2961 3226 convincuntur;
2990 3159 3207 3212 solvunt
3245 3157 3386 3212 enim
3412 3165 3466 3210 et
3518 3156 3710 3226 ligant,

2133 3245 2291 3301 abiis
2323 3255 2594 3316 potestate
2619 3255 2866 3317 accepta,
2910 3247 3009 3317 qui
3056 3246 3243 3315 gratiae
3289 3248 3541 3300 virtutem
3602 3260 3709 3298 non
3816 3250 3831 3265 '

2134 3349 2485 3409 acceperunt.
2512 3338 2848 3394 Ordinantur
2901 3354 3139 3408 quoque,
3178 3339 3475 3407 multisque
3534 3338 3710 3405 impe-

2135 3439 2276 3493 rant.
2313 3431 2447 3486 nihil
2478 3431 2702 3486 omnino
2768 3440 3025 3486 curantes
3070 3446 3166 3486 eos
3233 3432 3324 3499 qui
3379 3429 3565 3497 gratim
3617 3426 3714 3482 d0«

2138 3540 2265 3577 num
2291 3524 2591 3592 possident.
2624 3522 2751 3578 ideo
2795 3522 3118 3578 alliictiones
3149 3530 3202 3575 et
3231 3522 3586 3577 contusiones
3616 3534 3716 3573 no-

2136 3623 2266 3668 strai.
2298 3613 2481 3667 multae
2508 3612 2661 3667 facta:
2706 3621 2853 3675 sunt,
2901 3623 2963 3668 et
3004 3629 3114 3683 prae
3153 3613 3407 3667 omnibus
3461 3611 3714 3679 gentibus

2135 3706 2596 3775 contemptibiles,
2622 3717 2677 3759 et
2731 3706 2939 3759 minimi
3001 3706 3171 3759 habiti
3211 3721 3421 3768 sumus,
3477 3713 3535 3758 et
3582 3703 3713 3758 dum

2136 3796 2402 3850 violenter
2425 3795 2749 3849 festinamus
2780 3810 2840 3849 ea
2864 3810 2982 3864 quae
3012 3809 3122 3847 non
3153 3795 3309 3849 decet
3339 3795 3626 3862 attingere,
3662 3800 3715 3846 et

2139 3866 2386 3953 iis'quos
2436 3899 2544 3939 non
2583 3891 2799 3953 oportet
2855 3883 3148 3951 imperare,
3193 3883 3352 3938 nobis
3395 3883 3714 3951 alienigena:

2139 3977 2534 4043 dominantur;
2562 3975 2797 4044 dumque
2831 3973 3061 4028 facimus
3094 3987 3216 4042 quae
3247 3973 3357 4027 Deo
3394 3972 3709 4041 displicent,

2139 4067 2348 4121 inimici
2391 4066 2568 4122 nostri
2603 4066 2809 4135 Deique
2869 4074 3269 4133 consequenter
3324 4062 3479 4117 nobis
3538 4063 3714 4117 insul-

2140 4166 2280 4219 tant,
2303 4166 2356 4211 ct
2383 4173 2504 4223 quae
2530 4158 2690 4231 nobis
2719 4171 2873 4211 sacra
2932 4167 3083 4218 sunt,
3141 4155 3444 4223 possident,
3498 4156 3715 4224 Deoque

2139 4249 2475 4305 consecratis
2514 4248 2797 4318 potiuntur
2822 4264 2843 4315 ;
2872 4250 3008 4302 eheu
3036 4248 3050 4302 l
3079 4247 3456 4302 existimantes
3503 4247 3713 4301 lucrum

2139 4340 2358 4411 aliquod
2386 4341 2587 4402 facere,
2622 4338 2842 4409 propria
2876 4349 3061 4394 nostra
3086 4340 3447 4409 perdidimus.
3509 4340 3711 4396 Messes

2139 4444 2193 4488 et
2222 4433 2441 4487 fructus
2479 4441 2700 4487 nostros
2729 4431 2999 4503 colligunt
3051 4431 3260 4486 inimici
3320 4433 3517 4497 nostri,
3539 4447 3713 4502 eaque

2068 4549 2108 4600 ι)
2142 4535 2268 4578 ante
2306 4524 2499 4578 oculos
2542 4530 2760 4578 nostros
2825 4522 3137 4577 comedunt.
3193 4520 3296 4576 Sed
3347 4523 3553 4576 utinam
3621 4524 3713 4575 liat

2138 4617 2300 4686 hujus
2328 4614 2641 4687 gravissimi
2677 4614 2803 4669 mali
2833 4614 3081 4683 quaedam
3109 4614 3344 4675 sanatio.
3373 4622 3424 4668 et
3447 4629 3565 4681 quae
3582 4625 3712 4668 sunt

2133 4710 2377 4766 Caesaris
2409 4709 2761 4764 dimittantur
2794 4706 3018 4771 Caesari,
3045 4714 3100 4761 et
3158 4720 3280 4774 qua:
3331 4705 3423 4763 Dei
3467 4708 3598 4771 D'eo,
3653 4716 3714 4761 ut

2134 4803 2317 4856 omnia
2356 4802 2486 4855 ﬂant
2530 4798 2624 4853 Dei
2658 4798 3039 4852 benedictione
3080 4797 3263 4866 digna,
3300 4799 3712 4869 consistantqne

2134 4906 2291 4947 sacra
2342 4900 2397 4944 et
2436 4897 2857 4950 conserventur,
2910 4898 2964 4941 et
3011 4889 3299 4943 saecularia
3361 4899 3709 4960 augeantur;

2135 4999 2245 5039 non
2279 4989 2462 5036 autem
2503 4982 2865 5046 contrarium,
2896 4990 2950 5032 ut
2976 4981 3046 5035 ah
3077 4980 3313 5035 invicem
3354 4996 3713 5051 corrumpan—

2135 5086 2244 5131 tur.
2270 5075 2540 5142 Quoniam
2575 5075 2669 5144 qni
2725 5090 2753 5128 a
2788 5075 3060 5145 principio
3110 5076 3366 5131 inimicus
3396 5084 3583 5130 noster
3627 5082 3712 5130 est

2134 5180 2190 5225 et
2246 5170 2512 5224 molestus
2546 5179 2861 5238 corruptor,
2897 5169 2949 5222 in
3011 5170 3280 5241 ejusmodi
3332 5171 3494 5225 rebus
3555 5168 3711 5224 festi—

2138 5270 2253 5327 nat,
2285 5269 2345 5316 ut
2373 5261 2742 5317 sacerdotium
2770 5276 2893 5314 cum
2953 5261 3087 5316 viris
3122 5262 3227 5329 piis
3286 5262 3612 5322 committat,
3650 5259 3710 5314 il-
3772 5304 3775 5307 .

2136 5353 2338 5423 ludque
2387 5360 2608 5418 atterat,
2654 5367 2922 5418 sacraque
2970 5361 3025 5405 et
3075 5352 3263 5407 divina
3312 5359 3541 5405 evertat.
3602 5350 3707 5405 Sed

2135 5448 2467 5495 evertatura
2530 5438 2759 5492 Domino
2817 5440 3016 5505 malus,
3058 5449 3351 5508 vrvantque
3408 5447 3599 5494 sancte
3655 5448 3711 5494 et

2135 5529 2252 5587 Deo
2291 5537 2541 5584 amanter
2570 5528 2756 5584 ﬁdeles
2786 5543 2841 5583 et
2887 5529 3104 5595 pietatis
3150 5531 3404 5597 studiosi,
3467 5540 3522 5587 et
3562 5546 3706 5586 mer-

2137 5622 2325 5679 cedem
2360 5620 2647 5679 seotentias
2674 5619 2897 5675 Christo
2926 5621 3471 5692 dilectaereportent,
3539 5624 3711 5680 liber-

2138 5723 2419 5783 talemque
2441 5725 2538 5781 per
2570 5711 2854 5769 Christum
2900 5712 2969 5770 ab
3000 5712 3086 5769 his
3114 5715 3378 5785 gravibus
3418 5714 3709 5784 molestiis,

2137 5806 2613 5877 omnifariumque
2670 5803 2942 5864 honorum
3001 5816 3378 5879 augmentum.
3413 5807 3712 5866 Ordinatus
