4108 6262
379 298 481 349 435

1221 296 1602 356 SYMEONIS
1636 292 2387 357 THESSALONICENSlS
2424 291 2782 354 ARCHIEP.

3538 277 3642 342 436

380 411 566 458 autem
600 405 916 475 episcOpus,
946 415 1332 482 postremaque
1362 409 1699 464 salutatione
1756 410 1810 464 in
1869 426 1960 480 sy-
1994 437 2006 473 Α

2095 409 2194 472 ria;
2228 406 2394 462 αὑτοῦ
2442 403 2758 475 φροντίζειο
2795 400 3051 472 συνεργεῖ
3090 398 3150 452 δὲ
3201 396 3298 450 καὶ
3339 396 3450 456 τοῖς
3480 393 3646 464 ἱεροῖς

386 497 531 576 nodo
563 497 787 553 functus
819 499 1098 568 proprium
1147 500 1326 554 locum
1375 511 1629 571 occupat,
1677 519 1783 556 non
1847 517 1963 556 am-

384 586 531 655 plius
557 598 675 657 eget
702 590 916 644 exteris
970 605 1091 660 qua:
1147 598 1273 659 typo
1329 591 1703 656 continentur,
1757 591 1851 645 sed
1905 601 1964 645 ιιι

2072 501 2258 571 ἔργοις
2289 498 2654 569 παραϐάλλων
2679 497 2746 566 τῇ
2780 493 3007 564 συνόδῳ,
3047 491 3143 545 καὶ
3170 487 3267 559 ἀφ’
3310 483 3530 550 ἑαυτοῦ,
3554 484 3645 538 ὅτε

2071 594 2251 666 χρεία,
2289 593 2386 647 καὶ
2411 588 2917 661 προσκαλούμενος.

383 682 675 750 ep‘scopus
704 682 976 737 exsistens
1009 698 1128 752 quae
1161 681 1226 735 ad
1274 685 1428 737 suam
1463 682 1764 738 Ecclesiam
1807 689 2078 752 spectant,
2101 694 2282 740 curat.
2339 684 2681 754 Cooperatur
2747 693 2969 751 quoque
3027 675 3204 733 sacris
3264 672 3524 743 operibus
3559 684 3651 725 ac-

381 778 580 832 cedens
615 780 679 833 ad
706 779 975 850 synodum
1001 794 1029 832 a
1055 783 1258 849 seipso,
1303 795 1426 834 cum
1460 795 1598 852 Opus
1626 788 1733 844 est,
1771 789 1828 834 et
1855 781 2176 838 advocatus.

909 898 1142 966 CAPUT
1181 899 1442 956 CCXXII.

386 990 540 1056 Quod
601 994 870 1062 episcopus
927 994 1122 1048 electus
1167 1001 1246 1046 ter
1287 992 1526 1062 osculum
1581 991 1716 1061 figit,
1749 1000 1798 1046 et
1841 1007 1970 1061 quo-—

736 1065 892 1118 modo
941 1063 1180 1117 osculum
1219 1065 1460 1133 quodque
1490 1061 1612 1128 ﬁat.

453 1151 718 1210 Osculum
757 1164 842 1210 ter
866 1155 1031 1210 datur
1062 1155 1372 1209 ordinando
1399 1164 1596 1225 praeter
1636 1156 1766 1210 illud
1821 1156 1966 1225 quod

387 1247 521 1301 litin
551 1248 893 1302 sanctuario.’
923 1246 1167 1300 Primum
1228 1245 1448 1317 quidem
1502 1245 1626 1318 p'ost
1672 1247 1968 1302 iudicatio.

389 1353 535 1403 nem,
565 1347 753 1406 utpme
788 1346 903 1390 tum
956 1336 1136 1392 factus
1187 1337 1450 1392 Ecclesiae
1515 1352 1754 1407 sponsus
1805 1337 1973 1413 cujus.

387 1428 796 1496 possessionem
831 1428 1167 1498 aggreditur.
1193 1429 1330 1482 Cum
1382 1428 1636 1483 videlicet
1685 1429 1838 1484 nullo
1870 1443 1966 1483 ex-

390 1518 621 1572 sistentc
667 1520 1021 1574 suaveolente
1055 1520 1354 1598 sumtitgvel
1389 1521 1778 1589 roseoliquore
1799 1521 1970 1575 addu-

391 1610 532 1666 citur
560 1612 902 1665 ordinandus
933 1612 1001 1666 ad
1047 1612 1528 1682 archiepiscopum
1577 1615 1881 1678 sedentem,
1915 1623 1970 1669 et

391 1701 457 1752 ad
493 1701 783 1772 episcopos
815 1704 958 1757 circa
995 1703 1170 1772 ipsum
1205 1719 1274 1758 ex
1304 1714 1536 1773 utraque
1584 1716 1742 1774 parte
1773 1707 1970 1761 seden-

2628 894 2881 950 ΚΕΦΑΛ.
2921 890 3092 947 ΣΚΒ’.

2074 993 2210 1047 Ὀτι
2260 992 2392 1060 τρὶς
2467 988 2720 1043 ποιεῖται
2757 987 2868 1060 τὸτί
2912 983 3246 1060 ἀσθζασμὸν
3273 985 3306 1036 ὀ
3339 979 3651 1060 ᾀρχιερεὺς

2180 1052 2648 1132 χειροἱονηθείς·
2693 1057 2792 1112 καὶ
2827 1056 2987 1121 ὅπως
3016 1052 3275 1118 ἕκαστος
3297 1052 3543 1121 γίνεται.

2152 1150 2214 1202 Ὀ
2263 1149 2558 1219 ἀσπασμὸς
2593 1149 2652 1201 δὲ
2691 1145 2770 1216 τῷ
2811 1142 3317 1216 χειροτονουμένφ,
3365 1139 3509 1208 πλὴν
3554 1138 3650 1191 τοῦ

2070 1245 2128 1296 ὲν
2164 1243 2242 1312 τῷ
2264 1241 2472 1312 βήματι
2506 1240 2862 1310 τελουμένου,
2889 1238 3099 1304 γίνεται
3129 1235 3270 1303 τρίςο
3301 1232 3516 1304 πρῶτον
3553 1231 3652 1299 μὲν

2081 1336 2221 1403 μετὰ
2257 1335 2318 1387 τὸ
2352 1335 2580 1404 μήνυμα
2603 1333 2680 1395 ὼς
2702 1331 2989 1399 γεγονότος
3019 1327 3188 1384 αὐτοῦ
3216 1325 3530 1396 μνηστῆρος
3554 1322 3654 1391 τῆς

2074 1428 2392 1497 ἐκκλησίας,
2425 1423 2494 1498 ἧς
2535 1427 2635 1497 τὴν
2663 1424 2977 1496 ἐγχείρισαν
3011 1423 3250 1491 δέχεται,
3283 1420 3372 1471 ὅτε
3402 1417 3479 1486 μὴ
3505 1416 3655 1468 εύόσο

2079 1537 2182 1590 μου
2214 1519 2367 1582 ὄντος
2407 1519 2577 1582 τινὸς,
2623 1517 2972 1587 θυμιάματος
3019 1509 3325 1582 δηλονάτιῆ
3366 1508 3658 1581 ροδοστάτ·

2085 1629 2282 1681 ματος,
2315 1611 2637 1682 καθημένου
2666 1609 2763 1664 τοῦ
2794 1607 3231 1680 ἀρχιεπισκόπου
3283 1603 3378 1658 καὶ
3419 1602 3527 1654 τῶν
3559 1601 3658 1670 ἀρ-

2078 1703 2312 1772 χιερέων
2342 1702 2707 1772 ἑκατέρωθεν,
2731 1699 3142 1770 προσαγόμενος
3171 1695 3472 1767 προσκυνεῖ
3503 1692 3654 1760 τρίς·

393 1801 498 1856 tes,
529 1803 718 1863 terque
748 1809 869 1848 sese
892 1795 1214 1863 prosternit,
1247 1805 1302 1848 et
1330 1795 1620 1851 osculatur
1651 1811 1818 1865 genu,
1854 1813 1970 1851 tna~

2095 1798 2174 1850 ta‘t
2203 1795 2588 1863 ἀσπαζόμενος
2630 1794 2762 1861 γόνυ
2811 1792 2906 1845 καὶ
2953 1793 3114 1861 χεῖρα
3145 1789 3241 1842 καὶ
3286 1786 3522 1857 παρειὰν
3564 1782 3660 1836 τοῦ

393 1899 524 1937 num
583 1895 635 1937 et
669 1900 862 1954 genam
901 1887 1198 1954 poniiltcis,
1225 1895 1280 1940 et
1315 1887 1370 1940 in
1408 1903 1502 1942 ore
1528 1888 1821 1957 episcopos
1855 1899 1971 1943 tum

395 1976 645 2030 sedentes
673 1995 689 2041 ;
728 1977 972 2031 nondum
1004 1977 1151 2031 enim
1184 1989 1267 2034 est
1297 1980 1611 2049 episcopus,
1636 1979 1824 2048 jussus
1877 1997 1977 2036 au-

398 2078 504 2122 tem
544 2070 720 2134 sedet,
752 2083 860 2122 non
895 2069 948 2122 in
974 2069 1174 2123 throno
1209 2071 1525 2139 episcopali,
1567 2072 1661 2126 sed
1721 2072 1974 2141 privatim

398 2159 654 2222 inferius,
695 2159 748 2213 iu
783 2161 906 2216 loco
935 2161 1320 2229 depressiore:
1354 2177 1463 2231 quo
1484 2161 1822 2232 significatur
1852 2178 1974 2216 eum

399 2249 702 2305 Ecclesiam
736 2260 947 2305 tantum
977 2251 1357 2319 despondisse,
1392 2261 1445 2306 et
1474 2252 1812 2320 sponsalium
1863 2249 1977 2321 pii-
2013 2261 2018 2267 '

400 2341 586 2396 mitias
618 2341 922 2411 accepisse,
961 2340 1202 2394 nondum
1238 2341 1382 2394 enim
1428 2341 1509 2393 vir
1565 2339 1684 2410 ejus
1741 2350 1846 2402 est,
1896 2339 1979 2393 vel

402 2434 655 2486 maritus.
683 2432 809 2486 Ideo
839 2432 988 2486 velut
1012 2429 1110 2500 qui
1141 2440 1353 2484 tantum
1379 2430 1588 2485 dederit
1621 2431 1868 2500 symbola
1925 2438 1981 2484 et

403 2527 780 2581 arrhabouum
839 2526 1110 2596 primitias
1167 2540 1294 2579 cum
1351 2525 1544 2579 amicis
1601 2534 1657 2578 et
1716 2523 1981 2578 fratribus

401 2634 614 2686 sponsa:
647 2635 708 2672 ea
734 2619 949 2687 peragit
973 2617 1186 2687 quaead
1221 2616 1518 2670 amicitiam
1545 2615 1978 2670 confirmandam

403 2710 749 2780 inserviunt;
784 2709 927 2764 unde
954 2725 1049 2764 eos
1070 2708 1353 2764 osculatur
1388 2719 1447 2762 ut
1497 2708 1607 2778 jam
1662 2707 1896 2769 amicus,
1931 2715 1986 2760 et

403 2805 557 2856 sedet
586 2818 711 2858 cum
744 2802 843 2868 eis,
881 2814 935 2857 et
985 2801 1224 2857 consulit
1265 2816 1390 2856 cum
1448 2800 1566 2866 eis;
1634 2815 1741 2854 non
1803 2811 1984 2854 tamen

407 2895 685 2960 considet,
714 2909 839 2947 cum
878 2893 1137 2948 thronum
1172 2893 1415 2948 nondum
1457 2901 1748 2949 assecutus
1798 2891 1983 2958 fuerit,

409 2999 509 3038 nec
548 2984 812 3037 honorem
844 2991 898 3039 et
923 2981 1250 3054 dignitatem
1300 2981 1480 3038 Patris
1536 2982 1830 3047 Ecclesiae;
1885 2995 1987 3036 nec

406 3075 552 3130 enim
584 3074 720 3146 ipsis
758 3084 1106 3145 cooperator,
1144 3089 1266 3130 cum
1304 3074 1566 3130 ordinare
1631 3090 1739 3129 nou
1788 3074 1984 3143 possit.

409 3168 714 3224 Consilium
743 3183 871 3224 vero
894 3167 987 3222 dat
1018 3169 1225 3232 solum,
1261 3169 1379 3223 sive
1401 3169 1732 3223 sententiam
1755 3166 1911 3230 dicit,
1931 3173 1990 3222 et
2016 3165 2063 3230 C

409 3275 602 3315 eorum
643 3276 764 3330 quae
817 3270 949 3316 sunt
988 3275 1206 3331 sponsae
1234 3275 1424 3316 curam
1475 3259 1634 3330 gerit,
1693 3259 1994 3330 possessio-

412 3372 542 3410 num
576 3355 790 3423 scilicet
823 3366 876 3411 et
908 3355 1254 3426 negotiorum
1290 3353 1357 3408 ad
1372 3351 1678 3409 Ecclesiam
1739 3360 1996 3421 spectan—

412 3450 579 3502 tium.
613 3446 866 3502 Secunda
901 3446 1168 3502 salutatio
1201 3446 1259 3499 ﬁt
1288 3461 1412 3500 cum
1447 3445 1806 3517 perﬁciuntur
1825 3459 1995 3516 spon-

414 3540 574 3604 salia,
633 3539 911 3610 traditque
965 3553 1208 3610 sponsus
1269 3549 1325 3593 et
1380 3539 1582 3610 accipit
1649 3539 1879 3609 pignora
1941 3549 1998 3594 et

416 3645 634 3689 mutuas
664 3633 992 3690 donationes
1020 3643 1148 3690 ante
1181 3633 1595 3688 matrimonium
1633 3633 1746 3688 ﬁeri
1781 3634 1995 3700 solitas,

413 3743 588 3795 eaque
613 3727 722 3793 agit
747 3743 867 3794 qua:
901 3726 1048 3781 Patri
1080 3728 1438 3788 conveniunt.
1470 3735 1525 3782 et
1557 3729 1638 3802 ad
1681 3729 1860 3796 ipsum
1911 3741 1998 3779 re-

416 3820 692 3884 feruntur,
729 3821 896 3874 veluti
948 3819 1092 3889 quod
1153 3829 1358 3874 rectam
1398 3819 1558 3874 [idem
1605 3802 1998 3880 confessum-et

413 3912 778 3966 meouoniiam
805 3911 909 3967 sibi
940 3911 1205 3966 creditam
1234 3925 1294 3965 se
1320 3911 1455 3964 bene
1479 3909 1997 3963 administraturum

415 4002 633 4056 sincere
671 4002 951 4071 pollicitus
977 4001 1248 4070 primitias
1281 3997 1622 4053 matrimonii
1655 3997 1912 4066 accipiat,
1946 4004 2000 4050 et

417 4096 469 4147 in
513 4095 658 4149 illius
697 4096 1104 4164 possessionem
1147 4107 1245 4163 per
1289 4107 1516 4160 parvqu
1553 4091 1795 4160 sigillum
1830 4091 1996 4146 veluti

417 4200 513 4254 per
537 4185 900 4240 arrhabonem
957 4185 1226 4239 mittatur.
1300 4182 1454 4240 Tunc
1513 4185 1660 4237 enim
1718 4182 1840 4238 sine
1892 4199 1995 4237 uu-

419 4289 623 4348 guento
662 4288 716 4331 ct
748 4279 933 4333 sumtu
967 4279 1220 4332 osculum
1248 4276 1397 4332 facit.
1438 4275 1703 4330 Osculum
1726 4291 1857 4331 vero
1912 4290 2000 4328 or-

417 4371 726 4427 dinationis
756 4370 901 4440 quod
935 4369 1072 4427 litin
1117 4369 1440 4425 sanctuario
1499 4367 1998 4446 consunnnativum

417 4474 500 4517 cst
531 4463 1019 4519 etmatrimoniiet
1071 4462 1314 4527 unionis,
1349 4461 1479 4530 quia
1535 4459 1617 4512 vir
1662 4467 1717 4513 et
1767 4458 2000 4512 maritus

2082 1888 2359 1957 ίεράρχου,
2385 1889 2482 1941 καὶ
2512 1886 2648 1949 τοὺς
2681 1885 2962 1956 ἀρχιερεῖς
2993 1883 3072 1945 εἰς
3107 1880 3168 1934 τὸ
3207 1881 3383 1950 στόμα
3417 1875 3662 1946 καθημέ-

2081 1997 2205 2042 νους
2234 1979 2332 2032 καὶ
2366 1978 2589 2043 αὐτοὺς,
2619 1978 2678 2031 ού
2717 1978 2825 2046 γὰρ
2848 1976 3145 2038 ἐπίσκοπος
3167 1975 3315 2027 ἐστιν
3342 1973 3443 2037 ἔτι,
3473 1970 3663 2024 κελευ-

2081 2073 2234 2134 σθεὶς
2270 2070 2530 2139 κάθηται,
2577 2069 2679 2122 οὐκ
2711 2071 2769 2122 ὲν
2793 2067 2973 2139 θρόνῳ
3002 2067 3113 2120 τῶν
3163 2065 3501 2125 ἐπισκόπων,
3541 2061 3664 2114 ἀλλ’
3693 2125 3697 2128 ι

2085 2162 2217 2233 ἰδίᾳ,
2246 2161 2494 2218 κάτωθεν
2520 2161 2578 2212 ὲν
2614 2159 2896 2230 ὑφειμένῳ
2928 2159 3060 2224 τινὶ,
3096 2155 3427 2226 δηλουμένου
3459 2155 3522 2206 ἐκ
3545 2151 3668 2205 τούς·

2081 2272 2200 2319 του,
2251 2255 2325 2312 ὡς
2369 2253 2651 2323 ἡρμόσατο
2703 2253 2864 2322 μόνον
2911 2251 3012 2320 τὴν
3064 2247 3393 2317 ἐκκλησίαν,
3429 2247 3524 2299 καὶ
3562 2243 3665 2312 τῆς

2087 2347 2382 2416 μνηστείας
2404 2345 2566 2397 ἔλαϐε
2601 2345 2698 2414 τὴν
2724 2343 3002 2412 ἀπαρχὴν,
3035 2342 3252 2394 οὐδέπω
3275 2340 3330 2392 δέ
3357 2341 3501 2391 ἐστιν
3528 2337 3666 2406 ἀνὴρ

2085 2441 2117 2501 ἢ
2168 2439 2423 2508 νυμφίος.
2475 2437 2564 2490 Διὸ
2601 2438 2678 2500 ὡς
2716 2435 2876 2506 μόνον
2910 2434 2978 2488 τὰ
3031 2434 3338 2502 συμϐόλαια
3377 2432 3521 2494 δοὺς,
3571 2431 3667 2483 καὶ

2086 2535 2197 2587 τῶν
2222 2532 2562 2604 ἀρῤαϐώνων
2600 2531 2702 2592 τὰς
2741 2528 3021 2597 ἀπαρχὰς,
3059 2527 3196 2595 μετὰ
3227 2525 3337 2576 τῶν
3371 2524 3540 2592 φίλων
3571 2523 3668 2591 τῆς

2087 2625 2308 2692 νύμφης
2335 2623 2432 2677 καὶ
2457 2619 2708 2691 ἀδελφῶν
2729 2621 2966 2672 ποιεῖται
2993 2618 3062 2671 τὰ
3077 2617 3178 2685 τῆς
3197 2617 3380 2684 φιλίας
3410 2615 3665 2684 ἐνέχυρα.

2087 2721 2197 2774 Καὶ
2231 2717 2541 2780 ἀσπάζεται
2571 2715 2645 2777 ὡς
2693 2713 2844 2782 φίλος
2874 2713 2999 2781 ἤδη,
3037 2712 3132 2764 καὶ
3178 2709 3416 2778 κάθηται
3448 2711 3546 2760 σὺν
3575 2708 3670 2758 αὺ-

2089 2813 2228 2874 τοῖς,
2271 2809 2365 2863 καὶ
2408 2807 2727 2877 βουλεύεται
2780 2806 2898 2874 μετ’
2947 2804 3148 2858 αὐτῶν.
3196 2801 3274 2857 Οὐ
3321 2800 3669 2868 συγκάθηται

2087 2904 2165 2970 δὲ,
2198 2902 2322 2956 ἐπεὶ
2358 2901 2481 2955 οὐδὲ
2511 2899 2605 2954 τοῦ
2639 2898 2832 2967 θρόνου
2861 2899 3181 2967 τετύχηκεν,
3216 2894 3336 2948 οὐδὲ
3365 2896 3464 2963 τῆς
3501 2893 3669 2960 τιμῆς

2089 2997 2184 3051 τοῦ
2217 2995 2430 3064 [ἰατρὸς
2466 2993 2635 3062 αὐτῆς
2673 2991 2768 3046 καὶ
2806 2991 2986 3056 ἀξίας·
3015 2988 3137 3044 οὐδέ
3170 3005 3234 3056 γε
3285 2985 3662 3054 συμπράττει,

2095 3089 2178 3144 ὅτι
2210 3088 2333 3144 οὐδὲ
2381 3087 2712 3158 χειροτονεῖν
2766 3083 3023 3138 δύναταιο
3087 3077 3398 3150 συμϐουλὴν
3447 3077 3504 3128 δὲ
3553 3076 3666 3144 ἤτοι

2093 3181 2322 3253 γνώμην
2348 3181 2445 3234 καὶ¹
2472 3179 2638 3253 μόνον
2664 3177 2867 3240 δίδωσι,
2891 3175 2986 3228 καὶ
3015 3173 3126 3226 τῶν
3145 3173 3243 3240 τῆς
3267 3169 3485 3238 νύμφης
3512 3172 3674 3236 φρον-

2095 3277 2234 3340 τίζει
2267 3274 2570 3345 κτημάτων
2605 3269 2808 3345 δηλαδὴ
2837 3267 2935 3326 καὶ
2960 3267 3307 3342 πραγμάτων
3335 3263 3437 3337 τῆς
3471 3264 3675 3340 ἐκκλη-

2097 3370 2240 3432 σίας.
2314 3367 2375 3422 '0
2433 3367 2691 3435 δεύτερος
2738 3365 2795 3418 δὲ
2850 3365 3162 3432 ἀσπασμός,
3218 3364 3308 3416 ὅτε
3379 3361 3674 3416 τελεσθῶσι

2095 3463 2166 3516 τὰ
2199 3461 2477 3530 μνῆστρα,
2517 3459 2614 3512 καὶ⁷
2647 3458 2772 3520 δοὺς
2817 3458 2943 3520 τοὺς
2981 3456 3307 3528 ἀρραϐῶνας
3351 3457 3445 3508 καὶ
3469 3453 3675 3517 λαϐὼν,

2097 3555 2195 3607 καὶ
2228 3553 2327 3616 τὰς
2359 3552 2468 3620 πρὸ
2507 3549 2601 3604 τοῦ
2633 3549 2813 3618 γάμου
2842 3547 3054 3618 δωρεὰς
3078 3549 3171 3601 καί
3201 3549 3271 3602 τὰ
3301 3547 3569 3616 σύμφωνα
3600 3543 3679 3614 τῷ

2099 3646 2295 3716 Πατρὶ,
2348 3641 2462 3696 οἷον
2497 3644 2598 3712 τὴν
2651 3643 2836 3696 πίστιν
2884 3642 3050 3712 ὀρθὴν
3081 3641 3532 3712 ἀνομολογήσας,
3582 3639 3678 3691 καὶ

2097 3735 2340 3806 γνησίως
2370 3735 2470 3802 τὴν
2499 3733 2959 3804 ἐμπιστευθεῖσαν
2997 3734 3304 3802 οἰκονομεῖν
3330 3732 3675 3800 καθυποσχε-

2099 3829 2235 3891 θεὶς,
2285 3828 2385 3890 τὰς
2429 3827 2684 3896 ἀπαρχὰς
2723 3826 2822 3894 τῆς
2871 3826 3227 3894 νυμφεύσεως
3274 3823 3437 3896 λάϐῃ,
3486 3826 3577 3876 καὶ
3611 3827 3679 3893 τῇ

2103 3920 2275 3990 μικρᾷ
2309 3918 2573 3988 σφραγῖδι
2601 3918 2805 3987 ταύτην
2830 3917 2902 3980 ὡς
2935 3918 2992 3970 ἐν
3024 3913 3308 3988 ἀρραὁῶνι
3338 3915 3678 3985 ὲγχειρισθῇ.

2101 4014 2211 4068 Καὶ
2245 4012 2367 4066 τότε
2405 3997 2515 4082 γὰρ
2555 4009 2679 4080 δίχα
2725 4008 2900 4078 μύρου
2935 4009 3028 4063 καὶ
3060 4008 3408 4078 θυμιάματος
3450 4008 3682 4059 ποιεῖται

2099 4106 2191 4159 τὸν
2222 4103 2540 4171 ἀσπασμόν.
2587 4100 2804 4154 Γίνεται
2857 4099 2914 4152 δὲ
2963 4097 3058 4152 καὶ
3096 4100 3123 4151 ὁ
3156 4099 3258 4167 τῆς
3305 4097 3678 4167 χειροτονίας,

2100 4195 2159 4258 ὃς
2188 4195 2340 4257 ἐντός
2368 4194 2484 4248 ἐστι
2512 4189 2608 4244 καὶ
2629 4189 2938 4252 τελεστικδς
2959 4188 3055 4242 καὶ
3081 4187 3184 4256 τῆς
3209 4187 3566 4256 νυμφεύσεως
3586 4187 3680 4239 καὶ

2103 4287 2372 4348 ἑνώσεως·
2405 4285 2490 4338 ὅτι
2521 4281 2659 4352 ἀνὴρ
2689 4281 2784 4334 καὶ
2809 4279 3040 4352 νυμφίος
3069 4283 3170 4348 τῆς
3199 4279 3499 4348 ἐκκλησίας
3521 4277 3684 4332 κατέ-

2106 4394 2231 4447 στη.
2281 4377 2426 4429 Ἀλλ’
2460 4377 2488 4428 ό
2521 4376 2650 4444 περὶ
2689 4373 2884 4426 τούτου
2929 4374 2986 4426 έν
3030 4373 3096 4442 τῇ
3139 4371 3442 4442 χειροτονίᾳ
3487 4369 3685 4441 ιδιρέοη

2107 4468 2286 4536 λόγος.
2341 4465 2453 4519 Νῦν
2501 4465 2558 4518 δὲ
2593 4465 2778 4535 τρίτον
2817 4464 3000 4534 φαμὲν
3028 4465 3120 4516 τὸν
3147 4462 3349 4527 ἔξωθεν
3377 4461 3472 4514 τοῦ
3510 4461 3686 4531 βήμα-

418 4558 678 4613 Eeclesite
718 4557 1102 4614 constituitur.
1143 4553 1250 4610 Sed
1279 4554 1347 4609 de
1386 4567 1450 4608 eo
1492 4552 1698 4607 dictum
1729 4560 1838 4616 est,
1877 4566 2002 4606 cum

2106 4575 2219 4621 τος,
2274 4557 2350 4620 ὡς
2405 4557 2500 4609 καὶ
2557 4557 2686 4617 τοὺς
2742 4555 2934 4617 ἄλλους
2988 4553 3336 4622 ἀσπασμοὺς,
3387 4553 3477 4604 τὸν
3513 4554 3569 4604 ὲν
3620 4552 3686 4622 τῇ

419 4653 484 4703 de
506 4649 860 4705 ordinatione
894 4649 1060 4703 verba
1094 4647 1423 4701 faceremus.
1459 4642 1618 4698 Nune
1668 4651 1853 4697 autem
1896 4652 2004 4697 ter-

421 4743 553 4795 tium
587 4741 823 4796 dicimus
849 4739 982 4794 illud
1005 4739 1152 4808 quod
1182 4740 1238 4792 lit
1261 4749 1418 4793 extra
1461 4733 1866 4800 sanctuarium,
1888 4735 2005 4790 "sieo

421 4842 479 4886 ut
509 4843 566 4888 et
600 4830 707 4886 alia
759 4831 970 4895 oscula,
1004 4831 1136 4884 illud
1181 4845 1376 4899 nempe
1398 4828 1540 4896 quod
1568 4827 1628 4881 lit
1687 4827 1740 4881 in
1774 4827 2004 4898 synodo,

421 4932 474 4978 et
499 4933 620 4993 pust
661 4922 1092 4985 ordinationem,
1143 4937 1267 4977 cum
1319 4935 1512 4976 recens
1567 4920 1856 4976 ordinatus
1911 4937 2005 4975 ve-

423 5019 581 5070 niens
618 5013 940 5070 sedentibus
993 5011 1414 5081 archiepiscopo
1474 5019 1530 5066 et
1589 5012 1863 5081 episcopis
1921 5021 2006 5067 ter

423 5123 545 5163 sese
571 5107 874 5174 prosternit
904 5120 1092 5160 coram
1131 5119 1328 5172 magno
1363 5103 1641 5174 pontiﬁce,
1683 5115 1741 5159 ut
1771 5106 2006 5176 subjec-

426 5202 626 5255 tiouem
691 5215 848 5255 suam
891 5200 1256 5259 demonstret,
1291 5210 1342 5252 et
1391 5197 1712 5253 Trinitatem
1751 5198 2002 5254 honoret.

425 5297 625 5349 Postea
659 5305 918 5364 surgente
957 5292 1237 5362 paululum
1268 5290 1706 5359 archiepiscopo,
1744 5303 1802 5347 ut
1827 5294 2004 5362 ipsum

426 5392 654 5442 honoret
683 5389 825 5442 velut
860 5386 1206 5455 episcopum,
1239 5382 1520 5438 stantibus
1549 5399 1679 5438 vero
1711 5385 1834 5438 aliis
1893 5386 2008 5453 epi-

423 5485 632 5549 scopis,
665 5479 894 5548 aequalis
924 5481 1069 5531 enim
1098 5485 1183 5531 est
1213 5477 1315 5539 eis,
1358 5489 1412 5531 et
1465 5476 1711 5546 ejusdem
1762 5477 2008 5544 honoris,

425 5573 640 5628 accedit
691 5581 744 5625 et
785 5583 1108 5626 consuetam
1159 5570 1290 5625 facit
1337 5570 1762 5636 salutationem;
1798 5570 2012 5624 are-hie—

427 5667 633 5738 piscopi
668 5665 883 5720 scilicet
917 5681 1082 5734 genu,
1126 5681 1347 5718 manum
1382 5675 1435 5719 ct
1464 5680 1656 5734 genam
1691 5665 2006 5729 osculatur;

429 5761 718 5832 episcopos
751 5775 876 5816 vero
901 5771 1112 5818 stantes
1148 5761 1202 5816 in
1236 5773 1351 5816 ore.
1388 5757 1498 5814 Hoc
1538 5765 1758 5828 peracto
1810 5757 2008 5812 iterum

2112 4649 2343 4716 συνόδῳ.
2403 4645 2501 4699 καὶ
2537 4645 2680 4714 μετὰ
2730 4644 2830 4716 τὴν
2882 4644 3251 4715 χειροτονίανι
3302 4645 3390 4697 ὅτε
3445 4642 3613 4695 ἐλθὼν
3659 4642 3689 4693 ό

2111 4744 2308 4796 νεωστὶ⁵
2339 4739 2764 4812 χειροτονηθεὶς,
2813 4740 2906 4793 τοῦ
2963 4737 3400 4808 ἀρχιεπισκόπου
3449 4736 3542 4789 καὶ
3582 4735 3690 4789 τῶν

2110 4835 2416 4904 ἀρχιερέων
2441 4832 2793 4902 καθημένων,
2839 4831 3143 4901 προσκυνεῖ
3184 4829 3306 4900 τρὶς
3353 4827 3430 4898 τῷ
3469 4826 3692 4896 μεγάλῳ

2112 4929 2385 4998 ἀρχιερεῖ,
2421 4925 2520 4994 τὴν
2562 4923 2844 4992 ὑποταγὴν
2878 4923 3046 4978 αὐτοῦ
3078 4921 3316 4984 δεικνὺς,
3371 4920 3466 4973 καὶ
3512 4921 3691 4986 τιμῶν

2109 5022 2210 5090 τὴν
2249 5019 2477 5088 Ἰ“ριάδα.
2525 5015 2658 5070 Εἶτα
2711 5016 3053 5087 προσελθὼν,
3105 5015 3555 5084 ὕπανισταμένου
3598 5013 3694 5066 καὶ

2111 5115 2205 5168 τοῦ
2242 5112 2681 5184 ἀρχιεπισκόπου
2711 5113 2932 5183 μικρὸν,
2980 5110 3251 5181 τιμῶντος
3279 5111 3440 5164 αὑτὸν
3484 5108 3557 5176 ὡς
3593 5109 3696 5176 ἀρ-

2116 5207 2328 5276 χιερέα,
2377 5205 2469 5257 καὶ
2506 5204 2612 5257 τῶν
2644 5205 2820 5259 ἄλλων
2870 5205 2928 5258 δὲ
2979 5204 3292 5276 ἱσταμένων
3347 5201 3692 5273 ἀρχιερέων,
3727 5223 3744 5276 ἓ

2114 5301 2228 5359 ἶσος
2264 5298 2375 5366 γάρ
2440 5299 2588 5349 ἐστιν
2617 5297 2804 5359 αὐτοῖς
2835 5297 2930 5350 καὶ
2960 5295 3273 5365 όματαγὴς,
3325 5295 3566 5346 ποιεῖται
3601 5293 3694 5345 τὸν

2117 5390 2411 5458 ἀσπασμὸν
2444 5386 2715 5457 συνήθωςο
2751 5389 2846 5442 καὶ
2883 5389 2975 5442 τὸν
3014 5388 3115 5457 μὲν
3147 5387 3582 5459 ἀρχιεπίσκοπον
3615 5385 3696 5447 εἰς

2115 5481 2176 5535 τὸ
2205 5481 2334 5548 γόνυ
2368 5479 2461 5532 καὶ
2510 5481 2612 5548 τὴν
2643 5483 2802 5550 χεῖρα
2834 5481 2928 5533 καὶ⁸
2957 5481 3056 5550 τὴν
3092 5479 3330 5550 παρειὰν
3361 5476 3693 5542 ἀσπάζεται,

2116 5576 2242 5636 τοὺς
2276 5574 2556 5642 ἀρχιερεῖς
2597 5571 2651 5624 δὲ
2701 5573 3030 5642 ἱσταμένους
3075 5571 3240 5643 168
3277 5573 3357 5634 εἰς
3403 5570 3465 5622 τὸ
3497 5569 3694 5638 στόμα.

2121 5667 2226 5717 Καὶ
2249 5663 2391 5716 οὕτω
2422 5662 2584 5715 πάλιν
2613 5661 2777 5730 μέσον
2814 5664 2968 5727 στὰς,
3000 5665 3094 5715 καὶ
3122 5663 3213 5714 τὸν
3259 5661 3698 5731 ἀρχιεπὶσκοπον

2118 5755 2530 5828 προσκυνήσας,
2579 5753 2862 5808 κελεύεται
2913 5755 3266 5826 καθεσθῆναιο
3300 5756 3408 5828 ,καὶ
3458 5751 3698 5824 κάθηται
