4126 6268
444 325 546 390 4.37

1514 329 1624 390 DE.
1657 330 1930 392 SACRIS
1959 329 2654 404 ORDINATIONIBUS.

3603 339 3630 402 4
3641 346 3722 406 38‘

439 444 522 506 εἰς
546 443 638 496 τὸν
660 443 823 497 τόπον
852 443 950 514 τῆς
981 445 1153 513 αὐτῆς
1193 446 1552 516 Ἐκκλησίας,
1581 448 1684 518 ἤδη
1710 449 1804 503 καὶ
1833 448 2022 504 τοῦτον

2153 475 2185 513 n
2216 463 2398 518 medio
2421 471 2554 526 stat,
2580 473 2633 519 et
2668 473 2960 534 postquam
3022 478 3145 519 sese
3190 477 3377 518 coram
3436 462 3712 530 archiepi-

440 534 800 605 παραλαϐών.
841 536 932 588 Διὸ
973 536 1070 588 καὶ
1114 537 1142 589 6
1186 537 1482 607 ἀσπασμὸς
1525 539 1757 604 γίνεται,
1791 537 1878 591 ἵνα
1928 539 2022 593 καὶ

440 627 534 681 τὸν
559 628 747 694 θρόνον
775 627 941 682 αὐτοῦ
981 628 1122 700 λάϐῃ
1168 631 1264 684 καὶ
1314 630 1686 700 συγκάθεδρος
1718 631 2022 701 ἀναγορευ-

440 719 506 790 θῇ
557 725 656 789 τῆς
710 721 929 774 συνόδου
969 723 1064 776 καὶ
1118 723 1442 793 συγκριτής.
1483 724 1595 777 Καὶ
1639 724 1705 795 δὴ
1755 724 1896 778 κατὰ
1926 725 2027 794 τὴν

441 814 592 880 τάξιν
615 815 709 867 τοῦ
729 814 918 885 θρόνου
938 815 1110 871 αὐτοῦ’
1131 818 1225 869 καὶ
1246 817 1344 886 τὴν
1371 815 1540 888 τιμὴν
1563 814 1698 886 ἔχει’
1727 822 1824 871 καὶ
1851 817 2024 889 κάθη-

441 922 531 959 ται
568 907 659 958 καὶ
685 907 1044 978 γνωμοδοτεί,
1090 908 1184 960 καὶ
1209 907 1278 961 τὰ
1309 907 1475 961 λοιπά
1503 908 1741 977 ἐνεργεῖ.

1008 1199 1258 1252 ΚΕΦΑΛ.
1298 1196 1468 1252 ΣΚΓ.

446 1315 610 1368 Διατί
644 1316 714 1367 ἐν
740 1314 821 1380 τῷ
869 1315 1045 1382 τρίτῳ
1079 1313 1181 1369 καὶ
1228 1315 1554 1377 τελευταίῳ
1585 1311 1893 1380 ασπασμῷ
1933 1313 2033 1382 θυέ

520 1387 712 1454 μίαμα
737 1381 1410 1454 ιιετάίροδοστάγματος
1459 1384 1897 1454 προσφέρεται]
1936 1381 2034 1434 καὶ

522 1450 656 1522 περὶ
696 1450 800 1523 τῆς
839 1450 1520 1523 λεγομένηςζπράεεως,
1578 1452 1711 1520 ἤτοι
1766 1450 2035 1520 γράμμα-

518 1520 642 1591 tot,
678 1520 1058 1592 τᾰπερϊτῆς
1088 1520 1469 1591 χειροτονίας
1490 1520 1854 1590 δηλοῦντος.

533 1641 691 1693 Ἐπεὶ
719 1640 776 1693 δὲ
819 1639 993 1692 ταῦτα
1038 1637 1126 1692 διά
1173 1639 1274 1706 τῆς
1307 1635 1529 1706 χάριτος
1559 1633 1743 1699 ἔλαϐε,
1788 1636 1883 1689 καὶ
1927 1634 2037 1688 τῶν

449 1733 704 1802 εὐόσμων
735 1728 1108 1801 προσφέρεταί
1159 1746 1234 1797 τι,
1269 1723 1381 1781 οἷον
1417 1726 1786 1798 ροδόσταγμα,
1815 1727 1911 1779 καὶ
1942 1725 2037 1778 θυ-

456 1825 645 1895 μίαμα
669 1823 758 1877 διά
778 1822 870 1876 τοῦ
898 1824 992 1876 ἐπὶ
1018 1821 1122 1892 τῆς
1156 1820 1434 1888 εὐταξίας,
1464 1819 1523 1883 ὃς
1553 1819 1650 1873 καὶ
1679 1819 2034 1889 προηγεῖται,
2069 1814 2112 1870 Β

451 1918 553 1970 καὶ
585 1917 677 1968 τὸν
714 1915 1169 1986 χειροτονηθέντα
1199 1915 1255 1966 ἐν
1283 1911 1494 1975 τούτοις
1527 1911 1662 1965 πᾶσι
1695 1909 2036 1981 προπέμπει.

451 2009 641 2072 οὕτως
701 2007 796 2062 οὖν
843 2012 872 2062 6
940 2007 1346 2078 χειροτονηθεὶς
1403 2005 1701 2075 ἀρχιερεὺς
1762 2001 2040 2064 καταστὰς

453 2103 636 2158 πάντα
661 2103 730 2156 τά
761 2101 1130 2172 νενομισμένα
1154 2100 1463 2155 τετέλεκεν.
1495 2100 1592 2161 Ὃς
1616 2097 1714 2150 καὶ
1745 2093 2041 2166 ἐγγράφως

454 2194 727 2264 λαμϐάνει
775 2193 847 2246 τὰ
879 2192 1010 2264 περὶ
1060 2191 1227 2246 αὐτοῦ
1275 2192 1649 2262 ὑπομνήματα
1689 2191 1771 2255 εἰς
1801 2190 2040 2260 δήλωσιν

456 2285 783 2354 ἀσφαλείας,
818 2285 1055 2356 γράμμα
1079 2284 1261 2338 λαϐὼν
1287 2284 1465 2338 πάντα
1493 2286 1747 2353 περιέχον
1777 2287 1877 2349 τὴν
1905 2283 2041 2337 ἀνα-

453 2379 649 2448 γωγὴν
684 2379 872 2442 αὐτοῦ,
899 2379 998 2448 τὴν
1029 2377 1356 2448 ἱερωσύνην,
1380 2377 1470 2430 τὸν
1497 2376 1634 2446 βίον,
1667 2377 1766 2439 τὰς
1791 2373 2030 2445 ψήφους,

457 2469 554 2522 καὶ
579 2467 686 2520 ὑπὸ
717 2467 883 2521 τινων
908 2468 1234 2538 ἐψήφισται,
1265 2468 1359 2520 καὶ
1391 2467 1540 2528 ὅπως
1571 2467 1670 2536 τὴν
1699 2464 2041 2534 ἀρχιερωσύ-

458 2575 555 2626 νην
589 2559 889 2621 κανονικῶς
920 2559 1134 2612 ἐλαϐεν.
1194 2558 1260 2611 ’0
1307 2557 1374 2626 δὴ
1422 2558 1518 2610 καὶ
1551 2557 1578 2607 6
1611 2555 2043 2625 ἀρχιεπὶσκοπος

458 2649 797 2719 ὑπογράφει,
830 2651 928 2703 καὶ
960 2648 1158 2720 βούλλῃ
1205 2648 1383 2713 οἰκεία
1441 2644 1761 2715 σφραγίζει,
1797 2644 1872 2707 ὡς
1907 2644 1972 2698 ἂν
2005 2646 2039 2713 ἡ

455 2740 536 2806 εἰς
557 2741 655 2814 τὴν
687 2742 1001 2812 ἐπισκοπὴν
1023 2742 1359 2805 κατάστασις
1383 2740 1740 2810 ἐμμάρτυρος
1769 2736 1959 2791 τούτου

1016 3032 1264 3095 ΚΕΦΑΛ.
1306 3030 1478 3084 ΣΚΔ’.

459 3126 597 3197 Περὶ
635 3127 1068 3192 καταστάσεως
1094 3125 1192 3178 καὶ
1221 3125 1617 3193 χειροτονίας,
1647 3122 2112 3210 πατιτριάρχουσεΙ

543 3219 698 3272 Ἐπεὶ
747 3218 805 3272 δὲ
857 3218 954 3271 καὶ
999 3219 1027 3270 6
1080 3219 1428 3287 πατριάρχης
1463 3217 1786 3278 ἐπίσκοπος,
1835 3214 2040 3284 ἴδωμεν

463 3312 560 3368 καλ⁷
583 3310 655 3366 τὰ
681 3309 805 3365 κατ’
833 3309 997 3362 αὑτὸν
1029 3311 1087 3363 ἐν
1120 3311 1188 3379 τῇ
1225 3307 1536 3379 χειροτονίᾳ
1570 3306 1664 3360 τοῦ
1711 3305 2039 3360 ἐπισκόπου.

464 3404 816 3476 Πατριάρχου
869 3402 1006 3472 πρὸς
1059 3400 1194 3454 Θεὸν
1245 3400 1656 3470 μεταστάντος,
1708 3396 1883 3460 οὐδεὶς
1934 3397 2044 3448 τῶν

465 3499 770 3569 ἀρχιερέων
799 3499 866 3567 τῇ
901 3495 1128 3566 Μεγάλῃ
1158 3495 1296 3569 ᾆλως
1358 3492 1630 3562 ἐκκλησίᾳ.
1679 3489 2042 3562 παραϐάλλει,

468 3593 558 3645 ἵνα
593 3591 667 3660 μὴ
705 3589 780 3654 ὡς
814 3587 1082 3656 ἐπιϐάτης
1127 3585 1376 3657 λογισθῇ.
1411 3584 1518 3638 Τοῦ
1565 3583 1834 3655 βασιλέως
1865 3582 1936 3635 δὲ
1969 3580 2044 3643 ὡς

469 3687 690 3740 ἐκδίκου
722 3683 822 3752 τῆς
862 3681 1198 3752 Ἐκκλησίας
1239 3678 1560 3750 προτροπὴν
1592 3676 1799 3730 ἄνωθεν
1830 3673 2043 3745 ἔχοντος

470 3779 579 3830 τῶν
605 3776 765 3830 θείων
806 3774 1092 3842 Πατέρων,
1149 3770 1367 3824 σύνοδον
1419 3769 1571 3839 ἱερὰν
1633 3768 1824 3821 τούτου
1883 3766 2045 3836 χάριν

474 3869 726 3934 συνάγειν
774 3865 1118 3935 ἀρχιερέων,
1177 3861 1338 3924 αὐτὸς
1395 3861 1461 3931 δὴ
1515 3861 1544 3912 6
1590 3859 1843 3930 βασιλεὺς
1919 3856 2046 3919 τοὺς

474 3958 891 4029 πλησιοχώρους
926 3955 1318 4026 προσκαλεῖται
1347 3954 1437 4008 διὰ
1470 3952 1914 4024 προσταγμάτων
1944 3951 2046 4018 άρ·

477 4050 704 4119 χιερείς.
732 4045 840 4097 Kal.
873 4041 1250 4113 συναχθέντων
1287 4041 1488 4106 αὐτῶν,
1522 4041 1723 4102 πάντες
1751 4040 1883 4093 olus
1913 4041 2048 4106 πρό-

476 4155 636 4210 τερον
663 4136 816 4198 ὄντες
841 4137 900 4188 ἐν
930 4138 994 4206 τῇ
1023 4134 1233 4206 μεγάλῃ
1266 4132 1442 4197 πόλει,
1467 4132 1599 4186 οἵτε
1630 4130 2050 4200 συναθροισθέν-

476 4244 567 4291 τες
623 4225 820 4290 ἔξωθεν
873 4224 988 4276 ὅσοι
1035 4222 1261 4276 δυνατὸν
1315 4220 1512 4284 ἐλθεῖν,
1568 4220 1692 4272 ἐπεὶ
1741 4219 1835 4272 καὶ
1891 4212 2072 4302 ειπερ..

480 4323 682 4379 πάντες
710 4312 851 4386 ἦσαν
887 4317 1186 4378 κανονικοὶ,
1220 4313 1316 4366 τού
1364 4311 1628 4383 βασιλέως
1665 4311 2051 4382 προστάγματι

481 4409 616 4481 ὁμοῦ
647 4410 976 4475 συνάγονται
1026 4408 1084 4459 ἐν
1133 4404 1264 4474 ἱερῷ
1307 4403 1459 4474 τόπῳ
1502 4404 1606 4456 ἐνί.
1656 4404 1766 4457 Καὶ
1808 4402 1964 4456 τοῦτο
1993 4403 2050 4456 δὲ

2128 567 2297 623 scopo
2331 556 2638 621 inclinavit,
2665 556 2915 612 assidere
2942 555 3194 627 jubetur.
3228 556 3394 612 Sedet
3443 565 3620 610 autem
3655 555 3706 609 iu

2130 647 2252 701 loco
2276 648 2524 704 ecclesiae
2567 665 2681 705 suae
2715 650 2903 705 debito
2929 693 2945 719 ,
2972 650 3085 722 jam
3109 651 3258 706 illius
3287 658 3546 720 capturus
3578 663 3708 718 pos-

2131 739 2470 808 sessionem;
2501 741 2626 798 ideo
2648 744 2794 798 enim
2832 745 2892 798 tit
2915 743 3005 798 illa
3040 743 3322 806 salutatio,
3356 753 3414 798 ut
3446 743 3702 797 thronum

2131 845 2296 885 suum
2321 833 2582 902 accipiat,
2619 843 2673 888 et
2703 835 2898 905 synodi
2934 835 3312 905 promulgatur
3352 848 3618 893 assessor.
3654 842 3710 885 et

2131 938 2254 978 cum
2287 923 2411 980 aliis
2457 925 2645 994 judex.
2680 924 2815 980 Nam
2874 927 3176 982 secundum
3226 925 3470 981 ordinem
3525 926 3709 978 throni

2133 1015 2218 1070 sui
2253 1025 2306 1071 et
2332 1017 2659 1081 honoratur,
2690 1027 2744 1073 et
2775 1019 2948 1085 sedet,
2992 1030 3047 1076 et
3095 1020 3424 1084 sententiam
3476 1018 3626 1082 dicit,
3663 1025 3715 1070 et

2132 1117 2330 1162 οεειθτε
2358 1123 2643 1178 operatur.

2662 1223 2892 1281 CAPUT
2923 1219 3201 1284 CCXXIII.

2144 1336 2327 1405 Quare
2363 1339 2432 1392 ad
2459 1341 2675 1394 tertium
2705 1350 2761 1414 et
2799 1342 3049 1414 ultimum
3078 1342 3315 1398 osculum
3366 1345 3567 1414 suﬂitus
3600 1359 3714 1395 cum

2212 1425 2358 1478 aqua
2395 1426 2612 1464 rosncea
2653 1411 2897 1477 oﬂ‘ertur,
2927 1425 2976 1466 et
3015 1413 3082 1466 de
3131 1415 3338 1468 actione
3387 1411 3493 1468 siue
3525 1417 3720 1480 scripto

2219 1495 2321 1548 quo
2354 1480 2554 1551 singuli
2596 1482 2947 1537 ordinationis
2978 1485 3113 1537 ritus
3137 1497 3494 1553 exponuntur.

2212 1651 2347 1708 Cum
2384 1661 2566 1711 autem
2614 1671 2713 1726 per
2741 1658 2977 1728 gratiam
3037 1660 3154 1716 haec
3219 1663 3515 1732 acceperit,
3559 1665 3722 1720 offert
3772 1661 3782 1732 ί

2145 1745 2351 1816 aliquid
2411 1747 2764 1814 suaveolens,
2818 1750 2988 1805 veluti
3035 1767 3259 1810 roseum
3314 1757 3606 1826 liquorem,
3666 1767 3724 1813 et-

2139 1849 2261 1906 quae
2289 1835 2533 1894 sumtum
2564 1847 2690 1908 apta
2716 1849 2847 1897 sunt
2879 1842 3081 1910 facere,
3109 1859 3206 1915 per
3231 1859 3358 1900 eum
3415 1849 3512 1917 qui
3551 1863 3722 1905 caere-

2141 1929 2348 1986 moniis
2378 1934 2578 1989 ordine
2605 1933 2835 2004 agendis
2866 1937 3196 2008 prmpositus
3223 1944 3328 2006 est,
3359 1940 3455 2010 qui
3509 1941 3565 1996 in
3620 1942 3724 1998 bu-

2139 2019 2384 2090 jusmodi
2413 2031 2470 2080 et
2495 2025 2672 2095 praeit,
2720 2035 2776 2083 et
2800 2027 3112 2084 ordinatum
3131 2030 3372 2087 deducit.
3395 2031 3532 2088 Cum
3559 2033 3727 2103 igitur
3786 2048 3790 2051 ·

2141 2113 2224 2169 sic
2252 2113 2540 2186 episcopus
2581 2118 2882 2176 institutus
2919 2121 3108 2176 omnia
3161 2138 3284 2192 quae
3339 2123 3550 2192 legibus
3603 2137 3722 2180 sta-

2145 2214 2262 2260 tuta
2299 2216 2426 2263 sunt
2454 2207 2771 2278 perfecerit,
2800 2211 3011 2282 scripto
3039 2215 3207 2270 etiam
3243 2217 3442 2287 accipit
3465 2217 3725 2273 testiﬁca-

2143 2297 2346 2353 tionem
2379 2300 2692 2358 securitatis
2713 2317 2879 2359 causa
2905 2319 3098 2360 eorum
3138 2323 3260 2377 qum
3295 2313 3362 2364 de
3410 2310 3530 2380 ipso
3576 2311 3723 2366 dicta

2143 2386 2356 2444 factave
2402 2399 2572 2458 sunt;
2629 2391 2868 2462 diploma
2925 2411 3119 2468 nempe
3171 2403 3353 2454 omnia
3407 2403 3722 2469 continens,

2143 2480 2544 2538 institutionem
2581 2485 2780 2553 ipsius,
2815 2502 3023 2554 mores,
3077 2493 3472 2559 sacerdotium,
3529 2496 3724 2550 suifra-

2142 2572 2251 2640 gia,
2284 2581 2338 2626 et
2368 2589 2398 2627 a
2427 2574 2628 2643 quibus
2659 2577 2918 2650 suﬂragia
2951 2584 3206 2652 Laccepit,
3260 2600 3438 2654 quave
3507 2588 3722 2643 ratione

2143 2659 2524 2729 episcopatum
2560 2666 2827 2721 canonice
2874 2671 3136 2739 suscepit.
3177 2671 3288 2728 Hoc
3345 2675 3716 2730 testimonium

2145 2752 2596 2824 archiepiscopus
2634 2757 2932 2813 subscribit
2961 2770 3014 2815 et
3039 2761 3182 2817 bulla
3205 2768 3422 2834 propria
3450 2768 3722 2837 obsignat,

2146 2850 2206 2894 ut
2232 2841 2301 2896 sit
2333 2842 2410 2896 illi
2446 2847 2810 2912 promotionis
2843 2857 2896 2903 et
2928 2850 3296 2910 institutionis
3341 2856 3406 2910 ad
3440 2857 3722 2927 episc0pa-

2146 2943 2258 2987 tum
2284 2934 2614 2990 testiﬁcatio.

2663 3028 2890 3087 CAPUT
2930 3031 3212 3092 CCXXIV.

2252 3117 2332 3172 De
2381 3122 2760 3177 constitutione
2809 3133 2860 3178 et
2905 3126 3242 3180 ordinatione
3269 3130 3610 3196 patriarclue.

2216 3208 2354 3265 Cum
2391 3220 2575 3268 autem
2609 3215 2905 3284 episcopus
2957 3217 3020 3272 Iit
3052 3219 3398 3288 patriarcha,
3440 3223 3722 3279 videamus

2144 3302 2274 3371 quid
2309 3303 2365 3358 in
2391 3303 2514 3373 ejus
2548 3308 2971 3365 consecratione
3023 3310 3306 3367 observari
3369 3314 3561 3369 soleat.
3618 3315 3724 3369 Pa-

2145 3394 2384 3448 triarcha
2411 3410 2480 3450 ex
2521 3397 2623 3452 hac
2654 3397 2762 3452 vita
2793 3399 2860 3452 ad
2904 3400 3072 3454 Deum
3099 3403 3348 3473 profecto
3388 3406 3572 3463 nullus
3607 3422 3725 3461 om-

2145 3485 2279 3540 nino
2307 3487 2692 3557 episcoporum
2715 3491 2786 3546 ad
2829 3489 3078 3562 Magnam
3142 3495 3430 3551 ecclesiam
3490 3497 3722 3563 accedit,

2146 3591 2215 3631 ne
2237 3578 2422 3633 sedem
2460 3579 2604 3635 hanc
2634 3582 2896 3638 invadere
2918 3585 3060 3642 velle
3085 3587 3336 3643 videatur
3364 3608 3378 3646 :
3403 3589 3499 3645 sed
3553 3591 3724 3660 impe-

2146 3675 2296 3722 rator
2315 3683 2375 3723 ea
2403 3667 2470 3724 de
2523 3681 2690 3727 causa
2731 3687 2944 3728 sacram
3010 3677 3392 3747 episcOporum
3449 3681 3722 3749 synodum

2146 3767 2435 3826 convocat,
2467 3775 2531 3816 ea
2583 3771 2748 3818 utens
2815 3767 3145 3823 auctoritate
3193 3769 3301 3825 sibi
3337 3773 3638 3844 antiquitus
3667 3774 3724 3830 'a

2147 3851 2351 3907 divinis
2393 3851 2649 3910 Patribus
2705 3867 2762 3910 ut
2794 3856 3056 3914 Ecclesia:
3098 3860 3379 3918 defensori
3441 3879 3726 3922 concessa.

2147 3943 2392 3998 Advocat
2418 3943 2586 4014 igitur
2606 3946 2661 4000 in
2689 3946 2902 4014 urbem,
2939 3949 3106 4019 regiis
3134 3951 3250 4006 suis
3269 3951 3488 4019 litteris,
3516 3954 3727 4014 vicinos

2147 4033 2436 4103 episcopos
2483 4045 2750 4106 quantum
2799 4039 2916 4094 ﬁeri
2979 4049 3202 4110 potest;
3258 4058 3383 4096 nam
3437 4045 3484 4100 si
3539 4061 3729 4103 omnes

2151 4125 2428 4191 adessent,
2447 4143 2538 4184 res
2559 4139 2708 4184 esset
2737 4131 2897 4200 plane
2922 4135 3207 4188 canonica.
3227 4131 3306 4188 Illi
3341 4135 3505 4206 igitur
3534 4154 3728 4196 secun-

2153 4218 2280 4271 dum
2317 4219 2501 4288 regias
2525 4219 2738 4276 litteras
2776 4222 2940 4277 simul
2971 4239 3097 4278 cum
3140 4225 3208 4280 iis
3240 4226 3332 4294 qui
3367 4227 3420 4279 in
3450 4230 3581 4281 urbe
3613 4239 3727 4282 tum

2151 4316 2446 4364 versantur
2466 4309 2520 4363 in
2555 4310 2676 4365 loco
2707 4325 2866 4367 sacro
2917 4324 3343 4386 congregantur.
3377 4317 3453 4370 Ex
3505 4320 3727 4388 antith

2156 4410 2338 4457 autem
2391 4405 2793 4461 consuetudine
2847 4407 2948 4461 soli
3013 4422 3120 4462 non
3168 4421 3610 4480 congregantur,
3665 4427 3731 4466 ne

480 4503 712 4573 ἀρχαῖον
757 4499 880 4563 ἔθος
930 4500 992 4552 τὸ
1042 4498 1118 4567 μὴ
1180 4497 1378 4566 μόνους
1426 4494 1780 4564 συνάγεσθαι,
1832 4494 1918 4548 ἵνα
1976 4495 2050 4566 μὴ

2156 4494 2454 4550 schismata
2484 4496 2627 4552 inter
2664 4511 2758 4553 eos
2787 4509 2841 4553 et
2889 4499 3160 4556 tumultus
3195 4501 3535 4572 contingant.
3585 4504 3730 4557 Con-

368 4660 381 4668 _
483 4595 761 4665 σχίσματά
784 4608 908 4648 τινα
935 4591 1177 4661 συμϐαίη
1202 4588 1455 4657 γενέσθαι
1477 4590 1574 4642 καὶ
1594 4589 1862 4666 ταραχάς.
1886 4589 2054 4642 Συνά-

483 4705 674 4757 γονται
703 4686 760 4739 δὲ
789 4686 890 4738 οὐκ
919 4685 977 4737 ἐν
1004 4684 1083 4752 τῷ
1116 4683 1340 4752 μεγάλῳ
1373 4681 1484 4751 ναῷ
1506 4683 1598 4736 τοῦ
1630 4682 2057 4752 πατριαρχείου,

484 4782 570 4836 ὅτι
605 4777 952 4846 πατριάρχης
993 4775 1095 4827 οὐκ
1139 4774 1276 4837 ἔστι,
1317 4778 1411 4826 καὶ
1462 4772 1636 4827 οὕτινι
1671 4774 1824 4828 ἄδεια
1876 4777 2056 4827 ἐκεῖσε

487 4869 846 4942 παραϐαλεῖν,
867 4867 984 4922 ἀλλ’
1011 4869 1070 4920 ἐν
1103 4866 1183 4936 τῷ
1210 4865 1320 4919 τῶν
1351 4867 1521 4934 ἁγίων
1557 4868 1898 4921 Ἀποστόλων
1929 4867 2061 4937 θείῳ

490 4963 670 5036 σηκῷ,
703 4962 791 5015 διά
819 4961 920 5028 τὴν
949 4961 1108 5029 χάριν
1142 4959 1252 5011 τῶν
1298 4958 1633 5023 ἀποστόλων,
1670 4959 1764 5012 καὶ
1805 4960 1887 5012 ὅτι
1929 4961 2061 5013 ἀπο-

489 5057 732 5109 στολικὸν
758 5058 820 5106 τὸ
845 5053 1246 5121 λειτούργημα,
1300 5053 1395 5104 καὶ
1441 5051 1628 5121 κύκλῳ
1659 5051 1720 5105 δὲ
1757 5054 1816 5106 αἱ
1848 5054 2061 5115 εἰκόνες

488 5147 597 5201 τῶν
623 5144 955 5207 ἀποστόλων,
979 5143 1055 5207 ὡς
1085 5144 1182 5196 καὶ
1211 5144 1270 5196 ἐν
1298 5142 1376 5212 τῷ
1401 5142 1722 5214 ψηφιφορίῳ
1747 5144 1796 5194 ol
1830 5144 2063 5196 ἀπόστο-

488 5243 575 5294 λοι
606 5239 993 5308 άνιστόρηνται
1021 5236 1230 5291 ἄνωθεν
1269 5237 1332 5288 τὸ
1359 5235 1584 5306 Πνεῦμα
1615 5236 1918 5306 δεχόμενοι.
1951 5239 2063 5307 Τῆς

493 5331 660 5401 εὐχῆς
693 5327 806 5395 οὖν,
842 5330 935 5382 καὶ
954 5329 1062 5382 τῶν
1093 5328 1259 5396 τριῶν
1288 5328 1485 5396 φώτων
1527 5329 1622 5381 καὶ
1653 5329 1747 5384 τοῦ
1783 5330 2066 5401 θυμιάμα-

491 5440 608 5490 τος,
633 5425 728 5477 καὶ
753 5423 848 5475 τοῦ
878 5417 1254 5490 μνημοσύνου,
1296 5419 1391 5472 καὶ
1419 5420 1518 5490 τῆς
1553 5419 1870 5485 ἀπολύσεως
1913 5423 2065 5493 παρὰ

495 5517 590 5572 τοῦ
624 5515 844 5585 πρώτου
871 5513 1176 5582 ἀρχιερέως
1199 5510 1562 5565 τελεσθέντων
1586 5555 1600 5578 ,
1639 5514 2085 5583 συμβαλλόντων

498 5611 594 5665 καὶ
651 5607 1064 5676 συνευχομένων
1125 5605 1218 5656 καὶ
1278 5603 1388 5656 τῶν
1440 5604 1665 5671 λοιπῶν,
1725 5608 1866 5661 κατὰ
1914 5609 2069 5675 τάξιν

500 5705 787 5772 κάθηνται,
823 5701 984 5772 μόνον
1009 5698 1102 5753 τοῦ
1135 5697 1551 5770 χαρτοφύλακος
1591 5700 1773 5764 αὐτοῖς
1800 5717 2067 5770 συμπαρ-

500 5795 673 5869 όντος,
705 5793 800 5848 καὶ
841 5792 913 5855 ὡς
964 5791 1083 5854 ἔθος
1125 5791 1182 5843 αἱ
1232 5788 1402 5860 ψῆφοι
1448 5791 1507 5845 ἐν
1538 5793 1686 5862 τρισὶ
1732 5791 2070 5862 προσώποις,

2158 4598 2458 4660 gregantur
2489 4597 2674 4645 autem
2730 4605 2840 4646 non
2881 4591 2935 4645 iu
2978 4606 3176 4661 magno
3227 4594 3539 4662 patriarchii
3603 4605 3734 4649 tem-

2161 4681 2270 4753 plo,
2294 4695 2360 4735 eo
2397 4681 2542 4750 quod
2575 4695 2680 4734 non
2708 4691 2792 4736 est
2845 4681 3180 4750 patriarcha,
3245 4685 3560 4753 nominique
3609 4687 3734 4740 licet

2160 4774 2292 4829 illud
2326 4772 2607 4837 accedere,
2630 4772 2723 4826 sed
2762 4772 2817 4826 in
2857 4773 3039 4826 divina
3079 4773 3402 4829 Sanctorum
3449 4777 3735 4846 Apostolo-

2162 4882 2283 4922 rum
2335 4866 2588 4933 ecclesia,
2649 4874 2760 4919 tum
2807 4873 3030 4937 propter
3078 4856 3309 4938 gratiam
3357 4871 3730 4938 apostolicam,

2163 4968 2278 5013 tum
2317 4967 2540 5028 propter
2603 4957 2974 5014 ministerium
3012 4961 3389 5030 apostolicum.
3439 4962 3596 5016 Circa
3641 4980 3736 5018 crs

2163 5068 2415 5122 appensa:
2450 5060 2580 5106 sunt
2610 5052 2993 5122 apostolorum
3025 5053 3312 5122 imagines,
3342 5055 3488 5109 velut
3534 5057 3586 5107 in
3620 5054 3737 5107 loco

2165 5143 2548 5213 suﬂragiorum
2575 5142 2928 5198 ferendarum
2968 5143 3195 5199 historia
3225 5146 3598 5214 apostolorum
3627 5161 3739 5198 (ω-

2167 5239 2298 5292 litus
2321 5234 2586 5305 Spiritum
2625 5235 3005 5305 recipientium
3043 5235 3263 5305 depingi
3318 5243 3581 5289 consueta
3630 5246 3737 5315 cst.

2166 5328 2424 5384 Oratione
2454 5327 2618 5396 igitur
2643 5335 2697 5382 et
2728 5328 2906 5382 tribus
2940 5327 3259 5391 luminibus,
3291 5335 3346 5381 et
3378 5328 3558 5380 thuris
3589 5330 3737 5382 solli-

2171 5430 2252 5485 tu,
2284 5428 2338 5473 et
2365 5419 2721 5483 monimento,
2755 5426 2809 5470 et
2853 5416 3201 5471 absolutione
3255 5420 3323 5471 ab
3359 5417 3737 5486 episcoporum

2170 5513 2346 5583 primo
2405 5508 2663 5580 perfectis
2699 5547 2714 5573 ,
2772 5507 2985 5562 caeteris
3047 5507 3212 5562 simul
3270 5510 3630 5577 psallentibns
3686 5522 3742 5566 et

2172 5599 2648 5672 comprecantibus
2679 5598 2870 5653 ordine
2900 5598 3109 5664 sedent,
3147 5601 3265 5656 solo
3318 5603 3743 5672 chartOphylace

2175 5695 2309 5764 ipsis
2368 5691 2712 5746 considente.
2803 5688 3071 5757 Suﬂ‘ragia
3167 5698 3349 5745 autem
3443 5696 3742 5746 secnmlum

2179 5782 2688 5848 consuetudinem,
2757 5795 2814 5838 ut.
2871 5782 3134 5849 diximus,
3193 5784 3246 5840 in
3303 5794 3412 5840 tres
3487 5797 3746 5852 personas
