4126 6268
404 293 512 356 439

1219 295 1599 360 SYMEONIS
1633 295 2392 358 THESSALONICENSIS
2436 297 2796 365 ARCHIEP.

3545 292 3648 357 440

409 410 677 474 feruntur,
703 411 918 480 lataque
952 410 1019 464 ad
1055 411 1438 479 imperatorem
1487 425 1516 464 a
1547 410 2005 478 chartophylace‘

2089 409 2149 472 ὓς
2181 411 2507 479 είρήκαμεν,
2545 411 2808 477 γίνονται.
2862 409 2974 462 Καὶ
3017 409 3113 471 τὰς
3147 407 3357 476 ψήφους
3393 407 3593 470 ταύτας
3623 411 3652 461 6

409 510 465 554 et
497 501 714 556 duobus
741 503 1016 571 episcopis
1037 501 1382 557 deferuntur.
1417 501 1592 556 Unius
1619 500 1686 555 de
1722 499 1898 555 tribus
1946 512 1976 552 a

411 592 648 645 concilio
738 593 1034 646 nominatis
1097 593 1296 648 electio
1360 591 1667 660 antiquitus
1748 591 1981 660 impera-

413 679 539 744 t0t'i,
583 691 640 733 ut
674 693 857 747 uncto,
889 700 917 735 a
953 681 1208 741 Patrihus
1269 683 1532 751 permissa
1576 691 1680 746 est,
1735 695 1800 735 eo
1836 681 1978 749 quod

410 783 601 825 onmes
629 782 755 826 sunt
795 789 822 826 a
889 774 1100 844 synodo
1142 775 1321 839 electi,
1357 784 1413 828 et
1471 774 1617 844 digiti
1656 788 1722 828 eo
1778 773 1980 827 honore

404 860 654 930 jttdicati.

927 977 1157 1033 CAPUT
1201 977 1453 1034 CCXXV.

516 1091 669 1156 Quod
693 1092 756 1144 ab
781 1095 1098 1165 imperatore
1138 1097 1250 1163 ipso
1277 1108 1528 1162 prwsertte
1559 1095 1874 1165 dignitatem

789 1164 1096 1230 patriarcha
1131 1172 1323 1218 electus
1358 1167 1598 1234 suscipit.

479 1254 582 1319 Qui
616 1255 779 1324 igitur
809 1271 839 1310 e
872 1257 1045 1310 tribus
1077 1256 1284 1311 electus
1313 1268 1418 1319 est.
1471 1267 1524 1310 et
1561 1256 1890 1319 declaratus,
1927 1264 1982 1312 et

409 1347 476 1400 ah
509 1348 624 1415 ipso
660 1351 991 1416 imperatore
1014 1359 1282 1416 praesente
1324 1349 1520 1416 dignus
1566 1350 1980 1417 pronuntiatus,

407 1439 513 1491 hoc
541 1438 686 1491 enim
729 1439 785 1490 lit
820 1448 878 1491 ut
914 1440 1206 1506 plurimum
1235 1446 1458 1507 propter
1489 1439 1670 1507 operis
1705 1440 1981 1506 magnitu-

408 1527 588 1581 dinem
627 1537 682 1581 et
728 1542 892 1596 grave
921 1529 1158 1582 actionis
1190 1537 1544 1593 momentum,
1577 1530 1720 1597 quod
1769 1528 1863 1596 qui
1891 1545 1984 1582 no-

411 1623 626 1678 verunt,
660 1625 1002 1677 reverentur,
1041 1615 1292 1669 clectioni
1320 1618 1633 1670 consentire
1663 1631 1981 1685 persuasus,

408 1716 580 1769 caque
645 1714 890 1771 accepta,
926 1703 1130 1757 indicta
1177 1704 1266 1758 die
1309 1706 1732 1759 declarationem
1760 1706 1979 1774 excipit,

407 1793 724 1848 convocatis
761 1796 1018 1849 omnibus
1052 1794 1143 1862 qui
1176 1795 1283 1848 illic
1312 1806 1462 1860 sunt,
1494 1796 1789 1866 episcopis,
1823 1812 1977 1864 pres-

409 1883 634 1952 byteris,
667 1883 1132 1950 archimantlritis,
1158 1886 1500 1954 hegumenis,
1528 1887 1696 1951 clero,
1722 1897 1776 1940 et
1803 1885 1984 1954 populi

409 1989 607 2044 magna
640 1983 814 2043 parte,
853 1976 1001 2028 velut
1057 1986 1310 2044 promoto
1345 1978 1620 2031 communi
1651 1977 1833 2041 Patre,
1868 1991 1984 2030 om-

403 2065 575 2137 nibus
630 2081 844 2135 quoque
909 2065 1248 2135 principibus
1297 2068 1575 2137 lampades
1604 2069 1980 2138 gestantibus,

399 2154 555 2226 facta
587 2170 768 2224 prece,
803 2167 862 2209 ut
891 2155 1096 2209 dictqu
1125 2167 1228 2222 est,
1263 2158 1330 2211 ab
1362 2159 1537 2211 electo
1565 2158 1901 2226 patriarcha,
1930 2168 1986 2212 et

411 2246 756 2309 dimissione,
799 2248 1061 2302 solemnis
1102 2247 1193 2302 illa
1221 2249 1543 2317 patriarcha:
1577 2249 1741 2303 electi
1802 2248 1987 2305 decla-

412 2337 554 2391 ratio
586 2339 700 2392 sive
741 2337 1003 2392 iudicatio
1036 2353 1066 2392 a
1104 2340 1360 2394 maximis
1393 2340 1688 2394 senatoriis
1721 2340 1984 2410 principi-

409 2421 516 2482 bus
552 2430 965 2496 pronuntiatur.
1002 2427 1351 2496 Imperatoris
1383 2428 1527 2480 enim
1563 2441 1850 2495 personam
1891 2442 1984 2496 ge-

411 2526 561 2582 runt,
596 2517 895 2587 imperator
925 2533 1054 2572 vero
1089 2534 1209 2587 qua:
1241 2518 1436 2588 synodi
1463 2529 1590 2571 sunt
1617 2517 1982 2582 administrat,

411 2617 472 2663 ut
507 2617 706 2664 unctus
738 2611 973 2675 Domini,
1011 2619 1064 2662 et
1103 2607 1356 2663 defensor
1382 2616 1548 2675 atque
1599 2607 1849 2660 minister
1875 2605 1982 2660 Ec-

410 2700 593 2756 clesiae
617 2716 742 2756 cum
777 2710 976 2756 unctus
1020 2709 1124 2766 cst,
1155 2703 1507 2761 conStitutus,
1533 2697 1700 2768 idque
1726 2707 1836 2750 tum
1866 2697 1984 2767 pul-

411 2790 616 2845 Iicitus.

903 2880 1131 2938 CAPUT
1193 2880 1480 2952 .ccxxvr.

558 2994 838 3062 Quomodo
867 2997 965 3066 ﬁat
995 2997 1262 3050 decretura
1301 2999 1366 3049 de
1389 2995 1523 3072 ejus
1564 2996 1838 3051 electione.

2081 501 2427 568 χαρτοφύλαξ
2486 502 2626 568 μετὰ
2672 502 2766 552 δύο
2807 500 3106 569 ἀρχιερέων
3159 500 3531 567 προσκοςιίζει
3573 499 3652 569 τῷ

2083 589 2314 658 βασιλεῖ.
2339 590 2527 661 Τούτῳ
2555 590 2612 644 δὲ
2640 592 2850 644 ἀνεῖται
2876 590 3085 644 ἄνωθεν
3112 589 3222 643 ἀπὸ
3252 590 3360 642 τῶν
3390 589 3654 658 Πατὲρων

2080 682 2156 744 ὼς
2187 683 2530 752 κεχρισμένῳ
2576 682 2805 752 βασιλεῖ,
2838 683 2870 752 ἡ
2921 683 3028 766 ἀπὸ
3056 681 3164 735 τῶν
3211 682 3378 751 τριῶν
3411 683 3608 750 ἐκλογὴ
3633 719 3652 748 ,

2079 772 2162 825 ὅτι
2215 773 2598 842 ἐκλελεγμένοι
2655 775 2764 827 εἰσὶ
2813 773 2963 844 παρὰ
3016 771 3115 842 τῆς
3198 771 3415 825 συνόδου
3459 775 3552 827 καὶ
3602 770 3654 825 οῑ

2079 867 2228 934 τρεῖς
2263 866 2579 934 κεκριμένοι
2604 867 2767 933 ἄξιοι.

2648 980 2902 1033 ΚΕΦΑΛ.
2936 979 3105 1034 ΣΚΕ’.

2085 1092 2213 1143 Ὅτι
2233 1092 2264 1143 ό
2282 1090 2582 1158 βασιλεὺς
2605 1091 2679 1145 δι’
2704 1092 2923 1146 ἑαυτοῦ
2955 1092 3120 1156 ἁξιοῖ
3139 1091 3245 1145 τὸν
3273 1088 3654 1161 ψηφισθέντα

2331 1161 2445 1228 τὴν
2479 1165 2903 1231 πιιτριαρχείαν
2943 1161 3413 1225 καταδέξασθαι.

2163 1253 2224 1306 '0
2258 1252 2351 1306 οὖν
2383 1254 2446 1306 ἐκ
2471 1256 2580 1306 τῶν
2608 1254 2774 1324 τριῶν
2800 1253 3046 1320 ὲκλεγεὶς
3073 1253 3166 1305 καὶ
3193 1250 3572 1320 διαμηνυθεὶς,
3618 1249 3650 1318 ἦ

2083 1343 2176 1393 καὶ
2206 1343 2338 1410 παρ’
2378 1341 2544 1395 αὐτοῦ
2575 1342 2828 1408 ἀξιωθεὶς
2872 1339 3325 1411 παραγενομένου
3368 1337 3532 1408 169
3561 1335 3652 1389 τοῦ

2087 1429 2367 1499 βασιλέως,
2409 1430 2567 1482 τοῦτο
2596 1431 2703 1498 γὰρ
2749 1431 2844 1484 καὶ
2877 1431 2969 1483 ἐπὶ
3002 1429 3166 1482 πλέον
3204 1430 3417 1499 γίνεται
3463 1429 3549 1482 διὰ
3584 1427 3646 1479 τὸ

2089 1520 2232 1589 μέγα
2259 1520 2354 1573 τοῦ
2382 1520 2544 1590 ἔργου
2590 1523 2685 1574 καὶ
2734 1523 2794 1574 τὸ
2823 1521 3217 1591 παραιτεῖσθαι
3254 1522 3354 1590 τὴν
3412 1521 3654 1590 μεγάλην

2085 1610 2404 1680 ἐγχείρησιν
2441 1612 2568 1673 τούς
2615 1611 2844 1679 εἰδότας,
2879 1611 2955 1676 ὡς
2987 1611 3419 1682 εὐλαϐουμένους
3460 1611 3650 1678 αὐτὴν,

2087 1703 2114 1752 ὁ
2152 1702 2394 1766 πεισθεὶς
2433 1703 2529 1755 καὶ
2571 1703 3028 1772 καταδεξάμενος,
3059 1705 3115 1756 ὲν
3147 1703 3430 1774 ὡρισμένῃ
3475 1703 3656 1770 ἡμέρᾳ

2084 1791 2146 1843 τὸ
2175 1795 2402 1863 μήνυμα
2443 1795 2662 1864 δέχεται
2699 1796 2918 1849 πάντων
2954 1795 3312 1866 συνηγμένων
3347 1795 3529 1847 ἐκεῖσε
3557 1795 3655 1863 ἀρ-

2086 1884 2339 1954 χιερέων,
2393 1888 2602 1957 ἱερέων,
2659 1887 3123 1958 ἀρχιμανδριτῶν,
3172 1886 3512 1958 ἡγουμένων,
3561 1885 3654 1937 τοῦ

2087 1975 2312 2043 κλήρου,
2364 1977 2458 2030 καὶ
2493 1977 2747 2030 πλείστου
2781 1978 2934 2045 λαοῦ,
2967 1977 3042 2042 ὼς
3072 1977 3166 2030 τοῦ
3195 1976 3377 2031 κοινοῦ
3433 1993 3656 2048 προχει-

2089 2064 2379 2136 ριζομένου
2425 2069 2660 2138 Πατρὸς,
2697 2069 2792 2122 καὶ⁵
2839 2069 3118 2140 ἀρχόντων
3168 2067 3660 2138 λαμπαδηφορούν-

2085 2173 2195 2208 των
2229 2156 2510 2213 ἁπάντων.
2542 2159 2654 2211 Καὶ
2683 2159 2783 2227 τῆς
2828 2159 2994 2228 εὐχῆς
3028 2157 3343 2228 γινομένης,
3375 2156 3452 2220 ὡς
3504 2156 3658 2226 εῐρη-

2085 2266 2201 2314 ται,
2224 2250 2376 2320 παρὰ
2399 2248 2492 2302 τοῦ
2529 2248 2841 2319 ὐποψηφίου
2875 2251 3243 2320 πατριάρχου,
3272 2252 3368 2302 καὶ
3395 2247 3660 2302 ἀπολύον-

2085 2357 2202 2402 τος,
2231 2342 2290 2392 τδ
2318 2342 2550 2410 μήνυμα
2579 2340 2779 2395 δίδοται
2807 2343 2938 2410 παρ’
2969 2341 3244 2412 ἀρχόντων
3274 2340 3658 2410 συγκλητικῶν

2085 2431 2195 2484 τῶν
2220 2432 2517 2500 μεγίστων,
2553 2431 2648 2484 τοῦ
2674 2431 2941 2502 βασιλέως
2961 2433 3070 2502 γὰρ
3097 2432 3324 2501 φέρουσι
3346 2431 3407 2483 τὸ
3441 2430 3658 2500 πρόσω-

2089 2540 2213 2577 πον.
2263 2523 2324 2576 ’0
2359 2523 2615 2593 βασιλεὺς
2656 2525 2714 2576 δὲ
2742 2527 2809 2577 τὰ
2843 2526 2942 2593 τῆς
2995 2524 3212 2578 συνόδου
3267 2525 3550 2594 ὑπηρετεῖ,
3583 2522 3658 2584 ὡς

2088 2613 2323 2683 Χριστὸς
2377 2617 2585 2687 Κυρίου
2646 2617 2741 2670 καὶ
2792 2617 3069 2686 δεφένσωρ
3123 2617 3215 2669 καὶ
3243 2616 3520 2686 ὑπηρέτης
3558 2615 3660 2684 τῆς

2098 2707 2428 2777 Ἐκκλησίας
2464 2711 2766 2775 καταστὰς,
2824 2711 2881 2762 ἐν
2932 2709 3014 2780 τῷ
3064 2709 3316 2779 χρίεσθαι
3367 2708 3464 2762 καὶ
3499 2705 3658 2762 τοῦτο)

2086 2798 2191 2852 καθ
2201 2800 2551 2869 υποσχεθεις.

2634 2875 2886 2948 ΚΕΦᾹΛ.
2924 2895 3113 2962 Σκςυ.

2458 3006 2657 3070 Ὅπως
2692 3007 2758 3058 τὸ
2798 3002 3048 3074 μήνυμα
3075 3006 3318 3073 γίνεται.

483 3090 829 3160 Quapropter
861 3092 956 3160 qui
1003 3090 1423 3145 declarationem
1473 3093 1849 3160 pronuntiant,
1905 3091 1986 3145 sic

2159 3097 2251 3151 Διὸ
2290 3096 2386 3150 καὶ
2407 3098 2456 3150 οἱ
2493 3097 2553 3150 τὸ
2584 3098 2813 3166 μήνυμα
2845 3096 3096 3166 λέγοντες
3126 3095 3270 3150 οὕτω
3305 3097 3492 3165 φασίν·
3535 3116 3553 3151 ι
3598 3097 3657 3151 '0

414 3184 714 3253 loquuntur
744 3203 756 3236 :
797 3203 814 3235 ι
857 3183 1036 3238 Fortis
1073 3192 1128 3239 et
1177 3193 1402 3238 sanctus
1430 3182 1691 3236 Dominus
1723 3190 1908 3237 noster
1935 3190 1989 3235 et

414 3275 731 3342 imperator,
768 3285 822 3327 et
877 3275 1073 3325 divina'
1091 3287 1358 3341 sacraque
1388 3281 1441 3326 et
1489 3285 1682 3340 magna
1743 3269 1988 3340 synodus

416 3367 690 3419 advocant
772 3366 1118 3418 sanetitatem
1181 3373 1328 3416 tuam
1401 3364 1469 3416 ad
1549 3361 1986 3416 excelsissimum

421 3458 678 3511 thronum
713 3454 1026 3523 patriarchti
1056 3452 1644 3522 Constantinopolitani
1671 3471 1684 3508 :
1716 3470 1735 3503 ι
1783 3461 1988 3506 testan-

417 3557 500 3602 tes
522 3547 669 3614 quod
700 3547 994 3614 imperator
1044 3560 1150 3597 non
1187 3559 1216 3596 a
1239 3543 1441 3613 seipso,
1474 3542 1571 3598 sed
1605 3558 1724 3612 qua:
1745 3543 1990 3613 synodus

416 3638 609 3691 statuit
638 3637 802 3690 simul
851 3651 972 3690 cum
1026 3635 1233 3705 synodo
1285 3635 1622 3703 pronuntiat,
1690 3644 1744 3688 et
1814 3634 1988 3688 solum

419 3730 786 3786 ministerium
820 3731 906 3784 hic
963 3734 1183 3798 praebet.

901 3843 1126 3899 CAPUT
1167 3842 1467 3899 CCXXVII.

422 3964 621 4020 Contra
653 3981 740 4019 eos
773 3965 862 4034 qui
893 3965 1076 4016 dicunt
1109 3965 1246 4104 qfuod
1292 3965 1582 4031 imperator
1619 3937 1986 4030 patriarcltam

1160 4047 1285 4088 acu.

1160 4047 1285 4088 αειι.

499 4159 841 4228 Quapropter
895 4163 1168 4223 nugantur
1224 4154 1445 4223 quidam
1475 4169 1657 4210 rerum
1726 4167 1989 4209 novarum

2093 3189 2357 3259 κραταιὸς
2412 3189 2505 3241 καί
2552 3187 2708 3255 ἅγιος
2745 3188 2900 3258 ἡμῶν
2936 3188 3202 3260 αὐθέντης
3252 3189 3346 3242 καὶ
3377 3189 3656 3258 βασιλιας,

2092 3277 2246 3347 καὶὴ
2279 3277 2400 3329 θεία
2447 3278 2540 3328 καὶ
2596 3276 2718 3346 ἱερὰ
2765 3279 2861 3329 καὶ
2915 3277 3123 3346 μεγάλη
3156 3276 3373 3340 σύνοδος
3419 3294 3661 3348 προσκα-

2093 3367 2311 3422 λοῦνται
2344 3368 2444 3437 τὴν
2478 3369 2794 3437 ἁγιωσύνην
2824 3384 2916 3420 σου
2948 3370 3028 3430 είς
3051 3369 3140 3420 τὸν
3172 3367 3509 3438 ὑψηλότατον
3537 3367 3661 3438 θρό-

2093 3475 2182 3512 νον
2227 3461 2322 3514 τοῦ
2371 3464 2767 3532 πατριαρχείου
2799 3462 2896 3531 τῆς
2944 3460 3602 3523 Κωνσταντινουπόλεως·
3633 3477 3655 3512 ι

2099 3552 2526 3621 μαρτυροῦντες,
2559 3553 2634 3614 ὼς
2666 3553 2763 3622 οὐχ
2789 3553 2815 3603 6
2848 3554 3103 3622 βασιλεὺς
3133 3553 3224 3621 ἀφ’
3251 3551 3470 3617 ἑαυτοῦ,
3523 3552 3661 3604 ἀλλα

2093 3642 2159 3693 τὰ
2185 3643 2282 3708 τῆς
2317 3643 2534 3696 συνόδου
2571 3644 2708 3712 μετὰ
2735 3644 2832 3712 τῆς
2872 3643 3092 3697 συνόδου
3125 3643 3343 3714 μηνύει,
3381 3643 3474 3699 καὶ
3499 3643 3660 3712 μόνον

2093 3735 2378 3804 ὑπηρετεῖ.

2645 3851 2898 3904 ΚΕΦΑΛ.
2942 3849 3108 3902 ΣΚΖ’.

2093 3963 2254 4017 Κατὰ
2309 3961 2429 4015 τῶν
2479 3963 2784 4048 λεγόντωγ
2829 3961 2920 4016 ὅτι
2977 3965 3009 4016 ὁ
3049 3962 3356 4043 ,ϐασιλεὺς
3399 3961 3506 4016 τὸν
3550 3976 3661 4017 πα-

2639 4045 2927 4101 τριαρχην
2956 4045 3132 4086 ποιει.

2163 4150 2468 4222 Φλυαροῦσι
2496 4149 2677 4202 τοίνυν
2722 4149 2773 4200 οἱ
2816 4149 3066 4214 λέγοντες
3114 4148 3430 4218 καινοτόμοι
3480 4149 3660 4219 φθόνῳ

427 4255 742 4308 inventores
766 4250 971 4303 invidia
999 4247 1240 4316 impulsi,
1273 4261 1392 4300 cum
1425 4246 1614 4300 dicunt
1649 4266 1664 4299 :
1693 4245 1994 4316 Imperator

2089 4239 2436 4313 βαλλόμενοι,
2470 4243 2545 4304 ὼς
2589 4243 2648 4295 Ὀ
2675 4240 2926 4309 βασιλεὺς
2973 4243 3064 4294 τὸν
3111 4242 3458 4311 πατριάρχην
3493 4245 3656 4294 ποιεῖ·

430 4344 792 4414 patriarcham
821 4351 991 4396 creat.
1029 4338 1185 4392 Nullo
1213 4339 1374 4392 modo
1415 4337 1467 4391 id
1504 4339 1636 4393 facit
1673 4339 1990 4408 imperator,

2094 4338 2345 4406 οὐδαμῶς
2376 4339 2486 4409 γὰρ
2537 4341 2565 4390 ὁ
2609 4337 2887 4409 βασιλεὺς,
2941 4337 3055 4392 ἀλλ’
3085 4338 3120 4406 ὴ
3160 4336 3375 4397 σύνοδος
3423 4337 3660 4404 ἐνεργεῖ,

426 4439 520 4492 sed
561 4437 803 4506 synodus
851 4435 1196 4488 ministrante
1235 4434 1327 4500 pio
1377 4431 1730 4500 imperatore,
1782 4440 1840 4484 ut
1895 4433 1989 4485 de-

2096 4431 2607 4501 ὲξυπηρετουμένου
2642 4435 2802 4500 μόνον
2834 4432 2927 4486 τοῦ
2967 4431 3230 4500 βασιλέως
3268 4433 3527 4498 εὐσεϐοῦς
3572 4435 3663 4488 6v-

427 4539 788 4585 monstratum
819 4535 936 4593 est;
969 4540 1075 4580 non
1122 4531 1352 4580 tantum
1415 4521 1674 4590 qttoniam
1737 4521 1989 4576 defensor

422 4632 526 4687 est,
561 4631 615 4676 et
656 4623 946 4689 imperator
1011 4626 1208 4673 unctus
1270 4615 1338 4669 ab
1387 4612 1650 4678 Ecclesia,
1679 4612 1773 4666 sed
1823 4612 1987 4666 etiam

425 4727 479 4767 ut
520 4723 868 4782 cooperetnr,
905 4722 959 4765 et
1005 4710 1301 4771 ministret,
1360 4717 1414 4763 et
1481 4705 1694 4776 diligat,
1725 4713 1779 4758 et
1830 4704 1985 4758 ﬁrma

423 4815 710 4859 conservet
763 4819 882 4871 qua:
931 4803 998 4856 ad
1064 4799 1360 4854 Ecclesiam
1423 4805 1708 4867 spectant:
1777 4804 1992 4850 tenetur

425 4899 570 4952 cnim
624 4902 843 4963 propter
896 4893 1149 4946 Ecclesia:
1181 4905 1366 4960 pacem
1399 4890 1513 4943 haec
1544 4889 1689 4942 inter
1725 4889 1988 4941 orthodo-

429 5005 527 5041 xos
573 4987 884 5039 observare.
924 4983 1241 5052 Postquam.‘
1271 4979 1438 5048 igitur
1495 4979 1698 5032 electus
1751 4993 1874 5032 sese
1923 4981 1991 5030 ab

428 5094 591 5133 onere
613 5076 895 5132 subeundo
926 5073 1171 5128 modeste
1203 5081 1256 5126 et
1289 5071 1517 5125 honeste
1551 5069 1855 5131 excusavit,
1889 5066 1992 5119 Ec«

424 5173 758 5240 clesiamque
786 5167 1049 5235 suscepit,
1073 5179 1264 5218 omnes
1307 5163 1550 5234 episc0pi
1603 5161 1754 5216 illum
1791 5161 1994 5214 adeunt

425 5277 476 5320 et
508 5265 825 5318 adoratione
873 5260 1083 5319 colunt,
1123 5255 1376 5310 similiter
1421 5254 1604 5308 clerici
1642 5261 1695 5307 et
1735 5251 1858 5305 laici
1903 5251 1992 5303 be-

426 5358 732 5410 nedictione
770 5355 837 5408 ah
887 5368 951 5405 eo
1000 5359 1244 5418 accepta,
1275 5347 1403 5415 quia
1450 5360 1685 5414 sponsus
1736 5341 1994 5396 Ecclesia

426 5459 529 5504 est.
574 5447 630 5500 Si
662 5446 829 5516 igitur
859 5447 948 5497 ille
981 5444 1190 5496 electus
1223 5438 1530 5509 patriarcha
1562 5437 1852 5504 episcopus
1887 5440 1991 5492 cst,

427 5539 767 5592 ordinatione
796 5553 902 5589 non
939 5543 1078 5604 eget,
1108 5532 1202 5585 scd
1250 5541 1457 5583 tantum
1509 5528 1920 5591 cnthroxnismo;
1948 5526 1991 5580 si

427 5644 557 5683 vero
617 5631 919 5697 presbyter,
976 5626 1266 5681 ordinatur
1322 5631 1376 5678 ct
1424 5624 1476 5676 in
1540 5621 1794 5699 thronum
1883 5620 1996 5671 col-

433 5726 658 5784 locatur.

2099 4541 2210 4588 τος,
2268 4527 2342 4586 ὡς
2371 4526 2658 4580 δέδεικταιο
2699 4530 2760 4579 οὐ
2809 4528 2966 4594 μόνον
3000 4527 3082 4578 ὃτι
3119 4525 3332 4588 ἔκδικός
3389 4528 3526 4591 ἐστι,
3569 4528 3661 4578 καὶ

2098 4615 2352 4685 βασιλεὺς
2399 4615 2641 4684 χρισθεὶς
2681 4617 2744 4667 ἐκ
2771 4615 2869 4684 τῆς
2904 4614 3248 4685 Ἐκκλησίας,
3287 4615 3404 4668 ἀλλ’
3437 4616 3525 4669 ἵνα
3568 4615 3663 4668 καὶ

2099 4707 2375 4776 συνεργῶν
2403 4707 2489 4776 εἴη
2519 4707 2610 4758 καὶ
2636 4705 2944 4775 ὑπηρετῶν,
2981 4707 3076 4758 καὶ
3102 4706 3304 4776 στέργῃ
3345 4707 3438 4759 καὶ
3469 4705 3661 4774 βέϐαια

2095 4801 2235 4868 τηρῇ
2265 4800 2335 4852 τὰ
2383 4800 2482 4868 τῆς
2525 4799 2872 4868 Ἐκκλησίας,
2927 4799 3282 4868 ὀφειλομένου
3327 4801 3421 4852 καὶ
3467 4796 3658 4848 τούτου

2095 4891 2153 4942 ιν
2191 4891 2303 4951 τοῖς
2337 4890 2638 4954 όρθοδόξοις
2673 4890 2980 4962 τηρεῖσθαι,
3031 4891 3120 4942 διὰ
3167 4891 3265 4959 τὴν
3310 4890 3532 4959 εἰρήνην
3561 4889 3661 4956 τῆς

2110 4980 2454 5048 Ἐκκλησίας.
2501 4981 2965 5052 Ἀπολογουμένου
2996 4977 3088 5035 οὖν
3113 4982 3206 5034 καὶ
3233 4981 3326 5034 τοῦ
3352 4979 3662 5048 ὐποψηφίου

2098 5077 2164 5130 τὰ
2193 5076 2397 5141 εἰκότα,
2421 5077 2519 5129 καὶ
2553 5075 2988 5146 καταδεξαμένου
3013 5077 3112 5144 τὴν
3149 5077 3504 5147 Ἐκκλησίαν,
3529 5077 3666 5130 πάν-

2031 5212 2044 5224 ,
2098 5187 2187 5231 τες
2223 5170 2498 5240 ἀρχιερεῖς
2530 5169 2925 5240 προσέρχονται
2961 5169 3138 5239 τούτῳ
3169 5171 3261 5222 καὶ
3291 5169 3666 5238 προσκύνησιν

2097 5264 2485 5332 ἀπονέμουσιν,
2528 5263 2726 5332 ὁμοίως
2760 5263 3014 5334 κληρικοί
3043 5278 3102 5314 τε
3151 5263 3244 5315 καὶ
3291 5261 3491 5324 λαῖκοὶ,
3527 5261 3667 5330 λαμ-

2100 5354 2353 5415 ϐάνοντες
2413 5353 2664 5422 εὐλογίαν
2721 5355 2803 5407 ὅτι
2861 5354 3119 5423 μνήστωρ
3179 5353 3276 5422 τῆς
3339 5351 3665 5421 Ἐκκλησίας

2100 5444 2266 5500 ἐστίν.
2294 5438 2461 5506 οὗτος
2489 5444 2603 5510 οὖν,
2635 5447 2682 5498 εί
2713 5445 2812 5513 μὲν
2841 5447 2906 5497 ἐκ
2935 5444 3040 5504 τῶν
3067 5445 3370 5512 ἀρχιερέων
3397 5443 3567 5507 ἐστὶν,
3597 5441 3663 5496 οὐ

2101 5538 2271 5592 δεῖται
2308 5538 2669 5608 χειροτονίας,
2719 5538 2855 5592 ἀλλὰ
2908 5537 3070 5606 μόνον
3103 5534 3462 5606 ἑνθρονισμοῦ
3485 5549 3498 5565 ·
3526 5536 3577 5588 εἰ
3610 5533 3668 5587 δὲ

2105 5629 2304 5704 ἱερεὺς,
2345 5632 2734 5700 χειροτονεῖται
2767 5630 2860 5684 καὶ
2890 5627 3282 5698 ἐνορονίζεται.
