4126 6268
307 357 409 423 441

851 473 1105 531 ΚΕΦΑΛ.
1142 477 1322 533 ΣΚΙΥ.

305 586 438 642 Ὀτι
480 587 547 665 τὸ
573 587 825 665 μήνυμα
872 594 1135 665 γεγονὼς
1186 593 1380 665 ἱερεὺς
1430 593 1669 660 δέχεται
1720 598 1753 650 ὁ
1803 597 1889 665 μὴ

375 656 671 726 πρότερον
729 656 816 714 ὢν
872 656 1090 731 ἱερεύς.
1112 656 1250 719 Καὶ
1306 656 1441 732 περὶ
1498 656 1892 734 ἆροϐλήσέωξ·

377 726 781 798 πατριάρχου,νῷ

376 912 439 966 El
485 912 543 967 δὲ
585 914 884 984 ψηφισθεὶς
928 918 1030 971 οὐκ
1073 912 1140 989 ἦν
1184 920 1402 990 ίερευς,
1444 922 1889 991 καταδεξάμενος

311 1005 582 1071 νενέσθαι,
639 1007 782 1061 κατὰ
838 1009 994 1075 τάξιν
1052 1012 1149 1065 καλ⁸
1202 1012 1411 1084 βαθμὸν
1465 1015 1886 1085 προαγόμενος,

313 1098 531 1167 πρῶτον
581 1104 966 1169 χειροτονεῖται
1016 1105 1098 1168 είς
1140 1104 1312 1175 ἱερέα,
1362 1107 1458 1160 καὶ
1506 1105 1650 1160 οὕτω
1693 1107 1753 1160 τδ
1785 1110 1890 1178 μή-

309 1209 456 1262 νυμα
488 1192 722 1264 δέχεται.
753 1195 910 1250 Μετὰ
938 1195 996 1249 δέ
1028 1214 1093 1265 γε
1128 1196 1189 1251 τὸ
1225 1198 1449 1268 μήνυμα
1480 1200 1576 1254 καὶ
1611 1200 1806 1270 ἔτερόν
1834 1217 1889 1254 τι

305 1286 517 1354 γίνεται
553 1287 660 1358 πρὸ
687 1287 788 1357 τῆς
824 1290 1162 1358 χειροτονίας
1212 1290 1245 1359 ἢ
1280 1291 1376 1345 τοῦ
1426 1292 1808 1363 ἐνθρονισμοῦ,
1862 1293 1890 1347 ὃ

307 1379 553 1435 καλεῖται
579 1400 599 1433 ι
629 1382 950 1454 πρόσλησις.
978 1402 998 1437 ι
1035 1383 1206 1438 Τοῦτο
1228 1384 1285 1438 δέ
1314 1386 1464 1440 ἐστιν
1500 1387 1765 1457 ὁμολογία
1794 1387 1889 1442 τοῦ

310 1472 577 1542 βασιλέως
608 1474 698 1530 διὰ
750 1475 1017 1544 στόματος
1048 1476 1257 1530 οἰκείου
1298 1478 1395 1531 καὶ
1444 1479 1579 1549 τιμὴ
1610 1481 1748 1549 πρὸς
1793 1480 1891 1549 τὴν

321 1568 673 1636 Ἐκκλησίαν,
704 1555 794 1632 ὡς’
809 1569 1029 1639 στέργει
1054 1570 1145 1625 τὸν
1175 1569 1472 1639 ὲκλεγέντα
1518 1575 1651 1642 παρ’
1684 1573 1888 1642 αὐτῆς,

302 1660 402 1712 καὶ
428 1659 826 1730 ἐψηφισμένον,
842 1660 941 1730 τὴν
957 1660 1288 1730 Ἐκκλησίαν
1321 1662 1636 1733 ποιμαίνειν
1660 1663 1891 1718 καταδε-

309 1752 562 1822 ξάμενον·
583 1755 680 1808 καὶ
702 1754 760 1806 ἐν
778 1756 845 1824 τῇ
865 1754 999 1824 ἁγίᾳ
1019 1754 1214 1825 Τριάδι
1231 1756 1296 1827 τῇ
1320 1755 1687 1828 δωρησαμένη
1708 1758 1886 1826 τούτῳ

1378 371 1476 433 DE
1517 370 1789 434 SACRIS
1838 371 2534 445 ORDINATIONIBUS.

1907 487 1955 538 Α
2066 520 2073 527 .

3484 391 3583 453 Ut?

2490 488 2721 548 CAPUT
2768 492 3125 550 ccxxvm.’
3494 449 3514 453 “
3532 449 3582 461 Ἰ

2013 595 2179 663 Quod
2206 601 2252 653 is
2293 603 2575 676 quiiantea
2611 606 2858 662 sacerdos
2901 624 3004 661 non
3029 617 3165 668 erat,
3195 610 3338 676 prius
3371 614 3577 667 ordina-
3659 606 3669 625 ’

2095 675 2468 749 tur_sacerd_os
2503 688 2787 749 antequam
2817 678 3083 733 decretum
3114 680 3178 733 de
3200 682 3314 749 ejus
3337 683 3581 739 electione

2092 740 2346 820 accipiat.
2384 743 2544 820 Et‘de
2580 740 2900 812 patriarcha:
2918 740 3246 818 promotione
3270 753 3375 806 sire
3404 754 3582 809 decla-

2090 815 2304 865 ralione
2334 828 2428 881 per
2456 815 2846 884 imperatorem.

2070 925 2126 979 Si
2161 935 2343 982 autem
2400 929 2608 986 electus
2658 946 2768 987 non
2803 944 2921 989 crat
2950 937 3255 1009 presbyter,
3285 947 3574 1008 postquam

1996 1026 2056 1071 ut
2093 1016 2246 1071 lieret
2277 1020 2578 1082 consensit,
2623 1024 2928 1081 secundum
2956 1025 3206 1081 ordinem
3242 1035 3298 1081 et
3346 1028 3575 1096 gradum

1995 1122 2158 1177 quem
2205 1108 2368 1165 habet
2433 1119 2743 1179 promotus,
2799 1115 3038 1183 primum
3083 1118 3136 1170 in
3201 1118 3578 1189 presbyterum

1994 1211 2374 1266 consecratur,
2402 1212 2459 1259 et
2504 1214 2864 1261 consecratus
2921 1208 3153 1262 solemni
3204 1210 3580 1266 declaratione

1993 1292 2379 1364 inauguratur.
2416 1297 2551 1353 Post
2603 1297 3035 1355 declarationem
3105 1312 3288 1357 autem
3318 1305 3468 1358 illam
3520 1314 3577 1360 et

1995 1387 2280 1457 paululum
2312 1398 2609 1458 antequam
2668 1391 2961 1460 episcopus
3010 1390 3314 1459 ordinetur,
3362 1395 3448 1450 vel
3495 1395 3577 1449 iu-

1996 1481 2354 1546 thronizetur,
2386 1482 2445 1537 lit
2481 1482 2536 1537 id
2592 1485 2736 1550 quod
2794 1484 2902 1540 dici
2945 1485 3084 1540 solet
3119 1489 3418 1556 promotio,
3471 1488 3578 1543 hoc

1993 1582 2100 1639 est,
2155 1573 2436 1631 confessio
2477 1576 2828 1645 imperatoris
2850 1591 2948 1647 per
2974 1593 3038 1634 os
3078 1580 3382 1648 proprium,
3409 1582 3582 1636 hono-

1991 1679 2219 1732 remque
2250 1665 2426 1720 defert
2457 1666 2718 1723 Eccleslte
2768 1668 3072 1724 testiﬁcans
3122 1684 3181 1724 se
3226 1670 3457 1725 electum
3512 1670 3583 1726 ab

1993 1754 2237 1812 Ecclesia
2265 1758 2493 1828 diligere
2524 1769 2579 1812 et
2623 1759 2882 1828 amplecti
2914 1776 3075 1829 quem
3109 1762 3301 1815 statuit
3337 1761 3582 1832 synodus

439 1843 728 1915 βασιλείαν
760 1819 873 1915 ἔχει
902 1819 999 1900 καλ
1047 1819 1211 1909 αὐτὸς
1254 1819 1418 1900 ἆυτδζρ
1449 1819 1885 1918 amulum}.

2001 1848 2289 1905 Ecclesiam
2344 1864 2595 1919 pascere,
2631 1850 2944 1921 habereque
2993 1852 3144 1905 illum
3179 1862 3237 1906 et
3282 1867 3587 1920 agnoscere

306 1934 943 2003 Κωνσταντινουπόλεως
961 1939 1111 2003 Νέας
1138 1939 1362 2010 Ῥώμης
1382 1941 1477 1995 καλ⁸
1501 1941 1886 2011 οίκουμενικδν

305 2030 676 2101 πατριάρχην.
716 2030 794 2086 Οὐ
827 2030 934 2101 μὴν
962 2032 1176 2103 ἐνεργεῖ
1203 2032 1378 2086 αὑτὸν
1420 2032 1605 2098 αὐτὸς,
1653 2033 1775 2087 οὐδὲ
1804 2032 1884 2086 δί-

305 2123 441 2178 δωσι
471 2123 650 2194 τούτῳ
677 2142 752 2192 τι,
790 2122 929 2181 ἀλλὰ
960 2127 1246 2195 συμφωνεῖ
1278 2126 1374 2180 καὶ
1419 2125 1779 2181 ἐπακολουθεῖ
1806 2126 1886 2194 τῷ

306 2214 477 2287 ἔργῳ.
496 2216 606 2270 Καὶ
635 2216 793 2287 δῆλον
823 2218 905 2271 ὅτι
937 2217 996 2271 οὐ
1020 2217 1262 2283 δίδωσιν,
1282 2218 1421 2273 ἀλλὰ
1447 2218 1718 2288 λαμϐάνει
1751 2220 1887 2288 μᾶλ-

307 2308 420 2371 λον,
454 2308 550 2360 καὶ
579 2306 657 2371 ὡς
704 2308 983 2381 ὑπηρέτης
1031 2310 1140 2364 τῶν
1190 2311 1291 2380 τῆς
1332 2309 1661 2380 Ἐκκλησίας
1713 2312 1885 2377 ἐστὶν,

307 2398 391 2453 ὅτι
422 2397 523 2468 τὴν
552 2399 705 2470 ίερέιν
735 2400 931 2470 ῥάϐδον
964 2400 1118 2471 αὐτῷ
1138 2400 1217 2472 τῷ
1242 2401 1540 2475 ὑποψηφίῳ
1565 2404 1888 2475 ἐγχειρίσας

307 2493 488 2564 οἰκείᾳ
523 2493 690 2564 χειρὶ,
738 2493 1102 2564 προσέρχεται
1136 2496 1230 2548 καὶ
1262 2495 1548 2549 ὑποκλίνει
1577 2498 1757 2567 τούτῳ
1788 2498 1888 2564 τὴν

308 2586 576 2655 κεφαλήν·
598 2584 694 2639 καὶ
718 2585 1122 2640 ἀποκαλύπτων
1152 2586 1347 2656 αὐτὴν,
1378 2587 1455 2650 ὡς
1476 2586 1618 2652 ἔθος,
1636 2588 1890 2656 εὐλογίαν

302 2678 535 2747 δέχεται,
568 2678 662 2731 καὶ
694 2677 1004 2741 ἀσπάζεται
1053 2678 1156 2745 τὴν
1202 2676 1299 2730 τοῦ
1344 2677 1660 2750 ὑποψηφίου
1707 2681 1887 2751 χεῖρα.

302 2768 689 2839 ⁴Ινανερώτερον
727 2770 804 2837 δὲ,
832 2770 918 2823 ὅτι
947 2769 1108 2839 170
1139 2770 1200 2822 οὐ
1219 2769 1433 2824 δίδωσιν
1458 2771 1621 2834 αὐτός
1643 2789 1717 2837 τι,
1755 2772 1891 2825 ἀλλὰ

305 2860 466 2916 τοῦτο
495 2861 668 2914 ποιῶν
704 2860 773 2914 τὰ
797 2862 896 2932 τῆς
937 2862 1270 2930 Ἐκκλησίας
1317 2863 1537 2933 στέργει
1567 2880 1627 2917 τε
1675 2865 1765 2918 καὶ
1800 2865 1893 2933 βε-

308 2953 478 3021 ϐαιοῖ,
509 2953 593 3006 ὅτι
626 2952 723 3007 καὶ
747 2953 903 3017 ὄντος
938 2953 1260 3025 ἀρχιερέως,
1305 2954 1400 3007 τοῦ
1437 2955 1753 3027 ὑποψηφίου
1786 2976 1892 3011 πα-

237 3084 256 3099 .
305 3044 597 3115 τριάρχου,
635 3043 732 3098 καὶ
765 3043 995 3114 μηδενὸς
1020 3046 1101 3106 εἰς
1127 3046 1466 3112 χειροτονίαν
1499 3048 1891 3119 ἀρχιερατικοῦ

1987 1941 2043 1995 in
2073 1940 2295 1996 nomine
2341 1948 2550 1996 sanctae
2584 1939 2869 1998 Trinitatis
2900 1956 2930 1995 a
2963 1956 3071 2012 qua
3143 1941 3434 2010 imperium
3491 1956 3584 1997 ac-

1986 2032 2151 2101 cepit,
2184 2032 2239 2087 in
2277 2031 2754 2102 archiepiscopum
2814 2031 3372 2101 ConstantinOpoleos
3421 2046 3578 2087 nova:

1990 2121 2179 2177 Romae
2240 2130 2296 2177 et
2343 2123 2750 2178 recutnenicum
2811 2122 3207 2193 patriarcham.
3256 2121 3375 2177 Non
3413 2123 3579 2193 igitur

1988 2223 2143 2271 creat
2182 2214 2336 2281 illum
2374 2215 2693 2284 imperator,
2736 2228 2916 2284 neque
2951 2213 3031 2268 illi
3063 2213 3157 2269 dat
3205 2212 3436 2284 aliquid,
3487 2213 3583 2269 sed

1988 2306 2142 2376 operi
2182 2304 2293 2374 jam
2344 2306 2486 2361 facto
2529 2306 2806 2363 consentit
2874 2314 2929 2362 et
2975 2305 3319 2376 obsequitur.
3360 2305 3583 2359 Clarum

1990 2410 2076 2454 est.
2110 2397 2257 2467 quod
2297 2399 2434 2453 nihil
2499 2399 2578 2454 illi
2612 2398 2705 2454 dat
2739 2415 2756 2467 ;
2791 2398 2886 2457 sed
2918 2401 3122 2469 petitis]
3152 2398 3221 2454 ab
3270 2412 3337 2453 eo
3358 2397 3583 2468 accipit,

1990 2502 2045 2549 et
2104 2494 2277 2548 veluti
2356 2493 2613 2548 minister
2679 2501 2765 2549 est
2817 2508 3002 2549 rerum
3054 2492 3584 2548 ecclesiasticarum.

1990 2585 2126 2641 Nam
2173 2600 2300 2640 cum
2353 2584 2531 2640 electo
2593 2598 2810 2639 sacram
2879 2583 3087 2654 virgam
3118 2583 3362 2652 ’propria
3416 2597 3585 2637 manu

1993 2678 2242 2743 tradidit,
2276 2676 2344 2733 ad
2367 2692 2492 2732 eum
2528 2676 2763 2740 accedit,
2808 2684 2863 2730 et
2889 2676 2974 2731 illi
3016 2684 3181 2745 caput
3240 2675 3493 2738 inclinat,
3531 2681 3588 2729 ct

1991 2773 2192 2842 aperit,
2225 2779 2282 2825 et
2318 2769 2463 2826 sicut
2506 2768 2679 2826 moris
2729 2775 2834 2835 est,
2867 2766 3303 2823 benedictionem
3357 2767 3581 2836 accipit,

1994 2863 2386 2933 osculaturque
2441 2862 2603 2918 electi
2666 2860 2994 2929 patriarchae
3061 2874 3310 2914 manum.
3365 2857 3583 2912 Clarius

1995 2958 2176 3012 adhuc
2216 2962 2369 3027 patet
2400 2958 2787 3026 imperatorem
2842 2954 2979 3009 nihil
3025 2953 3103 3008 illi
3135 2953 3288 3015 dare,
3336 2951 3431 3006 sed
3465 2952 3582 3005 haec

1995 3048 2177 3104 facere
2225 3058 2285 3104 ut
2317 3048 2572 3104 ostendat
2605 3063 2665 3104 se
2698 3062 2882 3102 amore
2905 3046 2962 3101 in
3003 3044 3299 3100 Ecclesiam
3345 3042 3499 3104 ferri,
3525 3050 3582 3097 et

306 3137 501 3207 χρείαν
530 3135 771 3205 ἔχοντος,
805 3134 967 3188 τοῦτο
1000 3135 1235 3202 γίνεται.
1268 3137 1377 3189 Καὶ
1412 3137 1493 3190 ἔτι
1519 3138 1678 3191 τοῦτο
1710 3139 1797 3195 διὰ
1829 3143 1890 3195 τὸ

2001 3155 2117 3209 quae
2149 3139 2219 3195 ab
2250 3154 2314 3195 ea
2369 3140 2672 3196 constituta
2726 3147 2879 3199 sunt,
2912 3137 3261 3194 conﬁrmare.
3306 3133 3576 3199 Quoniam

305 3229 476 3300 τιμᾷν
497 3228 612 3281 ἐστι
640 3226 733 3281 τὸν
765 3225 990 3297 βασιλέα
1019 3225 1118 3296 τὴν
1157 3226 1524 3298 Ἐκκλησίαν,
1554 3229 1656 3283 οὐκ
1680 3229 1893 3301 ἄρχειν.

2001 3232 2049 3288 si
2090 3231 2302 3287 electus
2336 3231 2647 3301 patriarcha
2682 3237 2766 3285 est
2807 3228 3124 3299 episcopus,
3160 3227 3426 3296 nulloque
3448 3238 3590 3279 con.

307 3331 602 3392 sequenter
636 3327 792 3393 egeat
833 3320 1131 3391 episcOpali
1187 3320 1495 3378 ministerio
1554 3326 1620 3379 ad
1673 3325 2101 3391 ordinationem,
2126 3324 2178 3379 id
2208 3331 2392 3380 tamen
2425 3325 2539 3381 ﬁeri
2601 3324 2762 3380 solet.
2795 3323 3061 3379 Praeterea
3131 3320 3239 3377 hoc
3294 3319 3424 3376 facit
3489 3319 3592 3374 im-

305 3426 555 3488 perator,
616 3422 676 3470 ut
732 3413 1074 3471 demonstret
1109 3428 1169 3468 se
1226 3414 1532 3471 Ecclesiam
1590 3416 1887 3483 honorare,
1928 3431 2040 3471 non
2062 3424 2124 3471 ut
2160 3417 2240 3472 illi
2275 3417 2530 3488 imperet.

863 3527 1116 3583 ΚΕΦΑΛ.
1160 3527 1331 3581 ΣΚΘθ.

308 3650 479 3703 Διατί
502 3647 785 3716 μανδύαν
812 3646 1187 3717 ἀποστέιιλει
1212 3644 1451 3717 μὲν-καὶ
1481 3646 1549 3701 τὸ
1572 3649 1901 3717 ἐγκίΜπιον

386 3719 468 3783 τῷ
497 3715 830 3786 exegi-natea
859 3715 1195 3787 :rarptdpxn
1242 3716 1276 3769 ό
1300 3715 1628 3787 βασιλεὺς,
1668 3718 1901 3774 amart-

390 3806 526 3843 κιον
549 3785 719 3855 eam
744 3785 897 3857 χειρὶ
932 3785 1206 3842 δίδωσιν.

391 3882 515 3936 Ὀτι
544 3881 767 3935 ἐλθόντα
796 3880 888 3934 τὸν
916 3880 1228 3951 ὑποψήφιον
1274 3882 1303 3935 6
1358 3881 1616 3951 βασιλεὺς
1652 3883 1758 3953 πρὸ
1801 3884 1898 3938 τοῦ

311 3975 451 4031 ἰδεῖν
479 3974 814 4044 φιλοφρονεῖ,
848 3974 941 4027 καὶ
991 3972 1234 4043 μανδύαν
1266 3974 1409 4042 μετὰ
1454 3974 1719 4043 ποταμῶν
1765 3966 1902 4028 ἀπο-

308 4066 553 4132 στέλλει,
586 4067 684 4119 καὶ
719 4064 781 4118 τὸ
811 4064 908 4134 τῆς
948 4065 1281 4135 Ἑκκλησίας
1305 4065 1623 4133 ἑγκόλπιον,
1654 4068 1792 4135 ὅπερ
1825 4067 1902 4129 ὡς

309 4157 584 4231 ἀρραϐών
611 4158 729 4211 ἐστι
782 4159 878 4211 καὶ
908 4156 984 4219 ὡς
1031 4157 1315 4226 ὑπηρέτης
1364 4156 1459 4211 καὶ
1504 4157 1684 4226 φύλαξ
1737 4158 1899 4221 αὐτὸς

314 4250 615 4324 φυλάσσει.
641 4249 736 4304 Διδ
774 4250 870 4303 καὶ
918 4249 1021 4318 τὴν
1057 4249 1252 4319 ῥάϐδον
1287 4248 1366 4312 ὡς
1411 4249 1755 4319 τιμιωτέραν
1805 4250 1901 4303 καὶ

317 4342 697 4413 ποιμαντικῆς
751 4340 1003 4405 ἔξουσίας
1061 4340 1335 4410 σύμϐολον
1390 4340 1553 4404 αὐτὸς
1583 4341 1768 4395 δίδωσι
1815 4340 1904 4394 διὰ

314 4436 422 4507 τὴν
450 4433 619 4504 τιμὴν
649 4433 745 4486 καὶ
782 4432 846 4486 τὸ
876 4432 1285 4502 ἀσφαλέστερον
1319 4436 1386 4505 τῇ
1438 4436 1601 4505 χειρίο
1658 4436 1751 4489 καὶ
1798 4435 1903 4489 δεί-

318 4544 489 4582 κνυσι
517 4527 709 4589 πᾶσιν,
738 4524 820 4577 ὅτι
848 4525 942 4577 καὶ
972 4523 1345 4596 αὑτὸςδτοῢτον
1370 4527 1603 4593 ποιμένα
1652 4527 1894 4597 στέργει,
1934 4558 1977 4612 D

314 4620 382 4674 ὃν
411 4617 696 4683 ἐξελέξατο
725 4619 753 4671 6
793 4617 947 4679 Θεός·
1000 4618 1092 4670 καὶ
1137 4618 1521 4689 φανερώτερον
1563 4619 1724 4677 τοῦτο
1765 4636 1901 4690 μαρ-

318 4711 533 4781 τυρῶν,
562 4708 798 4763 κελεύει.
824 4710 934 4762 Καὶ
967 4706 1136 4772 ἵππος
1167 4712 1522 4779 παρασήμοις
1542 4711 1654 4764 τισὶ
1684 4713 1904 4779 κοσμεῖ-

319 4817 440 4856 ται·
477 4798 575 4854 καὶ
606 4799 697 4852 ἐπ’
728 4796 881 4868 αὐτῷ
912 4800 941 4851 6
969 4798 1285 4869 ὐποψήφιος
1331 4801 1592 4869 κάθηται.
1639 4802 1753 4856 Καὶ
1800 4803 1906 4856 ὑπὸ

322 4894 502 4959 πεζοῦ
542 4892 637 4945 τοῦ
677 4892 917 4962 κόμητος
948 4891 1041 4944 τὸν
1068 4891 1291 4960 χαλινὸν
1315 4892 1411 4947 τοῦ
1443 4893 1612 4947 ἵππου
1648 4893 1907 4962 κατι-ἕχον⁴

321 5001 423 5050 τος
454 4983 574 5036 ἀντὶ
613 4982 707 5035 τοῦ
754 4980 1021 5052 βασιλέως
1052 4981 1243 5047 αὐτοῦ,
1277 4984 1353 5046 ὼς
1375 4986 1403 5037 6
1437 4984 1607 5053 μέγας
1642 4986 1701 5036 ἐν
1751 4984 1909 5053 βασι-

324 5076 485 5130 λεὶσι
517 5076 925 5138 Κωνσταντῐνος
975 5072 1053 5145 τῷ
1081 5073 1211 5144 ἱερῷ
1256 5077 1527 5147 πεποίηκε
1573 5077 1904 5147 Σιλῦἐστρῳ,

325 5166 727 5235 προπέμπεται
754 5165 845 5220 διά
876 5182 937 5219 τε
966 5166 1067 5236 τῆς
1099 5165 1389 5236 βασιλικῆς
1418 5167 1597 5236 πάσης
1612 5168 1789 5237 αὐλῆς
1819 5170 1911 5221 καὶ

331 5266 436 5334 τῆς
460 5264 728 5335 δημοσίας
746 5262 869 5319 ὀδοῦ
901 5262 1032 5334 ἄχρι
1056 5263 1150 5315 καὶ
1175 5262 1342 5316 αὐτοῦ
1373 5262 1468 5316 τοῦ
1494 5264 1910 5335 πατριαρχείου.

330 5360 403 5412 Εί
431 5357 548 5410 ἐστι
585 5356 642 5409 δὲ
690 5356 785 5411 καὶ
834 5355 914 5425 τῷ
972 5355 1187 5422 βασιλεῖ
1230 5356 1366 5418 υἱές,
1405 5355 1600 5433 ’ἕπεται
1649 5357 1909 5425 ἔφιππος,

330 5447 492 5518 καὶή
521 5448 826 5519 σύγκλητος
861 5447 1036 5500 πᾶσα.
1066 5445 1223 5499 Οὕτω
1251 5447 1353 5516 μὲν
1381 5445 1475 5500 οὖν
1500 5447 1597 5501 καὶ
1624 5447 1712 5501 διὰ
1741 5448 1915 5501 ταῦτα

328 5539 489 5609 καὶὴ
514 5538 826 5607 καλουμένη
855 5536 1157 5606 πρόϐλησις
1192 5537 1402 5604 γίνεται
1423 5538 1513 5591 διὰ
1534 5537 1634 5604 τὴν
1658 5538 1760 5607 τῆς
1796 5537 1917 5592 Ἐκ-

327 5632 569 5700 κλησίας
620 5630 807 5700 τιμὴν,
853 5628 887 5698 ἢ
926 5629 1005 5693 είς
1041 5629 1279 5699 Χριστὸν
1312 5630 1669 5699 ἀναφέρεται.
1708 5632 1815 5686 Ka‘t
1868 5634 1917 5685 εί

331 5724 442 5794 μὲν
473 5723 500 5774 6
529 5720 826 5791 ψηφισθεις
855 5721 1146 5792 ἀρχιερεύς
1191 5721 1363 5784 ἐστιν,
1396 5722 1469 5784 ὡς
1499 5721 1733 5791 ἔφημεν,
1779 5723 1918 5791 μετὰ

325 5815 396 5875 τὸ
437 5817 662 5888 μήνυμα
692 5814 855 5880 εὐθὺς
897 5814 1247 5887 πατριάρχης
1279 5814 1419 5885 ἐστὶ,
1456 5815 1549 5868 καὶ
1592 5813 1800 5879 οὐδενὸς
1826 5817 1917 5874 ἄλ-

2500 3531 2734 3589 CAPUT
2769 3532 2902 3589 CCX
2911 3531 3027 3587 XIX
3039 3576 3052 3591 .

2003 3649 2183 3715 Quare
2236 3649 2534 3719 imperator
2563 3647 2788 3718 pallium
2829 3656 2895 3719 et,
2918 3648 3217 3715 encolpium
3250 3650 3353 3703 sire
3383 3653 3587 3701 (lteram

2075 3718 2361 3774 sacrarum
2420 3720 2771 3788 reliquiarum
2827 3718 2897 3771 ad
2965 3720 3186 3772 electum
3224 3719 3589 3787 patriarcha":

2076 3792 2264 3855 mittit,
2306 3789 2558 3844 baculum
2584 3804 2709 3842 vero
2742 3790 2854 3856 ipse
2894 3804 3061 3841 manu
3094 3805 3193 3841 sua
3224 3789 3306 3841 illi
3331 3790 3586 3858 porrigit.

2078 3881 2548 3949 Namimperator
2584 3879 2819 3936 electum
2851 3878 2918 3934 ad
2960 3894 3021 3934 se
3072 3879 3400 3941 venientem,
3434 3889 3589 3933 ante-

2004 3990 2164 4045 quam
2210 3973 2363 4029 illum
2397 3972 2597 4039 videat,
2624 3971 2825 4027 blande
2855 3977 2908 4026 et
2939 3978 3184 4025 amanter
3213 3971 3585 4038 prosequitur,

2004 4066 2230 4136 pallium
2264 4064 2589 4119 undulatum
2656 4064 2736 4119 illi
2783 4063 3029 4127 mittens,
3086 4070 3142 4117 et
3175 4076 3396 4117 crucem
3459 4061 3585 4116 sinu

2007 4159 2211 4227 gestari
2245 4157 2490 4222 solitam,
2543 4172 2668 4225 qua:
2717 4165 2779 4212 ut
2828 4156 3029 4225 pignus
3061 4153 3209 4209 velut
3248 4154 3499 4209 minister
3532 4163 3590 4209 et

2006 4256 2194 4304 custos
2250 4257 2564 4304 conservat.
2646 4247 2775 4304 Ideo
2820 4248 3053 4318 virgam,
3094 4254 3153 4300 ut
3204 4246 3586 4303 houorahilius

2006 4341 2294 4411 potestatis
2329 4340 2624 4410 pastoralis
2667 4339 2997 4410 symbolum,
3056 4339 3174 4407 ipse
3217 4352 3378 4390 manu
3423 4338 3591 4393 tradit

2007 4438 2228 4505 propter
2286 4435 2553 4488 honorem
2584 4441 2639 4488 et
2671 4430 3043 4493 securitatem,
3078 4436 3241 4496 atque
3273 4436 3332 4478 ut
3361 4426 3588 4481 demou-

2007 4536 2142 4582 stret
2171 4541 2230 4582 se
2259 4532 2537 4593 pastorem
2576 4537 2741 4593 quem
2766 4522 2908 4577 Deus
2937 4520 3117 4589 elegit,
3142 4518 3410 4573 charitate
3433 4531 3587 4572 coms

2009 4619 2192 4690 plecti.
2255 4617 2725 4673 Testimoniorum
2756 4622 2936 4668 tamen
2987 4609 3590 4666 etidentissimmnhoc

2006 4720 2091 4765 est
2125 4728 2138 4764 :
2171 4709 2333 4779 jubet
2366 4717 2426 4762 ut
2452 4717 2791 4778 praeparetur
2840 4720 3015 4772 equus
3074 4702 3313 4774 phaleris
3363 4700 3591 4771 pulchre

2008 4803 2326 4873 insignitus,
2355 4812 2409 4856 et
2440 4802 2512 4856 illi
2573 4802 2782 4855 electus
2842 4800 3092 4863 insideat,
3143 4797 3405 4866 frenaque
3461 4795 3588 4866 equi

2006 4894 2336 4964 prehendat,
2355 4894 2475 4949 vice
2497 4892 2867 4963 imperatoris,
2893 4908 3083 4947 comes
3110 4891 3273 4961 pedes
3303 4891 3587 4953 incedens,

2011 4995 2072 5041 ut
2100 4987 2230 5040 olim
2278 4991 2471 5040 sancto
2526 4984 2807 5056 Sylvestro
2841 4983 2968 5040 fecit
3003 4999 3233 5054 magnus
3292 4983 3592 5053 imperator

2010 5076 2428 5142 Couswnliuns,
2481 5085 2537 5132 et
2568 5077 2650 5132 sic
2697 5077 2928 5145 pedibus
2998 5077 3215 5132 incedat
3271 5092 3370 5146 per
3404 5091 3586 5130 arcam

2014 5170 2177 5241 regiae
2226 5177 2281 5224 et
2336 5170 2480 5223 viam
2516 5171 2791 5239 publicam
2867 5171 3041 5225 donec
3075 5170 3141 5223 ad
3196 5168 3589 5238 patriarchium

2014 5267 2315 5339 perveniat.
2362 5266 2418 5322 Si
2452 5276 2634 5323 autem
2689 5279 2779 5324 est
2832 5266 3147 5334 imperatori
3192 5265 3360 5327 ﬁlius,
3417 5279 3592 5331 eques

2015 5362 2288 5431 sequitur,
2318 5369 2372 5417 et
2399 5360 2579 5415 omnis
2606 5372 2853 5416 senatus.
2885 5359 2978 5413 Sic
3012 5358 3176 5429 igitur
3226 5354 3297 5408 ad
3340 5354 3593 5409 Ecclesiae
3702 5344 3706 5348 ’

2017 5451 2277 5507 honorem
2319 5451 2376 5505 lit
2425 5466 2488 5507 ca
2516 5467 2635 5519 qure
2696 5461 2923 5505 vocatur
2973 5447 3268 5517 promotio,
3307 5444 3402 5500 sed
3476 5444 3594 5499 hzee

2017 5543 2201 5598 omnia
2251 5542 2318 5597 ad
2357 5541 2635 5597 Christum
2672 5540 3004 5597 referuntur.
3040 5538 3097 5592 Si
3123 5540 3330 5593 electus
3373 5540 3595 5606 episco—

2017 5648 2122 5704 pus
2149 5641 2252 5698 est,
2287 5644 2343 5687 ttt
2375 5632 2636 5698 diximus,
2675 5641 2800 5703 post
2827 5630 3125 5686 solemnem
3163 5630 3588 5685 declarationem

2019 5729 2201 5778 statim
2233 5731 2316 5778 est
2342 5723 2674 5792 patriarcha,
2708 5717 2967 5790 nulloque
2998 5722 3107 5777 alio
3161 5722 3365 5791 indiget
3395 5733 3591 5793 praeter

2023 5815 2199 5873 solum
2226 5814 2693 5873 enthrouismum.
2724 5812 3113 5888 Promotusiu
3170 5815 3459 5873 ecclesiam
3493 5832 3584 5874 vc-
