4108 6262
499 321 605 384 413

1263 321 1650 385 SYMEONIS
1671 323 2438 386 TIlESSALONICENSlS
2481 322 2820 383 ARCHIEP

3674 321 3783 386 444

505 434 610 496 nit,
649 432 1024 504 templumque
1067 434 1347 506 ingressus
1372 445 1426 492 et
1465 447 1718 493 sanctum
1743 437 1938 498 altare.
1966 439 2082 508 cpi-
2116 443 2137 500 Δ

2229 451 2288 487 ου
2315 434 2518 495 δέεται,
2556 435 2603 486 εἰ
2637 432 2712 503 μὴ
2746 430 2842 485 τοῦ
2876 429 3238 504 ὲνθρονισμοῦ
3285 433 3472 502 μόνου.
3505 434 3619 489 Καὶ
3648 451 3786 506 προ-

511 525 832 580 trachelium
873 536 923 582 et
967 526 1186 595 pallium
1221 530 1324 584 sibi
1366 530 1751 598 circumponit,
1783 541 1837 587 et
1867 542 2091 600 accepto

513 618 796 672 thuribulo
821 626 873 671 et
907 618 1086 678 thure.
1120 635 1279 688 prece
1335 624 1478 676 facta
1513 622 1828 691 suffumigat
1877 638 2089 677 sacram

511 722 754 761 tnettsam
816 717 870 761 et
931 707 1188 763 thronum
1224 721 1475 764 sanctum
1512 715 1877 781 superiorem,
1905 722 1963 766 ut
1989 713 2092 767 sibi

513 816 863 864 concessum,
911 801 1217 868 iterumque
1289 818 1500 858 sacram
1570 821 1838 869 mensam,
1877 807 2097 860 oscula-

515 903 717 959 turque
751 909 967 948 sacrum
1018 894 1399 964 Evangelium,
1452 911 1503 951 et
1545 907 1794 951 sanctam
1851 915 2094 953 mensam

513 985 736 1049 iterum,
769 987 916 1038 velut
947 985 1230 1041 Christum
1263 999 1312 1041 et
1346 987 1641 1043 Ecclesiam
1668 1005 1830 1058 quam
1861 993 2095 1059 accepit.

519 1077 716 1130 Postea
761 1079 996 1134 reddens
1043 1081 1386 1134 thuribulum
1428 1081 1662 1135 diacono
1715 1086 1782 1136 ab
1829 1100 1892 1137 eo
1925 1082 2100 1136 sulfu-

519 1170 777 1240 tuigatur,
808 1180 862 1225 et
925 1181 1169 1240 tempore
1225 1173 1548 1227 adveniente
1598 1175 1872 1228 benedicit
1909 1175 2100 1240 Deum,

522 1263 614 1330 qui
646 1279 771 1316 eum
843 1264 1011 1317 tantis
1073 1264 1229 1316 donis
1306 1264 1564 1332 dignatus
1647 1276 1778 1320 est:
1841 1268 2100 1333 quoniam

519 1356 686 1408 etiam
718 1354 788 1406 ab
826 1355 1074 1408 oratione
1139 1356 1379 1424 incipere
1445 1358 1605 1411 debet
1655 1358 1746 1426 qui
1803 1358 2102 1412 Ecclesiam

518 1449 752 1514 accepit,
782 1462 905 1500 Clllll
944 1448 1120 1500 oratio
1148 1448 1401 1502 unionem
1427 1465 1550 1502 cum
1581 1450 1806 1505 Christo
1837 1451 1998 1519 cujus
2021 1458 2107 1504 est

523 1535 792 1599 Ecclesia,
852 1539 1143 1606 signiticet.
1189 1536 1328 1593 Hinc
1367 1541 1532 1593 etiam
1593 1542 1800 1609 trisagii
1853 1542 2106 1595 oratione

521 1627 664 1682 facta
696 1627 966 1684 diaconus
992 1631 1283 1686 ambouetn
1306 1633 1579 1696 ascendit,
1612 1635 1796 1703 ibique
1827 1637 2107 1704 supplica-

521 1721 726 1775 tionem
754 1729 1068 1790 proteusam
1097 1729 1438 1791 pronuntiat,
1463 1725 1516 1776 iu
1555 1738 1661 1792 qua
1713 1725 2104 1794 imperatorum

521 1813 842 1867 memoriam
890 1813 1019 1869 facit
1093 1824 1151 1869 et
1194 1815 1366 1885 ipsius
1407 1817 1762 1886 patriarchae;
1801 1819 2108 1888 patriarcha

525 1911 709 1959 autem
731 1905 873 1960 dicta
894 1907 1040 1976 apud
1061 1921 1121 1962 se
1138 1917 1389 1963 oratione
1409 1919 1677 1979 protcusa:
1695 1910 2110 1979 supplicationis

524 1998 816 2063 exclamat,
852 2017 870 2050 ι
918 1997 1056 2064 Quia
1118 2000 1453 2067 misericors,
1496 2020 1516 2054 ι
1549 2011 1678 2067 etc.,
1707 2012 1760 2057 et
1793 2003 2113 2059 dimissione

529 2088 693 2156 facta,
719 2090 1004 2161 faustaque
1046 2092 1444 2150 acclamatione
1465 2095 1534 2150 ad
1573 2095 1773 2150 multos
1813 2111 1988 2153 annos
2019 2098 2113 2151 de-

527 2192 769 2249 cantata,
801 2195 857 2239 ut
887 2185 1261 2242 sacerdotium
1311 2199 1624 2258 perseveret
1650 2187 1948 2257 incolume,
1985 2206 2114 2244 cru-

530 2274 615 2331 cis
650 2275 806 2347 siguo
838 2274 988 2332 facto
1022 2276 1156 2333 abit.

1063 2484 1295 2542 CAPUT
1327 2485 1587 2543 CCXXX.

530 2591 606 2646 De
626 2593 987 2670 eutlirenisrno
1030 2599 1354 2666 patriarcha:
1379 2610 1428 2653 et
1477 2601 1540 2652 de
1571 2617 1699 2668 pace
1739 2618 1857 2670 qua:
1894 2601 1959 2655 ab
2014 2619 2111 2656 au-

678 2667 846 2720 tislile
877 2667 1060 2734 datur,
1095 2679 1144 2722 et
1173 2681 1432 2741 quantum
1465 2667 1577 2740 fas,
1599 2673 1680 2724 iui
1709 2667 1973 2726 redditur.

604 2824 854 2880 Crastina
888 2839 1019 2880 vero
1077 2827 1188 2894 die,
1225 2829 1574 2898 congregatis
1611 2830 2037 2899 imperatoribus
2068 2839 2121 2886 et

538 2914 876 2985 principibus
925 2928 980 2972 et
1011 2918 1122 2973 fere
1159 2921 1307 2974 omni
1363 2923 1584 2989 populo,
1645 2922 1864 2991 liturgia
1925 2938 2124 2991 magno

541 3024 666 3060 ('mll
691 3019 958 3077 apparatu
979 3010 1291 3066 celebratur
1313 3027 1342 3066 a
1376 3013 1707 3082 patriarcha,
1733 3015 2123 3070 assistentibus

538 3102 590 3157 ei
625 3101 900 3172 episcopis
941 3104 1219 3172 omnibus,
1241 3113 1295 3159 et
1319 3105 1490 3171 clero,
1528 3115 1582 3161 et
1621 3107 1775 3162 urbis
1821 3108 2124 3161 sacerdoti-

544 3197 670 3252 bus.
707 3195 931 3268 Oportet
967 3197 1111 3252 euim
1153 3212 1346 3253 omnes
1377 3199 1570 3253 adesse
1629 3198 1864 3268 pastoris
1911 3200 1995 3252 sui
2030 3215 2128 3252 en-

540 3290 866 3350 thronismo.
895 3300 949 3342 et
1001 3305 1127 3344 eum
1167 3290 1221 3343 in
1274 3289 1534 3344 cathedra
1578 3291 1918 3360 conspicere,
1984 3291 2130 3346 velut

543 3383 722 3450 ipsum
774 3382 1064 3436 Dominum
1100 3396 1348 3436 neStrum
1383 3382 1570 3436 Jesum
1609 3381 1890 3437 Christum
1929 3382 2128 3437 Filium

549 3475 644 3529 Dei
694 3475 948 3538 viventis,
984 3483 1038 3528 et
1072 3474 1140 3526 ab
1167 3475 1287 3543 ipso
1319 3474 1374 3528 in
1418 3474 1502 3528 his
1534 3473 1707 3528 initiis
1741 3482 1855 3527 tum
1895 3477 2132 3530 maxime

555 3567 830 3632 benedici,
861 3580 1161 3635 pacemque
1189 3566 1257 3619 ab
1315 3580 1382 3620 eo
1437 3565 1504 3620 de
1536 3565 1868 3620 sacerdotali
1932 3569 2132 3624 throno

550 3661 858 3730 suscipere,
919 3673 1154 3728 eamque
1201 3658 1278 3712 illi
1313 3672 1514 3713 vovere
1547 3668 1601 3713 et
1635 3659 1962 3714 acclamare.
2023 3660 2132 3714 Pax

551 3763 731 3806 autem
788 3752 876 3806 illa
926 3759 1012 3806 est
1040 3751 1349 3807 Servatoris
1391 3752 1590 3816 nostri,
1643 3767 1764 3822 quae
1792 3768 2016 3807 onmem
2045 3755 2134 3806 in-

558 3845 830 3899 tellectum
882 3854 1127 3914 superat,
1161 3845 1449 3899 han-editas
1486 3852 1700 3909 nostra,
1745 3847 1932 3900 suavis
1982 3860 2135 3900 com-

546 3939 770 4010 pellatio
817 3947 870 3992 et
905 3947 1107 3992 aeterna
1149 3937 1509 4006 exspeCtatio,
1548 3945 1629 4003 ut,
1671 3938 2133 4004 quemadmodum

549 4043 806 4100 precatus
874 4040 980 4098 est,
1035 4046 1205 4084 unum
1261 4045 1384 4084 cum
1442 4029 1562 4096 ipso
1633 4029 1828 4093 simus,
1867 4029 2138 4100 Patreque

551 4125 672 4191 ejus
703 4135 758 4178 et
793 4123 1022 4192 Spiritu.
1057 4123 1152 4177 Illa
1197 4123 1363 4193 igitur
1393 4132 1478 4179 est
1513 4138 1634 4194 quae
1674 4139 1774 4179 nos
1809 4124 1919 4180 Deo
1955 4134 2008 4180 et
2039 4140 2139 4178 an-

550 4219 684 4287 gelis
720 4216 1025 4286 conjungit,
1058 4230 1178 4285 qua
1208 4215 1348 4272 bona
1384 4216 1540 4273 nobis
1571 4216 1788 4273 abunde
1823 4217 2139 4287 suppeditat

553 4312 608 4364 iu
644 4310 746 4363 hoc
780 4318 835 4364 et
865 4308 1117 4377 praesenti
1147 4310 1366 4375 saeculo,
1389 4311 1547 4378 cuius
1570 4311 1719 4380 pacis
1748 4309 1880 4365 Jesu
1913 4325 2021 4364 non
2055 4317 2142 4364 est

557 4404 850 4467 terminus,
891 4419 1055 4473 quam
1107 4403 1176 4457 ad
1224 4417 1442 4459 crucem
1523 4403 1825 4473 procedens
1879 4403 2042 4458 nobis
2082 4403 2138 4457 in

2197 525 2440 595 ϐληθεὶς,
2486 527 2564 588 εἰς
2596 523 2693 594 τὴν
2738 522 3067 593 Ἐκκλησίαν
3099 523 3347 595 ἔρχεταιο
3379 525 3476 580 καὶ
3516 527 3785 582 εἰσελθὼν

2195 619 2287 670 τὸν
2325 619 2450 671 ναὸν
2501 618 2596 670 καὶ
2635 618 2696 670 τὸ
2729 618 2874 670 θεῖον
2924 617 3338 686 θυσιαστήριον,
3389 619 3786 690 ὲπιτραχήλιον

2197 711 2292 763 καὶ
2319 710 2634 780 ὠμοφόριον
2666 709 3028 776 περιτίθεται.
3049 710 3158 762 Καὶ
3180 711 3546 780 θυμιατήριον
3571 712 3781 777 λαϐὼν,

2200 805 2293 856 καὶ
2333 803 2394 854 τὸ
2430 802 2681 870 θυμίαμα
2722 801 3042 868 εὐλογήσας,
3073 803 3261 873 κύκλῳ
3298 804 3475 874 θυμιᾷ
3505 804 3605 874 τὴν
3633 805 3784 874 ἱερὰν
3846 857 3851 864 ,

2199 895 2483 962 τράπεζαν
2521 895 2617 946 καὶ
2646 895 2738 946 τὸν
2765 893 2878 946 ἄνω
2909 893 3066 961 ἅγιον
3117 894 3329 962 θρόνον,
3378 894 3454 956 ὠς
3496 897 3786 965 δεδομένον

2202 987 2373 1052 αὐτῷ’
2409 989 2505 1038 καὶ
2541 986 2706 1038 πάλιν
2749 989 2848 1054 τὴν
2891 988 3044 1055 ἰερὶν
3075 987 3382 1056 τράπεζανο
3417 989 3510 1041 καὶ
3546 987 3789 1051 ἀσπάζε-

2202 1100 2292 1134 ται
2324 1082 2383 1133 τὸ
2421 1083 2565 1147 ἱερὸν
2608 1081 2938 1148 Εὖαγγέλιον
2970 1084 3064 1134 καὶ
3087 1081 3280 1151 αὐτὴν,
3320 1083 3396 1141 ὡς
3430 1081 3522 1134 τὸν
3553 1085 3790 1149 Χριστὸν

2206 1173 2299 1225 καὶ
2335 1174 2430 1241 τὴν
2473 1173 2800 1241 Ἐκκλησίαν
2845 1176 3021 1243 ἤνπερ
3079 1173 3395 1242 παρέλαϐε*
3446 1175 3541 1227 καὶ
3586 1175 3646 1226 τὸ
3690 1175 3784 1226 θυ-

2210 1263 2403 1332 μιατὸν
2463 1263 2588 1324 δοὺς
2627 1264 2880 1327 διακόνῳ,
2933 1262 3198 1330 θυμιᾶται
3246 1263 3381 1331 παρ’
3429 1263 3617 1316 αὑτοῦ.
3677 1263 3786 1316 Καὶ

2211 1356 2402 1420 καιροῦ
2435 1359 2726 1422 γινομένου
2763 1356 2979 1422 εὐλογεῖ
3006 1355 3096 1406 τὸν
3135 1355 3288 1420 Θεὸν,
3323 1355 3416 1407 τὸν
3450 1354 3792 1422 τηλικούτων

2209 1449 2372 1500 αὑτὸν
2411 1449 2741 1511 ἀξιώσαντα’
2797 1449 2892 1501 καὶ
2942 1448 3022 1500 ὅτι
3070 1448 3178 1500 ἀπὸ
3213 1448 3528 1516 προσευχῆς
3561 1448 3643 1500 δεῖ
3691 1448 3792 1516 ἄρ-

2210 1541 2426 1610 χεσθαι,
2456 1541 2557 1610 τὴν
2601 1539 2934 1608 Ἐκκλησίαν
2965 1539 3301 1608 παραλαϐών
3327 1555 3341 1570 ο
3383 1540 3505 1591 ἐπεὶ
3536 1540 3633 1592 καὶ
3659 1539 3793 1592 ἕνω-

2214 1651 2297 1694 σις
2348 1633 2486 1702 προς
2528 1632 2787 1702 Χριστὸν,
2844 1625 2904 1686 οὗ
2958 1633 2991 1702 ἡ
3036 1632 3370 1701 Ἐκκλησία,
3419 1633 3452 1701 ἡ
3486 1632 3791 1702 προσευχὴ.

2215 1725 2380 1778 Ὅθεν
2437 1726 2533 1778 καὶ
2587 1727 2901 1794 προσευχῆς
2939 1725 3239 1794 Τρισαγίου
3275 1726 3590 1796 γινομένης,
3623 1725 3650 1777 ό
3679 1724 3795 1778 διὰ-

2215 1833 2368 1877 κονος
2402 1817 2470 1869 τὰ
2511 1815 2610 1884 τῆς
2657 1816 2908 1878 ἑκτενοῦς
2959 1815 3053 1869 ἐπὶ
3101 1813 3195 1868 τοῦ
3247 1814 3502 1884 ᾶμϐωνος
3555 1815 3795 1867 ποιεῖται

2217 1907 2478 1976 δεήσεωςο
2516 1910 2610 1960 καὶ
2641 1907 2974 1978 μνημονεύει
3000 1906 3112 1961 τῶν
3147 1923 3206 1960 τε
3242 1905 3529 1977 βασιλέων,
3560 1907 3656 1959 καὶ
3699 1904 3798 1958 τοῦ

2215 2002 2560 2069 πατριάρχου
2589 2002 2778 2058 αὐτοῦ.
2822 2002 2882 2054 Ὀ
2910 2000 2968 2055 δὲ
3005 2001 3359 2072 πατριάρχης
3398 2000 3498 2070 τὴν
3527 1998 3693 2071 εὐχὴν
3720 1999 3808 2056 είοξ

2217 2092 2339 2146 πὼν
2368 2092 2491 2146 καθ’
2527 2092 2722 2147 ἑαυτὸν
2774 2093 2874 2164 τῆς
2924 2093 3176 2156 ὲκτενοῦς
3227 2093 3475 2161 ἱκεσίας,
3535 2094 3797 2162 ὲκφωνεῖ,

2222 2202 2242 2234 ι
2277 2183 2400 2236 Ὀτι
2427 2183 2701 2253 ἐλεήμων·
2733 2203 2753 2237 ι
2797 2185 2891 2239 καὶ
2921 2183 3191 2238 ἀπόλυσιν
3233 2184 3624 2254 ποιησάμενος,
3678 2181 3800 2245 τοῦ,

2224 2293 2244 2326 ι
2282 2275 2374 2338 Εἰς
2399 2275 2574 2327 πολλὰ
2600 2275 2721 2346 ἔτη,
2755 2294 2775 2328 ι
2814 2277 3077 2346 ᾀδομένου
3111 2275 3254 2344 ὑπὲρ
3287 2275 3382 2330 τοῦ
3405 2275 3684 2345 διαμένειν
3703 2273 3804 2342 τὴν

2220 2368 2654 2437 ἀρχιερωσύνην,
2684 2368 3023 2437 σφραγίσας,
3055 2367 3372 2438 ἀνέρχεται.

2800 2480 3054 2535 ΚΕΦΔΛ.
3097 2481 3223 2536 ΣΝ.

2225 2598 2359 2663 Πιορί
2395 2596 2930 2668 τοῦίένθρονισμοῦ
2977 2598 3078 2668 καὶ
3125 2595 3234 2664 τῆς
3274 2597 3433 2668 παρὰ
3467 2593 3573 2668 tot?
3607 2597 3806 2668 ἀρχιε-

2288 2670 2440 2732 [ἑως
2495 2665 2826 2734 διδομένηξ
2866 2667 3114 2738 εἰρήνης
3140 2707 3155 2733 ,
3196 2666 3296 2721 καί
3343 2665 3806 2734 ἁντιδιδομένης

2297 2739 2533 2790 ὁπόσον
2566 2738 2842 2790 δύναται.

2299 2827 2380 2899 Τῇ
2413 2831 2579 2898 κυρίᾳ.
2635 2830 2692 2882 δὲ
2747 2831 2932 2900 ἡμέρα.
2981 2830 3089 2882 τῶν
3127 2829 3395 2900 βασιλέων
3445 2828 3801 2897 συνηγμένων

2229 2923 2322 2975 καὶ
2357 2923 2659 2989 ἀρχόντων,
2693 2923 2789 2975 καὶ
2831 2923 3016 2992 σχεδὸν
3057 2922 3262 2985 παντὸς
3305 2920 3402 2974 τοῦ
3429 2920 3576 2984 λαοῦ,
3609 2922 3638 2988 ὴ
3692 2919 3799 2970 λει-

2228 3017 2458 3084 τουργία
2499 3016 2938 3084 μεγαλοπρεπῶς
2975 3016 3210 3069 τελεῖται
3239 3017 3391 3086 παρὰ
3421 3013 3511 3067 τοῦ
3535 3013 3798 3081 πατριάρ-

2231 3127 2352 3178 χου,
2403 3109 2674 3162 συνόντων
2709 3109 2858 3179 αὑτῷ
2905 3109 3014 3164 τῶν
3063 3110 3370 3180 ἀρχιερέων
3409 3109 3661 3164 ἁπάντων
3709 3106 3803 3160 καὶ

2238 3200 2326 3252 τοῦ
2360 3201 2588 3270 κλήρου,
2638 3203 2732 3254 καὶ
2783 3202 2892 3254 τῶν
2934 3203 3034 3270 τῆς
3069 3202 3277 3264 πόλεως
3324 3202 3538 3270 ἰερέων.
3575 3201 3666 3252 Δεῖ
3699 3198 3807 3268 γὰρ

2231 3291 2445 3353 πάντας
2479 3293 2736 3360 παρεῖναι
2772 3292 2866 3344 ἐπὶ
2895 3291 2973 3356 τῷ
2999 3291 3091 3344 τοῦ
3122 3291 3380 3360 ποιμένος
3410 3290 3593 3345 αὐτῶν
3625 3291 3811 3361 ὲνθρο-

2234 3381 2432 3452 νισμῷ,
2469 3382 2561 3434 καὶ
2621 3382 2750 3435 ίδεῖν
2785 3383 2948 3436 αὑτὸν
2999 3384 3092 3435 ἐπὶ
3143 3384 3242 3452 τῆς
3299 3383 3573 3452 καθέδρας
3610 3383 3688 3445 ὡς
3721 3384 3812 3436 τὸν

2235 3475 2438 3544 Κύριον
2469 3476 2627 3544 ἡμῶν
2670 3474 2878 3544 Ἰησοῦν
2925 3475 3091 3529 αὐτὸν
3123 3475 3214 3528 τὸν
3251 3475 3506 3544 Χριστὸν,
3557 3479 3647 3531 τὸν
3682 3477 3811 3530 Υίδν

2235 3567 2330 3621 τοῦ
2361 3567 2495 3620 Θεοῦ
2528 3567 2622 3620 τοῦ
2669 3567 2893 3633 ζῶντος,
2938 3568 3034 3622 καὶ
3063 3567 3428 3638 εὐλογηθῆναι
3472 3567 3606 3638 παρ’
3639 3567 3812 3621 αὑτοῦ

2235 3659 2358 3712 τότε
2399 3659 2602 3726 μᾶλλον
2660 3659 2753 3711 καὶ
2786 3656 3071 3727 καταρχὰς
3117 3659 3214 3710 καὶ
3268 3658 3367 3728 τὴν
3408 3659 3638 3727 εἰρήνην
3678 3656 3811 3726 παρ’

2237 3753 2404 3806 αὑτοῦ
2464 3751 2720 3815 δέξασθαι
2777 3751 2886 3803 ἀπὸ
2941 3750 3037 3804 τοῦ
3099 3750 3399 3820 ἱερωτάτου
3466 3749 3660 3818 θρόνου
3720 3750 3817 3802 καὶ

2239 3844 2632 3924 προσφωνῆσαι
2653 3843 2861 3910 ταύτην
2891 3842 3062 3912 αὐτῷ.
3102 3841 3251 3912 Λῦτη
3299 3841 3357 3894 δέ
3385 3843 3535 3894 ἐστιν
3561 3842 3594 3911 ἡ
3619 3842 3816 3911 είρήνη

2239 3937 2333 3989 τοῦ
2365 3937 2618 4006 Σωτῆρος
2667 3936 2828 4005 ἡμῶν
2879 3937 2912 4006 ἡ
2961 3935 3143 3988 πάντα
3197 3932 3322 3986 νοῦν
3379 3933 3815 4003 ὑπερέχουσα,ἡ

2239 4029 2578 4098 κληρονομία
2611 4028 2793 4097 ἡμῶν,
2838 4027 2900 4080 τὸ
2945 4026 3122 4094 γλυκὺ
3174 4029 3490 4098 πρόσρημα,
3527 4028 3559 4094 ἠ
3600 4026 3819 4086 αἰώνιος

2242 4121 2563 4192 προσδοκία,
2603 4121 2689 4174 ἵνα
2715 4115 2863 4190 ὦμεν
2900 4119 2960 4173 ἓν
3009 4121 3130 4190 μετ’
3155 4116 3347 4185 αὑτοῦ,
3397 4118 3494 4172 καὶ
3527 4117 3624 4171 τοῦ
3661 4117 3811 4186 l7]

2241 4214 2459 4283 Πατρός
2487 4211 2677 4273 αὐτοῦ,
2713 4213 2808 4264 καὶ
2843 4211 2939 4265 τοῦ
2980 4211 3321 4279 Πνεύματος,
3368 4209 3560 4277 ὥσπερ
3593 4207 3816 4276 ηὔξατο.

2243 4304 2392 4374 Αὕτη
2440 4303 2555 4370 οὖν,
2601 4304 2634 4373 ὴ
2669 4302 2762 4354 καὶ
2797 4301 2875 4370 τῷ
2919 4299 3038 4369 Θεῷ
3091 4300 3329 4360 καὶτοῖς
3377 4297 3631 4366 ἀγγέλοις
3673 4297 3821 4364 ἡμᾶς

2246 4396 2620 4457 συνάπτουσα,
2648 4396 2741 4447 καὶ
2775 4392 2845 4444 τὰ
2875 4390 3060 4459 ἀγαθὰ
3115 4391 3247 4458 ἡμῖν
3277 4386 3614 4458 χορηγοῦσα,
3644 4387 3736 4438 καὶ
3765 4386 3823 4436 ὲν

557 4472 930 4551 haereditatem
973 4497 1217 4563 reliquit,
1273 4505 1332 4551 ut
1389 4472 1595 4550 dictum
1666 4505 1769 4560 est,
1799 4510 2074 4566 quamque
2110 4511 2136 4549 a

2245 4483 2323 4552 τῷ
2375 4483 2606 4552 παρόντι
2657 4483 2756 4536 καὶ
2805 4481 2864 4534 ἐν
2912 4479 2991 4549 τῷ
3049 4478 3320 4547 μέλλοντι,
3346 4472 3414 4548 ἧς
3453 4479 3677 4546 εἰρήνης
3725 4473 3824 4528 τοῦ

557 4593 789 4649 mortuis
821 4592 1121 4649 suscitatus
1165 4593 1403 4662 primum
1438 4588 1839 4661 pronuntiavit,
1880 4597 1936 4644 et
1965 4589 2138 4655 dedit,

554 4685 827 4754 nobisque
856 4685 1073 4742 insevit.
1107 4683 1258 4738 lianc
1289 4683 1532 4738 divinam
1579 4697 1770 4752 pacem
1823 4679 1914 4750 qui
1951 4680 2141 4735 zelotat-

555 4786 685 4831 sunt
719 4777 865 4842 tidei,
901 4786 956 4833 ct
987 4792 1116 4832 vere
1147 4776 1448 4832 Christiani
1493 4774 1682 4829 audire
1725 4760 2039 4834 desiderant
2072 4772 2141 4827 ab

556 4867 850 4937 episcopo;
883 4869 1086 4937 quique
1117 4869 1299 4924 sciunt
1320 4884 1438 4937 quae
1464 4867 1536 4923 sit
1566 4865 1824 4921 salutatio
1857 4865 1944 4918 illa
1971 4865 2140 4934 pacis,

559 4968 721 5013 orant
753 4973 943 5014 sacros
973 4961 1264 5029 episc0pos
1301 4959 1544 5028 quandiu
1577 4958 1786 5018 vivunt.
1829 4956 1881 5010 in
1939 4959 2142 5012 throno

559 5054 770 5116 sedere,
811 5062 864 5107 et
896 5066 1083 5121 pacem
1129 5051 1264 5120 ipsis
1297 5052 1480 5106 dicere
1511 5058 1565 5105 et
1599 5050 1829 5119 precari.
1864 5060 1923 5103 ut
1964 5053 2142 5123 scrip-

562 5157 678 5202 tum
713 5153 798 5200 est
831 5145 884 5200 in
916 5143 1040 5199 Vita
1074 5144 1254 5214 m‘agui
1294 5143 1437 5197 Petri
1475 5142 1854 5207 Alexandrini,
1877 5144 1967 5213 qui
1997 5159 2141 5212 saepe

563 5236 1037 5292 verecundabatur
1112 5236 1214 5288 hoc
1287 5233 1489 5299 facere,
1559 5248 1816 5289 reverens
1885 5235 2142 5288 virtutem

561 5345 682 5398 qua:
713 5339 795 5383 est
853 5329 906 5382 in
938 5328 1136 5381 throno
1187 5325 1506 5394 episcopali,
1545 5342 1705 5396 quam
1739 5327 1939 5397 saepius
1980 5326 2146 5381 corde

565 5438 703 5491 puro
737 5421 1130 5492 conspiciebat.
1164 5419 1291 5475 Post
1317 5430 1549 5473 mortem
1578 5418 1739 5473 etiam
1785 5433 1984 5488 magno
2017 5433 2142 5472 cum

567 5514 842 5568 desiderio
897 5515 1171 5582 petierunt
1208 5513 1391 5568 videre
1423 5521 1672 5582 pastores
1727 5525 1859 5564 suos
1897 5518 2144 5563 mortuos

564 5609 620 5658 in
658 5605 854 5662 throno
889 5622 988 5663 suo
1027 5607 1301 5672 sedentes,
1379 5605 1484 5685 hoc
1523 5605 1684 5658 modo
1750 5600 2036 5657 credentes
2086 5613 2146 5654 se

565 5697 747 5753 divina
778 5715 907 5768 pace
935 5701 1061 5758 frui.

564 5797 757 5865 πολλῇ,
790 5798 884 5852 καὶ
913 5799 1140 5869 νεκροίνς
1176 5798 1270 5850 ἐπὶ
1317 5796 1410 5849 τοῦ
1469 5793 1660 5864 Θρόνου
1709 5789 1839 5845 ἰδεῖν
1876 5785 2053 5842 αὐτῶν
2080 5783 2202 5846 τοὺς

568 5890 818 5962 είὲήντιςο.

2257 4574 2436 4645 Ἰησοῦ
2469 4574 2621 4644 ὃριον
2651 4573 2750 4625 οὐκ
2785 4571 2939 4623 εστιν
2970 4569 3144 4622 οὐδέν·
3181 4568 3251 4636 ἢν
3274 4567 3368 4621 καὶ
3399 4567 3537 4637 πρὸς
3563 4566 3624 4620 τδ
3651 4564 3827 4626 πάθος

2245 4669 2564 4738 ἐρχόμενος,
2601 4665 2977 4737 κληρονομίαν
3013 4662 3228 4732 ἀφῆκεν
3270 4662 3423 4731 ἡμῖν,
3474 4659 3550 4721 ὡς
3586 4660 3824 4730 εἴρηται,

2245 4764 2342 4816 καὶ
2391 4761 2629 4824 ἀναστὰς
2683 4759 2900 4829 πρῶτον
2961 4757 3152 4827 εἴρηκέ
3209 4771 3270 4808 τε
3331 4755 3424 4808 καὶ
3482 4752 3682 4806 δέδωκε
3733 4752 3827 4804 καὶ

2245 4853 2552 4925 ἐφύτευσεν
2593 4854 2652 4904 ὲν
2695 4854 2852 4920 ἡμῖν·
2885 4844 2954 4923 ἦς
2986 4846 3386 4917 ἐπιθυμοῦντες
3410 4845 3646 4899 ἀκοῦσαι
3675 4843 3828 4914 παρᾶ

2248 4947 2342 5001 τοῦ
2376 4947 2640 5017 ἱεράρχου
2667 4943 2815 5007 θείας
2845 4944 3073 5013 εἰρήνης
3102 4943 3152 4994 οἰ
3183 4939 3424 5009 ὲξαρχῆς
3459 4936 3702 5006 ζηλωταὶ
3728 4935 3829 5005 τῆς

2252 5042 2519 5102 πίστεως,
2556 5040 2653 5091 καὶ
2699 5037 2871 5099 ὅντως
2899 5033 3242 5104 Χριστιανοὶ,
3287 5031 3492 5093 εἰδότες
3527 5029 3580 5082 τί
3621 5029 3742 5081 ἐστι
3771 5027 3833 5078 τδ

2250 5135 2554 5204 πρόσρημα
2581 5133 2679 5201 τῆς
2719 5131 2968 5199 εἰρήνης,
3007 5126 3103 5179 καὶ
3136 5125 3359 5188 ζώντων
3396 5123 3506 5174 τῶν
3535 5120 3698 5191 ἱερῶν
3733 5119 3831 5188 ἀρ-

2249 5229 2482 5296 χιερέων
2537 5223 2747 5276 ἐδέοντο
2800 5221 2892 5272 ἐπὶ
2926 5216 3022 5270 τοῦ
3073 5217 3266 5284 θρόνου
3313 5214 3564 5280 καθίσαι,
3595 5212 3694 5266 καὶ
3736 5209 3832 5280 τὴν

2251 5319 2476 5388 εἰρήνην
2520 5316 2704 5377 αὐτοῖς
2740 5315 2938 5378 εἰπεῖν,
2988 5313 3064 5374 ὡς
3099 5312 3157 5364 ὲν
3185 5311 3265 5379 τῷ
3299 5308 3402 5378 βίῳ
3444 5306 3540 5360 τοῦ
3592 5303 3830 5374 μεγάλου

2256 5411 2467 5480 Πέτρου
2511 5406 2926 5478 Ἀλεξανδρείας
2973 5406 3309 5473 γέγραπται,
3341 5401 3402 5463 ὃς
3445 5399 3540 5451 καὶ
3569 5396 3834 5457 πολλάκις

2256 5504 2436 5573 ᾐδεῖτο
2460 5500 2621 5553 τοῦτο
2651 5502 2850 5559 ποιεῖν,
2886 5497 2984 5567 τὴν
3015 5498 3074 5549 ἐν
3107 5495 3184 5565 τῷ
3221 5494 3398 5564 θρόνῳ
3432 5491 3836 5560 εὐλασούμενος

2257 5595 2511 5664 δύναμιν,
2567 5594 2636 5663 ἢν
2682 5592 2776 5644 καὶ
2818 5590 3080 5650 πολλάκις
3138 5585 3285 5654 ἐώρα
3331 5585 3408 5647 ὡς
3457 5585 3558 5653 τὴν
3604 5580 3839 5651 καρδίαν

2259 5689 2520 5759 καθαρὸς,
2571 5688 2666 5740 καὶ
2722 5683 2861 5755 μετὰ
2910 5684 2970 5737 τό
3008 5679 3158 5739 τέλος
3194 5679 3422 5749 ἐζήτουν
3469 5679 3528 5728 ἐν
3571 5672 3838 5742 ἐπιθυμία

2248 5782 2534 5852 ποιμένας,
2558 5781 2630 5844 ὡς
2658 5781 2750 5833 καλ.
2780 5777 2920 5831 οὕτω
2954 5773 3300 5833 πιστεύοντες
3326 5770 3510 5839 τυχεῖν
3541 5768 3640 5838 τῆς
3687 5765 3838 5828 θείας
