4108 6262
273 379 380 443 445

819 496 1074 550 ΚΕΦΑΛ.
1119 497 1288 555 ΣΛΜ.
1400 490 1406 496 ’

273 602 571 683 Daphnim
609 606 786 683 ρείῳν
810 607 935 683 καί-
952 611 1236 683 μεγάλων
1267 613 1591 683 ἀρχιερέων
1621 618 1846 682 Πέτρου

362 674 812 756 Ἄλεξεινδρειᾳς
841 674 1262 756 καῖἾὼᾴνΨου
1420 674 1849 756 Χρυσορρήᾆιο-

345 760 491 823 fac:
520 747 611 823 ὁξτρ
662 748 954 823 ἐκάθισαν
984 752 1244 823 τούτους
1291 754 1413 819 τοῖς
1461 747 1850 823 bpdréig'hat

344 815 496 887 μετὰ
527 817 792 872 θάνατον
817 816 916 873 διὰ
957 818 1074 889 τὴν
1100 815 1330 882 ἄνωθεν
1358 815 1631 895 εἰρήὶιην.

354 931 422 983 '0
451 929 514 1000 δὴ
544 930 642 983 καὶ
695 931 838 1002 μετά
867 933 967 1003 τὴν
994 938 1215 1006 σφαγὴν
1238 938 1333 992 ἐπὶ
1363 939 1444 1010 τῷ
1495 940 1626 1012 θείῳ
1658 942 1851 1012 ἐκείνῳ

277 1020 473 1091 Πέτρῳ
496 1023 722 1091 γέγονεν
752 1026 811 1080 ἐν
857 1026 1239 1102 Ἀλεξανδρείᾳ
1259 1069 1277 1096 ,
1305 1017 1400 1086 κάι
1429 1033 1489 1088 ὲν
1514 1035 1580 1104 τῇ
1616 1033 1850 1103 βασιλίδι

273 1115 337 1168 δὲ
370 1115 613 1187 πόλειτῇ
646 1118 1001 1191 φιλοχρίστῳ,
1041 1123 1135 1177 ἐπὶ
1158 1123 1236 1192 τῷ
1270 1127 1687 1197 χρυσορῤήμονι
1735 1129 1849 1182 Πα-

278 1205 371 1276 τρί
392 1222 406 1236 ο
436 1205 495 1257 ὃν
526 1210 620 1261 καὶ
651 1210 848 1280 νεκρὸν
878 1212 970 1264 ἐπὶ
1021 1213 1158 1267 πολύ
1197 1214 1347 1279 ὄντα,
1388 1216 1482 1268 ἐπὶ
1522 1218 1615 1270 τὸν
1659 1218 1851 1287 θρόνον

282 1297 548 1353 ἐκάθισαν
570 1316 583 1331 ·
614 1301 711 1353 καὶ
739 1301 819 1365 ὃς,
843 1303 999 1369 φασὶ,
1023 1305 1208 1375 χάριτι
1232 1307 1353 1379 θείᾳ
1372 1307 1560 1378 διᾶραι
1584 1309 1653 1362 τὰ
1670 1309 1850 1380 χείλη,

279 1390 378 1441 καὶ
406 1390 490 1453 τὸ,
532 1408 551 1442 t
589 1392 795 1463 Εἰρήνη
822 1394 977 1464 ὑμῖν,
1008 1412 1031 1446 ‘3
1068 1397 1265 1452 εἰπεῖν.
1314 1398 1433 1455 Νῦν
1479 1400 1536 1454 δὲ
1589 1402 1692 1454 οὐκ
1754 1397 1853 1454 οἷδ’

280 1482 431 1545 ὅπως
464 1483 626 1537 τοῦτο
652 1487 1181 1558 καταπεφρόνηται·
1216 1491 1396 1544 καίτοι
1431 1507 1495 1559 γε
1522 1492 1616 1545 τοῦ
1635 1510 1699 1545 τε
1733 1493 1858 1562 θρό-

283 1591 379 1630 νου
405 1575 578 1640 ὄντος,
628 1578 724 1633 καὶ
762 1580 864 1649 τῆς
902 1582 1202 1652 σφραγῖδος
1240 1583 1450 1639 ἀνωθεν
1497 1584 1853 1655 τελουμένης,

284 1667 383 1721 καὶ
414 1668 514 1737 τῆς
548 1670 706 1738 ἱερᾶς
753 1670 1052 1742 γινομένης
1084 1675 1385 1745 καθέδρας,
1426 1677 1524 1731 καὶ
1555 1677 1709 1748 παρὰ
1757 1676 1854 1731 τοῦ

288 1758 595 1829 ἀρχιερέως
624 1760 740 1825 τοῦ,
809 1779 829 1813 ι
868 1762 1073 1833 Εἰρήνη
1125 1767 1283 1831 πᾶσι,
1328 1783 1348 1818 3
1384 1766 1705 1837 λεγομένου,
1758 1767 1857 1823 καὶ

1273 386 1372 447 ΒΕ
1403 387 1675 451 SACBIS
1700 389 2417 457 ,ORDINATIONIBUS.

1875 501 1923 558 Δ

3424 396 3529 457 446

2479 503 2708 563 CAPUT
2740 504 3020 563 CCXXXI.

1961 619 2042 676 De
2066 620 2260 693 difinis
2307 623 2605 693 et_magnis
2654 623 2935 693 antistilius
2972 622 3125 693 Petro
3171 620 3531 676 Alexandrino

2038 699 2088 746 et
2115 689 2324 762 Joanne
2353 689 2731 762 Chry'sostomo
2755 692 2817 746 C.
2845 692 2958 746 Pol.
2983 692 3120 759 quod
3144 694 3337 745 mortui
3369 700 3530 746 etiam

2037 763 2093 816 in
2127 761 2319 815 throno
2340 763 2447 815 sire
2470 761 2731 815 cathedra
2762 780 2858 815 sua
2896 762 3141 816 collocati
3175 772 3293 815 sunt
3319 774 3533 831 propter

2038 847 2225 901 pacem
2256 832 2486 902 pristino
2524 849 2668 886 more
2694 836 2759 885 ab
2787 833 2894 886 illis
2922 832 3307 901 accipiendam.

2031 945 2150 1000 Hoc
2180 954 2329 999 certe
2365 943 2562 998 accidit
2607 944 2953 999 Alexandria:
2995 945 3047 998 in
3086 944 3271 998 divino
3308 944 3401 998 illo
3424 943 3529 997 Ρο-

1961 1042 2050 1088 tro
2093 1045 2217 1104 post
2250 1034 2371 1103 ejus
2414 1034 2616 1089 caedem
2653 1050 2670 1100 ;
2701 1043 2755 1089 et
2791 1035 2843 1087 in
2878 1035 3014 1088 urbe
3043 1035 3186 1103 regia
3228 1046 3281 1088 et
3327 1032 3526 1087 Christi

1964 1133 2183 1180 amante
2214 1123 2267 1178 in
2307 1121 2469 1178 Patre
2497 1132 2690 1179 sancto
2721 1123 3134 1193 Chrysostomo,
3171 1140 3332 1193 quem
3370 1125 3533 1193 longo

1960 1226 2087 1288 post
2120 1225 2349 1273 mortem
2406 1225 2652 1289 tempore
2685 1215 2738 1270 in
2771 1216 3026 1270 thronum
3087 1232 3245 1271 suum
3289 1216 3530 1271 colloca-

1959 1315 2112 1371 runt,
2157 1307 2363 1375 quique
2395 1313 2533 1368 tum,
2583 1314 2641 1359 ut
2674 1307 2885 1372 dicunt,
2923 1307 3106 1361 divlns
3166 1307 3342 1374 gratia
3407 1320 3534 1375 ape-

1961 1394 2075 1451 ruit
2108 1394 2269 1458 labia,
2309 1404 2362 1449 et
2397 1394 2529 1449 illud
2557 1412 2570 1448 :
2602 1393 2714 1448 Pax
2750 1398 2927 1460 vobis,
2960 1398 3348 1466 pronuntiavit.
3382 1395 3537 1451 Nunc

1962 1495 2143 1541 autem
2198 1487 2386 1543 nescio
2429 1488 2703 1555 quomodo
2755 1487 2855 1542 hoc
2907 1488 3296 1551 contemnitur,
3338 1502 3536 1556 quamn

1962 1577 2047 1632 vis
2094 1577 2328 1633 thronus
2369 1578 2533 1644 adsit,
2590 1587 2641 1633 et
2677 1579 2890 1647 signum
2948 1579 3128 1631 erucis
3147 1579 3380 1646 desuper
3408 1591 3539 1632 con-

1963 1667 2198 1733 ﬁciatur,
2229 1675 2285 1724 et
2312 1681 2470 1724 sacra
2504 1668 2762 1724 cathedra
2804 1667 3090 1733 subsistat,
3118 1667 3535 1737 pronuntietur-

1965 1776 2071 1831 que
2100 1760 2171 1819 ab
2202 1763 2487 1831 episcopo,
2519 1777 2539 1811 ι
2571 1760 2684 1815 Pax
2711 1757 2885 1823 vobis,
2919 1779 2936 1812 3
2978 1758 3243 1829 priusque
3272 1759 3539 1814 diaconus

283 1848 381 1906 τοῦ
403 1852 653 1906 διακόνου
686 1853 956 1925 πρότερον
982 1854 1064 1921 τὸ,
1099 1874 1119 1908 ι
1145 1857 1537 1928 Πρόσσχωμεν,
1570 1879 1589 1913 3
1620 1860 1856 1916 ἐκϐοῶν-

1970 1854 2240 1917 inclamet,
2278 1871 2297 1905 t
2338 1853 2724 1907 Attendamus.
2767 1868 2786 1903 3
2836 1850 3028 1906 Nullus
3074 1861 3254 1905 tamen
3320 1851 3385 1905 ad
3437 1852 3541 1906 hoc

283 1958 400 2003 τος.
439 1940 582 1995 Ἀλλ’
603 1942 779 2007 οὐδεὶς
809 1945 901 1997 ἐπὶ
932 1945 1109 2014 τούτῳ
1139 1947 1442 2016 φροντίζει,
1474 1950 1596 2003 οὐδὲ
1622 1952 1857 2007 ἀκοῦσαι

288 2031 466 2099 ποθεῖ,
492 2033 613 2088 οὐδὲ
642 2035 952 2106 ἀντιφωνεῖ,
992 2055 1015 2091 ι
1066 2037 1177 2092 Kal
1222 2038 1298 2108 τῷ
1363 2040 1637 2109 πνεύματί
1680 2060 1792 2098 σου.
1831 2061 1852 2096 3

290 2124 487 2179 Καίτοι
518 2142 582 2195 γε
611 2127 916 2198 Γρηγόριος
943 2129 976 2199 ή
1032 2128 1283 2197 θεολόγος
1334 2135 1488 2202 φωνὴ
1517 2135 1621 2206 ἐρᾷ
1667 2152 1729 2190 τε
1761 2137 1859 2191 καὶ

293 2218 544 2271 ιπιποθεῖ
565 2219 666 2289 τὴν
688 2220 848 2290 φίλην
878 2221 1128 2291 εἰρήνην,
1156 2224 1254 2276 καὶ
1274 2223 1450 2290 γλυκὺ
1492 2227 1589 2278 καὶ
1622 2228 1858 2297 πρᾶγμα

293 2309 386 2361 καὶ
405 2306 576 2379 ὄνομα
609 2309 815 2380 ταύτην
846 2311 1039 2374 καλεῖ,
1067 2311 1160 2365 καὶ
1209 2314 1393 2367 δοῦναι
1427 2315 1527 2368 καὶ
1553 2316 1860 2371 ἀντιλαϐεῖν

291 2401 457 2471 εὐχῆς
478 2405 738 2456 ποιεῖται.
764 2403 912 2457 Ἀλλ’
952 2404 1027 2468 ὡς
1061 2405 1206 2458 ἔοικε
1235 2407 1316 2474 τῷ
1355 2408 1561 2475 μικρὰν
1592 2406 1733 2463 εἶναι
1761 2411 1861 2478 τὴν

293 2493 475 2562 φωνὴν
513 2494 849 2564 ἀγνοηθῆναι
896 2497 995 2565 τὴν
1024 2497 1093 2550 τά
1129 2496 1365 2567 μέγιστα
1392 2498 1731 2568 δυναμένην,
1767 2500 1864 2555 καὶ

288 2585 426 2654 πρὸς
463 2583 582 2646 ἔθος
614 2584 792 2637 ἐλθεῖν
826 2584 920 2637 τοῦ
960 2586 1093 2653 μηδὲ
1122 2586 1477 2641 αἰσθάνεσθαι
1505 2586 1740 2656 ταύτης,
1770 2591 1864 2644 καὶ

289 2675 388 2727 τδν
419 2677 670 2731 διάκονον
717 2675 793 2737 ὼς
827 2675 953 2743 εἰκῆ
1009 2674 1190 2742 λέγειν
1222 2677 1304 2740 τὸ,
1341 2699 1359 2729 ι
1397 2678 1794 2748 Πρόσσχωμεν,
1831 2699 1852 2733 3

291 2766 395 2818 καὶ
421 2765 513 2817 τὸν
549 2765 814 2835 ἀρχιερέα
846 2765 902 2817 δὲ
936 2767 1060 2819 καθ’
1092 2767 1290 2821 ἑαυτὸν
1313 2770 1405 2821 καὶ
1425 2771 1729 2839 ἀνειμένως
1747 2790 1865 2837 πως

293 2859 391 2915 καὶ
425 2859 524 2912 οὐκ
549 2860 606 2911 ἐν
630 2859 874 2930 φροντίδι
907 2860 988 2920 τὸ.
1028 2879 1046 2913 ι
1091 2861 1297 2931 Εἰρήνη
1330 2865 1489 2930 πᾶσι,
1527 2882 1551 2916 3
1580 2865 1797 2933 λέγειν,
1829 2866 1864 2937 ἢ

289 2948 376 3012 τδ,
428 2967 447 3001 ‹
484 2949 688 3019 Εἰρήνη
742 2949 890 3018 ὑμῖν.
935 2970 955 3004 3
1004 2952 1169 3007 Ἀλλὰ
1222 2957 1582 3023 προσεκτέον,
1634 2957 1732 3013 καὶ
1791 2957 1867 3011 τά

290 3038 709 3109 παραδεδομένα
738 3039 1068 3107 φυλακτέον,
1100 3044 1196 3096 καὶ
1233 3043 1440 3111 μᾶλλον
1475 3045 1545 3100 τά
1575 3046 1727 3117 παρά
1766 3045 1865 3100 τοῦ

291 3128 557 3198 Χριστοῦ,
594 3132 649 3195 ὃς
681 3132 832 3186 ἐστιν
860 3133 892 3201 ή
921 3132 1119 3203 εἰρήνη
1152 3133 1337 3204 ἡμῶν,
1373 3129 1545 3207 οἳπερ
1580 3137 1683 3207 τὴν
1715 3138 1868 3208 εἰρή-

292 3240 391 3292 νην
425 3224 520 3276 καὶ
577 3224 778 3293 Πέτρος
808 3225 939 3296 ήμῖν
989 3223 1239 3295 εὐχεται,
1286 3228 1381 3281 καὶ
1416 3228 1625 3292 Παῦλος
1660 3246 1866 3285 παντα-

294 3316 419 3384 χοῦ,
452 3316 547 3369 καὶ
574 3316 685 3370 τῶν
719 3317 981 3387 μαθητῶν
1015 3317 1277 3373 ἁπάντων
1309 3321 1403 3374 καὶ
1455 3320 1648 3388 ἱερέων
1692 3323 1742 3377 οἰ
1777 3339 1869 3391 κο-

293 3407 404 3477 ροί.
441 3409 546 3463 Kal
591 3409 944 3478 προσεκτέον,
972 3412 1181 3481 μήποτε
1216 3410 1465 3482 ῥᾳθυμίᾳ
1505 3412 1536 3482 ἢ
1592 3430 1866 3485 καταφρο-

291 3499 450 3566 νήσει
476 3500 569 3553 τοῦ
595 3498 794 3568 δώρου,
816 3499 850 3570 ἢ
874 3501 1068 3572 ἀγνοίᾳ
1095 3502 1198 3570 τῆς
1223 3502 1489 3573 μεγίστης
1521 3505 1868 3575 εὐεργεσίας,

296 3591 336 3664 ἦ
381 3591 473 3644 καὶ
505 3590 741 3662 ἐπηρείᾳ
787 3590 1011 3663 ἐχθροῦ,
1047 3592 1149 3661 τῆς
1197 3594 1412 3658 ἑννοίας
1458 3596 1555 3650 καὶ
1588 3594 1871 3668 ζητήσεως

296 3684 535 3754 ἀπάγειν
560 3685 709 3754 ἡμᾶς
734 3684 1067 3757 βουλομένου
1099 3684 1200 3754 τῆς
1225 3687 1450 3756 εἰρήνης
1505 3686 1581 3751 ῶς
1623 3686 1871 3757 ψυγῆναι

293 3777 400 3845 τὴν
427 3777 647 3845 ἀγάπην
681 3777 770 3831 ἀεὶ
793 3775 1105 3847 ζητοῦντος,
1146 3779 1238 3830 καὶ
1263 3777 1365 3847 τὴν
1391 3781 1448 3833 ὲν
1478 3777 1707 3851 Χριστῷ
1733 3777 1871 3833 ivro-

295 3882 405 3923 σιν.
437 3868 608 3921 Τοῦτο
632 3869 841 3935 γίνεται
888 3867 1020 3922 ὅθεν
1055 3870 1154 3924 καὶ
1206 3869 1572 3934 καθεσθέντος
1619 3871 1715 3925 ἐπὶ
1773 3871 1867 3926 τοῦ

298 3956 498 4025 θρόνου
530 3955 622 4011 τοῦ
654 3957 946 4028 ἰεράρχου,
982 3960 1183 4020 πάντες
1212 3958 1265 4017 οἰ
1291 3957 1385 4010 ὑπ’
1426 3960 1591 4014 αὐτὸν
1633 3958 1870 4032 ἱερωμέ-

296 4063 383 4102 νοι
414 4062 474 4097 τε
509 4050 602 4099 καὶ
630 4045 809 4100 λαῖκοὶ
852 4048 1057 4112 ἀτενῶς
1087 4048 1168 4110 εἰς
1201 4049 1366 4103 αὐτὸν
1402 4049 1478 4113 ὡς
1512 4053 1592 4115 εἰς
1620 4053 1712 4107 τὸν
1732 4052 1871 4124 Χρι-

299 4136 433 4192 στὸν
465 4139 524 4191 ἐν
550 4139 627 4209 τῷ
680 4140 897 4211 οὐρανῷ
950 4140 1264 4210 καθήμενον
1306 4141 1585 4213 ἱστάμενοι
1633 4144 1875 4215 καθορά-

297 4248 511 4286 τωσαν.
553 4234 664 4286 Kal
691 4218 786 4287 τοῦ
822 4232 1076 4287 διακόνου
1107 4232 1187 4298 τὸ,
1235 4251 1254 4285 ι
1297 4233 1696 4304 Πρόσσχωμεν,
1731 4254 1750 4288 3
1784 4236 1872 4292 λέο

296 4340 520 4393 γοντος,
553 4324 581 4376 ὁ
606 4322 709 4393 μὲν
733 4323 1054 4394 ἀρχιερεὺς,
1087 4323 1173 4388 τὸ,
1237 4342 1256 4376 ι
1296 4324 1509 4395 Εἰρήνη
1546 4328 1735 4394 πᾶσιν,
1775 4346 1794 4380 3
1841 4328 1877 4399 ἢ

297 4418 391 4482 τὸ,
432 4416 670 4486 (Εἰρήνη
705 4416 861 4484 ὑμῖν,
895 4434 914 4468 3
955 4415 1216 4485 ὲκφὼνως
1270 4416 1476 4485 λεγέτω
1498 4434 1513 4450 ο
1546 4419 1749 4485 πάντες
1797 4420 1874 4486 δὲ,

1959 1954 2197 2001 mentem
2253 1942 2506 2008 advertit,
2565 1956 2745 2012 neque
2772 1942 2964 1997 audire
3021 1941 3314 2007 desiderat,
3363 1954 3542 2010 neque

1959 2039 2293 2109 respondet:
2332 2055 2353 2091 ι
2390 2036 2457 2091 Et
2513 2052 2636 2091 cum
2671 2036 2868 2105 spiritu
2905 2044 3020 2089 tuo.
3052 2053 3098 2093 η
3145 2033 3215 2087 At
3245 2033 3542 2102 Gregorius

1960 2130 2270 2201 Theologus
2300 2143 2491 2184 vocem
2521 2135 2670 2184 amat
2696 2137 2752 2185 et
2780 2126 3082 2192 desiderat,
3131 2135 3399 2194 vocatque
3420 2140 3541 2180 eam

1961 2221 2217 2277 dilectam
2277 2235 2486 2291 pacem,
2559 2232 2781 2288 remque
2813 2226 2868 2274 et
2898 2232 3098 2273 nomen
3156 2216 3341 2281 dulce,
3376 2229 3541 2284 quam

1963 2313 2097 2368 dare
2123 2321 2178 2368 et
2210 2314 2489 2384 percipere
2527 2327 2625 2382 per
2652 2310 2960 2368 orationem
2990 2316 3277 2380 procurat.
3338 2306 3444 2364 Sed
3484 2315 3545 2361 ut

1960 2404 2244 2472 probabile
2274 2412 2381 2468 est,
2410 2403 2579 2458 dictio
2612 2403 2700 2457 illa
2735 2403 2972 2458 maxime
3012 2411 3206 2471 potens
3237 2408 3291 2455 et
3326 2399 3543 2466 eilicax,

1964 2508 2029 2548 eo
2059 2494 2206 2564 quod
2252 2495 2450 2564 exigua
2482 2495 2574 2557 sit,
2606 2494 2929 2563 ignoratur;
2966 2502 3020 2549 et
3045 2493 3283 2547 obtinuit
3312 2506 3547 2546 consue-

1966 2586 2119 2649 tudo,
2158 2595 2324 2640 utne
2376 2584 2598 2653 quidem
2653 2584 2933 2648 audiatur,
2992 2594 3057 2638 et
3098 2585 3391 2646 sentiatur,
3437 2582 3549 2636 fru-

1971 2685 2198 2745 straque
2222 2675 2370 2750 dicat
2403 2674 2671 2729 diaconus
2716 2672 2847 2727 illud
2881 2690 2896 2727 :
2940 2691 2958 2725 ι
2995 2671 3382 2736 Attendamus,
3408 2690 3428 2724 3
3490 2680 3549 2729 et

1967 2768 2263 2838 episcopus
2298 2767 2413 2838 ipse
2461 2766 2715 2836 languide
2775 2773 2830 2821 et
2897 2765 3113 2836 supine,
3166 2781 3273 2820 non
3361 2774 3547 2820 autem

1968 2875 2094 2917 cum
2128 2874 2264 2917 cura
2291 2867 2347 2915 et
2377 2858 2560 2917 studio
2610 2858 2929 2927 pronuntiet
2958 2858 3090 2911 illud
3116 2872 3136 2910 :
3165 2876 3184 2909 ι
3217 2857 3323 2911 Pax
3365 2857 3547 2913 omni-

1968 2954 2096 3021 bus,
2132 2972 2154 3006 3
2191 2954 2302 3019 vel,
2352 2970 2371 3004 ι
2402 2942 2513 3007 Pax
2548 2950 2730 3006 vobis.
2765 2967 2782 3000 3
2813 2948 2918 3005 Sed
2956 2949 3101 3005 serio
3133 2949 3219 3003 his
3250 2949 3546 3003 adverten-

1972 3047 2100 3102 dum
2140 3052 2249 3112 est,
2284 3053 2341 3101 et
2373 3059 2496 3114 qua:
2518 3043 2676 3099 nobis
2727 3042 2926 3097 tradita
2970 3048 3119 3105 sunt,
3144 3040 3546 3107 custodienda;

1971 3138 2275 3210 praesertim
2330 3152 2451 3208 quae
2485 3152 2517 3192 a
2573 3135 2814 3199 Christo,
2876 3135 2970 3202 qui
3030 3144 3114 3189 est
3169 3148 3271 3202 pax
3338 3140 3549 3208 nostra,

1972 3234 2132 3300 cujus
2167 3245 2356 3301 pacem
2392 3229 2587 3284 Petrus
2638 3227 2800 3282 nobis
2833 3226 3188 3294 imprccatnr,
3251 3233 3305 3278 et
3350 3222 3551 3292 ubique

1970 3322 2735 3392 Paulus,discipulorumque
2800 3318 3046 3372 omnium
3087 3325 3142 3370 et
3204 3314 3550 3372 sarertlotutn

1971 3417 2147 3473 ebori.
2186 3413 2589 3470 Attendendum
2630 3421 2812 3465 autem
2855 3419 2939 3465 est
2989 3424 3055 3464 ne
3098 3410 3203 3462 boc
3246 3410 3340 3464 liat
3381 3407 3552 3478 pigri-

1972 3506 2051 3563 tia
2079 3504 2314 3575 quadam
2381 3501 2785 3571 etsupinitate,
2843 3499 2923 3553 vel
2977 3498 3104 3553 doni
3163 3500 3436 3566 neglectu,
3469 3499 3552 3552 vel

1974 3595 2195 3651 maximi
2245 3594 2496 3650 benelicii
2560 3594 2891 3661 ignorantia,
2926 3592 3007 3644 vel
3060 3591 3265 3647 inimici
3301 3590 3555 3659 maligni-

1974 3695 2085 3743 tate
2114 3701 2215 3742 nos
2274 3701 2304 3739 a
2337 3685 2484 3753 pacis
2539 3685 2872 3755 cegitatiOne
2905 3694 2960 3738 et
3001 3684 3360 3752 Inquisitiune
3401 3699 3557 3737 aver-

1975 3787 2094 3839 tere.
2142 3778 2398 3840 volentis,
2429 3790 2757 3844 semperque
2790 3776 3091 3842 quaerentis
3143 3775 3468 3828 charitateut
3498 3783 3554 3827 et

1977 3872 2147 3927 nostri
2180 3885 2302 3924 cum
2356 3868 2577 3923 Christo
2633 3868 2887 3921 unionem
2957 3867 3276 3934 tepidiorem
3316 3875 3368 3918 et
3402 3864 3555 3932 trigi-

1975 3964 2179 4019 dioreut
2228 3963 2468 4016 reddere.
2505 3959 2641 4014 llinc
2690 3960 2888 4030 igitur,
2926 3959 3185 4031 episcopo
3246 3956 3468 4010 sedente
3502 3959 3554 4009 in

1975 4057 2199 4121 throno,
2238 4055 2331 4123 qui
2376 4053 2433 4119 ei,
2457 4054 2689 4108 subsunt
2723 4051 2918 4109 sacrati
2950 4062 3000 4107 et
3041 4050 3161 4105 laici
3197 4060 3401 4104 suautes
3439 4048 3558 4102 lixis

1975 4145 2151 4207 oculis
2210 4146 2264 4198 in
2297 4160 2422 4199 eum
2469 4145 2614 4198 velut
2655 4145 2709 4199 in
2737 4145 3015 4201 Christum
3050 4143 3190 4198 οιείο
3228 4142 3558 4197 insidentem

1978 4238 2314 4295 intueantur.
2347 4233 2413 4289 Et
2445 4251 2567 4289 cum
2624 4236 2901 4290 diaconus
2934 4234 3181 4305 profert:
3222 4253 3239 4284 ι
3284 4234 3549 4288 Attenda-

1980 4344 2124 4394 mus,
2154 4346 2173 4380 3
2201 4328 2493 4397 episcopus
2520 4327 2690 4392 dicat,
2709 4330 2815 4380 alta
2835 4341 2967 4381 voce
2993 4346 3007 4381 :
3039 4345 3056 4378 ι
3096 4326 3202 4379 Pax
3226 4325 3507 4387 oumibus,
3533 4342 3555 4381 ι

1982 4420 2089 4485 vel,
2126 4438 2144 4470 ι
2180 4418 2293 4474 Pax
2335 4419 2515 4483 vobis,
2549 4437 2569 4471 3
2631 4432 2821 4471 omnes
2876 4433 3009 4472 vero
3053 4419 3229 4485 capita
3287 4414 3560 4469 inclinan-

303 4525 324 4560 ι
373 4506 481 4559 Kal
518 4505 597 4576 τῷ
656 4505 942 4574 πνεύματί
1000 4524 1119 4570 σου,
1171 4525 1190 4559 3
1225 4507 1735 4578 ἀποκρινέσθωσαν,
1779 4511 1865 4573 τὰς

1985 4521 2066 4569 tes
2106 4509 2498 4578 respondeam,
2537 4524 2556 4558 ι
2600 4507 2665 4562 Ει
2697 4522 2819 4562 cum
2854 4507 3049 4575 spiritu
3082 4516 3194 4560 tuo.
3232 4523 3252 4553 3
3291 4503 3413 4556 llaec
3474 4513 3562 4558 est

301 4598 555 4668 κεφαλὰς
586 4598 987 4660 ὐπαλίνοντες.
1022 4598 1133 4651 Kal
1161 4596 1297 4668 αὕτη
1328 4600 1478 4655 ἐστὶν
1510 4600 1544 4670 ή
1586 4600 1726 4668 μετά
1744 4601 1883 4670 X9!-

1987 4601 2079 4657 illa
2123 4618 2227 4673 pax
2283 4617 2404 4672 quae
2442 4615 2545 4657 nos
2619 4599 2741 4654 unit
2794 4598 3015 4653 Christo
3069 4606 3123 4651 et
3183 4595 3387 4651 sanctis
3420 4595 3558 4661 ejus.

307 4688 437 4744 στοῦ
457 4687 672 4742 καὶτῶν
701 4689 874 4757 ἁγίων
895 4688 1061 4742 αὐτοῦ
1091 4688 1290 4752 ενωσίς
1309 4706 1367 4743 τε
1408 4693 1499 4743 καὶ
1532 4691 1746 4761 εἰρήνη.
1773 4695 1865 4749 Κα¹

1988 4692 2080 4749 Sic
2122 4694 2289 4764 igitur
2342 4691 2584 4761 episcopi
2656 4691 2759 4744 hoc
2835 4687 3253 4757 pronuntiantes
3312 4686 3561 4749 sedeant,

302 4781 482 4844 οὕτως
511 4782 561 4833 οἰ
595 4782 696 4851 μὲν
721 4782 1002 4854 ἀρχιερεῖς
1029 4779 1450 4847 καθεζέσθωσαν
1469 4797 1483 4812 ο
1527 4782 1578 4836 οί
1619 4782 1799 4840 λοιποὶ
1824 4784 1865 4843 δί

1984 4794 2133 4847 stent
2169 4798 2301 4841 vero
2329 4781 2521 4853 reliqui
2558 4781 2749 4836 ordine
2789 4796 2913 4838 suo.

303 4873 454 4930 κατὰ
482 4872 581 4942 τὴν
604 4872 759 4940 τάξιν
794 4871 1174 4942 στηκέτωσαν.

866 4986 1120 5042 ΚΕΦΑΛ.
1154 4985 1318 5040 ΣΛΒ.

594 5077 735 5147 Περί
779 5078 1180 5147 ἐνθρονισμοῦ
1209 5078 1600 5148 πατριάρχου.

391 5169 456 5223 Ὀ
485 5170 544 5226 δὲ
571 5171 666 5224 τοῦ
721 5171 1068 5243 πατριάρχου
1124 5169 1484 5241 ἔνθρονισμὸς
1530 5173 1740 5240 γίνεται
1791 5171 1885 5226 οὖ-

308 5277 457 5326 τωςο
495 5263 558 5315 Ei
621 5260 916 5332 ἀρχιερεύς
971 5263 1085 5317 ἐστι
1141 5265 1679 5332 κεχειροτονημένος,
1726 5265 1893 5335 172*

313 5354 456 5427 μετά
483 5354 584 5424 τὴν
616 5354 923 5425 πρόϐλησιν
984 5352 1378 5423 παραγεγονὼς
1434 5357 1512 5417 εἰς
1556 5357 1647 5409 τὸν
1709 5357 1884 5424 μέγαν

308 5450 411 5517 τῆς
432 5446 569 5503 Θεοῦ
605 5449 805 5514 Σοφίας
832 5448 961 5502 ναὸν
999 5450 1093 5500 καί
1122 5449 1599 5520 προσευξάμενος,
1632 5453 1729 5504 καὶ
1787 5451 1883 5507 τοῦ

315 5538 666 5610 μνημοσύνου
699 5541 1015 5608 γινομένου,
1041 5539 1114 5602 ὡς
1147 5540 1387 5608 εἴρηται,
1420 5542 1621 5607 ἄνεισι,
1662 5542 1880 5612 καὶτῆς

310 5631 513 5700 κυρίας
541 5630 867 5700 ἔπιστάσης,
914 5632 1133 5686 πάντων
1193 5632 1696 5701 συνηθροισμένων,
1754 5633 1884 5685 κάτ-

315 5736 443 5779 εισι.
484 5722 595 5776 Καὶ
624 5722 690 5776 τὰ
717 5721 1086 5792 ἀρχιερατικὰ
1108 5723 1249 5792 μετὰ
1279 5721 1373 5776 τοῦ
1431 5722 1638 5775 σάκκου
1692 5724 1879 5775 ἐνδύε-

314 5828 426 5870 ταιο
461 5815 555 5870 καὶ
604 5817 700 5887 τῆς
739 5815 1081 5887 λειτουργίας
1114 5815 1443 5887 ἀπάρχεται,
1475 5815 1616 5873 κατὰ
1645 5815 1705 5871 τὸ
1758 5816 1881 5883 ἔθος

2480 4975 2709 5033 CAPUT
2760 4973 3063 5033 CCXXXII.

2344 5068 2423 5123 De
2458 5069 2815 5124 entltronismo
2859 5067 3209 5123 Patriarchat.

2060 5160 2396 5216 Patriarclue
2421 5171 2601 5215 autem
2634 5159 3072 5224 entbronismus,
3109 5142 3232 5214 sive
3265 5160 3316 5211 in
3379 5159 3566 5212 catheq

1984 5259 2139 5311 dram
2199 5251 2490 5307 collocatio
2525 5251 2585 5306 ﬁt
2647 5251 2751 5306 hoc
2791 5251 2974 5305 modo.
3009 5250 3064 5303 Si
3098 5250 3388 5318 episcOpus
3419 5248 3564 5303 ordia

1986 5358 2148 5401 natus
2173 5355 2280 5408 εει,
2321 5352 2441 5412 post
2472 5344 2870 5412 promotiouem
2928 5328 3140 5396 accedit
3192 5341 3259 5393 ad
3308 5355 3563 5406 magnum

1986 5435 2282 5505 Sapientiae
2328 5434 2421 5487 Dei
2458 5435 2743 5500 templum,
2773 5431 2955 5501 ibique
2984 5440 3258 5499 precatus,
3289 5440 3340 5481 et
3372 5444 3566 5483 monu-

1985 5537 2195 5589 mento,
2227 5535 2287 5580 ut
2322 5525 2529 5581 dictum
2581 5532 2687 5588 est,
2759 5522 2907 5577 facto
2968 5520 3193 5576 recedit.
3241 5518 3335 5575 Die
3382 5529 3564 5573 autent

1985 5620 2131 5674 dicta
2186 5619 2429 5674 instante
2493 5615 2755 5675 omnibus
2814 5615 3158 5683 congregatis
3224 5611 3458 5676 accedit,
3509 5618 3572 5667 et

1985 5720 2304 5767 ornamenta
2363 5709 2690 5783 episcopalis
2746 5724 2871 5763 cum
2942 5722 3100 5762 sacco
3168 5704 3435 5770 induitur,
3508 5712 3566 5761 et

1988 5806 2210 5864 missam
2262 5802 2474 5881 incipit,
2514 5801 2877 5878 metropolitis
2926 5814 3051 5859 eum
3103 5799 3171 5859 de
3202 5812 3351 5860 more
3401 5812 3567 5859 vetth
