4126 6268
477 353 582 416 447

1229 352 1619 414 SYMEONIS
1647 351 2414 415 THESSALONICENSIS
2449 355 2807 419 ARCHIEP.

3635 351 3740 413 4i8

401 538 407 544 η
478 466 748 528 rantibus,
810 475 864 520 et
903 465 955 519 in
1005 465 1126 519 loco
1183 475 1446 520 consueto
1513 479 1701 520 sacras
1763 463 1934 519 stolas
1974 479 2062 517 vc-

2180 464 2279 516 τῶν
2313 468 2733 538 μητροπολιτῶν
2761 468 3235 539 προσκυνούντων,
3271 468 3365 520 καὶ
3400 468 3455 520 ἐν
3481 467 3560 536 τῷ
3615 484 3742 523 συν·

475 558 790 625 sﬁentibus,
821 558 913 626 qui
957 567 1143 627 postea
1197 557 1252 611 in
1297 567 1540 626 tempore
1578 557 1841 611 Introitus
1877 553 2058 608 missre

475 651 832 702 advocamur.
867 645 1098 701 lntroitu
1153 647 1295 702 facto
1329 645 1505 701 fausta
1544 645 1868 700 acclamatio
1917 642 2056 698 infe-

476 747 594 798 rius
647 758 756 798 non
790 745 872 807 tit,
911 744 1004 818 sed
1061 746 1112 799 in
1161 747 1492 817 synthrono,
1527 745 1676 800 velut
1730 745 1783 799 in
1815 745 2058 814 episcopi

476 837 842 892 ordinatione.
883 837 1132 909 Trisagio
1172 839 1468 894 decantato
1524 848 1589 894 et.
1617 839 1871 894 oratione
1909 839 2058 894 ﬁnita

477 929 622 984 cerei
655 930 968 996 traduntur,
1008 939 1062 986 et
1111 932 1333 1000 plurimi
1389 933 1770 987 accenduntur
1837 941 2063 1003 propter

423 1081 428 1085 λ
479 1020 715 1090 Spiritus
759 1023 989 1092 gratiam
1021 1023 1454 1094 significandam,
1493 1041 1614 1094 qua:
1663 1034 1778 1079 tum
1834 1025 1888 1078 in
1949 1025 2064 1094 epi-

478 1128 654 1182 scopo
694 1114 986 1169 innovatur
1037 1115 1104 1170 ad
1157 1117 1409 1171 Ecclesire
1478 1117 1761 1172 catholicae
1832 1117 2064 1172 admini-

479 1207 798 1261 strationem
875 1207 1274 1277 suscipiendam
1333 1219 1387 1262 et
1468 1208 1888 1279 aggrediendam
1969 1227 2066 1279 per

481 1297 652 1362 ipsius
683 1298 736 1351 in
763 1299 950 1353 divino
979 1301 1176 1355 throno
1209 1301 1580 1368 patriarchico
1616 1302 2061 1356 collocationem.

479 1387 998 1444 Credeudumenim
1032 1401 1116 1446 est
1153 1395 1383 1460 gratiam
1431 1393 1802 1448 abundantius
1855 1404 1909 1449 et
1941 1409 2067 1464 pro-

481 1478 657 1532 fusius
690 1479 743 1531 in
776 1495 898 1533 eum
935 1481 1211 1545 advenire,
1245 1490 1303 1535 ut
1349 1482 1744 1538 corroboretur
1788 1484 1854 1537 ad
1890 1484 2067 1554 majus

481 1568 722 1621 divinum
753 1584 890 1638 opus
930 1579 984 1623 et
1025 1571 1388 1626 ministerium
1423 1588 1521 1642 pro
1571 1575 1826 1629 omnibus
1880 1573 2069 1630 Eccle-

483 1659 581 1712 siis
621 1660 991 1717 subeumlum.
1036 1662 1170 1717 Nam
1255 1665 1555 1719 secundum
1645 1668 2060 1737 proportionem

485 1750 772 1805 ministerii
813 1753 1149 1815 demandati,
1179 1757 1352 1825 major
1385 1758 1681 1828 unicuique
1711 1759 2066 1824 illuminatio,

484 1849 539 1893 et
589 1843 784 1907 gratia,
817 1852 870 1896 et
920 1845 1094 1899 virtus
1131 1863 1159 1898 a
1196 1847 1306 1902 Deo
1335 1852 1759 1918 suppeditatur:
1792 1871 1809 1903 ι
1853 1851 2067 1907 Haben--

486 1941 594 1994 tes,
631 1933 831 2002 inquit,
865 1936 1196 1994 donationes
1227 1939 1544 1998 differentes
1589 1943 1892 1998 secundum
1939 1958 2066 2014 gra-

488 2022 620 2076 tiam
683 2025 840 2079 nobis
875 2026 1082 2089 datam,
1151 2030 1267 2084 sive
1334 2033 1676 2100 prOphetiam
1764 2034 2064 2087 secundum

484 2117 754 2172 rationem
795 2119 947 2183 ﬁdei,
980 2121 1094 2175 sive
1123 2121 1512 2191 ministerium,
1537 2124 1590 2178 in
1625 2125 1990 2181 ministrando
2012 2143 2062 2194 3i

485 2209 694 2278 reliqua
732 2211 958 2280 insuper
1009 2224 1299 2267 enumerat
1335 2216 1653 2285 Apostolus.

559 2302 826 2358 Caeterum
891 2307 1201 2374 patriarcha
1236 2307 1363 2364 licet
1398 2311 1714 2381 episcopus,
1758 2314 2066 2370 secundum

487 2403 673 2450 tamen
711 2398 1074 2454 ministerium
1126 2418 1238 2470 quo
1294 2401 1544 2474 fungitur
1579 2408 1843 2476 majorem
1875 2411 2072 2480 accipit

487 2493 736 2560 gratiam,
794 2497 1035 2551 maxime
1061 2513 1183 2553 cum
1244 2501 1298 2555 in
1359 2501 1628 2570 dignitate
1657 2503 1749 2556 illa
1781 2507 2070 2560 constitui-

486 2594 598 2637 tur.
636 2585 759 2639 ldeo
796 2587 1180 2644 accenduntur
1217 2590 1536 2657 luminaria,
1578 2592 1835 2646 omnibus
1873 2595 2072 2648 stanti-

412 2726 414 2728 ,
486 2680 589 2732 bus
648 2683 949 2734 secundum
1011 2683 1260 2737 ordinem
1315 2699 1474 2738 suum
1530 2685 1583 2739 in
1637 2687 1899 2756 gradibus
1932 2687 2070 2752 suis,

486 2768 707 2840 duoque
750 2774 910 2842 primi
966 2775 1208 2843 episcopi
1244 2775 1537 2844 prodeunt,
1572 2787 1625 2831 et
1670 2778 1902 2832 electum
1932 2779 2075 2834 acci-

490 2865 647 2933 piunt
690 2880 753 2920 ex
791 2875 1028 2936 utroque
1089 2867 1283 2932 latere,
1310 2878 1363 2922 et
1401 2867 1454 2920 in
1509 2867 1753 2936 divinum
1812 2869 2070 2924 thronum

487 2960 783 3027 collocant,
845 2963 1266 3031 exclamantque
1335 2962 1491 3029 illud,
1552 2983 1566 3014 ι
1608 2961 1830 3032 Dignus,
1872 2982 1889 3015 ι
1928 2964 2071 3033 quod

487 3064 674 3122 postea
711 3061 792 3106 ter
841 3064 1095 3107 cantatur
1126 3053 1195 3107 ab
1249 3053 1504 3109 onmibus
1535 3055 1708 3108 sacris
1761 3053 2074 3110 hominibus

2163 555 2285 625 ήθει
2315 559 2469 628 τόπῳ
2514 559 2613 622 τὰς
2653 560 2804 630 ἱεράς
2859 558 3338 629 περιϐαλλομένων
3372 557 3587 620 στολάς,
3649 558 3746 610 καὶ

2162 651 2675 721 προσκαλουμένων
2715 651 2966 720 συνήθως
2999 651 3057 705 ὲν
3090 650 3169 721 τῷ
3219 652 3400 719 καιρῷ
3450 650 3551 718 τῆς
3596 650 3745 704 εἰσό-

2162 741 2276 795 δου.
2313 741 2462 794 Μετὰ
2485 743 2582 812 τὴν
2612 743 2822 797 εἴσοδον
2851 744 2908 797 δὲ
2951 745 2983 814 ἡ
3048 746 3204 814 φήμη
3235 745 3387 798 κάτω
3415 743 3478 796 ού
3511 743 3744 811 γίνεται,

2164 833 2279 886 ἀλλ’
2309 833 2385 898 ὡς
2410 836 2467 888 ἐν
2493 836 2804 908 ἀρχιερέως
2837 837 3166 908 χειροτονίᾳ,
3197 839 3256 890 ὲν
3312 835 3390 907 τῷ
3447 838 3744 906 συνθρόνῳ.

2165 928 2321 981 Μετὰ
2348 929 2457 999 γὰρ
2485 929 2546 982 τὸ
2580 931 2878 1005 Τρισάγιον
2951 932 3045 983 καὶ
3071 931 3170 998 τὴν
3203 931 3398 1000 εὐχὴν,
3451 930 3750 1000 κηροδοσία

2165 1022 2402 1088 γίνεται,
2433 1022 2834 1093 ἀναπτομένων
2860 1023 3056 1092 φώτων
3078 1023 3292 1077 πολλῶν
3321 1024 3410 1077 διὰ
3453 1024 3552 1094 τὴν
3584 1024 3747 1093 χάριν

2168 1113 2265 1166 τοῦ
2301 1117 2648 1181 Πνεῦματος,
2700 1115 3166 1185 ὲγκαινιζομένην
3215 1114 3293 1183 τῷ
3333 1115 3562 1186 ἰεράρχῃ
3613 1115 3750 1184 πρὸς

2167 1205 2270 1275 τὴν
2303 1206 2401 1273 τῆς
2457 1207 2756 1276 καθολικῆς
2801 1207 3133 1277 Ἐκκλησίας
3172 1207 3488 1276 οἰκονομίαν
3532 1224 3592 1258 τε
3655 1208 3752 1260 καὶ

2169 1296 2492 1366 ἐγχείρησιν
2523 1298 2609 1350 διὰ
2635 1300 2732 1369 τῆς
2761 1299 2820 1350 ἐν
2841 1298 2919 1367 τῷ
2953 1299 3083 1366 θείῳ
3137 1298 3313 1368 θρόνῳ
3366 1300 3443 1367 τῷ
3480 1315 3752 1370 πατριάρ-

2170 1387 2313 1457 χικῷ
2351 1389 2507 1456 ἱερᾶς
2557 1389 2956 1461 καθιδρύσεως.
3002 1391 3325 1461 Ἐπιφοιτᾷν
3377 1392 3486 1463 γὰρ
3530 1393 3751 1462 δαψιλέ-

2172 1498 2365 1548 στερον
2417 1481 2567 1552 αύτῷ
2626 1483 2966 1548 πιστευτέον,
3010 1485 3086 1546 ὼς
3154 1485 3429 1554 ἐνισχύειν
3499 1487 3636 1556 πρὸς
3695 1486 3755 1538 τὸ

2175 1571 2364 1642 μεῖζον
2391 1573 2532 1640 ὑπὲρ
2563 1575 2758 1627 πασῶν
2782 1574 2893 1627 τῶν
2924 1576 3236 1644 ἐκκλησιῶν
3271 1575 3453 1630 ἔνθεον
3479 1577 3641 1647 ἔργον
3662 1579 3756 1632 καὶ

2175 1666 2556 1740 ὑπηρέτημα·
2614 1667 2698 1719 ὅτι
2751 1668 2849 1721 καὶ
2899 1667 3168 1739 ἔλλαμψις
3211 1669 3414 1736 μείζων
3447 1671 3542 1722 καὶ
3595 1670 3754 1739 χάρις

2173 1758 2268 1810 καὶ
2295 1758 2530 1828 δύναμις
2555 1758 2701 1816 κατά
2729 1760 2827 1826 τὴν
2858 1759 3156 1828 ἀναλογίαν
3187 1760 3285 1829 τῆς
3318 1760 3594 1821 διακονίας
3625 1761 3755 1814 ἐκά-

2174 1869 2284 1918 στῳ
2345 1853 2684 1921 χορηγεῖται.
2727 1870 2744 1902 ι
2778 1852 3037 1920 Ἔχοντες
3089 1853 3185 1916 δὲ,
3218 1854 3382 1922 φησι,
3437 1854 3755 1923 χαρίσματα

2172 1944 2318 1996 κατά
2369 1945 2471 2013 τὴν
2519 1944 2682 2013 χάριν
2719 1943 2817 2014 τήν
2871 1944 3123 1998 δοθεῖσαν
3185 1945 3318 2014 ἡμῖν
3351 1945 3610 2015 διάφορα,
3645 1946 3756 1999 εἴτε

2173 2035 2519 2103 προφητείαν
2594 2037 2736 2090 κατὰ
2797 2036 2897 2104 τὴν
2947 2036 3244 2103 ἀναλογίαν
3309 2037 3410 2104 τῆς
3474 2040 3754 2101 πίστεως,

2172 2128 2283 2180 εἴτε
2317 2125 2598 2180 διακονίαν
2627 2127 2685 2178 ἐν
2711 2129 2777 2198 τῇ
2811 2126 3082 2198 διακονίᾳ,
3113 2146 3131 2179 ι
3167 2127 3263 2181 καὶ
3293 2127 3460 2181 λοιπά
3493 2128 3758 2182 ἔτικατα-

2170 2222 2343 2290 λέγει.

2246 2313 2452 2368 Λοιπὸν
2479 2316 2507 2367 ὁ
2541 2314 2892 2385 πατριάρχης
2936 2315 2982 2366 εἰ
3011 2317 3107 2368 καί
3158 2314 3481 2382 ἐπίσκοπος,
3526 2316 3642 2369 ἀλλ’
3667 2314 3762 2372 οὖν

2175 2406 2319 2460 κατὰ
2348 2405 2449 2476 τὴν
2483 2405 2764 2460 διακονίαν
2789 2408 2887 2459 καὶ
2919 2404 3091 2476 μείζω
3120 2406 3387 2476 λαμϐάνει
3443 2409 3624 2478 χάριν,
3665 2412 3760 2464 καὶ

2181 2498 2385 2570 μᾶλλον
2413 2501 2472 2552 ἐν
2511 2499 2589 2567 τῷ
2614 2499 3116 2554 ἀποκαθίστασθαι.
3158 2499 3321 2553 Ὅθεν
3373 2502 3470 2555 καὶ
3517 2501 3762 2556 ἀναπτοο

2177 2592 2356 2662 μένων
2379 2591 2489 2644 τῶν
2517 2589 2734 2660 φώτων,
2769 2591 2992 2644 πάντων
3026 2592 3337 2659 ἱσταμένων
3370 2595 3428 2646 ὲν
3460 2596 3582 2656 ταῖς
3626 2595 3763 2664 suo.

2178 2685 2299 2752 μίσι
2331 2683 2478 2737 κατὰ
2505 2683 2606 2753 τὴν
2648 2683 2826 2749 τάξιν,
2852 2684 2958 2737 ὑπὸ
2979 2683 3074 2738 δύο
3129 2684 3240 2736 τῶν
3282 2685 3519 2754 πρώτων
3574 2687 3764 2755 ἀρχιε-

2181 2779 2326 2849 ρέων
2361 2776 2814 2846 ὲγκαθιδρύεται,
2853 2774 3249 2844 λαμϐανόντων
3288 2777 3454 2830 αὑτὸν
3489 2779 3768 2848 ἑκατέρω-

2176 2870 2290 2935 Οεν,
2318 2872 2412 2924 καὶ
2430 2869 2508 2942 τῷ
2525 2871 2654 2938 θείῳ
2672 2870 2847 2941 θρόνῳ
2871 2869 3298 2938 ἐγκαθιζόντων,
3329 2871 3422 2924 καὶ
3441 2871 3764 2925 ἑκϐοὼντων

2175 2963 2238 3015 τὸ
2271 2965 2492 3032 Ἄξιος.
2538 2966 2604 3019 Ὃ
2636 2964 2700 3034 δὴ
2726 2965 2823 3017 καὶ
2845 2964 3114 3034 ψάλλεται
3143 2965 3265 3035 τρὶς
3292 2964 3448 3034 παρὰ
3482 2965 3590 3018 τῶν
3610 2966 3758 3029 ἐντὸς

2177 3059 2399 3110 πάντων
2431 3056 2767 3126 ἱερωμένων,
2798 3057 2892 3108 καὶ
2928 3058 3048 3126 τρὶς
3077 3057 3231 3125 παρὰ
3263 3056 3375 3109 τῶν
3421 3055 3580 3119 ἐκτὸς
3625 3056 3757 3125 ψαλ-

488 3149 578 3217 qui
618 3155 745 3201 sunt
795 3146 936 3200 intra
1013 3146 1407 3211 sanctuarium,
1465 3156 1656 3217 terque
1685 3147 1752 3201 ab
1817 3147 2074 3201 omnibus

2180 3149 2288 3201 τῶν
2333 3165 2394 3201 τε
2431 3149 2524 3201 καὶ
2547 3147 2854 3218 κληρικῶν.
2893 3149 3002 3200 Καὶ
3033 3149 3098 3201 ὲκ
3129 3149 3386 3218 δευτέρου
3435 3145 3591 3210 αὖθις
3642 3150 3758 3202 ἀνι-

488 3243 580 3311 qui
636 3251 762 3294 sunt
797 3247 973 3305 extra,
1013 3239 1204 3308 psaltis
1239 3250 1290 3292 et
1325 3240 1562 3294 clericis.
1642 3239 1840 3293 Iterum
1872 3254 2070 3293 secun-

487 3337 557 3387 do
618 3341 867 3401 surgunt,
927 3341 981 3385 et
1033 3333 1224 3386 sedent
1280 3333 1600 3393 clamantes,
1639 3351 1656 3382 ι
1699 3331 1927 3400 Dignus,
1964 3350 1982 3382 ι
2020 3341 2074 3386 et

489 3426 683 3479 iterum
718 3432 800 3478 ter
831 3424 977 3478 intus
1029 3429 1083 3475 et
1145 3429 1299 3476 extra
1333 3423 1707 3477 sanetuarium
1761 3424 1892 3477 illud
1930 3423 2073 3492 psal-

491 3517 653 3581 litur;
689 3524 743 3569 et
795 3514 955 3569 tertio
987 3514 1240 3584 similiter
1293 3514 1458 3568 abiis
1500 3515 1552 3567 in
1595 3532 1651 3568 se
1675 3518 1775 3568 lem
1833 3515 2072 3568 eollm-a-

492 3620 600 3671 tttr,
636 3617 849 3676 terque,
891 3625 908 3658 ι
967 3605 1196 3676 Dignus,
1259 3623 1277 3656 ›
1351 3605 1570 3670 dicitur,
1622 3615 1676 3660 et
1739 3607 2008 3676 psallitur,
2043 3621 2071 3659 a

490 3701 724 3756 sacratis
755 3701 916 3766 intra,
953 3709 1003 3754 et
1036 3715 1064 3754 a
1102 3699 1292 3768 psaltis
1348 3711 1526 3755 extra.
1584 3701 1739 3755 Tunc
1809 3701 1986 3755 fausta
2016 3701 2075 3754 iit

491 3795 835 3860 acclamatio,
863 3809 984 3865 qum
1014 3803 1100 3850 est
1148 3809 1368 3849 sacrum
1420 3796 1692 3865 quoddam
1752 3796 2073 3867 mysterium

491 3889 694 3943 Christi
717 3903 880 3943 cruce
901 3897 954 3942 et
985 3895 1164 3942 morte
1187 3901 1284 3942 sua
1311 3888 1603 3954 vincentis,
1627 3898 1680 3942 et
1702 3905 1865 3943 carne
1891 3904 2074 3943 resur-

493 3983 691 4052 gentis,
731 3991 787 4036 et
820 3981 1064 4046 exaltati,
1099 3981 1362 4035 mundum
1426 3981 1531 4036 fide
1586 3982 1649 4036 ad
1683 3997 1741 4037 se
1785 3983 2073 4039 trahentis.

498 4091 518 4125 ‹
556 4075 675 4143 Ipsa
706 4082 791 4129 est
841 4076 984 4127 enim
1020 4072 1251 4127 victoria
1303 4087 1423 4141 quae
1449 4073 1714 4126 mundutn
1757 4073 1912 4140 vicit,
1943 4073 2076 4130 ﬁdes

494 4172 704 4228 nostra,
741 4181 759 4212 ι
795 4171 854 4216 ut
879 4163 951 4215 ait
977 4161 1209 4216 dilectus
1232 4162 1556 4232 discipulus.
1588 4161 1719 4229 Quae
1745 4179 1841 4233 per
1863 4165 2076 4232 episco-

493 4270 590 4325 pos
623 4255 825 4309 Christi
854 4269 1080 4325 regnum
1116 4254 1260 4323 quod
1295 4263 1450 4308 autea
1477 4253 1753 4308 Christum
1787 4272 2079 4326 perseque-

493 4350 676 4414 batur,
718 4347 938 4401 Christo
993 4347 1227 4415 subegit.
1283 4343 1406 4400 ldeo
1465 4346 1520 4400 in
1554 4347 1656 4402 hac
1684 4347 2077 4402 acclamatione

493 4442 858 4509 imperatores
889 4439 1258 4508 praedicantur
1319 4439 1416 4508 pii,
1469 4452 1580 4493 non
1647 4438 1914 4505 inlideles,
1975 4453 2077 4495 nec

2184 3241 2448 3294 στῶσίτε
2485 3243 2580 3296 καὶ
2604 3242 2918 3305 καθίζουσι,
2982 3241 3214 3312 βοῶντες
3268 3243 3331 3294 τὸ
3382 3243 3612 3308 Ἀξιος.
3653 3242 3765 3296 Καὶ

2181 3335 2350 3387 πάλιν
2387 3333 2546 3387 τοῦτο
2600 3336 2721 3404 τρὶς
2777 3333 2927 3396 ἐντός
2963 3350 3022 3385 τε
3076 3335 3172 3387 καὶ
3229 3333 3434 3397 ἔξωθεν
3471 3334 3761 3404 ψάλλεται.

2183 3425 2298 3478 Καὶ
2327 3425 2512 3492 τρίτον
2550 3424 2756 3493 ὁμοίως
2786 3423 3156 3490 ὲνθρονίζεται
3184 3423 3315 3491 παρ’
3345 3425 3544 3490 αὐτῶν,
3577 3427 3670 3479 καὶ
3699 3428 3765 3480 τὸ

2187 3537 2206 3569 ι
2253 3517 2439 3582 Ἄξιος
2477 3535 2494 3569 ο
2535 3517 2755 3585 λέγεται
2791 3519 2886 3571 καὶ
2911 3516 3179 3584 ψάλλεται
3232 3517 3357 3585 τρὶς
3389 3518 3538 3587 παρά
3565 3536 3624 3570 τε
3653 3520 3765 3573 τῶν

2185 3609 2500 3679 ἱερωμένων
2540 3608 2712 3671 ἐντὸς,
2737 3607 2834 3660 καὶ
2865 3607 3017 3676 παρά
3048 3606 3158 3659 τῶν
3179 3606 3401 3676 ψαλτῶν
3443 3607 3625 3670 ἐκτός.
3655 3608 3768 3660 Καὶ

2182 3703 2306 3755 τότε
2336 3703 2369 3769 ἡ
2405 3702 2566 3770 φήμη
2602 3701 2816 3768 γίνεται
2840 3714 2855 3729 °
2891 3700 3016 3770 ἥτις
3049 3699 3114 3769 δὴ
3143 3701 3237 3751 καὶ
3277 3699 3402 3769 ἰερά
3429 3703 3545 3752 ἐστι
3570 3701 3765 3772 τελετὴ

2184 3793 2279 3846 τοῦ
2317 3792 2560 3862 Χριστοῦ
2618 3793 2948 3862 νικήσαντος
2993 3791 3070 3860 τῷ
3120 3791 3341 3861 σταυρῷ
3392 3791 3490 3845 καὶ
3524 3791 3766 3862 θανάτῳ,

2183 3887 2280 3938 καὶ
2312 3885 2651 3949 ἀναστάντος
2692 3885 2860 3955 σαρκὶ
2887 3883 2983 3937 καὶ
3010 3883 3416 3952 άνυψωθέντος,
3436 3883 3528 3936 τὸν
3558 3883 3768 3952 κόσμον

2184 3977 2515 4040 ἐλκύσαντος
2542 3981 2608 4048 τῇ
2643 3977 2824 4030 πίστει
2855 3976 3223 4032 αύτοῢ.Ἐπε“ι
3257 3977 3352 4029 κοιέ⁵
3395 3995 3413 4027 ι
3447 3975 3595 4046 Αὕτη
3617 3977 3768 4028 ἐστὶν

2185 4072 2217 4141 ἡ
2251 4071 2429 4142 νίκηὴ
2463 4072 2735 4140 νικήσασα
2785 4069 2876 4123 τὸν
2899 4069 3126 4134 κόσμον,
3184 4070 3218 4139 ή
3254 4068 3438 4132 πίστις
3471 4069 3649 4140 ἡμῶν,
3687 4087 3705 4118 ι
3739 4071 3768 4122 ὁ

2183 4163 2544 4234 ήγαπημὲνος
2580 4163 2780 4232 φησίν’
2835 4163 2962 4233 ἥτις
3012 4163 3108 4216 καὶ
3164 4163 3254 4216 διά
3314 4162 3423 4215 τῶν
3463 4163 3768 4233 ἀρχιερέων

2185 4257 2429 4327 Χριστοῦ
2463 4255 2562 4327 τὴν
2598 4256 2880 4326 βασιλείαν
2919 4254 3019 4324 τὴν
3049 4255 3140 4308 τὸν
3169 4255 3409 4325 Χριστὸν
3460 4255 3590 4324 πρὶν
3641 4252 3770 4304 διώ-

2185 4367 2390 4406 κουσαν
2443 4348 2522 4420 τῷ
2560 4348 2783 4419 Χριστῷ
2829 4347 3199 4411 καθυπέταξε.
3251 4346 3343 4399 Διὸ
3388 4347 3483 4400 καὶ
3526 4346 3770 4414 βασιλεῖς

2188 4440 2668 4511 ἀνακηρύττονται
2719 4437 2988 4504 εὐσεϐεῖς,
3023 4437 3122 4492 ούκ
3159 4438 3403 4500 ἄπιστοι,
3438 4437 3558 4489 οὐδὲ
3587 4437 3769 4508 ὲτερό-
3812 4493 3820 4509 ⁵

494 4538 673 4592 aliena
701 4537 993 4605 sapientes,
1063 4551 1362 4604 eorumque
1396 4535 1524 4589 anni
1585 4542 1846 4604 optantur
1897 4533 2075 4602 multi,

2188 4551 2409 4607 φρονες.
2440 4535 2554 4588 Kal.
2595 4533 2804 4586 τούτων
2835 4530 3010 4584 πολλὰ
3036 4530 3288 4598 λέγονται
3319 4528 3387 4582 τὰ
3427 4529 3543 4597 ἐτη,
3578 4530 3659 4591 εἰς
3709 4528 3772 4582 τὸ
3814 4527 3824 4592 'I_

495 4631 571 4684 uti
635 4637 991 4700 permaneant
1047 4644 1312 4698 semper;
1375 4643 1498 4681 nam
1552 4627 1705 4698 regni
1733 4627 1939 4683 Christi
1969 4642 2078 4682 non

495 4722 601 4778 erit
665 4722 808 4778 ﬁnis.
884 4717 1244 4790 Episcopatus
1304 4728 1485 4774 autem
1553 4734 1678 4775 cum
1738 4735 1905 4790 regno
1966 4720 2083 4773 fau-

495 4814 602 4868 stis
636 4812 1127 4866 acclamationibus
1173 4811 1547 4875 denuntiatur,
1575 4825 1640 4865 co
1689 4809 1835 4878 quod
1870 4811 2084 4880 episco-

497 4919 657 4979 palus
711 4923 938 4976 regnum
1006 4908 1226 4962 Christo
1277 4899 1595 4978 subegit,ict
1643 4906 2083 4983 Christianorum

498 4999 784 5071 imperium
853 4996 1176 5065 constituit;
1239 4999 1447 5052 Christi
1514 5009 1645 5053 vero
1715 5013 1941 5066 regnum
2001 5007 2086 5052 est

496 5105 800 5159 aiternnm;
836 5090 1037 5145 dicitur
1108 5091 1303 5144 enim:
1369 5110 1387 5142 ι
1424 5087 1506 5143 Τιι
1597 5105 1658 5144 es
1711 5090 1968 5144 sacerdos
2031 5091 2082 5143 in

497 5182 778 5244 saeculum,
815 5183 916 5235 hoc
942 5189 1028 5236 est
1057 5195 1293 5250 semper,
1327 5180 1628 5236 secumlmn
1661 5181 1914 5235 ordinem
1950 5178 2083 5234 Mel-

501 5274 818 5339 chisedech,
862 5292 879 5324 ›
919 5288 1025 5327 non
1070 5282 1253 5327 autem
1288 5273 1590 5327 secundum
1623 5272 1821 5342 legem.
1889 5272 1960 5326 Ea
2019 5271 2088 5325 de

501 5383 666 5422 causa
699 5367 966 5422 clamante
999 5365 1254 5431 diacono,
1285 5384 1302 5417 ι
1341 5364 1630 5434 Sapienter
1662 5363 2032 5426 attendamus,
2063 5384 2080 5415 ι

497 5461 606 5515 alta
641 5476 773 5516 voce
801 5458 1012 5528 profert
1050 5458 1385 5529 patriarcha,
1428 5476 1447 5508 ‹
1483 5456 1592 5510 Pax
1641 5456 1920 5510 omnibus.
1954 5473 1971 5505 ι
2007 5455 2087 5506 Ad

503 5551 650 5619 quod
707 5565 924 5615 omnes,
956 5558 1013 5603 ut
1073 5549 1335 5617 diximus,
1404 5564 1602 5619 magna
1653 5564 1777 5606 cum
1832 5561 1964 5602 cura
2006 5554 2091 5600 at-

507 5643 731 5697 tendere
773 5652 1023 5712 oportet;
1075 5644 1365 5712 episeopos
1416 5659 1543 5698 vero
1599 5649 1655 5697 et
1729 5641 2090 5712 presbyteros

510 5740 749 5787 attentos
780 5743 921 5788 stare
947 5741 999 5788 et
1032 5734 1078 5789 ei
1113 5733 1465 5802 respondere,
1516 5754 1534 5786 ι
1566 5733 1627 5788 Ει
1663 5731 1878 5803 spiritui
1911 5740 2024 5797 tuo,
2066 5751 2083 5780 ι

513 5825 700 5895 sit-quc
752 5825 985 5891 sedere;
1053 5825 1315 5897 populum
1379 5827 1629 5884 similiter
1691 5840 1823 5896 pace
1872 5833 2090 5894 accepta

2185 4625 2465 4694 διαμένειν
2496 4623 2584 4676 ἀεί
2610 4639 2626 4654 ο
2656 4623 2740 4675 ὅτι
2788 4623 2882 4674 καὶ
2913 4621 3012 4691 τῆς
3060 4620 3343 4690 βασιλείας
3382 4618 3622 4690 Χριστοῦ
3670 4619 3771 4672 οὐκ

2186 4716 2340 4768 ἔσται
2369 4712 2548 4776 τέλος.
2577 4713 2681 4766 Καί
2714 4713 2746 4782 ή
2780 4709 3168 4780 ἀρχιερωσύνη
3200 4709 3256 4761 δὲ
3291 4710 3390 4762 σὺν
3419 4710 3483 4778 τῇ
3522 4707 3772 4778 βασιλείᾳ

2188 4804 2609 4877 ἀναγορεύεται,
2643 4804 2726 4856 ὅτι
2759 4801 2854 4854 καὶ
2887 4803 2919 4871 ή
2949 4799 3334 4870 ἀρχιερωσύνη
3366 4799 3464 4870 τὴν
3489 4798 3772 4869 βασιλείαν

2188 4899 2416 4969 Χριστῷ
2447 4896 2821 4961 καθυπέταξε,
2865 4895 2959 4949 καὶ
2990 4895 3127 4964 αὕτη
3163 4892 3263 4964 τὴν
3290 4891 3638 4963 Χριστιανῶν
3672 4891 3772 4961 βα-

2192 4994 2403 5046 σιλείαν
2443 4991 2708 5061 καθιστᾷ·
2744 4988 2840 5041 καὶ
2887 4985 3046 5058 ήτοῦ
3097 4985 3334 5056 Χριστοῦ
3381 4984 3773 5056 ἀρχιερωσύνη

2190 5086 2428 5146 αἰώνιος.
2483 5102 2501 5134 ι
2544 5083 2615 5135 Σὺ
2645 5082 2824 5151 ἱερεὺς
2867 5081 2994 5151 γὰρ,
3042 5080 3232 5148 φησὶν,
3284 5080 3365 5141 εἰς
3425 5079 3513 5131 τὸν
3575 5077 3773 5139 αἰῶνα,

2191 5177 2432 5230 τουτέῖτι
2460 5174 2776 5238 διαπαντὸς,
2807 5173 2949 5226 κατὰ
3018 5170 3119 5240 τὴν
3159 5171 3314 5234 τάξιν
3348 5167 3708 5238 Μελχισεδὲκ,
3751 5186 3770 5217 ι

2193 5267 2287 5319 καὶ
2308 5267 2367 5318 οὐ
2398 5267 2538 5318 κατὰ
2563 5265 2748 5333 νόμον.
2768 5263 2875 5314 Καὶ
2893 5260 3056 5324 οὕτω,
3084 5278 3102 5312 ι
3131 5261 3303 5330 Σοφίᾳ
3332 5258 3768 5328 πρόσσχωμεν,ι

2194 5361 2486 5431 κράζοντος
2539 5358 2635 5411 τοῦ
2671 5355 2946 5422 διακόνου,
3013 5355 3096 5418 τὸ,
3143 5371 3161 5405 ι
3202 5354 3407 5423 Εἰρήνη
3440 5355 3630 5415 πᾶσιν,
3671 5369 3688 5401 ι
3743 5341 3777 5402 ’ὁ

2196 5453 2543 5524 πατριάρχης
2581 5450 2840 5515 ὲκφωνεῖ,
2879 5448 3015 5516 Περὶ
3070 5438 3155 5511 οὗ,
3186 5444 3262 5506 ὡς
3309 5445 3638 5514 εἰρήκαμεν,
3667 5441 3779 5496 ἔδει

2197 5544 2504 5616 φροντίζειν
2537 5540 2747 5603 πάντας
2772 5555 2784 5568 ·
2825 5539 2922 5592 καί⁸
2951 5539 3032 5591 δεῖ
3079 5535 3410 5607 φροντίζειν,
3461 5534 3558 5586 καὶ
3588 5534 3778 5603 ἀρχιεο

2201 5641 2314 5708 ρεῖς
2370 5637 2468 5690 καὶ
2537 5634 2702 5702 ἱερεῖς
2756 5629 3035 5694 ἵστασθαι,
3091 5628 3187 5681 καὶ
3235 5627 3562 5694 ἀντιφωνεῖν
3601 5624 3780 5694 αὐτῷ,

2205 5752 2222 5785 ι
2259 5733 2367 5785 Καὶ
2398 5729 2477 5798 τῷ
2526 5725 2802 5795 πνεύματί
2852 5739 2944 5777 σου
2972 5739 2984 5753 ·
3026 5741 3045 5774 ι
3093 5722 3186 5775 καὶ
3237 5717 3381 5772 οὕτω
3426 5716 3779 5781 καθέζεσθαι,

2199 5825 2291 5880 καὶ
2324 5824 2412 5876 τὸν
2466 5820 2596 5875 λαὸν
2624 5817 2824 5886 ὁμοίως
2857 5814 3150 5884 δεξάμενον
3195 5813 3291 5884 τὴν
3332 5811 3571 5882 εἰρήνην,
3610 5826 3629 5860 ι
3668 5809 3784 5863 Καὶ
