4126 6268
383 364 490 429 449

1389 356 1491 418 DE
1532 354 1797 417 SACRIS
1834 326 2531 416 ORDINATIONIBUS.

3524 356 3633 423 450

384 474 465 546 τῷ
500 472 775 542 πνεύματί
806 487 923 535 σου,
962 487 979 521 ι
1017 468 1167 541 βοᾷν.
1200 467 1371 522 Τοῦτο
1390 470 1499 541 γὰρ
1521 470 1555 540 ἡ
1588 467 1681 521 τοῦ
1707 466 1955 537 Σωτῆρος

2063 464 2131 518 Ει
2157 464 2379 532 Spiritui
2408 476 2498 523 tuo
2520 480 2799 523 resonare.
2855 466 2982 524 Ilmc
3002 476 3088 526 est
3113 469 3259 526 enim
3323 470 3634 530 Senatoris

384 569 524 639 πρὸς
555 567 703 636 ἡμᾶς
744 562 1086 633 κληρονομία
1116 562 1212 615 καὶ
1240 562 1439 630 δωρεὰ,
1479 562 1573 615 καὶ
1600 562 1633 630 ἡ
1665 560 1959 614 τελευταία

383 660 541 730 εὐχὴ,
574 657 638 710 τὸ
668 655 726 708 ἒν
769 648 913 707 εἶναι
968 654 1085 721 μετ’
1119 651 1316 706 αὐτοῦ’
1360 653 1513 720 καὶὴ
1556 649 1751 720 πρώτη
1804 649 1957 720 φωνὴ

389 750 531 821 μετά
556 746 655 814 τὴν
682 745 1001 809 ἀνάστασιν,
1035 761 1054 795 ι
1081 744 1285 814 Εἰρήνη
1317 743 1467 810 ὑμῖν.
1499 760 1518 793 ι
1552 741 1660 794 Καὶ
1688 739 1776 794 διὰ
1798 740 1956 792 τοῦτο

383 841 524 895 οὕτω
552 839 785 908 λαμπρὰ
804 837 899 892 καὶ
919 839 952 907 ἡ
986 838 1043 889 ὲν
1074 835 1150 906 τῷ
1184 834 1460 905 συνθρόνῳ
1482 833 1577 886 τοῦ
1612 833 1953 902 πατριάρχου

384 935 594 1002 γίνεται
625 930 1033 1000 ἐγκαθίδρυσις,
1063 928 1153 982 ἵνα
1177 926 1465 990 καθεσθεὶς
1492 924 1680 993 ὥσπερ
1706 927 1733 977 6
1764 924 1955 993 Σωτὴρ

386 1024 466 1087 εἰς
481 1025 607 1086 τοὺς
623 1022 907 1092 οὐρανοὺς,
939 1022 1038 1090 τὴν
1067 1021 1291 1090 εἰρήνην
1322 1018 1532 1071 ἐκεῖθεν
1556 1020 1727 1071 ἆπασι
1755 1015 1864 1086 δῴη
1894 1032 1953 1067 τε

387 1117 482 1170 καὶ
512 1113 745 1184 κηρύξαι
768 1129 780 1144 ο
807 1113 881 1175 ὡς
914 1112 1009 1165 καὶ
1036 1110 1247 1163 ἐκεῖθεν
1289 1109 1367 1180 τῷ
1402 1107 1673 1177 τρικηρίῳ
1719 1107 1949 1171 εὐλογεῖ,

384 1209 458 1272 ὡς
489 1210 596 1263 ἀπὸ
616 1206 709 1260 τοῦ
741 1205 995 1275 οὐρανίου
1032 1203 1227 1272 θρόνου
1260 1204 1359 1272 τὴν
1394 1203 1493 1270 τῆς
1521 1199 1752 1271 Τριάδος
1785 1199 1956 1268 παρέ-

385 1317 495 1369 χων
520 1298 683 1369 χάριν
715 1298 811 1351 καὶ
860 1295 1129 1365 ἔλλαμψιν
1169 1293 1259 1347 διὰ
1321 1290 1417 1345 τοῦ
1469 1292 1741 1361 Σωτῆρος.
1779 1291 1860 1343 Τὰ
1898 1291 1956 1343 δὲ

384 1392 579 1461 ἑφεξῆς
612 1390 687 1453 ὡς
718 1391 778 1441 ὲν
809 1388 1012 1451 πάσαις
1044 1387 1167 1450 ταῖς
1202 1383 1569 1455 λειτουργίαις
1620 1383 1829 1451 γίνεται
1857 1394 1872 1410 ⁸
1904 1382 1955 1436 εί

386 1485 486 1553 μὲν
513 1483 803 1554 ἀρχιερεὺς
836 1478 924 1551 ἦν,
959 1479 1155 1543 οὕτως.

866 1660 1022 1731 173
1053 1658 1284 1714 ΚΕΦΑΛ
1335 1656 1500 1712 ΣΛΓ’.

383 1775 587 1841 Ὅπως
625 1775 665 1841 ἠ
691 1774 1029 1843 χειροτονία
1046 1772 1152 1826 τοῦ
1183 1770 1554 1843 πατριάρχου
1583 1768 1835 1837 γίνεται,
1862 1764 1951 1836 μὴ

699 1829 884 1909 ότι-ἓως
913 1846 1201 1912 πρότερον
1229 1829 1592 1895 ὲθὶισνὶόὶτουζ

455 1937 517 1992 Ei
543 1937 599 1991 δὲ
635 1935 1011 2007 πρεσϐύτερος
1043 1937 1138 1987 καὶ
1169 1934 1269 1986 οὐκ
1324 1932 1622 2003 ἀρχιερεὺς
1663 1932 1693 1984 6
1743 1931 1956 2002 ὑποψή-

384 2030 506 2101 φιός
534 2031 671 2094 ἐστι,
714 2027 1103 2099 χειροτονεῖται
1136 2025 1357 2096 πρῶτον
1383 2022 1684 2085 ἐπίσκοπος
1707 2039 1721 2054 ·
1760 2022 1954 2075 ἔπειτα

383 2121 771 2193 ὲνθρονίζεται.
827 2117 1158 2172 Ἐπισκόπου
1199 2117 1308 2186 γὰρ
1352 2118 1381 2169 6
1437 2115 1667 2185 Gpdvo;'
1730 2116 1813 2168 ὅτι
1860 2115 1956 2168 καὶ

384 2214 681 2275 ἐπίσκοπος
714 2212 814 2278 τὴν
839 2210 945 2276 τοῦ,
972 2208 1219 2278 Χριστοῦ
1265 2208 1491 2261 πλουτεῖ
1532 2207 1785 2277 δύναμιν.
1846 2208 1955 2261 Καὶ

385 2305 596 2372 γίνεται
619 2303 788 2366 οὓτως
815 2304 848 2373 ή
882 2302 1211 2372 χειροτονία.
1246 2300 1342 2360 Είς
1366 2301 1426 2353 τὸ
1454 2299 1763 2369 ἁγιώτατον
1789 2297 1957 2351 εἰσελ-

387 2395 494 2451 θὼν
523 2394 698 2466 βῆμα,
730 2396 1026 2463 προσκυνεῖ
1057 2393 1155 2463 τὴν
1186 2394 1339 2462 ἱερὰν
1355 2393 1637 2463 τράπεζαν
1666 2391 1758 2444 καὶ
1777 2391 1956 2444 ἀσπά-

386 2488 539 2553 ζεται
561 2489 589 2539 6
626 2485 934 2556 ὑποψήφιος
965 2485 1312 2555 πατριάρχης
1333 2501 1346 2515 ο
1374 2485 1469 2537 καὶ
1500 2484 1632 2552 περὶ
1685 2483 1786 2544 τὰς
1820 2481 1954 2550 βαθ-

391 2579 551 2648 μίδας
590 2577 683 2631 τοῦ
734 2578 882 2631 θείου
944 2577 1238 2645 συνθρόνου
1289 2576 1605 2646 γενόμενος,
1659 2578 1958 2644 προσκυνεῖ

389 2668 534 2723 κατά
580 2669 846 2732 ἀνατολὰς
881 2669 1024 2739 τρίς.
1063 2668 1170 2720 Καὶ
1201 2665 1271 2719 τὰ
1323 2661 1688 2736 ἀρχιεραῗτικὰ
1751 2665 1953 2718 ἐνδιδύ-

392 2768 583 2812 σκεται
636 2760 743 2814 τῶν
769 2757 1245 2831 ἑκκλησιαστικῶν
1300 2758 1567 2812 διακόνων
1598 2758 1673 2821 ὡς
1708 2757 1956 2824 ἀγγέλων

392 2850 490 2913 τὰς
523 2852 675 2922 ίεράς
700 2851 1065 2922 ἐνδεδομένων
1101 2848 1297 2912 στολὰς
1328 2849 1549 2920 πρῶτον
1580 2848 1833 2916 εὐλογίαν
1866 2849 1957 2901 λα-

394 2945 598 2998 ϐόντων
661 2947 791 3016 παρ’
848 2943 1011 2998 αὑτοῦ
1084 2945 1179 2996 καὶ
1240 2942 1410 3004 οὕτως
1473 2941 1956 3011 ὲξυπηρετούντων

387 3035 555 3105 αὐτῷ.
587 3034 654 3090 Oi
688 3037 962 3106 ἀρχιερεῖς
992 3034 1049 3087 δὲ
1101 3033 1239 3102 μετά
1275 3031 1529 3100 μανδύων
1580 3032 1828 3086 ἵστανται
1863 3032 1957 3103 μό-

2064 555 2352 611 hazreditas
2413 566 2466 611 et
2493 557 2716 614 donatio
2772 559 2928 614 nobis
2992 575 3279 628 concessa,
3327 571 3634 631 postrema-

2060 662 2167 716 que
2192 650 2386 715 oratio,
2418 659 2476 705 ut
2505 667 2672 706 unum
2715 668 2835 708 cum
2897 653 3015 722 ipso
3042 640 3237 711 simu's.
3294 654 3473 712 Prima
3498 675 3634 728 quo-

2059 750 2167 805 que
2198 737 2369 804 ipsius
2401 755 2500 793 vox
2528 750 2651 810 post
2687 744 3164 809 resurrectionem,
3208 763 3226 796 ι
3260 747 3370 801 Pax
3402 749 3576 803 vobis.
3609 768 3627 800 ι

2059 826 2353 897 Propterea
2385 831 2671 885 collocatio
2711 835 3036 902 patriarchae
3091 837 3144 890 in
3193 839 3446 893 thronum
3474 856 3634 896 suum

2060 928 2166 972 tam
2197 921 2477 989 magniﬁce
2500 930 2756 991 tantoque
2789 925 2844 978 lit
2868 942 2990 981 eum
3018 939 3304 997 apparatu,
3334 941 3417 998 ut,
3443 948 3637 1002 quem-

2059 1010 2350 1062 admodum
2391 1010 2649 1065 Servator
2724 1015 2920 1071 sedens
2959 1018 3012 1071 in
3042 1020 3200 1075 coelis
3264 1036 3450 1089 pacem
3513 1024 3639 1078 inde

2058 1100 2310 1154 omnibus
2349 1101 2513 1155 donat
2557 1111 2612 1157 et
2649 1105 2929 1172 praedicat,
2990 1108 3062 1162 ita
3096 1114 3401 1178 patriarcha
3452 1129 3481 1167 e
3510 1115 3638 1170 sede

2058 1206 2155 1245 sua
2218 1193 2441 1247 tricerio
2514 1195 2821 1262 benedicat,
2881 1199 3029 1253 velut
3082 1216 3113 1253 a
3164 1203 3405 1269 caelesti,
3442 1207 3638 1261 throno

2058 1284 2305 1353 praebens
2337 1299 2434 1355 per
2464 1285 2815 1342 Servatorem
2847 1288 3136 1346 Trinitatis
3191 1300 3419 1361 gratiam
3465 1306 3520 1350 et
3572 1299 3637 1351 il-

2057 1376 2498 1434 lmninationem.
2528 1379 2659 1445 Quae
2694 1390 3022 1452 sequuntur,
3054 1383 3247 1440 eodem
3280 1387 3443 1441 modo
3475 1387 3632 1454 ﬁunt,

2057 1483 2166 1535 quo
2201 1469 2252 1520 in
2287 1468 2498 1524 caeteris
2530 1471 2784 1541 liturgiis.
2821 1472 2877 1527 Si
2907 1475 3200 1543 episcopus
3242 1487 3345 1544 est,
3388 1478 3464 1533 ita
3496 1479 3554 1534 ﬁt
3578 1489 3636 1535 ut

2057 1560 2286 1614 dictum.

2545 1653 2774 1711 CAPUT
2804 1657 3134 1716 CCXXXIII.

2059 1762 2336 1829 Quomodo
2386 1769 2673 1852 ordinatio,
2713 1773 3039 1852 patriarcha:
3094 1777 3187 1844 ﬁat
3228 1778 3319 1847 qui
3364 1780 3635 1851 cpiscopus

2585 1850 2740 1892 antea
2766 1858 2869 1894 non
2908 1850 3104 1911 fuerat.

2131 1926 2185 1980 Si
2221 1941 2349 1981 vero
2379 1929 2582 1983 electus
2613 1931 2899 2002 presbyter
2922 1945 3028 1997 est,
3056 1950 3161 1991 non
3198 1939 3506 2009 episcopus,
3545 1958 3636 1997 or-

2024 2019 2281 2074 dinatur
2328 2021 2559 2086 primum
2630 2024 2958 2094 episcopus;
3021 2038 3207 2097 postea
3268 2031 3324 2084 in
3379 2034 3632 2089 thronum

2060 2110 2383 2164 collocatur.
2431 2111 2509 2164 Ad
2549 2112 2866 2182 episcopum
2918 2115 3061 2169 enim
3101 2117 3334 2174 thronus
3376 2123 3630 2190 pertinet,

2058 2217 2123 2256 eo
2161 2203 2305 2272 quod
2335 2202 2536 2258 Christi
2587 2206 2842 2260 virtutem
2910 2208 3129 2264 abunde
3181 2213 3481 2279 possideat.
3516 2213 3632 2268 Hoc

2058 2302 2240 2348 autem
2272 2293 2381 2347 ritu
2419 2295 2477 2348 lit
2509 2295 2804 2350 ordinatio.
2840 2296 3155 2354 Patriarcha
3190 2302 3425 2372 electus,
3468 2319 3635 2359 sanc-

2059 2384 2329 2439 tissimum
2365 2385 2678 2455 ingrediens
2706 2387 2969 2453 tribunal,
3006 2391 3197 2445 adorat
3241 2407 3451 2448 sacram
3487 2411 3636 2449 nen-

2059 2490 2176 2529 sam
2235 2482 2291 2529 et
2341 2476 2638 2531 osculatur.
2680 2476 2817 2532 Cum
2877 2495 3007 2534 vero
3053 2485 3360 2551 pervenerit
3410 2486 3476 2538 ad
3510 2502 3634 2556 gra-

2058 2567 2160 2622 dus
2200 2567 2368 2620 divini
2442 2569 2757 2638 synthroni,
2791 2579 2872 2625 ter
2906 2572 2971 2626 ad
3019 2575 3283 2628 orientem
3339 2576 3550 2642 adorat,
3581 2589 3635 2633 et

2060 2666 2237 2712 vestes
2299 2660 2637 2730 episcopales
2696 2662 2963 2718 induitur.
3028 2665 3401 2721 Eeclesiastici
3449 2680 3631 2722 autum

2055 2746 2297 2812 diaconi,
2357 2750 2502 2806 sicut
2532 2754 2710 2824 angeli
2744 2769 2929 2810 sacras
3004 2755 3174 2812 stolas
3252 2759 3368 2814 sive
3418 2760 3633 2815 tunicas

2061 2839 2256 2904 induti,
2293 2842 2728 2900 benedictionem
2763 2847 2998 2915 primum
3036 2849 3105 2901 ab
3144 2865 3211 2905 eo
3241 2851 3542 2920 accipiunt,
3574 2861 3632 2907 et

2058 2935 2104 2985 ei
2139 2932 2219 2987 sie
2263 2934 2596 2991 ministrant.
2663 2937 2915 3010 Episcopi
2961 2949 3143 2995 autem
3199 2958 3322 2996 cum
3383 2945 3632 3015 mandyis

2070 3024 2186 3078 sive
2247 3025 2424 3097 longis
2492 3028 2674 3097 palliis
2722 3039 2871 3084 stant
2921 3040 3154 3087 tantum.
3207 3036 3406 3091 Omnes
3468 3037 3633 3105 igitur

389 3145 498 3183 νον.
531 3128 715 3180 Πάντα
737 3124 832 3179 οὖν
861 3126 1223 3194 ἐνδυσάμενος
1250 3125 1319 3179 τά
1347 3124 1745 3195 ἀρχιερατικὰ,
1766 3125 1955 3195 στιχά-

2060 3115 2452 3173 archieraticas
2495 3129 2670 3176 vestes
2726 3121 2974 3183 indutus.
3032 3124 3350 3180 sticharium
3398 3127 3631 3182 undula-

390 3236 507 3291 ριον
532 3217 674 3287 μετὰ
705 3215 994 3287 ποταμῶν,
1029 3216 1116 3269 διὰ
1142 3216 1203 3268 τὸ
1232 3216 1397 3283 ἁγνόν
1453 3231 1512 3266 τε
1547 3217 1642 3269 καὶ
1669 3215 1768 3283 τὴν
1802 3215 1951 3268 διδα-

389 3309 635 3376 σκαλίαν,
687 3308 777 3361 διὰ
802 3306 904 3375 τὴν
933 3306 1140 3362 ἀνωθεν
1184 3305 1347 3375 χάριν
1403 3304 1811 3374 ἐπιτραχὴλιον,
1858 3307 1954 3358 καὶ

387 3401 565 3472 ζώνην
620 3400 714 3455 καὶ
763 3400 1107 3469 ὲπιγονάτιον
1154 3397 1246 3451 διὰ
1293 3396 1393 3466 τὴν
1447 3396 1802 3466 σωφροσύνην
1860 3396 1955 3448 καὶ

392 3493 548 3563 ἰσχὺν
584 3491 727 3545 κατὰ
774 3491 1009 3544 θανάτου
1044 3489 1140 3541 καὶ
1184 3488 1367 3558 νίκην,
1399 3487 1707 3556 ὲπιμάνικά
1739 3504 1796 3539 τε
1862 3492 1956 3540 καὶ

391 3585 593 3639 σάκκον
624 3583 713 3636 διὰ
758 3582 857 3652 τὴν
911 3581 1064 3634 Θείαν
1104 3581 1391 3650 ἐνέργειαν
1430 3578 1524 3632 καὶ
1575 3578 1675 3647 τὴν
1729 3576 1816 3630 διὰ
1860 3576 1953 3629 τοῦ

391 3672 595 3735 πάθους
623 3670 952 3741 ἀφθαρσίαν,
978 3670 1291 3739 ὠμοφόριον
1321 3667 1479 3738 μόνον
1519 3667 1594 3751 οὐ⁸
1627 3666 1954 3737 περιϐάλλε·

386 3780 510 3819 ται·
542 3762 701 3818 τοῦτο
743 3763 853 3832 γὰρ
887 3760 1019 3814 ίδιον
1053 3760 1381 3813 ἐπισκόπου.

939 3958 1191 4013 ΚΕΦΛΛ.
1240 3960 1319 4011 ΣΛ
1328 3960 1399 4012 Δ’.

391 4079 516 4134 ὀτι
540 4077 641 4133 καὶ
684 4081 717 4132 ό
741 4075 1112 4146 πατριάρχης
1155 4077 1274 4130 ὑπὸ
1306 4077 1447 4140 τοὺς
1491 4077 1757 4141 κανόνας
1784 4077 1952 4130 ἐστί’

458 4151 557 4202 καὶ
604 4147 845 4217 μέλλων
873 4146 1338 4217 χειροτονεῑσῌθαι
1381 4146 1721 4217 ἐπίσκοπος
1748 4147 1957 4199 δίδωσι

458 4218 573 4286 τὴν
602 4213 928 4286 ὁμολογίαν
962 4213 1149 4269 αὐτοῦ
1180 4213 1256 4283 τῇ
1298 4215 1654 4282 Ἐκκλησίᾳ.

458 4312 617 4365 Μετά
649 4309 746 4363 τοῦ
806 4309 1012 4362 σάκκου
1067 4303 1162 4360 οὖν
1209 4306 1359 4373 στᾶς,
1409 4307 1626 4368 δεικνὺς
1674 4305 1749 4369 ὡς
1805 4303 1960 4359 οὔπω

389 4400 689 4460 ἒπίσκοπος
728 4397 945 4450 πάντων
1006 4394 1317 4464 ἱσταμένων
1354 4394 1659 4465 ἀρχιερέων
1700 4395 1795 4447 κοιλ⁵
1827 4395 1959 4463 κλη-

2059 3202 2419 3278 ιιιηιριόριοι·
2442 3210 2733 3278 puritatem
2759 3220 2817 3265 et
2851 3215 3178 3283 doctrinam,
3218 3217 3630 3285 cpitrachelium

2057 3299 2172 3355 sive
2201 3300 2396 3354 stolam
2429 3301 2848 3370 sacerdotalem,
2880 3314 2933 3359 et
2984 3321 3177 3361 zonam
3227 3319 3450 3379 propter
3502 3328 3632 3379 gra-

2061 3393 2187 3445 tiam
2224 3404 2462 3458 superne
2525 3392 2852 3459 venientem,
2932 3401 3327 3468 supcrgenuale
3407 3416 3632 3473 prOpter

2060 3482 2466 3551 temperantiam
2535 3492 2591 3539 et
2661 3485 3037 3543 fortitudinem
3113 3501 3303 3547 contra
3374 3505 3629 3563 mortem,

2059 3571 2235 3640 deque
2264 3587 2327 3628 ea
2381 3573 2687 3644 victoriam,
2729 3581 3181 3646 supermanicalia
3242 3599 3369 3640 vero
3398 3596 3451 3642 et
3506 3603 3630 3644 sac-

2059 3678 2182 3717 cum
2224 3675 2446 3734 pr0pter
2482 3667 2722 3722 divinam
2776 3671 3057 3739 virtutem,
3101 3685 3156 3729 et
3190 3690 3289 3744 per
3343 3680 3630 3747 passiones

2061 3757 2550 3823 immortalitatem,
2613 3761 2786 3815 solum
2833 3772 2919 3820 est
2970 3766 3190 3834 pallium
3226 3784 3336 3839 quo
3374 3785 3485 3826 non
3539 3774 3628 3828 in-

2060 3849 2283 3917 duitur;
2326 3859 2408 3905 est
2442 3852 2586 3906 enim
2636 3853 2877 3923 episcOpi
2939 3859 3238 3927 proprium.

2547 3967 2774 4023 CAPUT
2812 3968 3136 4024 CCXXXlV.

2061 4078 2428 4157 Patriarcham
2491 4096 2729 4157 quoque:
2744 4083 2961 4136 subesse
3026 4085 3335 4157 canonibus,
3382 4097 3537 4157 atque
3581 4092 3630 4146 si

2130 4150 2401 4224 episcopus
2427 4217 2436 4224 _
2465 4151 2794 4224 ordinandus
2853 4163 2929 4207 est
2958 4196 2974 4219 ,
3024 4150 3408 4224 confusionem
3449 4150 3629 4213 'suam

2133 4219 2284 4271 edere
2310 4217 2583 4271 Ecclesiw.

2135 4309 2300 4365 Stans
2325 4310 2490 4380 igitur
2529 4326 2653 4381 cum
2695 4326 2877 4377 sacco,
2911 4322 2967 4368 et
3019 4317 3122 4371 hoc
3163 4317 3352 4372 habitu
3397 4319 3628 4375 demon-

2064 4412 2246 4459 strans
2276 4419 2335 4459 se
2366 4403 2606 4456 nondum
2632 4419 2756 4459 esse
2793 4406 3136 4476 episcopum,
3181 4408 3454 4465 stantibus
3492 4426 3629 4480 quo-
3694 4463 3700 4475 ,

392 4491 564 4564 ρικῶν
589 4490 658 4543 τὰ
685 4489 779 4543 τοῦ
811 4488 1034 4550 κανόνος
1063 4487 1326 4555 ἐκπληροῖ
1352 4502 1364 4515 '
1414 4487 1510 4538 καὶ
1537 4487 1635 4553 τὴν
1669 4484 1955 4554 ὁμολογίαν

2067 4508 2172 4564 que
2194 4492 2451 4546 omnibus
2485 4491 2760 4561 episcopis
2789 4501 2842 4544 et
2871 4493 3104 4556 clericis,
3133 4494 3224 4563 qui
3256 4506 3555 4567 supersunt
3596 4514 3629 4554 ο

391 4583 557 4637 αὐτοῦ
588 4581 818 4635 ἐνώπιον
872 4580 1020 4648 λέγει
1062 4578 1299 4644 πάντων,
1329 4577 1426 4647 τὴν
1464 4578 1646 4629 πίστιν
1675 4575 1839 4645 ὀρθὴν
1883 4575 1960 4628 δι-

386 4675 537 4738 δοὺς,
569 4673 641 4736 ὡς
676 4673 850 4740 δῶρον
879 4670 981 4739 τῆς
1033 4667 1392 4737 νυμφεύσεως
1444 4667 1704 4735 καθαρόν.
1766 4664 1825 4719 Ὀ
1860 4666 1958 4735 μὲν

390 4766 500 4836 γὰρ
531 4763 821 4834 ἀρχιερεὺς
851 4763 930 4824 εἰς
959 4762 1308 4833 πατριάρχην
1347 4759 1795 4828 μετατιθέμενος,
1835 4757 1959 4820 δοὺς

389 4857 627 4928 ὲξαρχῆς
653 4858 754 4926 τὴν
787 4853 1079 4924 ὁμολογίαν
1133 4856 1191 4904 ὲν
1241 4853 1318 4921 τῷ
1374 4851 1828 4922 χειροτονεῖσθαι,
1858 4851 1960 4905 οὐκ

390 4951 505 5020 ἔχει
562 4950 751 5019 χρείαν
795 4944 949 5010 αὖθις
999 4945 1181 5014 λέγειν
1212 4945 1425 5013 αὐτήνσ
1461 4938 1621 5007 οὗτος
1677 4944 1732 4996 δὲ
1791 4944 1959 5013 μήπω

391 5041 686 5102 ἐπίσκοπος
717 5038 981 5108 γεγονὼς,
1013 5037 1234 5107 ἀνάγκη
1265 5036 1474 5105 ταύτην
1506 5035 1689 5089 δοῦναι
1721 5035 1828 5107 πρὸ
1859 5038 1958 5106 τῆς

389 5133 726 5205 χειροτονίας
753 5134 819 5201 τῇ
858 5129 1186 5205 Ἐκκλησία,
1243 5128 1339 5183 καὶ
1368 5129 1517 5190 ἐντὸς
1568 5126 1775 5195 ταύτην
1805 5127 1957 5193 λέγει

388 5225 484 5280 τοῦ
525 5225 790 5296 βήματος,
829 5224 904 5287 ὡς
929 5224 1149 5278 πάντων
1170 5203 1287 5275 ’τῶν
1339 5222 1398 5273 ὲν
1426 5220 1501 5289 τῷ
1539 5219 1743 5290 βήματι
1774 5218 1959 5288 ἄρχων

388 5321 447 5371 ὲν
479 5317 759 5386 Πνεύματι
814 5313 1216 5383 καθιστάμενος
1264 5313 1359 5366 καὶ
1417 5312 1631 5382 Πατήρ.
1688 5310 1868 5375 Αὐτὴν
1899 5310 1956 5362 δὲ

387 5407 539 5474 λέγει
560 5405 628 5475 ἢν
651 5405 747 5457 καὶ
771 5406 973 5467 πάντες
1005 5406 1054 5456 oi
1075 5403 1375 5472 ὑποψήφιοι
1405 5403 1686 5473 ἀρχιερεῖς
1713 5402 1956 5468 λέγουσι,

388 5499 560 5570 χωρὶς
596 5499 755 5568 μόνον
776 5498 870 5551 τοῦ
896 5498 1166 5550 ὑποτάσσε
1178 5496 1302 5548 σθαι
1326 5494 1403 5566 τῷ
1432 5495 1766 5565 πατριάρχῃ.
1806 5494 1959 5545 Ἐπεὶ

388 5593 501 5661 γὰρ
532 5591 694 5654 αὐτὸς
739 5592 1089 5661 πατριάρχης
1143 5586 1623 5660 χειροτονούμενος
1680 5587 1821 5649 ἐστι,
1849 5584 1957 5637 τίνι

392 5682 815 5751 ὑποταγήσεται,
859 5679 1041 5751 ἀλλ’ἢ
1098 5681 1210 5742 τοῖς
1262 5679 1454 5732 κανόσι
1506 5680 1601 5731 καὶ
1643 5678 1826 5746 μόνον,
1865 5675 1959 5739 οὓς

391 5771 486 5825 καὶ
514 5770 768 5840 ὁμολογεῖ
816 5769 1147 5839 φυλάσσειν;
1181 5768 1295 5838 Τῆς
1329 5768 1624 5838 ὁμολογίας
1656 5766 1749 5822 οὖν
1807 5768 1955 5820 τελε-

2063 4599 2274 4639 canone
2339 4582 2599 4653 complet,
2638 4595 2695 4637 et
2747 4584 3152 4639 confessionem
3219 4602 3377 4641 suam
3439 4604 3625 4643 coram

2061 4676 2320 4732 omnibus
2360 4676 2575 4739 recitat,
2610 4684 2813 4729 rectam
2840 4675 3000 4729 tidem
3025 4685 3085 4731 ut
3111 4692 3304 4746 purum
3333 4681 3623 4751 desponsa-

2063 4767 2227 4822 tionis
2255 4781 2368 4821 suae
2393 4766 2597 4820 donum
2628 4778 2931 4833 exponens.
2971 4766 3074 4832 Qui
3107 4768 3400 4839 episcopus
3430 4774 3498 4825 ad
3535 4786 3628 4840 pa-

2062 4858 2418 4913 triarchatum
2450 4855 2801 4919 transfertur,
2835 4857 2927 4924 qui
2960 4857 3362 4914 confessionem
3384 4862 3451 4916 ab
3472 4862 3630 4917 initio

2061 4946 2210 5000 dedit
2238 4960 2362 5000 cum
2416 4942 2790 5009 ordinaretur,
2825 4960 2932 4999 non
2969 4959 3112 5015 opus
3164 4947 3327 5002 habet
3362 4964 3482 5004 eam
3530 4952 3629 5006 ite-

2064 5049 2181 5088 rum
2207 5033 2474 5102 prol’erre.
2504 5032 2611 5088 Sed
2643 5048 2768 5088 cum
2802 5034 3045 5089 nondum
3080 5033 3258 5091 factus
3279 5047 3365 5093 est
3413 5045 3628 5108 epist-o-

2060 5142 2185 5198 pns,
2216 5139 2442 5181 necesse
2483 5133 2568 5181 est
2602 5135 2663 5181 ut
2707 5136 2836 5181 ante
2882 5128 3282 5183 ordinationem
3325 5144 3479 5184 suam
3504 5132 3629 5187 edat

2063 5223 2208 5278 illam
2239 5223 2292 5277 in
2324 5221 2587 5287 Ecclesia,
2609 5230 2662 5276 et
2698 5205 2838 5278 intra
2874 5226 3271 5288 sanetum-ium,
3297 5232 3356 5276 ut
3382 5223 3626 5277 omnium

2062 5313 2155 5385 qui
2179 5322 2307 5368 sunt
2334 5313 2387 5367 in
2419 5312 2735 5367 sanctuario
2758 5315 3017 5383 princeps
3042 5323 3098 5368 et
3127 5314 3290 5366 Pater
3326 5327 3420 5381 per
3449 5313 3629 5383 Spiri-

2063 5414 2172 5459 tum
2211 5406 2562 5461 constitutns.
2621 5405 2874 5458 Eanidem
2924 5415 3103 5460 autem
3144 5402 3258 5458 edit
3313 5418 3476 5473 quam
3512 5419 3630 5459 om-

2062 5511 2161 5550 nes
2191 5496 2349 5550 elceti
2384 5496 2627 5566 episcopi
2655 5496 2817 5549 edere
2842 5496 3021 5549 solent
3049 5513 3065 5562 ;
3114 5510 3179 5549 eo
3202 5495 3378 5550 solum
3401 5504 3629 5564 excepto

2063 5587 2207 5657 quod
2243 5586 2637 5656 aubjectionem
2668 5587 2995 5657 patriarchae
3019 5602 3125 5640 non
3160 5588 3426 5657 promittit
3454 5605 3470 5654 ;
3502 5603 3626 5642 cum

2062 5680 2205 5735 enim
2241 5681 2293 5735 in
2326 5681 2691 5750 patriarcham
2722 5679 3026 5744 ordinetur,
3048 5679 3133 5733 cui
3155 5677 3495 5747 subjiciatur,
3522 5680 3626 5733 nisi

2062 5771 2236 5826 solum
2288 5774 2593 5830 canonibus
2624 5786 2765 5842 quos
2806 5772 3103 5827 conlitetur
3142 5785 3200 5827 se
3239 5772 3628 5828 servaturum?
