4126 6268
533 301 635 366 431
1285 290 1665 354 SYMEONIS
1696 282 2466 351 THESSALONICENSIS
2506 279 2877 342 ABCHIEP.
3681 273 3786 336 452

535 422 699 476 Facta
730 417 896 489 igitur
919 413 1269 473 confessione
1305 412 1527 483 propria
1559 424 1722 465 manu
1776 407 1984 476 scripta
2054 414 2108 463 et

2231 406 2436 476 πθείσης
2469 405 2610 475 μετά
2641 402 2741 471 τῆς
2764 397 3122 470 οίκειοχείρου
3174 395 3493 466 ἐπιγραφῆς
3521 393 3614 448 καὶ
3648 394 3786 448 ὑπο-

537 488 846 581 subscripta
880 548 897 575 ,
939 507 1189 590 'episcOpi
1227 509 1309 575 {ut
1366 510 1640 560 testentur
1703 500 2102 571 subiectionem

2231 499 2454 572 πραφῆς,
2489 498 2538 551 oi
2575 495 2855 567 ἀρχιερεῖς
2920 489 3293 563 προσκυνοῦσι
3323 490 3414 542 διὰ
3442 489 3543 560 τὴν
3580 488 3788 543 ὑποτα-

535 621 716 667 suam.
759 580 894 659 eum
939 581 1207 662 adorant,
1286 598 1546 667 quoniam
1599 594 1806 664 Magna
1862 594 2127 649 ecclesiae.

2231 593 2337 663 ripa,
2368 592 2451 646 ὅτι
2489 591 2750 662 μνήστωρ
2780 587 2880 656 τῆς
2905 585 3168 654 Μεγάλης
3208 582 3507 651 ἐκκλησίας
3546 580 3785 646 ἐγένετο.

535 711 779 768 sponsus
819 695 998 749 factus
1037 703 1120 746 est
1151 710 1166 759 ;
1200 699 1363 759 atque
1397 689 1465 744 ab
1490 702 1556 744 eo
1596 686 1867 742 benedicti
1901 686 1954 740 in
1988 684 2107 740 loca

535 795 798 842 consueta
830 793 986 839 extra
1020 782 1261 838 tribunal
1289 783 1576 845 secedunt,
1601 788 1654 834 et
1675 787 1857 833 vestes
1897 777 2112 847 episco-

536 882 686 950 pales
717 878 951 932 induunt
984 891 1196 931 omnes.
1230 872 1540 947 Presbyteri
1588 885 1806 942 quoque
1852 869 2111 924 benedic-

537 975 740 1027 tionem
771 972 839 1026 ab
869 986 932 1024 eo
963 969 1258 1038 accipiunt.
1286 967 1420 1020 Cum
1469 971 1650 1019 autem
1711 962 1801 1032 qui
1836 960 2108 1016 secundas

537 1067 677 1119 inter
705 1064 1053 1133 presbyteros
1087 1061 1218 1130 agit,
1241 1059 1572 1114 oblationem
1617 1055 1683 1111 de
1714 1069 1866 1108 more
1897 1052 2108 1113 fecerit,

534 1158 705 1211 missa
748 1157 1060 1209 inchoatur.
1091 1153 1278 1206 Primo
1325 1149 1556 1204 introitu
1613 1146 1760 1201 facto
1808 1143 2025 1199 diaconi
2057 1150 2112 1196 et

534 1248 839 1317 presbyteri
868 1262 962 1316 per
994 1244 1257 1314 templum
1316 1242 1713 1312 egrediuntur,
1741 1243 1801 1292 et
1857 1235 2110 1288 oratione

537 1339 790 1393 introitus
816 1339 1104 1405 completa,
1129 1334 1241 1389 bini
1271 1334 1342 1387 de
1366 1347 1520 1386 more
1540 1330 1596 1384 in
1629 1325 2004 1384 sanctuarium
2029 1327 2113 1379 in—

537 1429 876 1498 grediuntur.

1025 1602 1108 1658 CA
1120 1601 1202 1657 PU
1214 1599 1255 1655 T
1305 1599 1614 1656 CCXXXV.

537 1719 692 1784 Quod
751 1714 982 1782 episcopi
1021 1713 1233 1781 quando
1270 1711 1585 1784 patriarcha
1635 1709 1968 1784 ordinandus
2010 1721 2110 1770 est,

612 1779 864 1848 templum
921 1779 1040 1837 non'
1072 1798 1162 1850 per
1203 1779 1434 1833 mediam
1481 1789 1712 1848 portam,
1742 1780 1829 1832 sed
1872 1796 1902 1830 a
1952 1779 2115 1831 latere

615 1856 847 1924 (dextro)
889 1853 1291 1923 ingrediuntur.

609 1967 864 2036 Episcopi
888 1982 1015 2019 vero
1042 1981 1071 2020 a
1091 1963 1538 2034 chartophylace,
1563 1970 1618 2018 et
1642 1963 1818 2031 iisfqui
1841 1977 1964 2016 cum
2001 1965 2120 2031 Ipso

540 2068 689 2124 sunt,
718 2057 1078 2118 advocamur,
1115 2056 1292 2124 iisque
1320 2053 1711 2123 prteeuntibus
1735 2069 1764 2107 a
1797 2052 2038 2107 dexteris
2069 2060 2122 2106 et

540 2150 800 2213 sinistris,
837 2147 1216 2202 sanctuariqu
1251 2146 1658 2212 ingrediuntur,
1708 2145 1933 2214 binique
1993 2145 2122 2197 ado-

544 2249 727 2293 rantes
762 2238 1018 2303 electum,
1047 2246 1193 2290 stant
1217 2235 1520 2290 secundum
1537 2235 2121 2289 ordinem.Ccrcorum

543 2330 934 2386 distributione
966 2329 1133 2392 facta,
1155 2339 1210 2381 et
1244 2327 1614 2383 luminaribus
1647 2327 1896 2396 pluribus
1929 2342 2122 2382 acoen-

545 2421 625 2476 sis
655 2421 706 2474 in
727 2421 1250 2474 demonstrationem
1305 2419 1504 2472 divinae
1553 2418 1978 2472 illutninationis
2007 2458 2021 2483 ,
2064 2427 2123 2472 ut

545 2513 748 2581 saepius
800 2509 1064 2574 diximus,
1122 2518 1176 2562 et
1210 2509 1476 2563 adventus
1530 2506 1771 2575 Spiritus
1798 2516 1852 2563 et
1885 2508 2122 2562 illustra-

546 2601 711 2657 tionis
751 2641 766 2665 ,
843 2600 1098 2653 maximae
1126 2613 1344 2667 quoque
1391 2608 1610 2667 propter
1659 2600 1762 2652 hoc
1825 2599 2122 2654 alacritatis

545 2703 598 2746 et
633 2693 814 2764 gaudii
843 2695 896 2746 in
928 2692 1068 2746 caelo
1096 2702 1148 2746 et
1184 2692 1236 2744 in
1272 2699 1438 2753 terra,
1474 2691 1680 2744 electus
1716 2707 1744 2743 a
1767 2692 1982 2745 duobus
2017 2691 2124 2759 pri-

549 2787 652 2840 mis
686 2786 956 2854 episcopis
984 2786 1110 2838 hinc
1140 2784 1263 2838 inde
1293 2785 1615 2848 assumitur,
1643 2782 1822 2837 caueri
1875 2799 2004 2837 vero
2037 2800 2125 2837 se-

551 2883 816 2944 quuntur,
845 2874 938 2928 sed
973 2874 1153 2928 clerici
1209 2888 1402 2928 omnes
1453 2872 1821 2937 antecedunt,
1886 2873 2124 2944 dumque

555 2962 824 3032 praeclare
855 2971 911 3016 et
931 2960 1221 3029 magniﬁce
1250 2967 1572 3014 decantatur
1597 2960 1852 3030 hymnus,
1891 2978 1908 3011 ι
1937 2959 2123 3015 Sancti

555 3063 880 3126 martyres,»
909 3063 988 3108 ter
1013 3055 1230 3108 ducitur
1247 3054 1443 3107 chorea
1470 3069 1533 3106 ex
1554 3053 1952 3107 consuetudine
1976 3055 2122 3107 circa

555 3160 770 3200 saCram
816 3160 1062 3199 mensam
1103 3152 1325 3213 propter
1355 3143 1596 3197 laetitiam
1621 3143 1916 3206 cmlestem,
1942 3143 2126 3197 omni-

555 3238 678 3299 bus,
708 3237 824 3305 ipso
857 3253 1074 3305 quoque
1109 3240 1286 3289 electo
1309 3274 1324 3295 .
1357 3235 1411 3288 in
1455 3249 1782 3302 unaquaque
1825 3237 2025 3288 chorea
2060 3235 2126 3289 ad

555 3342 764 3382 sacram
797 3342 1039 3382 mensam
1077 3328 1227 3380 velut
1258 3335 1386 3379 ante
1432 3323 1526 3379 Dei
1566 3325 1824 3378 thronum
1854 3337 1974 3380 sese
1995 3325 2130 3394 abii-

553 3417 830 3474 cientibus
878 3427 1042 3486 atque
1071 3417 1566 3489 prosternentibus.

1048 3639 1280 3697 CAPUT
1319 3638 1651 3696 CCXXXVI.

557 3756 634 3812 Ab
658 3750 1046 3824 arthiepiscopo
1081 3753 1443 3828 Heracleert‘sfi,
1493 3757 1540 3810 si
1568 3772 1802 3825 prmem
1831 3757 1925 3810 ille
1945 3757 2129 3828 fuerit,

623 3828 983 3896 patriarcltam
1024 3827 1291 3878 ordinari.
1343 3825 1463 3890 Sin,
1501 3844 1531 3879 a
1554 3828 1727 3894 primo
1750 3825 1956 3897 quoque
1993 3827 2133 3880 alio-

626 3913 746 3951 rum
784 3897 1324 3965 archiepiscoporum.

629 3987 725 4044 His
758 3988 1011 4057 peractis,
1037 3988 1246 4051 statim,
1269 3987 1314 4041 si
1340 3987 1495 4041 adest
1514 3987 1790 4044 Heracleae
1818 3989 2132 4059 episcopus,

558 4083 650 4137 ille
678 4095 796 4151 quae
820 4081 884 4134 ad
926 4079 1254 4150 patriarcha:
1285 4079 1687 4135 ordinationem
1739 4090 2015 4152 spectant,
2039 4098 2136 4138 ex-

561 4176 841 4243 sequitur;
874 4188 939 4227 eo
968 4172 1140 4242 quod,
1162 4182 1220 4225 ut
1255 4173 1476 4238 dicitur,
1512 4173 1831 4243 Byzantium
1858 4190 1887 4228 a
1929 4175 2136 4230 Severo

562 4266 893 4334 imperatore
926 4263 1203 4319 Heraclea:
1234 4264 1480 4332 subjecta
1505 4265 1626 4330 fuit,
1649 4275 1702 4318 et
1728 4281 1899 4334 usque
1930 4268 1996 4320 ad
2026 4281 2138 4320 ma-

561 4373 728 4426 gnum
789 4356 1640 4439 Constantinum“episcopatus
1703 4357 1807 4412 luit
1861 4359 2137 4414 Heraclea:

2209 685 2324 738 Kal.
2378 682 2767 750 εὐλογοῦμενοι
2816 678 2952 749 παρ’
2981 676 3172 736 αὐτοῦ.
3227 676 3307 737 είς
3352 674 3478 735 τοὺς
3538 672 3789 742 συνήθεις

2215 776 2415 843 ἔξωθεν
2470 774 2564 828 τοῦ
2615 773 2859 843 βήματος
2920 769 3256 838 ἀπέρχονται
3317 765 3529 825 τόπους,
3571 765 3665 816 καὶ
3722 764 3790 813 τὰ

2212 864 2575 935 ἀρχιερατικὰ
2607 862 3000 932 ἀμφιέννυνται
3031 859 3268 913 ᾶπαντα.
3311 853 3436 908 Τῶν
3484 853 3789 922 πρεσσυτέ-

2217 976 2326 1027 ρων
2349 959 2404 1011 δὲ
2424 956 2700 1010 λαϐόντων
2731 954 2825 1007 καὶ
2852 953 3032 1006 αὐτῶν
3064 949 3320 1016 εὐλογίαν
3341 946 3435 1000 τοῦ
3457 946 3566 998 τῶν
3603 948 3792 1013 ἱερέων

2213 1068 2272 1102 τε
2299 1048 2709 1116 δευτερεύοντος
2742 1043 3113 1116 ποιησαμένου
3144 1041 3243 1109 τὴν
3284 1037 3680 1108 προσκομιδην,
3713 1037 3790 1099 ὼς

2215 1141 2358 1205 ἔθος,
2387 1141 2419 1208 ὴ
2453 1137 2768 1206 λειτουργία
2795 1137 3050 1205 ἄρχεται.
3070 1134 3183 1186 Καὶ
3202 1133 3301 1200 τῆς
3325 1128 3551 1198 πρώτης
3581 1127 3790 1180 εἰσόδου

2213 1230 2531 1300 γινομένης,
2559 1230 2609 1281 oi
2643 1229 2743 1298 μὲν
2775 1227 3015 1280 διάκονοι
3065 1225 3160 1277 καὶ
3193 1223 3361 1288 ἱερεῖς
3405 1221 3495 1274 διὰ
3536 1219 3629 1273 τοῦ
3660 1217 3789 1273 ναοῦ

2219 1323 2531 1389 ἐξελθόντες
2560 1323 2656 1374 καὶ
2687 1319 2787 1389 τὴν
2816 1320 2981 1389 εὐχὴν
3010 1316 3396 1377 ἐκτελέσαντες
3428 1317 3526 1382 τῆς
3555 1314 3786 1378 εἰσόδου,

2219 1417 2463 1484 συνήθως
2512 1413 2656 1466 κατά
2701 1411 2968 1478 συζυγίαν
3023 1410 3104 1473 είς
3154 1409 3216 1460 τὸ
3248 1407 3395 1460 θεῖον
3427 1405 3579 1476 βῆμα
3612 1404 3792 1474 εἰσέρ-

2218 1527 2424 1580 χονται.

2760 1597 2801 1646 Κ
2815 1595 2986 1647 ΕΦΑΛ
2999 1630 3013 1645 .
3047 1593 3212 1646 XAE'.

2222 1717 2348 1767 Ὀτι
2389 1713 2500 1765 οὐκ
2523 1711 2906 1764 εἰσοδεύοιισι
2935 1706 3150 1775 μέσον,
3206 1705 3497 1772 πατριὰρχ
3537 1724 3574 1740 ὀ
3607 1720 3796 1773 τειρο-

2294 1784 2667 1850 τογοινμένου
2701 1784 2750 1832 οΙ
2781 1778 3077 1847 ἀρχιερεῖς
3104 1794 3120 1809 ⁶
3155 1776 3316 1830 ἀλλὰ
3343 1776 3442 1829 διὰ
3504 1793 3608 1843 τῃ,
3642 1780 3800 1829 3.1a-

2291 1853 2427 1921 τίης
2457 1851 2856 1918 εἰσέρχονται.

2294 1967 2358 2020 Οἱ
2387 1965 2664 2036 ἀρχιερεῖς
2699 1963 2755 2015 δὲ
2791 1961 2939 2031 παρὰ
2969 1959 3064 2012 τοῦ
3107 1958 3525 2030 χαρτοφύλακος
3565 1959 3659 2012 καὶ
3689 1957 3802 2010 τῶν

2224 2057 2323 2112 σὺν
2360 2055 2505 2124 αὑτῷ
2539 2053 3018 2125 προσκαλούμενοι
3064 2053 3160 2104 καὶ
3192 2048 3689 2120 προοδηγούμενοι,
3712 2048 3817 2118 διὰ,

2223 2147 2321 2216 τῆς
2364 2147 2599 2214 πλαγίας
2645 2147 2742 2214 τῆς
2776 2145 2960 2210 δεξιᾶς
2988 2144 3332 2212 εἰσέρχονται
3389 2142 3453 2194 τὸ
3500 2141 3802 2211 θυσιαστή-

2229 2257 2366 2311 ριον,
2403 2240 2497 2294 καὶ
2533 2237 2969 2310 προσκυνοῦντες
2992 2237 3134 2290 κατὰ
3162 2233 3431 2304 συζυγίαν
3462 2233 3537 2303 τῷ
3566 2233 3643 2286 ἔτι
3674 2232 3806 2285 ὑποο

2223 2333 2434 2403 ψηφίῳ,
2476 2333 2723 2386 ῐστανται
2760 2331 2902 2384 κατά
2949 2331 3128 2395 τάξιν.
3167 2327 3510 2398 Κηροδοσίας
3535 2327 3592 2380 δὲ
3643 2341 3795 2394 γινοο

2230 2427 2424 2495 μένης,
2455 2425 2552 2478 καὶ
2585 2424 2782 2492 φώτων
2817 2422 3211 2490 ἁναπτομένων
3243 2419 3457 2474 πολλῶν
3489 2422 3569 2482 είς
3603 2419 3805 2486 δεῖγμα

2223 2517 2318 2570 τοῦ
2351 2517 2498 2570 θείου
2550 2515 2854 2585 φωτισμοῦ,
2883 2515 2960 2576 ὡς
2991 2513 3255 2577 πολλάκις
3284 2514 3614 2583 εἰρήκαμεν,
3649 2506 3812 2580 174

2225 2613 2322 2664 καὶ
2364 2609 2464 2678 τῆς
2502 2607 2803 2677 ἐπιδημίας
2839 2605 2930 2658 τοῦ
2967 2605 3290 2674 Πνεύματος
3323 2603 3418 2657 καὶ
3463 2601 3807 2670 ἐλλάμψεως,

2227 2704 2322 2756 καὶ
2353 2704 2448 2772 τῆς
2482 2701 2744 2770 μεγίστης
2781 2701 2922 2770 ὑπὲρ
2952 2698 3143 2751 τούτου
3178 2698 3235 2749 ἐν
3260 2694 3337 2765 τῷ
3360 2693 3577 2764 οὐρανῷ
3609 2694 3704 2746 καὶ
3741 2695 3801 2745 ἐν

2226 2785 2298 2866 iii
2331 2795 2740 2864 λαμπρότητος,
2775 2795 2868 2845 καὶ
2909 2793 3104 2860 χαρᾶς,
3136 2792 3164 2843 ό
3200 2788 3510 2858 ὑποψήφιος
3543 2787 3648 2838 ὑπὸ
3693 2783 3808 2838 τῶν

2227 2887 2322 2942 δύο
2353 2887 2586 2957 πρῶτων
2616 2884 2957 2954 ἑκατέρωθεν
3003 2882 3341 2951 λαμϐάνεται
3376 2879 3674 2951 ἀρχιερέων
3695 2893 3708 2906 ·
3753 2880 3803 2930 ol

2227 2979 2407 3032 λοιποὶ
2437 2979 2492 3030 δὲ
2524 2978 2750 3030 ἕπονται
2770 2977 2866 3030 καὶ
2897 2978 2944 3029 oi
2966 2975 3223 3046 κληρικοὶ
3253 2975 3461 3036 πάντες
3486 2972 3801 3041 πορεύονται

2156 3090 2202 3149 c
2235 3070 2566 3142 ἔμπροσθεν.
2602 3071 2711 3122 Καὶ
2765 3068 3038 3140 λαμπρῶς
3091 3066 3360 3137 ᾀδομένου
3405 3064 3532 3131 τοῦ,
3569 3081 3587 3114 ι
3622 3063 3804 3129 Ἀγιοι

2234 3166 2532 3236 μάρτυρες,
2569 3183 2587 3216 ι
2619 3163 2863 3234 ἠχορεία
2887 3162 3098 3229 γίνεται
3140 3159 3358 3230 τρισσῆ,
3398 3155 3665 3210 κυκλόθεν
3709 3155 3808 3223 τῆς

2232 3257 2380 3318 θείας
2413 3254 2696 3326 τραπέζης
2743 3254 2888 3307 κατά
2919 3252 2982 3306 τὸ
3025 3252 3147 3314 ἔθος
3182 3251 3271 3303 διὰ
3323 3251 3420 3320 τὴν
3468 3247 3816 3317 εὐφροσύνην

2231 3349 2331 3418 τὴν
2365 3348 2700 3418 ἐπουράνιον
2752 3346 2898 3400 κατά
2933 3344 3177 3416 χορείαν,
3213 3339 3590 3413 προσκύνησιν
3652 3341 3712 3392 ἐν
3744 3338 3813 3408 τῇ

2235 3441 2356 3510 ἱερᾷ
2378 3441 2631 3512 τραπέζῃ
2665 3440 2741 3503 ὡς
2769 3441 2826 3492 ἐν
2852 3439 2932 3508 τῷ
2966 3437 3142 3506 θρόνῳ
3171 3435 3270 3488 τοῦ
3301 3432 3436 3488 Θεοῦ
3470 3429 3816 3502 ποιουμένων

2236 3533 2493 3586 ἁπάντων
2541 3533 2639 3584 καὶ
2669 3529 2766 3585 τοῦ
2798 3529 3141 3600 ὕποψηφίου.

2779 3644 3033 3698 ΚΕΦΑΛ.
3074 3640 3260 3709 ΣΑςῖν.

2237 3760 2366 3814 Ὀτι
2389 3762 2438 3813 εί
2463 3757 2580 3828 μὲν
2617 3758 2968 3826 Ἡρακλείας
2998 3758 3290 3828 πάρεστιη
3305 3755 3449 3828 παρ’
3476 3751 3667 3828 αὑτοῦ
3691 3769 3820 3828 χες

2298 3819 2636 3898 poma-sitat
2673 3819 2704 3883 ὅ
2741 3819 3136 3896 πατριάρχης,
3179 3829 3232 3898 εί
3265 3826 3316 3879 δ’
3348 3819 3485 3887 οὖν,
3515 3819 3817 3892 παριϊτοῦ

2306 3895 2540 3968 πρώτου
2569 3900 2688 3953 τῶν
2717 3895 2927 3951 ἄλλων
2960 3895 3309 3966 ἀρχιερέων.

2308 3991 2420 4045 Καὶ
2476 3991 2642 4053 εὐθὺς
2675 3990 2726 4043 εί
2765 3989 2865 4059 μὲν
2917 3989 3252 4058 Ἡρακλείας
3304 3988 3453 4042 ἐστὶν
3499 3987 3812 4058 ἀρχιερεὺς,

2237 4079 2391 4148 οὗτος
2420 4087 2488 4136 τὰ
2531 4084 2630 4152 τῆς
2663 4081 3001 4153 χειροτονίας
3033 4083 3250 4151 ἐνεργεῖ
3282 4082 3378 4133 τοῦ
3424 4083 3768 4150 πατριάρχου
3801 4095 3814 4109 ·

2239 4181 2385 4240 ἐπεὶ,
2419 4178 2493 4240 ὥς
2523 4193 2676 4245 φασι,
2707 4176 2766 4229 τὸ
2802 4174 3096 4238 Βυζάντιον
3127 4175 3234 4226 ἀπὸ
3278 4173 3522 4243 Σεὸἠρου
3555 4173 3821 4243 βασιλέως

2241 4271 2344 4324 ὑπὸ
2375 4274 2472 4340 τὴν
2512 4269 2843 4340 Ἡράκλειαν
2893 4267 3109 4335 γέγονε,
3146 4267 3240 4320 καὶ
3275 4267 3549 4338 ἐπισκοπὴ
3599 4261 3668 4336 ἦν
3720 4263 3824 4317 τοῦ

2252 4361 2585 4432 Ἡρακλείας
2617 4359 2748 4429 ἄχρι
2798 4364 2890 4412 καὶ
2935 4358 3027 4411 τοῦ
3090 4358 3334 4426 μεγάλου
3378 4357 3820 4411 Κωνσταντίνου.

563 4449 852 4520 metropoli
891 4448 1213 4503 attributus.
1243 4436 1506 4503 Ascendit
1550 4450 1718 4519 igitur
1757 4465 1926 4516 super
1953 4450 2128 4520 crepi-

2250 4453 2521 4508 Ἀνελθὼν
2556 4451 2650 4506 οὖν
2679 4453 2772 4504 ἐπὶ
2795 4451 2894 4520 τῆς
2919 4452 3203 4521 κρηπῖδος,
3229 4449 3338 4503 τῶν
3361 4449 3664 4518 ἀρχιερέων
3687 4449 3826 4501 πάν-

561 4541 769 4604 dinem,
828 4540 1088 4594 erunibus
1147 4541 1420 4609 episcopis
1469 4540 1647 4608 ipsum
1696 4540 2016 4609 juvantihus
2080 4547 2134 4594 et

561 4635 1101 4700 contingentibus,ut
1128 4648 1466 4687 consensum
1497 4647 1658 4686 suum
1682 4631 1733 4685 in
1752 4631 1895 4685 illius
1921 4632 2138 4686 ordina-

565 4722 715 4776 tione
755 4726 1147 4789 demonstrent,
1179 4738 1341 4792 quam
1373 4723 1536 4778 simul
1569 4724 1966 4786 decreverunt,
1993 4724 2140 4778 ordi~

567 4811 808 4863 nandum
865 4828 1056 4867 omnes
1087 4829 1307 4882 quoque
1363 4814 1529 4867 simul
1581 4814 1634 4868 in
1673 4812 1882 4884 Spiritu
1945 4825 2138 4869 sancto

565 4909 917 4954 consecrant.
951 4903 1110 4957 Hunc
1163 4906 1404 4972 primum
1435 4906 1500 4958 de
1534 4920 1689 4960 more
1745 4903 2023 4960 Heraclea:
2047 4921 2140 4958 ar-

565 4993 949 5062 chiepiscopus
975 5004 1057 5047 ter
1096 5010 1257 5049 cruce
1295 4996 1498 5065 signat,
1538 4996 1642 5052 hac
1680 4997 1895 5051 actione
1947 4997 2142 5066 primi-

567 5086 672 5140 tias
701 5085 1070 5140 ordinationis
1088 5085 1361 5142 delibans.
1400 5088 1456 5143 Si
1485 5104 1615 5144 vero
1636 5105 1745 5143 non
1779 5089 1932 5146 adest
1971 5091 2144 5144 Hera-

569 5179 704 5234 clea:
745 5177 1216 5248 archiepiscopus,
1276 5182 1484 5250 primus
1535 5197 1726 5237 eorum
1788 5185 1880 5253 qui
1943 5183 2144 5237 adsunt

568 5273 864 5342 episcopus
892 5273 1301 5328 ordinationem
1343 5288 1466 5328 cum
1503 5275 1626 5330 aliis
1661 5275 1811 5331 tacit.
1847 5276 2039 5331 Postea
2060 5290 2146 5328 or-

572 5364 815 5418 dinando
841 5380 1018 5434 genua
1046 5365 1314 5432 ﬂectenti,
1343 5365 1524 5421 fronte
1559 5381 1780 5436 quoque
1809 5375 1863 5421 et
1895 5367 2070 5435 capite
2092 5367 2145 5418 in

572 5471 781 5510 sacram
820 5473 1060 5512 mensam
1091 5460 1427 5515 incuutbenti
1467 5475 1690 5514 manqu
1743 5459 2009 5512 ordinans
2071 5457 2147 5510 illi

529 5543 536 5548 ’
575 5549 828 5616 imponit,
854 5558 906 5602 et
938 5553 1120 5605 caeteri
1160 5553 1309 5606 illum
1345 5552 1690 5620 contingunt.
1739 5551 1976 5617 Denique
2031 5564 2151 5618 quae

579 5649 708 5692 sunt
745 5641 800 5693 in
829 5643 912 5694 ala
944 5657 1039 5695 seu
1095 5643 1300 5712 Spiritu
1338 5643 1636 5710 descripta,
1697 5642 1828 5709 legit
1865 5640 2149 5708 ordinans,

575 5729 722 5784 istud
749 5745 965 5800 nempe,
1008 5751 1026 5784 ι
1071 5732 1260 5787 Divina
1297 5734 1495 5803 gratia.
1539 5751 1560 5785 ι
1592 5731 1706 5788 lloc
1759 5732 1922 5799 facto,
1956 5748 2150 5790 secun-

2244 4564 2350 4601 των
2388 4543 2796 4616 συνεργούντων
2833 4542 2983 4610 αὐτῷ
3043 4543 3136 4595 καὶ
3192 4541 3694 4609 συνεφαπτομένων
3745 4537 3824 4610 τῷ

2243 4636 2708 4707 χειροτονουμένη)
2763 4648 2823 4684 τε
2887 4634 2983 4684 καὶ
3044 4631 3322 4699 ἀλλήλοις,
3375 4629 3690 4691 δεικνύντες
3749 4628 3826 4689 ὡς

2246 4726 2598 4797 συμφωνοῦσι
2633 4725 2854 4787 πάντες,
2891 4724 3014 4775 ἐπεὶ
3070 4725 3164 4776 καὶ
3225 4721 3692 4790 συνεψηφίσαντο,
3731 4721 3826 4772 καὶ

2250 4817 2764 4888 συγχειροτονοῦσιν
2795 4814 2930 4884 ὁμοῦ
2967 4817 3023 4866 ἐν
3056 4815 3195 4881 ἁγίῳ
3246 4813 3534 4882 Πνεύματι
3581 4813 3673 4864 τὸν
3708 4828 3824 4880 χει-

2250 4910 2660 4980 ροτονούμενον,
2691 4905 2983 4978 σφραγίζει
3018 4904 3212 4958 τοῦτον
3249 4906 3276 4957 ὁ
3318 4902 3643 4972 Ἡρακλείας
3670 4899 3826 4971 πρῶ-

2244 5019 2336 5053 τον
2395 4999 2537 5054 κατὰ
2592 5001 2651 5052 τὸ
2691 5000 2810 5060 ἔθος
2857 4999 3002 5068 τρὶς,
3052 4997 3152 5064 τὴν
3202 4995 3461 5065 ἀπαρχὴν
3498 4994 3670 5046 ποιῶν
3717 4991 3824 5062 τῆς

2247 5093 2602 5165 χειροτονίας.
2634 5091 2698 5145 Ei
2748 5092 2804 5144 δὲ
2861 5093 2962 5144 οὐκ
3018 5090 3166 5142 ἔστιν
3232 5085 3588 5158 Ἡρακλείας,
3637 5085 3828 5154 ἕτερος

2248 5187 2542 5256 ἀρχιερεὺς
2573 5185 2681 5238 τῶν
2710 5185 2886 5238 ἄλλων
2916 5185 2943 5236 ό
2974 5182 3193 5252 πρῶτος
3229 5180 3327 5251 τὴν
3358 5179 3694 5250 χειροτονίαν
3728 5177 3828 5230 σὺν

2248 5282 2362 5339 τοῖς
2402 5279 2612 5338 λοιποῖς
2671 5277 2907 5346 ἐνεργεῖ.
2956 5271 3090 5331 Εἶτα
3145 5273 3428 5334 κλίναντος
3477 5272 3544 5324 τὰ
3603 5270 3826 5338 γόνατα,

2249 5371 2343 5423 καὶ
2377 5369 2470 5421 ἐπὶ
2500 5368 2598 5438 τῆς
2629 5367 2778 5430 θείας
2798 5369 3082 5438 τραπέζης
3115 5365 3176 5417 τὸ
3205 5365 3456 5434 μέτωπον
3487 5361 3707 5432 ἔχοντος
3731 5359 3829 5412 τοῦ

2250 5461 2733 5530 χειροτονουμένου
2767 5462 2862 5513 καὶ
2883 5457 2982 5530 τὴν
3005 5457 3254 5528 κεφαλὴν
3275 5453 3361 5508 ἐπ’
3384 5456 3522 5524 αὐτῇ
3547 5452 3642 5523 τὴν
3668 5453 3829 5522 χεῖρα

2252 5552 2471 5622 τίθησιν
2507 5553 2536 5603 ὁ
2563 5550 2909 5620 χειροτονῶν,
2951 5551 3042 5603 καὶ
3071 5551 3120 5602 oi
3151 5549 3330 5601 λοιποὶ
3369 5545 3829 5614 συνεφάπτονται.

2256 5643 2366 5696 Καὶ
2395 5641 2463 5694 τὰ
2494 5639 2588 5693 τοῦ
2631 5640 2832 5710 πτεροῦ
2863 5640 2984 5711 ἦτοι
3017 5639 3110 5692 τοῦ
3162 5637 3478 5706 Πνεύματος
3513 5639 3540 5687 ό
3589 5649 3829 5704 χειροτοι

2261 5731 2368 5787 νῶν
2406 5731 2800 5800 ἀναγινώσκει,
2831 5731 2914 5798 τὸ,
2945 5748 2962 5782 ι
3011 5730 3080 5784 Ἦ
3105 5729 3228 5784 θεία
3272 5729 3456 5798 χάρις.
3487 5743 3506 5778 ι
3545 5724 3656 5780 Καὶ
3688 5721 3830 5794 μετά
