4126 6268
554 335 660 398 455

1302 330 1697 394 SYMEONIS
1736 331 2503 398 THESSALONICENSIS
2544 337 2905 400 ARCHIE‘P.

3708 332 3817 396 456

551 447 851 516 semetipso
897 443 1138 514 suscepit
1163 483 1177 508 ,
1208 452 1264 499 et
1313 443 1742 512 demonstravit,
1782 455 1837 501 et
1868 445 2134 502 uniuscu-

2247 452 2365 523 τὴρ,
2398 450 2581 515 καθὼς
2607 450 2837 523 ἔφημεν,
2864 450 3071 518 ἔδειξεν
3096 451 3152 505 ἐν
3180 447 3358 520 ἐαυτῷ
3390 465 3404 481 ο
3455 446 3550 503 καὶ¹
3583 446 3652 501 τὰ
3687 446 3818 501 ἐκάο

552 541 756 611 jusque
788 537 990 608 gradus
1022 535 1264 590 officium
1298 552 1396 608 per
1435 537 1678 607 seipsum
1709 546 2006 594 exsecutus
2031 547 2136 604 est,

556 632 1088 705 fundamentumque
1146 633 1252 688 fuit
1322 640 1376 690 et
1429 633 1711 702 exemplar
1795 631 2134 702 primitivum

548 712 737 778 omnis
761 724 891 779 boni
928 742 1037 796 quo
1067 724 1366 782 Ecciesiam
1395 740 1552 781 suam
1572 723 1817 781 donavit.
1856 722 1952 778 Est
1987 723 2133 777 enim

559 818 667 873 dux
699 832 751 874 et
783 821 1042 890 princeps
1073 819 1195 873 viltP
1229 828 1282 873 et
1339 818 1531 873 salutis
1563 827 1767 872 nostra:
1790 856 1805 879 ,
1852 815 2139 886 mysterio-

558 926 679 964 rum
709 926 932 980 ρι-τηείιε,
961 921 1015 965 et
1047 909 1374 964 initiationis
1407 916 1687 979 operator,
1710 906 1998 976 perliciens
2023 905 2139 975 ipse

560 1014 613 1057 et
650 1005 927 1072 perfeetus
960 1020 974 1057 :
1005 1003 1122 1070 ipse
1156 1002 1305 1055 solus
1354 1010 1436 1056 est
1464 1001 1740 1070 ipsissima
1792 997 2056 1069 perfectio
2087 1004 2140 1051 et

559 1094 985 1149 consummatio.
1038 1093 1513 1159 Quemadmodum
1553 1092 1720 1162 igitur
1759 1100 1891 1144 tune
1931 1090 2139 1159 baptis-

561 1200 708 1238 mum
736 1195 790 1240 et
839 1186 1078 1241 chrisma
1115 1185 1356 1256 suscepit
1388 1192 1609 1255 propter
1642 1198 1766 1247 nos,
1793 1196 1916 1236 eum
1954 1180 2138 1247 bapti-

561 1289 718 1332 zatus
751 1277 1018 1347 Spiritum
1050 1276 1288 1348 desuper
1321 1277 1531 1344 accepit
1562 1275 1671 1329 :ita
1711 1288 1833 1342 qum
1861 1272 1928 1327 ad
1956 1287 2140 1327 sacer-

561 1370 772 1425 dotium
808 1371 1088 1439 pertinent
1119 1368 1420 1423 secundum
1447 1366 1622 1434 iptius
1646 1364 1844 1435 gradus
1878 1376 2140 1431 operatus

564 1469 645 1515 est
677 1470 804 1515 ante
839 1461 1198 1528 baptismum,
1237 1468 1290 1513 et
1326 1466 1451 1528 post
1497 1457 1855 1525 baptismum.
1893 1454 2140 1512 Lectoris

564 1551 747 1605 ofticio
785 1550 1009 1604 functus
1034 1557 1137 1615 est,
1171 1562 1294 1602 cum
1332 1562 1534 1601 annum
1558 1562 1723 1616 agens
1753 1545 2139 1601 duodecimum

562 1647 617 1701 in
651 1646 831 1700 medio
865 1645 1155 1699 doctorum
1194 1641 1374 1705 sedit,
1411 1652 1509 1694 eos
1549 1639 1783 1693 audiens
1810 1649 1866 1692 et
1909 1638 2143 1693 interro-

561 1753 718 1807 gans.
751 1724 1024 1791 Praeterea
1066 1732 1269 1804 populo
1297 1732 1485 1802 legens
1520 1730 1574 1784 in
1615 1730 1796 1783 medio
1830 1743 2139 1800 synagogac,

2242 561 2369 598 στου
2403 543 2618 615 βαθμοῦ
2672 544 2741 599 δι’
2797 544 2996 599 ἑαυτοῦ
3036 545 3311 613 ἐνήργησε
3353 559 3366 573 ο
3428 543 3527 598 καὶ
3569 539 3820 609 θεμέλιος

2239 627 2397 698 οὗτος
2413 637 2602 706 γέγονε
2641 639 2735 692 καὶ
2773 635 3081 706 ἀρχέτυπον
3119 633 3326 703 ἀγα.θοῦ
3364 631 3564 696 παντὸς
3603 634 3669 702 τῇ
3700 631 3823 685 ἐαυ-

2240 728 2334 784 τοῦ
2362 731 2664 800 Ἐκκλησία
2701 748 2716 763 ·
2751 730 2833 784 ὅτι
2858 728 2954 783 καὶ
2984 729 3235 799 ἀρχηγὸς
3268 726 3369 796 τῆς
3402 725 3551 795 ζωῆς
3596 724 3691 778 καὶ
3722 725 3822 792 τῆς

2244 823 2522 893 σωτηρίας
2545 823 2699 893 ἡμῖν,
2746 822 2842 876 καὶ
2870 821 3208 888 τελετάρχης
3262 818 3362 871 καὶ
3413 815 3822 886 τελεσιουργὸς.

2241 912 2339 966 καὶ
2363 913 2531 967 τελῶν
2567 913 2657 965 καὶ
2679 912 3027 981 τελούμενος,
3061 914 3157 965 καὶ
3205 908 3613 976 αύτοτελειότης
3663 907 3821 976 μόνος

2243 1006 2391 1058 ἐστίν
2425 1022 2437 1035 ·
2468 1006 2656 1074 ὥσπερ
2683 999 2776 1059 οὖν
2812 1005 2871 1058 τό
2899 1022 2959 1057 τε
3001 1004 3292 1075 βάπτισμα
3332 1003 3428 1056 καὶ
3481 999 3653 1068 μύρον
3706 998 3823 1050 ἐδέ-

2243 1096 2373 1163 ξατο
2404 1097 2471 1150 δι’
2504 1097 2649 1167 ἡμᾶς
2688 1098 2743 1149 ἐν
2770 1096 2846 1165 τῷ
2876 1094 3245 1164 βαπτισθῆναι
3295 1093 3356 1146 τὶ
3392 1091 3616 1159 Πνεῦμα
3666 1086 3822 1153 δεξά-

2247 1204 2407 1258 μενος
2445 1186 2676 1249 ἄνωθεν,
2710 1187 2806 1241 καὶ
2828 1187 2895 1239 τὰ
2922 1188 3020 1256 τῆς
3051 1184 3352 1253 ἱερωσύνης
3407 1180 3549 1234 κατὰ
3613 1178 3821 1249 βαθμὸν

2243 1277 2540 1347 ἐνήργησε,
2577 1276 2684 1344 πρὸ
2707 1274 2800 1328 τοῦ
2832 1274 3213 1345 βαπτίσματος
3256 1273 3353 1325 καὶ
3413 1272 3551 1340 μετὰ
3604 1270 3665 1322 τὸ
3728 1268 3822 1338 βά-

2244 1386 2459 1439 πτισμα
2482 1370 2549 1423 τά
2594 1368 2688 1422 τοῦ
2734 1368 3083 1437 ἀναγνώστου
3138 1365 3333 1429 ποιῶν,
3397 1363 3709 1433 καθήμενος
3767 1363 3825 1413 ἐν

2247 1460 2399 1529 μέσῳ
2453 1459 2564 1511 τῶν
2612 1459 2950 1513 διδασκάλων
3012 1456 3350 1524 δωδεκαέτης
3401 1472 3505 1506 που
3565 1452 3675 1517 ὢν,
3733 1452 3825 1505 καὶ

2243 1550 2459 1605 ἁκούων
2488 1549 2668 1603 αὐτῶν
2693 1552 2785 1604 καὶ
2822 1548 3116 1620 ἐπερωτῶν
3140 1548 3338 1610 αύτούς
3377 1560 3391 1575 ⁶
3436 1547 3515 1599 ἐτι
3553 1545 3613 1597 δέ
3645 1546 3739 1598 καὶ
3767 1544 3827 1597 ὲν

2248 1643 2399 1711 μέσῳ
2434 1643 2760 1711 συναγωγῆς
2793 1644 3188 1710 ἀναγινώσκων
3219 1638 3298 1709 τῷ
3330 1639 3468 1709 λαῷ,
3531 1638 3608 1703 ὡς
3660 1638 3716 1690 ἐν
3750 1636 3825 1704 τῷ

2244 1733 2431 1804 Λουκᾷ
2457 1735 2793 1804 γέγραπται,
2825 1734 2909 1786 ὅτι
2951 1752 2969 1783 ι
3014 1733 3123 1787 Καὶ
3149 1733 3348 1798 ἀνέστη
3370 1730 3703 1799 ἀναγνῶσαι,
3729 1729 3827 1782 καὶ

563 1845 623 1886 ut
657 1829 796 1907 apud
830 1828 1032 1882 Lucam
1086 1825 1356 1894 scriptum
1402 1831 1524 1878 est:
1565 1841 1582 1873 ι
1622 1822 1759 1889 Quia
1811 1822 2051 1878 surrexit
2084 1832 2144 1875 ut

2247 1824 2477 1893 ἐπεδόθη
2509 1826 2658 1894 αύτῷ
2686 1825 2891 1896 βιϐλίον
2936 1825 3160 1878 Ἦσαῖου
3193 1823 3285 1877 τοῦ
3345 1824 3649 1894 προφήτου,
3682 1840 3702 1874 ι
3732 1822 3827 1874 καί

560 1923 789 1990 legeret,
810 1927 863 1973 et
891 1919 1054 1972 datus
1086 1923 1168 1970 est
1216 1917 1292 1968 ill:
1336 1914 1472 1969 liber
1504 1914 1658 1968 Isaiae
1699 1913 1999 1982 prophetas,
2042 1932 2058 1964 ι
2091 1922 2145 1967 et

562 2028 683 2082 qum
718 2020 1044 2079 sequuntur.
1076 2007 1205 2073 Quae
1246 2014 1425 2059 autem
1449 2006 1583 2059 suut'
1611 2004 1931 2059 subdiacoui
1961 2005 2145 2057 etdia—

562 2105 686 2160 coni
716 2104 863 2167 fecit,
903 2117 1028 2156 cum
1065 2098 1387 2169 parentibus
1412 2098 1694 2165 subjectus
1725 2105 1831 2159 εει,
1860 2107 1913 2150 et
1942 2095 2007 2148 iis
2045 2095 2146 2147 mi-

562 2190 835 2258 nistrat-it,
865 2204 916 2249 et
950 2194 1002 2246 in
1034 2191 1121 2246 die
1170 2190 1308 2244 festo
1341 2204 1464 2244 cum
1510 2187 1577 2242 iis
1615 2186 1866 2241 ascendit
1901 2187 1956 2240 in
1996 2195 2138 2239 tem-

561 2289 759 2358 plum;
817 2286 1132 2341 cumctiam
1188 2279 1591 2335 nummularios
1639 2297 1670 2333 e
1714 2278 1918 2347 templo
1961 2277 2141 2346 eiecit,
2188 2290 2200 2302 ·

560 2382 708 2451 quod
744 2379 1216 2455 subdiaconorum
1250 2382 1355 2437 est,
1386 2381 1437 2426 et
1469 2370 1756 2441 prohibuit
1795 2386 1863 2423 ne
1893 2369 2016 2439 quis
2056 2383 2145 2419 va-

561 2489 619 2527 sa
652 2472 705 2524 in
736 2470 993 2538 templum
1025 2464 1281 2530 inferret,
1330 2473 1385 2517 et
1419 2461 1702 2531 proposita
1756 2475 1944 2513 mensa
1975 2457 2146 2513 disci-

559 2564 809 2633 pulorum
852 2560 1017 2629 pedes
1045 2556 1177 2610 lavit
1202 2568 1370 2623 seque
1397 2551 1708 2605 ministrum
1741 2550 1984 2604 vocavit.
2023 2548 2142 2601 Mu-

561 2671 692 2709 nera
743 2666 963 2721 tutoque
1021 2646 1336 2719 presbyteri
1379 2652 1433 2699 ct
1465 2643 1708 2699 doctoris
1753 2641 1982 2711 peregit,
2018 2655 2143 2694 cum

560 2745 743 2799 statim
798 2753 922 2812 post
968 2740 1305 2810 baptismum
1333 2737 1568 2804 desuper
1595 2731 1867 2801 Spiritum
1906 2732 2140 2799 accepit,

561 2836 1050 2902 testimoniumque
1117 2830 1239 2884 Filii
1303 2828 1492 2883 dilecti
1538 2842 1565 2879 a
1620 2826 1780 2880 Patre
1821 2824 2139 2893 reportavit.

560 2931 849 2986 Perfectus
869 2926 1015 2983 enim
1053 2937 1165 2980 tum
1199 2932 1315 2978 erat
1340 2936 1590 2990 corpore,
1625 2932 1888 2973 annorum
1922 2915 2143 2986 triginta

561 3025 834 3094 incipiens
857 3036 999 3085 esse,
1033 3027 1093 3073 ut
1120 3019 1388 3087 scriptum
1415 3025 1519 3069 est.
1550 3014 1677 3068 ldeo
1702 3013 1889 3066 statim
1914 3025 2142 3081 agonem

564 3116 756 3180 subiit,
784 3113 1127 3183 jejuniisque
1156 3118 1211 3163 et
1233 3108 1492 3178 precibus
1520 3103 1770 3167 vacavit,
1797 3111 1850 3158 et
1885 3101 2144 3157 tentatio-

562 3226 687 3265 nem
709 3218 793 3263 ter
810 3209 877 3261 ab
904 3205 1126 3259 inimico
1162 3216 1264 3257 suo
1293 3199 1515 3253 diabolo
1539 3211 1740 3268 passus
1765 3205 1870 3256 est,
1894 3193 2145 3249 tandem-

561 3314 670 3369 que
711 3312 840 3352 eum
912 3309 1013 3365 pro
1064 3291 1227 3347 nobis
1274 3289 1407 3344 vicit
1468 3296 1523 3342 et
1580 3284 1819 3351 dejecit,
1880 3291 2142 3353 tropaeum

562 3389 761 3446 erexit.
792 3382 1097 3454 discipulos
1126 3381 1297 3451 elegit
1328 3388 1382 3434 et
1406 3376 1729 3447 assumpsit,
1763 3375 2143 3445 ptenitentiam

563 3478 901 3551 praedicavit,
938 3484 992 3530 et
1013 3474 1081 3529 ad
1105 3488 1227 3528 eam
1261 3472 1502 3535 vocavit,
1523 3469 1792 3539 signaque
1816 3468 1986 3522 multa
2020 3482 2147 3537 0pc-

563 3583 720 3627 ratus
754 3577 858 3635 cst,
889 3567 1100 3623 animas
1118 3564 1421 3645 prudenter
1453 3562 1617 3626 rexit,
1640 3570 1958 3632 peceatores
1990 3561 2057 3616 ad
2084 3576 2144 3615 se

563 3663 837 3721 convertit
900 3669 957 3717 et
996 3654 1329 3730 aggrevavit,
1364 3667 1487 3726 quae
1508 3653 1692 3710 omnia
1727 3664 1861 3709 sunt
1886 3651 2143 3708 sacerdo-

563 3757 624 3814 tii
658 3770 909 3811 munera.

1053 3951 1281 4008 CAPUT
1320 3947 1661 4007 CCXXXIX.

563 4075 823 4141 Quod‘et
880 4071 1126 4126 sacerdos
1185 4078 1235 4122 et
1279 4068 1467 4141 doctor
1515 4074 1564 4119 et
1610 4064 1850 4135 princeps
1893 4068 2144 4116 sacerdo-

633 4161 744 4199 tum
794 4143 1039 4197 Christus
1101 4136 1388 4192 secundum
1434 4137 1728 4190 humanam
1772 4142 2022 4187 naturam
2067 4141 2144 4185 est

635 4215 915 4269 ordinatus
946 4229 977 4265 a
1006 4212 1186 4264 Patre.

634 4307 864 4373 Insuper
889 4304 1188 4357 maximum
1225 4299 1371 4355 aliud
1408 4295 1784 4353 testimonium
1814 4294 1963 4350 velut
1999 4294 2146 4349 ordi-

564 4398 844 4453 nationem
885 4395 1117 4464 accepit,
1147 4408 1272 4447 cum
1337 4388 1766 4458 transfiguratus
1793 4396 1879 4442 est
1922 4395 1977 4440 et
2007 4386 2145 4442 divi-

2247 1915 2315 1969 τὰ
2373 1918 2519 1986 ἐεῆς.
2585 1918 2668 1973 Τὰ
2731 1917 2827 1971 τοῦ
2873 1916 3227 1971 ύποδιακόνου
3288 1933 3347 1969 τε
3415 1915 3510 1968 καὶ
3575 1913 3827 1967 διακόνου

2247 2005 2575 2077 ἐνήργησεν.
2610 2008 3060 2071 ὑἰ”είνιτοισσόμιενιῧς
3075 2010 3186 2070 τοῖς
3203 2006 3417 2076 γονεῦσι
3433 2008 3526 2060 καὶ
3554 2005 3829 2076 ἐξυπηρε-

2245 2099 2507 2167 τούμενος
2567 2100 2774 2165 αὐτοῖς,
2811 2102 2905 2153 καὶ
2952 2100 3097 2154 κατὰ
3129 2100 3229 2170 τὴν
3261 2100 3453 2169 ἑορτὴν
3488 2101 3567 2163 εις
3595 2099 3654 2151 to
3682 2098 3828 2168 ἱερὸν

2246 2186 2614 2257 ἀνερχόμενος
2648 2191 2746 2242 σὺν
2773 2191 2958 2254 αὐτοῖς
2990 2207 3003 2223 ·
3033 2190 3169 2245 ἀλλά
3215 2191 3308 2243 καὶ
3364 2192 3489 2253 τοὺς
3552 2191 3827 2257 869mm;-

2246 2276 2372 2340 λους
2396 2278 2674 2356 ἐκϐάλλων
2700 2279 2792 2333 τοῦ
2828 2281 3000 2352 ἱεροῦ,
3031 2281 3059 2334 δ
3094 2280 3203 2333 τῶν
3251 2281 3623 2335 ύποδιακόνων
3680 2281 3825 2345 ἐστι,

2248 2370 2337 2422 καὶ
2373 2369 2602 2421 κωλύων
2635 2369 2725 2423 ἵνα
2758 2389 2811 2424 τι
2846 2372 3044 2435 σκεῦος
3069 2373 3159 2426 διὰ
3189 2373 3283 2426 τοῦ
3337 2370 3486 2441 ἱεροῦ
3517 2374 3825 2443 εἰσενέγκῃ,

2210 2513 2220 2521 ,
2247 2460 2341 2513 καὶ
2383 2461 2668 2531 προτιθεὶς
2693 2462 2974 2534 τράπεζαν
3001 2467 3097 2516 καὶ
3122 2464 3325 2516 νίπτων
3368 2464 3491 2526 τοὺς
3519 2463 3686 2524 πόδας
3719 2463 3830 2516 τῶν

2250 2554 2540 2623 μαθητῶν,
2601 2555 2695 2607 καὶ
2750 2554 2997 2608 διάκονον
3056 2554 3251 2609 ἐαυτὸν
3316 2554 3501 2608 καλῶν
3535 2570 3551 2586 ’
3619 2556 3679 2608 τὸ
3734 2556 3831 2608 τ.ὓ

2249 2645 2621 2718 πρεσϐυτέρου
2678 2646 2737 2700 δὲ
2780 2647 2876 2700 καὶ
2920 2647 3287 2710 διδασκάλου,
3348 2646 3511 2710 εὐθὺς
3580 2648 3720 2716 μετὰ
3770 2650 3833 2701 eo

2250 2743 2539 2812 βάπτισμα
2579 2743 2792 2798 ἄνωθεν
2826 2744 3129 2813 λαμϐάνων
3178 2748 3238 2798 τὸ
3282 2744 3526 2814 Πνεῦμα,
3566 2747 3663 2799 καὶ
3723 2745 3832 2802 ὑπὸ

2247 2834 2341 2888 τοῦ
2378 2834 2593 2903 Πατρὸς
2622 2835 2746 2897 Υἱὸς
2783 2837 3068 2906 ἀγαπητὸς
3094 2837 3545 2907 μαρτυρούμενος
3568 2854 3583 2864 “
3618 2839 3700 2891 ὅτι
3736 2840 3831 2894 καὶ

2248 2927 2452 2988 τέλειος
2481 2921 2549 2996 ἦν
2581 2926 2675 2978 τὸν
2705 2926 2799 2979 τοῦ
2849 2926 3109 2995 σώματος
3148 2930 3341 2998 χρόνον
3394 2930 3694 2997 τριάκοντα
3751 2929 3831 2985 ὢν

2249 3018 2388 3069 ἐτῶν
2421 3016 2744 3087 ἀρχόμενος,
2778 3019 2855 3083 ὡς
2884 3020 3221 3089 γέγραπται,
3254 3022 3344 3076 ὅτε
3375 3023 3468 3075 καὶ
3492 3020 3652 3085 εὐθὺς
3682 3022 3825 3092 πρὶς

2250 3110 2342 3162 τὸν
2402 3110 2590 3176 ἀγῶνα
2635 3111 2829 3177 ὑπέδυ,
2883 3113 2980 3166 καὶ
3024 3119 3304 3182 νηστείαις
3360 3114 3450 3167 καὶ
3498 3117 3825 3183 προσευχαῖς

2250 3200 2530 3271 ἐσχόλαζε,
2564 3205 2660 3256 καὶ
2696 3204 3008 3275 πειρασμὸι
3058 3206 3182 3275 τρὶς
3223 3203 3545 3274 ύπενεγκὼν
3592 3206 3695 3259 ὐπδ
3730 3204 3826 3258 τοῦ

2248 3292 2626 3362 ἀντικειμένου
2678 3294 2949 3361 διαϐόλου,
3007 3296 3296 3365 νενίκηκεν
3340 3296 3424 3358 εἰς
3474 3296 3628 3359 τέλος
3689 3297 3832 3365 ὑπὲρ

2249 3381 2427 3451 ἡμῶν,
2465 3384 2560 3437 καὶ
2588 3383 2749 3438 αὐτὸν
2777 3384 3180 3456 καταϐέϐληκε,
3229 3386 3325 3441 καὶ
3358 3387 3627 3456 τρόπαιον
3664 3387 3835 3456 ἔστη-

2249 3489 2311 3524 σε
2343 3488 2357 3502 ·
2394 3477 2486 3528 καὶ
2554 3476 2802 3547 μαθητὰς
2851 3477 3219 3548 ἐκλεξάμενος
3282 3479 3674 3548 προσελάϐετο,
3740 3481 3834 3534 καὶ

2252 3565 2543 3636 μετάνοιαν
2597 3569 2857 3639 ἐκήρυξε,
2921 3573 3017 3625 καὶ
3048 3575 3185 3642 πρὸς
3223 3575 3431 3639 ταύτην
3456 3573 3711 3639 ἐκάλεσε,
3741 3574 3835 3627 καὶ

2251 3658 2453 3727 σημεῖα
2480 3658 2651 3713 πολλὰ
2681 3662 3101 3730 κατειργάσατο,
3134 3664 3232 3716 καὶ
3268 3663 3590 3733 ᾠκονόμησε
3628 3663 3833 3735 ψυχὰς,

2252 3749 2347 3800 καὶ
2391 3749 2813 3818 ἁμαρτάνοντας
2847 3752 3208 3822 ἐπιστρέψας,
3259 3753 3399 3826 πρὸς
3440 3755 3634 3809 ἐαυτὸν
3667 3770 3835 3826 συνη-

2250 3837 2476 3907 γάγετο.
2501 3841 2568 3893 Ἃ
2593 3841 2692 3910 τῆς
2726 3844 3030 3915 ἱερωσύνης
3055 3846 3226 3900 ἐστίν.

2785 3959 3082 4012 ΚΕΦΑΛΛ.
3131 3960 3293 4015 ΣΛΘ’.

2252 4071 2375 4147 ’Ότι
2405 4069 2750 4147 καῌερεὺς-
2782 4072 2882 4147 καὶ
2908 4073 3283 4147 διδάσκαλος
3312 4077 3408 4131 καὶ
3463 4079 3774 4147 ἀρχιερεὺς
3800 4083 3834 4134 ὀ

2319 4141 2576 4217 Χριστὸς
2606 4143 2860 4217 κατὰ-τὸ
2915 4144 3300 4212 ἀνθρώπινον
3350 4141 3835 4217 κεχεὶρὸτόνηται

2319 4212 2437 4265 ὑπὸ
2466 4213 2573 4266 τοῦ
2594 4215 2845 4280 Πατρός.

2322 4293 2454 4352 Εἶτα
2488 4302 2582 4354 καὶ
2625 4302 2888 4374 μεγίστην
2921 4304 3088 4375 ἄλλην
3126 4308 3435 4378 μαρτυρίαν
3459 4303 3547 4363 οἷα
3588 4328 3833 4381 χειροτο-

2253 4389 2370 4442 νίαν
2401 4391 2644 4458 ἐδέξατο.
2680 4394 3224 4464 Μεταμορφωθέντος
3254 4401 3359 4469 γὰρ
3403 4401 3496 4454 καὶ
3548 4402 3647 4472 τὴν
3680 4403 3833 4457 θείαν

564 4505 687 4545 nam
718 4489 941 4544 deitatis
972 4502 1085 4543 suae
1114 4485 1342 4556 gloriam
1377 4480 1698 4544 denudavit,
1764 4488 1844 4545 ut,
1879 4488 2143 4549 quantum

2256 4481 2423 4536 αὑτοῦ
2456 4487 2557 4550 τῆς
2590 4484 2845 4556 θεότητος
2867 4490 3418 4558 παραγυμνῶσαντος
3440 4493 3600 4561 δόξαν
3630 4495 3705 4559 ὠς
3738 4497 3833 4549 ἀν-

567 4584 886 4640 ltominibus
932 4583 1081 4647 licet,
1148 4576 1590 4647 conspiceretur,
1646 4591 1854 4647 perque
1898 4576 2146 4632 divinum

563 4692 766 4747 corpus
796 4689 958 4731 suum
1000 4672 1245 4740 fulgores
1286 4679 1343 4726 et
1379 4669 1595 4742 fulgura
1622 4671 1958 4736 coruscavit,
1984 4683 2149 4740 appa-

565 4773 786 4837 ruitque
817 4777 878 4822 ut
899 4768 1075 4821 nubes
1102 4763 1610 4834 divinus-Spiritus,
1635 4761 1725 4817 ubi
1750 4763 1965 4817 medius
1991 4772 2107 4817 erat
2130 4779 2145 4830 ;

564 4870 618 4916 et
651 4876 753 4915 vox
786 4860 1024 4928 desuper
1055 4873 1085 4911 a
1112 4857 1273 4911 Patre
1299 4857 1449 4911 venit
1476 4871 1492 4909 :
1530 4874 1548 4906 ι
1573 4853 1674 4910 llic
1697 4864 1781 4910 est
1807 4852 1978 4908 Filius
1997 4869 2148 4909 meus

565 4952 800 5007 dilectus
823 4951 876 5004 in
906 4963 1017 5019 quo
1037 4947 1167 5001 mihi
1191 4946 1524 5016 complacui,
1544 4946 1721 5016 ipsum
1746 4946 1985 4999 audite.»
2009 4943 2147 4999 illud

565 5052 745 5099 autem
768 5083 782 5106 ,
809 5059 828 5092 ι
856 5040 1038 5110 Ipsum
1065 5036 1270 5103 audite,
1304 5037 1545 5107 tguliquid
1571 5046 1655 5093 est
1681 5037 1917 5108 amplius
1944 5035 2148 5106 baptis-

565 5145 711 5191 mate
739 5143 794 5191 et
848 5132 1204 5189 excellentius
1229 5173 1244 5197 ,
1297 5146 1535 5201 superna
1573 5145 1707 5185 voce
1760 5146 1880 5202 quae
1923 5141 2038 5186 tum
2070 5130 2148 5185 fa-

563 5240 649 5284 cta
689 5238 795 5294 est,
817 5238 872 5283 et
898 5227 1113 5298 signum
1143 5234 1229 5280 est
1268 5224 1560 5279 sacerdotii
1615 5224 1951 5294 episcOpalis
1988 5224 2148 5294 ;ipse

563 5321 708 5375 enim
740 5328 826 5375 est
849 5326 1089 5374 a-ternus
1121 5315 1401 5372 sacerdos.
1427 5315 1532 5370 Sed
1552 5317 1665 5386 jam
1694 5315 1859 5369 Pater
1884 5314 1952 5369 de
1982 5330 2047 5368 eo
2073 5325 2150 5369 te-

564 5412 882 5467 stimonium
919 5409 1268 5480 perhibebat,
1313 5417 1368 5461 et
1407 5408 1557 5478 quod
1591 5406 1680 5462 ille
1713 5406 1995 5477 discipulis
2031 5405 2148 5461 suis

564 5502 799 5567 dicebat,
831 5521 850 5555 ‹
884 5501 987 5568 Qui
1017 5501 1169 5556 audit
1201 5515 1321 5567 vos,
1352 5515 1439 5554 me
1475 5500 1646 5564 audit,
1684 5517 1702 5549 ι
1740 5498 1883 5553 idem
1918 5496 2080 5552 Pater
2096 5509 2150 5552 et

565 5595 631 5649 de
645 5611 709 5650 eo
725 5596 877 5662 dicit,
908 5613 926 5646 ‹
957 5592 1141 5664 Ipsum
1169 5595 1409 5659 audite,»
1445 5591 1879 5647 testiﬁcanseum
1907 5604 2027 5643 esse
2053 5589 2152 5644 do-

565 5697 775 5741 ctorem
806 5697 857 5742 et
883 5694 1158 5757 pastorem
1184 5694 1460 5752 nostrum,
1483 5694 1538 5740 et
1565 5683 1904 5753 episcopum,
1931 5691 1987 5736 et
2016 5684 2149 5736 ima-

564 5775 743 5842 ginem
790 5779 874 5832 sui
911 5776 1065 5847 ipsus
1111 5775 1312 5843 vivam,
1346 5786 1405 5831 ut
1437 5773 1678 5831 Verbum
1722 5779 1776 5831 et
1809 5769 2146 5842 Sapientiam

2253 4574 2492 4645 θρώποις
2548 4577 2807 4648 ἐνεχώρει
2871 4580 3033 4651 176
3075 4581 3226 4647 ἰδεῖν,
3288 4585 3384 4637 καὶ
3426 4584 3513 4637 διὰ
3544 4586 3639 4639 τοῦ
3689 4588 3834 4640 θείου

2251 4668 2640 4737 ἀστράψαντος
2705 4670 2977 4740 σώματος,
3027 4675 3103 4733 ὡς
3153 4675 3352 4745 νεφέλη
3409 4676 3506 4746 μὲν
3570 4679 3631 4730 τὸ
3692 4678 3835 4730 θεῖον

2250 4756 2464 4828 ἐδείχθη
2501 4758 2745 4828 Πνεῦμα,
2766 4755 2826 4813 οὗ
2868 4764 3037 4832 μέσον
3065 4764 3258 4832 γέγονε
3294 4783 3308 4797 ο
3341 4769 3436 4821 καὶ
3451 4769 3603 4840 φωνὴ
3623 4769 3833 4824 ἄνωθεν

2250 4850 2391 4919 ἤχθη
2419 4851 2482 4903 ἐκ
2508 4850 2599 4902 τοῦ
2627 4851 2859 4921 Πατρὸς,
2894 4847 3095 4917 «Οὗτος
3133 4857 3283 4909 ἐστιν
3301 4860 3327 4909 ὁ
3352 4858 3478 4922 Υἱός
3528 4876 3631 4927 μου
3649 4862 3677 4912 ό
3697 4862 3834 4928 ἀγα-

2251 4942 2424 5011 πητὸς
2457 4944 2517 4996 ἐν
2553 4936 2598 5014 ᾧ
2634 4945 2906 5016 εὐδόκησα
2933 4965 2948 4981 ·
2982 4948 3148 5002 αὐτοῦ
3196 4949 3444 5016 ἀκούετε,
3471 4968 3490 5001 ι
3523 4950 3683 5004 τοῦτο
3702 4951 3759 5003 δὲ
3777 4950 3836 5004 τὸ

2257 5052 2274 5084 ι
2312 5035 2487 5089 Αὐτοῦ
2514 5039 2770 5104 ἀκούετε,
2803 5058 2822 5091 ι
2866 5041 3259 5112 περισσότερον
3305 5043 3401 5097 τοῦ
3455 5044 3835 5115 βαπτίσματός

2250 5129 2503 5192 summi
2544 5133 2642 5198 τῆς
2692 5132 2901 5186 ἄνωθεν
2946 5135 3066 5187 τότε
3091 5138 3467 5206 γεγενημένης
3508 5138 3717 5207 φωνῆς’
3740 5139 3836 5192 καὶ

2250 5225 2671 5296 ἀρχιερωσύνης
2709 5227 2826 5279 ἐστὶ
2860 5231 3109 5297 σημεῖον.
3148 5228 3345 5281 Καίτοι
3388 5247 3451 5296 γε
3479 5228 3835 5293 astutam,-

2252 5316 2525 5379 νιόςέστιν
2546 5317 2746 5388 ἱερεύς.
2777 5318 2920 5371 Ἀλλ’
2948 5320 3051 5390 ἤδη
3078 5323 3175 5374 καὶ
3204 5322 3232 5373 ὁ
3257 5321 3448 5392 Πατὴρ
3467 5320 3630 5376 αὑτὸν
3664 5325 3837 5391 ἐμαρ-

2251 5405 2439 5475 τύρει⁶
2465 5408 2559 5461 καὶ
2608 5410 2747 5479 ὅπερ
2804 5411 2968 5472 αὐτὸς
3019 5414 3131 5473 τοῖς
3168 5412 3441 5482 μαθηταῖς
3474 5413 3684 5482 ἔλεγεν,
3712 5432 3731 5465 ι
3778 5415 3838 5467 ’0

2251 5498 2466 5553 ἀκούων
2487 5500 2642 5568 ὑμῶν
2665 5502 2800 5570 ἐμοῦ
2827 5503 3037 5566 ἀκούει,
3063 5521 3080 5554 ι
3130 5503 3290 5557 τοῦτο
3315 5505 3343 5557 ὁ
3366 5505 3558 5574 Πατὴρ
3580 5505 3676 5557 καὶ
3707 5504 3839 5575 περὶ

2252 5589 2419 5643 αὑτοῦ
2467 5592 2640 5660 λέγει,
2677 5611 2695 5644 ι
2736 5593 2916 5648 Αὑτοῦ
2953 5593 3206 5659 ἀκούετε,
3239 5613 3259 5647 ι
3293 5581 3621 5651 διδάσκαλον
3676 5595 3841 5649 αὐτὸν

2252 5683 2344 5735 καὶ
2370 5684 2603 5752 ποιμένα
2620 5685 2778 5754 ἡμῶν
2800 5685 3096 5758 μαρτυρῶν
3115 5687 3207 5740 καὶ
3228 5687 3515 5758 ἀρχιερέα,
3542 5687 3636 5740 καὶ
3653 5687 3841 5741 είκόνα

2257 5774 2442 5840 ζῶσαν
2497 5776 2695 5831 ἐαυτοῦ
2743 5780 2818 5841 ὡς
2846 5778 3041 5848 ΔΛόγον
3095 5780 3192 5834 καὶ
3222 5778 3587 5834 ἐννπόστατον
3614 5778 3840 5851 Σοφίαν,
