4108 6262
426 272 529 337 459

1200 268 1582 331 SYMEONIS
1624 262 2390 329 THESSALONICENSIS
2442 262 2805 326 ARCHIEP.

2774 95 2809 130 ⁸
2848 116 2864 143 ο

3568 257 3672 325 460

422 388 500 439 vit
527 399 623 454 per
656 383 839 453 igneas
870 382 991 437 illas
1033 381 1250 453 linguas
1285 381 1524 450 Spiritus
1568 379 1861 448 unicuique
1896 392 1988 432 eo-
2017 398 2032 437 Α

2127 377 2210 435 αῖς
2272 374 2544 446 ἐμπύροις
2592 377 2835 437 ὲκείναις
2894 372 3169 442 γλώσσαις
3219 372 3315 427 τοῦ
3352 370 3672 443 Πνεὺματος

417 492 540 530 rum
595 476 919 530 distributas
953 485 1007 528 et
1038 475 1365 529 insidentes.
1399 473 1553 527 Unde
1584 486 1775 526 omnes
1813 484 1996 539 aequa-

421 569 524 621 lem
552 568 1177 656 gratiamgcceperunt,
1211 574 1265 620 et
1302 564 1509 634 Spiritu
1567 574 1764 619 sancto
1811 562 1999 631 repleti

422 670 572 711 sunt.
607 658 734 712 Ideo
775 655 935 712 electi
961 668 1090 712 sunt
1122 659 1191 712 ab
1212 656 1369 711 initio
1399 656 1675 724 discipuli,
1706 664 1759 708 et
1790 655 2000 709 adoves

422 749 664 816 perditas
702 751 874 814 missi,
909 759 961 803 et
985 751 1212 818 gratiam
1243 758 1578 818 acceperunt
1608 787 1623 813 ,
1665 756 1720 802 et
1768 747 1996 815 gratiam

422 847 479 889 ut
511 837 635 893 aliis
664 840 973 908 praeberent
1001 839 1167 906 jussi.
1199 838 1309 892 Nec
1330 850 1508 891 tamen
1542 838 1643 891 hoc
1680 834 1841 888 modo
1872 849 2002 902 per-

423 934 562 987 fecte
588 934 889 987 consecrati
924 940 1073 985 sunt.
1101 930 1351 984 Nondum
1380 930 1523 983 enim
1558 929 1868 996 prapitiatio
1905 944 2002 997 pro

422 1025 680 1078 omnibus
703 1023 883 1076 oblata
912 1022 1090 1075 fuerat
1123 1021 1290 1084 Patri,
1337 1022 1558 1073 victima
1596 1031 1647 1072 et
1690 1021 1868 1073 hosua
1904 1034 2002 1073 vo-

373 1143 380 1149 ι
422 1115 662 1169 luntatia
695 1114 1141 1177 etimmaculata,
1182 1112 1449 1180 benignus
1499 1111 1707 1164 scilicet
1732 1110 1871 1165 Deus
1906 1125 2002 1163 no-

421 1215 556 1269 ster,
582 1207 673 1275 qui
703 1206 819 1274 ipse
850 1219 947 1273 pro
970 1204 1130 1257 nobis
1160 1202 1501 1256 saerilicatus
1532 1210 1638 1266 est,
1664 1210 1715 1253 et
1745 1200 2004 1269 primitiae.

428 1309 642 1351 naturae
681 1307 884 1350 nostra:
922 1296 1123 1357 factus,
1154 1294 1319 1347 homo
1357 1308 1453 1361 pro
1498 1292 1659 1345 nobis
1693 1291 1873 1363 factus
1896 1301 2000 1345 est.

420 1390 517 1443 llle
553 1389 721 1459 igitur
775 1389 932 1441 nobis
1004 1388 1307 1441 clementer
1345 1387 1531 1449 unittrs
1585 1386 1771 1436 statim
1814 1383 2015 1461 gratia;

421 1482 567 1535 dona
614 1480 772 1535 nobis
824 1478 1077 1546 praebuit.
1126 1476 1187 1528 Et
1250 1479 1486 1546 pimum
1551 1483 1797 1528 sanctam
1830 1475 2003 1544 ipsius

425 1581 650 1625 matrem
673 1582 731 1624 et
776 1569 1057 1639 Virginem
1102 1567 1338 1620 adventu
1386 1565 1643 1633 Spiritus,
1677 1565 1849 1633 gratia
1905 1580 2003 1619 sua

422 1661 757 1715 cumulatam
788 1663 855 1712 ad
892 1663 1027 1712 bene
1066 1657 1387 1727 gestandum
1453 1657 1646 1707 iterum
1678 1657 2004 1708 corrobora-

2105 467 2263 536 177
2297 464 2769 536 διαμερισθείσαις
2799 465 3005 529 αὐτοῖς,
3039 466 3093 519 αἶ
3130 465 3226 518 καὶ
3268 464 3355 533 ἐφ’
3399 465 3494 517 ἕνα
3540 464 3673 518 ἒκα-

2103 574 2228 609 στον
2256 557 2438 610 αὐτῶν
2469 557 2806 610 ὲπεκάθισαν
2828 574 2842 588 ·
2866 556 2991 609 ἐπεὶ
3015 556 3109 609 καὶ
3132 556 3256 624 ῐσην
3282 555 3525 618 ἅπαντες
3552 556 3675 609 ἔλα-

2103 648 2195 702 ϐον
2220 652 2319 718 τὴν
2351 650 2537 719 χάριν,
2566 650 2664 701 καὶ
2684 650 2885 712 πάντες
2916 650 3073 717 ἁγίου
3101 648 3421 717 Πνεύματος
3448 649 3674 718 ἐνεπλή-

2104 741 2345 809 σθησαν’
2384 743 2507 795 ἐπεὶ
2554 744 2651 795 κοιλ¹
2693 742 3025 811 ὲξελέγησαν
3066 740 3165 809 μὲν
3204 741 3460 810 ἀπαρχῆς
3490 742 3541 793 οἱ
3577 758 3677 808 pta-

2105 834 2289 903 θηται,
2316 835 2412 886 καὶ
2442 834 2832 903 ἀπεστάλησαν
2871 835 2953 897 είς
2988 832 3058 886 τὰ
3092 831 3345 902 πρόϐατα
3370 833 3439 884 τὰ
3466 834 3675 885 ἀπολω-

2103 927 2267 987 λότα,
2324 930 2417 979 καὶ
2465 928 2673 998 δωρεὰν
2725 928 2938 993 ἔλαϐον,
3003 928 3099 981 καὶ
3153 927 3364 996 δωρεὰν
3418 929 3680 996 παρέχειν

2106 1020 2414 1088 ἐτάχθησαν
2431 1034 2443 1048 ·
2477 1019 2537 1072 οὗ
2552 1037 2636 1072 πω
2663 1021 2719 1072 δὲ
2737 1021 2831 1072 καὶ
2863 1019 3245 1072 τετελείωνται
3267 1036 3278 1049 ·
3303 1019 3386 1070 ὅτι
3411 1020 3504 1070 καὶ
3526 1018 3680 1070 οὔπω

2103 1109 2167 1161 τὸ
2219 1109 2531 1179 ἱλαστήριον
2582 1096 2928 1181 προσηνέχθη
2982 1113 3079 1163 καὶ
3127 1111 3189 1163 τὸ
3238 1109 3378 1178 ὑπὲρ
3424 1111 3681 1163 ἁπάντων

2106 1200 2422 1253 ὲθελόθυτον
2465 1203 2697 1270 σφάγιον
2741 1204 2835 1254 καὶ
2882 1201 3031 1271 θῦμα
3077 1202 3312 1271 ἄμωμον
3357 1203 3435 1271 τῷ
3484 1204 3681 1270 Πατρὶ,
3750 1270 3753 1277 _

2106 1292 2266 1353 αὐτὸς
2304 1293 2332 1343 ό
2378 1292 2519 1361 ὑπὲρ
2559 1296 2716 1363 ἡμῶν
2762 1294 2966 1358 τυθεὶς,
2997 1296 3026 1347 δ
3066 1293 3266 1359 ἀγαθὸς
3296 1292 3430 1354 Θεὸς
3469 1292 3626 1362 ἡμῶν
3655 1295 3683 1348 δ
3730 1299 3762 1359 τε

2107 1384 2199 1434 καὶ
2242 1383 2468 1453 ἀπαρχὴ
2503 1385 2602 1454 τῆς
2636 1384 2856 1451 φύσεως
2896 1384 3051 1453 ἡμῶν
3094 1384 3359 1452 γεγονὼς,
3406 1384 3683 1452 ὲνανθρω·

2070 1494 2073 1497 π
2104 1475 2289 1543 πήσας
2320 1477 2460 1545 ὑπὲρ
2483 1465 2665 1543 ήμῶνξ
2689 1469 2860 1533 Οὗτος
2884 1476 2977 1529 οὖν
3007 1477 3230 1537 ὲνωθεὶς
3250 1477 3383 1546 ἡμῖν
3405 1476 3683 1543 εὐσπλαγ-

2107 1567 2250 1636 χνίᾳ,
2283 1566 2445 1629 εὐθὺς
2481 1568 2614 1635 ἡμῖν
2647 1570 2878 1637 παρεῖχε
2906 1568 2976 1620 τὰ
3000 1568 3150 1636 δῶρα
3176 1569 3273 1636 τῆς
3302 1569 3547 1636 χάριτος.
3577 1570 3684 1622 Καὶ

2108 1658 2327 1727 πρῶτον
2361 1658 2458 1727 μὲν
2495 1658 2595 1727 τὴν
2626 1659 2791 1726 ἁγίαν
2822 1658 2987 1712 αὐτοῦ
3015 1661 3113 1711 καὶ
3151 1660 3424 1728 παρθένον
3457 1661 3686 1726 Μητέρα

419 1754 544 1816 vit;
575 1761 739 1820 atque
772 1761 829 1803 ut
856 1751 1034 1818 ipsum
1074 1764 1137 1801 ex
1176 1763 1234 1801 se
1268 1747 1620 1799 ineli’abiliter
1647 1756 1701 1799 et
1732 1747 1785 1798 in
1819 1761 2005 1814 perso-

2120 1725 2247 1819 πρὸς
2269 1725 2371 1819 τὴν.
2395 1725 2697 1820 κυοφορίαν
2724 1750 2973 1819 ὲνίσχυσε
2999 1753 3067 1820 τῇ
3093 1725 3376 1802 ἐπελεύσει
3400 1749 3494 1803 τοῦ
3521 1725 3689 1802 [ivsti-

428 1858 515 1896 na:
581 1843 840 1894 unitatetu
894 1841 1240 1893 inearnatum
1289 1840 1432 1894 ferre
1469 1847 1675 1908 posset,
1742 1839 2002 1894 virtutem

421 1933 676 2002 prtebuit,
713 1941 767 1985 et
791 1929 1068 2001 Virginem
1113 1946 1300 2001 puram
1334 1940 1462 1985 ante
1504 1941 1748 1999 partum,
1782 1922 2004 1999 parien-

425 2035 561 2086 tem,
601 2031 653 2077 et
688 2031 810 2092 post
844 2030 1059 2091 partum
1097 2025 1472 2076 conservavit.
1510 2024 1705 2076 Postea
1758 2039 1882 2075 cum
1909 2021 2005 2076 Jo-

426 2115 607 2182 sepho
634 2115 1024 2183 mysteriorum
1062 2113 1429 2181 cognitionem
1474 2113 1716 2181 gratiose
1753 2127 2004 2166 coinmu-

425 2208 656 2261 nicavit.
711 2205 918 2260 Deinde
958 2207 1132 2276 magis
1169 2206 1324 2275 longe
1353 2204 1591 2269 dissitis,
1622 2206 1883 2267 ethnicis,
1922 2207 2009 2274 pie

426 2309 609 2353 tamen
649 2301 962 2354 viventibus
1009 2301 1249 2369 seipsutn
1287 2314 1382 2367 per
1421 2299 1635 2352 stellam
1687 2297 2008 2352 manifesta-

429 2394 526 2456 vit,
557 2393 609 2445 in
642 2409 806 2461 specu
845 2401 899 2448 et
930 2392 1159 2462 pnesepi
1192 2393 1485 2461 jacentem.
1524 2391 1600 2444 lta
1631 2406 1853 2459 quoque
1908 2404 2009 2461 an:

426 2483 563 2552 gelis
596 2493 649 2536 et
683 2482 1001 2552 pastoribus
1044 2482 1477 2552 simplicioribus
1534 2492 1759 2550 propter
1822 2479 2012 2549 imagi-

430 2573 517 2626 nis
549 2572 857 2640 analogiam
906 2579 961 2624 et
1005 2572 1375 2640 aequalitatem
1428 2570 1671 2623 innotuit
1712 2587 1726 2636 ;
1762 2584 1886 2622 nam
1921 2584 2013 2635 pa-

430 2677 550 2721 stor
583 2668 700 2732 ipse
723 2674 830 2727 est,
855 2662 983 2717 licet
1007 2664 1340 2724 animarum,
1362 2673 1416 2714 et
1444 2661 1625 2715 ovium
1663 2661 2011 2713 rationalium

434 2745 701 2810 Dominus
735 2757 879 2809 velut
918 2748 1134 2823 quieos
1167 2753 1400 2826 creavit,
1437 2751 1719 2806 beneficiis
1759 2752 2016 2815 allicit,ct

433 2866 628 2918 magna
657 2863 782 2903 cum
816 2863 947 2902 cura
978 2846 1218 2900 custodit
1247 2855 1303 2899 et
1336 2846 1667 2899 immortalis
1702 2845 1817 2912 ipse
1870 2835 2018 2897 exsi-

438 2956 598 2996 stens
632 2950 891 3009 perpetua
942 2938 1218 3007 vigilantia
1268 2936 1401 3006 ipsis
1427 2934 1695 3004 providet.
1747 2932 2017 2989 Praeterea

2113 1858 2302 1912 ματος,
2337 1841 2632 1910 πληρώσας
2663 1841 2835 1910 αὐτὴν
2892 1841 3001 1893 τῶν
3054 1841 3220 1893 αὑτοῦ
3280 1841 3542 1911 χαρίτων,
3593 1843 3690 1895 καὶ

2114 1934 2249 1999 πρὸς
2281 1934 2342 1985 τὸ
2369 1933 2753 1993 ὲνυποστάτως
2773 1933 2938 1984 αὐτὸν
2968 1932 3230 1985 δύνασθαι
3257 1933 3450 2001 φέρειν
3483 1950 3691 2003 σεσαρ-

2111 2022 2362 2092 κωμένον
2391 2024 2450 2087 ἐξ
2478 2023 2655 2090 αὐτῆς
2692 2024 3046 2094 ἀπορῤήτως,
3082 2024 3312 2094 δύναμιν
3339 2026 3689 2094 παρασχόμε-

2111 2129 2221 2180 νος,
2256 2113 2352 2166 καὶ
2386 2113 2657 2179 παρθένον
2705 2112 3041 2181 διαφυλάξας
3087 2113 3163 2176 ὡς
3214 2116 3310 2167 καὶ⁵
3363 2116 3473 2184 πρὸ
3531 2116 3695 2168 τόκου

2113 2207 2208 2258 καὶ
2241 2206 2536 2259 τίκτουσαν
2583 2209 2678 2259 καὶ
2736 2208 2875 2273 μετὰ
2924 2206 3085 2259 τόκον
3120 2207 3294 2275 ἁγνήν
3321 2222 3336 2237 ·
3374 2207 3571 2260 ἔπειτα
3612 2208 3693 2275 τῷ

2127 2297 2325 2368 Ἰωσὴφ
2358 2297 2655 2365 γνῶναιητὸ
2690 2298 2992 2368 μυστήριον
3023 2300 3089 2368 τῇ
3121 2298 3305 2367 χάριτι
3332 2299 3656 2368 χορηγήσας
3678 2315 3693 2328 ·

2115 2386 2234 2443 εἶτα
2265 2393 2377 2452 τοῖς
2407 2392 2622 2457 Μάγοις
2659 2391 2937 2461 μακρόθεν
2976 2388 3100 2443 οὖσι
3147 2393 3243 2445 καὶ
3291 2392 3522 2454 ἐθνικῶς
3557 2392 3699 2454 ζῶσι

2117 2481 2210 2533 καὶ
2245 2482 2473 2555 ἐναγῶς,
2511 2482 2707 2534 ἑαυτὸν
2741 2482 2831 2535 διὰ
2863 2483 2958 2535 τοῦ
2999 2485 3228 2553 ἀστέρος
3270 2485 3568 2552 γνωρίσας,
3603 2484 3697 2539 καὶ

2118 2571 2176 2623 ὲν
2226 2569 2304 2638 τῷ
2351 2570 2603 2640 σπηλαίῳ
2649 2572 2745 2623 καὶ
2793 2571 2968 2644 φάτνῃ
3001 2573 3279 2642 κείμενος,
3307 2573 3380 2637 ὡς
3430 2577 3528 2628 καὶ
3580 2578 3697 2637 τοῖς

2118 2661 2395 2727 ἀγγέλοις,
2424 2664 2518 2715 καὶ
2548 2665 2661 2725 τοῖς
2709 2663 2935 2732 ποιμέσι
2984 2667 3097 2727 τοῖς
3130 2665 3562 2738 ἁπλοῖκωτέροις
3593 2672 3696 2738 ὲμ-

2119 2752 2420 2817 φανισθεὶς,
2454 2752 2543 2805 διὰ
2574 2754 2634 2805 τὸ
2666 2753 2781 2807 ἴσον
2814 2754 2916 2823 τῆς
2944 2756 3155 2819 εἰκόνος
3178 2773 3192 2789 ο
3219 2756 3302 2810 ὅτι
3336 2760 3543 2829 ποιμὴν
3603 2764 3698 2813 καὶ

2118 2842 2302 2907 αὐτὸς,
2339 2845 2389 2896 εί
2424 2846 2520 2897 καὶ
2548 2844 2739 2915 ψυχῶν
2783 2848 2878 2899 καὶ
2926 2848 3220 2917 προϐάτων
3248 2849 3483 2917 λογικῶν
3502 2851 3696 2911 δεσπό-

2120 2950 2221 3002 της
2249 2933 2322 2997 ὡς
2350 2935 2579 3005 κτίστης
2605 2938 2698 2989 καὶ
2726 2940 2926 3008 νομεὺς
2950 2940 3368 3009 παραγεγονὼς.
3392 2944 3484 2995 καὶ
3512 2943 3690 3011 φύλαξ

431 3043 486 3087 et
513 3033 778 3098 Simeoni,
803 3029 1291 3101 quiappellabatur
1310 3026 1523 3092 Justus,
1552 3027 1789 3083 inuetuit
1812 3026 2013 3091 infans,

2123 3025 2199 3087 ὡς
2234 3025 2514 3095 κηδεμὼν,
2544 3032 2639 3080 καὶ
2669 3028 2744 3090 ὡς
2772 3032 3072 3099 ἀγρυπνῶν
3103 3032 3175 3085 δι’
3216 3034 3364 3101 ἡμᾶς
3392 3036 3694 3105 προνοητὴς

433 3134 490 3179 et
519 3126 588 3179 ab
621 3139 687 3178 eo
713 3124 935 3194 agnitus
963 3128 1046 3177 est
1078 3120 1262 3187 Deus;
1294 3120 1465 3177 Annae
1493 3120 1791 3174 similiter:
1821 3120 2019 3187 purius

436 3233 570 3271 vero
624 3225 678 3271 et
712 3215 1016 3284 perfectius
1077 3213 1369 3282 Baptistae,
1403 3213 1499 3282 qui
1539 3220 1666 3265 ante.
1694 3212 2022 3280 praedicatus

440 3309 618 3361 fuerat
642 3309 892 3361 amicus:
929 3305 1136 3374 quique
1162 3306 1215 3357 in
1246 3305 1505 3358 omnibus
1533 3303 1662 3356 etin
1697 3305 1813 3373 ipsa
1846 3314 2024 3359 morte

439 3397 616 3466 ipsius
655 3410 964 3465 praecursor
996 3395 1198 3447 fuerat.
1227 3392 1485 3448 Omnium
1518 3404 1703 3448 autem
1727 3395 2024 3449 evidentis-

439 3491 579 3545 sime
614 3488 789 3557 ipsius
824 3486 1133 3555 discipulis,
1165 3501 1308 3555 quos
1338 3500 1659 3555 praeparans
1698 3485 1764 3540 ad
1798 3496 2018 3554 aposto-

441 3583 635 3643 latum,
668 3588 721 3632 et
744 3579 910 3632 totius
930 3575 1116 3630 mundi
1136 3592 1164 3630 c
1180 3585 1462 3646 apluram,
1490 3579 1703 3632 vocavit
1725 3578 2025 3648 piscatores

444 3671 955 3737 heminutn,lnmcn
987 3680 1041 3724 et
1067 3673 1147 3724 sal
1184 3670 1637 3738 mundi,judices
1663 3679 1716 3724 et
1752 3661 2023 3738 pastores,

441 3770 497 3815 et
527 3773 744 3824 czetera,
772 3761 1087 3831 quibusque
1117 3759 1402 3828 paulatim,
1439 3770 1495 3812 ut
1519 3759 1864 3827 expediebat,
1903 3774 2025 3829 gra-

444 3852 573 3905 tiam
604 3851 778 3906 dedit.
804 3849 1042 3905 Tandem
1087 3862 1146 3904 ut
1178 3850 1492 3906 communis
1523 3850 1747 3903 victima
1783 3852 2023 3915 oblatus,

446 3944 737 3997 inimicitia
771 3932 947 3997 soluta
976 3943 1328 3998 elexinanila
1357 3951 1552 4004 morte,
1590 3953 1910 4011 assumptus
1941 3951 2027 3995 est

443 4037 514 4090 ad
573 4034 792 4091 Patrem
845 4035 1105 4091 deferens
1142 4034 1441 4098 victimam,
1492 4032 1786 4102 divinaque
1819 4035 2026 4089 honore

443 4128 701 4183 exaltavit
749 4137 1005 4180 naturam
1046 4126 1367 4179 humanam.
1423 4124 1671 4195 Denique
1724 4128 1883 4181 nobis
1931 4141 2029 4195 per

448 4221 632 4289 ipsum
662 4218 813 4273 Patri
839 4220 1213 4274 reconciliatis
1238 4220 1620 4287 perfeCtiorem
1646 4223 1878 4289 gratiam
1898 4235 2028 4274 con-

448 4312 638 4377 cessit,
672 4311 905 4381 fonsque
940 4313 1238 4381 gratiarum
1270 4310 1585 4365 Paraeletus
1605 4311 1767 4365 nobis
1788 4326 2028 4379 praesens

2122 3116 2198 3171 ὢν
2231 3118 2500 3181 ἀθάνατος
2522 3134 2536 3148 ο
2570 3119 2763 3173 ἔπειτα
2799 3123 2939 3190 μετὰ
2972 3123 3131 3177 τοῦτο
3179 3124 3259 3193 τῷ
3309 3125 3536 3192 Συμεὼν
3568 3144 3702 3196 προ-

2124 3211 2520 3278 χρηματισθεὶς
2556 3211 2630 3274 ὡς
2664 3213 2882 3283 δικαίῳ,
2923 3218 3018 3268 καὶ
3073 3217 3437 3285 ἐμφανισθεὶς
3485 3221 3700 3289 νήπιος,

2124 3299 2219 3350 καὶ
2266 3299 2341 3361 ὡς
2388 3300 2520 3362 Θεὸς
2553 3303 2878 3371 γνωρισθείς
2901 3319 2915 3334 ⁸
2949 3307 3043 3357 καὶ
3073 3310 3137 3376 τῇ
3174 3309 3340 3377 Ἀινη
3370 3307 3431 3361 δὲ
3463 3310 3663 3376 ὁμοίως
3689 3326 3701 3338 ·

2125 3388 2512 3460 καθαρώτερον
2568 3392 2625 3445 δὲ
2669 3393 2748 3464 τῷ
2801 3395 3082 3466 Βαπτιστῇ
3135 3398 3230 3450 καὶ
3281 3400 3701 3468 προκηρύξαντι

2127 3480 2267 3551 φίλῳ
2296 3483 2391 3535 καὶ
2427 3484 2801 3553 προδραμόντι
2826 3488 2885 3539 ὲν
2907 3490 3067 3550 πᾶσι,
3095 3490 3191 3542 καὶ
3220 3490 3299 3559 τῲ
3325 3490 3544 3560 θανάτῳ
3567 3509 3581 3522 ο
3609 3493 3705 3545 καὶ

2126 3572 2535 3642 ἐμφανέστερον
2566 3575 2647 3628 ἔτι
2674 3564 2785 3638 τοῖς
2814 3579 2980 3631 αὑτοῦ
3018 3580 3312 3650 μαθηταῖς.
3345 3580 3453 3644 Οὓς
3482 3584 3578 3635 καὶ
3600 3601 3705 3637 κα-

2126 3661 2401 3731 ταρτίζων
2434 3666 2571 3733 πρὸς
2599 3666 2698 3735 τὴν
2734 3669 3038 3738 ἀποστολὴν
3071 3675 3169 3725 καὶ
3215 3673 3316 3741 τὴν
3357 3676 3707 3743 παγκόσμιον

2127 3754 2327 3823 ἄγραν,
2377 3755 2552 3819 ἁλιεῖς
2598 3758 2909 3827 ἀνθρώπων
2936 3763 3187 3829 ἐκάλεσε,
3214 3765 3311 3817 καὶ
3344 3765 3459 3834 φῶς
3490 3767 3583 3819 τοῦ
3614 3769 3706 3820 κόο

2130 3862 2292 3915 σμου,
2344 3848 2440 3900 καλ⁵
2486 3849 2621 3911 ἆλας
2670 3851 2767 3905 καὶ
2801 3853 2995 3921 κριτὰς
3047 3856 3139 3906 καὶ
3187 3857 3479 3924 ποιμένας,
3507 3860 3601 3911 καὶ
3635 3862 3703 3913 τὰ

2077 4011 2080 4014 γ
2125 3937 2310 4003 λοιπὰ,
2356 3941 2451 3992 καὶ
2501 3939 2624 3993 κατ’
2667 3941 2850 4009 ὀλίγον
2882 3943 3062 4006 διδοὺς
3094 3944 3281 4009 αὐτοῖς
3332 3947 3409 4011 ὡς
3442 3949 3704 4018 ἐνεχώρει

2126 4031 2224 4091 τὰς
2260 4030 2513 4100 χάριτας,
2548 4031 2705 4093 τέλος
2751 4033 2905 4100 κοινὴ
2956 4033 3117 4087 θυσία
3167 4036 3579 4105 προσενεχθεὶς,
3615 4045 3707 4090 xz!

2125 4120 2227 4190 τὴν
2253 4120 2452 4190 ἔχθραν
2484 4122 2672 4188 λύσας,
2705 4125 2801 4178 καὶ
2827 4124 2918 4176 τὸν
2949 4124 3179 4178 θάνατον
3206 4131 3587 4198 καταργήσας,
3612 4130 3709 4182 καὶ

2127 4214 2457 4285 ἀναληφθεὶς
2480 4216 2614 4286 πρὸς
2633 4219 2724 4270 τὸν
2751 4214 2996 4288 Πατέρα,
3027 4221 3122 4275 καὶ
3146 4222 3451 4290 ἀνενεγκὼν
3483 4229 3583 4290 τὴν
3608 4228 3703 4278 θυ·
3782 4242 3801 4277 ι’

2132 4308 2270 4375 σίαν,
2327 4311 2418 4360 καὶ
2476 4314 2610 4380 τιμῇ
2677 4311 2898 4381 ὑψώσας
2928 4317 2993 4384 τῇ
3033 4315 3187 4386 θεῖκῇ
3234 4318 3296 4369 τὸ
3340 4318 3709 4387 ἀνθρώπινον,

453 4403 653 4468 adfuit,
691 4418 721 4456 a
756 4403 916 4457 nobis
949 4418 1174 4471 peregre
1214 4418 1321 4456 non
1373 4402 1665 4456 discedens
1721 4412 1828 4470 test
1879 4404 2023 4457 enim

2131 4399 2282 4460 τέλος
2314 4402 2426 4464 τοῖς
2458 4402 2885 4471 καταλλαγεϊσιν
2933 4407 3068 4476 ἡμῖν
3103 4406 3172 4460 δι’
3221 4407 3389 4460 αὑτοῦ
3419 4408 3497 4476 τῷ
3535 4410 3708 4478 [lupi

450 4496 671 4565 ubique,
702 4508 759 4549 ut
806 4495 989 4550 omnia
1030 4509 1246 4560 semper
1290 4493 1575 4547 viviticans
1609 4503 1662 4545 et
1686 4501 2024 4560 continens),

453 4589 546 4642 sed
605 4591 843 4657 seipsnm
904 4586 1286 4650 manifestans,
1325 4594 1379 4639 et
1435 4585 1697 4654 purgatis,
1750 4593 2029 4639 transmu-

456 4680 695 4748 tatisque
757 4695 853 4747 per
909 4677 1103 4731 Filium
1172 4676 1354 4732 Patris
1413 4678 1759 4744 bcneplacito
1819 4689 1873 4730 et
1911 4680 2030 4732 .vir-

458 4783 577 4825 tute
629 4771 872 4840 pr0pria,
903 4778 963 4822 ut
997 4771 1044 4823 ei
1080 4770 1570 4826 consubstantialis
1592 4777 1649 4825 et
1676 4779 2026 4839 cooperator,

458 4864 662 4916 clarius
698 4867 753 4913 ct
787 4859 1093 4914 evidentius
1122 4876 1245 4915 sese
1279 4861 1689 4925 demonstrans,
1723 4871 1777 4916 et
1828 4863 2035 4931 patefa-

461 4955 656 5020 ciens;
718 4961 915 5019 atque,
965 4958 1024 5004 ut
1075 4952 1146 5005 ita
1178 4952 1384 5015 dicam,
1421 4962 1568 5009 totus
1617 4955 1672 5007 in
1736 4955 1896 5012 nobis
1941 4971 2035 5027 per

462 5045 696 5116 gratiam
729 5040 1066 5107 inhabitans,
1096 5051 1150 5096 et
1195 5043 1248 5096 in
1288 5058 1619 5114 unoquoque
1656 5047 1888 5111 divisus,
1920 5050 2036 5119 ipse

466 5149 647 5191 tamen
683 5132 953 5189 indivisus
1013 5149 1360 5203 permanens.
1414 5135 1623 5204 Gratia,
1668 5150 1729 5193 ut
1772 5142 2041 5207 diximus,

473 5226 783 5288 inhabitat,
821 5237 926 5277 non
990 5230 1174 5277 tamen
1227 5226 1630 5292 personaliter,
1665 5225 1797 5281 licet
1841 5241 2038 5282 natura

469 5332 714 5388 praesens
772 5316 845 5371 sit
890 5315 1118 5384 ubique,
1171 5324 1224 5370 et
1281 5330 1446 5384 super
1506 5318 1689 5370 omnia
1722 5357 1737 5383 ,
1793 5319 2040 5375 inﬁnitus

468 5410 767 5464 cxsistens.
804 5406 922 5463 Non
950 5408 1094 5463 enim
1125 5422 1357 5478 persona
1379 5408 1718 5472 incarnatur,
1752 5420 1917 5480 atque
1943 5426 2042 5464 no-

465 5502 555 5555 bis
581 5502 741 5575 inest,
768 5500 914 5553 sicut
946 5515 1048 5554 nec
1072 5482 1259 5566 Pater,
1295 5500 1390 5556 sed
1424 5516 1521 5570 per
1550 5501 1851 5569 gratiamin
1884 5503 2041 5556 nobis

467 5600 521 5643 et
550 5592 841 5656 inhabitat,
863 5601 915 5643 et
946 5602 1145 5653 manet.
1172 5601 1223 5645 et
1253 5602 1533 5660 opt-ratur.
1570 5590 1731 5644 Solus
1761 5591 1931 5645 Filius
1965 5594 2044 5645 in-

470 5690 733 5737 carnatus
750 5691 854 5747 est,
881 5683 933 5735 in
972 5683 1129 5737 nobis
1163 5693 1339 5737 tamen
1362 5684 1727 5751 personaltcr
1752 5700 1859 5738 non
1892 5686 2043 5741 habi-

2129 4490 2230 4557 τὴν
2282 4492 2620 4563 τελεωτέραν
2647 4496 2810 4564 χάριν
2856 4497 3166 4553 ἀπέστειλε.
3200 4500 3311 4552 Καὶ
3341 4501 3372 4568 ή
3408 4503 3560 4570 πηγὴ
3593 4502 3708 4554 τῶν

2128 4580 2475 4651 δωρημάτων
2527 4586 2657 4653 ἡμῖν
2690 4589 2719 4640 ὁ
2771 4588 3127 4658 Παράκλητος
3177 4591 3552 4661 ἐπεδήμησεν,
3605 4592 3709 4645 οὐκ

2132 4672 2453 4745 ἀποδημῶν,
2484 4678 2714 4748 καὶγὰρ
2746 4681 2863 4731 ἐστι
2919 4681 3220 4752 πανταχοῦ,
3249 4682 3325 4745 ὡς
3357 4683 3536 4737 πάντα
3570 4683 3709 4747 ζωο-

2132 4765 2308 4831 γονῶν
2340 4768 2437 4818 καλ
2467 4768 2733 4838 συνέχων,
2760 4770 2896 4823 ἀλλὰ
2926 4773 3179 4842 φανερῶν
3231 4774 3450 4840 ἑαυτὸν,
3483 4774 3709 4836 καὶτοῖς

2134 4856 2459 4927 καθαρθείσι
2507 4861 2602 4913 καὶ
2652 4863 3110 4933 ἀναμορφωθεῑσι
3143 4865 3235 4918 διὰ
3287 4864 3384 4917 τοῦ
3438 4866 3572 4918 Υίοῦ
3615 4865 3711 4919 τοῦ

2138 4951 2353 5019 Πατρὸς
2387 4953 2628 5025 εὐδοκία,
2658 4956 2753 5008 καλ.
2786 4958 3052 5027 συνεργίᾳ.
3084 4956 3214 5027 ἰδία,
3238 4957 3314 5020 ὡς
3360 4960 3621 5028 συμφυής
3649 4975 3710 5011 τε

2137 5041 2231 5093 καὶ
2255 5045 2538 5112 συνεργὸς,
2558 5046 2995 5118 ὲμφανιζόμενος
3018 5042 3433 5120 ὲναργέστερον,
3455 5052 3552 5104 καὶ
3573 5052 3710 5116 ὅλως

2140 5131 2213 5194 ὡς
2240 5134 2417 5186 εἰπεῖν
2451 5132 2547 5213 καὶ
2576 5138 2641 5206 τῇ
2676 5139 2863 5208 χάριτι
2898 5140 3178 5210 ὲνσκηνῶν
3213 5141 3312 5194 καὶ
3352 5136 3715 5211 μεριζόμενα

2141 5224 2198 5275 ὲν
2247 5226 2484 5296 ἑκάστῳ,
2532 5229 2627 5281 καὶ
2661 5230 2843 5299 μένων
2887 5232 3191 5302 ἀμέριστός
3236 5249 3295 5284 τε
3338 5234 3435 5287 καὶ
3467 5236 3496 5297 ό
3530 5235 3717 5298 αὑτός.

2141 5316 2219 5386 Τῇ
2256 5318 2441 5387 χάριτι
2475 5318 2553 5383 δὲ,
2584 5320 2662 5385 ὡς
2691 5322 2940 5393 εἴπομεν,
2966 5325 3240 5394 ὲνσκηνοϊ,
3265 5325 3325 5378 οὐ
3352 5326 3461 5395 μὴν
3477 5328 3547 5394 τῇ
3582 5327 3720 5379 ὑπο-

2146 5408 2355 5475 σςάσει,
2383 5410 2431 5461 εί
2462 5415 2558 5463 καὶ
2581 5411 2744 5480 φύσει
2778 5417 2971 5483 παρών
2999 5416 3117 5467 ἐστι
3148 5416 3425 5486 πανταχοῦ
3454 5422 3546 5470 καί
3575 5418 3719 5485 ὑπὲρ

2142 5500 2203 5553 τὸ
2252 5503 2382 5567 πᾶν,
2434 5505 2826 5575 ἁπεριόριστος
2883 5505 2982 5562 ῶν.
3021 5507 3097 5560 Οὐ
3132 5507 3243 5577 γὰρ
3291 5510 3357 5578 τῇ
3416 5507 3720 5561 ὑποστάσει

2146 5590 2448 5661 σαρκοῦται
2478 5597 2572 5646 καὶ
2602 5599 2660 5649 ὲν
2685 5597 2819 5665 ἡμῖν
2839 5598 3072 5666 γίνεται,
3100 5597 3288 5668 ῶσπερ
3314 5595 3473 5650 οὐό⁷ὁ
3506 5599 3720 5668 Πατήρ.

2160 5675 2446 5753 Ἐνσκηνοί
2474 5683 2529 5738 δὲ
2572 5688 2667 5741 καὶ
2716 5690 2867 5758 μένει
2897 5689 2994 5744 καὶ
3022 5691 3237 5759 ἐνεργεῖ
3269 5693 3337 5758 τῇ
3367 5687 3573 5759 χάριτι.
3607 5688 3719 5742 Μό·
