4126 6268
444 344 549 415 ιω

1456 344 1558 410 DE
1594 347 1866 412 SACBIS
1907 348 2607 415 OBDINATIONIBUS.

3597 348 3708 422 ne

439 483 532 530 νος
555 462 614 518 δὲ
645 462 995 531 σεσάρκωται
1024 461 1229 557 δ)’ἱός.
1268 462 1381 517 Καὶ
1411 463 1569 527 οὗτος
1621 464 1723 517 οὐκ
1766 466 1824 517 ὲν
1881 466 2008 534 ἡμῖν

2122 473 2221 531 tat,
2260 470 2356 523 sed
2385 469 2440 523 in
2478 486 2541 523 eo
2573 471 2690 525 solo
2713 470 2859 541 quod
2895 475 3305 557 assumpsithut
3336 491 3400 531 ex
3441 478 3705 548 primitiis

437 553 827 615 ἐνυποστάτως
869 542 1190 617 οἱκεῖ,8ιλλ’
1216 554 1274 604 ὲν
1307 551 1384 622 τῷ
1414 553 1812 623 προσλὴμματι
1848 554 2018 624 μόνῳ,

439 644 529 698 ῐνα
555 647 620 697 ὲκ
647 643 745 712 τῆς
773 642 933 712 ἡμῶν
960 643 1123 713 ἡμεῖς
1144 642 1402 714 ἀπαρχῆς
1428 645 1504 706 ὠς
1536 644 1645 697 ἀπὸ
1675 644 1859 713 πηγῆς
1893 662 2023 712 συγ-

438 735 618 802 γενῶς
667 735 765 803 τὴν
805 734 967 804 χάριν
1021 731 1414 803 λαμϐάνωμεν,
1447 735 1545 787 καὶ
1577 732 1647 787 δι’
1695 734 1859 788 αὑτοῦ
1893 753 2023 806 γνη-

441 827 571 885 σίως
602 823 976 892 υἰοποιώμεοα
1001 822 1078 890 τῷ
1110 823 1303 895 Πατρί.
1341 823 1487 893 Πλὴν
1516 825 1726 887 ἐκεῖνος
1755 825 1852 895 μὲν
1881 826 2022 878 κατὰ

439 916 605 984 φύσιν
658 917 811 982 Υἱὸς,
845 916 998 969 θέσει
1028 914 1086 967 δὲ
1116 916 1212 968 καὶ
1247 914 1390 967 κατὰ
1419 915 1582 984 χάριν
1629 917 1816 985 ἡμεῖς.
1856 916 2021 986 Ὁρᾷς

438 1010 498 1060 τὸ
555 1009 892 1077 μυστήριον;
926 1006 1061 1069 Θεὸς
1111 1005 1231 1076 μεθ’
1280 1005 1439 1076 ἡμῶν
1467 1009 1495 1058 ὁ
1539 1006 1909 1077 Ἐμμανουήλ,
1935 1008 2021 1061 ἵνα

438 1099 535 1150 καὶ
565 1099 728 1166 ἡμεῖς
760 1095 1079 1164 θεωθῶμεν.
1135 1095 1298 1149 Ἀλλά
1328 1096 1468 1148 κατὰ
1509 1094 1674 1164 φύσιν
1726 1097 1825 1164 μὲν
1858 1098 2020 1160 αὐτὸς

438 1191 569 1252 Θεὸς
601 1193 718 1241 ἐστι
754 1190 847 1241 καὶ
876 1188 1029 1253 Υἱὸς,
1059 1187 1209 1241 θέσει
1268 1188 1326 1241 δὲ
1364 1188 1475 1240 θεοὶ
1519 1187 1619 1240 καὶ
1667 1188 1810 1241 κατὰ
1858 1190 2021 1258 χάριν

436 1282 623 1351 ἡμεῖς.
656 1280 748 1332 Διὸ
780 1281 874 1331 καὶ
927 1280 1119 1348 Πατὴρ
1152 1279 1317 1331 αὑτοῦ
1352 1280 1380 1331 ὀ
1419 1279 1629 1348 Πατὴρ,
1682 1279 1818 1331 ἀλλὰ
1875 1281 2020 1333 κατὰ

439 1369 626 1436 φύσιν,
657 1370 754 1421 καὶ
790 1368 977 1437 Πατὴρ
1013 1367 1194 1436 ἡμῶν,
1228 1367 1366 1419 ἀλλὰ
1410 1368 1552 1419 κατά
1586 1368 1746 1436 χάριν
1772 1383 1786 1399 ο
1817 1368 1892 1431 ὡς
1923 1369 2017 1421 καὶ

437 1459 574 1520 Θεὸς
609 1458 778 1510 αὑτοῦ
830 1456 920 1509 διὰ
966 1457 1027 1510 τὸ
1081 1457 1141 1520 ἐξ
1193 1458 1351 1525 ἡμῶν
1384 1456 1726 1526 πρόσλημμα
1757 1461 1852 1511 καὶ
1885 1458 2015 1522 Θεὸς

436 1550 621 1617 ἡμῶν.
654 1549 737 1601 ὅτι
768 1549 1021 1616 κτίστης.
1070 1548 1183 1599 Καὶ
1238 1547 1399 1600 τοῦτο
1430 1547 1459 1599 ὃ
1485 1549 1706 1618 εἴρηκεν
1749 1549 2013 1617 ἀναστὰς,

441 1656 461 1689 ι
517 1638 822 1692 Ἀναϐαίνω
880 1639 1016 1709 πρὸς
1067 1639 1159 1689 τὸν
1216 1638 1437 1707 Πατέρα
1495 1652 1597 1707 μου
1651 1640 1747 1691 καὶ
1797 1641 2019 1711 Πατέρα

434 1729 613 1796 ὑμῶν,
646 1730 740 1781 καὶ¹
772 1729 904 1782 Θεὸν
938 1746 1040 1798 μου
1075 1729 1170 1781 καὶ
1206 1729 1343 1782 Θεὸν
1383 1728 1561 1798 ὑμῶν.
1609 1749 1629 1782 ι

2127 558 2329 613 nostris
2357 560 2503 614 velut
2531 576 2561 616 ο
2586 561 2754 628 fonte,
2786 565 3002 634 generis
3032 566 3431 636 conjunctione
3468 572 3702 640 gratiam

2127 648 2487 716 accipiamus,
2522 662 2577 706 et
2608 668 2704 722 per
2765 671 2892 708 cum
2934 656 3056 709 Filii
3090 655 3272 713 Patris
3324 660 3565 733 legitime
3587 666 3708 719 cili-

2125 741 2359 796 ciamur.
2406 742 2604 798 Verum
2640 745 2729 801 ille
2774 744 2946 801 Filius
2985 747 3077 803 Dei
3129 759 3212 804 est
3276 756 3567 821 naturalis,
3606 774 3705 813 nos

2126 847 2252 887 vero
2284 835 2585 904 adoptione
2624 845 2679 890 et
2726 853 2824 906 per
2851 839 3104 908 gratiam.
3149 830 3319 897 Vides
3352 849 3701 914 mysterium,

2126 916 2269 977 Deus
2304 925 2977 995 nobiscum,Emmanuel,
3014 939 3071 985 ut
3097 948 3193 989 nos
3223 932 3563 991 deiliceinur.
3595 938 3704 995 Sed

2126 1026 2319 1069 natura
2350 1015 2492 1072 Deus
2535 1018 2627 1072 ille
2653 1032 2758 1084 cst,
2780 1031 2831 1074 et
2855 1020 3052 1087 Filius,
3089 1040 3188 1079 nos
3216 1037 3394 1097 autem
3430 1031 3707 1098 positione

2123 1109 2384 1173 gratiosa.
2412 1108 2538 1164 Ideo
2559 1119 2614 1164 et
2643 1111 2822 1178 Pater,
2856 1112 3005 1168 illius
3035 1115 3195 1169 Pater
3213 1129 3319 1183 est,
3339 1121 3430 1175 sed
3465 1131 3663 1177 natura

2122 1199 2288 1252 Pater
2321 1209 2503 1254 autem
2538 1214 2750 1267 noster,
2788 1202 2882 1257 sed
2916 1208 3218 1280 secundum
3247 1212 3474 1280 gratiam
3503 1232 3518 1279 ;
3558 1217 3706 1271 sicut

2121 1294 2177 1337 et
2208 1284 2350 1340 Deus
2376 1287 2550 1355 ipsius
2582 1297 2664 1342 est
2691 1297 2913 1358 pr0pter
2937 1291 2987 1344 id
3023 1275 3169 1361 quod
3197 1310 3226 1347 a
3251 1275 3440 1353 vnobis
3469 1275 3656 1355 assunt
3675 1332 3691 1344 -

2122 1373 2233 1441 psit
2267 1391 2281 1440 ;
2317 1387 2369 1428 et
2409 1374 2550 1431 Deus
2585 1387 2794 1445 noster,
2824 1367 2951 1449 quia
2977 1380 3229 1438 Creator.
3268 1384 3404 1441 Illud
3440 1399 3526 1443 est
3554 1395 3704 1460 quod

2120 1472 2246 1530 post
2299 1469 2767 1522 resurrectionem
2802 1471 2942 1525 dixit
2979 1487 2991 1523 :
3030 1490 3049 1523 ι
3086 1473 3337 1531 Ascendo
3381 1481 3449 1535 ad
3480 1480 3700 1539 Patrem

2120 1565 2303 1606 meum
2356 1564 2411 1607 et
2440 1554 2657 1611 Patrem
2693 1568 2961 1627 vestrum,
2996 1562 3166 1618 Deum
3193 1581 3373 1623 meum
3426 1580 3483 1627 et
3526 1571 3699 1629 Deum

2120 1652 2378 1696 vestrum.
2429 1661 2447 1693 ι

507 1804 672 1887 ΓΪε
717 1819 1041 1886 Κληρικός.
1077 1817 1293 1888 Ὑψηλὰ
1325 1817 1392 1871 τά
1424 1819 1694 1888 εἰρημένα
1739 1821 1834 1874 καὶ
1871 1821 2008 1890 Θεῖα,

2188 1821 2450 1881 Clericus.
2491 1827 2618 1882 Haec
2648 1832 2754 1886 alta
2781 1844 2909 1888 sunt
2947 1847 2997 1890 et
3030 1834 3239 1906 divina,
3282 1836 3694 1921 plurimumque

431 1912 527 1962 καὶ
577 1912 748 1964 πολὺν
799 1912 932 1980 ἡμῖν
979 1910 1072 1962 τὸν
1120 1911 1407 1981 φωτισμὸν
1434 1912 1533 1981 τῆς
1567 1912 1825 1979 γνώσεως
1856 1914 2015 1968 δέδω-

432 2017 547 2055 κεν.
1674 2028 1687 2034 ”

515 2094 877 2161 Ἀρχιερεύς.
922 2093 1036 2163 Τῆς
1069 2091 1235 2147 αὐτοῦ
1275 2091 1498 2163 χάριτός
1529 2094 1690 2148 εἰσιν.
1729 2093 1797 2147 Ἢ
1835 2095 1891 2148 δὲ
1920 2095 2018 2148 αὑέ

430 2183 526 2236 τοῦ
578 2186 741 2254 χάρις
794 2185 1081 2254 φωτισμὸς
1109 2202 1121 2213 ·
1152 2185 1235 2237 ὅτι
1274 2189 1335 2236 τὸ
1366 2185 1620 2254 ἀληθινὸν
1665 2188 1781 2256 φῶς
1829 2189 2009 2252 αὑτός.

434 2276 546 2328 Καὶ
573 2276 674 2345 ἐμὲ
703 2275 888 2328 τοίνυν
915 2279 1009 2327 καὶ
1042 2276 1188 2343 ὑμᾶς
1241 2278 1300 2329 ἐν
1327 2276 1479 2343 αὐτῷ
1507 2278 1539 2345 ἡ
1564 2279 1725 2347 χάρις
1761 2278 2007 2347 φωτίζει,

436 2362 624 2434 ὥσπερ
664 2363 781 2432 φῶς
831 2365 889 2415 ὲν
919 2364 1166 2435 λαμπάδι
1197 2365 1290 2419 τόν
1335 2383 1395 2418 τε
1406 2369 1722 2444 ἕατέχοντα
1756 2370 1853 2422 καὶ
1886 2372 2011 2432 τοὺς

428 2456 560 2524 περὶ⁵
586 2455 752 2508 αὐτὸν
784 2455 1036 2524 αὑγάζει.
1069 2457 1247 2525 Χάρις
1280 2452 1375 2510 οὖν
1405 2458 1484 2529 τῷ
1515 2458 1634 2524 Θεῷ
1657 2459 1736 2529 τῷ
1768 2460 1838 2513 τὰ
1870 2461 2010 2513 ὲκεί-

427 2565 522 2599 νου
557 2547 960 2611 καταξιώσαντι
1006 2550 1133 2612 τοὺς
1182 2554 1478 2613 ταπεινοὺς
1516 2552 1668 2620 ἡμᾶς
1715 2554 1827 2614 τοῖς
1858 2553 2008 2606 ἁδελ-

429 2642 551 2707 φοῖς
578 2639 953 2708 άναγγέλλειν.
981 2640 1239 2710 Εῑπωμεν
1272 2642 1338 2713 δὴ
1369 2644 1465 2696 καὶ
1500 2644 1633 2714 περὶ
1668 2644 1777 2697 τῶν
1805 2645 2008 2701 λοιπῶν

429 2733 799 2801 χειροτονιῶν.

498 2826 815 2892 Κληρικός.
843 2825 974 2890 Ναὶ,
1007 2826 1242 2879 δέσποτα
1264 2840 1279 2856 °
1313 2828 1439 2882 ἐπεὶ
1490 2827 1585 2880 xui.
1635 2830 1764 2900 περὶ
1814 2832 2007 2885 πασῶν

426 2914 577 2980 ἄξιόν
630 2919 747 2969 ἐστι
809 2916 1023 2987 μαθεῖν.
1086 2917 1199 2970 Καὶ
1253 2917 1467 2984 δίδαξον
1527 2920 1675 2991 ἡμᾶς
1715 2922 1862 2986 τίνες
1911 2916 2007 2977 αὖ·

422 3024 538 3062 ται.

973 3123 1229 3178 ΚΕΦΑΛ.
1264 3124 1443 3179 ΣΜΑ’.

424 3214 563 3289 Περὶ
595 3212 979 3289 χειροτογξιῶν
1026 3215 1143 3289 ἔξω
1203 3217 1310 3289 tot?
1347 3217 1630 3289 ﬂlilv‘atoc
1674 3216 1997 3289 διαφόρων,

494 3284 613 3335 τῶν
650 3285 1005 3360 ἡγουμένωις
1049 3285 1144 3338 καὶ
1182 3286 1302 3338 τῶν
1332 3284 1866 3360 ἐκζιξλησιαστικῶιὲ
1895 3284 1999 3360 ὀφζ

493 3354 728 3421 φικίων,
755 3356 852 3407 καὶ
887 3353 1125 3422 πρῶτον
1156 3360 1290 3424 περὶ
1328 3357 1436 3410 τοῦ
1459 3353 1732 3427 μεγάλου
1773 3353 2002 3414 οἰκονῖο-

487 3441 628 3491 μου.

503 3534 865 3604 Ἀρχιερεύς.
909 3535 1030 3589 Τῶν
1078 3539 1678 3609 πρωτοπρεσϐυτέρων,
1705 3542 1816 3595 τῶν
1846 3545 2002 3614 ἀρχι-

422 3627 707 3693 διακόνων,
755 3629 865 3681 τῶν
903 3629 1350 3699 καθηγουμένων,
1388 3632 1484 3683 καὶ
1518 3630 1720 3683 λοιπῶν
1773 3636 1831 3685 ἐν
1886 3636 1999 3687 δια-

422 3720 608 3789 φόροις
660 3722 1030 3790 διακονήμασι
1072 3722 1186 3783 τοῖς
1220 3722 1535 3790 λεγομένοις
1568 3724 1866 3793 ὀφφικίοις,
1894 3726 2000 3780 λεια

418 3808 678 3877 τουργέας
708 3812 1067 3879 κεκτημένων
1093 3811 1581 3880 ὲκκλησιαστικὰς,
1602 3807 1677 3866 ὧν
1701 3818 1796 3867 καὶ
1817 3816 2000 3881 τάξεις

419 3898 530 3950 είσὶ
561 3900 656 3952 καὶ
685 3901 981 3970 ὑπηρεσίαι
1010 3900 1282 3971 διάφοροι.
1318 3902 1427 3955 Καὶ
1451 3904 1480 3954 ὁ
1511 3904 1611 3973 μὲν
1638 3905 1820 3958 αὐτῶν
1853 3908 1999 3960 οἰκο-

420 3993 585 4059 νόμος
609 3996 1016 4060 χειροτονεῖται,
1043 3995 1155 4045 τῶν
1178 3995 1480 4062 κτημάτων
1505 4011 1564 4047 τε
1594 3996 1689 4047 καὶ
1715 3999 1998 4066 προσόδων

418 4085 516 4135 καὶ
551 4083 659 4135 τῶν
692 4083 1079 4155 διαδιδομὲνων
1109 4085 1329 4157 ἑκάστῳ
1364 4088 1693 4155 ποιούμενος
1714 4089 1996 4155 πρόνοιαν.

418 4176 512 4226 Δεῖ
537 4175 646 4245 γὰρ
679 4176 775 4227 καὶ
805 4177 1171 4247 περὶτούτων
1198 4176 1510 4248 φροντίζειν
1542 4177 1622 4240 εις
1656 4178 1998 4234 λυσιτέλειαν

392 4266 512 4319 τοῦ
561 4264 743 4320 κοινοῦ
774 4269 869 4321 καὶ
900 4268 1165 4323 σύστασιν
1200 4269 1309 4323 τῶν
1340 4270 1841 4341 ἐκκλησιαστικῶν.
1887 4273 2000 4326 Καὶ

419 4361 693 4429 μαρτυρεῖ
743 4361 777 4429 ἡ
830 4360 1114 4431 οἰκονομία
1167 4361 1442 4429 Στεφάνου
1500 4360 1736 4414 καὶτῶν
1788 4364 1996 4418 λοιπῶν

415 4450 699 4517 διακόνων,
728 4450 1255 4522 ὲξυπηρετουμένων
1310 4453 1411 4522 μὲν
1443 4455 1539 4507 καὶ
1574 4457 1639 4524 τῇ
1673 4454 1996 4524 διδασκαλίᾳ

415 4541 512 4594 καὶ
539 4541 618 4611 τῷ
664 4511 1004 4613 inﬁmam,
1041 4511 1118 4605 ῶς
1157 4511 1433 4611 Στέφανός
1480 4562 1540 4597 τε
1574 4511 1669 4598 κᾶι
1700 4511 1991 4615 Φίλιππος,
2021 4517 2077 4576 D

415 4630 553 4684 ἀλλὰ
577 4632 673 4684 καί⁸
698 4635 816 4697 ταῖς
840 4636 1055 4703 χρείαις
1074 4634 1170 4687 καὶ
1193 4639 1312 4697 ταῖς
1336 4638 1544 4700 κοιναῖς
1567 4638 1864 4706 τραπέζαις
1883 4640 1994 4693 τῶν

415 4723 688 4794 ἀδελφῶν.

978 4841 1228 4898 ΚΕΦΔΛ.
1259 4843 1437 4900 ΣΜΒ¹.

417 4961 555 5030 Περὶ
583 4963 690 5016 τοῦ
707 4962 980 5033 μεγάλου
1006 4965 1443 5032 σακελλαρίου,
1467 4965 1567 5018 καὶ
1593 4964 1701 5019 τοῦ
1720 4966 1991 5036 μεγάλου

365 5035 368 5039 ’
957 5036 1446 5103 σκειυοφύλακος.

498 5145 558 5198 '0
590 5144 646 5197 δὲ
668 5147 775 5198 τῶν
802 5147 963 5216 ἱερῶν
993 5148 1171 5216 μονῶν
1194 5149 1534 5219 ἐπιμέλεται,
1560 5151 1795 5214 καὶτοὺς
1816 5152 1874 5204 ἐν
1896 5153 1993 5206 αὐ-

413 5238 535 5302 ταῖς
556 5239 831 5307 εὐτακτεῖ,
859 5241 1039 5293 καὶτὰ
1057 5239 1263 5294 τούτων
1289 5243 1365 5300 ὡς
1395 5241 1621 5297 δυνατὸν
1648 5243 1912 5311 ἐξετάζει.
1931 5246 1991 5300 Ὀ

410 5329 468 5382 δὲ
492 5330 751 5398 φυλάσσει
771 5333 840 5384 τὰ
866 5331 1057 5400 σκεύη,
1086 5334 1181 5385 καὶ
1209 5334 1318 5385 τῶν
1350 5334 1514 5403 ἱερῶν
1534 5339 1866 5405 προνοεῖται,
1895 5338 1991 5392 καὶ

408 5419 476 5473 τὰ
503 5421 612 5474 τῶν
642 5420 825 5491 ὕμνων
854 5427 949 5477 καὶ
964 5422 1058 5478 τοῦ
1089 5425 1218 5478 ναοῦ
1260 5426 1533 5492 εὐτακτεῖ,
1556 5429 1650 5481 καὶ
1679 5429 1789 5483 τῶν
1816 5431 1989 5504 ἱεραρ-

406 5514 578 5583 χικῶν
615 5515 926 5585 ἐνδυμάτων
957 5518 1051 5571 καὶ
1077 5518 1187 5573 τῶν
1222 5529 1426 5576 λοιπων
1472 5520 1648 5577 ἄλλων
1690 5522 1852 5592 ἱερῶν
1901 5526 1990 5578 κέ·-

409 5622 604 5675 κτηται
632 5605 730 5676 τὴν
761 5608 1042 5677 φροντίδα.

2115 1914 2341 1972 luminis
2377 1921 2683 1989 cognitioni
2715 1938 2916 1982 nostrae
2945 1930 3172 1986 addunt.

2189 2094 2465 2185 Pontifex.
2514 2098 2692 2170 Opera
2716 2115 2847 2159 sunt
2869 2110 3056 2177 gratia:
3085 2110 3282 2181 ipsius.
3315 2116 3495 2186 Ipsius
3538 2125 3687 2179 enim

2112 2188 2286 2277 gratia
2324 2188 2658 2246 illuminatio
2716 2210 2822 2262 est,
2861 2200 3117 2267 quoniam
3168 2204 3283 2274 ipse
3310 2225 3434 2264 vera
3472 2213 3560 2267 lux
3586 2228 3692 2271 est.

2113 2274 2194 2327 Mé
2215 2278 2384 2345 igitur
2415 2290 2470 2334 et
2506 2298 2602 2337 vos
2633 2299 2729 2354 per
2785 2288 2963 2356 ipsum
3002 2294 3177 2362 gratia
3216 2297 3510 2368 illuminat,
3551 2307 3695 2361 sicut

2112 2364 2295 2421 lumen
2328 2370 2379 2422 in
2408 2371 2681 2444 iampade,
2717 2391 2769 2432 et
2801 2383 3165 2439 sustinentem
3192 2387 3486 2459 illuminat,
3518 2407 3572 2450 et
3594 2402 3689 2467 qui

2111 2467 2242 2512 sunt
2269 2460 2417 2515 circa
2445 2465 2640 2532 ipsum.
2670 2469 2781 2524 Deo
2807 2471 2976 2541 igitur
2998 2480 3205 2544 gratias
3248 2484 3338 2552 qui
3371 2502 3471 2540 nos
3503 2460 3690 2546 humi-

2112 2550 2193 2604 les
2216 2559 2269 2603 et
2307 2552 2555 2621 abiectos
2604 2558 2801 2628 dignos
2834 2563 2961 2619 fecit
2999 2571 3091 2636 qui
3125 2570 3240 2625 hzec
3267 2550 3366 2630 sua
3419 2578 3684 2640 fratribus

2108 2647 2591 2705 annuntiaremus.
2621 2652 2797 2709 Verba
2824 2673 2970 2713 nunc
3024 2661 3293 2723 faciamus
3344 2670 3413 2727 de
3470 2680 3690 2735 caeteris
3738 2693 3747 2703 ‘

2108 2734 2570 2793 ordinationibus.

2181 2823 2440 2883 Clericus.
2470 2830 2571 2899 Ita,
2617 2835 2857 2892 domine.
2889 2837 3124 2911 Dignum
3154 2858 3240 2904 est
3267 2853 3412 2907 enim
3465 2866 3519 2911 ct
3555 2859 3688 2917 utile

2108 2910 2463 2975 de'omnibus
2516 2924 2754 2982 edoceri.
2800 2910 3099 2991 Doceinos
3133 2952 3383 3008 quaenam
3418 2946 3521 3002 illa:
3549 2949 3685 3005 sint.

2647 3120 2879 3181 CAPUT
2915 3128 3142 3187 CCXLI.

2108 3224 2186 3279 De
2211 3228 2644 3318 ordinationibus
2670 3237 2834 3290 rariis
2868 3249 3025 3318 eatur:
3059 3246 3356 3318 sacrarium
3382 3250 3491 3305 sive
3513 3252 3686 3318 bema,

2172 3298 2544 3391 prarferlorunj
2592 3313 2748 3372 atque
2816 3298 3298 3369 ecclesiasticarum
3359 3298 3686 3391 ofﬁciorum:

2174 3384 2234 3419 uc
2258 3372 2488 3433 primunt
2510 3374 2574 3426 de
2603 3390 2794 3444 magno
2830 3394 3122 3436 aeconomo.

2179 3540 2446 3612 Pontifex.
2486 3547 3683 3632 Protopresbyterorum,archidiaconorum,

2102 3632 2638 3704 catechumenorum,
2664 3655 2767 3696 seu
2791 3645 3068 3715 abbatum,
3090 3659 3144 3703 et
3160 3664 3484 3710 ceterorum
3507 3661 3602 3729 qui
3627 3662 3684 3717 in

2102 3724 2337 3779 diversis
2371 3727 2693 3784 ministeriis
2730 3747 2852 3800 quae
2875 3733 3052 3790 oliicia
3085 3724 3687 3809 dicitrttur,diﬂ‘eretttes

2102 3816 2609 3876 administrationes
2661 3824 3076 3883 ecclesiasticas
3127 3831 3403 3900 obtinent,
3447 3854 3684 3907 quorum

2099 3908 2239 3960 varii
2273 3921 2402 3962 sunt
2448 3913 2671 3968 ordines
2720 3924 2776 3969 et
2842 3932 3096 3976 munera.
3145 3923 3222 3976 Ex
3261 3925 3328 3979 iis
3362 3941 3686 3986 (economus

2100 3998 2407 4063 ordinatur,
2446 4001 2544 4070 qui
2600 4008 3069 4076 possessionibus,
3120 4023 3173 4066 et
3212 4018 3594 4086 proventibus,
3627 4031 3685 4079 et

2100 4090 2363 4153 sportulis
2423 4108 2544 4162 qua:
2613 4097 2913 4167 unicuique
2968 4103 3326 4173 tribuuntur,
3385 4112 3679 4180 providere

2099 4178 2282 4232 debet.
2319 4179 2546 4247 Oportet
2597 4187 2745 4239 enim
2775 4203 2900 4242 eum
2931 4192 2999 4246 de
3029 4193 3116 4249 his
3143 4210 3333 4251 curam
3386 4178 3583 4270 gerere
3623 4206 3681 4261 ilt

2100 4269 2388 4326 utilitatem
2452 4275 2755 4344 publicam,
2811 4288 2867 4334 et
2915 4269 3424 4347 ecclesiasticorum
3470 4301 3683 4353 emotus

2099 4371 2345 4415 mentum
2369 4376 2423 4419 et
2447 4364 2946 4430 conservationem.
2980 4372 3098 4430 Hoc
3119 4387 3357 4437 testatur
3374 4391 3687 4445 (nconomia

2103 4452 2385 4520 Stephani,
2442 4466 2498 4512 et
2561 4461 2905 4530 reliquorum
2966 4469 3367 4541 diaconorum,
3427 4478 3522 4547 qui
3567 4495 3681 4538 non

2100 4546 2277 4600 solum
2315 4548 2704 4608 ministrabant
2757 4556 3024 4614 doctrinae
3079 4571 3133 4615 et
3177 4546 3579 4636 praedicatioui,
3620 4584 3684 4628 ut

2099 4629 2413 4701 Stephanus
2445 4646 2501 4691 et
2525 4638 2830 4712 Philippus,
2874 4649 2971 4702 sed
3015 4629 3193 4704 etiaur
3214 4654 3446 4710 fratrum
3480 4629 3677 4717 traces-

2096 4722 2352 4780 sitatibus
2382 4736 2437 4782 et
2470 4732 2701 4787 mensis.

2635 4844 2864 4902 CAPUT
2891 4849 3142 4911 CCXLI].

2093 4953 2171 5008 De
2216 4973 2407 5025 magno
2448 4961 2733 5048 sacellario
2776 4977 2825 5019 et
2878 4985 3068 5039 magno
3126 4977 3503 5048 scevopliylace
3564 4982 3674 5036 sive

2479 5034 2694 5087 custode
2715 5034 3291 5101 vasorum'sacrorum.

2167 5135 2262 5194 Ille
2295 5156 2423 5195 vero
2463 5159 2746 5200 sacrorum
2784 5155 3252 5210 monasteriorum
3280 5172 3470 5213 curam
3509 5162 3676 5228 gerit,

2094 5232 2227 5286 etin
2254 5233 2321 5285 iis
2349 5234 2549 5288 bonum
2592 5237 2836 5293 ordinent
2898 5254 3183 5310 procurat,
3234 5254 3290 5300 et
3346 5261 3469 5316 qua:
3509 5248 3580 5302 ad
3608 5264 3676 5304 ea

2094 5336 2368 5396 spectant,
2418 5345 2519 5398 pro
2568 5332 2780 5387 viribus
2841 5336 3095 5405 inquirit.
3159 5339 3267 5394 Iste
3322 5351 3529 5407 autem,
3565 5343 3711 5399 hoc'

2095 5428 2202 5482 est,
2235 5420 2646 5491 scevopbylax,
2710 5438 2806 5478 seu
2857 5440 3111 5483 vasorum
3163 5438 3371 5497 custos,
3431 5434 3674 5490 custodit

2093 5526 2245 5575 vasa,
2279 5523 2334 5566 et
2390 5513 2564 5568 sacris
2604 5516 2874 5585 providet,
2912 5527 2967 5571 et
3021 5534 3144 5588 qua:
3206 5521 3275 5575 ad
3338 5525 3569 5591 hymnos
3616 5535 3674 5580 et

2093 5602 2355 5671 templum
2388 5602 2688 5671 pertinent,
2723 5606 2869 5662 bono
2898 5606 3095 5667 ordine
3128 5608 3393 5681 disponit,
3435 5615 3671 5670 vestiunt

2094 5705 2315 5761 quoque
2377 5690 2808 5763 episcopalium,
2875 5705 2929 5754 ct
2990 5708 3320 5758 exterarum
3381 5716 3672 5760 sacrorum

2094 5781 2516 5839 sollicitudinem
2543 5783 2729 5843 habet.
