4126 6268
352 341 463 404 465

1392 345 1491 405 DR
1520 307 1794 406 ssents
1831 346 2525 415 ORDINATIONIBUS.

3521 349 3635 409 466

355 455 443 518 δος
472 456 528 510 ὲν
560 455 799 521 ἐκείναις
825 458 1116 514 ἐπιϐοᾶται
1165 461 1288 524 ταῖς
1323 460 1647 523 καθολικαῖς
1690 463 1786 514 καὶ
1817 478 1931 512 κοι-

2045 461 2214 516 munis
2240 471 2445 518 sanctte
2502 462 2792 518 Trinitatis
2831 464 2884 517 in
2940 463 3060 518 istis
3123 462 3527 517 universalibus
3568 472 3624 514 et

354 549 476 625 ναῖς
504 548 888 618 χειροτονίαις,
913 551 1010 603 καὶ⁵
1039 552 1099 604 ἐν
1129 554 1195 622 τῇ
1220 552 1344 623 ἱερᾷ
1369 554 1465 605 καὶ
1512 553 1633 623 θείᾳ
1658 554 1926 624 τραπέζῃ.

369 641 458 691 Ἐν
484 641 715 702 ταύταις
752 640 807 693 δὲ
850 638 1051 705 ἔξωθεν
1082 643 1178 696 τοῦ
1226 642 1476 713 βήματος
1521 645 1834 712 γινομέναις
1858 645 1933 698 ὡς

356 732 631 803 διαφόρων
661 732 862 796 ἔξωθεν
895 735 1209 797 διακονιῶν,
1238 736 1300 789 οὐ
1347 737 1569 802 λέγεται
1592 736 1790 801 οὕτως,
1818 738 1931 789 ἀλλ’

358 825 744 886 ὑποκλίναντος
775 826 870 878 τοῦ
905 829 1390 897 χειροτονουμένου
1452 829 1543 883 διὰ
1603 830 1698 882 τοῦ
1731 845 1932 899 χαρτο-

357 910 596 982 φύλακος
623 915 724 985 τὴν
756 916 1024 985 κεφαλὴν,
1062 918 1284 987 ἀσκεπῆ
1306 920 1519 987 ταύτην
1566 918 1805 989 ἔχοντος,
1859 918 1935 979 ὡς

357 1005 726 1074 λαμϐάνοντος
757 1007 867 1060 ἀπὸ
893 1008 988 1060 τοῦ
1027 1009 1270 1078 Χριστοῦ
1305 1010 1397 1063 διὰ
1446 1012 1547 1063 τοῦ
1604 1012 1932 1080 ἀρχιερέως,

359 1096 454 1149 xui.
480 1096 557 1159 ὡς
597 1098 972 1168 ὑποκειμένου
1027 1100 1202 1170 αὐτῷ,
1236 1103 1331 1155 καὶ
1380 1104 1460 1161 τὸ,
1492 1122 1510 1153 ι
1547 1103 1878 1163 Κελεύσατε,
1910 1121 1930 1156 ι

359 1186 456 1239 τοῦ
490 1189 918 1256 Χαρτοιρύλακος
972 1192 1246 1258 λέγοντος,
1281 1194 1564 1247 ἀνίσταται
1602 1196 1630 1246 δ
1657 1196 1935 1265 ἱεράρχης,

359 1277 433 1340 ὡς
461 1277 606 1331 θεῖον
633 1278 694 1331 τὺ
728 1279 889 1349 ἔργον
917 1281 1113 1349 δηλῶν,
1146 1285 1240 1336 καὶ
1263 1284 1338 1347 ὡς
1383 1287 1616 1355 παρέχει
1668 1286 1937 1354 χάρισμα,

361 1370 456 1422 καὶ
478 1371 574 1437 τὴν
604 1373 765 1440 χεῖρα
792 1374 1062 1438 ἐκτείνας,
1105 1394 1123 1426 ι
1164 1375 1229 1429 Ἥ
1261 1377 1443 1445 χάρις,
1476 1378 1650 1444 λέγει,
1675 1377 1771 1429 τοῦ
1805 1393 1940 1427 παν-

360 1460 518 1526 αγίου
546 1461 865 1530 Πνεῦμα-τος
916 1466 1324 1535 προχειρίζεταί
1382 1482 1442 1519 σε
1497 1467 1529 1535 ἢ
1587 1467 1939 1538 οἰκονόμονῆ

360 1550 549 1620 ἔτερόν
608 1571 660 1605 τι
710 1555 809 1623 τῆς
858 1556 983 1609 καθ’
1012 1559 1158 1625 ἡμᾶς
1210 1559 1519 1627 ἁγιωτάτης
1551 1558 1938 1626 Ἐκκλησίας.ι

361 1644 470 1695 Καὶ
498 1643 665 1706 εὐθὺς
692 1647 989 1715 σφραγίζει
1024 1647 1239 1701 τοῦτον.
1301 1650 1407 1709 Καὶ
1443 1648 1683 1718 κάθηται
1708 1653 1734 1701 ὁ
1758 1650 1944 1717 ἀρχιεο

364 1733 512 1802 ρεύς.
547 1735 655 1786 Καὶ
689 1735 739 1787 οἱ
771 1736 867 1805 μὲν
898 1736 1120 1807 ᾅδοντες
1159 1736 1424 1805 ψάλλονσι
1458 1740 1544 1802 τὸ,
1586 1757 1604 1789 ι
1648 1738 1742 1800 Εἰς
1771 1738 1943 1793 πολλὰ

2037 555 2427 609 communibus
2488 555 2927 610 ordinationibus
2982 556 3297 619 invocatur,
3342 555 3501 619 idque
3566 558 3624 604 ﬁt

2040 645 2092 696 in
2125 659 2279 699 sacra
2310 652 2365 699 et
2412 646 2594 701 divina
2629 662 2840 703 mensa.
2869 648 2926 701 In
2973 648 3039 702 iis
3095 655 3275 699 autem
3317 645 3625 697 ordinatio.

2040 735 2202 791 nibus
2232 752 2355 805 quas
2382 738 2514 790 iiunt
2551 747 2703 792 extra
2734 741 3135 802 sanctuarium,
3172 744 3356 805 utpote
3394 751 3624 803 quarum

2040 827 2343 881 ministeria
2379 827 2527 879 varia
2558 836 2686 882 sunt
2707 838 2762 883 et
2801 828 3101 895 exteriora,
3147 842 3253 881 non
3279 828 3352 881 ita
3397 827 3623 879 dicitur.

2042 916 2146 972 Sed
2179 917 2480 973 ordinando
2506 930 2668 984 caput
2691 921 2970 973 admonitu
2993 918 3440 988 cbartophyiacis
3467 919 3628 970 incli-

2040 1019 2229 1069 nante,
2257 1019 2313 1063 et
2336 1011 2611 1064 detectum
2640 1011 2902 1078 habente,
2926 1012 3072 1065 velut
3097 1012 3328 1087 gratiam
3354 1025 3381 1062 a
3405 1009 3629 1065 Christo

2041 1114 2137 1167 per
2166 1100 2492 1168 episcopum
2544 1101 2866 1167 accipiente,
2909 1110 3073 1170 atque
3132 1113 3190 1155 ιιι
3238 1102 3313 1155 illi
3354 1102 3626 1168 subjecto,

2043 1198 2266 1259 tumque
2315 1192 2765 1262 chartopltylace,
2807 1211 2826 1245 ι
2864 1192 3082 1255 Jubete,
3130 1211 3148 1244 ι
3197 1194 3628 1260 pronuntiante,

2045 1283 2220 1351 surgit
2241 1284 2554 1351 episcopus,
2596 1285 2744 1339 velut
2765 1285 3013 1339 divinum
3038 1300 3178 1354 opus
3208 1285 3547 1355 signiﬁcans.
3576 1294 3632 1339 et

2046 1379 2280 1440 gratiam
2310 1376 2468 1439 quasi
2522 1376 2795 1444 praebens,
2854 1390 3191 1441 manumque
3222 1377 3524 1431 extendens
3551 1378 3632 1430 sic.

2045 1462 2219 1517 dicit:
2262 1482 2280 1515 ι
2323 1463 2506 1518 Gratia
2549 1467 2889 1520 sanetissimi
2916 1467 3156 1535 Spiritus
3178 1477 3461 1537 promovet
3489 1477 3560 1531 te,
3606 1486 3625 1518 ι

2047 1555 2131 1607 vel
2189 1568 2563 1618 mconomum,
2596 1560 2678 1608 vei
2708 1557 2957 1625 'aiiquod
2999 1558 3144 1611 aliud
3176 1557 3475 1611 oiliciornm
3510 1573 3633 1626 quas
3675 1580 3683 1627 ς

2049 1644 2104 1698 in
2157 1644 2504 1699 sanctissima
2564 1645 2808 1700 Ecclesia
2852 1657 3039 1702 nostra
3089 1648 3526 1716 frequentantur.
3564 1647 3633 1701 Et
3678 1630 3711 1710 ί

2049 1735 2235 1789 statim
2262 1752 2426 1791 cruce
2447 1739 2596 1790 illum
2615 1738 2817 1805 signat,
2842 1750 2953 1805 quo
2972 1742 3117 1795 iacto
3142 1742 3297 1796 sedet
3314 1743 3629 1806 episcopus.
3703 1742 3711 1773 ί

368 1824 489 1893 ἔτη,
517 1843 555 1875 ι
575 1825 1024 1895 εὐχαριστοῦντες
1054 1829 1196 1899 Θεῷ,
1217 1831 1310 1883 καὶ
1338 1831 1693 1898 ἐπευχόμενοι
1718 1830 1806 1883 διὰ
1837 1831 1942 1884 τῶν

2045 1827 2268 1882 Interim
2312 1838 2563 1883 cantatur
2591 1830 2936 1892 acclamatio,
2975 1848 2995 1882 ι
3037 1833 3116 1885 Ad
3153 1833 3353 1886 multos
3374 1848 3567 1897 annos,
3605 1852 3625 1882 ι

360 1915 669 1984 ἀρχιερέων
695 1918 784 1969 disi.
839 1920 941 1985 τὴν
972 1919 1308 1989 Ἐκκλησίαν
1351 1924 1709 1991 προκόπτειν
1746 1926 1845 1976 καὶ
1876 1926 1944 1977 τὰ

361 2006 679 2073 χαρίσματα
740 2007 997 2063 δίδοσθαι.
1049 2011 1107 2063 'U
1142 2014 1549 2082 χειροτονηθεὶς
1596 2015 1653 2067 δὲ
1711 2016 1943 2082 προσελ-

362 2098 491 2161 θὼν,
518 2100 826 2164 ἀσπάζεται
857 2101 916 2153 τό
946 2103 1078 2169 γόνυ
1096 2104 1181 2156 διὰ
1196 2104 1294 2174 τὴν
1314 2105 1619 2175 ὑποταγὴν,
1652 2106 1754 2174 τὴν
1782 2109 1944 2175 χεῖρα

360 2188 435 2251 ὡς
466 2191 763 2244 τελέσασαν
794 2192 893 2260 τὴν
937 2194 1119 2258 δεξιὰν
1165 2196 1259 2247 τοῦ
1312 2197 1641 2267 ἀρχιερέως,
1689 2199 1789 2250 καὶ
1846 2200 1945 2266 τὴν

362 2283 601 2348 παρειάν
630 2283 718 2335 διὰ
747 2283 846 2352 τὴν
877 2284 1076 2336 ’ένωσιν
1107 2288 1202 2337 καὶ
1232 2289 1479 2355 ἀγάπὴν.
1531 2285 1667 2342 Εἶτα
1694 2290 1788 2343 καὶ
1818 2291 1945 2351 τοὺς

362 2373 418 2423 ὲν
440 2372 516 2441 τῷ
540 2372 726 2444 οἰκείῳ
753 2375 1062 2438 ἀσπάζεται
1097 2378 1363 2446 τάγματι,
1429 2380 1479 2431 εί
1518 2382 1761 2450 πρῶτος,
1818 2382 1943 2440 τοὺς

363 2465 633 2534 πρώτους,
662 2469 711 2519 εί
737 2468 793 2520 δὲ
821 2468 1100 2539 δεύτερος,
1138 2473 1266 2531 τοὺς
1291 2471 1601 2541 δευτέρους,
1639 2473 1713 2536 ὡς
1745 2475 1943 2542 ὁμοτα-

364 2556 467 2621 γὴς
490 2555 751 2622 γεγονώς.
788 2559 894 2610 Καὶ
925 2557 1070 2611 οὕτω
1096 2560 1257 2613 πάλιν
1306 2562 1468 2624 στὰς,
1504 2566 1599 2614 καὶ
1632 2562 1724 2616 τὸν
1758 2564 1944 2633 ἀρχιε-

366 2641 465 2711 ρέα
493 2649 900 2714 προσκυνήσας,
965 2649 1309 2718 εὐχαριστῶν
1357 2650 1435 2719 τῷ
1485 2652 1808 2719 χαρίσματι,
1862 2650 1942 2712 είς

364 2735 456 2786 τδν
481 2738 681 2789 οἰκεῖον
711 2740 876 2791 τόπον
904 2739 963 2792 δν
992 2742 1462 2812 κεχειροτόνηται,
1492 2745 1739 2797 ἄπεισιν.

928 2941 1181 2996 ΚΕΦΔΛ.
1236 2944 1411 2997 ΣΜΖ’.

366 3052 495 3123 Ὄςι
530 3054 586 3105 οἱ
627 3052 846 3115 πρῶτοι
891 3054 990 3106 καὶ
1031 3055 1219 3120 γραῖα)
1282 3055 1799 3123 χειροτονούιιενοι
1842 3054 1936 3107 καί

437 3121 807 3219 ξ’ὐαγγιὲιιον
860 3123 1140 3190 δέχονται
1192 3121 1318 3190 ταῖς
1374 3121 1551 3193 χερσὶ
1610 3123 1774 3191 παρὰ
1834 3123 1941 3177 τοῦ
1973 3162 2017 3219 c

436 3193 779 3258 ἀρχιερέως.

441 3282 504 3334 Εἰ
551 3282 608 3334 δὲ
635 3284 745 3334 τῶν
780 3285 982 3351 κριτῶν
1034 3285 1152 3336 ἐστι
1216 3286 1311 3337 καὶ
1375 3283 1483 3337 τῶν
1539 3283 1791 3354 πρώτων,
1856 3284 1948 3336 καὶ

366 3373 698 3441 Εὑαγγέλιον
776 3376 927 3443 αὐτῷ
993 3377 1022 3428 δ
1077 3377 1373 3446 ἀρχιερεὺς
1429 3376 1613 3429 δίδωσι
1693 3375 1801 3445 πρὸ
1853 3375 1947 3427 τοῦ

366 3467 667 3535 ἀσπασμοῦ
715 3467 1006 3534 ἐπιλέγων,
1046 3487 1063 3518 ι
1090 3465 1258 3521 Εἶπεν
1292 3468 1321 3521 ὁ
1352 3467 1574 3536 Κύριος,
1614 3468 1704 3520 Ἐν
1749 3461 1794 3533 ᾧ
1825 3466 1948 3534 κρί-

370 3573 501 3626 ματι
527 3557 764 3627 κρίνετε,
795 3557 1143 3628 κριθήσεσθε·
1186 3577 1205 3609 ι
1245 3557 1479 3627 φοϐεροῦ
1534 3556 1688 3617 ὄντος
1714 3555 1812 3608 τοῦ
1861 3556 1947 3607 λό-

367 3664 488 3714 γου·
532 3647 609 3710 ὡς
634 3649 741 3718 γὰρ
772 3650 952 3718 κρινεί
1008 3649 1353 3717 κριθήσεταιο
1401 3647 1496 3701 καῖ⁵
1550 3647 1633 3699 ὅτι
1687 3647 1828 3698 κατὰ
1885 3646 1946 3697 τ’)

366 3739 699 3806 Εὑαγγέλιον
745 3740 951 3807 ὀφείλει
978 3740 1204 3808 κρίνειν,
1248 3739 1365 3805 καὶ,
1391 3739 1465 3801 ὡς
1501 3737 1633 3790 αὐτό
1676 3752 1833 3805 φησι,
1867 3735 1941 3805 μὴ

367 3830 823 3899 κατ’δψιν,ἀλλὰ
878 3831 977 3900 τὴν
1032 3831 1249 3884 δικαίαν
1310 3831 1493 3899 κρίσιν
1540 3830 1768 3898 κρίνειν.
1833 3827 1944 3878 Καὶ

366 3918 510 3973 οὕτω
558 3906 794 3973 πόιεῖται
855 3922 949 3974 τὸν
981 3910 1294 3988 ἀσπασμόν.
1352 3920 1425 3972 Τὸ
1454 3914 1547 3973 οὖν
1590 3921 1783 3976 εἰπεῖν.
1818 3936 1838 3969 ι
1879 3918 1944 3970 Ἦ

367 4012 487 4064 θεία
511 4013 671 4080 χάρις
703 4013 794 4064 τοῦ
826 4014 1096 4079 παναγίου
1134 4012 1475 4077 Πνεῦματος,
1509 4029 1527 4061 ι
1560 4011 1622 4063 οὗ
1652 4010 1941 4063 καθολικιεν

365 4122 420 4157 τι
453 4107 547 4157 καὶ
578 4106 783 4157 τέλειόν
818 4105 979 4173 180
1006 4121 1140 4174 φησι
1171 4105 1442 4173 χάρισμα,
1477 4103 1574 4155 καὶ
1592 4102 1698 4154 ἀπὸ
1720 4101 1940 4152 ὑποδιαο

366 4197 526 4250 κόνου
553 4197 631 4257 είς
660 4197 962 4256 διακονίαν,
992 4195 1024 4264 ἢ
1052 4194 1160 4246 ἀπὸ
1185 4193 1438 4245 διακόνου
1502 4193 1582 4253 είς
1633 4188 1940 4256 πρεσϐύτε-

369 4305 462 4357 ρον
485 4286 757 4352 enatam,
796 4286 933 4340 ἀλλὰ
958 4286 1190 4354 μένοντα
1221 4286 1470 4338 διάκονον
1499 4283 1530 4351 ἢ
1564 4281 1940 4350 πρεσϐύτερον

367 4377 429 4429 ἓν
459 4395 511 4429 τι
547 4376 922 4445 λειτούργημα
947 4378 1116 4444 ἱερὸν.
1148 4376 1286 4443 πρὸς
1302 4374 1556 4434 εὐταξίαν
1584 4374 1678 4440 τῆς
1713 4371 1940 4436 Ἐκκλη-

2050 1932 2156 1986 qua
2190 1919 2382 1987 gratia:
2416 1919 2526 1974 Deo
2557 1930 2814 1987 aguntur.
2842 1931 3173 1991 optatnrque
3199 1923 3497 1977 Ecclesium
3537 1939 3631 1991 per

2047 2010 2339 2079 episcopos
2388 2024 2605 2081 semper
2664 2012 2951 2082 proiicere,
3010 2023 3063 2069 et
3116 2017 3328 2083 augeri,
3377 2015 3631 2083 donaque

2047 2099 2321 2154 conferre.
2352 2100 2549 2157 Postea
2595 2105 2884 2160 ordinatus
2912 2106 2976 2159 ad
3018 2105 3366 2160 ordinantem
3400 2106 3628 2169 accedit,

2046 2191 2313 2262 illiusque
2354 2209 2494 2263 genu
2563 2196 2848 2251 osculatur
2910 2207 3134 2267 propter
3179 2198 3630 2265 subiectionem;

2053 2301 2304 2350 manum,
2364 2297 2422 2339 ut
2452 2288 2714 2356 °cpisropi
2770 2292 3046 2344 dexteram
3089 2304 3209 2359 quae
3231 2290 3630 2344 ordinationem

2050 2379 2303 2445 perfecit,
2358 2388 2412 2432 et
2462 2394 2655 2447 genam
2710 2391 2931 2448 propter
2981 2381 3241 2435 unionem
3291 2389 3345 2434 et
3373 2381 3629 2449 gratiam.

2049 2468 2142 2523 liis
2171 2470 2310 2523 actis
2338 2471 2619 2522 osculatur
2640 2486 2858 2539 quoque
2876 2487 2972 2526 eos
2989 2471 3079 2536 qui
3099 2481 3228 2526 sunt
3251 2472 3333 2525 sui
3373 2470 3627 2527 ordinis:

2047 2560 2091 2614 si
2125 2559 2283 2627 primi
2310 2559 2543 2621 ordinis,
2573 2562 2813 2630 primos;
2848 2561 2892 2614 si
2929 2563 3176 2622 secundi,
3222 2561 3515 2624 secundos,
3567 2568 3627 2612 ut

2045 2666 2232 2704 eorum
2269 2651 2471 2719 collega
2501 2651 2695 2706 factus.
2730 2652 2933 2721 Sicque
2968 2652 3164 2706 iterum
3200 2652 3507 2705 humillime
3537 2666 3627 2705 sa-

2047 2739 2215 2792 lutato
2233 2739 2514 2808 episcopo,
2547 2740 2598 2792 in
2636 2741 2813 2793 locum
2835 2740 3113 2809 proprium
3136 2739 3201 2792 ad
3225 2753 3383 2807 quem
3407 2737 3631 2791 ordina-

2046 2839 2135 2885 tus
2166 2838 2268 2894 est,
2303 2832 2435 2890 abit,
2461 2832 2669 2901 gratias
2701 2846 2867 2900 agens
2892 2832 2959 2884 de
2989 2833 3135 2885 dono
3171 2838 3448 2896 suscepto.

2548 2939 2630 2994 CA
2644 2939 2728 2996 PU
2741 2939 2784 2992 Τ
2825 2938 3126 2996 CCXLV“.

2124 3052 2281 3118 Quod
2307 3054 2567 3120 primum
2593 3063 2640 3105 et
2658 3053 2870 3122 judices
2900 3052 3134 3106 ordinati
3169 3049 3512 3121 Evangelium
3533 3067 3561 3104 ε

2432 3123 2673 3174 manibus
2709 3125 2938 3191 episcopi
2979 3123 3271 3190 accipiunt.

2119 3281 2175 3335 Si
2211 3295 2340 3336 vero
2369 3297 2398 3335 e
2438 3297 2668 3336 numero
2701 3290 2783 3334 est
2805 3281 3110 3351 primorum
3148 3281 3421 3350 judicum,
3447 3281 3629 3335 Even.

2050 3373 2369 3441 geiiumque
2422 3373 2525 3440 ipsi
2559 3374 2654 3427 dat
2705 3374 3017 3443 episcopus,
3051 3380 3179 3426 ante
3221 3373 3475 3426 osculum
3515 3373 3628 3429 bmc

2049 3463 2269 3531 adjicit:
2309 3483 2327 3514 ι
2377 3463 2515 3518 Dicit
2546 3463 2830 3527 Dominus,
2868 3463 2930 3517 In
2963 3476 3074 3531 quo
3107 3461 3318 3531 judicio
3341 3462 3627 3531 iudicatis,

2042 3549 2446 3616 jttdicabimini.
2480 3573 2498 3605 ι
2559 3553 2907 3609 Tremendus
2958 3568 3166 3617 sermo,
3205 3562 3265 3607 ut
3323 3556 3469 3609 enim
3503 3556 3630 3618 quis

2042 3641 2333 3710 judicabit,
2389 3646 2750 3711 judicabitur.
2811 3643 3041 3713 Oportet
3101 3647 3252 3699 enim
3322 3646 3625 3700 secundum

2048 3731 2398 3802 Evangeliutn
2420 3735 2668 3801 judicare
2691 3752 2707 3801 ;
2743 3742 2928 3804 atque,
2953 3743 3012 3788 ut
3041 3736 3155 3803 ipse
3182 3736 3276 3799 ait,
3304 3751 3411 3790 non
3430 3752 3629 3791 secun-

2045 3825 2173 3879 dum
2220 3826 2486 3893 speciem,
2534 3828 2629 3879 seti
2670 3834 2878 3880 rectum
2906 3825 3183 3895 judicium
3217 3827 3484 3893 judicare.
3532 3826 3627 3879 llis

2045 3917 2205 3970 dictis
2244 3916 2629 3972 salutationem
2661 3917 3004 3983 exsequitur.
3043 3915 3193 3971 Istud
3219 3918 3388 3986 igitur
3421 3919 3622 3981 dicere,

2052 4022 2070 4054 ι
2107 4002 2293 4057 Gratia
2335 4005 2666 4060 sanctissimi
2710 4004 2973 4074 Spiritus,
3010 4024 3028 4057 ι
3060 4005 3373 4061 universale
3401 4006 3623 4075 aiiquod

2044 4106 2097 4150 et
2145 4096 2449 4160 perfectum
2491 4098 2694 4153 donum
2738 4112 2848 4151 non
2897 4098 3193 4164 signiﬁcat,
3256 4112 3357 4153 nec
3397 4114 3463 4153 ex
3494 4100 3626 4153 sub-

2044 4184 2278 4237 diacono
2339 4187 2652 4248 diaconum,
2693 4189 2774 4241 vel
2815 4205 2880 4242 ex
2922 4190 3157 4245 diacono
3217 4191 3622 4261 ptesbysterutu

2044 4290 2393 4339 consecrare,
2421 4275 2516 4330 sed
2566 4277 2811 4346 aliquem
2859 4291 3299 4347 perseverantem
3333 4281 3385 4333 in
3437 4280 3625 4335 diaco-

2043 4376 2171 4420 natu
2208 4368 2289 4422 Vc]
2328 4370 2705 4436 presbyteratu
2741 4386 2910 4423 unum
2966 4372 3194 4441 aliquod
3250 4373 3617 4428 ministerium

370 4465 490 4527 σίας
513 4466 780 4535 ἐνεργεῖν.
819 4467 885 4516 Ὃ
909 4466 974 4532 δὴ
998 4464 1107 4516 άπὸ
1132 4463 1233 4531 τῆς
1275 4464 1498 4533 χάριτος
1541 4460 1812 4529 λαμϐάνει
1844 4455 1937 4509 τοῦ

2047 4475 2265 4514 sacrum
2294 4466 2358 4513 ad
2390 4462 2592 4515 bonum
2624 4460 2880 4517 Ecclesia:
2904 4461 3155 4517 ordinem
3182 4464 3618 4519 conservandum

366 4548 704 4620 Πνεύματος,
736 4553 857 4622 ἢτοι
890 4554 999 4605 άπὸ
1024 4552 1135 4606 τῶν
1154 4552 1427 4621 διαφόρων
1449 4550 1808 4621 χαρισμάτων
1832 4545 1941 4598 τῶν

366 4644 509 4696 κατὰ
542 4644 827 4712 προκοπὴν
843 4645 1078 4715 ἑκάστῳ
1123 4644 1371 4714 τάγματι
1421 4641 1741 4710 διδομένων,
1783 4654 1942 4706 μερι-

366 4734 460 4787 κὸν
487 4734 546 4787 ὃν
573 4737 668 4788 καὶ
692 4737 748 4787 ὲν
774 4735 1111 4804 ένί.Ἕτερος
1148 4735 1256 4804 γὰρ
1285 4733 1378 4786 τοῦ
1410 4730 1575 4786 αὐτοῦ
1610 4727 1820 4800 βαθμοῦ
1847 4725 1945 4778 καὶ

365 4826 649 4894 τάγματος
699 4827 965 4896 κέκτηται
1002 4825 1164 4880 πάλιν
1224 4824 1375 4878 ἄλλο’
1430 4823 1527 4877 καὶ
1573 4822 1753 4875 πάντα
1801 4817 1943 4871 κατά

365 4913 524 4983 λόγον
556 4917 625 4970 τὰ
644 4917 743 4986 τῆς
773 4917 1102 4986 Ἐκκλησίας
1127 4916 1254 4969 εἰσί.

924 5228 1173 5282 ΚΕΦΑΛ.
1229 5229 1321 5280 ΣΜ
1330 5230 1408 5281 H'.

282 5356 292 5365 ‘
370 5341 504 5413 ’Ὄζι
525 5339 596 5413 τᾷ
621 5339 738 5393 τῶν
770 5340 1071 5413 ὀφφικίωνξ
1099 5341 1210 5409 τῆς
1235 5340 1606 5413 Ἑκκλησίης
1642 5353 1943 5413 ιερωμενοι

446 5410 818 5478 ὀφείλουσιῦ
846 5411 1140 5478 ἐνεργεῖν,
1177 5411 1275 5464 καὶ
1302 5413 1414 5478 οὐχ
1450 5412 1531 5475 ὡς
1562 5412 1633 5463 ἕν
1678 5425 1803 5462 τισι
1849 5410 1945 5463 τό·

442 5496 603 5543 ποις,
627 5480 707 5544 ὠς
729 5482 830 5534 καὶ
867 5480 939 5549 τῇ
966 5479 1355 5548 Τραπεζοῦντι
1392 5482 1613 5535 λατκοί.

443 5570 633 5626 Ταῦτα
662 5572 718 5626 δὲ
745 5573 812 5625 τὰ
842 5573 966 5641 ἱερὰ
1008 5573 1458 5643 λειτουργήματα
1517 5574 1576 5624 ἐν
1623 5571 1942 5641 ίερωμένοις

370 5661 679 5730 ὀφείλουσιν
710 5660 850 5716 εἶναι
877 5662 1150 5726 διακόνοις
1169 5679 1230 5715 τε
1265 5664 1360 5716 καὶ
1381 5662 1794 5733 πρεσϐυτέροις,
1846 5662 1941 5715 καὶ

375 5753 479 5809 οὐκ
499 5754 559 5808 ὲν
584 5754 811 5825 ἀνδράσι
831 5757 1114 5825 κοσμικοίς
1147 5755 1242 5808 καὶ
1272 5753 1348 5825 μὴ
1372 5753 1675 5823 ἱερωσύνην
1703 5752 1935 5822 Εχουσιψ

2049 4549 2276 4619 insuper
2305 4554 2541 4620 Operari.
2579 4553 2714 4607 illud
2734 4571 2860 4607 vero
2887 4570 2916 4608 a
2940 4555 3114 4622 gratia
3137 4556 3378 4624 Spiritus
3399 4556 3618 4621 accipit.

2046 4643 2296 4699 videlicet
2321 4658 2351 4698 a
2379 4644 2755 4700 diil'erentibus
2794 4646 2980 4713 gratiae
3004 4648 3164 4701 donis
3185 4661 3306 4717 quae
3328 4647 3621 4715 unicuique

2045 4735 2248 4798 ordini,
2273 4746 2331 4790 ut
2353 4738 2478 4791 inde
2519 4746 2784 4807 augeatur
2804 4748 2858 4791 et
2882 4733 3214 4806 perﬁCiatur,
3241 4738 3618 4795 conferuntur.

2045 4829 2280 4886 Partiaie
2317 4828 2482 4898 igitur
2511 4839 2616 4893 est,
2646 4837 2703 4883 et
2760 4830 2853 4883 uni
2887 4832 3078 4900 gradui
3139 4832 3430 4887 inhaerens.
3466 4833 3621 4887 Alius

2045 4919 2190 4971 enim
2222 4918 2464 4986 ejusdem
2496 4922 2703 4989 gradus
2736 4929 2790 4975 et
2827 4921 3037 4980 ordinis
3079 4924 3275 4979 iterum
3314 4924 3462 4980 aliud
3498 4940 3623 4993 pos-

2047 5011 2223 5069 sidet;
2261 5010 2746 5067 iiuutautenobtec
2803 5017 2986 5067 omnia
3036 5016 3337 5071 secundum
3361 5016 3621 5073 Ecclesia,

2046 5104 2416 5157 deﬁnitionem
2451 5114 2504 5158 et
2535 5110 3011 5164 consuetudinem.

2531 5217 2760 5273 CAPUT
2804 5222 3128 5277 CCXLVIII.

2049 5331 2202 5403 Quod
2226 5346 2396 5383 sacrm
2425 5344 2667 5403 personae
2697 5333 2893 5401 ofﬁciis
2924 5334 3296 5387 ecclesiasticis
3339 5332 3487 5403 fungi
3526 5330 3619 5385 de-
3709 5329 3714 5333 ’

2116 5402 2256 5465 bent,
2290 5410 2338 5523 cf
2373 5416 2494 5483 non,
2520 5398 2654 5452 sicut
2701 5398 3020 5469 quibusdam
3059 5405 3114 5456 in
3164 5404 3292 5456 locis
3321 5398 3368 5454 et
3421 5402 3618 5469 Trapeo

2117 5482 2291 5523 sume.
2343 5486 2467 5523 am.

2117 5482 2291 5532 sume.
2321 5482 2467 5524 latet.

2115 5560 2308 5616 Omnia
2333 5571 2517 5619 autem
2561 5564 2662 5617 ista
2712 5577 2867 5617 sacra
2909 5561 3087 5616 cilicia
3120 5561 3357 5616 conferri
3420 5561 3621 5616 debent

2046 5652 2178 5708 viris
2207 5653 2457 5719 sacratis,
2517 5654 2763 5709 diaconis
2845 5652 3099 5708 videlicet
3151 5661 3204 5707 et
3258 5652 3615 5723 presbyteris,

2045 5759 2153 5801 non
2205 5753 2385 5801 autem
2443 5746 2822 5810 saecularibus,
2881 5753 2935 5800 et
2992 5745 3298 5802 sacerdotio
3334 5745 3622 5815 continuit
