4126 6268
359 319 463 382 469
1670 338 1766 399 DE
1800 340 1968 403 P(EN

2071 344 2310 407 ENTIA.
2628 376 2631 379 ν
3339 379 3347 387 ·
3525 363 3641 423 420

355 433 592 536 δύναμιν
615 435 850 507 ἐροῦμεν
873 439 953 510 τῷ
978 440 1161 511 είρμῷ
1174 442 1272 498 τοῦ
1299 445 1482 513 λόγου,
1511 448 1611 536 κάξ
1628 450 1764 519 πρὸς
1783 450 1945 504 τοῦτο

2071 457 2355 529 iresbyteri
2398 459 2518 516 sine
2553 462 2776 519 licentia
2828 466 3212 536 episcoporum
3251 469 3414 524 .hanc
3458 469 3630 525 facul-

357 528 608 624 ελθξντες
645 532 748 601 ἤδη
803 531 942 587 Θεοῦ
975 535 1247 602 θέλοντος,
1276 538 1548 609 πρότερον
1571 526 1640 592 τῖἒι
1663 544 1794 611 περὶ
1825 542 1935 596 τῶν

2072 556 2218 624 atem
2252 566 2361 603 non
2393 552 2623 618 habent,
2656 562 2710 609 et
2741 556 3095 613 diaconorum
3124 575 3234 614 non
3265 563 3633 616 meminerunt

359 617 522 686 ἱερῶν
555 622 903 697 χειροτονιῶν
928 626 1072 679 κατὰ
1092 627 1321 697 δύναμιν
1353 629 1817 698 ὲρμηνεύσαντες.

2071 651 2324 707 anones;
2384 658 2494 712 quo
2536 644 2662 713 jure
2696 647 2860 703 homo
2903 648 3097 714 idiota.
3140 653 3291 705 nullo
3339 652 3632 710 sacerdotii

358 713 679 769 charactere
706 715 1025 787 insignitus,
1050 719 1459 775 administrabit
1514 721 1617 776 hoc
1656 722 2002 792 mysterium,
2043 735 2099 780 et
2130 742 2344 783 sacrum
2406 733 2738 799 pmttitentiae
2791 713 3200 796 ministerium?
3291 742 3428 799 Cum
3469 744 3634 812 igilul‘

356 807 698 904 connexione
723 810 995 865 sermonis
1011 812 1183 866 nostri
1212 813 1361 869 ducti
1382 814 1449 868 ad
1475 812 1581 868 hoc
1640 816 1962 886 mysterium
2006 823 2398 891 enarrandum,
2427 825 2533 882 Deo
2555 830 2773 887 volente
2796 834 3201 902 devenerimus,
3224 854 3346 904 qua:
3362 837 3428 892 ad
3447 807 3635 897 sacras

361 898 741 955 Ordinationes
766 907 1037 969 spectant,
1066 902 1179 972 jam
1206 903 1360 972 prius
1390 905 1756 974 interpretati,
1793 908 1859 961 de
1885 922 1952 963 eo
1991 926 2139 966 nunc
2166 927 2264 980 pro
2300 915 2509 973 viribus
2537 921 2699 975 verba
2732 921 3022 983 iaciemus.

436 993 759 1063 Κληρικός.
781 996 911 1057 Ναὶ.
940 995 1065 1065 ἅγιε
1087 996 1358 1052 δέσποτα.
1405 1000 1593 1065 Ἀξιον
1638 1003 1785 1072 ἡμᾶς
1846 1004 1943 1057 καὶ

365 1086 493 1157 περὶ
522 1085 719 1141 τούτου
749 1086 965 1155 διδάξαι
995 1087 1095 1143 καὶ
1119 1089 1445 1161 ἀναγκαῖον.

2123 1007 2382 1066 Clericus.
2414 1012 2487 1068 Ita
2519 1026 2686 1078 certe,
2717 1022 3066 1079 sanctissime
3082 1025 3324 1092 domine,
3351 1042 3457 1083 non
3475 1030 3636 1083 modo

2050 1114 2267 1167 aequum
2292 1114 2376 1157 est
2393 1116 2447 1160 et
2469 1108 2720 1174 utile,sed
2746 1112 2911 1166 etiam
2945 1118 3319 1173 necessarium
3342 1134 3440 1176 nos
3462 1122 3529 1175 de
3550 1122 3639 1176 his

2058 1195 2228 1248 rebus
2265 1196 2482 1252 docere.

1501 1361 1762 1447 IIEPI
1863 1364 2543 1494 METANOIAZ.

1599 1679 1719 1741 DE
1768 1684 2394 1755 POENITENTIA.

445 1970 800 2039 Ἀρχιερεύς.
838 1967 1012 2037 Κάγὼ
1053 1970 1191 2038 πρὸς
1225 1969 1387 2024 τοῦτο
1419 1976 1656 2043 ἑτοίμως
1691 1978 1820 2046 ἔχω,
1853 1986 1943 2033 καὶ

2125 1988 2436 2057 Episcopus.
2463 1988 2572 2055 Ego
2600 2000 2821 2057 quoque
2842 1985 2911 2041 ad
2943 1986 3043 2040 hoc
3060 1993 3281 2055 paratus
3300 1999 3440 2049 sum,
3466 1993 3519 2040 et
3544 1985 3647 2040 mi-

361 2065 472 2122 τῶν
503 2065 646 2119 κατὰ
675 2063 910 2133 δύναμιν
955 2062 1129 2130 λόγων
1162 2064 1263 2116 οὐκ
1297 2065 1595 2136 ἀμελήσω·
1647 2069 1732 2123 ὅτι
1770 2074 1864 2124 καὶ
1890 2075 1950 2126 τδ

362 2157 661 2226 κεφάλαιον
692 2154 796 2224 τῆς
850 2155 1124 2224 σωτηρίας
1165 2156 1384 2229 πάντων
1436 2160 1650 2211 πιστῶν
1701 2164 1844 2230 μετὰ
1887 2163 1950 2216 τὸ

368 2250 653 2321 βάπτισμα
700 2250 735 2318 ἡ
782 2248 1076 2316 μετάνοιαο
1132 2247 1229 2301 καὶ
1285 2249 1416 2302 ἄλλο
1449 2249 1588 2320 αὕτη
1626 2254 1950 2323 καθάρσιον,

364 2343 462 2396 καὶ
482 2340 737 2410 δεύτερον
768 2337 1074 2408 βάπτισμα,
1106 2339 1174 2392 δι’
1205 2339 1616 2411 ὲξαγορεύσεὼς
1659 2361 1716 2396 τε
1745 2346 1838 2399 καὶ
1856 2365 1951 2400 τα-

365 2434 704 2496 πεινώσεως,
733 2435 849 2493 τοῖς
902 2431 1046 2485 κατὰ
1076 2430 1311 2500 δύναμιν
1368 2433 1556 2497 πόνοις
1594 2438 1690 2489 καὶ
1721 2439 1952 2506 δάκρυσι

367 2526 829 2595 κατορθούμενον.
865 2516 1006 2594 Ἶῐς⁶
1031 2525 1329 2592 μετανοίας
1382 2529 1675 2597 προοίμιον
1723 2531 1954 2587 τελῶναι

368 2619 462 2672 καὶ
488 2617 812 2689 ἁμαρτωλοὶ
845 2618 942 2671 καὶ
960 2618 1158 2683 πόρναι
1176 2619 1234 2670 ἐν
1265 2620 1527 2690 μετανοίᾳ
1544 2622 1766 2690 Χριστῷ
1788 2639 1957 2692 προσ-

325 2743 329 2748 -
372 2710 620 2773 ελθόντες
662 2712 758 2762 καὶ
819 2708 1292 2781 προσδεχθέντες,
1329 2711 1427 2763 καὶ
1479 2710 1688 2784 λῃστὴς
1732 2715 1825 2767 ἐπὶ
1861 2715 1954 2768 τοῦ

378 2801 613 2867 σταυροῦ
673 2801 834 2870 μόνον
868 2800 1264 2869 ἐξομολόγησιν
1316 2801 1409 2854 καὶ
1439 2801 1623 2853 πίστιν
1676 2803 1822 2869 δοὺς,
1861 2806 1957 2859 καὶ

371 2894 454 2960 τὸ,
513 2912 531 2945 ι
572 2894 890 2963 Μνήσθητιο
933 2912 951 2944 ι
996 2894 1093 2946 καὶ
1128 2896 1154 2946 ὁ
1184 2897 1484 2963 κορυφαῖος
1533 2896 1644 2948 τῶν
1692 2897 1954 2967 μαθητῶν

375 2986 510 3056 μετᾶ
533 2987 635 3057 τὴν
656 2986 758 3055 τῆς
783 2986 1070 3055 ἀρνήσεως
1094 2984 1606 3049 πτῶσιν,-κλαύσας
1631 2989 1843 3057 πικρῶς
1865 2990 1957 3043 καὶ

370 3079 636 3149 ὲλεηθεὶς,
668 3079 763 3131 καὶ
790 3079 858 3146 τῇ
885 3079 1078 3147 τριττῇ
1109 3079 1397 3145 ἐρωτήσει,
1423 3079 1502 3138 είς
1520 3077 1547 3129 ὃ
1575 3073 1642 3147 ἦν
1670 3079 1958 3134 ἀποκατα-

373 3172 529 3234 στὰς.
559 3172 593 3240 ἢ
644 3172 740 3225 καὶ
765 3170 983 3240 μεῖζον,
1008 3171 1217 3241 ποιμὴν
1247 3170 1637 3251 Χριστοῦιτῶν
1666 3173 1957 3243 προϐάτων
1992 3160 1993 3163 η

371 3264 672 3329 καταστὰς,
706 3265 786 3327 είς
825 3264 884 3315 τὸ
919 3262 1232 3332 ποιμαίνειν
1256 3266 1314 3315 ὲν
1342 3265 1583 3331 προσοχῇ
1613 3264 1706 3316 καὶ
1730 3282 1953 3332 συμπα-

374 3357 497 3428 θείᾳ
522 3355 589 3409 τὰ
618 3324 887 3427 πρόϐατα,
931 3324 1040 3407 ἀπο
1067 3354 1161 3406 τοῦ
1201 3324 1433 3407 πταῖσαι
1484 3324 1583 3406 κᾶῐ
1612 3324 1953 3426 προσδεχθῆ-
1979 3324 2024 3386 C

375 3467 483 3513 ναι,
510 3449 570 3501 τὸ
596 3449 727 3508 τοὺς
753 3447 1096 3508 πταίσαντας
1127 3445 1380 3515 δέχεσθαι
1426 3445 1616 3514 μαθὼν
1664 3448 1961 3515 μεταγνόν-

374 3557 507 3602 τας·
551 3541 645 3594 καὶ
676 3540 772 3593 σὺν
799 3538 953 3606 αὐτῷ
989 3538 1232 3600 ἅπαντες
1255 3553 1268 3567 ·
1304 3539 1331 3589 ὁ
1368 3539 1478 3604 γὰρ
1527 3540 1599 3606 μὴ
1633 3540 1873 3600 πταίσας
1905 3541 1961 3591 ὲν

378 3632 692 3701 ἀνθρώποις
716 3633 815 3684 οὐκ
844 3629 993 3684 ἐστιν
1019 3630 1157 3693 ὅλως
1179 3645 1193 3659 ⁶
1239 3630 1331 3683 καὶ
1360 3629 1576 3700 πρῶτος
1601 3631 1837 3693 πταίσας
1868 3631 1963 3684 καὶ

381 3727 524 3794 ὑπὲρ
559 3726 766 3788 πάντας
807 3725 864 3776 ἐν
892 3724 1027 3776 πᾶσι
1063 3723 1274 3786 πιστοῖς
1312 3720 1444 3789 ἐγὼ,
1478 3721 1574 3775 καὶ
1607 3721 1964 3792 συγχωρηθῆ-

380 3835 471 3871 ναι
502 3816 828 3885 αἰτούμενος
859 3814 955 3867 καὶ
983 3813 1250 3882 σωθῆναι.
1436 3808 1439 3811 λ

455 3908 771 3975 Κληρικός.
825 3907 913 3969 Ὠς
979 3906 1235 3976 ἀληθῶς,
1283 3904 1541 3968 δέσποτα,
1577 3904 1673 3958 τοῦ
1715 3903 1965 3957 τοιούτου

380 3998 660 4071 χρῄζομεν
692 4000 893 4061 πάντες
922 4015 935 4029 ο
973 3998 1055 4051 ὅτι
1098 3999 1195 4051 καὶ
1229 3998 1429 4058 πάντες
1476 3996 1744 4066 διηνεκῶς
1790 3995 1968 4063 ἁμαρο

380 4094 641 4161 τάνομεν.

933 4202 1186 4256 ΚΕΦΑΛ.
1220 4199 1387 4254 ΣΝΑ⁹.

383 4317 515 4371 Ὅτι
543 4317 721 4371 τοῦτο
750 4314 1151 4385 μετάνοιαητὸ
1176 4310 1473 4385 διηνεκῶς
1515 4310 1971 4385 ταπεινοῦσθαι,

456 4387 555 4440 καὶ
603 4380 960 4453 άμαρτωλὸν
1004 4383 1209 4451 λέγειν
1262 4380 1364 4434 καὶ
1415 4399 1527 4453 rep
1545 4380 1676 4440 ’ζειν
1726 4381 1970 4453 ἑαυτὸν,

455 4457 553 4509 καὶ
584 4450 736 4523 πρὸξ
766 4455 883 4523 τὴν
906 4453 1309 4523 ἐξαγόρευσιν
1332 4450 1585 4519 τρέχειν.
1620 4453 1727 4504 Kal
1757 4451 1846 4503 ὅτι
1876 4451 1976 4503 οὐ·

455 4525 582 4592 δεις
610 4522 872 4593 καθαρὸς
901 4524 971 4575 ἐν
1007 4522 1369 4590 ἀνθρώποις.

471 4641 835 4708 Ἀρχιερεύς.
871 4637 1139 4709 Ἀληθῶς,
1179 4636 1403 4703 ἀδελφέ.
1430 4634 1526 4696 Τίς
1566 4640 1674 4703 γὰρ
1702 4633 1977 4703 καυχήσε-
2009 4661 2060 4721 D

386 4748 475 4785 ται
502 4733 672 4803 ἁγνὴν
702 4732 849 4801 ἔχειν
887 4730 985 4800 τὴν
1010 4728 1271 4798 καρδίαν;
1300 4727 1332 4797 ἢ
1359 4727 1440 4788 τίς
1472 4726 1713 4796 καθαρὸς
1741 4725 1847 4779 ἀπὸ
1881 4725 1977 4793 ῥύ-

390 4841 517 4885 που,
549 4824 622 4885 ὡς
671 4822 1024 4891 γέγραπται,
1057 4819 1161 4872 κᾶν
1218 4817 1350 4885 μίαν
1396 4814 1611 4885 ἡμέραν
1661 4812 1978 4887 ἐνδιατρίψῃ

389 4916 467 4985 τῷ
504 4916 637 4985 βίῳ;
669 4915 732 4966 τὸ
769 4913 870 4982 μὲν
911 4910 986 4965 ὣν
1021 4911 1129 4963 ἀπὸ
1179 4909 1277 4976 τῆς
1312 4905 1650 4976 προγονικῆς
1702 4904 1980 4972 ἁμαρτίας

393 5008 740 5077 ἁμαρτωλὸς,
804 5004 866 5055 τὸ
895 5003 953 5056 δὲ
1002 5005 1098 5055 καὶ
1130 5000 1430 5069 φωτισοεὶς
1476 4996 1553 5066 τῷ
1606 4997 1975 5064 βαπτίσματι,

394 5102 555 5162 εὐθὺς
591 5101 686 5151 καὶ
739 5097 889 5149 ἄκων
938 5093 1083 5147 κατά
1116 5109 1168 5143 τι
1220 5089 1574 5159 περιπίπτων
1608 5088 1675 5156 τῇ
1706 5085 1974 5154 ἁμαρτίᾳ.

398 5191 473 5243 Τὸ
499 5191 607 5257 γάρ
636 5203 759 5239 τινα
795 5185 958 5254 χάριν
1005 5181 1195 5234 τούτου
1253 5177 1641 5248 ἡμαρτηκέναι
1693 5175 1859 5241 γονέα
1890 5192 1982 5226 τυ-

397 5281 495 5352 χδν
525 5281 558 5349 ἢ
592 5280 744 5347 φίλον
775 5278 806 5341 ἦ
834 5274 1097 5343 συγγενῆ,
1121 5274 1259 5342 ὅπερ
1287 5270 1549 5325 ἀδύνατον
1578 5268 1652 5337 μὴ
1685 5266 1982 5335 συμϐῆναι,

400 5374 451 5425 εί
484 5370 580 5424 καὶ
635 5371 692 5424 ὲν
729 5370 926 5438 ἀγνοίᾳ
958 5366 1056 5420 τοῦ
1112 5364 1372 5434 βρέφους,
1437 5360 1550 5413 ἀλλ’
1603 5359 1753 5411 αἰτία
1788 5357 1981 5410 τούτου

401 5462 731 5543 συμβαίνει·
785 5462 881 5514 καὶ
939 5457 1335 5529 προστρίϐεται
1389 5450 1565 5519 τούτῳ
1620 5449 1789 5519 ῥύπος
1822 5448 1984 5510 εὐθὺς

403 5552 500 5608 καὶ
528 5538 860 5623 ἀμάρτημα.
887 5550 1123 5602 Ἔπειτα
1152 5545 1245 5598 καὶ
1291 5545 1387 5598 ἄνυ
1400 5558 1580 5612 ρωπος
1611 5540 1768 5618 τοζτο
1790 5538 1979 5607 μόνον,

406 5644 457 5698 εἱ
490 5643 582 5695 καὶ
628 5641 728 5710 τὴν
777 5640 937 5709 χάριν
969 5636 1153 5696 ἔλαϐε,
1189 5634 1287 5687 καὶ
1342 5634 1411 5685 τὰ
1444 5632 1543 5699 τῆς
1576 5630 1783 5700 σαρκὸς
1818 5627 1982 5690 εὐθὺς

408 5735 567 5805 ζητιῖ
588 5732 852 5802 γεννηθὲν
873 5771 887 5798 ,
915 5731 1006 5785 καὶ
1038 5729 1248 5796 ἀλόγως
1288 5726 1380 5779 καὶ
1409 5720 1505 5777 τοῦ
1538 5720 1739 5777 ἐννοεῖν
1791 5718 1980 5785 χωρὶς,

2055 2077 2109 2134 hi
2144 2095 2240 2148 pro
2295 2079 2504 2134 viribus
2560 2092 2750 2134 earum
2806 2076 3098 2147 explicatio
3133 2090 3277 2131 curae
3330 2076 3476 2130 erit:
3514 2091 3643 2131 nam

2055 2171 2250 2225 salutis
2271 2169 2509 2224 fidelium
2535 2168 2999 2238 postbaptismum
3027 2182 3242 2223 summa
3265 2177 3348 2221 est
3374 2166 3645 2237 paeniten—

2056 2265 2152 2325 tia,
2189 2272 2244 2319 et
2282 2265 2426 2319 aliud
2468 2265 2873 2335 purgatorium,
2924 2265 3171 2333 alterque
3204 2264 3511 2333 baptismus
3546 2278 3644 2333 per

2056 2356 2457 2411 confessionem
2485 2364 2540 2410 et
2596 2356 2961 2411 humilitatem
3013 2357 3065 2410 in
3130 2357 3389 2425 Iacrymis
3410 2366 3461 2410 et
3493 2357 3647 2410 Iaho-

2058 2447 2210 2501 rihus
2258 2447 2564 2516 secundum.
2584 2447 2730 2502 vires
2762 2446 3035 2514 susceptis
3070 2447 3303 2502 feliciter
3335 2447 3647 2503 institutus.

2056 2538 2226 2607 Cujus
2250 2537 2821 2606 ptenitentiaainitium
2871 2536 3090 2591 luerunt
3147 2537 3421 2605 publicani
3446 2548 3497 2592 et
3522 2553 3648 2608 pec-

2059 2639 2272 2686 catores
2311 2645 2434 2684 cum
2467 2630 2784 2697 poenitentia
2810 2630 2875 2683 ad
2903 2629 3183 2685 Christum
3217 2629 3562 2696 accedentes,
3594 2639 3651 2685 et

2058 2723 2125 2775 ah
2164 2736 2230 2776 eo
2261 2722 2523 2791 suscepti,
2551 2731 2605 2776 et
2631 2723 2770 2776 latro
2793 2736 3011 2791 quoque
3035 2722 3089 2775 in
3123 2736 3286 2775 cruce
3312 2722 3488 2777 solum
3515 2738 3650 2777 con-

2059 2812 2354 2868 fessionem
2382 2816 2553 2868 edens
2584 2819 2638 2870 et
2663 2812 2851 2881 (idem;
2900 2820 3065 2883 atque
3102 2832 3121 2864 ‹
3165 2813 3443 2868 Memento
3472 2816 3575 2869 mei
3625 2833 3645 2865 ι
3730 2812 3735 2817 ’

2060 2906 2444 2975 pronuntians.
2471 2905 2591 2974 Ipse
2625 2905 2999 2974 apostolorum
3018 2906 3344 2976 coryphaens
3375 2920 3499 2961 cum
3528 2917 3655 2975 post

2061 2995 2367 3060 negationis
2426 2996 2638 3063 lapsum
2683 2994 2932 3051 ﬂevisset
2989 3011 3195 3058 amare,
3237 3006 3290 3051 et
3339 2998 3653 3053 misericor-

2060 3082 2206 3137 diam
2261 3093 2588 3139 consecutus
2625 3094 2731 3150 est,
2786 3095 2841 3139 et
2889 3086 3031 3139 trina
3070 3087 3496 3155 interrogatione
3539 3088 3657 3152 pri-

2061 3175 2203 3228 stino
2230 3175 2393 3229 statui
2428 3176 2736 3238 restitutus,
2759 3176 3017 3245 quodque
3042 3177 3240 3246 majus,
3271 3178 3456 3231 ovium
3486 3177 3650 3233 Chri-

2064 3263 2129 3317 sti
2157 3271 2343 3331 pastor
2380 3267 2711 3320 constitutus
2755 3276 2860 3330 est,
2897 3278 2955 3320 ut
2980 3280 3072 3321 eas
3105 3282 3228 3320 cum
3267 3267 3569 3323 attentione
3600 3278 3657 3323 et

2060 3357 2479 3411 mansuetudine
2527 3367 2796 3426 pasceret,
2831 3367 2997 3426 atque
3024 3374 3055 3412 a
3085 3359 3237 3428 lapsu
3279 3373 3402 3426 suo,
3447 3369 3502 3413 et
3529 3368 3654 3428 post

2062 3447 2276 3516 lapsum
2328 3450 2641 3518 receptione
2672 3466 2792 3514 sua,
2826 3452 3006 3520 lapsos
3057 3452 3384 3521 pceoitentes
3413 3454 3659 3522 recipere

2061 3536 2320 3600 disceret,
2348 3538 2600 3605 idemque
2631 3554 2756 3594 cum
2793 3541 2910 3609 ipso
2940 3540 3213 3595 discerent
3241 3556 3431 3595 omnes
3458 3539 3650 3601 Eccle-

2064 3629 2158 3682 siae
2191 3640 2459 3697 pastores.
2483 3630 2678 3686 Nullus
2716 3632 2860 3685 enim
2886 3633 3113 3686 omnino
3137 3632 3299 3685 homo
3327 3640 3412 3688 est
3438 3634 3525 3701 qui
3545 3649 3655 3689 non

2066 3731 2276 3788 peccet,
2315 3723 2634 3790 primusque
2659 3737 2783 3791 ego,
2811 3729 2864 3775 et
2887 3738 3053 3791 super
3082 3738 3276 3777 omnes
3313 3723 3501 3779 ﬁdeles
3529 3739 3658 3793 pec-

2065 3813 2208 3879 cavi,
2244 3813 2566 3880 veniamque
2596 3822 2649 3869 et
2681 3820 2914 3868 salutem
2947 3815 3187 3883 postulo.

2141 3904 2401 3960 Clericus.
2443 3906 2619 3972 Quam
2656 3922 2785 3961 vere
2817 3921 3009 3960 omnes
3044 3905 3205 3974 hujus
3239 3908 3413 3961 veniae
3443 3907 3654 3977 indige-

2070 4012 2212 4066 mus,
2248 4013 2368 4052 cum
2408 4013 2599 4054 omnes
2627 3999 2886 4053 continuo
2912 3998 3214 4064 peccemus!

2634 4167 2864 4254 οΑῬυΤ
2903 4196 3077 4253 ceu.

2076 4312 2206 4367 Esse
2230 4317 2613 4382 paenitentiam,
2666 4314 2710 4366 si
2741 4312 2859 4382 quis
2901 4314 3227 4364 continenter
3289 4307 3531 4382 [mruiliet
3583 4321 3662 4382 εστ

2148 4378 2320 4446 ipsum
2357 4400 2511 4451 seque
2531 4383 2725 4437 habeat
2743 4378 3062 4450 peccatorem
3087 4397 3148 4432 ac
3172 4381 3508 4451 proﬁteatur,
3524 4378 3664 4451 et_ad

2149 4446 2533 4524 confessionem
2564 4446 2823 4521 properet.
2858 4451 3041 4519 Neque
3064 4446 3377 4518 quamquam
3405 4449 3542 4499 inter
3562 4446 3655 4499 Ito-

2151 4525 2317 4578 mines
2351 4541 2459 4577 esse
2494 4540 2683 4592 purum
2705 4542 2735 4575 a
2765 4531 3018 4591 peccans.

2163 4614 2643 4684 Episcopus.\’ere,
2681 4611 3015 4678 lrater.Quis
3058 4608 3201 4665 enim
3246 4605 3575 4675 gloriabitur
3608 4620 3667 4658 se

2089 4723 2183 4763 cor
2209 4709 2410 4761 habere
2431 4707 2653 4773 purum?
2673 4706 2757 4760 vel
2777 4706 2897 4775 quis
2931 4705 3000 4758 ah
3029 4701 3173 4755 omni
3209 4701 3369 4755 sorde
3397 4712 3588 4766 purus,
3611 4703 3670 4749 ut

2090 4799 2373 4861 scribitur,
2408 4798 2534 4850 licet
2568 4797 2709 4850 diem
2744 4811 2911 4849 unum
2955 4795 3077 4847 vitae
3138 4789 3469 4861 impenderit
3499 4788 3519 4840 i
3552 4788 3667 4843 sive

2090 4892 2472 4947 consideretur
2515 4889 2585 4943 ob
2636 4894 2920 4957 peccatum
2975 4883 3235 4955 originale
3255 4888 3531 4952 peccator,
3557 4879 3670 4933 sive

2090 4983 2361 5051 baptismo
2391 4980 2750 5040 illuntinatus,
2768 4977 2974 5041 statim,
2997 4975 3120 5029 licet
3139 4973 3365 5037 invitus,
3382 4972 3435 5024 in
3452 4970 3668 5039 aliquod

2093 5083 2373 5143 puceattnn
2403 5069 2672 5124 inciderit.
2720 5066 2861 5121 Fieri
2893 5068 3037 5119 enim
3074 5081 3180 5118 non
3209 5072 3384 5133 potest
3412 5070 3469 5115 ut
3501 5061 3585 5114 vel
3615 5059 3671 5112 in

2094 5163 2338 5218 infantia:
2367 5156 2813 5229 ignorantia‘non
2846 5158 3136 5227 aliquando
3165 5155 3443 5221 contingat
3464 5152 3548 5205 vel
3578 5167 3671 5219 pa—

2093 5268 2253 5319 trem,
2275 5255 2355 5309 vel
2382 5254 2641 5315 amicum,
2667 5251 2745 5304 vel
2766 5257 3055 5318 COgnatum
3083 5247 3316 5313 aliquem
3342 5242 3488 5296 illius
3506 5254 3672 5297 causa

2092 5361 2368 5417 peccasse.
2407 5343 2512 5397 Sed
2565 5342 2722 5396 istius
2758 5341 2835 5394 rei
2892 5353 3060 5391 causa
3109 5334 3374 5403 contingit
3406 5340 3464 5386 ut
3492 5331 3672 5385 statim
3711 5323 3715 5327 ’

2099 5440 2175 5493 illi
2202 5437 2415 5491 macula
2443 5443 2494 5489 et
2527 5440 2809 5504 peccatum
2852 5430 3296 5491 trihuatur,cum
3330 5426 3516 5489 homo,
3551 5422 3673 5478 licet

2098 5530 2326 5599 gratiam
2387 5525 2682 5593 acceperit,
2739 5523 2807 5575 ob
2865 5521 2989 5583 hoc.
3020 5517 3199 5572 solum
3237 5524 3291 5570 et
3323 5530 3442 5583 qum
3491 5515 3673 5568 carnis

2096 5629 2245 5682 sunt,
2287 5619 2472 5673 statim
2499 5632 2563 5670 ac
2608 5623 2896 5685 generatus
2932 5620 3013 5664 est
3054 5607 3429 5679 imprudenter
3455 5613 3507 5658 et
3554 5605 3674 5658 sine

2094 5722 2274 5769 mente
2327 5719 2536 5778 quaerat
2562 5720 2614 5763 et
2636 5714 2869 5774 appetat.
2901 5701 3011 5758 lloc
3044 5712 3223 5757 autem
3248 5714 3314 5755 ex
3367 5707 3674 5763 transgres—
