4126 6268
522 318 627 385 ιιι

1299 319 1683 382 5ῩΜΕΟΝ15
1721 321 2480 397 THESSALONICENSIS
2536 328 2681 388 ΑΒΕ
2699 328 2899 389 IIiEP.

3649 330 3758 395 472

520 438 677 489 sione
700 432 869 491 venit.
893 445 998 502 qua
1027 430 1194 487 simul
1234 446 1297 487 ac
1322 433 1587 491 formatus
1619 445 1721 505 est,
1753 447 1807 491 et
1842 446 2083 490 nondum

2189 440 2348 495 τοῦτο
2380 442 2435 495 δὲ
2461 443 2526 495 ἐκ
2548 442 2647 510 τῆς
2679 441 3070 511 παραϐάσεως.
3099 438 3263 496 Ὅθεν
3295 442 3388 496 καὶ
3420 443 3537 512 ἅμα
3564 444 3759 514 τεχθὲν

519 527 827 595 intelligens
863 533 1070 595 peccat,
1101 525 1230 593 quia
1253 541 1309 580 in
1338 527 1576 596 peccatis
1600 526 1900 583 secundum
1927 526 2085 580 Davi—

519 616 639 670 dem
686 616 1013 683 concipitur.
1070 614 1125 670 Si
1172 616 1339 685 igitur
1378 618 1490 672 lieri
1543 632 1647 672 non
1695 627 1875 687 potest
1907 629 1965 671 ut
1999 618 2085 670 in-

518 708 652 759 l'anti
705 714 953 760 recenter
982 715 1131 767 nato,
1170 717 1222 761 et
1246 708 1519 778 baptizata
1538 725 1643 762 non
1680 710 1932 762 inuratur
1965 724 2088 778 pec-

517 808 692 853 ratum
718 796 957 865 aliquod,
979 799 1149 851 multo
1170 813 1299 852 sane
1321 801 1489 869 magis
1521 801 1675 855 nobis
1693 800 1969 861 omnibus,
1994 799 2083 867 qui

516 890 640 942 licet
661 891 868 942 ratione
891 900 1127 953 utamur,
1156 890 1209 944 in
1234 892 1490 944 omnibus
1516 900 1693 944 tamen
1716 901 1767 944 et
1787 890 2083 945 secundum

517 988 565 1032 ιιι
588 991 782 1048 prmter
800 982 1120 1034 sententiam
1147 992 1407 1046 nostram,
1430 982 1599 1051 magis
1627 996 1755 1036 vero
1784 981 2083 1036 secundum

517 1070 683 1124 animi
728 1070 900 1122 nostri
935 1070 1258 1125 sententiam
1295 1079 1552 1140 perpetuo
1586 1086 1895 1139 peccamus.
1925 1071 2086 1135 idque

516 1159 652 1212 ultro
674 1161 1019 1228 negligimus;
1049 1162 1192 1228 quod
1242 1164 1384 1214 enim
1436 1176 1500 1215 ex
1533 1161 1805 1213 oblivione
1854 1168 1906 1211 et
1934 1159 2088 1223 igno—

454 1238 460 1249 ’
516 1251 691 1301 rantia
751 1264 1060 1316 peccauimus,
1101 1265 1167 1303 ex
1208 1250 1415 1301 incuria
1447 1259 1631 1302 nostra
1663 1247 1932 1315 procedit.
1968 1245 2082 1298 Non

517 1348 600 1394 est
622 1349 801 1393 autem
844 1342 896 1392 in
936 1340 1036 1392 hoc
1066 1347 1212 1392 maio
1238 1340 1550 1391 excusando
1590 1337 1979 1391 laborandum.

1074 1429 1303 1502 CAPUT
1328 1448 1529 1503 ccut.

516 1540 661 1609 Opus
713 1556 828 1595 esse
878 1539 1118 1594 omnibus
1155 1542 1482 1660 ριῖηξιςηιὶα,
1528 1551 1574 1595 et
1626 1540 1986 1595 sacerdotibus
2034 1548 2085 1592 et

1227 1625 1379 1660 αισιε.

1227 1625 1379 1662 01618.

579 1698 767 1768 Itaque
787 1699 960 1753 solum
979 1699 1353 1768 paenitendum
1372 1709 1477 1767 est,
1493 1707 1552 1754 ut
1572 1698 1811 1770 Baptista
1830 1706 1882 1754 ct
1907 1698 2087 1752 Domi-

429 1784 436 1791 ’
512 1803 616 1842 nus
633 1799 794 1857 atque
811 1790 982 1857 ipsius
1004 1789 1253 1857 discipuli
1272 1790 1652 1856 prmdicarunt;
1672 1799 1888 1855 oportet
1912 1799 1965 1844 et
1990 1791 2085 1844 lai-

512 1891 607 1933 cos
630 1886 684 1931 et
730 1878 1050 1939 monachos,
1084 1886 1138 1932 et
1170 1879 1421 1941 clericos,
1452 1888 1506 1933 et
1537 1879 1867 1942 sacerdotes,
1893 1890 1946 1935 et
1974 1881 2085 1947 epi-

512 1982 726 2037 scopos,
775 1975 831 2021 et
857 1969 1068 2022 uulium
1110 1968 1442 2036 paenitentia:
1474 1985 1597 2025 sese
1641 1971 1904 2036 eximere,
1956 1969 2083 2039 quia

512 2072 706 2115 omnes
734 2060 1082 2128 peccavimus
1108 2067 1163 2113 et
1181 2074 1498 2129 peccamus,
1522 2071 1575 2115 et
1596 2077 1787 2115 omnes
1814 2060 2085 2128 paeniten-

512 2150 604 2204 tiae
630 2150 851 2218 agenda
879 2150 952 2204 rei
986 2164 1197 2204 smnus.
1229 2149 1352 2205 Ideo
1402 2148 1657 2207 Si-rvator
1684 2161 1891 2214 noster,
1916 2160 1969 2203 et
2000 2151 2084 2219 ip-

512 2240 629 2294 sius
652 2238 890 2309 Baptista
920 2238 1193 2295 dixerunt:
1218 2261 1235 2291 ι
1294 2240 1674 2295 Pmnitentiam
1701 2243 1863 2312 agite,
1892 2256 2087 2311 appro-

513 2329 793 2400 pinquavit
831 2330 974 2384 enim
1006 2344 1233 2399 regnum
1257 2331 1574 2386 cmiorum.»
1608 2330 1726 2402 Ipse
1743 2332 1889 2385 enim
1922 2329 2087 2385 coelo-

514 2435 634 2472 rum
685 2435 779 2474 rex
851 2435 1019 2489 prope
1077 2421 1227 2475 adest
1320 2422 1577 2477 omnibus
1662 2420 2083 2492 paenitentibus.

516 2510 656 2576 Quia
727 2526 892 2579 prope
948 2518 1033 2565 est
1114 2510 1375 2567 Dominus
1435 2513 1695 2567 omnibus
1762 2527 1886 2567 eum
1932 2512 2087 2565 invo-

515 2603 769 2658 cantibus
795 2603 853 2656 in
906 2602 1153 2657 veritate.
1188 2600 1301 2672 Ego
1352 2611 1534 2657 autem
1596 2602 1799 2658 diserte
1851 2613 1905 2658 et
1971 2619 2087 2656 ma-

512 2695 712 2750 nileste
758 2695 1014 2749 omnibus
1072 2694 1163 2762 qui
1223 2709 1434 2749 mecum
1503 2704 1655 2754 sunt.
1706 2695 1952 2749 exclamo
1992 2709 2087 2763 per

513 2790 741 2860 gratiam
764 2785 892 2842 Jesu
914 2787 1120 2842 Christi
1155 2805 1170 2842 :
1205 2784 1585 2842 Pmnitentiam
1617 2802 1864 2856 agamus,
1895 2798 1952 2839 ut
1972 2801 2087 2840 ser-

511 2892 741 2945 ventur;
777 2893 944 2947 prope
982 2878 1125 2932 enim
1164 2877 1255 2931 Dei
1306 2892 1567 2947 regnum;
1599 2886 1654 2931 et
1682 2893 1804 2933 cum
1854 2876 2086 2931 divinis-

513 2970 655 3024 simo
684 2969 889 3023 Paulo:
933 2988 953 3020 ι
989 2966 1145 3021 Nunc
1176 2968 1401 3037 propior
1436 2977 1522 3024 est
1569 2968 1718 3024 salus
1752 2979 1971 3035 nostra;
1995 2983 2085 3022 ve-

2190 529 2286 583 καὶ
2319 530 2393 599 μὴ
2425 528 2580 583 νοοῦν
2607 528 2935 598 ἁμαρτάνει,
2960 527 3038 590 ὡς
3064 530 3155 582 καὶ
3177 530 3236 583 ἓν
3268 530 3566 600 ἁμαρτίαις
3618 534 3758 586 κατὰ

2189 621 2281 670 τὸν
2315 620 2479 672 Δαόὶδ
2504 619 2965 686 συλλαμϐάνεται.
2998 619 3063 672 ΕΞ
3096 618 3192 672 οὖν
3235 621 3328 673 καὶ
3356 621 3415 673 ἐν
3431 621 3511 689 τῷ
3537 623 3757 690 ἀρτιγε-

2189 712 2271 763 νεῖ
2293 712 2388 763 καὶ
2422 712 2764 782 νεοφωτίστῳ
2798 710 2993 781 βρέφει
3023 710 3086 764 οὐ
3120 710 3348 765 δυνατὸν
3394 712 3467 781 μὴ
3500 728 3758 780 προστρι-

2189 802 2350 870 6ῆναί
2402 820 2523 854 τινα
2552 802 2853 871 ἁμαρτίαν,
2894 801 3076 871 πολλῷ
3123 819 3188 870 γε
3232 803 3297 872 δὴ
3333 802 3392 855 ὲν
3427 803 3593 855 πᾶσιν
3626 804 3758 869 ἡμῖν

2187 892 2452 945 καὶκατὰ
2508 891 2756 961 γνώμην.
2819 894 2913 947 καὶ
2954 892 3108 964 παρὰ
3168 892 3431 962 γνώμην,
3470 893 3670 958 μᾶλλον
3699 892 3757 944 δὶ

2187 982 2329 1033 κατᾶ
2355 979 2582 1049 γνώμην
2622 981 2681 1033 ἐν
2710 983 2875 1035 πᾶσιν
2920 982 2997 1044 ὼς
3034 981 3273 1049 λογικοῖς
3299 980 3440 1046 οὖσι,
3487 984 3580 1035 καὶ
3623 984 3756 1046 ἀμε-

2186 1072 2369 1125 λοῦσιν
2423 1072 2602 1125 ὲκοντὶ
2653 1072 2915 1141 διηνεκῶς
2968 1073 3377 1143 ἁμαρτάνουσι·
3429 1075 3525 1124 καὶ
3550 1074 3621 1124 τὰ
3655 1072 3756 1138 τῆς

2186 1159 2354 1230 λήθης
2408 1163 2516 1229 γὰρ
2545 1160 2638 1214 καὶ
2682 1162 2908 1229 ἀγνοίας
2948 1163 3103 1232 παρά
3135 1163 3236 1231 τῆς
3264 1162 3421 1232 ἡμῶν
3463 1162 3752 1231 ἀμελείας·

2187 1253 2282 1304 ναὶ
2315 1251 2413 1305 οὐκ
2440 1251 2588 1305 ἐστιν
2619 1251 2923 1319 ἀπολογίαν
2949 1255 3151 1323 εὑρεῖν.

2625 1453 2783 1523 132
2818 1454 3065 1507 κεψΑΑ.
3113 1453 3278 1509 mu.

2190 1542 2316 1595 Ὀτι
2341 1542 2572 1609 πάντας
2616 1542 2712 1597 δεῖ
2752 1544 3068 1631 μετανοεῖν
3105 1544 3462 1613 ἱερωμένους
3494 1548 3589 1601 καὶ
3621 1550 3752 1602 λαῖ-

2885 1630 3051 1678 κους.

2259 1703 2349 1755 Διὸ
2380 1705 2663 1771 μετανοεῖν
2712 1702 2872 1771 μόνον
2904 1702 3013 1773 χρὴ
3034 1741 3050 1765 ,
3080 1704 3156 1765 ὡς
3193 1704 3222 1756 6
3253 1706 3563 1775 Βαπτιστὴς
3598 1707 3691 1759 καὶ
3724 1708 3753 1758 6

2191 1796 2466 1860 Δεσπότης
2497 1793 2754 1863 ἐκήρυξε,
2789 1795 2883 1846 καὶ
2913 1795 2962 1846 οῖ
2992 1792 3158 1847 αὐτοῦ
3191 1796 3466 1865 μαθηταί·
3497 1799 3588 1850 καὶ
3616 1798 3751 1851 πᾶν·

2184 1902 2283 1947 τας
2316 1886 2597 1954 μετανοεῖν
2630 1885 2739 1954 χρὴ
2787 1887 3012 1947 λαῖκούς
3047 1903 3106 1938 τε
3138 1888 3231 1940 καὶ
3286 1888 3584 1957 μοναστὰς,
3626 1888 3758 1957 κλη-

2187 1975 2374 2047 ρικούς
2406 1992 2466 2028 τε
2496 1977 2588 2029 καὶ
2620 1976 2783 2046 ἱερεῖς
2812 1978 2904 2029 καὶ
2939 1979 3252 2047 ἀρχιερεῖς·
3283 1981 3376 2032 καὶ
3412 1979 3615 2049 μηδένα
3644 1997 3754 2050 χω-

2188 2069 2360 2139 ρίζειν
2377 2069 2474 2137 τῆς
2499 2069 2784 2136 μετανοίας
2818 2069 3034 2130 ἑαυτὸν.
3067 2071 3147 2123 ὅτι
3180 2071 3273 2123 καὶ
3325 2071 3530 2131 πάντες
3570 2072 3753 2139 ἦμάρ-ο

2183 2160 2350 2227 τομέν
2389 2176 2449 2212 τε
2483 2158 2583 2211 καὶ
2626 2159 3044 2228 ἁμαρτάνομεν·
3086 2163 3181 2213 καὶ
3214 2163 3496 2229 μετανοεῖν
3544 2161 3747 2221 πάντες

2183 2248 2489 2316 ὀφείλομεν.
2524 2248 2690 2301 Ὅθεν
2727 2249 2818 2301 καὶ
2848 2251 2874 2301 6
2908 2248 3008 2317 μὶν
3042 2250 3232 2320 Σωτὴρ
3277 2250 3434 2320 ήμῶν
3467 2251 3571 2317 ἔφη
3603 2252 3693 2301 καὶ
3722 2250 3751 2301 6

2184 2339 2349 2393 αὐτοῦ
2377 2339 2706 2407 Βαπτιστὴς,
2743 2339 3096 2391 «Μετανοεῖτε
3119 2354 3133 2370 ·
3167 2340 3367 2406 ἦγγικε
3392 2340 3500 2407 γάρ
3531 2342 3564 2408 ἡ
3601 2340 3759 2408 βασι-

2182 2431 2302 2484 λεία
2330 2432 2439 2483 τῶν
2475 2428 2741 2497 οὐρανῶν.
2772 2447 2790 2479 ι
2827 2430 2999 2492 Ait-:5;
3062 2429 3263 2499 δηλαδὴ
3288 2432 3317 2482 6
3364 2431 3474 2483 τῶν
3504 2430 3757 2500 οὐρανῶν

2186 2521 2462 2591 βασιλεὺς.
2521 2519 2688 2586 ἔγγὺς
2739 2519 3021 2589 γινόμενος
3080 2524 3195 2582 τοῖς
3239 2522 3611 2590 μετανοῦσιν·
3673 2521 3755 2573 δτι

2185 2612 2278 2663 καὶ
2309 2609 2478 2676 ἐγγὺς
2531 2607 2735 2676 Κύριος
2762 2606 2897 2662 πᾶσι
2932 2611 3042 2669 τοῖς
3092 2608 3553 2676 ἐπικαλουμένοις
3591 2609 3757 2660 αὐτὸν

2185 2703 2243 2753 ἐν
2271 2700 2521 2768 ἀληθείᾳ.
2555 2697 2697 2766 Ἐγὼ
2745 2699 2804 2751 δδ
2832 2699 3048 2769 τρανῶς
3102 2699 3278 2752 ὲκσοῶ
3306 2702 3440 2753 πᾶσι
3472 2699 3592 2769 μετ’
3618 2697 3754 2768 ιμοῦ

2184 2790 2271 2843 διὰ
2301 2791 2400 2859 τῆς
2430 2789 2525 2843 τοῦ
2567 2791 2821 2859 Σωτῆρος
2872 2791 3030 2857 ἡμῶν
3061 2792 3305 2858 χάριτος,
3355 2791 3750 2858 Μετανοωμεν,

2185 2880 2274 2934 ῖνα
2304 2881 2565 2949 σωθῶμεν
2584 2897 2596 2911 ·
2644 2881 2811 2947 ἐγγὺς
2839 2879 2949 2947 γὰρ
2976 2881 3007 2948 ἡ
3043 2879 3134 2932 τοῦ
3181 2880 3313 2932 Θεοῦ
3345 2879 3590 2947 βασιλεία
3609 2896 3626 2911 ·
3654 2880 3748 2931 καὶ

2188 2970 2328 3038 μετὰ
2355 2970 2449 3023 τοῦ
2479 2971 2755 3023 θειοτάτου
2806 2969 3045 3034 Παύλου,
3089 2990 3108 3021 ι
3142 2969 3251 3023 Νῦν
3277 2970 3572 3037 ἐγγύτερον
3617 2968 3750 3035 ἡμῖν

510 3061 597 3116 nit
629 3061 775 3115 enim
805 3059 1057 3115 Salvator
1093 3067 1281 3114 noster
1302 3067 1355 3113 et
1385 3056 1584 3114 Iudex.
1607 3057 1950 3129 Depouamns
1982 3059 2085 3130 igi-

2189 3065 2221 3133 ή
2256 3064 2520 3132 σι-ιτηρία.
2564 3059 2624 3113 '0
2658 3058 2766 3131 γὰρ
2797 3062 2989 3130 Σωτὴρ
3040 3063 3134 3114 καὶ⁴
3169 3061 3360 3131 κριτὴς
3401 3058 3556 3127 ἡμῶν
3601 3057 3751 3127 ἔρχι-

514 3167 609 3209 ιιι-ι·
657 3167 823 3223 opera
863 3154 1229 3215 tenebrarum,
1283 3163 1337 3205 et
1367 3151 1660 3204 induamur
1693 3166 1845 3204 arma
1887 3151 2075 3204 lucis.»

515 3242 673 3313 Quod
702 3252 881 3299 autem
910 3242 1184 3299 confessio
1200 3250 1255 3296 et
1283 3242 1599 3309 pmuitentia
1631 3243 1953 3295 necessaria:
1980 3244 2088 3295 sint

514 3334 916 3397 sacerdotibus,
979 3342 1033 3385 et
1092 3331 1395 3393 monachis,
1456 3341 1510 3384 et
1566 3331 1740 3394 iaicis,
1792 3331 2086 3397 Apostolus

519 3435 774 3483 testatur.
806 3425 993 3478 dicens
1040 3438 1056 3477 :
1103 3440 1118 3473 ι
1157 3421 1503 3475 Conﬁtemini
1523 3422 1840 3474 alterutrum
1866 3433 2086 3491 peccata

513 3528 719 3580 vestra,
744 3524 798 3569 ct
832 3522 984 3568 orate
1007 3527 1107 3583 pro
1134 3512 1394 3575 invicem,
1426 3520 1486 3565 ut
1514 3512 1807 3566 sanemini.
1841 3531 1859 3563 ι
1911 3512 1982 3566 Ex
2022 3528 2087 3567 eo

519 3608 665 3679 quod
695 3607 792 3666 ait,
820 3603 1195 3658 «Conlitemiui
1232 3605 1553 3657 alterutrum
1590 3614 1645 3659 et
1673 3612 1826 3658 orate
1860 3619 1959 3674 pro
1990 3604 2083 3659 in-

522 3700 751 3760 vicem,»
772 3695 930 3750 docet
950 3695 1206 3757 omnibus
1233 3695 1415 3747 utilem
1444 3709 1568 3751 esse
1585 3704 1929 3763 peccatorum
1957 3710 2088 3749 con-

515 3790 811 3847 fessionem
830 3795 887 3842 et
911 3786 1310 3858 paenitentiam,
1329 3801 1490 3854 quam
1515 3794 1695 3851 antea,
1723 3795 1782 3839 ut
1815 3785 2083 3849 diximus,

516 3882 907 3953 praedicaverat
936 3880 1204 3948 Baptista,
1236 3887 1290 3931 et
1320 3876 1569 3931 Salvator
1594 3887 1850 3946 operatus
1884 3876 2081 3938 fuerat,

519 3976 792 4047 recipiens
829 3982 1175 4043 peccatorum
1207 3967 1601 4030 confessiones,
1642 3977 1695 4021 et
1724 3967 1958 4021 maxime
1992 3982 2091 4035 pu-

516 4066 740 4132 blicani,
771 4065 1005 4133 prodigi,
1037 4061 1355 4117 meretricis.
1405 4058 1672 4123 Zaccltaei,
1702 4067 1756 4113 et
1800 4058 2026 4111 latronis
2057 4070 2088 4111 e

513 4171 702 4218 cruce.
735 4155 1076 4221 aliorumque
1103 4150 1489 4219 complurium.
1515 4149 1629 4203 Hoc
1659 4160 1916 4216 praeterea
1947 4147 2089 4200 mul—

515 4248 588 4301 tis
628 4243 898 4316 parabolis
936 4244 1302 4303 demonstrat,
1346 4237 1439 4293 sed
1486 4236 1782 4305 prmsertim
1813 4249 1911 4303 per
1961 4247 2088 4301 pro-

515 4336 627 4403 digi
664 4334 1003 4403 parabolam,
1049 4330 1145 4399 qui
1181 4329 1365 4383 omnia
1435 4327 1655 4397 quidem
1695 4324 1824 4379 fecit
1873 4337 1995 4392 qua:
2018 4321 2085 4376 ad

2186 3171 2295 3207 ται.
2334 3150 2692 3221 Ἀποθώμεθα
2742 3147 2836 3204 οῦν
2892 3152 2959 3203 τὰ
3026 3152 3166 3222 ἔργα
3225 3150 3321 3203 τοῦ
3364 3150 3627 3214 σκότους,
3660 3148 3756 3201 καὶ

2186 3245 2542 3314 ἐνδυσώμεθα
2560 3245 2626 3296 τὰ
2653 3243 2793 3296 ὅπλα
2812 3242 2903 3295 τοῦ
2928 3245 3125 3310 φωτὸς.
3142 3244 3295 3294 »Ὅτι
3316 3242 3372 3294 δὲ
3398 3240 3492 3293 καὶ
3525 3237 3760 3308 ἱερεῦσιν

2186 3337 2487 3402 ἀναγκαία,
2516 3338 2591 3397 ὼς
2616 3335 2711 3387 καὶ
2743 3336 2999 3402 μοναχοίε
3023 3332 3119 3386 καὶ
3147 3333 3376 3398 λαῖκοῖς,
3411 3332 3443 3401 ἡ
3474 3330 3760 3399 ὲξαγόρευυ

2189 3444 2274 3483 σις
2304 3427 2398 3477 καὶ
2419 3426 2700 3493 μετάνοια,
2732 3426 2825 3476 καὶ
2849 3426 2877 3475 6
2896 3421 3222 3482 ’Δπόστολος
3257 3421 3551 3490 μαρτυρεῖ,
3579 3418 3757 3481 ιἙξο-

2190 3516 2512 3586 μολογεῖσθε
2551 3515 2822 3584 ἀλλήλοις,
2847 3514 3045 3579 λέγων,
3080 3513 3151 3564 τὰ
3182 3512 3635 3578 παραπτώματα,
3667 3510 3760 3561 καὶ

2186 3609 2411 3679 εὔχεσθε
2462 3608 2599 3675 ὑπὲρ
2651 3604 2918 3674 ἀλλήλων,
2979 3605 3127 3666 ὅπως
3191 3602 3413 3668 ἰαθῆτε·
3446 3620 3467 3653 ν
3529 3605 3592 3653 ἐκ
3643 3599 3759 3662 τοῦ,

2190 3717 2210 3749 ι
2260 3692 2702 3765 Ἐξομολογεῖσθε
2731 3692 2979 3758 ἀλλήλοις
3035 3692 3128 3743 καὶ
3154 3688 3384 3759 εῦχεσθε
3421 3690 3565 3757 ὑπὲρ
3591 3688 3762 3756 ἀλλή-

2185 3789 2314 3851 λων,
2357 3806 2375 3838 ι
2410 3785 2697 3846 διδάσκων,
2724 3782 2798 3845 ὡς
2831 3785 2965 3835 πᾶσι
2995 3782 3155 3850 χρεία
3194 3781 3347 3833 ἐστὶν
3377 3782 3410 3849 ἠ
3436 3780 3545 3831 τῶν
3571 3781 3763 3831 ἐπται-

2189 3879 2404 3950 σμένων
2428 3874 2783 3944 ἑξαγόρευσις
2840 3875 2933 3925 καὶ
2970 3873 3252 3942 μετάνοια.
3299 3870 3401 3923 Ἦν
3432 3870 3497 3938 δὴ
3524 3866 3762 3938 προεκήὲ

2190 3970 2317 4043 ρυξε
2354 3969 2453 4038 μὲν
2508 3967 2601 4019 καὶ
2629 3969 2658 4019 6
2688 3965 3027 4032 Βαπτιστὴς,
3083 3963 3158 4024 ὡς
3209 3964 3550 4032 εἰρήκαμεν,
3598 3958 3688 4010 καὶ
3734 3957 3762 4009 6

2188 4058 2376 4130 Σωτὴρ
2412 4058 2727 4127 ὲνήργησε,·.
2768 4055 3063 4121 δεξάμενος
3112 4053 3208 4113 τὰς
3257 4053 3363 4104 τῶν
3422 4046 3762 4117 ἁμαρτωλῶν

2187 4151 2631 4220 ἐξομολογήσεις,
2696 4148 2792 4201 καὶ
2857 4146 3154 4212 ἐξαιρέτως
3208 4143 3303 4195 τοῦ
3360 4142 3619 4201 τελώνου,
3666 4137 3761 4191 τοῦ

2186 4245 2420 4307 ἀσώτου,
2451 4243 2551 4304 τῆς
2575 4242 2803 4312 πόρνης.
2836 4238 2931 4292 τοῦ
2973 4235 3275 4305 Ζακχαίου,
3314 4234 3408 4285 τοῦ
3439 4231 3638 4301 incrtat?
3669 4230 3762 4283 ἐπὶ

2187 4333 2282 4387 τοῦ
2344 4334 2600 4401 σταυροῦ,
2655 4332 2751 4383 καὶ
2801 4331 3074 4382 πλείστων
3116 4328 3290 4380 ἄλλων
3321 4324 3762 4392 ἁμαρτησάντων

512 4399 891 4495 puniitentiam
916 4428 1187 4491 spectant.
1218 4419 1355 4475 Cum
1383 4419 1530 4473 enim
1549 4416 1778 4476 diceret,
1808 4432 1827 4465 ι
1857 4412 2083 4467 Peccavi

2191 4424 2291 4490 τὴν
2326 4399 2701 4489 ὲξαγὸ-ρευσιν.
2758 4419 2867 4471 Καὶ
2894 4415 3232 4485 παραϐολαῖς
3288 4412 3345 4464 δὲ
3403 4409 3563 4462 τοῦτο
3591 4408 3758 4473 δηλοῖ,

516 4519 573 4572 in
611 4516 810 4572 malum
841 4524 898 4569 et
934 4527 1122 4567 coram
1158 4519 1232 4571 te,
1271 4529 1290 4561 ι
1334 4507 1734 4563 confessionem
1785 4504 1936 4570 fecit;
1967 4517 2089 4557 cum

513 4621 668 4673 vero,
695 4624 715 4657 ι
754 4603 871 4658 Non
894 4617 1015 4657 sum
1047 4600 1247 4669 dignus
1266 4597 1447 4653 vocari
1475 4597 1616 4650 Illius
1645 4604 1795 4659 tuus,
1829 4612 1848 4645 ι
1887 4593 2095 4645 contri-

514 4698 718 4751 tionem
745 4691 1135 4755 subindicavit,
1168 4696 1222 4742 et
1247 4688 1331 4744 sui
1368 4688 1542 4757 ipsius
1575 4683 2090 4740 condemnationem

521 4805 621 4857 per
650 4796 843 4857 sponte
871 4784 1071 4839 factam
1136 4783 1220 4836 sui
1254 4780 1702 4847 iucrepationem.
1753 4777 1888 4829 Cum
1912 4786 2091 4827 autem

514 4881 673 4941 dixit,
703 4896 723 4930 ι
748 4874 860 4934 Fac
913 4889 998 4930 me
1028 4885 1087 4927 ut
1140 4889 1304 4927 unum
1354 4888 1419 4926 ex
1455 4868 1805 4925 mercenariis
1831 4870 1959 4932 tuis,
1999 4866 2096 4918 hu-

520 4971 712 5027 milem
744 4982 871 5021 cum
909 4981 1007 5036 spe
1036 4964 1518 5035 supplicationem;
1579 4960 1648 5016 de
1692 4958 1910 5013 nemine
1947 4957 2093 5011 enim

520 5056 951 5127 desperandum.
1010 5052 1087 5107 En
1121 5055 1287 5121 igitur
1320 5067 1384 5105 ex
1442 5050 1737 5118 evangelio
1764 5048 2097 5118 poenitentiae

522 5148 757 5207 fructus.
790 5158 930 5213 quos
964 5144 1207 5213 postulat
1244 5143 1361 5211 ipse
1395 5141 1669 5210 Baptista:
1696 5153 2011 5193 convertere
2036 5153 2096 5193 se

525 5258 554 5295 ιι
597 5246 821 5310 peccato
862 5252 879 5293 :
914 5236 994 5290 sic
1017 5234 1161 5287 enim
1220 5233 1348 5286 fecit
1378 5231 1696 5286 luxuriosus
1741 5231 1831 5283 ille
1862 5229 1952 5298 qui
1981 5243 2098 5282 ser-

526 5338 689 5384 vatus
719 5332 803 5383 est
840 5324 1199 5393 :relinquens
1236 5320 1508 5376 luxuriem
1543 5328 1596 5372 rt
1636 5320 1801 5373 vitam
1826 5320 2095 5387 impuram

520 5419 686 5480 rediit
722 5417 788 5473 ad
822 5422 1129 5487 patrem,ut
1161 5412 1263 5482 ipsi
1290 5410 1660 5467 conﬁteretur.
1683 5409 1906 5465 Peccavi
1930 5409 2096 5470 enim,

519 5510 860 5566 conﬁdenter
890 5505 1041 5560 dicit.
1069 5504 1178 5559 Nec
1219 5505 1333 5559 haec
1362 5502 1701 5571 simpliciter,
1733 5502 1828 5556 sed
1881 5501 1935 5554 ir
1986 5514 2100 5552 rm-

2194 4511 2291 4563 καὶ
2332 4510 2535 4577 μᾶλλον
2563 4511 2628 4577 τῇ
2660 4505 2756 4560 τοῦ
2788 4507 3026 4570 ἀσώτου,
3055 4504 3111 4565 6;
3145 4502 3207 4571 δὴ
3237 4501 3304 4553 τὰ
3326 4500 3423 4566 τῆς
3475 4495 3762 4566 μετανοίας

2194 4600 2372 4653 πάντα
2400 4600 2567 4652 ποιεῖ.
2596 4597 2702 4649 Καὶ
2735 4595 2908 4662 λέγων
2937 4594 3035 4664 μὲν
3061 4593 3145 4655 τὸ,
3184 4608 3203 4640 ‹
3243 4591 3532 4658 ’Ἥμαρτον
3561 4588 3644 4648 είς
3673 4584 3762 4636 τὸν

2193 4691 2421 4760 οὐρανὸν
2468 4692 2559 4743 καὶ
2588 4687 2817 4741 ἐνώπιόν
2844 4704 2963 4742 σου.
3006 4705 3024 4736 ι
3059 4685 3157 4752 τὴν
3191 4681 3583 4750 ἐξομολόγησιν
3610 4681 3762 4746 ἐνερ-

2194 4785 2313 4848 γεῖ*
2344 4781 2406 4832 τὸ
2453 4780 2531 4841 δὲ,
2574 4796 2592 4829 ι
2625 4778 2739 4832 Οὐκ
2788 4778 2906 4847 sip).
2937 4775 3083 4841 ἄξιος
3123 4773 3393 4843 κληθῆναι
3424 4771 3536 4831 υἱός
3574 4782 3694 4822 σου.
3739 4784 3758 4813 ν

2194 4873 2294 4941 τὴν
2340 4868 2630 4937 συντριϐεῖιν
2665 4867 3017 4937 ὑπεμφαίνει,
3052 4867 3147 4919 καὶ
3179 4865 3279 4933 τὴν
3307 4857 3503 4915 ἑαυτοῦ
3536 4858 3763 4912 καταδί-

2193 4979 2301 5031 κην
2346 4975 2445 5012 συν
2491 4963 2557 5029 τῇ
2610 4956 3004 5029 αὑτομεμῲίᾳ·
3035 4958 3098 5008 τὸ
3144 4955 3223 5017 δὲ,
3269 4974 3286 5003 ι
3331 4951 3562 5022 Ποίησόν
3595 4967 3663 5019 με
3689 4947 3765 5010 ὡς

2195 5050 2293 5107 ενα
2330 5048 2439 5100 τῶν
2476 5046 2708 5116 μισθίων
2765 5063 2884 5109 σου,
2918 5064 2937 5096 ι
2970 5044 3068 5114 τὴν
3092 5044 3211 5114 μετ’
3243 5042 3454 5102 ἐλπίδος
3501 5042 3767 5108 ταπεινὴν

2200 5138 2428 5193 ἱκεσίαν.
2465 5139 2540 5190 Οὐ
2586 5136 2667 5189 δεῖ
2693 5136 2802 5204 γὰρ
2856 5135 3264 5203 ἀπογινώσκειν
3310 5135 3453 5185 τινά.
3508 5130 3643 5183 Ἰδοὺ
3672 5128 3766 5182 οὖν

2198 5226 2307 5281 ἀπὸ
2334 5224 2431 5279 τοῦ
2463 5223 2798 5291 Εὐαγγελίου
2848 5224 2944 5277 καὶ
2969 5223 3018 5273 οἱ
3069 5225 3275 5292 καρποὶ
3318 5223 3415 5289 τῆς
3452 5216 3764 5287 μετανοίας,

2196 5316 2291 5378 οὓς
2314 5317 2538 5369 ἀπαιτεῖ
2564 5314 2658 5367 καὶ
2681 5315 2708 5366 6
2731 5314 3068 5384 Βαπτιστής·
3100 5314 3162 5365 τὸ
3199 5309 3520 5381 ἐπιστρέψαι
3542 5308 3648 5365 ἀπὸ
3667 5308 3768 5372 τῆς

2198 5408 2476 5477 ἁμαρτίας
2496 5421 2509 5435 ·
2545 5404 2688 5458 οὓτω
2734 5404 2843 5473 γὰρ
2873 5406 2965 5458 καὶ
3003 5407 3031 5457 6
3078 5405 3271 5466 σωθεὶς
3303 5403 3514 5462 ἄσωτος
3540 5399 3771 5469 διεπράφ

2201 5499 2355 5566 ξατο·
2404 5496 2720 5549 καταλιπὼν
2753 5496 2853 5565 τὴν
2901 5497 3191 5559 ἀσωτείαν,
3223 5494 3495 5562 ἐπανῆλθε
3517 5492 3651 5563 πρὸς
3677 5490 3769 5544 τὸν

521 5606 630 5660 tum
653 5610 907 5657 eteorum
939 5607 1008 5661 te,
1040 5596 1200 5668 impia
1241 5593 1494 5650 videlicet
1540 5605 1596 5649 et
1648 5594 1876 5648 scelesta
1907 5605 2102 5662 opera-

2201 5587 2413 5657 πατέρα
2439 5585 2537 5639 τοῦ
2567 5585 3091 5654 ἐξομολογήσασθαι.
3129 5587 3437 5654 Ἥμαρτον
3474 5583 3603 5652 γὰρ,
3629 5583 3768 5652 παρ-

522 5699 634 5761 tus,
651 5700 706 5748 et
733 5689 1045 5752 calestibus
1069 5685 1359 5750 contraria,
1387 5695 1442 5741 et
1467 5700 1651 5742 coram
1677 5695 1727 5740 te
1756 5684 1824 5738 tui
1855 5691 2097 5741 contem-

2204 5676 2368 5749 ῥησία
2394 5674 2542 5749 λέγει
2561 5689 2577 5708 ·
2611 5674 2705 5727 καὶ
2736 5674 2835 5744 οὐχ
2866 5673 3073 5739 ἁπλῶς,
3100 5673 3215 5739 άλλ⁹
3244 5676 3330 5739 εις
3351 5673 3457 5726 τὸν
3507 5671 3769 5739 οίφανιίν
