4108 6262
433 239 546 304 ότὸ

1263 245 1650 306 SYMEONIS
1692 243 2470 306 TIIESSALONICENSIS
2513 245 2869 322 ARCHIEP.

3597 240 3704 302 476

434 355 639 410 bonam
693 355 1174 422 constitutionem,
1217 359 1481 414 stantium
1520 349 2054 421 conﬁrmationem.

2144 359 2498 427 εαταρτισμὸν
2527 335 2638 412 τῶν
2665 357 2876 428 ψυχῶν,
2911 357 3048 424 προς
3093 355 3194 424 τὴν
3217 353 3348 409 -τῶν
3373 353 3523 423 ἠθῶν
3551 353 3703 424 διόρ-

438 444 714 513 lapsorum
738 448 1103 516 erectionetn,
1127 463 1320 504 eorum
1348 453 1439 520 qni
1461 451 1618 520 longe
1638 449 1876 504 submoti
1893 455 2022 504 sunt

439 535 839 600 reductionem,
873 553 1267 595 concussorum
1293 551 1350 596 et
1383 543 1834 596 tumultuantium
1887 555 2020 594 con-

440 624 766 688 sistentiam,
789 628 1036 682 omnium
1059 629 1316 698 denique,
1342 632 1520 700 quoad
1545 631 1660 686 ﬁeri
1687 638 1886 706 potest,
1914 627 2036 686 uti?

439 715 669 771 litatem.
699 716 836 772 Nam
869 729 1098 782 artes.et
1123 721 1443 777 differentes
1491 723 1733 778 mctltodi
1765 739 1888 777 cum
1923 738 2022 777 na-

441 815 561 860 tura
597 817 730 860 orta:
753 823 862 866 non
890 821 1042 886 sunt,
1073 814 1166 866 sed
1203 823 1394 867 natura
1424 817 1702 883 posterius
1739 817 1972 870 iuventte
2005 833 2020 870 :

441 897 588 952 Dens
617 913 748 952 vero
813 909 1067 965 naturam
1102 904 1408 976 corrigens,
1442 921 1507 957 ex
1544 905 1712 958 rebus
1753 905 2024 972 simplici-

439 986 546 1042 bus
574 1003 601 1041 a
635 999 830 1044 natura
863 990 1031 1057 datis,
1059 1001 1248 1048 etnon
1280 995 1575 1060 variegatis
1615 1010 1732 1048 eam
1773 995 2020 1064 corrigit.

443 1075 568 1131 Ideo
609 1079 927 1135 incarnatus
979 1093 1066 1138 est
1099 1100 1195 1154 per
1227 1095 1473 1140 nostram
1518 1087 1690 1154 ipsam
1732 1096 2014 1154 naturam,

444 1169 752 1227 reformans
804 1181 862 1228 et
930 1174 1206 1244 refingens
1277 1185 1556 1231 naturam.
1614 1176 1809 1231 Verbis
1858 1179 2025 1246 igitur

445 1261 807 1331 simplicibus,
865 1275 918 1320 et
963 1283 994 1322 a
1029 1267 1239 1338 Spiritu
1299 1271 1604 1338 praesertim
1637 1271 2026 1326 emanantibus

447 1348 645 1405 doceat
675 1353 888 1418 doctor,
930 1364 992 1408 ut
1023 1363 1078 1410 et
1125 1358 1460 1434 corrigatur,
1517 1367 1572 1413 et
1601 1359 1704 1414 sibi
1747 1360 1942 1428 prosit,
1971 1369 2027 1414 et

449 1441 779 1498 humiliatus
809 1444 876 1498 de
911 1446 1080 1501 variis
1109 1448 1382 1503 sermonis
1415 1452 1500 1504 sui
1547 1449 1777 1504 floribus
1810 1465 1916 1505 non
1965 1465 2028 1506 se

449 1530 686 1590 inaniter
733 1543 998 1599 ostentet,
1039 1538 1178 1592 nihil
1218 1555 1350 1611 suos
1386 1541 1668 1597 auditores
1717 1541 1942 1612 jnvans,
1971 1551 2027 1597 et

446 1625 693 1682 debitum
743 1645 851 1683 non
903 1633 1213 1687 exsolvens.
1242 1633 1354 1688 Hoc
1397 1635 1578 1688 omnis
1609 1636 2022 1704 praedicationis

448 1727 504 1770 et
533 1719 794 1776 doctrinae
823 1723 982 1776 tinem
1016 1738 1141 1778 esse
1173 1733 1346 1788 putet,
1371 1726 1454 1781 vel
1477 1727 1824 1782 auditoribus
1848 1735 1902 1782 et
1919 1728 2024 1782 sibi

450 1810 704 1866 obnoxiis
732 1807 1020 1882 prodesse,
1082 1815 1164 1870 vel
1215 1815 1402 1870 debito
1461 1817 1827 1872 satisfacere:
1869 1836 1888 1870 ι
1933 1817 2027 1874 Vae

453 1903 608 1968 mihi,
633 1905 812 1974 inquit
837 1907 1154 1976 Apostolus,
1179 1910 1280 1964 nisi
1308 1911 1780 1979 evangelizavero.
1819 1930 1838 1963 ι
1875 1911 2029 1981 Saepe

453 1996 622 2049 etiam
656 2001 1002 2054 demonstrat
1033 2017 1140 2055 non
1175 2017 1297 2057 esse
1328 2011 1613 2072 tantopere
1655 2004 2026 2060 festinandum

455 2087 521 2139 ad
555 2089 692 2143 alias
727 2105 914 2146 sacras
943 2092 1212 2156 actiones,
1247 2102 1301 2146 et
1338 2107 1710 2161 sacramenta,
1735 2095 2031 2165 ipsumque

458 2175 792 2243 baptismum
821 2183 1212 2248 peragendum,
1253 2187 1346 2238 sed
1376 2185 1670 2252 aliquando
1704 2201 2030 2255 praeponen-

455 2269 580 2322 dam
611 2287 732 2326 esse
774 2273 1240 2339 praedicationem,
1273 2284 1336 2329 ut
1374 2277 1556 2345 plures
1609 2286 2031 2341 convertantur,

455 2360 686 2417 dicens:
720 2383 740 2416 ι
768 2363 884 2419 Non
905 2367 1048 2421 enim
1070 2369 1221 2422 misit
1242 2386 1325 2424 mc
1345 2371 1596 2424 Christus
1614 2372 1916 2438 baptizare,
1939 2371 2034 2427 sed

453 2455 854 2519 evangelizare.
897 2477 916 2508 ι
957 2457 1283 2528 Quanquam
1307 2461 1450 2514 enim
1479 2461 1914 2531 baptizaveritet
1943 2463 2036 2517 Ti-

457 2544 738 2600 motheum
766 2558 816 2602 et
853 2547 1142 2618 Stephanm
1175 2552 1420 2611 domum.
1458 2562 1512 2606 et
1551 2555 1735 2622 plures
1762 2555 1922 2618 alios,
1957 2565 2039 2609 at-

458 2647 638 2691 tamen
672 2641 1113 2704 praadicationem
1149 2643 1232 2695 his
1265 2645 1582 2711 pra‘posuit.
1610 2643 1840 2714 Propter
1864 2645 2038 2714 quid?

454 2726 592 2800 Quia
611 2732 843 2797 primum
867 2733 1139 2788 infidelem
1173 2743 1386 2804 Oportet
1419 2744 1744 2789 convertere
1764 2736 1828 2790 ad
1851 2737 2036 2802 ﬁdem,

456 2831 510 2874 et
541 2836 664 2874 enm
689 2831 878 2888 postea
905 2825 1204 2891 baptizare.
1242 2825 1526 2892 Baptizare
1556 2825 1721 2896 igitur
1747 2834 1831 2880 est
1850 2841 2039 2881 sacer-

455 2912 602 2968 dotis
633 2913 890 2982 alicnjus,
936 2927 1258 2971 convertere
1292 2933 1418 2970 vero
1450 2919 1710 2972 doctoris.
1746 2917 1852 2972 Sed
1889 2935 2036 2974 nunc

2127 449 2293 502 θωσιν
2323 449 2419 503 καὶ
2448 449 2789 502 κατάστασιν
2824 445 3058 516 ἀγαθὴν,
3093 445 3230 516 πρὸς
3265 444 3568 513 στηριγμδν
3590 443 3704 496 τῶν

2127 540 2454 608 ἱσταμένων,
2491 539 2642 606 πρὸς
2667 539 2962 610 ἀνέγερσιν
2993 537 3100 591 τῶν
3136 534 3530 598 πεπτωκότων,
3565 531 3704 604 πρὸς

2124 631 2493 697 ἐπαναγωγὴν
2529 629 2640 684 τῶν
2679 627 3131 698 μακρυνθέντων,
3166 625 3306 696 πρὸς
3354 623 3545 677 στάσιν
3591 622 3703 674 τῶν

2124 721 2519 792 κλονηθέντων,
2547 721 2686 791 πρὸς
2735 721 2836 790 τὴν
2869 719 3106 784 δυνατὴν
3152 717 3263 770 τῶν
3308 716 3529 770 πάντων
3561 714 3706 783 ὠφέ-

2125 815 2276 869 λειαν
2297 833 2312 847 ·
2352 815 2437 868 ὃτι
2465 814 2584 889 ούδέ
2617 813 2756 884 μετὰ
2792 813 2892 882 τῆς
2941 811 3165 880 φύσεως
3212 811 3268 862 αἱ
3299 809 3488 878 τέχναι
3520 823 3580 860 τε
3607 806 3703 858 καὶ

2124 908 2371 976 διάφοροι
2427 907 2668 976 μέθοδοι,
2721 905 2860 960 ἀλλὰ
2896 907 2995 974 τῆς
3035 905 3256 974 φύσεως
3285 902 3512 972 ὕστερον
3537 902 3702 968 ἐφευ-

2129 1001 2329 1068 ρέσεις.
2376 998 2509 1061 Θεὸς
2543 999 2598 1051 δὲ
2625 999 2726 1068 τὴν
2759 996 2924 1064 φύσιν
2959 995 3300 1064 ἐπανορθῶν,
3332 995 3396 1044 ἐκ
3423 991 3534 1043 τῶν
3561 990 3708 1043 δεδο-

2129 1091 2307 1159 μένων
2345 1091 2411 1158 τῇ
2451 1090 2610 1158 φύσει
2647 1087 2838 1142 ἁπλῶν
2897 1087 2992 1140 καὶ
3041 1085 3344 1140 ἁποικίλων
3389 1079 3702 1150 ἐπανορθοῖ.

2126 1181 2216 1232 Διδ
2249 1178 2343 1232 καὶ
2395 1179 2740 1248 σεσάρκωται
2791 1175 2878 1230 διὰ
2929 1177 3030 1244 τῆς
3076 1175 3247 1239 αὐτῆς
3305 1173 3443 1241 ἡμῖν
3483 1169 3706 1238 φύσεως

2126 1269 2462 1340 ἀναμορφῶν
2511 1271 2606 1323 καὶ
2662 1267 3024 1324 ἀναπλάττων
3082 1266 3182 1336 τὴν
3233 1265 3416 1331 φύσιν.
3474 1262 3584 1314 Καὶ
3647 1261 3706 1311 ἐν

2127 1360 2320 1423 ἁπλοῖς
2341 1363 2524 1414 τοίνυν
2558 1361 2737 1429 λόγοις
2770 1359 2867 1414 καὶ
2919 1361 3032 1420 τοῖς
3083 1355 3178 1410 τοῦ
3217 1353 3542 1421 Πνεύματος
3574 1351 3708 1418 μᾶλ-

2127 1450 2218 1502 λον
2247 1453 2272 1501 6
2315 1451 2629 1514 διδάσκαλος
2673 1449 2992 1510 διδασκέτω,
3027 1446 3116 1500 ἵνα
3147 1445 3241 1499 καὶ
3275 1441 3569 1512 κατορθοῖ,
3609 1438 3707 1492 καὶ

2128 1543 2320 1596 ἑαυτὴν
2345 1542 2556 1611 ὠφελῇ,
2593 1542 3028 1607 ταπεινούμενος
3055 1538 3132 1591 ῶν
3165 1537 3259 1590 καὶ
3293 1535 3368 1605 μὴ
3404 1532 3708 1600 κομπάζων

2131 1636 2194 1686 ἐκ
2220 1635 2329 1686 τῶν
2363 1635 2646 1698 ποικίλων,
2683 1631 2806 1701 μηδ’
2837 1629 3065 1700 ὠφελῶν
3102 1629 3229 1689 τοὺς
3263 1625 3586 1690 ἀκούοντας,
3612 1623 3712 1678 καὶ

2131 1726 2191 1778 τὸ
2223 1726 2381 1794 χρέος
2415 1723 2772 1794 ἀποπληρῶν,
2806 1722 2966 1776 τοῦτο
2998 1723 3198 1782 παντὸς
3225 1720 3586 1788 κηρύγματος
3612 1717 3711 1770 καὶ

2131 1815 2484 1880 διδασκαλίας
2504 1817 2743 1886 νομίζων
2765 1815 2942 1878 τέλος,
2977 1816 3010 1885 ἢ
3043 1814 3104 1867 τὸ
3141 1813 3268 1875 τοὺς
3297 1812 3574 1879 ἀκροατὰς
3611 1811 3709 1863 καὶ

2136 1908 2226 1978 ὑφ’
2259 1912 2421 1964 αὑτὸν
2479 1911 2805 1979 ὠφελῆσαι,
2856 1910 2887 1978 ἢ
2942 1913 3003 1963 τὸ
3055 1909 3215 1978 χρέος
3279 1904 3708 1974 ἀποπληρῶσαι.

2141 2021 2160 2052 ι
2193 2004 2332 2056 Ούαί
2387 2021 2477 2072 μοι
2507 2003 2640 2071 γὰρ,
2674 2004 2806 2071 φησὶ
2845 2003 3078 2064 Παῦλος,
3113 2003 3209 2055 ἐὰν
3240 2001 3312 2070 μὴ
3345 1998 3714 2066 εὐαγγελίζω-

2140 2107 2257 2160 μαι.
2303 2110 2322 2142 ι
2365 2091 2463 2155 ’ος
2492 2093 2584 2144 καὶ
2606 2092 2704 2153 τὰς
2744 2091 2911 2154 ἄλλας
2935 2083 3206 2152 πολλάκις
3227 2089 3503 2142 δείκνυται
3541 2087 3700 2156 ἱερὰς

2137 2181 2364 2250 πράξεις
2410 2185 2504 2236 καὶ
2555 2168 2815 2248 τελετὰς,
2853 2185 2947 2236 καὶ
2981 2183 3116 2236 αὐτὸ
3165 2183 3226 2234 τὸ
3287 2181 3574 2250 βάπτισμα
3631 2178 3719 2248 μὴ’

2139 2276 2395 2328 σπεύδειν
2433 2275 2686 2329 τοσοῦτον
2715 2278 2981 2344 ἐνεργεῖν,
3004 2274 3142 2327 ἀλλὰ
3167 2273 3494 2343 προτιθέναι
3521 2273 3583 2324 τὸ
3613 2288 3715 2338 κη-

2141 2368 2381 2438 ρύσσειν,
2418 2367 2506 2420 ἵνα
2537 2369 2823 2428 πλείστους
2853 2366 3190 2435 ἐπιστρέψῃ,
3227 2367 3324 2418 καὶ
3360 2365 3547 2432 φησιν,
3586 2381 3606 2414 ι
3637 2363 3726 2444 06-

2140 2460 2250 2528 γὰρ
2283 2459 2576 2512 ἀπέστειλέ
2610 2477 2679 2527 με
2717 2459 2950 2526 Χριστὸς
2987 2456 3302 2525 βαπτίζειν,
3339 2457 3458 2509 ἀλλ’
3483 2457 3718 2522 εὐαγγε-

2138 2551 2383 2616 λίζεσθαι
2405 2565 2421 2582 ·
2455 2571 2472 2604 ι
2511 2553 2691 2604 καίτοι
2740 2569 2803 2618 γε
2834 2550 3097 2612 ἑϐάπτιζε
3127 2567 3141 2580 ·
3175 2551 3270 2602 καὶ
3313 2553 3404 2602 τἰν
3455 2549 3718 2616 Τιμόθεον

2140 2645 2268 2712 γὰρ,
2301 2645 2400 2697 καὶ
2433 2645 2523 2696 τὸν
2559 2645 2808 2712 Στεφανᾶ
2839 2639 3012 2702 οἷκον,
3045 2643 3142 2696 καὶ
3193 2643 3481 2705 πλείστους
3523 2639 3718 2700 ἄλλους

2142 2737 2454 2791 ἐϐάπτισεν.
2509 2736 2670 2788 Ἀλλὰ
2723 2738 2916 2788 τούτου
2979 2734 3040 2787 τδ
3110 2736 3372 2805 κήρυγμα
3426 2733 3718 2802 προτίθησι

2147 2831 2368 2898 μᾶλλον.
2411 2829 2600 2892 Διατές
2651 2829 2774 2882 Ὅτι
2808 2829 2890 2881 δεῖ
2939 2827 3206 2898 πρότερον
3243 2825 3566 2892 ἐπιστρέψαι
3620 2824 3716 2874 τὸν

2147 2924 2375 2976 ἄπιστον
2406 2923 2540 2990 προς
2577 2922 2674 2987 τὴν
2707 2921 2914 2983 πίστιν,
2945 2921 3039 2973 καὶ
3070 2920 3187 2972 τότε
3209 2917 3396 2971 τοῦτον
3425 2916 3706 2984 βαπτίσαι.

457 3006 638 3067 video,
659 3007 759 3058 ben
781 3007 793 3059 ί
817 3009 1163 3062 sacerdotum
1211 3009 1410 3064 multos
1434 3021 1774 3065 sacramenta
1795 3021 2042 3066 contem-

2144 3015 2213 3068 Τὸ
2264 3014 2523 3082 βαπτίσαι
2563 3011 2657 3065 οὖν
2703 3014 2800 3065 καὶ
2845 3013 3041 3080 ἱερέως
3070 3011 3234 3071 τινος,
3267 3011 3327 3062 τὴ
3361 3008 3416 3060 δὲ
3462 3008 3713 3075 ἐπιστρέ-

457 3113 611 3163 nere,
633 3097 798 3154 simul
830 3109 881 3154 et
907 3101 1134 3156 verbum
1181 3102 1460 3168 doctrinae,
1481 3111 1535 3156 et
1556 3103 1796 3158 divinam
1832 3104 2034 3157 saluta-

459 3205 680 3258 retnque
702 3191 1139 3258 pranlicaliouetu
1166 3211 1182 3259 ;
1209 3197 1378 3247 semel
1407 3196 1627 3262 quidem
1661 3211 1784 3248 cum
1813 3196 1954 3250 fastu
1986 3206 2038 3250 et

457 3283 747 3352 phantasia
779 3285 1015 3352 quadam
1054 3287 1202 3338 ducti
1238 3302 1392 3340 saera
1423 3285 1712 3348 facientes,
1746 3302 1872 3338 raro
1908 3304 2038 3341 vero

462 3387 776 3441 precantes,
813 3387 866 3428 et
893 3391 1172 3444 nunquam
1207 3379 1593 3442 praedicantes.
1633 3378 1920 3444 magnifice
1953 3395 2040 3433 se-

461 3464 678 3526 dentes,
711 3471 765 3516 et
791 3465 1122 3530 judiciorum
1155 3465 1719 3519 saeculariumruram
1747 3481 2038 3534 gerentes:

462 3551 610 3605 unde
662 3567 856 3621 pugna:
901 3553 1279 3621 tumultusque
1310 3569 1504 3614 omnes
1533 3565 1856 3620 nascuntur,
1899 3557 2038 3619 lites,

462 3651 518 3696 ct
553 3643 942 3698 altercationes
1004 3644 1246 3709 inutiles,
1291 3644 1402 3699 imo
1443 3647 1733 3702 animabus
1773 3650 1954 3701 noxiae
1987 3657 2042 3702 et

463 3733 703 3789 infestze.
741 3736 868 3790 illos
915 3737 1072 3791 video
1107 3738 1352 3791 animum
1407 3740 1567 3792 anxie
1613 3752 1951 3808 occupantes
1988 3741 2040 3794 in

466 3824 735 3879 bonorum
763 3829 1212 3894 corruptibilium
1254 3831 1644 3892 sollicitudine,
1700 3833 1822 3884 vitae
1860 3842 2040 3884 autem

467 3931 584 3972 suae
627 3919 914 3985 spiritalis,
941 3921 1087 3973 velut
1114 3921 1182 3976 iis
1237 3923 1409 3990 magis
1437 3923 1712 3990 spiritales
1765 3927 1855 3991 qui
1911 3926 2045 3992 ipsis

469 4009 728 4070 subsunt,
755 4013 1127 4080 inquisitionis
1163 4029 1446 4067 sacrarum
1482 4015 1918 4084 Scripturarunt,
1953 4019 2048 4070 ob-

472 4103 802 4156 servationis
834 4118 1130 4166 canonum,
1170 4105 1252 4158 vel
1308 4107 1538 4160 alterius
1571 4108 1622 4160 in
1657 4107 1878 4162 Patrum
1909 4109 2048 4164 scri-

471 4203 566 4264 pta
599 4208 771 4248 sacrae
821 4195 1117 4264 diligentia;
1168 4197 1372 4252 nullam
1419 4201 1684 4253 rationem
1743 4201 2047 4269 habentes;

473 4300 576 4340 nec
611 4287 676 4340 :le
697 4288 970 4353 ecclesiis,
1003 4305 1101 4342 nec
1133 4289 1198 4342 de
1225 4290 1437 4345 Christi
1463 4293 1592 4345 ovili
1616 4292 1904 4357 sollicitos,
1927 4295 2052 4348 licet

2139 3104 2238 3174 ψαι
2286 3104 2636 3158 διδασκάλου.
2673 3101 2834 3178 Ἀλλὰ
2885 3101 2980 3154 νῦν
3011 3101 3123 3172 ὁρῶ
3162 3099 3306 3166 est?!
3345 3101 3458 3168 ’ἅμα
3482 3099 3578 3150 καὶ
3606 3099 3718 3151 τῶν

2143 3195 2304 3262 ἱερῶν
2335 3196 2784 3260 καταμελοῦντας
2822 3195 3052 3256 πολλοὺς
3080 3192 3336 3250 τελετῶν,
3378 3191 3474 3243 καὶ
3510 3188 3604 3242 τοῦ
3633 3188 3718 3240 λόο

2141 3303 2240 3355 γου
2296 3289 2396 3355 τῆς
2431 3287 2785 3352 διδασκαλίας
2843 3287 2936 3339 τοῦ
2997 3285 3354 3355 κηρύγματος
3396 3281 3510 3336 τοῦ·
3537 3281 3723 3334 ἐνθέου

2142 3379 2234 3432 καὶ
2265 3379 2559 3446 σωτηρίου,
2588 3379 2682 3430 καὶ
2721 3377 2872 3439 ἅπαξ
2920 3377 3019 3445 μὲν
3051 3373 3478 3445 ἱερουργοῦντας
3523 3373 3725 3440 ὑπερογ

2142 3470 2315 3540 χικῶς
2353 3487 2410 3521 τε
2460 3471 2556 3522 καὶ
2623 3469 2765 3538 μετὰ
2819 3467 3123 3535 φαντασίας
3167 3468 3334 3528 τινος,
3369 3465 3626 3530 ὀλιγάκις
3664 3463 3722 3515 δὲ

2145 3563 2625 3630 προσενχομένους
2652 3598 2667 3622 ,
2700 3561 2794 3612 καὶ
2825 3557 3079 3628 οὐδαμῶς
3111 3557 3513 3624 κηρύσσοντας,
3556 3571 3726 3622 μεγα-

2145 3649 2437 3722 λοπρεπῶς
2475 3671 2535 3705 τε
2588 3651 3070 3721 προκαθημένους,
3107 3649 3202 3702 καὶ
3233 3649 3470 3715 κρίσεων
3507 3651 3724 3717 φροντίς

2148 3745 2340 3806 ζοντας
2388 3743 2672 3808 κοσμικῶν
2701 3783 2716 3806 ,
2751 3743 2808 3808 ἐξ
2839 3734 2912 3794 ὧν
2945 3741 3116 3809 μάχαι
3165 3742 3258 3792 καὶ
3285 3740 3521 3808 ταραχαὶ
3555 3741 3726 3793 πᾶσαι

2147 3835 2442 3894 τίκτονται,
2470 3833 2640 3901 ἔριδές
2671 3849 2728 3884 τε
2759 3832 2850 3884 καὶ
2879 3829 3204 3898 φιλονεικίαι
3238 3828 3556 3896 ἀνωφελεῖς,
3589 3827 3726 3897 μᾶλη

2147 3926 2236 3978 λον
2265 3926 2319 3978 δὲ
2345 3923 2732 3993 ψυχοϐλαϐεἰς,
2769 3923 2864 3975 καὶ
2901 3921 3033 3990 περὶ
3086 3921 3184 3990 μὲν
3231 3921 3532 3988 κτημάτων
3563 3935 3725 3989 φρον·

2149 4018 2272 4072 τίδα
2309 4017 2416 4070 τῶν
2447 4015 2825 4086 φθειρομένων
2883 4011 3347 4084 ἀσχολουμένους,
3401 4011 3531 4080 περὶ
3579 4010 3636 4062 δέ
3668 4027 3728 4076 γε

2155 4111 2268 4180 βίον
2307 4107 2690 4174 πνευματικοῦ
2725 4105 2938 4158 ἑαυτῶν
2980 4106 3054 4166 ὡς
3102 4104 3496 4172 πνευματικῶν
3529 4103 3728 4171 μᾶλλον

2152 4199 2320 4253 ὅντων
2355 4199 2387 4268 ἢ
2432 4199 2542 4250 τῶν
2577 4199 2670 4251 ὑπ’
2705 4197 2926 4259 αὐτοὺς,
2960 4194 2992 4264 ἢ
3046 4195 3352 4260 ἐξετάσεως
3405 4195 3564 4262 ἱερῶν
3595 4195 3728 4264 Γραι

2157 4293 2272 4359 φῶν
2296 4292 2390 4343 καὶ
2421 4291 2808 4360 συντηρήσεως
2836 4288 2944 4340 τῶν
2977 4288 3240 4348 κανόνων,
3277 4287 3308 4354 ἢ
3347 4287 3541 4356 ἑτέρας
3570 4289 3730 4355 ἀκρι-

479 4379 592 4431 lnee
621 4374 826 4432 Paulus
856 4379 1035 4434 edicut
1068 4395 1084 4434 :
1119 4398 1138 4432 ι
1179 4382 1460 4436 Attendite
1491 4383 1651 4438 vobis
1677 4383 1908 4452 ipsis,et
1933 4387 2054 4438 uni-

2153 4381 2310 4443 ὕείας
2341 4382 2498 4450 ἱερᾶς
2545 4381 2644 4446 τῆς
2699 4377 2862 4450 184
2909 4380 2972 4430 ἐκ
3008 4376 3116 4428 τῶν
3157 4376 3444 4446 Πατέρων,
3475 4376 3730 4444 ποιουμέ-

477 4484 638 4522 verso
657 4469 822 4540 αι·ρεί
853 4470 906 4523 in
931 4487 1041 4538 quo
1065 4487 1161 4525 vos
1191 4473 1430 4539 Spiritus
1454 4481 1684 4526 sanctus
1713 4474 1890 4540 posuit
1942 4478 2059 4543 cpio

477 4573 698 4622 scenos,
737 4574 926 4628 regere
955 4560 1254 4615 Ecclesiam
1283 4561 1496 4616 Domini
1528 4570 1580 4615 et
1613 4563 1731 4629 Dei,
1769 4579 1933 4630 quam
1969 4580 2059 4620 ac-

480 4651 709 4721 quisivit
741 4653 1007 4722 sanguine
1033 4669 1152 4708 suo.
1200 4673 1218 4705 ι
1258 4653 1380 4706 Haec
1415 4666 1595 4718 autem
1649 4671 1757 4708 non
1813 4659 2059 4712 venturis

483 4744 650 4811 lupis,
690 4742 785 4795 sed
842 4743 954 4812 jam
990 4745 1374 4808 przesentihus.
1413 4744 1504 4799 De.
1551 4744 1818 4802 reditibus
1853 4743 1972 4804 suis
2004 4756 2060 4802 et

483 4832 723 4903 propriis
750 4833 984 4903 negotiis
1003 4833 1260 4904 frequens
1283 4845 1365 4890 est
1388 4837 1573 4891 multis
1599 4853 1784 4892 sermo
1808 4855 1824 4905 ;
1857 4838 1924 4892 de
1941 4838 2058 4892 tlte-

485 4939 654 4980 sauro
683 4939 811 4978 vero
843 4925 1056 4979 cmlesti
1099 4927 1404 4980 animarum
1435 4931 1848 4993 servandarum,
1878 4946 2058 4983 rarus.

483 5017 598 5075 Nec
628 5028 778 5070 extra
838 5015 1068 5070 istorum
1105 5033 1390 5071 numerum
1435 5033 1520 5072 me
1579 5019 2006 5086 ipsum'colloco
2041 5035 2056 5072 :

483 5123 588 5178 ego
643 5109 785 5162 enim
845 5107 1127 5176 negligens
1182 5123 1308 5160 cum
1369 5111 1775 5178 negligentibus
1835 5111 2061 5166 incuria:

486 5201 704 5271 culpam
736 5198 1040 5256 sustinebo.
1073 5199 1194 5254 Ideo
1219 5197 1377 5253 ofiieii
1404 5199 1506 5254 mei
1539 5201 1778 5254 debitum
1803 5203 1945 5270 apud
1975 5216 2062 5256 me

485 5293 925 5368 perpemlens.et
965 5291 1230 5360 meipsum
1265 5300 1318 5346 et
1349 5289 1546 5345 fratres
1581 5307 1730 5345 meos
1759 5291 1939 5360 lugeo,
1973 5299 2062 5342 at-

486 5399 593 5450 que
631 5383 761 5437 illud
799 5394 853 5436 ut
896 5382 1042 5437 dictu
1105 5381 1500 5443 necessarium,
1533 5379 1644 5449 jam
1709 5381 1832 5434 dico
1877 5387 1932 5433 et
1965 5394 2066 5434 ex-

489 5489 681 5542 pono:
733 5491 932 5530 munus
997 5475 1212 5532 scilicet
1247 5490 1372 5529 esse
1425 5482 1478 5528 et
1527 5472 1773 5528 debitum
1817 5482 2062 5537 nostrum

485 5567 631 5633 quod
662 5565 972 5622 detrectare
1025 5583 1130 5621 non
1164 5582 1485 5637 possumus,
1530 5579 1726 5633 urgere
1761 5562 1962 5616 fsatres
2005 5569 2063 5616 ut

491 5661 864 5730 pwnitentiam
901 5677 1058 5731 agere
1110 5662 1163 5714 itt
1200 5659 1438 5714 animum
1473 5652 2064 5712 inuocaui..Pa'uiten-

2161 4490 2257 4534 νας
2284 4472 2476 4525 οὐδένα
2523 4471 2706 4536 λόγον,
2742 4468 2864 4522 ούδέ
2915 4468 3024 4520 τῶν
3077 4467 3388 4533 ἐκκλησιῶν
3422 4465 3730 4535 φροντίζον·

2159 4579 2279 4626 τας,
2327 4561 2450 4614 οὐδὲ
2493 4559 2588 4612 τοῦ
2637 4559 2896 4628 ποιμνίου
2949 4555 3043 4610 τοῦ
3097 4557 3352 4626 Σωτῆρος
3409 4556 3605 4624 ἡμῶν·
3639 4557 3732 4609 καὶ

2161 4655 2335 4708 ταῦτα
2382 4652 2474 4706 τοῦ
2533 4651 2748 4704 Παύλου
2802 4651 3080 4718 λέγοντος,
3115 4667 3134 4700 ι
3172 4651 3485 4718 Προσέχετε
3521 4651 3732 4713 ἑαυτοῖς

2162 4746 2258 4800 καὶ
2311 4746 2476 4799 παντὶ
2516 4741 2596 4812 τῷ
2647 4741 2913 4812 ποιμνίῳ,
2943 4742 3000 4792 ἐν
3029 4733 3074 4805 ᾧ
3124 4740 3186 4792 τὸ
3234 4739 3460 4809 Πνεῦμα
3490 4741 3551 4792 τὸ
3580 4741 3744 4808 ἆγιον,

2162 4839 2311 4892 ἔθετο
2338 4836 2480 4905 ὑμᾶς
2517 4833 2870 4897 ἐπισκόπους,
2905 4832 3234 4902 ποιμαίνειν
3267 4831 3365 4900 τὴν
3409 4833 3734 4900 Ἐκκλησίαν

2161 4927 2257 4980 τοῦ
2309 4926 2517 4994 Κυρίου
2558 4925 2653 4977 καὶ⁸
2719 4919 2879 4988 Θεοῦ,
2917 4921 2984 4990 ἢν
3028 4919 3454 4989 περιεποιήσατο
3501 4917 3587 4970 διὰ
3641 4913 3735 4968 τοῦ

2167 5016 2298 5070 ἰδίου
2321 5016 2610 5082 αἵματος.»
2648 5011 2756 5065 Καὶ
2781 5011 2957 5064 ταῦτα
2987 5009 3047 5062 ού
3077 5009 3385 5078 μελλόντων
3419 5009 3596 5060 ἐλθεῖν
3627 5006 3736 5058 τῶν

2163 5107 2366 5170 λύκων,
2415 5107 2530 5159 ἀλλ’
2563 5105 2663 5176 ἤδη
2714 5104 3021 5174 παρόντων.
3088 5101 3200 5154 Καὶ
3236 5100 3373 5170 περὶ
3439 5100 3536 5168 μὲν
3567 5113 3734 5168 προσ-

2164 5201 2298 5252 όδων
2345 5197 2584 5250 καὶτῶν
2641 5193 2787 5247 ἰδίων
2844 5193 3012 5256 πολὺς
3070 5193 3186 5254 τοῖς
3243 5190 3462 5250 πολλοῖς
3495 5190 3521 5240 6
3554 5187 3732 5254 λόγος,

2167 5289 2294 5358 περὶ
2335 5287 2390 5338 δὲ
2419 5285 2512 5338 τοῦ
2546 5287 2604 5338 ἐν
2651 5283 2901 5354 οὐρανοῖς
2937 5281 3390 5352 θησαυρίσμιτος
3421 5277 3528 5330 τῶν
3564 5276 3731 5340 σωζο-

2169 5359 2344 5448 μένων
2368 5375 2557 5446 ψυχῶν
2591 5373 2770 5442 ὀλίγος
2799 5374 2824 5426 ὁ
2853 5364 3034 5440 λόγος.
3069 5371 3174 5424 Καὶ
3201 5369 3300 5422 οὐκ
3335 5367 3442 5431 ἔξω
3474 5367 3740 5434 ποιοῦμαι

2166 5469 2275 5519 τῶν
2325 5465 2585 5519 τοιούτων
2641 5464 2900 5532 ἐμαυτόν.
2938 5461 3110 5529 Κάγὼ
3143 5462 3252 5531 γὰρ
3309 5461 3406 5512 σὺν
3437 5463 3551 5522 τοῖς
3601 5461 3738 5528 άμε-

2169 5559 2352 5612 λοῦσιν
2383 5556 2602 5626 ἀμελῶν
2631 5555 2726 5610 τὸν
2781 5554 2940 5622 λόγον
2993 5552 3194 5620 ὑφέξω.
3233 5551 3326 5602 Διὸ
3365 5553 3463 5603 καὶ
3491 5548 3737 5620 ἐμαυτοῦ

2170 5649 2267 5718 τὴν
2315 5646 2536 5717 ὀφειλὴν
2574 5643 2923 5720 λογιζόμενος
2955 5679 2970 5708 ,
3032 5644 3125 5695 καὶ
3181 5638 3414 5710 ἐμαυτὸν
3457 5639 3555 5692 καὶ
3606 5639 3736 5698 τοὺς
