  <div class='ocr_page' id='page_1' title='image "/cluster/home/n/w/nwhite01/storage/ocr_20150623/155/mdp.39015022213998/246.png"; bbox 0 0 4108 6262; ppageno 0'>
   <div class='ocr_carea' id='block_1_1' title="bbox 450 320 556 383">
    <p class='ocr_par' dir='ltr' id='par_1_1' title="bbox 450 320 556 383">
     <span class='ocr_line' id='line_1_1' title="bbox 450 320 556 383; baseline 0 0"><span class='ocrx_word' id='word_1_1' title='bbox 450 320 556 383; x_wconf 72' lang='lat'><strong>477</strong></span> 
     </span>
    </p>
   </div>
   <div class='ocr_carea' id='block_1_2' title="bbox 1747 322 2409 395">
    <p class='ocr_par' dir='ltr' id='par_1_2' title="bbox 1747 322 2409 395">
     <span class='ocr_line' id='line_1_2' title="bbox 1747 322 2409 395; baseline 0.011 -7"><span class='ocrx_word' id='word_1_2' title='bbox 1747 330 1848 389; x_wconf 88' lang='lat' dir='ltr'><strong>DE</strong></span> <span class='ocrx_word' id='word_1_3' title='bbox 1901 322 2409 395; x_wconf 68' lang='lat' dir='ltr'><strong>Paerr&#39;ENTIA.</strong></span> 
     </span>
    </p>
   </div>
   <div class='ocr_carea' id='block_1_3' title="bbox 3583 335 3691 398">
    <p class='ocr_par' dir='ltr' id='par_1_3' title="bbox 3583 335 3691 398">
     <span class='ocr_line' id='line_1_3' title="bbox 3583 335 3691 398; baseline 0 -1"><span class='ocrx_word' id='word_1_4' title='bbox 3583 335 3691 398; x_wconf 74' lang='grc'><strong>478</strong></span> 
     </span>
    </p>
   </div>
   <div class='ocr_carea' id='block_1_4' title="bbox 445 426 2022 518">
    <p class='ocr_par' dir='ltr' id='par_1_4' title="bbox 445 433 2015 518">
     <span class='ocr_line' id='line_1_4' title="bbox 445 433 2015 518; baseline 0.006 -28"><span class='ocrx_word' id='word_1_5' title='bbox 445 433 714 503; x_wconf 77' lang='grc' dir='ltr'>ἀδελφούς</span> <span class='ocrx_word' id='word_1_6' title='bbox 768 451 872 506; x_wconf 85' lang='grc' dir='ltr'><strong>μου</strong></span> <span class='ocrx_word' id='word_1_7' title='bbox 929 438 1134 495; x_wconf 85' lang='grc' dir='ltr'>πενθῶ.</span> <span class='ocrx_word' id='word_1_8' title='bbox 1201 441 1329 499; x_wconf 69' lang='grc' dir='ltr'><strong>Καὶ</strong></span> <span class='ocrx_word' id='word_1_9' title='bbox 1361 443 1438 506; x_wconf 84' lang='grc' dir='ltr'>ὡς</span> <span class='ocrx_word' id='word_1_10' title='bbox 1490 446 1795 513; x_wconf 85' lang='grc' dir='ltr'>ἀναγκαῖον</span> <span class='ocrx_word' id='word_1_11' title='bbox 1826 446 1887 500; x_wconf 79' lang='grc' dir='ltr'>ὃν</span> <span class='ocrx_word' id='word_1_12' title='bbox 1916 448 2015 518; x_wconf 82' lang='grc' dir='ltr'>τὴν</span> 
     </span>
    </p>
   </div>
   <div class='ocr_carea' id='block_1_5' title="bbox 2126 426 3693 518">
    <p class='ocr_par' dir='ltr' id='par_1_5' title="bbox 2126 450 3693 518">
     <span class='ocr_line' id='line_1_5' title="bbox 2126 450 3693 518; baseline 0.001 -16"><span class='ocrx_word' id='word_1_13' title='bbox 2126 450 2191 502; x_wconf 84' lang='lat' dir='ltr'><strong>tia</strong></span> <span class='ocrx_word' id='word_1_14' title='bbox 2226 453 2373 505; x_wconf 87' lang='lat' dir='ltr'><strong>enim</strong></span> <span class='ocrx_word' id='word_1_15' title='bbox 2435 466 2603 506; x_wconf 90' lang='lat' dir='ltr'><strong>unum</strong></span> <span class='ocrx_word' id='word_1_16' title='bbox 2646 465 2728 506; x_wconf 89' lang='lat' dir='ltr'><strong>est</strong></span> <span class='ocrx_word' id='word_1_17' title='bbox 2762 468 2793 506; x_wconf 77' lang='grc' dir='ltr'><strong>ο</strong></span> <span class='ocrx_word' id='word_1_18' title='bbox 2839 450 3227 513; x_wconf 72' lang='lat' dir='ltr'><strong>sacramentis,</strong></span> <span class='ocrx_word' id='word_1_19' title='bbox 3252 458 3305 503; x_wconf 88' lang='lat' dir='ltr'><strong>et</strong></span> <span class='ocrx_word' id='word_1_20' title='bbox 3356 452 3575 518; x_wconf 83' lang='lat' dir='ltr'><strong>proprie</strong></span> <span class='ocrx_word' id='word_1_21' title='bbox 3609 452 3693 504; x_wconf 86' lang='lat' dir='ltr'><strong>di—</strong></span> 
     </span>
    </p>
   </div>
   <div class='ocr_carea' id='block_1_6' title="bbox 447 524 2013 608">
    <p class='ocr_par' dir='ltr' id='par_1_6' title="bbox 447 524 2013 608">
     <span class='ocr_line' id='line_1_6' title="bbox 447 524 2013 608; baseline 0.008 -30"><span class='ocrx_word' id='word_1_22' title='bbox 447 524 674 596; x_wconf 76' lang='grc' dir='ltr'>ὁφειλὴν</span> <span class='ocrx_word' id='word_1_23' title='bbox 700 525 859 595; x_wconf 74' lang='grc' dir='ltr'>ἡμῶν</span> <span class='ocrx_word' id='word_1_24' title='bbox 885 526 1088 597; x_wconf 74' lang='grc' dir='ltr'>λίγειν,</span> <span class='ocrx_word' id='word_1_25' title='bbox 1134 531 1282 599; x_wconf 83' lang='grc' dir='ltr'>λέγω</span> <span class='ocrx_word' id='word_1_26' title='bbox 1313 549 1329 565; x_wconf 88' lang='grc'><strong>·</strong></span> <span class='ocrx_word' id='word_1_27' title='bbox 1367 535 1464 587; x_wconf 76' lang='grc' dir='ltr'><strong>καὶ</strong></span> <span class='ocrx_word' id='word_1_28' title='bbox 1501 536 1586 589; x_wconf 86' lang='grc' dir='ltr'>ὅτι</span> <span class='ocrx_word' id='word_1_29' title='bbox 1633 539 2013 608; x_wconf 80' lang='grc' dir='ltr'>ἀπαραίτητον</span> 
     </span>
    </p>
   </div>
   <div class='ocr_carea' id='block_1_7' title="bbox 446 619 2014 699">
    <p class='ocr_par' dir='ltr' id='par_1_7' title="bbox 446 619 2014 699">
     <span class='ocr_line' id='line_1_7' title="bbox 446 619 2014 699; baseline 0.008 -29"><span class='ocrx_word' id='word_1_30' title='bbox 446 620 583 699; x_wconf 66' lang='grc' dir='ltr'>ῂμῐν</span> <span class='ocrx_word' id='word_1_31' title='bbox 611 620 770 686; x_wconf 81' lang='grc' dir='ltr'><strong>χρέος</strong></span> <span class='ocrx_word' id='word_1_32' title='bbox 816 619 878 672; x_wconf 79' lang='grc' dir='ltr'><strong>τὸ</strong></span> <span class='ocrx_word' id='word_1_33' title='bbox 930 621 1182 675; x_wconf 80' lang='grc' dir='ltr'><strong>σπεύδειν</strong></span> <span class='ocrx_word' id='word_1_34' title='bbox 1217 625 1437 691; x_wconf 75' lang='grc' dir='ltr'><strong>ἐνάγειν</strong></span> <span class='ocrx_word' id='word_1_35' title='bbox 1470 629 1595 691; x_wconf 80' lang='grc' dir='ltr'>τοὺς</span> <span class='ocrx_word' id='word_1_36' title='bbox 1626 629 1892 697; x_wconf 77' lang='grc' dir='ltr'>ἀδελφοὺς</span> <span class='ocrx_word' id='word_1_37' title='bbox 1934 632 2014 693; x_wconf 85' lang='grc' dir='ltr'><strong>είς</strong></span> 
     </span>
    </p>
   </div>
   <div class='ocr_carea' id='block_1_8' title="bbox 452 712 2014 791">
    <p class='ocr_par' dir='ltr' id='par_1_8' title="bbox 452 712 2014 791">
     <span class='ocr_line' id='line_1_8' title="bbox 452 712 2014 791; baseline 0.009 -31"><span class='ocrx_word' id='word_1_38' title='bbox 452 712 762 778; x_wconf 83' lang='grc' dir='ltr'>μετάνοιαν.</span> <span class='ocrx_word' id='word_1_39' title='bbox 829 712 895 766; x_wconf 85' lang='grc' dir='ltr'><strong>Ἦ</strong></span> <span class='ocrx_word' id='word_1_40' title='bbox 944 715 1208 784; x_wconf 86' lang='grc' dir='ltr'>μετάνοια</span> <span class='ocrx_word' id='word_1_41' title='bbox 1267 720 1374 786; x_wconf 76' lang='grc' dir='ltr'>γὰρ</span> <span class='ocrx_word' id='word_1_42' title='bbox 1435 718 1493 770; x_wconf 82' lang='grc' dir='ltr'>ἓν</span> <span class='ocrx_word' id='word_1_43' title='bbox 1540 720 1647 773; x_wconf 85' lang='grc' dir='ltr'>τῶν</span> <span class='ocrx_word' id='word_1_44' title='bbox 1696 723 2014 791; x_wconf 72' lang='grc' dir='ltr'><strong>μυστηρίων</strong></span> 
     </span>
    </p>
   </div>
   <div class='ocr_carea' id='block_1_9' title="bbox 447 800 2015 882">
    <p class='ocr_par' dir='ltr' id='par_1_9' title="bbox 447 800 2015 882">
     <span class='ocr_line' id='line_1_9' title="bbox 447 800 2015 882; baseline 0.01 -30"><span class='ocrx_word' id='word_1_45' title='bbox 447 800 565 853; x_wconf 87' lang='grc' dir='ltr'>ἐστί</span> <span class='ocrx_word' id='word_1_46' title='bbox 586 814 601 831; x_wconf 82' lang='grc'><strong>⁸</strong></span> <span class='ocrx_word' id='word_1_47' title='bbox 638 803 735 856; x_wconf 73' lang='grc' dir='ltr'>καὶ</span> <span class='ocrx_word' id='word_1_48' title='bbox 785 803 918 858; x_wconf 81' lang='grc' dir='ltr'>ῐδιον</span> <span class='ocrx_word' id='word_1_49' title='bbox 972 806 1292 862; x_wconf 85' lang='grc' dir='ltr'>ἐπισκόπων</span> <span class='ocrx_word' id='word_1_50' title='bbox 1326 810 1497 878; x_wconf 81' lang='grc' dir='ltr'>αὐτὴν</span> <span class='ocrx_word' id='word_1_51' title='bbox 1536 812 1780 882; x_wconf 76' lang='grc' dir='ltr'><strong>ἐνεργεῖν</strong></span> <span class='ocrx_word' id='word_1_52' title='bbox 1812 816 1871 867; x_wconf 82' lang='grc' dir='ltr'>ὲν</span> <span class='ocrx_word' id='word_1_53' title='bbox 1902 818 2015 878; x_wconf 84' lang='grc' dir='ltr'>τοῖς</span> 
     </span>
    </p>
   </div>
   <div class='ocr_carea' id='block_1_10' title="bbox 446 894 2011 971">
    <p class='ocr_par' dir='ltr' id='par_1_10' title="bbox 446 894 2011 971">
     <span class='ocr_line' id='line_1_10' title="bbox 446 894 2011 971; baseline 0.008 -25"><span class='ocrx_word' id='word_1_54' title='bbox 446 894 680 958; x_wconf 79' lang='grc' dir='ltr'>πιστοῖς.</span> <span class='ocrx_word' id='word_1_55' title='bbox 724 896 832 949; x_wconf 77' lang='grc' dir='ltr'><strong>Καὶ</strong></span> <span class='ocrx_word' id='word_1_56' title='bbox 858 896 1189 964; x_wconf 80' lang='grc' dir='ltr'><strong>ἀγωνιστέον</strong></span> <span class='ocrx_word' id='word_1_57' title='bbox 1223 901 1359 971; x_wconf 73' lang='grc' dir='ltr'>πρὸς</span> <span class='ocrx_word' id='word_1_58' title='bbox 1381 902 1560 955; x_wconf 77' lang='grc' dir='ltr'>τοῦτο·</span> <span class='ocrx_word' id='word_1_59' title='bbox 1605 904 1702 957; x_wconf 81' lang='grc' dir='ltr'><strong>σὺν</strong></span> <span class='ocrx_word' id='word_1_60' title='bbox 1732 908 1843 969; x_wconf 78' lang='grc' dir='ltr'>τοῖς</span> <span class='ocrx_word' id='word_1_61' title='bbox 1890 907 2011 957; x_wconf 87' lang='grc' dir='ltr'>ἐπι-</span> 
     </span>
    </p>
   </div>
   <div class='ocr_carea' id='block_1_11' title="bbox 448 985 2015 1069">
    <p class='ocr_par' dir='ltr' id='par_1_11' title="bbox 448 985 2015 1069">
     <span class='ocr_line' id='line_1_11' title="bbox 448 985 2015 1069; baseline 0.008 -33"><span class='ocrx_word' id='word_1_62' title='bbox 448 985 672 1049; x_wconf 81' lang='grc' dir='ltr'>σκόποις</span> <span class='ocrx_word' id='word_1_63' title='bbox 704 986 761 1040; x_wconf 83' lang='grc' dir='ltr'>δὲ</span> <span class='ocrx_word' id='word_1_64' title='bbox 786 990 883 1040; x_wconf 71' lang='grc' dir='ltr'><strong>καὶ</strong></span> <span class='ocrx_word' id='word_1_65' title='bbox 913 990 963 1041; x_wconf 80' lang='grc' dir='ltr'>οἱ</span> <span class='ocrx_word' id='word_1_66' title='bbox 1006 992 1065 1042; x_wconf 87' lang='grc' dir='ltr'><strong>τὸ</strong></span> <span class='ocrx_word' id='word_1_67' title='bbox 1090 990 1467 1069; x_wconf 43' lang='grc' dir='ltr'>λειτούργημα</span> <span class='ocrx_word' id='word_1_68' title='bbox 1495 994 1756 1058; x_wconf 69' lang='grc' dir='ltr'>λαϐόντες</span> <span class='ocrx_word' id='word_1_69' title='bbox 1783 999 1845 1048; x_wconf 83' lang='grc' dir='ltr'><strong>ἐκ</strong></span> <span class='ocrx_word' id='word_1_70' title='bbox 1881 991 2015 1063; x_wconf 79' lang='grc' dir='ltr'>προ-</span> 
     </span>
    </p>
   </div>
   <div class='ocr_carea' id='block_1_12' title="bbox 446 1078 2015 1155">
    <p class='ocr_par' dir='ltr' id='par_1_12' title="bbox 446 1078 2015 1155">
     <span class='ocr_line' id='line_1_12' title="bbox 446 1078 2015 1155; baseline 0.016 -31"><span class='ocrx_word' id='word_1_71' title='bbox 446 1078 660 1147; x_wconf 64' lang='grc' dir='ltr'>τρωπῆς</span> <span class='ocrx_word' id='word_1_72' title='bbox 690 1079 1168 1143; x_wconf 77' lang='grc' dir='ltr'>σπουδαζέτωσαν·</span> <span class='ocrx_word' id='word_1_73' title='bbox 1202 1085 1297 1135; x_wconf 80' lang='grc' dir='ltr'>καὶ</span> <span class='ocrx_word' id='word_1_74' title='bbox 1353 1086 1429 1152; x_wconf 75' lang='grc' dir='ltr'>μὴ</span> <span class='ocrx_word' id='word_1_75' title='bbox 1473 1085 1608 1155; x_wconf 69' lang='grc' dir='ltr'>πρὸς</span> <span class='ocrx_word' id='word_1_76' title='bbox 1658 1085 1847 1155; x_wconf 73' lang='grc' dir='ltr'>κέρδος</span> <span class='ocrx_word' id='word_1_77' title='bbox 1882 1103 2015 1152; x_wconf 60' lang='grc' dir='ltr'><strong>σας·</strong></span> 
     </span>
    </p>
   </div>
   <div class='ocr_carea' id='block_1_13' title="bbox 445 1168 2012 1245">
    <p class='ocr_par' dir='ltr' id='par_1_13' title="bbox 445 1168 2012 1245">
     <span class='ocr_line' id='line_1_13' title="bbox 445 1168 2012 1245; baseline 0.005 -26"><span class='ocrx_word' id='word_1_78' title='bbox 445 1168 560 1231; x_wconf 84' lang='grc' dir='ltr'>κὸς,</span> <span class='ocrx_word' id='word_1_79' title='bbox 597 1168 627 1221; x_wconf 83' lang='grc' dir='ltr'><strong>δ</strong></span> <span class='ocrx_word' id='word_1_80' title='bbox 650 1168 713 1237; x_wconf 82' lang='grc' dir='ltr'>δὴ</span> <span class='ocrx_word' id='word_1_81' title='bbox 745 1169 920 1239; x_wconf 82' lang='grc' dir='ltr'>ζημία</span> <span class='ocrx_word' id='word_1_82' title='bbox 955 1172 1093 1232; x_wconf 77' lang='grc' dir='ltr'>ἐστὶ.</span> <span class='ocrx_word' id='word_1_83' title='bbox 1125 1173 1221 1226; x_wconf 75' lang='grc' dir='ltr'>καὶ</span> <span class='ocrx_word' id='word_1_84' title='bbox 1261 1175 1293 1243; x_wconf 75' lang='grc' dir='ltr'>ἡ</span> <span class='ocrx_word' id='word_1_85' title='bbox 1343 1173 1514 1236; x_wconf 78' lang='grc' dir='ltr'>ὅντως</span> <span class='ocrx_word' id='word_1_86' title='bbox 1542 1174 1738 1242; x_wconf 81' lang='grc' dir='ltr'>ζημία,</span> <span class='ocrx_word' id='word_1_87' title='bbox 1761 1178 1902 1239; x_wconf 81' lang='grc' dir='ltr'>τινὲς</span> <span class='ocrx_word' id='word_1_88' title='bbox 1932 1177 2012 1245; x_wconf 76' lang='grc' dir='ltr'>(οὐ</span> 
     </span>
    </p>
   </div>
   <div class='ocr_carea' id='block_1_14' title="bbox 445 1258 2011 1340">
    <p class='ocr_par' dir='ltr' id='par_1_14' title="bbox 445 1258 2011 1340">
     <span class='ocr_line' id='line_1_14' title="bbox 445 1258 2011 1340; baseline 0.009 -31"><span class='ocrx_word' id='word_1_89' title='bbox 445 1258 554 1328; x_wconf 77' lang='grc' dir='ltr'>γὰρ</span> <span class='ocrx_word' id='word_1_90' title='bbox 611 1260 819 1323; x_wconf 84' lang='grc' dir='ltr'><strong>πάντας</strong></span> <span class='ocrx_word' id='word_1_91' title='bbox 860 1263 1023 1331; x_wconf 71' lang='grc' dir='ltr'>φημὶ,</span> <span class='ocrx_word' id='word_1_92' title='bbox 1057 1262 1134 1326; x_wconf 83' lang='grc' dir='ltr'>ὠς</span> <span class='ocrx_word' id='word_1_93' title='bbox 1202 1264 1313 1317; x_wconf 83' lang='grc' dir='ltr'>οὐδ’</span> <span class='ocrx_word' id='word_1_94' title='bbox 1362 1267 1693 1331; x_wconf 68' lang='grc' dir='ltr'>ἐπισκόπους</span> <span class='ocrx_word' id='word_1_95' title='bbox 1747 1268 2011 1340; x_wconf 73' lang='grc' dir='ltr'>ἅπαντας)</span> 
     </span>
    </p>
   </div>
   <div class='ocr_carea' id='block_1_15' title="bbox 448 1350 2014 1427">
    <p class='ocr_par' dir='ltr' id='par_1_15' title="bbox 448 1350 2014 1427">
     <span class='ocr_line' id='line_1_15' title="bbox 448 1350 2014 1427; baseline 0.008 -25"><span class='ocrx_word' id='word_1_96' title='bbox 448 1350 829 1421; x_wconf 72' lang='grc' dir='ltr'>ἀφοράτωσαν·</span> <span class='ocrx_word' id='word_1_97' title='bbox 866 1354 1004 1423; x_wconf 79' lang='grc' dir='ltr'>μηδὲ</span> <span class='ocrx_word' id='word_1_98' title='bbox 1037 1357 1187 1424; x_wconf 79' lang='grc' dir='ltr'>παρὰ</span> <span class='ocrx_word' id='word_1_99' title='bbox 1217 1356 1342 1419; x_wconf 76' lang='grc' dir='ltr'>τοὺς</span> <span class='ocrx_word' id='word_1_100' title='bbox 1387 1361 1620 1420; x_wconf 72' lang='grc' dir='ltr'>κανόνας</span> <span class='ocrx_word' id='word_1_101' title='bbox 1658 1361 2014 1427; x_wconf 64' lang='grc' dir='ltr'>διακρινέτωι</span> 
     </span>
    </p>
   </div>
   <div class='ocr_carea' id='block_1_16' title="bbox 451 1442 2013 1518">
    <p class='ocr_par' dir='ltr' id='par_1_16' title="bbox 451 1442 2013 1518">
     <span class='ocr_line' id='line_1_16' title="bbox 451 1442 2013 1518; baseline 0.007 -26"><span class='ocrx_word' id='word_1_102' title='bbox 451 1456 574 1503; x_wconf 86' lang='grc' dir='ltr'>σαν,</span> <span class='ocrx_word' id='word_1_103' title='bbox 613 1442 700 1494; x_wconf 74' lang='grc' dir='ltr'>ἵνα</span> <span class='ocrx_word' id='word_1_104' title='bbox 733 1443 810 1512; x_wconf 85' lang='grc' dir='ltr'>μὴ</span> <span class='ocrx_word' id='word_1_105' title='bbox 843 1445 922 1507; x_wconf 84' lang='grc' dir='ltr'><strong>είς</strong></span> <span class='ocrx_word' id='word_1_106' title='bbox 972 1446 1163 1499; x_wconf 81' lang='grc' dir='ltr'>ἑαυτὸν</span> <span class='ocrx_word' id='word_1_107' title='bbox 1198 1449 1225 1500; x_wconf 88' lang='grc' dir='ltr'>ὀ</span> <span class='ocrx_word' id='word_1_108' title='bbox 1274 1447 1517 1516; x_wconf 79' lang='grc' dir='ltr'>ἐνεργῶν</span> <span class='ocrx_word' id='word_1_109' title='bbox 1559 1453 1708 1518; x_wconf 71' lang='grc' dir='ltr'>παρὰ</span> <span class='ocrx_word' id='word_1_110' title='bbox 1743 1453 1866 1515; x_wconf 78' lang='grc' dir='ltr'>τοὺς</span> <span class='ocrx_word' id='word_1_111' title='bbox 1913 1470 2013 1503; x_wconf 79' lang='grc' dir='ltr'>κα-</span> 
     </span>
    </p>
   </div>
   <div class='ocr_carea' id='block_1_17' title="bbox 446 1532 2014 1610">
    <p class='ocr_par' dir='ltr' id='par_1_17' title="bbox 446 1532 2014 1610">
     <span class='ocr_line' id='line_1_17' title="bbox 446 1532 2014 1610; baseline 0.006 -26"><span class='ocrx_word' id='word_1_112' title='bbox 446 1532 601 1596; x_wconf 84' lang='grc' dir='ltr'>νόνας</span> <span class='ocrx_word' id='word_1_113' title='bbox 631 1533 731 1598; x_wconf 85' lang='grc' dir='ltr'>τὰς</span> <span class='ocrx_word' id='word_1_114' title='bbox 790 1535 1068 1605; x_wconf 80' lang='grc' dir='ltr'>ἁμαρτίας</span> <span class='ocrx_word' id='word_1_115' title='bbox 1107 1538 1294 1607; x_wconf 81' lang='grc' dir='ltr'>ἐτέρου</span> <span class='ocrx_word' id='word_1_116' title='bbox 1330 1540 1713 1607; x_wconf 77' lang='grc' dir='ltr'>ἐπισπώμενος</span> <span class='ocrx_word' id='word_1_117' title='bbox 1752 1542 1858 1610; x_wconf 84' lang='grc' dir='ltr'>είη.</span> <span class='ocrx_word' id='word_1_118' title='bbox 1903 1542 2014 1604; x_wconf 77' lang='grc' dir='ltr'>Πᾶς</span> 
     </span>
    </p>
   </div>
   <div class='ocr_carea' id='block_1_18' title="bbox 446 1618 2016 1701">
    <p class='ocr_par' dir='ltr' id='par_1_18' title="bbox 446 1618 2016 1701">
     <span class='ocr_line' id='line_1_18' title="bbox 446 1618 2016 1701; baseline 0.007 -26"><span class='ocrx_word' id='word_1_119' title='bbox 446 1618 540 1676; x_wconf 81' lang='grc' dir='ltr'><strong>οὖν</strong></span> <span class='ocrx_word' id='word_1_120' title='bbox 570 1626 708 1692; x_wconf 82' lang='grc' dir='ltr'>μήτε</span> <span class='ocrx_word' id='word_1_121' title='bbox 740 1627 1132 1698; x_wconf 77' lang='grc' dir='ltr'>ἀκριϐέστερον</span> <span class='ocrx_word' id='word_1_122' title='bbox 1172 1629 1282 1682; x_wconf 84' lang='grc' dir='ltr'>τῶν</span> <span class='ocrx_word' id='word_1_123' title='bbox 1329 1633 1585 1701; x_wconf 82' lang='grc' dir='ltr'>Πατέρων</span> <span class='ocrx_word' id='word_1_124' title='bbox 1623 1634 1840 1697; x_wconf 72' lang='grc' dir='ltr'>ἑαυτὸν,</span> <span class='ocrx_word' id='word_1_125' title='bbox 1880 1635 2016 1686; x_wconf 80' lang='grc' dir='ltr'>πλα-</span> 
     </span>
    </p>
   </div>
   <div class='ocr_carea' id='block_1_19' title="bbox 445 1714 2015 1792">
    <p class='ocr_par' dir='ltr' id='par_1_19' title="bbox 445 1714 2015 1792">
     <span class='ocr_line' id='line_1_19' title="bbox 445 1714 2015 1792; baseline 0.007 -25"><span class='ocrx_word' id='word_1_126' title='bbox 445 1714 730 1784; x_wconf 81' lang='grc' dir='ltr'>νώμενος,</span> <span class='ocrx_word' id='word_1_127' title='bbox 790 1720 1080 1787; x_wconf 79' lang='grc' dir='ltr'><strong>νομιζέτω,</strong></span> <span class='ocrx_word' id='word_1_128' title='bbox 1139 1723 1223 1784; x_wconf 90' lang='grc' dir='ltr'><strong>τίς</strong></span> <span class='ocrx_word' id='word_1_129' title='bbox 1276 1721 1386 1792; x_wconf 84' lang='grc' dir='ltr'>γὰρ</span> <span class='ocrx_word' id='word_1_130' title='bbox 1440 1726 1664 1777; x_wconf 77' lang='grc' dir='ltr'>ἐκείνων</span> <span class='ocrx_word' id='word_1_131' title='bbox 1740 1726 1877 1792; x_wconf 65' lang='grc' dir='ltr'>προς</span> <span class='ocrx_word' id='word_1_132' title='bbox 1948 1728 2015 1778; x_wconf 78' lang='grc' dir='ltr'>τὰ</span> 
     </span>
    </p>
   </div>
   <div class='ocr_carea' id='block_1_20' title="bbox 402 1781 2092 1883">
    <p class='ocr_par' dir='ltr' id='par_1_20' title="bbox 402 1781 2092 1883">
     <span class='ocr_line' id='line_1_20' title="bbox 402 1781 2092 1883; baseline 0.005 -26"><span class='ocrx_word' id='word_1_133' title='bbox 402 1856 411 1865; x_wconf 85' lang='grc'><strong>,</strong></span> <span class='ocrx_word' id='word_1_134' title='bbox 446 1781 672 1859; x_wconf 78' lang='grc' dir='ltr'>τοιαῦτα</span> <span class='ocrx_word' id='word_1_135' title='bbox 737 1781 1026 1879; x_wconf 62' lang='grc' dir='ltr'>ἁγνάτερος</span> <span class='ocrx_word' id='word_1_136' title='bbox 1064 1781 1510 1882; x_wconf 29' lang='grc' dir='ltr'><strong>⁷καὶ-’προσοχὴν</strong></span> <span class='ocrx_word' id='word_1_137' title='bbox 1548 1815 1746 1881; x_wconf 69' lang='grc' dir='ltr'>μᾶλλον</span> <span class='ocrx_word' id='word_1_138' title='bbox 1789 1781 1937 1883; x_wconf 42' lang='grc' dir='ltr'>’ἔχων</span> <span class='ocrx_word' id='word_1_139' title='bbox 1985 1814 2017 1883; x_wconf 81' lang='grc' dir='ltr'>ἦ</span> <span class='ocrx_word' id='word_1_140' title='bbox 2053 1781 2092 1834; x_wconf 77' lang='grc' dir='ltr'><strong><em>Β</em></strong></span> 
     </span>
    </p>
   </div>
   <div class='ocr_carea' id='block_1_21' title="bbox 447 1898 2021 1972">
    <p class='ocr_par' dir='ltr' id='par_1_21' title="bbox 447 1898 2021 1972">
     <span class='ocr_line' id='line_1_21' title="bbox 447 1898 2021 1972; baseline 0.004 -22"><span class='ocrx_word' id='word_1_141' title='bbox 447 1898 870 1969; x_wconf 82' lang='grc' dir='ltr'>καθαρώτερος;</span> <span class='ocrx_word' id='word_1_142' title='bbox 922 1904 1060 1970; x_wconf 82' lang='grc' dir='ltr'>μήτε</span> <span class='ocrx_word' id='word_1_143' title='bbox 1111 1903 1561 1972; x_wconf 79' lang='grc' dir='ltr'>συμπαθέστερος</span> <span class='ocrx_word' id='word_1_144' title='bbox 1611 1905 1817 1957; x_wconf 70' lang='grc' dir='ltr'>τούτων</span> <span class='ocrx_word' id='word_1_145' title='bbox 1858 1905 2021 1957; x_wconf 82' lang='grc' dir='ltr'>πάλιν</span> 
     </span>
    </p>
   </div>
   <div class='ocr_carea' id='block_1_22' title="bbox 445 1984 2016 2061">
    <p class='ocr_par' dir='ltr' id='par_1_22' title="bbox 445 1984 2016 2061">
     <span class='ocr_line' id='line_1_22' title="bbox 445 1984 2016 2061; baseline 0.004 -21"><span class='ocrx_word' id='word_1_146' title='bbox 445 1988 670 2043; x_wconf 76' lang='grc' dir='ltr'><strong>δοκείτω</strong></span> <span class='ocrx_word' id='word_1_147' title='bbox 690 1984 830 2042; x_wconf 74' lang='grc' dir='ltr'>εἶναι</span> <span class='ocrx_word' id='word_1_148' title='bbox 868 1991 1309 2060; x_wconf 77' lang='grc' dir='ltr'>ἐξαπατώμενος,</span> <span class='ocrx_word' id='word_1_149' title='bbox 1342 1996 1623 2061; x_wconf 76' lang='grc' dir='ltr'>ἀνειμένος</span> <span class='ocrx_word' id='word_1_150' title='bbox 1654 1994 1730 2047; x_wconf 83' lang='grc' dir='ltr'>ὣν</span> <span class='ocrx_word' id='word_1_151' title='bbox 1763 2000 1856 2048; x_wconf 66' lang='grc' dir='ltr'><strong>κτὶ</strong></span> <span class='ocrx_word' id='word_1_152' title='bbox 1886 2012 2016 2061; x_wconf 79' lang='grc' dir='ltr'>συγο</span> 
     </span>
    </p>
   </div>
   <div class='ocr_carea' id='block_1_23' title="bbox 446 2081 2020 2150">
    <p class='ocr_par' dir='ltr' id='par_1_23' title="bbox 446 2081 2020 2150">
     <span class='ocr_line' id='line_1_23' title="bbox 446 2081 2020 2150; baseline 0.003 -19"><span class='ocrx_word' id='word_1_153' title='bbox 446 2081 803 2133; x_wconf 72' lang='grc' dir='ltr'>καταπίπτων</span> <span class='ocrx_word' id='word_1_154' title='bbox 839 2083 1052 2150; x_wconf 64' lang='grc' dir='ltr'>ἀλόγως</span> <span class='ocrx_word' id='word_1_155' title='bbox 1086 2086 1198 2145; x_wconf 81' lang='grc' dir='ltr'>τοῖς</span> <span class='ocrx_word' id='word_1_156' title='bbox 1244 2085 1560 2138; x_wconf 78' lang='grc' dir='ltr'>πίπτουσιν.</span> <span class='ocrx_word' id='word_1_157' title='bbox 1605 2087 1774 2139; x_wconf 70' lang='grc' dir='ltr'>Ἀλλά</span> <span class='ocrx_word' id='word_1_158' title='bbox 1815 2088 1907 2138; x_wconf 79' lang='grc' dir='ltr'><strong>καὶ</strong></span> <span class='ocrx_word' id='word_1_159' title='bbox 1936 2088 2020 2149; x_wconf 79' lang='grc' dir='ltr'><strong>τίς</strong></span> 
     </span>
    </p>
   </div>
   <div class='ocr_carea' id='block_1_24' title="bbox 447 2171 2017 2245">
    <p class='ocr_par' dir='ltr' id='par_1_24' title="bbox 447 2171 2017 2245">
     <span class='ocr_line' id='line_1_24' title="bbox 447 2171 2017 2245; baseline 0.006 -23"><span class='ocrx_word' id='word_1_160' title='bbox 447 2172 766 2238; x_wconf 78' lang='grc' dir='ltr'>τολμητίας,</span> <span class='ocrx_word' id='word_1_161' title='bbox 801 2171 944 2226; x_wconf 70' lang='grc' dir='ltr'>ὥστε</span> <span class='ocrx_word' id='word_1_162' title='bbox 993 2176 1271 2243; x_wconf 75' lang='grc' dir='ltr'>θαρρῆσαι</span> <span class='ocrx_word' id='word_1_163' title='bbox 1301 2177 1410 2227; x_wconf 78' lang='grc' dir='ltr'><strong>τῶν</strong></span> <span class='ocrx_word' id='word_1_164' title='bbox 1445 2178 1707 2244; x_wconf 70' lang='grc' dir='ltr'>Πατέροον</span> <span class='ocrx_word' id='word_1_165' title='bbox 1740 2176 1880 2231; x_wconf 69' lang='grc' dir='ltr'>εἶναι</span> <span class='ocrx_word' id='word_1_166' title='bbox 1924 2197 2017 2245; x_wconf 86' lang='grc' dir='ltr'>φι-</span> 
     </span>
    </p>
   </div>
   <div class='ocr_carea' id='block_1_25' title="bbox 447 2262 2018 2338">
    <p class='ocr_par' dir='ltr' id='par_1_25' title="bbox 447 2262 2018 2338">
     <span class='ocr_line' id='line_1_25' title="bbox 447 2262 2018 2338; baseline 0.006 -24"><span class='ocrx_word' id='word_1_167' title='bbox 447 2262 933 2333; x_wconf 81' lang='grc' dir='ltr'>λανθρ‹ι›πότερος;</span> <span class='ocrx_word' id='word_1_168' title='bbox 978 2267 1151 2319; x_wconf 79' lang='grc' dir='ltr'>Πόθεν</span> <span class='ocrx_word' id='word_1_169' title='bbox 1186 2269 1241 2319; x_wconf 84' lang='grc' dir='ltr'><strong>δὲ</strong></span> <span class='ocrx_word' id='word_1_170' title='bbox 1293 2269 1386 2320; x_wconf 73' lang='grc' dir='ltr'>καὶ</span> <span class='ocrx_word' id='word_1_171' title='bbox 1440 2270 1536 2336; x_wconf 76' lang='grc' dir='ltr'><strong>τὴν</strong></span> <span class='ocrx_word' id='word_1_172' title='bbox 1567 2271 1814 2333; x_wconf 77' lang='grc' dir='ltr'>ἐξουσίαν</span> <span class='ocrx_word' id='word_1_173' title='bbox 1869 2273 2018 2338; x_wconf 75' lang='grc' dir='ltr'>ἔξει,</span> 
     </span>
    </p>
   </div>
   <div class='ocr_carea' id='block_1_26' title="bbox 451 2355 2020 2430">
    <p class='ocr_par' dir='ltr' id='par_1_26' title="bbox 451 2355 2020 2430">
     <span class='ocr_line' id='line_1_26' title="bbox 451 2355 2020 2430; baseline 0.005 -25"><span class='ocrx_word' id='word_1_174' title='bbox 451 2355 612 2425; x_wconf 80' lang='grc' dir='ltr'>εῐπερ</span> <span class='ocrx_word' id='word_1_175' title='bbox 645 2358 842 2418; x_wconf 82' lang='grc' dir='ltr'>αὐτοὺς</span> <span class='ocrx_word' id='word_1_176' title='bbox 879 2357 1107 2421; x_wconf 82' lang='grc' dir='ltr'>ἀθετεῖ,</span> <span class='ocrx_word' id='word_1_177' title='bbox 1141 2359 1236 2411; x_wconf 77' lang='grc' dir='ltr'>καὶ</span> <span class='ocrx_word' id='word_1_178' title='bbox 1269 2361 1421 2426; x_wconf 85' lang='grc' dir='ltr'><strong>παρά</strong></span> <span class='ocrx_word' id='word_1_179' title='bbox 1449 2363 1576 2421; x_wconf 79' lang='grc' dir='ltr'>τοὺς</span> <span class='ocrx_word' id='word_1_180' title='bbox 1605 2362 1764 2430; x_wconf 79' lang='grc' dir='ltr'>ὅρους</span> <span class='ocrx_word' id='word_1_181' title='bbox 1795 2365 2020 2415; x_wconf 75' lang='grc' dir='ltr'>ἐκείνων</span> 
     </span>
    </p>
   </div>
   <div class='ocr_carea' id='block_1_27' title="bbox 450 2446 2021 2521">
    <p class='ocr_par' dir='ltr' id='par_1_27' title="bbox 450 2446 2021 2521">
     <span class='ocr_line' id='line_1_27' title="bbox 450 2446 2021 2521; baseline 0.004 -25"><span class='ocrx_word' id='word_1_182' title='bbox 450 2446 723 2515; x_wconf 74' lang='grc' dir='ltr'>πράττει;</span> <span class='ocrx_word' id='word_1_183' title='bbox 775 2449 1003 2509; x_wconf 81' lang='grc' dir='ltr'>Πάντως</span> <span class='ocrx_word' id='word_1_184' title='bbox 1068 2450 1160 2513; x_wconf 71' lang='grc' dir='ltr'><strong>ἀφ’</strong></span> <span class='ocrx_word' id='word_1_185' title='bbox 1219 2449 1416 2501; x_wconf 78' lang='grc' dir='ltr'>ἐαυτοῦ</span> <span class='ocrx_word' id='word_1_186' title='bbox 1474 2451 1712 2516; x_wconf 71' lang='grc' dir='ltr'>ποιήσει.</span> <span class='ocrx_word' id='word_1_187' title='bbox 1774 2452 1869 2503; x_wconf 70' lang='grc' dir='ltr'><strong>καὶ</strong></span> <span class='ocrx_word' id='word_1_188' title='bbox 1926 2454 2021 2521; x_wconf 72' lang='grc' dir='ltr'>οὐχ</span> 
     </span>
    </p>
   </div>
   <div class='ocr_carea' id='block_1_28' title="bbox 449 2533 2023 2604">
    <p class='ocr_par' dir='ltr' id='par_1_28' title="bbox 449 2533 2023 2604">
     <span class='ocr_line' id='line_1_28' title="bbox 449 2533 2023 2604; baseline 0.003 -20"><span class='ocrx_word' id='word_1_189' title='bbox 449 2533 562 2596; x_wconf 67' lang='grc' dir='ltr'>ἔξει</span> <span class='ocrx_word' id='word_1_190' title='bbox 590 2535 651 2585; x_wconf 78' lang='grc' dir='ltr'>τὸ</span> <span class='ocrx_word' id='word_1_191' title='bbox 688 2535 929 2600; x_wconf 80' lang='grc' dir='ltr'>ἀσφαλὲς</span> <span class='ocrx_word' id='word_1_192' title='bbox 959 2535 1020 2585; x_wconf 76' lang='grc' dir='ltr'>τὸ</span> <span class='ocrx_word' id='word_1_193' title='bbox 1056 2534 1315 2601; x_wconf 70' lang='grc' dir='ltr'>πραχθέν·</span> <span class='ocrx_word' id='word_1_194' title='bbox 1349 2537 1409 2587; x_wconf 84' lang='grc' dir='ltr'><strong>οὑ</strong></span> <span class='ocrx_word' id='word_1_195' title='bbox 1465 2538 1572 2602; x_wconf 73' lang='grc' dir='ltr'>γὰρ</span> <span class='ocrx_word' id='word_1_196' title='bbox 1608 2540 1669 2588; x_wconf 77' lang='grc' dir='ltr'><strong>ἐκ</strong></span> <span class='ocrx_word' id='word_1_197' title='bbox 1715 2542 1811 2604; x_wconf 82' lang='grc' dir='ltr'>τῆς</span> <span class='ocrx_word' id='word_1_198' title='bbox 1853 2540 2023 2591; x_wconf 83' lang='grc' dir='ltr'>διαδο-</span> 
     </span>
    </p>
   </div>
   <div class='ocr_carea' id='block_1_29' title="bbox 451 2624 2022 2694">
    <p class='ocr_par' dir='ltr' id='par_1_29' title="bbox 451 2624 2022 2694">
     <span class='ocr_line' id='line_1_29' title="bbox 451 2624 2022 2694; baseline 0.003 -19"><span class='ocrx_word' id='word_1_199' title='bbox 451 2625 554 2693; x_wconf 76' lang='grc' dir='ltr'>χῆς</span> <span class='ocrx_word' id='word_1_200' title='bbox 601 2624 709 2676; x_wconf 85' lang='grc' dir='ltr'>τῶν</span> <span class='ocrx_word' id='word_1_201' title='bbox 764 2625 1045 2694; x_wconf 80' lang='grc' dir='ltr'>Πατὲρων.</span> <span class='ocrx_word' id='word_1_202' title='bbox 1095 2626 1292 2678; x_wconf 86' lang='grc' dir='ltr'>Τοίνυν</span> <span class='ocrx_word' id='word_1_203' title='bbox 1341 2626 1730 2691; x_wconf 74' lang='grc' dir='ltr'>ἀσφαλιζέσοω</span> <span class='ocrx_word' id='word_1_204' title='bbox 1795 2628 2022 2691; x_wconf 74' lang='grc' dir='ltr'>ἕκαστος</span> 
     </span>
    </p>
   </div>
   <div class='ocr_carea' id='block_1_30' title="bbox 459 2715 2023 2786">
    <p class='ocr_par' dir='ltr' id='par_1_30' title="bbox 459 2715 2023 2786">
     <span class='ocr_line' id='line_1_30' title="bbox 459 2715 2023 2786; baseline 0.003 -19"><span class='ocrx_word' id='word_1_205' title='bbox 459 2715 628 2784; x_wconf 77' lang='grc' dir='ltr'>μηδὲν</span> <span class='ocrx_word' id='word_1_206' title='bbox 657 2715 901 2782; x_wconf 85' lang='grc' dir='ltr'>ἐνεργεῖν</span> <span class='ocrx_word' id='word_1_207' title='bbox 948 2715 1101 2784; x_wconf 86' lang='grc' dir='ltr'>παρὰ</span> <span class='ocrx_word' id='word_1_208' title='bbox 1136 2718 1263 2779; x_wconf 81' lang='grc' dir='ltr'>τοὺς</span> <span class='ocrx_word' id='word_1_209' title='bbox 1314 2718 1471 2786; x_wconf 76' lang='grc' dir='ltr'>ὅρους</span> <span class='ocrx_word' id='word_1_210' title='bbox 1508 2719 1604 2771; x_wconf 81' lang='grc' dir='ltr'>καὶ</span> <span class='ocrx_word' id='word_1_211' title='bbox 1635 2720 1760 2782; x_wconf 82' lang='grc' dir='ltr'>τοὺς</span> <span class='ocrx_word' id='word_1_212' title='bbox 1792 2721 2023 2781; x_wconf 76' lang='grc' dir='ltr'>κανόνας</span> 
     </span>
    </p>
   </div>
   <div class='ocr_carea' id='block_1_31' title="bbox 454 2804 2027 2878">
    <p class='ocr_par' dir='ltr' id='par_1_31' title="bbox 454 2804 2027 2878">
     <span class='ocr_line' id='line_1_31' title="bbox 454 2804 2027 2878; baseline 0.003 -20"><span class='ocrx_word' id='word_1_213' title='bbox 454 2808 580 2870; x_wconf 76' lang='grc' dir='ltr'>τοὺς</span> <span class='ocrx_word' id='word_1_214' title='bbox 620 2806 941 2874; x_wconf 82' lang='grc' dir='ltr'>πατρικούς.</span> <span class='ocrx_word' id='word_1_215' title='bbox 974 2808 1131 2874; x_wconf 86' lang='grc' dir='ltr'><strong>Παρά</strong></span> <span class='ocrx_word' id='word_1_216' title='bbox 1161 2809 1434 2878; x_wconf 70' lang='grc' dir='ltr'>διαφόρων</span> <span class='ocrx_word' id='word_1_217' title='bbox 1470 2809 1526 2861; x_wconf 83' lang='grc' dir='ltr'>δὲ</span> <span class='ocrx_word' id='word_1_218' title='bbox 1572 2804 1718 2863; x_wconf 75' lang='grc' dir='ltr'>οὗτοι</span> <span class='ocrx_word' id='word_1_219' title='bbox 1767 2812 1878 2863; x_wconf 85' lang='grc' dir='ltr'>τῶν</span> <span class='ocrx_word' id='word_1_220' title='bbox 1910 2812 2027 2863; x_wconf 88' lang='grc' dir='ltr'>θεο-</span> 
     </span>
    </p>
   </div>
   <div class='ocr_carea' id='block_1_32' title="bbox 456 2897 2023 2967">
    <p class='ocr_par' dir='ltr' id='par_1_32' title="bbox 456 2897 2023 2967">
     <span class='ocr_line' id='line_1_32' title="bbox 456 2897 2023 2967; baseline 0.003 -18"><span class='ocrx_word' id='word_1_221' title='bbox 456 2897 657 2967; x_wconf 74' lang='grc' dir='ltr'>φόρων,</span> <span class='ocrx_word' id='word_1_222' title='bbox 691 2899 785 2949; x_wconf 71' lang='grc' dir='ltr'><strong>καὶ</strong></span> <span class='ocrx_word' id='word_1_223' title='bbox 821 2898 996 2950; x_wconf 78' lang='grc' dir='ltr'>ίκανοὶ</span> <span class='ocrx_word' id='word_1_224' title='bbox 1045 2897 1122 2961; x_wconf 85' lang='grc' dir='ltr'><strong>ὡς</strong></span> <span class='ocrx_word' id='word_1_225' title='bbox 1165 2899 1445 2966; x_wconf 69' lang='grc' dir='ltr'>Πνεῦματι</span> <span class='ocrx_word' id='word_1_226' title='bbox 1499 2900 1851 2963; x_wconf 77' lang='grc' dir='ltr'>συντεθέντες</span> <span class='ocrx_word' id='word_1_227' title='bbox 1881 2940 1896 2966; x_wconf 90' lang='grc'><strong>,</strong></span> <span class='ocrx_word' id='word_1_228' title='bbox 1929 2903 2023 2955; x_wconf 76' lang='grc' dir='ltr'><strong>καὶ</strong></span> 
     </span>
    </p>
   </div>
   <div class='ocr_carea' id='block_1_33' title="bbox 457 2985 2025 3058">
    <p class='ocr_par' dir='ltr' id='par_1_33' title="bbox 457 2985 2025 3058">
     <span class='ocr_line' id='line_1_33' title="bbox 457 2985 2025 3058; baseline 0.004 -21"><span class='ocrx_word' id='word_1_229' title='bbox 457 2987 585 3055; x_wconf 79' lang='grc' dir='ltr'>περὶ</span> <span class='ocrx_word' id='word_1_230' title='bbox 616 2986 815 3049; x_wconf 78' lang='grc' dir='ltr'>παντὸς</span> <span class='ocrx_word' id='word_1_231' title='bbox 859 2985 1068 3049; x_wconf 83' lang='grc' dir='ltr'>πάθους</span> <span class='ocrx_word' id='word_1_232' title='bbox 1112 2986 1520 3057; x_wconf 87' lang='grc' dir='ltr'>ίατρικώτατοι,</span> <span class='ocrx_word' id='word_1_233' title='bbox 1564 2991 1660 3043; x_wconf 81' lang='grc' dir='ltr'>καὶ</span> <span class='ocrx_word' id='word_1_234' title='bbox 1697 2992 2025 3058; x_wconf 87' lang='grc' dir='ltr'>θεραπευτι-</span> 
     </span>
    </p>
   </div>
   <div class='ocr_carea' id='block_1_34' title="bbox 2119 541 3692 611">
    <p class='ocr_par' dir='ltr' id='par_1_34' title="bbox 2119 541 3692 611">
     <span class='ocr_line' id='line_1_34' title="bbox 2119 541 3692 611; baseline 0 -16"><span class='ocrx_word' id='word_1_235' title='bbox 2119 550 2267 595; x_wconf 89' lang='lat' dir='ltr'><strong>ctum</strong></span> <span class='ocrx_word' id='word_1_236' title='bbox 2302 558 2317 595; x_wconf 90' lang='lat'><strong>:</strong></span> <span class='ocrx_word' id='word_1_237' title='bbox 2350 542 2729 611; x_wconf 82' lang='lat' dir='ltr'><strong>episcOporum</strong></span> <span class='ocrx_word' id='word_1_238' title='bbox 2776 552 2863 597; x_wconf 86' lang='lat' dir='ltr'><strong>est</strong></span> <span class='ocrx_word' id='word_1_239' title='bbox 2893 558 3012 597; x_wconf 90' lang='lat' dir='ltr'><strong>eam</strong></span> <span class='ocrx_word' id='word_1_240' title='bbox 3046 542 3098 595; x_wconf 91' lang='lat' dir='ltr'><strong>in</strong></span> <span class='ocrx_word' id='word_1_241' title='bbox 3151 541 3401 597; x_wconf 86' lang='lat' dir='ltr'><strong>fidelibus</strong></span> <span class='ocrx_word' id='word_1_242' title='bbox 3452 542 3692 596; x_wconf 75' lang='lat' dir='ltr'><strong>excitare</strong></span> 
     </span>
    </p>
   </div>
   <div class='ocr_carea' id='block_1_35' title="bbox 2117 631 3690 701">
    <p class='ocr_par' dir='ltr' id='par_1_35' title="bbox 2117 631 3690 701">
     <span class='ocr_line' id='line_1_35' title="bbox 2117 631 3690 701; baseline -0.001 -16"><span class='ocrx_word' id='word_1_243' title='bbox 2117 641 2170 685; x_wconf 92' lang='lat' dir='ltr'><strong>et</strong></span> <span class='ocrx_word' id='word_1_244' title='bbox 2228 633 2470 701; x_wconf 88' lang='lat' dir='ltr'><strong>eperari,</strong></span> <span class='ocrx_word' id='word_1_245' title='bbox 2525 643 2580 687; x_wconf 89' lang='lat' dir='ltr'><strong>et</strong></span> <span class='ocrx_word' id='word_1_246' title='bbox 2615 634 2684 687; x_wconf 89' lang='lat' dir='ltr'><strong>iis</strong></span> <span class='ocrx_word' id='word_1_247' title='bbox 2753 633 2819 687; x_wconf 91' lang='lat' dir='ltr'><strong>ad</strong></span> <span class='ocrx_word' id='word_1_248' title='bbox 2880 634 2985 686; x_wconf 92' lang='lat' dir='ltr'><strong>hoc</strong></span> <span class='ocrx_word' id='word_1_249' title='bbox 3032 631 3375 687; x_wconf 86' lang='lat' dir='ltr'><strong>enitendum.</strong></span> <span class='ocrx_word' id='word_1_250' title='bbox 3434 631 3537 697; x_wconf 87' lang='lat' dir='ltr'><strong>Qui</strong></span> <span class='ocrx_word' id='word_1_251' title='bbox 3597 646 3690 687; x_wconf 86' lang='lat' dir='ltr'><strong>sa-</strong></span> 
     </span>
    </p>
   </div>
   <div class='ocr_carea' id='block_1_36' title="bbox 2118 712 3757 778">
    <p class='ocr_par' dir='ltr' id='par_1_36' title="bbox 2118 712 3757 778">
     <span class='ocr_line' id='line_1_36' title="bbox 2118 712 3757 778; baseline 0 -3"><span class='ocrx_word' id='word_1_252' title='bbox 2118 736 2270 775; x_wconf 90' lang='lat' dir='ltr'><strong>crum</strong></span> <span class='ocrx_word' id='word_1_253' title='bbox 2341 723 2444 776; x_wconf 91' lang='lat' dir='ltr'><strong>hoc</strong></span> <span class='ocrx_word' id='word_1_254' title='bbox 2506 723 2872 777; x_wconf 66' lang='lat' dir='ltr'><strong>ministerium</strong></span> <span class='ocrx_word' id='word_1_255' title='bbox 2940 740 3005 777; x_wconf 81' lang='lat' dir='ltr'><strong>cx</strong></span> <span class='ocrx_word' id='word_1_256' title='bbox 3066 723 3456 778; x_wconf 89' lang='lat' dir='ltr'><strong>commissione</strong></span> <span class='ocrx_word' id='word_1_257' title='bbox 3534 738 3690 776; x_wconf 86' lang='lat' dir='ltr'><strong>acce-</strong></span> <span class='ocrx_word' id='word_1_258' title='bbox 3750 712 3757 717; x_wconf 63' lang='grc'><em>’</em></span> 
     </span>
    </p>
   </div>
   <div class='ocr_carea' id='block_1_37' title="bbox 2118 814 3686 883">
    <p class='ocr_par' dir='ltr' id='par_1_37' title="bbox 2118 814 3686 883">
     <span class='ocr_line' id='line_1_37' title="bbox 2118 814 3686 883; baseline 0 -17"><span class='ocrx_word' id='word_1_259' title='bbox 2118 822 2341 881; x_wconf 89' lang='lat' dir='ltr'><strong>perunt,</strong></span> <span class='ocrx_word' id='word_1_260' title='bbox 2402 814 2536 867; x_wconf 89' lang='lat' dir='ltr'><strong>illud</strong></span> <span class='ocrx_word' id='word_1_261' title='bbox 2571 828 2697 867; x_wconf 92' lang='lat' dir='ltr'><strong>cum</strong></span> <span class='ocrx_word' id='word_1_262' title='bbox 2745 814 3021 883; x_wconf 78' lang='lat' dir='ltr'><strong>episcopis</strong></span> <span class='ocrx_word' id='word_1_263' title='bbox 3045 814 3336 882; x_wconf 76' lang='lat' dir='ltr'><strong>diligenter</strong></span> <span class='ocrx_word' id='word_1_264' title='bbox 3367 823 3686 882; x_wconf 86' lang='lat' dir='ltr'><strong>procurent,</strong></span> 
     </span>
    </p>
   </div>
   <div class='ocr_carea' id='block_1_38' title="bbox 2118 904 3686 973">
    <p class='ocr_par' dir='ltr' id='par_1_38' title="bbox 2118 904 3686 973">
     <span class='ocr_line' id='line_1_38' title="bbox 2118 904 3686 973; baseline -0.001 -15"><span class='ocrx_word' id='word_1_265' title='bbox 2118 920 2224 958; x_wconf 87' lang='lat' dir='ltr'><strong>non</strong></span> <span class='ocrx_word' id='word_1_266' title='bbox 2263 905 2329 957; x_wconf 90' lang='lat' dir='ltr'><strong>ad</strong></span> <span class='ocrx_word' id='word_1_267' title='bbox 2361 905 2584 957; x_wconf 85' lang='lat' dir='ltr'><strong>carnale</strong></span> <span class='ocrx_word' id='word_1_268' title='bbox 2609 905 2829 972; x_wconf 87' lang='lat' dir='ltr'><strong>aliquod</strong></span> <span class='ocrx_word' id='word_1_269' title='bbox 2856 906 3066 958; x_wconf 90' lang='lat' dir='ltr'><strong>lucrum</strong></span> <span class='ocrx_word' id='word_1_270' title='bbox 3091 906 3519 973; x_wconf 85' lang='lat' dir='ltr'><strong>emungendum,</strong></span> <span class='ocrx_word' id='word_1_271' title='bbox 3540 904 3686 973; x_wconf 89' lang='lat' dir='ltr'><strong>quod</strong></span> 
     </span>
    </p>
   </div>
   <div class='ocr_carea' id='block_1_39' title="bbox 2117 996 3684 1064">
    <p class='ocr_par' dir='ltr' id='par_1_39' title="bbox 2117 996 3684 1064">
     <span class='ocr_line' id='line_1_39' title="bbox 2117 996 3684 1064; baseline -0.001 -16"><span class='ocrx_word' id='word_1_272' title='bbox 2117 996 2373 1049; x_wconf 87' lang='lat' dir='ltr'><strong>damnum</strong></span> <span class='ocrx_word' id='word_1_273' title='bbox 2406 1003 2511 1056; x_wconf 89' lang='lat' dir='ltr'><strong>est,</strong></span> <span class='ocrx_word' id='word_1_274' title='bbox 2546 1003 2600 1047; x_wconf 83' lang='lat' dir='ltr'><strong>et</strong></span> <span class='ocrx_word' id='word_1_275' title='bbox 2630 1010 2814 1047; x_wconf 85' lang='lat' dir='ltr'><strong>revera</strong></span> <span class='ocrx_word' id='word_1_276' title='bbox 2848 996 3132 1049; x_wconf 88' lang='lat' dir='ltr'><strong>damnum.</strong></span> <span class='ocrx_word' id='word_1_277' title='bbox 3168 996 3371 1064; x_wconf 87' lang='lat' dir='ltr'><strong>Aliqui,</strong></span> <span class='ocrx_word' id='word_1_278' title='bbox 3395 1010 3504 1048; x_wconf 87' lang='lat' dir='ltr'><strong>non</strong></span> <span class='ocrx_word' id='word_1_279' title='bbox 3540 996 3684 1047; x_wconf 91' lang='lat' dir='ltr'><strong>enim</strong></span> 
     </span>
    </p>
   </div>
   <div class='ocr_carea' id='block_1_40' title="bbox 2117 1083 3693 1152">
    <p class='ocr_par' dir='ltr' id='par_1_40' title="bbox 2117 1083 3693 1152">
     <span class='ocr_line' id='line_1_40' title="bbox 2117 1083 3693 1152; baseline -0.003 -14"><span class='ocrx_word' id='word_1_280' title='bbox 2117 1100 2308 1138; x_wconf 81' lang='lat' dir='ltr'><strong>omnes</strong></span> <span class='ocrx_word' id='word_1_281' title='bbox 2340 1084 2483 1144; x_wconf 88' lang='lat' dir='ltr'><strong>dico,</strong></span> <span class='ocrx_word' id='word_1_282' title='bbox 2511 1084 2654 1135; x_wconf 91' lang='lat' dir='ltr'><strong>sicut</strong></span> <span class='ocrx_word' id='word_1_283' title='bbox 2683 1098 2782 1138; x_wconf 85' lang='lat' dir='ltr'><strong>nec</strong></span> <span class='ocrx_word' id='word_1_284' title='bbox 2812 1098 3003 1137; x_wconf 89' lang='lat' dir='ltr'><strong>omnes</strong></span> <span class='ocrx_word' id='word_1_285' title='bbox 3032 1086 3346 1152; x_wconf 78' lang='lat' dir='ltr'><strong>episcopos,</strong></span> <span class='ocrx_word' id='word_1_286' title='bbox 3374 1084 3441 1137; x_wconf 84' lang='lat' dir='ltr'><strong>ad</strong></span> <span class='ocrx_word' id='word_1_287' title='bbox 3475 1084 3578 1136; x_wconf 87' lang='lat' dir='ltr'><strong>hoc</strong></span> <span class='ocrx_word' id='word_1_288' title='bbox 3608 1083 3693 1138; x_wconf 89' lang='lat' dir='ltr'><strong>di-</strong></span> 
     </span>
    </p>
   </div>
   <div class='ocr_carea' id='block_1_41' title="bbox 2124 1171 3688 1241">
    <p class='ocr_par' dir='ltr' id='par_1_41' title="bbox 2124 1171 3688 1241">
     <span class='ocr_line' id='line_1_41' title="bbox 2124 1171 3688 1241; baseline -0.001 -16"><span class='ocrx_word' id='word_1_289' title='bbox 2124 1174 2353 1239; x_wconf 79' lang='lat' dir='ltr'><strong>ligenter</strong></span> <span class='ocrx_word' id='word_1_290' title='bbox 2384 1172 2629 1224; x_wconf 83' lang='lat' dir='ltr'><strong>animum</strong></span> <span class='ocrx_word' id='word_1_291' title='bbox 2673 1171 2983 1235; x_wconf 82' lang='lat' dir='ltr'><strong>advertant,</strong></span> <span class='ocrx_word' id='word_1_292' title='bbox 3017 1187 3191 1239; x_wconf 88' lang='lat' dir='ltr'><strong>neque</strong></span> <span class='ocrx_word' id='word_1_293' title='bbox 3226 1185 3419 1241; x_wconf 74' lang='lat' dir='ltr'><strong>praeter</strong></span> <span class='ocrx_word' id='word_1_294' title='bbox 3451 1187 3688 1226; x_wconf 67' lang='lat' dir='ltr'><strong>canones</strong></span> 
     </span>
    </p>
   </div>
   <div class='ocr_carea' id='block_1_42' title="bbox 2119 1259 3680 1328">
    <p class='ocr_par' dir='ltr' id='par_1_42' title="bbox 2119 1259 3680 1328">
     <span class='ocr_line' id='line_1_42' title="bbox 2119 1259 3680 1328; baseline 0 -15"><span class='ocrx_word' id='word_1_295' title='bbox 2119 1259 2445 1326; x_wconf 70' lang='lat' dir='ltr'><strong>dijudicrnt,</strong></span> <span class='ocrx_word' id='word_1_296' title='bbox 2496 1274 2564 1312; x_wconf 92' lang='lat' dir='ltr'><strong>ne</strong></span> <span class='ocrx_word' id='word_1_297' title='bbox 2629 1259 2753 1325; x_wconf 81' lang='lat' dir='ltr'><strong>quis</strong></span> <span class='ocrx_word' id='word_1_298' title='bbox 2783 1273 2981 1327; x_wconf 80' lang='lat' dir='ltr'><strong>pra-ter</strong></span> <span class='ocrx_word' id='word_1_299' title='bbox 3010 1276 3248 1314; x_wconf 78' lang='lat' dir='ltr'><strong>canones</strong></span> <span class='ocrx_word' id='word_1_300' title='bbox 3275 1276 3465 1328; x_wconf 80' lang='lat' dir='ltr'><strong>agens,</strong></span> <span class='ocrx_word' id='word_1_301' title='bbox 3498 1263 3550 1313; x_wconf 90' lang='lat' dir='ltr'><strong>in</strong></span> <span class='ocrx_word' id='word_1_302' title='bbox 3582 1262 3680 1316; x_wconf 87' lang='lat' dir='ltr'><strong>sei-</strong></span> 
     </span>
    </p>
   </div>
   <div class='ocr_carea' id='block_1_43' title="bbox 2119 1348 3736 1418">
    <p class='ocr_par' dir='ltr' id='par_1_43' title="bbox 2119 1348 3736 1418">
     <span class='ocr_line' id='line_1_43' title="bbox 2119 1348 3736 1418; baseline 0 -17"><span class='ocrx_word' id='word_1_303' title='bbox 2119 1364 2274 1416; x_wconf 81' lang='lat' dir='ltr'><strong>psnm</strong></span> <span class='ocrx_word' id='word_1_304' title='bbox 2323 1350 2551 1402; x_wconf 86' lang='lat' dir='ltr'><strong>alterius</strong></span> <span class='ocrx_word' id='word_1_305' title='bbox 2589 1356 2806 1416; x_wconf 86' lang='lat' dir='ltr'><strong>peccata</strong></span> <span class='ocrx_word' id='word_1_306' title='bbox 2856 1351 3085 1404; x_wconf 84' lang='lat' dir='ltr'><strong>derivet.</strong></span> <span class='ocrx_word' id='word_1_307' title='bbox 3129 1348 3322 1402; x_wconf 86' lang='lat' dir='ltr'><strong>Nullus</strong></span> <span class='ocrx_word' id='word_1_308' title='bbox 3365 1351 3532 1418; x_wconf 77' lang='lat' dir='ltr'><strong>igitur</strong></span> <span class='ocrx_word' id='word_1_309' title='bbox 3588 1352 3691 1405; x_wconf 77' lang='lat' dir='ltr'><strong>sei-</strong></span> <span class='ocrx_word' id='word_1_310' title='bbox 3730 1402 3736 1411; x_wconf 85' lang='lat'>_</span> 
     </span>
    </p>
   </div>
   <div class='ocr_carea' id='block_1_44' title="bbox 2121 1437 3695 1509">
    <p class='ocr_par' dir='ltr' id='par_1_44' title="bbox 2121 1437 3695 1509">
     <span class='ocr_line' id='line_1_44' title="bbox 2121 1437 3695 1509; baseline 0.003 -21"><span class='ocrx_word' id='word_1_311' title='bbox 2121 1452 2276 1505; x_wconf 89' lang='lat' dir='ltr'><strong>psum</strong></span> <span class='ocrx_word' id='word_1_312' title='bbox 2331 1440 2600 1490; x_wconf 72' lang='grc' dir='ltr'>εθιιιιουηε</span> <span class='ocrx_word' id='word_1_313' title='bbox 2632 1437 2904 1492; x_wconf 50' lang='lat' dir='ltr'><strong>existimet</strong></span> <span class='ocrx_word' id='word_1_314' title='bbox 2932 1454 2990 1492; x_wconf 91' lang='lat' dir='ltr'><strong>se</strong></span> <span class='ocrx_word' id='word_1_315' title='bbox 3021 1438 3274 1494; x_wconf 81' lang='lat' dir='ltr'><strong>Patribus</strong></span> <span class='ocrx_word' id='word_1_316' title='bbox 3298 1440 3612 1509; x_wconf 87' lang='lat' dir='ltr'><strong>diligentius</strong></span> <span class='ocrx_word' id='word_1_317' title='bbox 3641 1451 3695 1492; x_wconf 89' lang='lat' dir='ltr'><strong>ct</strong></span> 
     </span>
    </p>
   </div>
   <div class='ocr_carea' id='block_1_45' title="bbox 2116 1528 3663 1599">
    <p class='ocr_par' dir='ltr' id='par_1_45' title="bbox 2116 1528 3663 1599">
     <span class='ocr_line' id='line_1_45' title="bbox 2116 1528 3663 1599; baseline 0.001 -18"><span class='ocrx_word' id='word_1_318' title='bbox 2116 1531 2427 1582; x_wconf 83' lang='lat' dir='ltr'><strong>accuratius</strong></span> <span class='ocrx_word' id='word_1_319' title='bbox 2463 1543 2641 1596; x_wconf 89' lang='lat' dir='ltr'><strong>agere.</strong></span> <span class='ocrx_word' id='word_1_320' title='bbox 2675 1528 2811 1593; x_wconf 85' lang='lat' dir='ltr'><strong>Quis</strong></span> <span class='ocrx_word' id='word_1_321' title='bbox 2839 1530 2985 1582; x_wconf 90' lang='lat' dir='ltr'><strong>enim</strong></span> <span class='ocrx_word' id='word_1_322' title='bbox 3018 1530 3125 1584; x_wconf 82' lang='lat' dir='ltr'><strong>illis</strong></span> <span class='ocrx_word' id='word_1_323' title='bbox 3184 1530 3249 1583; x_wconf 86' lang='lat' dir='ltr'><strong>ad</strong></span> <span class='ocrx_word' id='word_1_324' title='bbox 3292 1530 3564 1599; x_wconf 77' lang='lat' dir='ltr'><strong>ejusmodi</strong></span> <span class='ocrx_word' id='word_1_325' title='bbox 3597 1546 3663 1599; x_wconf 80' lang='lat' dir='ltr'><strong>pt&#39;</strong></span> 
     </span>
    </p>
   </div>
   <div class='ocr_carea' id='block_1_46' title="bbox 2118 1621 3690 1691">
    <p class='ocr_par' dir='ltr' id='par_1_46' title="bbox 2118 1621 3690 1691">
     <span class='ocr_line' id='line_1_46' title="bbox 2118 1621 3690 1691; baseline 0.003 -17"><span class='ocrx_word' id='word_1_326' title='bbox 2118 1622 2228 1674; x_wconf 88' lang='lat' dir='ltr'><strong>rior</strong></span> <span class='ocrx_word' id='word_1_327' title='bbox 2265 1629 2318 1673; x_wconf 88' lang='lat' dir='ltr'><strong>et</strong></span> <span class='ocrx_word' id='word_1_328' title='bbox 2348 1622 2634 1677; x_wconf 80' lang='lat' dir='ltr'><strong>sincerior.</strong></span> <span class='ocrx_word' id='word_1_329' title='bbox 2665 1628 2759 1673; x_wconf 89' lang='lat' dir='ltr'><strong>aut</strong></span> <span class='ocrx_word' id='word_1_330' title='bbox 2800 1621 3059 1673; x_wconf 88' lang='lat' dir='ltr'><strong>attentior</strong></span> <span class='ocrx_word' id='word_1_331' title='bbox 3094 1622 3117 1672; x_wconf 69' lang='grc' dir='ltr'>’ί</span> <span class='ocrx_word' id='word_1_332' title='bbox 3159 1622 3343 1691; x_wconf 79' lang='lat' dir='ltr'><strong>Neque</strong></span> <span class='ocrx_word' id='word_1_333' title='bbox 3369 1624 3566 1676; x_wconf 88' lang='lat' dir='ltr'><strong>iterum</strong></span> <span class='ocrx_word' id='word_1_334' title='bbox 3599 1625 3690 1678; x_wconf 84' lang='lat' dir='ltr'><strong>dc-</strong></span> 
     </span>
    </p>
   </div>
   <div class='ocr_carea' id='block_1_47' title="bbox 2121 1711 3697 1779">
    <p class='ocr_par' dir='ltr' id='par_1_47' title="bbox 2121 1711 3697 1779">
     <span class='ocr_line' id='line_1_47' title="bbox 2121 1711 3697 1779; baseline 0.001 -14"><span class='ocrx_word' id='word_1_335' title='bbox 2121 1720 2309 1779; x_wconf 88' lang='lat' dir='ltr'><strong>ceptns</strong></span> <span class='ocrx_word' id='word_1_336' title='bbox 2341 1712 2509 1764; x_wconf 79' lang='lat' dir='ltr'><strong>videri</strong></span> <span class='ocrx_word' id='word_1_337' title='bbox 2538 1711 2756 1765; x_wconf 80' lang='lat' dir='ltr'><strong>all‘cctet</strong></span> <span class='ocrx_word' id='word_1_338' title='bbox 2785 1712 2893 1765; x_wconf 89' lang='lat' dir='ltr'><strong>illis</strong></span> <span class='ocrx_word' id='word_1_339' title='bbox 2929 1714 3243 1775; x_wconf 86' lang='lat' dir='ltr'><strong>humanior.</strong></span> <span class='ocrx_word' id='word_1_340' title='bbox 3271 1724 3327 1767; x_wconf 88' lang='lat' dir='ltr'><strong>et</strong></span> <span class='ocrx_word' id='word_1_341' title='bbox 3359 1715 3697 1768; x_wconf 78' lang='lat' dir='ltr'><strong>inlirmitati—</strong></span> 
     </span>
    </p>
   </div>
   <div class='ocr_carea' id='block_1_48' title="bbox 2125 1803 3698 1872">
    <p class='ocr_par' dir='ltr' id='par_1_48' title="bbox 2125 1803 3698 1872">
     <span class='ocr_line' id='line_1_48' title="bbox 2125 1803 3698 1872; baseline 0.003 -16"><span class='ocrx_word' id='word_1_342' title='bbox 2125 1804 2227 1857; x_wconf 86' lang='lat' dir='ltr'><strong>bus</strong></span> <span class='ocrx_word' id='word_1_343' title='bbox 2258 1803 2543 1856; x_wconf 86' lang='lat' dir='ltr'><strong>hominum</strong></span> <span class='ocrx_word' id='word_1_344' title='bbox 2569 1804 3021 1870; x_wconf 87' lang='lat' dir='ltr'><strong>complacentior,</strong></span> <span class='ocrx_word' id='word_1_345' title='bbox 3047 1805 3279 1859; x_wconf 87' lang='lat' dir='ltr'><strong>remisse</strong></span> <span class='ocrx_word' id='word_1_346' title='bbox 3310 1820 3368 1860; x_wconf 89' lang='lat' dir='ltr'><strong>se</strong></span> <span class='ocrx_word' id='word_1_347' title='bbox 3401 1821 3617 1872; x_wconf 82' lang='lat' dir='ltr'><strong>gerens,</strong></span> <span class='ocrx_word' id='word_1_348' title='bbox 3645 1817 3698 1860; x_wconf 74' lang='lat' dir='ltr'><strong>ct</strong></span> 
     </span>
    </p>
   </div>
   <div class='ocr_carea' id='block_1_49' title="bbox 2124 1892 3696 1963">
    <p class='ocr_par' dir='ltr' id='par_1_49' title="bbox 2124 1892 3696 1963">
     <span class='ocr_line' id='line_1_49' title="bbox 2124 1892 3696 1963; baseline 0.002 -17"><span class='ocrx_word' id='word_1_349' title='bbox 2124 1894 2450 1948; x_wconf 74' lang='lat' dir='ltr'><strong>cadentibus</strong></span> <span class='ocrx_word' id='word_1_350' title='bbox 2487 1895 2804 1947; x_wconf 72' lang='lat' dir='ltr'><strong>concidens.</strong></span> <span class='ocrx_word' id='word_1_351' title='bbox 2835 1892 3033 1947; x_wconf 83' lang='lat' dir='ltr'><strong>Verum</strong></span> <span class='ocrx_word' id='word_1_352' title='bbox 3068 1896 3192 1963; x_wconf 88' lang='lat' dir='ltr'><strong>quis</strong></span> <span class='ocrx_word' id='word_1_353' title='bbox 3220 1897 3526 1952; x_wconf 75' lang='lat' dir='ltr'><strong>audaculus</strong></span> <span class='ocrx_word' id='word_1_354' title='bbox 3559 1899 3696 1952; x_wconf 86' lang='lat' dir='ltr'><strong>adeo</strong></span> 
     </span>
    </p>
   </div>
   <div class='ocr_carea' id='block_1_50' title="bbox 2125 1985 3703 2043">
    <p class='ocr_par' dir='ltr' id='par_1_50' title="bbox 2125 1985 3703 2043">
     <span class='ocr_line' id='line_1_50' title="bbox 2125 1985 3703 2043; baseline 0.004 -7"><span class='ocrx_word' id='word_1_355' title='bbox 2125 1993 2183 2036; x_wconf 90' lang='lat' dir='ltr'><strong>ut</strong></span> <span class='ocrx_word' id='word_1_356' title='bbox 2229 2000 2288 2039; x_wconf 87' lang='lat' dir='ltr'><strong>se</strong></span> <span class='ocrx_word' id='word_1_357' title='bbox 2336 1986 2590 2038; x_wconf 77' lang='lat' dir='ltr'><strong>Pati-ibus</strong></span> <span class='ocrx_word' id='word_1_358' title='bbox 2626 1985 3013 2040; x_wconf 82' lang='lat' dir='ltr'><strong>humaniorem</strong></span> <span class='ocrx_word' id='word_1_359' title='bbox 3053 1988 3397 2043; x_wconf 81' lang='lat' dir='ltr'><strong>confidenter</strong></span> <span class='ocrx_word' id='word_1_360' title='bbox 3431 1991 3619 2043; x_wconf 85' lang='lat' dir='ltr'><strong>credat</strong></span> <span class='ocrx_word' id='word_1_361' title='bbox 3644 1999 3703 2042; x_wconf 80' lang='lat' dir='ltr'><strong>et.</strong></span> 
     </span>
    </p>
   </div>
   <div class='ocr_carea' id='block_1_51' title="bbox 2120 2074 3698 2148">
    <p class='ocr_par' dir='ltr' id='par_1_51' title="bbox 2120 2074 3698 2148">
     <span class='ocr_line' id='line_1_51' title="bbox 2120 2074 3698 2148; baseline 0.004 -21"><span class='ocrx_word' id='word_1_362' title='bbox 2120 2077 2340 2145; x_wconf 82' lang='lat' dir='ltr'><strong>jactet‘?</strong></span> <span class='ocrx_word' id='word_1_363' title='bbox 2398 2074 2549 2128; x_wconf 84' lang='lat' dir='ltr'><strong>Unde</strong></span> <span class='ocrx_word' id='word_1_364' title='bbox 2592 2077 2755 2131; x_wconf 72' lang='lat' dir='ltr'><strong>&#39;hanc</strong></span> <span class='ocrx_word' id='word_1_365' title='bbox 2805 2081 3188 2132; x_wconf 78' lang='lat' dir='ltr'><strong>auctoritatem</strong></span> <span class='ocrx_word' id='word_1_366' title='bbox 3233 2081 3593 2148; x_wconf 85' lang='lat' dir='ltr'><strong>deprompsit,</strong></span> <span class='ocrx_word' id='word_1_367' title='bbox 3653 2082 3698 2135; x_wconf 88' lang='lat' dir='ltr'><strong>si</strong></span> 
     </span>
    </p>
   </div>
   <div class='ocr_carea' id='block_1_52' title="bbox 2125 2168 3703 2232">
    <p class='ocr_par' dir='ltr' id='par_1_52' title="bbox 2125 2168 3703 2232">
     <span class='ocr_line' id='line_1_52' title="bbox 2125 2168 3703 2232; baseline 0.004 -13"><span class='ocrx_word' id='word_1_368' title='bbox 2125 2168 2246 2219; x_wconf 86' lang='lat' dir='ltr'><strong>illos</strong></span> <span class='ocrx_word' id='word_1_369' title='bbox 2303 2176 2652 2232; x_wconf 71' lang='lat' dir='ltr'><strong>as&#39;pernatur,</strong></span> <span class='ocrx_word' id='word_1_370' title='bbox 2695 2179 2749 2220; x_wconf 89' lang='lat' dir='ltr'><strong>et</strong></span> <span class='ocrx_word' id='word_1_371' title='bbox 2816 2178 3010 2222; x_wconf 77' lang='lat' dir='ltr'><strong>contra</strong></span> <span class='ocrx_word' id='word_1_372' title='bbox 3072 2171 3291 2224; x_wconf 89' lang='lat' dir='ltr'><strong>illorum</strong></span> <span class='ocrx_word' id='word_1_373' title='bbox 3354 2172 3703 2227; x_wconf 86' lang='lat' dir='ltr'><strong>definitiones</strong></span> 
     </span>
    </p>
   </div>
   <div class='ocr_carea' id='block_1_53' title="bbox 2124 2255 3704 2330">
    <p class='ocr_par' dir='ltr' id='par_1_53' title="bbox 2124 2255 3704 2330">
     <span class='ocr_line' id='line_1_53' title="bbox 2124 2255 3704 2330; baseline 0.004 -21"><span class='ocrx_word' id='word_1_374' title='bbox 2124 2255 2274 2325; x_wconf 78' lang='lat' dir='ltr'><strong>agit?</strong></span> <span class='ocrx_word' id='word_1_375' title='bbox 2300 2256 2537 2311; x_wconf 89' lang='lat' dir='ltr'><strong>Omnino</strong></span> <span class='ocrx_word' id='word_1_376' title='bbox 2573 2275 2600 2310; x_wconf 88' lang='lat' dir='ltr'><strong>a</strong></span> <span class='ocrx_word' id='word_1_377' title='bbox 2639 2260 2821 2329; x_wconf 65' lang='lat' dir='ltr'><strong>sripso</strong></span> <span class='ocrx_word' id='word_1_378' title='bbox 2857 2271 2998 2330; x_wconf 81' lang='lat' dir='ltr'><strong>aget,</strong></span> <span class='ocrx_word' id='word_1_379' title='bbox 3025 2263 3283 2330; x_wconf 79' lang='lat' dir='ltr'><strong>nullaque</strong></span> <span class='ocrx_word' id='word_1_380' title='bbox 3309 2262 3588 2317; x_wconf 83' lang='lat' dir='ltr'><strong>factotum</strong></span> <span class='ocrx_word' id='word_1_381' title='bbox 3616 2280 3704 2318; x_wconf 82' lang='lat' dir='ltr'><strong>5c—</strong></span> 
     </span>
    </p>
   </div>
   <div class='ocr_carea' id='block_1_54' title="bbox 2125 2352 3699 2413">
    <p class='ocr_par' dir='ltr' id='par_1_54' title="bbox 2125 2352 3699 2413">
     <span class='ocr_line' id='line_1_54' title="bbox 2125 2352 3699 2413; baseline 0.004 -10"><span class='ocrx_word' id='word_1_382' title='bbox 2125 2352 2332 2404; x_wconf 75' lang='lat' dir='ltr'><strong>caritas</strong></span> <span class='ocrx_word' id='word_1_383' title='bbox 2363 2353 2471 2406; x_wconf 90' lang='lat' dir='ltr'><strong>erit</strong></span> <span class='ocrx_word' id='word_1_384' title='bbox 2500 2368 2515 2413; x_wconf 90' lang='lat'><strong>;</strong></span> <span class='ocrx_word' id='word_1_385' title='bbox 2541 2368 2646 2405; x_wconf 89' lang='lat' dir='ltr'><strong>non</strong></span> <span class='ocrx_word' id='word_1_386' title='bbox 2677 2354 2823 2406; x_wconf 90' lang='lat' dir='ltr'><strong>enim</strong></span> <span class='ocrx_word' id='word_1_387' title='bbox 2853 2369 2881 2406; x_wconf 88' lang='lat' dir='ltr'><strong>a</strong></span> <span class='ocrx_word' id='word_1_388' title='bbox 2916 2356 3270 2409; x_wconf 84' lang='lat' dir='ltr'><strong>successione</strong></span> <span class='ocrx_word' id='word_1_389' title='bbox 3300 2355 3521 2408; x_wconf 82' lang='lat' dir='ltr'><strong>Patrum</strong></span> <span class='ocrx_word' id='word_1_390' title='bbox 3551 2372 3699 2411; x_wconf 60' lang='lat' dir='ltr'><strong>ema.</strong></span> 
     </span>
    </p>
   </div>
   <div class='ocr_carea' id='block_1_55' title="bbox 2129 2441 3704 2523">
    <p class='ocr_par' dir='ltr' id='par_1_55' title="bbox 2129 2441 3704 2523">
     <span class='ocr_line' id='line_1_55' title="bbox 2129 2441 3704 2523; baseline 0.005 -30"><span class='ocrx_word' id='word_1_391' title='bbox 2129 2450 2243 2493; x_wconf 89' lang='lat' dir='ltr'><strong>nat.</strong></span> <span class='ocrx_word' id='word_1_392' title='bbox 2275 2441 2662 2509; x_wconf 83' lang='lat' dir='ltr'><strong>Unusquisque</strong></span> <span class='ocrx_word' id='word_1_393' title='bbox 2685 2441 2852 2510; x_wconf 90' lang='lat' dir='ltr'><strong>igitur</strong></span> <span class='ocrx_word' id='word_1_394' title='bbox 2877 2446 3018 2511; x_wconf 88' lang='lat' dir='ltr'><strong>apud</strong></span> <span class='ocrx_word' id='word_1_395' title='bbox 3050 2459 3108 2496; x_wconf 89' lang='lat' dir='ltr'><strong>se</strong></span> <span class='ocrx_word' id='word_1_396' title='bbox 3141 2445 3357 2497; x_wconf 83' lang='lat' dir='ltr'><strong>firmum</strong></span> <span class='ocrx_word' id='word_1_397' title='bbox 3418 2454 3704 2523; x_wconf 68' lang='lat' dir='ltr'><strong>ratumque</strong></span> 
     </span>
    </p>
   </div>
   <div class='ocr_carea' id='block_1_56' title="bbox 2124 2530 3705 2599">
    <p class='ocr_par' dir='ltr' id='par_1_56' title="bbox 2124 2530 3705 2599">
     <span class='ocr_line' id='line_1_56' title="bbox 2124 2530 3705 2599; baseline 0.004 -15"><span class='ocrx_word' id='word_1_398' title='bbox 2124 2539 2332 2584; x_wconf 76' lang='lat' dir='ltr'><strong>statuat</strong></span> <span class='ocrx_word' id='word_1_399' title='bbox 2374 2530 2508 2583; x_wconf 85' lang='lat' dir='ltr'><strong>nihil</strong></span> <span class='ocrx_word' id='word_1_400' title='bbox 2571 2546 2732 2598; x_wconf 82' lang='lat' dir='ltr'><strong>agere</strong></span> <span class='ocrx_word' id='word_1_401' title='bbox 2763 2542 2958 2599; x_wconf 78' lang='lat' dir='ltr'><strong>praeter</strong></span> <span class='ocrx_word' id='word_1_402' title='bbox 3005 2533 3224 2586; x_wconf 78' lang='lat' dir='ltr'><strong>Patrum</strong></span> <span class='ocrx_word' id='word_1_403' title='bbox 3262 2536 3617 2590; x_wconf 79' lang='lat' dir='ltr'><strong>deﬁnitiones</strong></span> <span class='ocrx_word' id='word_1_404' title='bbox 3653 2549 3705 2591; x_wconf 88' lang='lat' dir='ltr'><strong>ct</strong></span> 
     </span>
    </p>
   </div>
   <div class='ocr_carea' id='block_1_57' title="bbox 2126 2621 3705 2681">
    <p class='ocr_par' dir='ltr' id='par_1_57' title="bbox 2126 2621 3705 2681">
     <span class='ocr_line' id='line_1_57' title="bbox 2126 2621 3705 2681; baseline 0.004 -8"><span class='ocrx_word' id='word_1_405' title='bbox 2126 2635 2387 2681; x_wconf 84' lang='lat' dir='ltr'><strong>canones,</strong></span> <span class='ocrx_word' id='word_1_406' title='bbox 2424 2636 2548 2674; x_wconf 89' lang='lat' dir='ltr'><strong>cum</strong></span> <span class='ocrx_word' id='word_1_407' title='bbox 2584 2621 2657 2673; x_wconf 91' lang='lat' dir='ltr'><strong>illi</strong></span> <span class='ocrx_word' id='word_1_408' title='bbox 2683 2622 2796 2674; x_wconf 92' lang='lat' dir='ltr'><strong>sint</strong></span> <span class='ocrx_word' id='word_1_409' title='bbox 2819 2637 2847 2676; x_wconf 87' lang='lat' dir='ltr'><strong>a</strong></span> <span class='ocrx_word' id='word_1_410' title='bbox 2873 2624 3042 2677; x_wconf 84' lang='lat' dir='ltr'><strong>variis</strong></span> <span class='ocrx_word' id='word_1_411' title='bbox 3071 2626 3395 2679; x_wconf 86' lang='lat' dir='ltr'><strong>auctoribus</strong></span> <span class='ocrx_word' id='word_1_412' title='bbox 3420 2626 3528 2680; x_wconf 87' lang='lat' dir='ltr'><strong>Deo</strong></span> <span class='ocrx_word' id='word_1_413' title='bbox 3557 2627 3705 2680; x_wconf 79' lang='lat' dir='ltr'><strong>allia—</strong></span> 
     </span>
    </p>
   </div>
   <div class='ocr_carea' id='block_1_58' title="bbox 2130 2709 3703 2783">
    <p class='ocr_par' dir='ltr' id='par_1_58' title="bbox 2130 2709 3703 2783">
     <span class='ocr_line' id='line_1_58' title="bbox 2130 2709 3703 2783; baseline 0.004 -23"><span class='ocrx_word' id='word_1_414' title='bbox 2130 2710 2196 2763; x_wconf 92' lang='lat' dir='ltr'><strong>tis</strong></span> <span class='ocrx_word' id='word_1_415' title='bbox 2220 2710 2477 2783; x_wconf 63' lang='lat' dir='ltr'><strong>inStitnti,</strong></span> <span class='ocrx_word' id='word_1_416' title='bbox 2496 2716 2549 2761; x_wconf 83' lang='lat' dir='ltr'><strong>et</strong></span> <span class='ocrx_word' id='word_1_417' title='bbox 2571 2709 2902 2764; x_wconf 87' lang='lat' dir='ltr'><strong>suliicientes</strong></span> <span class='ocrx_word' id='word_1_418' title='bbox 2929 2711 3077 2764; x_wconf 77' lang='lat' dir='ltr'><strong>velut</strong></span> <span class='ocrx_word' id='word_1_419' title='bbox 3102 2728 3129 2763; x_wconf 89' lang='lat' dir='ltr'><strong>a</strong></span> <span class='ocrx_word' id='word_1_420' title='bbox 3164 2711 3371 2781; x_wconf 84' lang='lat' dir='ltr'><strong>Spiritu</strong></span> <span class='ocrx_word' id='word_1_421' title='bbox 3391 2716 3703 2783; x_wconf 86' lang='lat' dir='ltr'><strong>compositi,</strong></span> 
     </span>
    </p>
   </div>
   <div class='ocr_carea' id='block_1_59' title="bbox 2127 2799 3707 2859">
    <p class='ocr_par' dir='ltr' id='par_1_59' title="bbox 2127 2799 3707 2859">
     <span class='ocr_line' id='line_1_59' title="bbox 2127 2799 3707 2859; baseline 0.006 -9"><span class='ocrx_word' id='word_1_422' title='bbox 2127 2808 2187 2851; x_wconf 90' lang='lat' dir='ltr'><strong>ut</strong></span> <span class='ocrx_word' id='word_1_423' title='bbox 2217 2799 2383 2852; x_wconf 89' lang='lat' dir='ltr'><strong>animi</strong></span> <span class='ocrx_word' id='word_1_424' title='bbox 2420 2801 2626 2855; x_wconf 85' lang='lat' dir='ltr'><strong>morbis</strong></span> <span class='ocrx_word' id='word_1_425' title='bbox 2656 2807 2710 2854; x_wconf 89' lang='lat' dir='ltr'><strong>ct</strong></span> <span class='ocrx_word' id='word_1_426' title='bbox 2747 2801 3037 2855; x_wconf 85' lang='lat' dir='ltr'><strong>affectibus</strong></span> <span class='ocrx_word' id='word_1_427' title='bbox 3069 2804 3391 2857; x_wconf 86' lang='lat' dir='ltr'><strong>medeantur</strong></span> <span class='ocrx_word' id='word_1_428' title='bbox 3453 2805 3707 2859; x_wconf 72' lang='lat' dir='ltr'><strong>remediis</strong></span> 
     </span>
    </p>
   </div>
   <div class='ocr_carea' id='block_1_60' title="bbox 2126 2888 3703 2964">
    <p class='ocr_par' dir='ltr' id='par_1_60' title="bbox 2126 2888 3703 2964">
     <span class='ocr_line' id='line_1_60' title="bbox 2126 2888 3703 2964; baseline 0.006 -24"><span class='ocrx_word' id='word_1_429' title='bbox 2126 2888 2420 2941; x_wconf 87' lang='lat' dir='ltr'><strong>admodum</strong></span> <span class='ocrx_word' id='word_1_430' title='bbox 2450 2890 2808 2953; x_wconf 89' lang='lat' dir='ltr'><strong>salutaribus,</strong></span> <span class='ocrx_word' id='word_1_431' title='bbox 2835 2899 2890 2943; x_wconf 88' lang='lat' dir='ltr'><strong>et</strong></span> <span class='ocrx_word' id='word_1_432' title='bbox 2924 2892 3215 2945; x_wconf 84' lang='lat' dir='ltr'><strong>sanitatem</strong></span> <span class='ocrx_word' id='word_1_433' title='bbox 3248 2892 3545 2948; x_wconf 79' lang='lat' dir='ltr'><strong>efficaciter</strong></span> <span class='ocrx_word' id='word_1_434' title='bbox 3570 2911 3703 2964; x_wconf 90' lang='lat' dir='ltr'><strong>pro-</strong></span> 
     </span>
    </p>
   </div>
   <div class='ocr_carea' id='block_1_61' title="bbox 2125 2980 3704 3056">
    <p class='ocr_par' dir='ltr' id='par_1_61' title="bbox 2125 2980 3704 3056">
     <span class='ocr_line' id='line_1_61' title="bbox 2125 2980 3704 3056; baseline 0.004 -22"><span class='ocrx_word' id='word_1_435' title='bbox 2125 2981 2467 3036; x_wconf 84' lang='lat' dir='ltr'><strong>corantibus.</strong></span> <span class='ocrx_word' id='word_1_436' title='bbox 2495 2980 2569 3035; x_wconf 89' lang='lat' dir='ltr'><strong>De</strong></span> <span class='ocrx_word' id='word_1_437' title='bbox 2601 2982 2804 3049; x_wconf 87' lang='lat' dir='ltr'><strong>quibus</strong></span> <span class='ocrx_word' id='word_1_438' title='bbox 2838 2983 3023 3038; x_wconf 89' lang='lat' dir='ltr'><strong>dicere</strong></span> <span class='ocrx_word' id='word_1_439' title='bbox 3050 3000 3151 3040; x_wconf 88' lang='lat' dir='ltr'><strong>nos</strong></span> <span class='ocrx_word' id='word_1_440' title='bbox 3190 3000 3298 3039; x_wconf 89' lang='lat' dir='ltr'><strong>non</strong></span> <span class='ocrx_word' id='word_1_441' title='bbox 3335 2995 3555 3056; x_wconf 73' lang='lat' dir='ltr'><strong>oportet</strong></span> <span class='ocrx_word' id='word_1_442' title='bbox 3582 3004 3704 3042; x_wconf 88' lang='lat' dir='ltr'><strong>cum</strong></span> 
     </span>
    </p>
   </div>
   <div class='ocr_carea' id='block_1_62' title="bbox 452 3071 2022 3170">
    <p class='ocr_par' dir='ltr' id='par_1_62' title="bbox 452 3071 2022 3151">
     <span class='ocr_line' id='line_1_62' title="bbox 452 3071 2022 3151; baseline 0.004 -23"><span class='ocrx_word' id='word_1_443' title='bbox 452 3079 535 3128; x_wconf 73' lang='grc' dir='ltr'><strong>κοὶ</strong></span> <span class='ocrx_word' id='word_1_444' title='bbox 568 3077 709 3130; x_wconf 85' lang='grc' dir='ltr'>λίαν.</span> <span class='ocrx_word' id='word_1_445' title='bbox 745 3077 881 3146; x_wconf 69' lang='grc' dir='ltr'>Περὶ</span> <span class='ocrx_word' id='word_1_446' title='bbox 907 3071 982 3129; x_wconf 83' lang='grc' dir='ltr'>ὧν</span> <span class='ocrx_word' id='word_1_447' title='bbox 1014 3080 1109 3130; x_wconf 73' lang='grc' dir='ltr'>καὶ</span> <span class='ocrx_word' id='word_1_448' title='bbox 1158 3079 1220 3130; x_wconf 80' lang='grc' dir='ltr'><strong>οὐ</strong></span> <span class='ocrx_word' id='word_1_449' title='bbox 1264 3078 1373 3149; x_wconf 79' lang='grc' dir='ltr'>χρὴ</span> <span class='ocrx_word' id='word_1_450' title='bbox 1421 3080 1602 3147; x_wconf 70' lang='grc' dir='ltr'>λέγειν</span> <span class='ocrx_word' id='word_1_451' title='bbox 1645 3082 1818 3151; x_wconf 77' lang='grc' dir='ltr'>ἡμᾶς,</span> <span class='ocrx_word' id='word_1_452' title='bbox 1857 3099 2022 3151; x_wconf 78' lang='grc' dir='ltr'>σαφε-</span> 
     </span>
    </p>
   </div>
   <div class='ocr_carea' id='block_1_63' title="bbox 2126 3071 3705 3170">
    <p class='ocr_par' dir='ltr' id='par_1_63' title="bbox 2128 3073 3705 3151">
     <span class='ocr_line' id='line_1_63' title="bbox 2128 3073 3705 3151; baseline 0.005 -22"><span class='ocrx_word' id='word_1_453' title='bbox 2128 3073 2422 3130; x_wconf 89' lang='lat' dir='ltr'><strong>clarissimi</strong></span> <span class='ocrx_word' id='word_1_454' title='bbox 2452 3075 2587 3139; x_wconf 87' lang='lat' dir='ltr'><strong>sint,</strong></span> <span class='ocrx_word' id='word_1_455' title='bbox 2613 3076 2914 3145; x_wconf 90' lang='lat' dir='ltr'><strong>multisque</strong></span> <span class='ocrx_word' id='word_1_456' title='bbox 2947 3079 2998 3131; x_wconf 92' lang='lat' dir='ltr'><strong>in</strong></span> <span class='ocrx_word' id='word_1_457' title='bbox 3038 3078 3174 3133; x_wconf 89' lang='lat' dir='ltr'><strong>locis</strong></span> <span class='ocrx_word' id='word_1_458' title='bbox 3200 3080 3389 3148; x_wconf 79' lang='lat' dir='ltr'><strong>scripti</strong></span> <span class='ocrx_word' id='word_1_459' title='bbox 3419 3084 3705 3151; x_wconf 86' lang='lat' dir='ltr'><strong>reperian-</strong></span> 
     </span>
    </p>
   </div>
   <div class='ocr_carea' id='block_1_64' title="bbox 456 3170 2023 3243">
    <p class='ocr_par' dir='ltr' id='par_1_64' title="bbox 456 3170 2023 3243">
     <span class='ocr_line' id='line_1_64' title="bbox 456 3170 2023 3243; baseline 0.003 -20"><span class='ocrx_word' id='word_1_460' title='bbox 456 3172 668 3223; x_wconf 84' lang='grc' dir='ltr'>στάτων</span> <span class='ocrx_word' id='word_1_461' title='bbox 700 3170 892 3236; x_wconf 73' lang='grc' dir='ltr'>ὄντων,</span> <span class='ocrx_word' id='word_1_462' title='bbox 937 3170 1033 3224; x_wconf 73' lang='grc' dir='ltr'>καὶ</span> <span class='ocrx_word' id='word_1_463' title='bbox 1067 3173 1124 3223; x_wconf 87' lang='grc' dir='ltr'><strong>ἐν</strong></span> <span class='ocrx_word' id='word_1_464' title='bbox 1179 3172 1397 3236; x_wconf 78' lang='grc' dir='ltr'>πολλοῖς</span> <span class='ocrx_word' id='word_1_465' title='bbox 1446 3175 1874 3243; x_wconf 79' lang='grc' dir='ltr'>γεγραμμένων,</span> <span class='ocrx_word' id='word_1_466' title='bbox 1926 3178 2023 3228; x_wconf 73' lang='grc' dir='ltr'><strong>καὶ</strong></span> 
     </span>
    </p>
   </div>
   <div class='ocr_carea' id='block_1_65' title="bbox 451 3262 2021 3333">
    <p class='ocr_par' dir='ltr' id='par_1_65' title="bbox 451 3262 2021 3333">
     <span class='ocr_line' id='line_1_65' title="bbox 451 3262 2021 3333; baseline 0.001 -18"><span class='ocrx_word' id='word_1_467' title='bbox 451 3262 954 3330; x_wconf 81' lang='grc' dir='ltr'>διερμηνευθὲντων</span> <span class='ocrx_word' id='word_1_468' title='bbox 1014 3262 1094 3325; x_wconf 83' lang='grc' dir='ltr'><strong>είς</strong></span> <span class='ocrx_word' id='word_1_469' title='bbox 1160 3263 1388 3330; x_wconf 77' lang='grc' dir='ltr'>μείζονα</span> <span class='ocrx_word' id='word_1_470' title='bbox 1451 3264 1654 3331; x_wconf 81' lang='grc' dir='ltr'>γνῶσιν</span> <span class='ocrx_word' id='word_1_471' title='bbox 1719 3266 2021 3333; x_wconf 85' lang='grc' dir='ltr'>σαφηνείας</span> 
     </span>
    </p>
   </div>
   <div class='ocr_carea' id='block_1_66' title="bbox 451 3354 2023 3425">
    <p class='ocr_par' dir='ltr' id='par_1_66' title="bbox 451 3354 2023 3425">
     <span class='ocr_line' id='line_1_66' title="bbox 451 3354 2023 3425; baseline 0.001 -18"><span class='ocrx_word' id='word_1_472' title='bbox 451 3354 557 3408; x_wconf 79' lang='grc' dir='ltr'><strong>ὑπὸ</strong></span> <span class='ocrx_word' id='word_1_473' title='bbox 590 3355 826 3408; x_wconf 74' lang='grc' dir='ltr'>πολλῶν.</span> <span class='ocrx_word' id='word_1_474' title='bbox 864 3356 1018 3408; x_wconf 84' lang='grc' dir='ltr'>Κατά</span> <span class='ocrx_word' id='word_1_475' title='bbox 1060 3357 1187 3417; x_wconf 75' lang='grc' dir='ltr'>τοὺς</span> <span class='ocrx_word' id='word_1_476' title='bbox 1232 3356 1463 3417; x_wconf 70' lang='grc' dir='ltr'>κανόνας</span> <span class='ocrx_word' id='word_1_477' title='bbox 1495 3356 1675 3409; x_wconf 79' lang='grc' dir='ltr'>τοίνυν</span> <span class='ocrx_word' id='word_1_478' title='bbox 1721 3356 2023 3425; x_wconf 72' lang='grc' dir='ltr'>διακρίνειν</span> 
     </span>
    </p>
   </div>
   <div class='ocr_carea' id='block_1_67' title="bbox 452 3445 2019 3515">
    <p class='ocr_par' dir='ltr' id='par_1_67' title="bbox 452 3445 2019 3515">
     <span class='ocr_line' id='line_1_67' title="bbox 452 3445 2019 3515; baseline -0.001 -16"><span class='ocrx_word' id='word_1_479' title='bbox 452 3445 692 3507; x_wconf 71' lang='grc' dir='ltr'>ἅπαντες</span> <span class='ocrx_word' id='word_1_480' title='bbox 719 3446 1013 3514; x_wconf 73' lang='grc' dir='ltr'>ὀφείλουσι,</span> <span class='ocrx_word' id='word_1_481' title='bbox 1045 3446 1140 3498; x_wconf 76' lang='grc' dir='ltr'>καὶ</span> <span class='ocrx_word' id='word_1_482' title='bbox 1191 3445 1265 3515; x_wconf 82' lang='grc' dir='ltr'>μὴ</span> <span class='ocrx_word' id='word_1_483' title='bbox 1294 3449 1581 3515; x_wconf 78' lang='grc' dir='ltr'>προσέχειν</span> <span class='ocrx_word' id='word_1_484' title='bbox 1616 3447 1822 3515; x_wconf 79' lang='grc' dir='ltr'>ἑτέροις</span> <span class='ocrx_word' id='word_1_485' title='bbox 1857 3447 2019 3512; x_wconf 63' lang='grc' dir='ltr'>τισὶν,</span> 
     </span>
    </p>
   </div>
   <div class='ocr_carea' id='block_1_68' title="bbox 454 3535 2021 3606">
    <p class='ocr_par' dir='ltr' id='par_1_68' title="bbox 454 3535 2021 3606">
     <span class='ocr_line' id='line_1_68' title="bbox 454 3535 2021 3606; baseline 0.003 -18"><span class='ocrx_word' id='word_1_486' title='bbox 454 3536 560 3599; x_wconf 76' lang='grc' dir='ltr'><strong>ἔξω</strong></span> <span class='ocrx_word' id='word_1_487' title='bbox 593 3536 701 3590; x_wconf 84' lang='grc' dir='ltr'>τῶν</span> <span class='ocrx_word' id='word_1_488' title='bbox 746 3535 1049 3588; x_wconf 87' lang='grc' dir='ltr'>κανονικῶν</span> <span class='ocrx_word' id='word_1_489' title='bbox 1100 3537 1241 3604; x_wconf 85' lang='grc' dir='ltr'>ὅρων</span> <span class='ocrx_word' id='word_1_490' title='bbox 1284 3536 1739 3606; x_wconf 77' lang='grc' dir='ltr'>συντεθειμένοις’</span> <span class='ocrx_word' id='word_1_491' title='bbox 1774 3540 1854 3590; x_wconf 84' lang='grc' dir='ltr'>ὅτι</span> <span class='ocrx_word' id='word_1_492' title='bbox 1880 3540 2021 3593; x_wconf 79' lang='grc' dir='ltr'><strong>κατά</strong></span> 
     </span>
    </p>
   </div>
   <div class='ocr_carea' id='block_1_69' title="bbox 452 3626 2023 3698">
    <p class='ocr_par' dir='ltr' id='par_1_69' title="bbox 452 3626 2023 3698">
     <span class='ocr_line' id='line_1_69' title="bbox 452 3626 2023 3698; baseline 0.001 -17"><span class='ocrx_word' id='word_1_493' title='bbox 452 3627 706 3696; x_wconf 83' lang='grc' dir='ltr'>διαδοχὴν</span> <span class='ocrx_word' id='word_1_494' title='bbox 746 3629 779 3697; x_wconf 83' lang='grc' dir='ltr'>ὴ</span> <span class='ocrx_word' id='word_1_495' title='bbox 811 3628 992 3696; x_wconf 81' lang='grc' dir='ltr'>χάρις.</span> <span class='ocrx_word' id='word_1_496' title='bbox 1042 3627 1176 3678; x_wconf 78' lang='grc' dir='ltr'><strong>Ἀπὸ</strong></span> <span class='ocrx_word' id='word_1_497' title='bbox 1209 3626 1319 3694; x_wconf 83' lang='grc' dir='ltr'>γὰρ</span> <span class='ocrx_word' id='word_1_498' title='bbox 1364 3629 1466 3695; x_wconf 79' lang='grc' dir='ltr'>τῆς</span> <span class='ocrx_word' id='word_1_499' title='bbox 1496 3630 1680 3697; x_wconf 85' lang='grc' dir='ltr'>πηγῆς</span> <span class='ocrx_word' id='word_1_500' title='bbox 1713 3629 1818 3680; x_wconf 84' lang='grc' dir='ltr'>τῶν</span> <span class='ocrx_word' id='word_1_501' title='bbox 1867 3633 2023 3698; x_wconf 78' lang='grc' dir='ltr'>χαρί-</span> 
     </span>
    </p>
   </div>
   <div class='ocr_carea' id='block_1_70' title="bbox 452 3718 2025 3789">
    <p class='ocr_par' dir='ltr' id='par_1_70' title="bbox 452 3718 2025 3789">
     <span class='ocr_line' id='line_1_70' title="bbox 452 3718 2025 3789; baseline 0.001 -17"><span class='ocrx_word' id='word_1_502' title='bbox 452 3735 562 3772; x_wconf 81' lang='grc' dir='ltr'><strong>των</strong></span> <span class='ocrx_word' id='word_1_503' title='bbox 610 3718 704 3771; x_wconf 78' lang='grc' dir='ltr'>τοῦ</span> <span class='ocrx_word' id='word_1_504' title='bbox 750 3719 961 3787; x_wconf 84' lang='grc' dir='ltr'>Κυρίου</span> <span class='ocrx_word' id='word_1_505' title='bbox 1007 3719 1103 3770; x_wconf 78' lang='grc' dir='ltr'><strong>καὶ</strong></span> <span class='ocrx_word' id='word_1_506' title='bbox 1133 3718 1386 3788; x_wconf 80' lang='grc' dir='ltr'>Σωτῆρος</span> <span class='ocrx_word' id='word_1_507' title='bbox 1417 3720 1576 3789; x_wconf 80' lang='grc' dir='ltr'>ήμῶν</span> <span class='ocrx_word' id='word_1_508' title='bbox 1610 3721 1692 3780; x_wconf 85' lang='grc' dir='ltr'><strong>είς</strong></span> <span class='ocrx_word' id='word_1_509' title='bbox 1735 3722 1858 3783; x_wconf 79' lang='grc' dir='ltr'>τοὺς</span> <span class='ocrx_word' id='word_1_510' title='bbox 1892 3722 2025 3774; x_wconf 86' lang='grc' dir='ltr'>ἀπο-</span> 
     </span>
    </p>
   </div>
   <div class='ocr_carea' id='block_1_71' title="bbox 457 3807 2023 3878">
    <p class='ocr_par' dir='ltr' id='par_1_71' title="bbox 457 3807 2023 3878">
     <span class='ocr_line' id='line_1_71' title="bbox 457 3807 2023 3878; baseline -0.001 -14"><span class='ocrx_word' id='word_1_511' title='bbox 457 3811 675 3869; x_wconf 77' lang='grc' dir='ltr'>στόλους</span> <span class='ocrx_word' id='word_1_512' title='bbox 718 3807 882 3878; x_wconf 79' lang='grc' dir='ltr'>ἦ).θεν</span> <span class='ocrx_word' id='word_1_513' title='bbox 923 3808 1118 3861; x_wconf 78' lang='grc' dir='ltr'>αὐτοῦ·</span> <span class='ocrx_word' id='word_1_514' title='bbox 1179 3810 1287 3860; x_wconf 77' lang='grc' dir='ltr'><strong>ἀπὸ</strong></span> <span class='ocrx_word' id='word_1_515' title='bbox 1317 3807 1393 3861; x_wconf 77' lang='grc' dir='ltr'><strong>’δὲ</strong></span> <span class='ocrx_word' id='word_1_516' title='bbox 1438 3812 1548 3861; x_wconf 83' lang='grc' dir='ltr'>τῶν</span> <span class='ocrx_word' id='word_1_517' title='bbox 1590 3811 1908 3864; x_wconf 68' lang='grc' dir='ltr'>ἀποστόλων</span> <span class='ocrx_word' id='word_1_518' title='bbox 1941 3814 2023 3873; x_wconf 84' lang='grc' dir='ltr'>εἰς</span> 
     </span>
    </p>
   </div>
   <div class='ocr_carea' id='block_1_72' title="bbox 454 3900 2019 3970">
    <p class='ocr_par' dir='ltr' id='par_1_72' title="bbox 454 3900 2019 3970">
     <span class='ocr_line' id='line_1_72' title="bbox 454 3900 2019 3970; baseline 0.013 -35"><span class='ocrx_word' id='word_1_519' title='bbox 454 3908 579 3965; x_wconf 50' lang='grc' dir='ltr'><strong>τοὺς</strong></span> <span class='ocrx_word' id='word_1_520' title='bbox 613 3904 886 3969; x_wconf 76' lang='grc' dir='ltr'>Πατέραςο</span> <span class='ocrx_word' id='word_1_521' title='bbox 918 3901 1026 3952; x_wconf 76' lang='grc' dir='ltr'>ἀπὸ</span> <span class='ocrx_word' id='word_1_522' title='bbox 1051 3900 1106 3952; x_wconf 80' lang='grc' dir='ltr'>δὲ</span> <span class='ocrx_word' id='word_1_523' title='bbox 1134 3900 1244 3951; x_wconf 82' lang='grc' dir='ltr'><strong>τῶν</strong></span> <span class='ocrx_word' id='word_1_524' title='bbox 1271 3900 1531 3967; x_wconf 82' lang='grc' dir='ltr'>Πατέρων</span> <span class='ocrx_word' id='word_1_525' title='bbox 1564 3901 1721 3968; x_wconf 77' lang='grc' dir='ltr'>ἡμῶν</span> <span class='ocrx_word' id='word_1_526' title='bbox 1744 3903 1822 3959; x_wconf 80' lang='grc' dir='ltr'><strong>εἰς</strong></span> <span class='ocrx_word' id='word_1_527' title='bbox 1852 3904 2019 3970; x_wconf 77' lang='grc' dir='ltr'>ἡμᾶς.</span> 
     </span>
    </p>
   </div>
   <div class='ocr_carea' id='block_1_73' title="bbox 457 3990 2023 4062">
    <p class='ocr_par' dir='ltr' id='par_1_73' title="bbox 457 3990 2023 4062">
     <span class='ocr_line' id='line_1_73' title="bbox 457 3990 2023 4062; baseline -0.002 -17"><span class='ocrx_word' id='word_1_528' title='bbox 457 3995 516 4045; x_wconf 74' lang='grc' dir='ltr'><strong>ΕΞ</strong></span> <span class='ocrx_word' id='word_1_529' title='bbox 567 3991 660 4047; x_wconf 81' lang='grc' dir='ltr'><strong>οὖν</strong></span> <span class='ocrx_word' id='word_1_530' title='bbox 685 3992 754 4045; x_wconf 76' lang='grc' dir='ltr'>τὰ</span> <span class='ocrx_word' id='word_1_531' title='bbox 788 3992 893 4044; x_wconf 85' lang='grc' dir='ltr'><strong>τῶν</strong></span> <span class='ocrx_word' id='word_1_532' title='bbox 929 3990 1187 4058; x_wconf 79' lang='grc' dir='ltr'>Πατέρων</span> <span class='ocrx_word' id='word_1_533' title='bbox 1227 3990 1543 4058; x_wconf 79' lang='grc' dir='ltr'>τηροῦμεν,</span> <span class='ocrx_word' id='word_1_534' title='bbox 1573 3991 1666 4041; x_wconf 78' lang='grc' dir='ltr'><strong>καὶ</strong></span> <span class='ocrx_word' id='word_1_535' title='bbox 1719 3992 1751 4059; x_wconf 78' lang='grc' dir='ltr'>ἡ</span> <span class='ocrx_word' id='word_1_536' title='bbox 1802 3993 2023 4062; x_wconf 80' lang='grc' dir='ltr'>διαδοχὴ</span> 
     </span>
    </p>
   </div>
   <div class='ocr_carea' id='block_1_74' title="bbox 455 4078 2024 4152">
    <p class='ocr_par' dir='ltr' id='par_1_74' title="bbox 455 4078 2024 4152">
     <span class='ocr_line' id='line_1_74' title="bbox 455 4078 2024 4152; baseline -0.004 -16"><span class='ocrx_word' id='word_1_537' title='bbox 455 4084 549 4151; x_wconf 76' lang='grc' dir='ltr'><strong>τῆς</strong></span> <span class='ocrx_word' id='word_1_538' title='bbox 577 4084 796 4152; x_wconf 79' lang='grc' dir='ltr'>χάριτος</span> <span class='ocrx_word' id='word_1_539' title='bbox 831 4083 887 4132; x_wconf 83' lang='grc' dir='ltr'><strong>ἐν</strong></span> <span class='ocrx_word' id='word_1_540' title='bbox 914 4083 1048 4147; x_wconf 81' lang='grc' dir='ltr'>ἡμῖν</span> <span class='ocrx_word' id='word_1_541' title='bbox 1078 4080 1253 4143; x_wconf 83' lang='grc' dir='ltr'>ἐσται,</span> <span class='ocrx_word' id='word_1_542' title='bbox 1283 4080 1376 4129; x_wconf 72' lang='grc' dir='ltr'><strong>καὶ</strong></span> <span class='ocrx_word' id='word_1_543' title='bbox 1409 4078 1604 4146; x_wconf 74' lang='grc' dir='ltr'>βεῦαία</span> <span class='ocrx_word' id='word_1_544' title='bbox 1631 4080 1663 4147; x_wconf 75' lang='grc' dir='ltr'>ἡ</span> <span class='ocrx_word' id='word_1_545' title='bbox 1698 4095 1773 4131; x_wconf 77' lang='grc' dir='ltr'><strong>πα</strong></span> <span class='ocrx_word' id='word_1_546' title='bbox 1791 4084 1836 4146; x_wconf 83' lang='grc' dir='ltr'>ρ’</span> <span class='ocrx_word' id='word_1_547' title='bbox 1866 4082 2024 4147; x_wconf 80' lang='grc' dir='ltr'>ἡμῶν</span> 
     </span>
    </p>
   </div>
   <div class='ocr_carea' id='block_1_75' title="bbox 458 4170 2025 4241">
    <p class='ocr_par' dir='ltr' id='par_1_75' title="bbox 458 4170 2025 4241">
     <span class='ocr_line' id='line_1_75' title="bbox 458 4170 2025 4241; baseline -0.004 -13"><span class='ocrx_word' id='word_1_548' title='bbox 458 4178 758 4241; x_wconf 64' lang='grc' dir='ltr'>ἀπόφασις.</span> <span class='ocrx_word' id='word_1_549' title='bbox 793 4173 854 4226; x_wconf 81' lang='grc' dir='ltr'><strong>Εἰ</strong></span> <span class='ocrx_word' id='word_1_550' title='bbox 882 4172 925 4226; x_wconf 85' lang='grc' dir='ltr'>δ’</span> <span class='ocrx_word' id='word_1_551' title='bbox 960 4172 1135 4232; x_wconf 69' lang='grc' dir='ltr'>ἄλλως</span> <span class='ocrx_word' id='word_1_552' title='bbox 1167 4170 1320 4238; x_wconf 69' lang='grc' dir='ltr'>παρὰ</span> <span class='ocrx_word' id='word_1_553' title='bbox 1353 4172 1418 4221; x_wconf 74' lang='grc' dir='ltr'><strong>τά</strong></span> <span class='ocrx_word' id='word_1_554' title='bbox 1456 4170 1741 4236; x_wconf 78' lang='grc' dir='ltr'>ὡρισμένα</span> <span class='ocrx_word' id='word_1_555' title='bbox 1792 4175 2025 4233; x_wconf 72' lang='grc' dir='ltr'>ἐκείνοις</span> 
     </span>
    </p>
   </div>
   <div class='ocr_carea' id='block_1_76' title="bbox 457 4259 2025 4333">
    <p class='ocr_par' dir='ltr' id='par_1_76' title="bbox 457 4259 2025 4333">
     <span class='ocr_line' id='line_1_76' title="bbox 457 4259 2025 4333; baseline -0.002 -17"><span class='ocrx_word' id='word_1_556' title='bbox 457 4264 803 4333; x_wconf 61' lang='grc' dir='ltr'>ἐνεργήτεις,</span> <span class='ocrx_word' id='word_1_557' title='bbox 836 4262 1139 4328; x_wconf 70' lang='grc' dir='ltr'>ἀμφίόολος</span> <span class='ocrx_word' id='word_1_558' title='bbox 1174 4261 1329 4311; x_wconf 75' lang='grc' dir='ltr'>ἔσται</span> <span class='ocrx_word' id='word_1_559' title='bbox 1351 4266 1444 4310; x_wconf 75' lang='grc' dir='ltr'>καὶ</span> <span class='ocrx_word' id='word_1_560' title='bbox 1476 4260 1507 4327; x_wconf 78' lang='grc' dir='ltr'>ἡ</span> <span class='ocrx_word' id='word_1_561' title='bbox 1540 4259 1836 4326; x_wconf 62' lang='grc' dir='ltr'>ἀπόφασις.</span> <span class='ocrx_word' id='word_1_562' title='bbox 1862 4260 2025 4313; x_wconf 63' lang='grc' dir='ltr'><strong>Ἀλὶὰ</strong></span> 
     </span>
    </p>
   </div>
   <div class='ocr_carea' id='block_1_77' title="bbox 457 4351 2019 4422">
    <p class='ocr_par' dir='ltr' id='par_1_77' title="bbox 457 4351 2019 4422">
     <span class='ocr_line' id='line_1_77' title="bbox 457 4351 2019 4422; baseline -0.009 -13"><span class='ocrx_word' id='word_1_563' title='bbox 457 4360 508 4410; x_wconf 86' lang='grc' dir='ltr'><strong>τί</strong></span> <span class='ocrx_word' id='word_1_564' title='bbox 547 4357 609 4408; x_wconf 79' lang='grc' dir='ltr'><strong>τὸ</strong></span> <span class='ocrx_word' id='word_1_565' title='bbox 655 4355 967 4421; x_wconf 80' lang='grc' dir='ltr'>ἀναγκάζον</span> <span class='ocrx_word' id='word_1_566' title='bbox 1016 4353 1169 4417; x_wconf 75' lang='grc' dir='ltr'>παρᾶ</span> <span class='ocrx_word' id='word_1_567' title='bbox 1210 4352 1334 4412; x_wconf 72' lang='grc' dir='ltr'>τοὺς</span> <span class='ocrx_word' id='word_1_568' title='bbox 1380 4351 1541 4415; x_wconf 71' lang='grc' dir='ltr'>ὅρους</span> <span class='ocrx_word' id='word_1_569' title='bbox 1577 4354 1793 4414; x_wconf 80' lang='grc' dir='ltr'>ποιεῖν;</span> <span class='ocrx_word' id='word_1_570' title='bbox 1830 4353 2019 4422; x_wconf 72' lang='grc' dir='ltr'>Θερμὴ</span> 
     </span>
    </p>
   </div>
   <div class='ocr_carea' id='block_1_78' title="bbox 457 4443 2028 4511">
    <p class='ocr_par' dir='ltr' id='par_1_78' title="bbox 457 4443 2028 4511">
     <span class='ocr_line' id='line_1_78' title="bbox 457 4443 2028 4511; baseline -0.002 -14"><span class='ocrx_word' id='word_1_571' title='bbox 457 4463 601 4508; x_wconf 86' lang='grc' dir='ltr'>τινος</span> <span class='ocrx_word' id='word_1_572' title='bbox 662 4444 951 4511; x_wconf 82' lang='grc' dir='ltr'>μετανοίας</span> <span class='ocrx_word' id='word_1_573' title='bbox 1004 4443 1303 4506; x_wconf 83' lang='grc' dir='ltr'>ἐπίδειξις,</span> <span class='ocrx_word' id='word_1_574' title='bbox 1369 4443 1465 4494; x_wconf 81' lang='grc' dir='ltr'><strong>καί</strong></span> <span class='ocrx_word' id='word_1_575' title='bbox 1517 4443 1865 4509; x_wconf 70' lang='grc' dir='ltr'>ἐξαγορευτιις</span> <span class='ocrx_word' id='word_1_576' title='bbox 1921 4445 2028 4495; x_wconf 77' lang='grc' dir='ltr'><strong>τῶν</strong></span> 
     </span>
    </p>
   </div>
   <div class='ocr_carea' id='block_1_79' title="bbox 457 4532 2028 4606">
    <p class='ocr_par' dir='ltr' id='par_1_79' title="bbox 457 4532 2028 4606">
     <span class='ocr_line' id='line_1_79' title="bbox 457 4532 2028 4606; baseline -0.012 -16"><span class='ocrx_word' id='word_1_577' title='bbox 457 4536 837 4606; x_wconf 78' lang='grc' dir='ltr'>ἐπταισμένων</span> <span class='ocrx_word' id='word_1_578' title='bbox 880 4534 1100 4597; x_wconf 81' lang='grc' dir='ltr'>τελεία,</span> <span class='ocrx_word' id='word_1_579' title='bbox 1155 4533 1249 4584; x_wconf 75' lang='grc' dir='ltr'><strong>καὶ</strong></span> <span class='ocrx_word' id='word_1_580' title='bbox 1287 4532 1552 4602; x_wconf 72' lang='grc' dir='ltr'>συντριϐῇ</span> <span class='ocrx_word' id='word_1_581' title='bbox 1610 4536 1671 4584; x_wconf 78' lang='grc' dir='ltr'><strong>ἐκ</strong></span> <span class='ocrx_word' id='word_1_582' title='bbox 1715 4532 1896 4601; x_wconf 70' lang='grc' dir='ltr'>ψυχῆς</span> <span class='ocrx_word' id='word_1_583' title='bbox 1932 4537 2028 4585; x_wconf 63' lang='grc' dir='ltr'><strong>καὶ</strong></span> 
     </span>
    </p>
   </div>
   <div class='ocr_carea' id='block_1_80' title="bbox 457 4624 2028 4692">
    <p class='ocr_par' dir='ltr' id='par_1_80' title="bbox 457 4624 2028 4692">
     <span class='ocr_line' id='line_1_80' title="bbox 457 4624 2028 4692; baseline -0.003 -12"><span class='ocrx_word' id='word_1_584' title='bbox 457 4628 807 4688; x_wconf 83' lang='grc' dir='ltr'>ταπείνωσις,</span> <span class='ocrx_word' id='word_1_585' title='bbox 843 4624 1020 4692; x_wconf 76' lang='grc' dir='ltr'>ἀποχὴ</span> <span class='ocrx_word' id='word_1_586' title='bbox 1071 4641 1131 4676; x_wconf 85' lang='grc' dir='ltr'><strong>τε</strong></span> <span class='ocrx_word' id='word_1_587' title='bbox 1178 4624 1384 4692; x_wconf 75' lang='grc' dir='ltr'>ἀληθὴς</span> <span class='ocrx_word' id='word_1_588' title='bbox 1421 4625 1527 4674; x_wconf 78' lang='grc' dir='ltr'><strong>τῶν</strong></span> <span class='ocrx_word' id='word_1_589' title='bbox 1564 4625 1814 4692; x_wconf 74' lang='grc' dir='ltr'>πονηρῶν</span> <span class='ocrx_word' id='word_1_590' title='bbox 1848 4624 2028 4690; x_wconf 66' lang='grc' dir='ltr'>ἔργων</span> 
     </span>
    </p>
   </div>
   <div class='ocr_carea' id='block_1_81' title="bbox 459 4715 2029 4786">
    <p class='ocr_par' dir='ltr' id='par_1_81' title="bbox 459 4715 2029 4786">
     <span class='ocr_line' id='line_1_81' title="bbox 459 4715 2029 4786; baseline -0.005 -13"><span class='ocrx_word' id='word_1_591' title='bbox 459 4722 551 4773; x_wconf 70' lang='grc' dir='ltr'><strong>καὶ</strong></span> <span class='ocrx_word' id='word_1_592' title='bbox 585 4720 684 4785; x_wconf 83' lang='grc' dir='ltr'>τῆς</span> <span class='ocrx_word' id='word_1_593' title='bbox 716 4717 990 4786; x_wconf 81' lang='grc' dir='ltr'>ἁμαρτίας</span> <span class='ocrx_word' id='word_1_594' title='bbox 1015 4719 1077 4767; x_wconf 80' lang='grc' dir='ltr'><strong>ἐκ</strong></span> <span class='ocrx_word' id='word_1_595' title='bbox 1108 4715 1207 4782; x_wconf 82' lang='grc' dir='ltr'><strong>τῆς</strong></span> <span class='ocrx_word' id='word_1_596' title='bbox 1241 4716 1470 4784; x_wconf 52' lang='grc' dir='ltr'>καρδίας</span> <span class='ocrx_word' id='word_1_597' title='bbox 1515 4716 1667 4780; x_wconf 79' lang='grc' dir='ltr'>μῖσος</span> <span class='ocrx_word' id='word_1_598' title='bbox 1704 4717 1798 4766; x_wconf 70' lang='grc' dir='ltr'><strong>καὶ</strong></span> <span class='ocrx_word' id='word_1_599' title='bbox 1824 4716 2029 4783; x_wconf 75' lang='grc' dir='ltr'>ταύτης</span> 
     </span>
    </p>
   </div>
   <div class='ocr_carea' id='block_1_82' title="bbox 456 4807 2027 4879">
    <p class='ocr_par' dir='ltr' id='par_1_82' title="bbox 456 4807 2027 4879">
     <span class='ocr_line' id='line_1_82' title="bbox 456 4807 2027 4879; baseline -0.003 -15"><span class='ocrx_word' id='word_1_600' title='bbox 456 4811 736 4879; x_wconf 74' lang='grc' dir='ltr'>ἀποφυγὴ,</span> <span class='ocrx_word' id='word_1_601' title='bbox 768 4808 866 4861; x_wconf 79' lang='grc' dir='ltr'>καὶ</span> <span class='ocrx_word' id='word_1_602' title='bbox 900 4807 1183 4876; x_wconf 80' lang='grc' dir='ltr'>προθυμία</span> <span class='ocrx_word' id='word_1_603' title='bbox 1222 4809 1357 4876; x_wconf 74' lang='grc' dir='ltr'>προς</span> <span class='ocrx_word' id='word_1_604' title='bbox 1411 4807 1549 4875; x_wconf 77' lang='grc' dir='ltr'>ἔργα</span> <span class='ocrx_word' id='word_1_605' title='bbox 1598 4809 1697 4876; x_wconf 79' lang='grc' dir='ltr'>τῆς</span> <span class='ocrx_word' id='word_1_606' title='bbox 1739 4809 2027 4875; x_wconf 80' lang='grc' dir='ltr'>μετανοίας</span> 
     </span>
    </p>
   </div>
   <div class='ocr_carea' id='block_1_83' title="bbox 459 4896 2027 4968">
    <p class='ocr_par' dir='ltr' id='par_1_83' title="bbox 459 4896 2027 4968">
     <span class='ocr_line' id='line_1_83' title="bbox 459 4896 2027 4968; baseline 0 -18"><span class='ocrx_word' id='word_1_607' title='bbox 459 4902 516 4950; x_wconf 91' lang='grc' dir='ltr'><strong>ἐν</strong></span> <span class='ocrx_word' id='word_1_608' title='bbox 545 4896 846 4968; x_wconf 77' lang='grc' dir='ltr'>ἐγκρατείᾳ</span> <span class='ocrx_word' id='word_1_609' title='bbox 883 4914 945 4947; x_wconf 84' lang='grc' dir='ltr'><strong>τε</strong></span> <span class='ocrx_word' id='word_1_610' title='bbox 992 4898 1086 4948; x_wconf 75' lang='grc' dir='ltr'>καὶ</span> <span class='ocrx_word' id='word_1_611' title='bbox 1134 4896 1311 4961; x_wconf 59' lang='lat' dir='ltr'><strong>nisi;</strong></span> <span class='ocrx_word' id='word_1_612' title='bbox 1347 4897 1622 4948; x_wconf 75' lang='grc' dir='ltr'>Κάλλιστα</span> <span class='ocrx_word' id='word_1_613' title='bbox 1651 4896 1820 4948; x_wconf 79' lang='grc' dir='ltr'>ταῦτα</span> <span class='ocrx_word' id='word_1_614' title='bbox 1850 4900 1944 4949; x_wconf 76' lang='grc' dir='ltr'><strong>καὶ</strong></span> <span class='ocrx_word' id='word_1_615' title='bbox 1977 4901 2027 4950; x_wconf 78' lang='grc' dir='ltr'>οἱ</span> 
     </span>
    </p>
   </div>
   <div class='ocr_carea' id='block_1_84' title="bbox 462 4988 2023 5059">
    <p class='ocr_par' dir='ltr' id='par_1_84' title="bbox 462 4988 2023 5059">
     <span class='ocr_line' id='line_1_84' title="bbox 462 4988 2023 5059; baseline -0.002 -16"><span class='ocrx_word' id='word_1_616' title='bbox 462 4993 702 5059; x_wconf 80' lang='grc' dir='ltr'>Πατέρες</span> <span class='ocrx_word' id='word_1_617' title='bbox 749 4990 1085 5042; x_wconf 69' lang='grc' dir='ltr'>διδάσκοντι.</span> <span class='ocrx_word' id='word_1_618' title='bbox 1123 4988 1233 5039; x_wconf 68' lang='grc' dir='ltr'><strong>Καὶ</strong></span> <span class='ocrx_word' id='word_1_619' title='bbox 1284 4988 1575 5055; x_wconf 80' lang='grc' dir='ltr'>πρόσδεξαι</span> <span class='ocrx_word' id='word_1_620' title='bbox 1614 4990 1703 5039; x_wconf 81' lang='grc' dir='ltr'><strong>τὸν</strong></span> <span class='ocrx_word' id='word_1_621' title='bbox 1759 4990 2023 5052; x_wconf 80' lang='grc' dir='ltr'>τοιοῦτον,</span> 
     </span>
    </p>
   </div>
   <div class='ocr_carea' id='block_1_85' title="bbox 461 5075 2027 5146">
    <p class='ocr_par' dir='ltr' id='par_1_85' title="bbox 461 5075 2027 5146">
     <span class='ocr_line' id='line_1_85' title="bbox 461 5075 2027 5146; baseline -0.001 -15"><span class='ocrx_word' id='word_1_622' title='bbox 461 5081 555 5131; x_wconf 68' lang='grc' dir='ltr'><strong>καὶ</strong></span> <span class='ocrx_word' id='word_1_623' title='bbox 597 5080 666 5131; x_wconf 88' lang='grc' dir='ltr'><strong>τά</strong></span> <span class='ocrx_word' id='word_1_624' title='bbox 701 5078 802 5146; x_wconf 77' lang='grc' dir='ltr'><strong>τῆς</strong></span> <span class='ocrx_word' id='word_1_625' title='bbox 850 5079 1072 5145; x_wconf 84' lang='grc' dir='ltr'>ἀγάπης</span> <span class='ocrx_word' id='word_1_626' title='bbox 1126 5075 1276 5145; x_wconf 85' lang='grc' dir='ltr'>αὑτῷ</span> <span class='ocrx_word' id='word_1_627' title='bbox 1329 5076 1615 5144; x_wconf 79' lang='grc' dir='ltr'>κύρωσον·</span> <span class='ocrx_word' id='word_1_628' title='bbox 1647 5077 2027 5145; x_wconf 77' lang='grc' dir='ltr'>άσφάλισαιδὲ</span> 
     </span>
    </p>
   </div>
   <div class='ocr_carea' id='block_1_86' title="bbox 461 5168 2027 5237">
    <p class='ocr_par' dir='ltr' id='par_1_86' title="bbox 461 5168 2027 5237">
     <span class='ocr_line' id='line_1_86' title="bbox 461 5168 2027 5237; baseline -0.001 -14"><span class='ocrx_word' id='word_1_629' title='bbox 461 5173 554 5223; x_wconf 64' lang='grc' dir='ltr'>τὸν</span> <span class='ocrx_word' id='word_1_630' title='bbox 600 5170 850 5236; x_wconf 77' lang='grc' dir='ltr'>ἀδελφὸν,</span> <span class='ocrx_word' id='word_1_631' title='bbox 881 5170 978 5221; x_wconf 79' lang='grc' dir='ltr'>καὶ</span> <span class='ocrx_word' id='word_1_632' title='bbox 1028 5168 1094 5220; x_wconf 78' lang='grc' dir='ltr'>τὰ</span> <span class='ocrx_word' id='word_1_633' title='bbox 1149 5170 1248 5234; x_wconf 84' lang='grc' dir='ltr'><strong>τῆς</strong></span> <span class='ocrx_word' id='word_1_634' title='bbox 1297 5169 1585 5235; x_wconf 82' lang='grc' dir='ltr'>μετανοίας</span> <span class='ocrx_word' id='word_1_635' title='bbox 1631 5168 2027 5237; x_wconf 73' lang='grc' dir='ltr'>ἀκριϐέστερον</span> 
     </span>
    </p>
   </div>
   <div class='ocr_carea' id='block_1_87' title="bbox 464 5258 2028 5333">
    <p class='ocr_par' dir='ltr' id='par_1_87' title="bbox 464 5258 2028 5333">
     <span class='ocr_line' id='line_1_87' title="bbox 464 5258 2028 5333; baseline -0.002 -19"><span class='ocrx_word' id='word_1_636' title='bbox 464 5263 718 5333; x_wconf 80' lang='grc' dir='ltr'>ζήτησον.</span> <span class='ocrx_word' id='word_1_637' title='bbox 764 5261 874 5315; x_wconf 76' lang='grc' dir='ltr'><strong>Καὶ</strong></span> <span class='ocrx_word' id='word_1_638' title='bbox 908 5262 1107 5328; x_wconf 79' lang='grc' dir='ltr'>πεῖραν</span> <span class='ocrx_word' id='word_1_639' title='bbox 1153 5258 1286 5310; x_wconf 75' lang='grc' dir='ltr'>λάϐε</span> <span class='ocrx_word' id='word_1_640' title='bbox 1319 5259 1518 5310; x_wconf 78' lang='grc' dir='ltr'>αὑτοῦ·</span> <span class='ocrx_word' id='word_1_641' title='bbox 1552 5260 1644 5309; x_wconf 78' lang='grc' dir='ltr'><strong>καὶ</strong></span> <span class='ocrx_word' id='word_1_642' title='bbox 1675 5259 1789 5327; x_wconf 82' lang='grc' dir='ltr'>εἴγε</span> <span class='ocrx_word' id='word_1_643' title='bbox 1821 5262 1884 5311; x_wconf 91' lang='grc' dir='ltr'><strong>ἐκ</strong></span> <span class='ocrx_word' id='word_1_644' title='bbox 1906 5259 2028 5311; x_wconf 86' lang='grc' dir='ltr'>τού-</span> 
     </span>
    </p>
   </div>
   <div class='ocr_carea' id='block_1_88' title="bbox 463 5350 2030 5420">
    <p class='ocr_par' dir='ltr' id='par_1_88' title="bbox 463 5350 2030 5420">
     <span class='ocr_line' id='line_1_88' title="bbox 463 5350 2030 5420; baseline -0.001 -16"><span class='ocrx_word' id='word_1_645' title='bbox 463 5369 553 5404; x_wconf 83' lang='grc' dir='ltr'><strong>του</strong></span> <span class='ocrx_word' id='word_1_646' title='bbox 584 5354 643 5405; x_wconf 74' lang='grc' dir='ltr'>τὸ</span> <span class='ocrx_word' id='word_1_647' title='bbox 674 5356 771 5419; x_wconf 82' lang='grc' dir='ltr'><strong>τῆς</strong></span> <span class='ocrx_word' id='word_1_648' title='bbox 794 5350 1091 5419; x_wconf 79' lang='grc' dir='ltr'>’μετανοίας</span> <span class='ocrx_word' id='word_1_649' title='bbox 1125 5350 1351 5417; x_wconf 84' lang='grc' dir='ltr'>γνήσιον</span> <span class='ocrx_word' id='word_1_650' title='bbox 1384 5350 1745 5417; x_wconf 78' lang='grc' dir='ltr'>καταμάθοις,</span> <span class='ocrx_word' id='word_1_651' title='bbox 1779 5350 1874 5401; x_wconf 79' lang='grc' dir='ltr'>καὶ</span> <span class='ocrx_word' id='word_1_652' title='bbox 1906 5352 2030 5420; x_wconf 71' lang='grc' dir='ltr'><strong>χρό-</strong></span> 
     </span>
    </p>
   </div>
   <div class='ocr_carea' id='block_1_89' title="bbox 464 5435 2030 5510">
    <p class='ocr_par' dir='ltr' id='par_1_89' title="bbox 464 5435 2030 5510">
     <span class='ocr_line' id='line_1_89' title="bbox 464 5435 2030 5510; baseline -0.004 -12"><span class='ocrx_word' id='word_1_653' title='bbox 464 5458 555 5494; x_wconf 81' lang='grc' dir='ltr'><strong>νου</strong></span> <span class='ocrx_word' id='word_1_654' title='bbox 606 5441 834 5510; x_wconf 80' lang='grc' dir='ltr'>ζητήσει</span> <span class='ocrx_word' id='word_1_655' title='bbox 889 5435 1043 5501; x_wconf 78' lang='grc' dir='ltr'>οὗτος</span> <span class='ocrx_word' id='word_1_656' title='bbox 1090 5438 1442 5508; x_wconf 78' lang='grc' dir='ltr'>ἁρμόζουσαν</span> <span class='ocrx_word' id='word_1_657' title='bbox 1476 5440 1739 5507; x_wconf 77' lang='grc' dir='ltr'>ἐκκοπὴν,</span> <span class='ocrx_word' id='word_1_658' title='bbox 1781 5444 1871 5493; x_wconf 76' lang='grc' dir='ltr'><strong>καὶ</strong></span> <span class='ocrx_word' id='word_1_659' title='bbox 1908 5458 2030 5492; x_wconf 89' lang='grc' dir='ltr'>συν-</span> 
     </span>
    </p>
   </div>
   <div class='ocr_carea' id='block_1_90' title="bbox 470 5530 2026 5601">
    <p class='ocr_par' dir='ltr' id='par_1_90' title="bbox 470 5530 2026 5601">
     <span class='ocr_line' id='line_1_90' title="bbox 470 5530 2026 5601; baseline -0.003 -14"><span class='ocrx_word' id='word_1_660' title='bbox 470 5534 657 5601; x_wconf 68' lang='grc' dir='ltr'>τομίαν</span> <span class='ocrx_word' id='word_1_661' title='bbox 685 5533 809 5585; x_wconf 80' lang='grc' dir='ltr'>τινὰ</span> <span class='ocrx_word' id='word_1_662' title='bbox 838 5531 1116 5599; x_wconf 77' lang='grc' dir='ltr'>ἐπωφελῆ,</span> <span class='ocrx_word' id='word_1_663' title='bbox 1154 5530 1291 5599; x_wconf 73' lang='grc' dir='ltr'>πρὸς</span> <span class='ocrx_word' id='word_1_664' title='bbox 1315 5531 1375 5582; x_wconf 86' lang='grc' dir='ltr'>τὸ</span> <span class='ocrx_word' id='word_1_665' title='bbox 1404 5531 1726 5599; x_wconf 78' lang='grc' dir='ltr'>μεταδοῦναι</span> <span class='ocrx_word' id='word_1_666' title='bbox 1762 5533 1852 5583; x_wconf 80' lang='grc' dir='ltr'>τοῦ</span> <span class='ocrx_word' id='word_1_667' title='bbox 1886 5531 2026 5598; x_wconf 87' lang='grc' dir='ltr'>ἀγα-</span> 
     </span>
    </p>
   </div>
   <div class='ocr_carea' id='block_1_91' title="bbox 466 5617 2026 5689">
    <p class='ocr_par' dir='ltr' id='par_1_91' title="bbox 466 5617 2026 5689">
     <span class='ocr_line' id='line_1_91' title="bbox 466 5617 2026 5689; baseline 0.001 -18"><span class='ocrx_word' id='word_1_668' title='bbox 466 5617 557 5671; x_wconf 76' lang='grc' dir='ltr'>θοῦ</span> <span class='ocrx_word' id='word_1_669' title='bbox 588 5620 646 5671; x_wconf 85' lang='grc' dir='ltr'><strong>οὑ</strong></span> <span class='ocrx_word' id='word_1_670' title='bbox 682 5618 997 5687; x_wconf 80' lang='grc' dir='ltr'>κωλυθὴσῃ.</span> <span class='ocrx_word' id='word_1_671' title='bbox 1027 5618 1135 5669; x_wconf 70' lang='grc' dir='ltr'><strong>Καὶ</strong></span> <span class='ocrx_word' id='word_1_672' title='bbox 1162 5617 1271 5686; x_wconf 83' lang='grc' dir='ltr'><strong>γάρ</strong></span> <span class='ocrx_word' id='word_1_673' title='bbox 1298 5622 1325 5670; x_wconf 75' lang='grc' dir='ltr'>ὁ</span> <span class='ocrx_word' id='word_1_674' title='bbox 1361 5619 1559 5680; x_wconf 80' lang='grc' dir='ltr'>σκοπὸς</span> <span class='ocrx_word' id='word_1_675' title='bbox 1591 5618 1739 5680; x_wconf 72' lang='grc' dir='ltr'>ἅπας</span> <span class='ocrx_word' id='word_1_676' title='bbox 1785 5620 1918 5689; x_wconf 73' lang='grc' dir='ltr'>πρὸς</span> <span class='ocrx_word' id='word_1_677' title='bbox 1966 5620 2026 5672; x_wconf 82' lang='grc' dir='ltr'><strong>τὸ</strong></span> 
     </span>
    </p>
   </div>
   <div class='ocr_carea' id='block_1_92' title="bbox 468 5707 2027 5786">
    <p class='ocr_par' dir='ltr' id='par_1_92' title="bbox 468 5707 2027 5786">
     <span class='ocr_line' id='line_1_92' title="bbox 468 5707 2027 5786; baseline 0.002 -25"><span class='ocrx_word' id='word_1_678' title='bbox 468 5709 735 5786; x_wconf 73' lang='grc' dir='ltr'>ἑνωθῆναι</span> <span class='ocrx_word' id='word_1_679' title='bbox 766 5708 971 5773; x_wconf 83' lang='grc' dir='ltr'>πάντας</span> <span class='ocrx_word' id='word_1_680' title='bbox 1004 5707 1078 5781; x_wconf 78' lang='grc' dir='ltr'>τῷ</span> <span class='ocrx_word' id='word_1_681' title='bbox 1109 5708 1318 5781; x_wconf 78' lang='grc' dir='ltr'>ἀγαθῷ.</span> <span class='ocrx_word' id='word_1_682' title='bbox 1366 5708 1472 5761; x_wconf 75' lang='grc' dir='ltr'><strong>Καὶ</strong></span> <span class='ocrx_word' id='word_1_683' title='bbox 1506 5710 1555 5760; x_wconf 85' lang='grc' dir='ltr'>εὶ</span> <span class='ocrx_word' id='word_1_684' title='bbox 1596 5709 1773 5777; x_wconf 72' lang='grc' dir='ltr'>τοῦτο,</span> <span class='ocrx_word' id='word_1_685' title='bbox 1816 5711 1892 5782; x_wconf 77' lang='grc' dir='ltr'>μὴ</span> <span class='ocrx_word' id='word_1_686' title='bbox 1930 5728 2027 5764; x_wconf 87' lang='grc' dir='ltr'>κα-</span> 
     </span>
    </p>
   </div>
   <div class='ocr_carea' id='block_1_93' title="bbox 2133 3167 3708 3240">
    <p class='ocr_par' dir='ltr' id='par_1_93' title="bbox 2133 3167 3708 3240">
     <span class='ocr_line' id='line_1_93' title="bbox 2133 3167 3708 3240; baseline 0.005 -22"><span class='ocrx_word' id='word_1_687' title='bbox 2133 3174 2241 3227; x_wconf 89' lang='lat' dir='ltr'><strong>tur,</strong></span> <span class='ocrx_word' id='word_1_688' title='bbox 2283 3177 2335 3219; x_wconf 93' lang='lat' dir='ltr'><strong>et</strong></span> <span class='ocrx_word' id='word_1_689' title='bbox 2362 3181 2389 3218; x_wconf 77' lang='grc' dir='ltr'><strong>ο</strong></span> <span class='ocrx_word' id='word_1_690' title='bbox 2430 3167 2616 3220; x_wconf 90' lang='lat' dir='ltr'><strong>multis</strong></span> <span class='ocrx_word' id='word_1_691' title='bbox 2649 3168 2718 3219; x_wconf 89' lang='lat' dir='ltr'><strong>ad</strong></span> <span class='ocrx_word' id='word_1_692' title='bbox 2766 3169 3148 3223; x_wconf 81' lang='lat' dir='ltr'><strong>dilucidiorcm</strong></span> <span class='ocrx_word' id='word_1_693' title='bbox 3202 3172 3573 3240; x_wconf 77' lang='lat' dir='ltr'><strong>cognitionem</strong></span> <span class='ocrx_word' id='word_1_694' title='bbox 3609 3188 3708 3226; x_wconf 79' lang='lat' dir='ltr'><strong>cx-</strong></span> 
     </span>
    </p>
   </div>
   <div class='ocr_carea' id='block_1_94' title="bbox 2132 3256 3710 3331">
    <p class='ocr_par' dir='ltr' id='par_1_94' title="bbox 2132 3256 3710 3331">
     <span class='ocr_line' id='line_1_94' title="bbox 2132 3256 3710 3331; baseline 0.003 -21"><span class='ocrx_word' id='word_1_695' title='bbox 2132 3258 2337 3326; x_wconf 85' lang='lat' dir='ltr'><strong>plicati.</strong></span> <span class='ocrx_word' id='word_1_696' title='bbox 2370 3256 2580 3311; x_wconf 87' lang='lat' dir='ltr'><strong>Debent</strong></span> <span class='ocrx_word' id='word_1_697' title='bbox 2612 3258 2777 3326; x_wconf 88' lang='lat' dir='ltr'><strong>igitur</strong></span> <span class='ocrx_word' id='word_1_698' title='bbox 2806 3274 2996 3314; x_wconf 90' lang='lat' dir='ltr'><strong>omnes</strong></span> <span class='ocrx_word' id='word_1_699' title='bbox 3024 3265 3324 3316; x_wconf 88' lang='lat' dir='ltr'><strong>secundum</strong></span> <span class='ocrx_word' id='word_1_700' title='bbox 3350 3277 3592 3318; x_wconf 81' lang='lat' dir='ltr'><strong>canones</strong></span> <span class='ocrx_word' id='word_1_701' title='bbox 3620 3263 3710 3331; x_wconf 85' lang='lat' dir='ltr'><strong>jo-</strong></span> 
     </span>
    </p>
   </div>
   <div class='ocr_carea' id='block_1_95' title="bbox 2131 3348 3709 3418">
    <p class='ocr_par' dir='ltr' id='par_1_95' title="bbox 2131 3348 3709 3418">
     <span class='ocr_line' id='line_1_95' title="bbox 2131 3348 3709 3418; baseline 0.004 -17"><span class='ocrx_word' id='word_1_702' title='bbox 2131 3348 2334 3409; x_wconf 86' lang='lat' dir='ltr'><strong>dicare,</strong></span> <span class='ocrx_word' id='word_1_703' title='bbox 2367 3362 2465 3402; x_wconf 90' lang='lat' dir='ltr'><strong>nec</strong></span> <span class='ocrx_word' id='word_1_704' title='bbox 2498 3351 2782 3402; x_wconf 89' lang='lat' dir='ltr'><strong>attendere</strong></span> <span class='ocrx_word' id='word_1_705' title='bbox 2816 3350 3003 3403; x_wconf 90' lang='lat' dir='ltr'><strong>nescio</strong></span> <span class='ocrx_word' id='word_1_706' title='bbox 3025 3351 3229 3418; x_wconf 87' lang='lat' dir='ltr'><strong>quibus</strong></span> <span class='ocrx_word' id='word_1_707' title='bbox 3256 3351 3380 3407; x_wconf 88' lang='lat' dir='ltr'><strong>aliis</strong></span> <span class='ocrx_word' id='word_1_708' title='bbox 3421 3363 3577 3406; x_wconf 75' lang='lat' dir='ltr'><strong>extra</strong></span> <span class='ocrx_word' id='word_1_709' title='bbox 3620 3368 3709 3407; x_wconf 82' lang='lat' dir='ltr'><strong>ca-</strong></span> 
     </span>
    </p>
   </div>
   <div class='ocr_carea' id='block_1_96' title="bbox 2132 3426 3710 3514">
    <p class='ocr_par' dir='ltr' id='par_1_96' title="bbox 2132 3426 3710 3514">
     <span class='ocr_line' id='line_1_96' title="bbox 2132 3426 3710 3514; baseline 0.004 -22"><span class='ocrx_word' id='word_1_710' title='bbox 2132 3441 2356 3493; x_wconf 86' lang='lat' dir='ltr'><strong>nonicas</strong></span> <span class='ocrx_word' id='word_1_711' title='bbox 2384 3439 2732 3495; x_wconf 84' lang='lat' dir='ltr'><strong>deﬁnitiones</strong></span> <span class='ocrx_word' id='word_1_712' title='bbox 2763 3426 3108 3512; x_wconf 77' lang='lat' dir='ltr'><strong>compositis.</strong></span> <span class='ocrx_word' id='word_1_713' title='bbox 3149 3444 3409 3512; x_wconf 89' lang='lat' dir='ltr'><strong>quoniam</strong></span> <span class='ocrx_word' id='word_1_714' title='bbox 3444 3445 3619 3514; x_wconf 87' lang='lat' dir='ltr'><strong>gratia</strong></span> <span class='ocrx_word' id='word_1_715' title='bbox 3643 3446 3710 3499; x_wconf 89' lang='lat' dir='ltr'><strong>ad</strong></span> 
     </span>
    </p>
   </div>
   <div class='ocr_carea' id='block_1_97' title="bbox 2131 3532 3709 3612">
    <p class='ocr_par' dir='ltr' id='par_1_97' title="bbox 2131 3532 3709 3612">
     <span class='ocr_line' id='line_1_97' title="bbox 2131 3532 3709 3612; baseline 0.003 -29"><span class='ocrx_word' id='word_1_716' title='bbox 2131 3546 2229 3583; x_wconf 86' lang='lat' dir='ltr'><strong>nos</strong></span> <span class='ocrx_word' id='word_1_717' title='bbox 2271 3545 2367 3596; x_wconf 88' lang='lat' dir='ltr'><strong>per</strong></span> <span class='ocrx_word' id='word_1_718' title='bbox 2414 3532 2825 3612; x_wconf 73' lang='lat' dir='ltr'><strong>successionem</strong></span> <span class='ocrx_word' id='word_1_719' title='bbox 2898 3534 3205 3589; x_wconf 84' lang='lat' dir='ltr'><strong>descendit.</strong></span> <span class='ocrx_word' id='word_1_720' title='bbox 3253 3538 3297 3590; x_wconf 87' lang='lat' dir='ltr'><strong>A</strong></span> <span class='ocrx_word' id='word_1_721' title='bbox 3354 3535 3504 3591; x_wconf 84' lang='lat' dir='ltr'><strong>fonte</strong></span> <span class='ocrx_word' id='word_1_722' title='bbox 3566 3538 3709 3591; x_wconf 87' lang='lat' dir='ltr'><strong>enim</strong></span> 
     </span>
    </p>
   </div>
   <div class='ocr_carea' id='block_1_98' title="bbox 2131 3624 3710 3696">
    <p class='ocr_par' dir='ltr' id='par_1_98' title="bbox 2131 3624 3710 3696">
     <span class='ocr_line' id='line_1_98' title="bbox 2131 3624 3710 3696; baseline 0.007 -24"><span class='ocrx_word' id='word_1_723' title='bbox 2131 3624 2425 3690; x_wconf 86' lang='lat' dir='ltr'><strong>gratiarum</strong></span> <span class='ocrx_word' id='word_1_724' title='bbox 2464 3624 2693 3678; x_wconf 85' lang='lat' dir='ltr'><strong>Domino</strong></span> <span class='ocrx_word' id='word_1_725' title='bbox 2721 3634 2774 3677; x_wconf 88' lang='lat' dir='ltr'><strong>et</strong></span> <span class='ocrx_word' id='word_1_726' title='bbox 2804 3624 3091 3679; x_wconf 83' lang='lat' dir='ltr'><strong>Salvatore</strong></span> <span class='ocrx_word' id='word_1_727' title='bbox 3120 3638 3311 3682; x_wconf 87' lang='lat' dir='ltr'><strong>nostro</strong></span> <span class='ocrx_word' id='word_1_728' title='bbox 3343 3630 3396 3682; x_wconf 91' lang='lat' dir='ltr'><strong>in</strong></span> <span class='ocrx_word' id='word_1_729' title='bbox 3430 3630 3710 3696; x_wconf 85' lang='lat' dir='ltr'><strong>apostolos</strong></span> 
     </span>
    </p>
   </div>
   <div class='ocr_carea' id='block_1_99' title="bbox 2131 3715 3710 3783">
    <p class='ocr_par' dir='ltr' id='par_1_99' title="bbox 2131 3715 3710 3783">
     <span class='ocr_line' id='line_1_99' title="bbox 2131 3715 3710 3783; baseline 0.005 -18"><span class='ocrx_word' id='word_1_730' title='bbox 2131 3715 2248 3781; x_wconf 86' lang='lat' dir='ltr'><strong>cjns</strong></span> <span class='ocrx_word' id='word_1_731' title='bbox 2274 3715 2441 3780; x_wconf 83' lang='lat' dir='ltr'><strong>venit,</strong></span> <span class='ocrx_word' id='word_1_732' title='bbox 2470 3716 2539 3767; x_wconf 87' lang='lat' dir='ltr'><strong>ab</strong></span> <span class='ocrx_word' id='word_1_733' title='bbox 2564 3717 2827 3783; x_wconf 73' lang='lat' dir='ltr'><strong>apostolis</strong></span> <span class='ocrx_word' id='word_1_734' title='bbox 2848 3727 3032 3772; x_wconf 87' lang='lat' dir='ltr'><strong>autem</strong></span> <span class='ocrx_word' id='word_1_735' title='bbox 3065 3720 3117 3771; x_wconf 92' lang='lat' dir='ltr'><strong>in</strong></span> <span class='ocrx_word' id='word_1_736' title='bbox 3146 3718 3361 3783; x_wconf 75' lang='lat' dir='ltr'><strong>Patres,</strong></span> <span class='ocrx_word' id='word_1_737' title='bbox 3394 3736 3421 3772; x_wconf 90' lang='lat' dir='ltr'><strong>a</strong></span> <span class='ocrx_word' id='word_1_738' title='bbox 3457 3720 3710 3774; x_wconf 79' lang='lat' dir='ltr'><strong>Patribus</strong></span> 
     </span>
    </p>
   </div>
   <div class='ocr_carea' id='block_1_100' title="bbox 2133 3806 3711 3876">
    <p class='ocr_par' dir='ltr' id='par_1_100' title="bbox 2133 3806 3711 3876">
     <span class='ocr_line' id='line_1_100' title="bbox 2133 3806 3711 3876; baseline 0.005 -18"><span class='ocrx_word' id='word_1_739' title='bbox 2133 3808 2341 3860; x_wconf 89' lang='lat' dir='ltr'><strong>nostris</strong></span> <span class='ocrx_word' id='word_1_740' title='bbox 2374 3807 2439 3859; x_wconf 87' lang='lat' dir='ltr'><strong>ad</strong></span> <span class='ocrx_word' id='word_1_741' title='bbox 2479 3822 2598 3859; x_wconf 91' lang='lat' dir='ltr'><strong>nos.</strong></span> <span class='ocrx_word' id='word_1_742' title='bbox 2639 3806 2695 3859; x_wconf 92' lang='lat' dir='ltr'><strong>Si</strong></span> <span class='ocrx_word' id='word_1_743' title='bbox 2729 3807 2893 3875; x_wconf 85' lang='lat' dir='ltr'><strong>igitur</strong></span> <span class='ocrx_word' id='word_1_744' title='bbox 2914 3824 3034 3876; x_wconf 74' lang='lat' dir='ltr'><strong>qua‘</strong></span> <span class='ocrx_word' id='word_1_745' title='bbox 3067 3808 3288 3862; x_wconf 74' lang='lat' dir='ltr'><strong>Patrum</strong></span> <span class='ocrx_word' id='word_1_746' title='bbox 3320 3819 3450 3863; x_wconf 88' lang='lat' dir='ltr'><strong>sunt</strong></span> <span class='ocrx_word' id='word_1_747' title='bbox 3485 3825 3711 3866; x_wconf 68' lang='lat' dir='ltr'><strong>conser-</strong></span> 
     </span>
    </p>
   </div>
   <div class='ocr_carea' id='block_1_101' title="bbox 2132 3899 3711 3969">
    <p class='ocr_par' dir='ltr' id='par_1_101' title="bbox 2132 3899 3711 3969">
     <span class='ocr_line' id='line_1_101' title="bbox 2132 3899 3711 3969; baseline 0.005 -21"><span class='ocrx_word' id='word_1_748' title='bbox 2132 3912 2340 3954; x_wconf 80' lang='lat' dir='ltr'><strong>vamus.</strong></span> <span class='ocrx_word' id='word_1_749' title='bbox 2374 3899 2560 3965; x_wconf 63' lang='lat' dir='ltr'><strong>gratia:</strong></span> <span class='ocrx_word' id='word_1_750' title='bbox 2595 3900 2884 3950; x_wconf 85' lang='lat' dir='ltr'><strong>successio</strong></span> <span class='ocrx_word' id='word_1_751' title='bbox 2928 3900 2979 3950; x_wconf 91' lang='lat' dir='ltr'><strong>in</strong></span> <span class='ocrx_word' id='word_1_752' title='bbox 3016 3901 3174 3954; x_wconf 87' lang='lat' dir='ltr'><strong>nobis</strong></span> <span class='ocrx_word' id='word_1_753' title='bbox 3207 3903 3334 3963; x_wconf 91' lang='lat' dir='ltr'><strong>erit,</strong></span> <span class='ocrx_word' id='word_1_754' title='bbox 3378 3903 3637 3969; x_wconf 79' lang='lat' dir='ltr'><strong>firmaque</strong></span> <span class='ocrx_word' id='word_1_755' title='bbox 3657 3912 3711 3956; x_wconf 89' lang='lat' dir='ltr'><strong>et</strong></span> 
     </span>
    </p>
   </div>
   <div class='ocr_carea' id='block_1_102' title="bbox 2132 3988 3707 4057">
    <p class='ocr_par' dir='ltr' id='par_1_102' title="bbox 2132 3988 3707 4057">
     <span class='ocr_line' id='line_1_102' title="bbox 2132 3988 3707 4057; baseline 0.002 -17"><span class='ocrx_word' id='word_1_756' title='bbox 2132 3988 2342 4041; x_wconf 81' lang='lat' dir='ltr'><strong>Stabilis</strong></span> <span class='ocrx_word' id='word_1_757' title='bbox 2375 3989 2698 4041; x_wconf 76' lang='lat' dir='ltr'><strong>constitutio</strong></span> <span class='ocrx_word' id='word_1_758' title='bbox 2722 3999 2773 4039; x_wconf 83' lang='lat' dir='ltr'><strong>et</strong></span> <span class='ocrx_word' id='word_1_759' title='bbox 2812 3988 3083 4057; x_wconf 77' lang='lat' dir='ltr'><strong>professio</strong></span> <span class='ocrx_word' id='word_1_760' title='bbox 3114 4000 3301 4044; x_wconf 82' lang='lat' dir='ltr'><strong>nostra</strong></span> <span class='ocrx_word' id='word_1_761' title='bbox 3334 4012 3344 4045; x_wconf 90' lang='lat'>:</span> <span class='ocrx_word' id='word_1_762' title='bbox 3373 3993 3416 4044; x_wconf 90' lang='lat' dir='ltr'><strong>si</strong></span> <span class='ocrx_word' id='word_1_763' title='bbox 3446 4007 3575 4043; x_wconf 73' lang='lat' dir='ltr'><strong>vero</strong></span> <span class='ocrx_word' id='word_1_764' title='bbox 3604 3993 3707 4045; x_wconf 87' lang='lat' dir='ltr'><strong>ali-</strong></span> 
     </span>
    </p>
   </div>
   <div class='ocr_carea' id='block_1_103' title="bbox 2132 4079 3707 4148">
    <p class='ocr_par' dir='ltr' id='par_1_103' title="bbox 2132 4079 3707 4148">
     <span class='ocr_line' id='line_1_103' title="bbox 2132 4079 3707 4148; baseline 0.002 -20"><span class='ocrx_word' id='word_1_765' title='bbox 2132 4086 2215 4129; x_wconf 91' lang='lat' dir='ltr'><strong>ter</strong></span> <span class='ocrx_word' id='word_1_766' title='bbox 2245 4093 2405 4143; x_wconf 82' lang='lat' dir='ltr'><strong>quant</strong></span> <span class='ocrx_word' id='word_1_767' title='bbox 2443 4094 2472 4129; x_wconf 91' lang='lat' dir='ltr'><strong>a</strong></span> <span class='ocrx_word' id='word_1_768' title='bbox 2507 4079 2757 4132; x_wconf 85' lang='lat' dir='ltr'><strong>l’atribus</strong></span> <span class='ocrx_word' id='word_1_769' title='bbox 2789 4084 3147 4133; x_wconf 78' lang='lat' dir='ltr'><strong>constitutum</strong></span> <span class='ocrx_word' id='word_1_770' title='bbox 3173 4091 3274 4141; x_wconf 82' lang='lat' dir='ltr'><strong>est,</strong></span> <span class='ocrx_word' id='word_1_771' title='bbox 3308 4083 3506 4148; x_wconf 86' lang='lat' dir='ltr'><strong>egeris,</strong></span> <span class='ocrx_word' id='word_1_772' title='bbox 3543 4082 3707 4134; x_wconf 86' lang='lat' dir='ltr'><strong>dubia</strong></span> 
     </span>
    </p>
   </div>
   <div class='ocr_carea' id='block_1_104' title="bbox 2131 4151 3710 4240">
    <p class='ocr_par' dir='ltr' id='par_1_104' title="bbox 2131 4151 3710 4240">
     <span class='ocr_line' id='line_1_104' title="bbox 2131 4151 3710 4240; baseline 0.001 -19"><span class='ocrx_word' id='word_1_773' title='bbox 2131 4168 2235 4221; x_wconf 91' lang='lat' dir='ltr'><strong>erit</strong></span> <span class='ocrx_word' id='word_1_774' title='bbox 2303 4175 2357 4221; x_wconf 89' lang='lat' dir='ltr'><strong>et</strong></span> <span class='ocrx_word' id='word_1_775' title='bbox 2414 4169 2645 4224; x_wconf 86' lang='lat' dir='ltr'><strong>incerta.</strong></span> <span class='ocrx_word' id='word_1_776' title='bbox 2704 4151 2808 4223; x_wconf 82' lang='lat' dir='ltr'><strong>Sed</strong></span> <span class='ocrx_word' id='word_1_777' title='bbox 2849 4172 2979 4239; x_wconf 90' lang='lat' dir='ltr'><strong>quid</strong></span> <span class='ocrx_word' id='word_1_778' title='bbox 3035 4173 3175 4236; x_wconf 69' lang='lat' dir='ltr'><strong>cogit</strong></span> <span class='ocrx_word' id='word_1_779' title='bbox 3224 4181 3421 4240; x_wconf 62' lang='lat' dir='ltr'><strong>praeter</strong></span> <span class='ocrx_word' id='word_1_780' title='bbox 3474 4187 3710 4224; x_wconf 67' lang='lat' dir='ltr'><strong>canones</strong></span> 
     </span>
    </p>
   </div>
   <div class='ocr_carea' id='block_1_105' title="bbox 2133 4257 3710 4329">
    <p class='ocr_par' dir='ltr' id='par_1_105' title="bbox 2133 4257 3710 4329">
     <span class='ocr_line' id='line_1_105' title="bbox 2133 4257 3710 4329; baseline 0.003 -19"><span class='ocrx_word' id='word_1_781' title='bbox 2133 4258 2348 4327; x_wconf 82' lang='lat' dir='ltr'><strong>agere?</strong></span> <span class='ocrx_word' id='word_1_782' title='bbox 2400 4257 2706 4313; x_wconf 81' lang='lat' dir='ltr'><strong>Vehemens</strong></span> <span class='ocrx_word' id='word_1_783' title='bbox 2762 4262 3053 4327; x_wconf 82' lang='lat' dir='ltr'><strong>cujusdam</strong></span> <span class='ocrx_word' id='word_1_784' title='bbox 3105 4263 3446 4329; x_wconf 66' lang='lat' dir='ltr'><strong>pmnitent‘w</strong></span> <span class='ocrx_word' id='word_1_785' title='bbox 3480 4263 3710 4317; x_wconf 87' lang='lat' dir='ltr'><strong>demon-</strong></span> 
     </span>
    </p>
   </div>
   <div class='ocr_carea' id='block_1_106' title="bbox 2134 4350 3711 4419">
    <p class='ocr_par' dir='ltr' id='par_1_106' title="bbox 2134 4350 3711 4419">
     <span class='ocr_line' id='line_1_106' title="bbox 2134 4350 3711 4419; baseline 0.003 -17"><span class='ocrx_word' id='word_1_786' title='bbox 2134 4350 2749 4407; x_wconf 78' lang='lat' dir='ltr'><strong>stratio.etdclirtorum</strong></span> <span class='ocrx_word' id='word_1_787' title='bbox 2779 4352 3018 4419; x_wconf 77' lang='lat' dir='ltr'><strong>perfecta</strong></span> <span class='ocrx_word' id='word_1_788' title='bbox 3044 4354 3411 4418; x_wconf 85' lang='lat' dir='ltr'><strong>confessio,et</strong></span> <span class='ocrx_word' id='word_1_789' title='bbox 3434 4370 3498 4407; x_wconf 82' lang='lat' dir='ltr'><strong>ex</strong></span> <span class='ocrx_word' id='word_1_790' title='bbox 3528 4354 3711 4407; x_wconf 74' lang='lat' dir='ltr'><strong>animo</strong></span> 
     </span>
    </p>
   </div>
   <div class='ocr_carea' id='block_1_107' title="bbox 2067 4442 3710 4509">
    <p class='ocr_par' dir='ltr' id='par_1_107' title="bbox 2067 4442 3710 4509">
     <span class='ocr_line' id='line_1_107' title="bbox 2067 4442 3710 4509; baseline 0.003 -15"><span class='ocrx_word' id='word_1_791' title='bbox 2067 4455 2106 4506; x_wconf 88' lang='grc'><strong>[)</strong></span> <span class='ocrx_word' id='word_1_792' title='bbox 2134 4442 2419 4503; x_wconf 85' lang='lat' dir='ltr'><strong>contritio,</strong></span> <span class='ocrx_word' id='word_1_793' title='bbox 2449 4453 2501 4494; x_wconf 84' lang='lat' dir='ltr'><strong>et</strong></span> <span class='ocrx_word' id='word_1_794' title='bbox 2535 4443 2838 4507; x_wconf 85' lang='lat' dir='ltr'><strong>humilitas,</strong></span> <span class='ocrx_word' id='word_1_795' title='bbox 2897 4454 2950 4497; x_wconf 79' lang='lat' dir='ltr'><strong>et</strong></span> <span class='ocrx_word' id='word_1_796' title='bbox 3008 4447 3274 4497; x_wconf 81' lang='lat' dir='ltr'><strong>malorum</strong></span> <span class='ocrx_word' id='word_1_797' title='bbox 3322 4461 3548 4509; x_wconf 64' lang='lat' dir='ltr'><strong>operum</strong></span> <span class='ocrx_word' id='word_1_798' title='bbox 3585 4459 3710 4499; x_wconf 74' lang='lat' dir='ltr'><strong>vera</strong></span> 
     </span>
    </p>
   </div>
   <div class='ocr_carea' id='block_1_108' title="bbox 2132 4531 3711 4599">
    <p class='ocr_par' dir='ltr' id='par_1_108' title="bbox 2132 4531 3711 4599">
     <span class='ocr_line' id='line_1_108' title="bbox 2132 4531 3711 4599; baseline 0.001 -17"><span class='ocrx_word' id='word_1_799' title='bbox 2132 4531 2482 4594; x_wconf 79' lang='lat' dir='ltr'><strong>abstinentia,</strong></span> <span class='ocrx_word' id='word_1_800' title='bbox 2515 4547 2570 4583; x_wconf 90' lang='lat' dir='ltr'><strong>et</strong></span> <span class='ocrx_word' id='word_1_801' title='bbox 2614 4534 2821 4598; x_wconf 77' lang='lat' dir='ltr'><strong>peccati</strong></span> <span class='ocrx_word' id='word_1_802' title='bbox 2852 4550 2917 4588; x_wconf 75' lang='lat' dir='ltr'><strong>ex</strong></span> <span class='ocrx_word' id='word_1_803' title='bbox 2984 4534 3148 4587; x_wconf 88' lang='lat' dir='ltr'><strong>corde</strong></span> <span class='ocrx_word' id='word_1_804' title='bbox 3183 4535 3461 4588; x_wconf 88' lang='lat' dir='ltr'><strong>sincerum</strong></span> <span class='ocrx_word' id='word_1_805' title='bbox 3498 4535 3711 4599; x_wconf 88' lang='lat' dir='ltr'><strong>odium,</strong></span> 
     </span>
    </p>
   </div>
   <div class='ocr_carea' id='block_1_109' title="bbox 2133 4622 3708 4694">
    <p class='ocr_par' dir='ltr' id='par_1_109' title="bbox 2133 4622 3708 4694">
     <span class='ocr_line' id='line_1_109' title="bbox 2133 4622 3708 4694; baseline 0.003 -21"><span class='ocrx_word' id='word_1_806' title='bbox 2133 4622 2275 4676; x_wconf 85' lang='lat' dir='ltr'><strong>illius</strong></span> <span class='ocrx_word' id='word_1_807' title='bbox 2315 4623 2461 4692; x_wconf 87' lang='lat' dir='ltr'><strong>fuga,</strong></span> <span class='ocrx_word' id='word_1_808' title='bbox 2496 4632 2547 4675; x_wconf 86' lang='lat' dir='ltr'><strong>et</strong></span> <span class='ocrx_word' id='word_1_809' title='bbox 2612 4636 2898 4691; x_wconf 79' lang='lat' dir='ltr'><strong>proruptus</strong></span> <span class='ocrx_word' id='word_1_810' title='bbox 2935 4626 3155 4678; x_wconf 83' lang='lat' dir='ltr'><strong>animus</strong></span> <span class='ocrx_word' id='word_1_811' title='bbox 3214 4625 3280 4678; x_wconf 89' lang='lat' dir='ltr'><strong>ad</strong></span> <span class='ocrx_word' id='word_1_812' title='bbox 3327 4642 3491 4694; x_wconf 86' lang='lat' dir='ltr'><strong>opera</strong></span> <span class='ocrx_word' id='word_1_813' title='bbox 3534 4626 3708 4693; x_wconf 67' lang='lat' dir='ltr'><strong>puem-</strong></span> 
     </span>
    </p>
   </div>
   <div class='ocr_carea' id='block_1_110' title="bbox 2134 4714 3708 4783">
    <p class='ocr_par' dir='ltr' id='par_1_110' title="bbox 2134 4714 3708 4783">
     <span class='ocr_line' id='line_1_110' title="bbox 2134 4714 3708 4783; baseline 0.003 -18"><span class='ocrx_word' id='word_1_814' title='bbox 2134 4714 2315 4766; x_wconf 69' lang='lat' dir='ltr'><strong>tentiaa</strong></span> <span class='ocrx_word' id='word_1_815' title='bbox 2333 4731 2457 4766; x_wconf 87' lang='lat' dir='ltr'><strong>cum</strong></span> <span class='ocrx_word' id='word_1_816' title='bbox 2484 4717 2842 4782; x_wconf 85' lang='lat' dir='ltr'><strong>temperantia</strong></span> <span class='ocrx_word' id='word_1_817' title='bbox 2863 4724 2915 4767; x_wconf 92' lang='lat' dir='ltr'><strong>ct</strong></span> <span class='ocrx_word' id='word_1_818' title='bbox 2938 4716 3314 4770; x_wconf 88' lang='lat' dir='ltr'><strong>misericordia</strong></span> <span class='ocrx_word' id='word_1_819' title='bbox 3336 4717 3708 4783; x_wconf 76' lang='lat' dir='ltr'><strong>exsequenda.</strong></span> 
     </span>
    </p>
   </div>
   <div class='ocr_carea' id='block_1_111' title="bbox 2134 4803 3710 4881">
    <p class='ocr_par' dir='ltr' id='par_1_111' title="bbox 2134 4803 3710 4881">
     <span class='ocr_line' id='line_1_111' title="bbox 2134 4803 3710 4881; baseline 0.003 -25"><span class='ocrx_word' id='word_1_820' title='bbox 2134 4803 2258 4856; x_wconf 72' lang='lat' dir='ltr'><strong>llaec</strong></span> <span class='ocrx_word' id='word_1_821' title='bbox 2291 4805 2662 4871; x_wconf 79' lang='lat' dir='ltr'><strong>pulcherrime</strong></span> <span class='ocrx_word' id='word_1_822' title='bbox 2696 4804 2887 4861; x_wconf 80' lang='lat' dir='ltr'><strong>Patres</strong></span> <span class='ocrx_word' id='word_1_823' title='bbox 2917 4807 3513 4881; x_wconf 47' lang='lat' dir='ltr'><strong>docent.Amplectcre</strong></span> <span class='ocrx_word' id='word_1_824' title='bbox 3549 4809 3710 4861; x_wconf 88' lang='lat' dir='ltr'><strong>talem</strong></span> 
     </span>
    </p>
   </div>
   <div class='ocr_carea' id='block_1_112' title="bbox 2132 4896 3710 4965">
    <p class='ocr_par' dir='ltr' id='par_1_112' title="bbox 2132 4896 3710 4965">
     <span class='ocr_line' id='line_1_112' title="bbox 2132 4896 3710 4965; baseline 0.004 -21"><span class='ocrx_word' id='word_1_825' title='bbox 2132 4902 2334 4961; x_wconf 61' lang='lat' dir='ltr'><strong>etquae</strong></span> <span class='ocrx_word' id='word_1_826' title='bbox 2388 4902 2514 4947; x_wconf 84' lang='lat' dir='ltr'><strong>sunt</strong></span> <span class='ocrx_word' id='word_1_827' title='bbox 2567 4896 2858 4949; x_wconf 72' lang='lat' dir='ltr'><strong>ebur-italis</strong></span> <span class='ocrx_word' id='word_1_828' title='bbox 2918 4896 3023 4965; x_wconf 89' lang='lat' dir='ltr'><strong>ipsi</strong></span> <span class='ocrx_word' id='word_1_829' title='bbox 3078 4899 3380 4963; x_wconf 83' lang='lat' dir='ltr'><strong>continua;</strong></span> <span class='ocrx_word' id='word_1_830' title='bbox 3413 4899 3710 4954; x_wconf 81' lang='lat' dir='ltr'><strong>corrobora</strong></span> 
     </span>
    </p>
   </div>
   <div class='ocr_carea' id='block_1_113' title="bbox 2134 4984 3711 5059">
    <p class='ocr_par' dir='ltr' id='par_1_113' title="bbox 2134 4984 3711 5059">
     <span class='ocr_line' id='line_1_113' title="bbox 2134 4984 3711 5059; baseline 0.005 -23"><span class='ocrx_word' id='word_1_831' title='bbox 2134 4984 2354 5038; x_wconf 82' lang='lat' dir='ltr'><strong>fratrem</strong></span> <span class='ocrx_word' id='word_1_832' title='bbox 2385 4996 2561 5048; x_wconf 88' lang='lat' dir='ltr'><strong>tuum,</strong></span> <span class='ocrx_word' id='word_1_833' title='bbox 2588 4996 2642 5040; x_wconf 91' lang='lat' dir='ltr'><strong>et</strong></span> <span class='ocrx_word' id='word_1_834' title='bbox 2669 5004 2791 5056; x_wconf 70' lang='lat' dir='ltr'><strong>quae</strong></span> <span class='ocrx_word' id='word_1_835' title='bbox 2815 4988 2879 5040; x_wconf 88' lang='lat' dir='ltr'><strong>ad</strong></span> <span class='ocrx_word' id='word_1_836' title='bbox 2913 4990 3292 5057; x_wconf 74' lang='lat' dir='ltr'><strong>pmnitentiaui</strong></span> <span class='ocrx_word' id='word_1_837' title='bbox 3319 5001 3592 5059; x_wconf 83' lang='lat' dir='ltr'><strong>spectant,</strong></span> <span class='ocrx_word' id='word_1_838' title='bbox 3622 4991 3674 5044; x_wconf 88' lang='lat' dir='ltr'><strong>di</strong></span> <span class='ocrx_word' id='word_1_839' title='bbox 3694 5018 3711 5030; x_wconf 90' lang='lat'><strong>-</strong></span> 
     </span>
    </p>
   </div>
   <div class='ocr_carea' id='block_1_114' title="bbox 2134 5074 3712 5145">
    <p class='ocr_par' dir='ltr' id='par_1_114' title="bbox 2134 5074 3712 5145">
     <span class='ocr_line' id='line_1_114' title="bbox 2134 5074 3712 5145; baseline 0.004 -20"><span class='ocrx_word' id='word_1_840' title='bbox 2134 5074 2391 5142; x_wconf 81' lang='lat' dir='ltr'><strong>ligentius</strong></span> <span class='ocrx_word' id='word_1_841' title='bbox 2418 5075 2652 5144; x_wconf 89' lang='lat' dir='ltr'><strong>inquire,</strong></span> <span class='ocrx_word' id='word_1_842' title='bbox 2691 5085 2746 5131; x_wconf 88' lang='lat' dir='ltr'><strong>et</strong></span> <span class='ocrx_word' id='word_1_843' title='bbox 2780 5078 2958 5145; x_wconf 89' lang='lat' dir='ltr'><strong>ipsum</strong></span> <span class='ocrx_word' id='word_1_844' title='bbox 2988 5079 3263 5145; x_wconf 62' lang='lat' dir='ltr'><strong>experire.</strong></span> <span class='ocrx_word' id='word_1_845' title='bbox 3296 5077 3354 5131; x_wconf 91' lang='lat' dir='ltr'><strong>Si</strong></span> <span class='ocrx_word' id='word_1_846' title='bbox 3386 5096 3449 5131; x_wconf 84' lang='lat' dir='ltr'><strong>cx</strong></span> <span class='ocrx_word' id='word_1_847' title='bbox 3479 5096 3543 5131; x_wconf 91' lang='lat' dir='ltr'><strong>eo</strong></span> <span class='ocrx_word' id='word_1_848' title='bbox 3569 5079 3712 5132; x_wconf 90' lang='lat' dir='ltr'><strong>didi-</strong></span> 
     </span>
    </p>
   </div>
   <div class='ocr_carea' id='block_1_115' title="bbox 2132 5167 3713 5237">
    <p class='ocr_par' dir='ltr' id='par_1_115' title="bbox 2132 5167 3713 5237">
     <span class='ocr_line' id='line_1_115' title="bbox 2132 5167 3713 5237; baseline 0.003 -18"><span class='ocrx_word' id='word_1_849' title='bbox 2132 5167 2275 5219; x_wconf 88' lang='lat' dir='ltr'><strong>ceris</strong></span> <span class='ocrx_word' id='word_1_850' title='bbox 2310 5182 2571 5235; x_wconf 78' lang='lat' dir='ltr'><strong>germano</strong></span> <span class='ocrx_word' id='word_1_851' title='bbox 2606 5170 2939 5236; x_wconf 70' lang='lat' dir='ltr'><strong>pmuitcotia:</strong></span> <span class='ocrx_word' id='word_1_852' title='bbox 3003 5170 3186 5224; x_wconf 88' lang='lat' dir='ltr'><strong>fructu</strong></span> <span class='ocrx_word' id='word_1_853' title='bbox 3246 5171 3421 5237; x_wconf 85' lang='lat' dir='ltr'><strong>ipsum</strong></span> <span class='ocrx_word' id='word_1_854' title='bbox 3472 5172 3621 5231; x_wconf 88' lang='lat' dir='ltr'><strong>duci,</strong></span> <span class='ocrx_word' id='word_1_855' title='bbox 3660 5180 3713 5223; x_wconf 80' lang='lat' dir='ltr'><strong>ct</strong></span> 
     </span>
    </p>
   </div>
   <div class='ocr_carea' id='block_1_116' title="bbox 2134 5253 3710 5330">
    <p class='ocr_par' dir='ltr' id='par_1_116' title="bbox 2134 5253 3710 5330">
     <span class='ocr_line' id='line_1_116' title="bbox 2134 5253 3710 5330; baseline 0.003 -22"><span class='ocrx_word' id='word_1_856' title='bbox 2134 5253 2412 5325; x_wconf 62' lang='lat' dir='ltr'><strong>quaesii-rit</strong></span> <span class='ocrx_word' id='word_1_857' title='bbox 2448 5259 2653 5327; x_wconf 85' lang='lat' dir='ltr'><strong>aliquid</strong></span> <span class='ocrx_word' id='word_1_858' title='bbox 2690 5262 2758 5314; x_wconf 89' lang='lat' dir='ltr'><strong>de</strong></span> <span class='ocrx_word' id='word_1_859' title='bbox 2816 5269 3063 5330; x_wconf 88' lang='lat' dir='ltr'><strong>tempore</strong></span> <span class='ocrx_word' id='word_1_860' title='bbox 3116 5262 3453 5328; x_wconf 74' lang='lat' dir='ltr'><strong>prenitentiae</strong></span> <span class='ocrx_word' id='word_1_861' title='bbox 3506 5268 3710 5315; x_wconf 81' lang='lat' dir='ltr'><strong>statuto</strong></span> 
     </span>
    </p>
   </div>
   <div class='ocr_carea' id='block_1_117' title="bbox 2134 5350 3708 5414">
    <p class='ocr_par' dir='ltr' id='par_1_117' title="bbox 2134 5350 3708 5414">
     <span class='ocr_line' id='line_1_117' title="bbox 2134 5350 3708 5414; baseline 0.002 -13"><span class='ocrx_word' id='word_1_862' title='bbox 2134 5351 2535 5403; x_wconf 82' lang='lat' dir='ltr'><strong>convenienter</strong></span> <span class='ocrx_word' id='word_1_863' title='bbox 2568 5360 2624 5405; x_wconf 90' lang='lat' dir='ltr'><strong>et</strong></span> <span class='ocrx_word' id='word_1_864' title='bbox 2675 5353 2884 5406; x_wconf 87' lang='lat' dir='ltr'><strong>utiliter</strong></span> <span class='ocrx_word' id='word_1_865' title='bbox 2943 5352 3045 5406; x_wconf 89' lang='lat' dir='ltr'><strong>sibi</strong></span> <span class='ocrx_word' id='word_1_866' title='bbox 3080 5352 3307 5407; x_wconf 85' lang='lat' dir='ltr'><strong>subduci</strong></span> <span class='ocrx_word' id='word_1_867' title='bbox 3372 5360 3425 5403; x_wconf 89' lang='lat' dir='ltr'><strong>ct</strong></span> <span class='ocrx_word' id='word_1_868' title='bbox 3474 5350 3708 5414; x_wconf 85' lang='lat' dir='ltr'><strong>detrahi,</strong></span> 
     </span>
    </p>
   </div>
   <div class='ocr_carea' id='block_1_118' title="bbox 2135 5441 3706 5509">
    <p class='ocr_par' dir='ltr' id='par_1_118' title="bbox 2135 5441 3706 5509">
     <span class='ocr_line' id='line_1_118' title="bbox 2135 5441 3706 5509; baseline 0.003 -16"><span class='ocrx_word' id='word_1_869' title='bbox 2135 5451 2192 5493; x_wconf 90' lang='lat' dir='ltr'><strong>ut</strong></span> <span class='ocrx_word' id='word_1_870' title='bbox 2224 5457 2346 5495; x_wconf 91' lang='lat' dir='ltr'><strong>cum</strong></span> <span class='ocrx_word' id='word_1_871' title='bbox 2408 5441 2501 5493; x_wconf 93' lang='lat' dir='ltr'><strong>illo</strong></span> <span class='ocrx_word' id='word_1_872' title='bbox 2536 5441 2681 5509; x_wconf 85' lang='lat' dir='ltr'><strong>quod</strong></span> <span class='ocrx_word' id='word_1_873' title='bbox 2733 5443 2933 5503; x_wconf 83' lang='lat' dir='ltr'><strong>bonum</strong></span> <span class='ocrx_word' id='word_1_874' title='bbox 2977 5452 3082 5507; x_wconf 80' lang='lat' dir='ltr'><strong>cst,</strong></span> <span class='ocrx_word' id='word_1_875' title='bbox 3141 5448 3536 5506; x_wconf 87' lang='lat' dir='ltr'><strong>communices.</strong></span> <span class='ocrx_word' id='word_1_876' title='bbox 3602 5462 3706 5497; x_wconf 89' lang='lat' dir='ltr'><strong>non</strong></span> 
     </span>
    </p>
   </div>
   <div class='ocr_carea' id='block_1_119' title="bbox 2135 5532 3707 5605">
    <p class='ocr_par' dir='ltr' id='par_1_119' title="bbox 2135 5532 3707 5605">
     <span class='ocr_line' id='line_1_119' title="bbox 2135 5532 3707 5605; baseline 0.004 -22"><span class='ocrx_word' id='word_1_877' title='bbox 2135 5532 2516 5600; x_wconf 87' lang='lat' dir='ltr'><strong>prohibeberis</strong></span> <span class='ocrx_word' id='word_1_878' title='bbox 2546 5547 2562 5594; x_wconf 88' lang='lat'><strong>;</strong></span> <span class='ocrx_word' id='word_1_879' title='bbox 2598 5533 2779 5585; x_wconf 81' lang='lat' dir='ltr'><strong>omnis</strong></span> <span class='ocrx_word' id='word_1_880' title='bbox 2814 5532 2959 5586; x_wconf 89' lang='lat' dir='ltr'><strong>enim</strong></span> <span class='ocrx_word' id='word_1_881' title='bbox 2996 5543 3466 5586; x_wconf 86' lang='lat' dir='ltr'><strong>sacramentorum</strong></span> <span class='ocrx_word' id='word_1_882' title='bbox 3502 5551 3707 5605; x_wconf 81' lang='lat' dir='ltr'><strong>scopus</strong></span> 
     </span>
    </p>
   </div>
   <div class='ocr_carea' id='block_1_120' title="bbox 2132 5623 3706 5696">
    <p class='ocr_par' dir='ltr' id='par_1_120' title="bbox 2132 5623 3706 5696">
     <span class='ocr_line' id='line_1_120' title="bbox 2132 5623 3706 5696; baseline 0.004 -20"><span class='ocrx_word' id='word_1_883' title='bbox 2132 5633 2216 5677; x_wconf 89' lang='lat' dir='ltr'><strong>est</strong></span> <span class='ocrx_word' id='word_1_884' title='bbox 2241 5638 2431 5677; x_wconf 81' lang='lat' dir='ltr'><strong>onincs</strong></span> <span class='ocrx_word' id='word_1_885' title='bbox 2468 5626 2611 5678; x_wconf 87' lang='lat' dir='ltr'><strong>bono</strong></span> <span class='ocrx_word' id='word_1_886' title='bbox 2638 5623 2821 5678; x_wconf 87' lang='lat' dir='ltr'><strong>uuire.</strong></span> <span class='ocrx_word' id='word_1_887' title='bbox 2854 5624 2965 5678; x_wconf 88' lang='lat' dir='ltr'><strong>lloc</strong></span> <span class='ocrx_word' id='word_1_888' title='bbox 2996 5626 3042 5678; x_wconf 92' lang='lat' dir='ltr'><strong>si</strong></span> <span class='ocrx_word' id='word_1_889' title='bbox 3081 5641 3185 5679; x_wconf 91' lang='lat' dir='ltr'><strong>non</strong></span> <span class='ocrx_word' id='word_1_890' title='bbox 3216 5628 3640 5696; x_wconf 78' lang='lat' dir='ltr'><strong>contempseris,</strong></span> <span class='ocrx_word' id='word_1_891' title='bbox 3677 5645 3706 5682; x_wconf 91' lang='lat' dir='ltr'><strong>a</strong></span> 
     </span>
    </p>
   </div>
   <div class='ocr_carea' id='block_1_121' title="bbox 2133 5715 3705 5793">
    <p class='ocr_par' dir='ltr' id='par_1_121' title="bbox 2133 5715 3705 5793">
     <span class='ocr_line' id='line_1_121' title="bbox 2133 5715 3705 5793; baseline 0.001 -24"><span class='ocrx_word' id='word_1_892' title='bbox 2133 5715 2384 5775; x_wconf 76' lang='lat' dir='ltr'><strong>I‘atribus</strong></span> <span class='ocrx_word' id='word_1_893' title='bbox 2413 5718 2768 5786; x_wconf 80' lang='lat' dir='ltr'><strong>consequeris</strong></span> <span class='ocrx_word' id='word_1_894' title='bbox 2799 5726 2849 5770; x_wconf 84' lang='lat' dir='ltr'><strong>et</strong></span> <span class='ocrx_word' id='word_1_895' title='bbox 2880 5717 3120 5788; x_wconf 60' lang='lat' dir='ltr'><strong>accipias</strong></span> <span class='ocrx_word' id='word_1_896' title='bbox 3153 5719 3560 5775; x_wconf 64' lang='lat' dir='ltr'><strong>ritictoritatcm.</strong></span> <span class='ocrx_word' id='word_1_897' title='bbox 3598 5722 3705 5793; x_wconf 57' lang='lat' dir='ltr'><strong>ligo</strong></span> 
     </span>
    </p>
   </div>
  </div>
