4126 6268
461 342 572 407 479

1292 339 1681 400 SYMEONIS
1714 332 2490 399 THESSALONICENSIS
2532 334 2904 397 ARCHIEP.

3615 331 3725 400 480

457 473 678 527 quoque
705 458 759 513 in
803 459 906 512 hoc
931 471 1096 527 opere
1128 457 1335 527 collega
1367 469 1512 523 tuus,
1545 465 1601 513 et
1634 458 1883 512 studiose
1913 455 2035 511 col-

2144 461 2440 532 τοκνήσῃς.
2493 460 2604 515 Kal
2660 460 2815 528 παρὰ
2863 457 2974 511 τῶν
3022 456 3286 526 Πατέρων
3323 455 3433 526 γὰρ
3463 455 3727 526 εὑρήσεις

457 550 719 605 laborans
780 550 928 605 bono
965 558 1148 604 tecum
1204 566 1326 604 sum
1371 550 1610 607 animo:
1646 548 2033 604 conﬁdentiam

458 642 600 697 adde
625 643 875 698 animose
898 640 1204 707 festinanti,
1236 643 1417 712 potius
1447 644 1502 695 in
1535 643 1692 696 ulnas
1724 656 1847 695 cum
1886 655 2036 693 com-

457 732 721 800 plectere,
778 741 833 786 et
895 747 994 801 pro
1042 735 1275 795 viribus,
1324 734 1829 802 convenienterque
1859 730 2034 799 ipsius

458 823 604 877 bono
637 824 825 879 animo
855 839 979 879 cum
1015 839 1214 881 curare
1248 827 1504 896 satagito.

998 937 1227 993 CAPUT
1267 937 1465 993 CCLV.

458 1047 612 1113 Quod
645 1050 1015 1103 attendendum
1059 1052 1128 1104 sit
1163 1051 1233 1103 ad
1272 1068 1358 1103 eos
1389 1052 1478 1119 qui
1508 1052 1756 1119 paenitere
1784 1066 1837 1103 se
1867 1049 2034 1114 proﬁ-

530 1128 724 1181 tentur,
760 1129 913 1182 atque
951 1122 1202 1188 genuinos
1240 1122 1546 1187 poenitentes
1603 1137 1722 1173 cum
1775 1120 2030 1171 accedunt

529 1190 928 1253 suscipiendos;
980 1205 1069 1244 eos
1124 1190 1216 1259 qui
1271 1190 1612 1243 simulatione
1658 1190 1767 1251 hoc,
1801 1189 2031 1255 faciunt,

478 1290 481 1293 -
526 1260 936 1312 examinandos.

530 1372 587 1426 Si
623 1372 752 1441 quis
774 1382 956 1426 autem
991 1370 1226 1441 frigidus
1251 1379 1305 1425 et
1327 1372 1512 1424 animo
1542 1370 1766 1440 duplex,
1790 1376 1846 1423 et
1867 1368 2036 1422 verbo

456 1463 574 1518 solo
605 1463 1018 1518 conversionem
1049 1464 1455 1525 demonstrans,
1476 1475 1646 1528 opere
1670 1468 1854 1514 autem
1883 1459 2034 1513 nullo

455 1554 654 1621 modo;
687 1570 795 1607 non
823 1554 999 1607 solum
1031 1553 1097 1605 ad
1127 1553 1329 1621 aliquid
1356 1551 1483 1604 boni
1506 1550 1815 1605 faciendum
1846 1550 2034 1603 tardus

452 1658 509 1700 et
540 1647 716 1715 piger,
744 1644 839 1699 sed
868 1644 1034 1699 etiam
1072 1645 1138 1698 ad
1194 1645 1479 1713 prOprium
1535 1644 1803 1697 vomitum
1852 1641 2035 1696 redire

450 1745 701 1807 paratus,
738 1746 966 1791 sanctos
1013 1735 1179 1789 veluti
1216 1734 1497 1797 deridens,
1527 1743 1582 1789 et
1612 1734 1861 1803 gestibus
1904 1733 2035 1788 sub-

459 1842 723 1889 sannans,
752 1827 835 1880 vel
877 1826 1243 1880 humilitatem
1298 1833 1351 1878 et
1384 1826 1559 1879 zelum
1602 1825 1912 1890 simulans;
1978 1825 2032 1877 in

460 1920 651 1986 paucis
677 1933 807 1972 vero
848 1918 1136 1987 probatus,
1169 1918 1357 1971 statim
1396 1924 1520 1985 post
1542 1917 1675 1972 doni
1737 1916 2036 1986 participa-

453 2012 663 2065 tionem
695 2010 939 2081 tepidus,
967 2012 1047 2064 vel
1098 2010 1263 2066 etiam
1336 2009 1590 2080 frigidus,
1645 2009 2034 2079 prioribusque

455 2104 658 2156 iterum
689 2103 1008 2171 implicatus
1042 2097 1229 2164 fuerit,
1265 2115 1292 2155 a
1322 2109 1373 2155 te
1407 2102 1535 2157 talis
1560 2101 1723 2170 longe
1742 2101 1906 2166 absit,
1965 2114 2035 2157 ne

457 2193 654 2248 alienis
686 2194 1057 2248 communices
1083 2194 1347 2264 peccatis.
1379 2194 1435 2246 In
1470 2207 1599 2247 vase
1654 2205 1880 2246 cmnoso
1922 2206 2032 2245 non

455 2292 542 2337 est
576 2284 978 2336 immittendum
1008 2284 1306 2353 pretiosum
1340 2291 1702 2355 unguentum,
1739 2290 1794 2337 et
1844 2283 2033 2352 praeci-

456 2375 980 2444 pimurmargaritas
1032 2387 1161 2431 ante
1222 2389 1424 2445 porcos
1471 2390 1579 2429 non
1616 2376 1905 2446 projicere,
1934 2391 2033 2429 nec

455 2463 589 2518 dare
628 2472 816 2517 sancta
843 2465 1102 2519 canibus.
1132 2464 1237 2519 ista
1271 2466 1340 2521 iis
1367 2465 1461 2533 qui
1489 2465 1542 2517 iu
1608 2463 1896 2518 Dominum
1942 2465 2033 2518 be-

453 2556 636 2611 nevoli
680 2555 954 2619 videntur,
980 2556 1290 2624 praestanda
1317 2564 1470 2619 sunt,
1501 2568 1608 2608 non
1645 2563 1825 2609 autem
1850 2557 2031 2624 impu-

454 2649 893 2718 nis,sanguinem
930 2649 1278 2714 vorantibus,
1306 2658 1360 2702 et
1417 2649 1751 2717 raptoribus.
1809 2649 1881 2702 De
1914 2648 2033 2702 istis

453 2751 636 2795 tamen
672 2756 779 2795 non
804 2752 889 2795 est
909 2739 1335 2809 desperandum,
1359 2754 1540 2808 neque
1560 2740 1760 2808 aliquis
1778 2740 2032 2809 rejicien-

451 2834 581 2897 dus,
615 2833 733 2892 sed.
771 2839 832 2885 ut
864 2831 1127 2896 diximus,
1157 2830 1540 2899 unusquisque
1590 2830 1946 2899 quaerendus,
1980 2841 2034 2886 et

452 2922 805 2992 recipiendus
845 2931 952 2984 est,
999 2931 1054 2974 et
1113 2920 1179 2973 ad
1236 2918 1619 2989 pmnitentiam
1683 2921 2030 2987 excitandus,

451 3027 806 3082 quaesemper
845 3010 1219 3078 exspectanda
1254 3019 1358 3075 est,
1404 3026 1530 3064 cum
1589 3027 1714 3079 spes
1741 3011 1806 3064 ad
1869 3012 2029 3064 tinem

2137 555 2230 607 καὶ
2252 554 2402 625 λήψῃ
2416 555 2515 621 τὴν
2549 551 2817 617 ἐξουσίαν.
2845 548 2955 604 Kal
2978 548 3141 611 αὐτὸς
3165 549 3278 616 ἐγὼ
3302 549 3594 620 συνθαρῥῶ
3615 566 3721 616 σοι,

2140 646 2479 716 συνεργάτης
2505 646 2679 699 τελῶν
2702 662 2785 699 σοι
2811 645 2907 698 καὶ
2933 643 3299 711 σπουδαστής.
3322 643 3434 696 Kal
3456 643 3724 715 οάρῤυνον

2138 737 2229 789 τὸν
2260 738 2714 807 προθυμούμενον
2751 736 2952 805 μᾶλλον
2976 773 2991 796 ,
3036 735 3137 786 καὶ
3183 735 3573 801 ὲναγκάλισαι.
3625 739 3722 789 καὶ

2139 829 2476 898 θεράπευσον
2502 830 2601 896 ὅση
2631 846 2715 882 σοι
2753 828 3004 896 δύναμις,
3030 826 3381 897 ἀναλόγωςτῇ
3418 828 3717 897 προθυμίᾳ.

2605 944 2764 1014 135
2801 942 3056 997 ΚΕΦΑΛ.
3103 942 3272 997 ΣΝΕν.

2140 1056 2272 1107 Ὀτι
2328 1054 2442 1122 χρὴ
2493 1054 2617 1119 τοῖς
2692 1053 2943 1119 λέγουσι
2987 1050 3308 1120 μετανοεῖν
3373 1051 3720 1122 προσέχειν,

2210 1121 2334 1175 καλ
2368 1124 2513 1187 τοὺς
2564 1123 2675 1185 μὲν
2726 1124 2993 1189 γνησίως
3041 1121 3571 1188 προσερχομένους
3622 1122 3720 1173 δέ·

2211 1198 2447 1261 χεσθαι.
2466 1194 2610 1259 τοὺς
2633 1193 2702 1246 δὲ
2737 1194 2809 1246 ἐν
2830 1193 3150 1259 ’ὑποκρίσει
3182 1190 3361 1245 τοῦτο
3394 1190 3722 1257 ποιοῦντας

2209 1263 2543 1331 δοκιμάζειν
2553 1303 2569 1318 .
2868 1272 2883 1287 ⁸

2214 1373 2273 1426 El
2312 1375 2367 1428 δὲ
2404 1374 2615 1444 ψυχρός
2663 1392 2751 1431 τις
2788 1365 2947 1436 οὗτος
2983 1375 3080 1427 καὶ
3131 1373 3382 1443 δίψυχος,
3430 1376 3526 1428 καὶ
3575 1374 3721 1443 λόγῳ

2143 1467 2241 1533 μὲν
2289 1466 2433 1534 μόνῳ
2478 1466 2695 1527 δεικνὺς
2723 1466 2823 1535 τὴν
2869 1467 3230 1536 ἐπιστροφὴν,
3271 1465 3460 1535 ἔργοις
3497 1465 3555 1519 δὲ
3582 1466 3719 1530 ὅλως

2139 1556 2415 1623 οὐδαμῶς,
2453 1560 2549 1612 καὶ
2592 1557 2654 1608 οὐ
2691 1557 2851 1624 μόνον
2885 1557 2944 1608 οὐ
2988 1556 3198 1626 πρᾶξαί
3227 1573 3282 1607 τι
3322 1554 3561 1624 χρηστὸν
3588 1571 3717 1619 atpo-

2141 1648 2505 1713 θυμούμενος,
2528 1651 2665 1702 ἀλλὰ
2695 1651 2789 1702 καὶ
2818 1649 2954 1717 πρὸς
2982 1649 3076 1700 τὸν
3108 1648 3239 1703 ἴδιον
3266 1648 3463 1714 ἔμετον
3486 1646 3720 1711 ἑτοίμως

2142 1741 2282 1808 ἔχων
2341 1742 2675 1803 ἐπανελθεῖν,
2720 1744 2816 1794 καὶ
2859 1739 2972 1794 οἷον
3022 1741 3344 1807 καταγελῶν
3385 1740 3496 1792 τῶν
3544 1739 3717 1803 ἁγίων

2136 1834 2231 1885 καὶ
2262 1832 2727 1903 κατορχούμενος,
2758 1814 2980 1902 ἦῑδῆθεν
3022 1834 3120 1900 μὲν
3170 1832 3609 1894 ὑποκρινόμενος
3656 1830 3715 1881 τὸ

2134 1923 2390 1975 ταπεινόν
2438 1940 2498 1974 τε
2533 1925 2630 1976 καὶ
2685 1923 3047 1992 θερμουρ’γὸν,
3077 1926 3135 1976 ἐν
3181 1924 3349 1989 ὀλίγῳ
3395 1921 3454 1974 δὲ
3486 1921 3717 1987 δοκιμα-

2138 2016 2310 2079 σθεὶς,
2345 2016 2509 2076 εὐθὺς
2564 2016 2791 2086 χλιαρὸς
2828 2016 2860 2084 ἦ
2914 2017 3006 2067 καὶ
3047 2014 3259 2082 ψυχρὸς
3308 2015 3431 2073 ὅλος
3476 2014 3621 2082 μετά
3657 2012 3717 2065 τὸ

2134 2105 2307 2173 δῶρον
2367 2107 2674 2173 γινόμενος,
2712 2110 2808 2159 καὶ
2859 2108 2974 2167 τοῖς
3024 2106 3294 2175 πρότερον
3341 2100 3498 2166 αὖθις
3550 2106 3714 2170 ἐγκα-

2134 2197 2501 2266 λινδούμενος,
2531 2199 2752 2252 ἀπέστω
2790 2214 2875 2250 σοι
2917 2197 3095 2261 οὗτος,
3127 2198 3216 2250 ἵνα
3281 2196 3356 2265 μὴ
3402 2196 3713 2263 ἀλλοτρίαις

2140 2287 2242 2359 ἔσῃ
2274 2288 2548 2341 κοινωνῶν
2581 2289 2907 2357 ἁμαρτίαις.
2942 2289 3053 2341 Kal
3094 2290 3153 2341 ὲν
3202 2289 3409 2356 ἀγγείῳ
3438 2289 3494 2340 δὲ
3526 2287 3715 2355 βορϐό-

2139 2396 2232 2448 ρου
2260 2380 2319 2431 οὐ
2343 2378 2449 2448 χρὴ
2489 2379 2734 2447 εἰσάγειν
2765 2380 2958 2447 μύρον,
2998 2379 3118 2438 καὶ.
3146 2398 3167 2431 ι
3192 2377 3334 2442 Τοὺς
3360 2379 3714 2447 μαργαρίτας

2133 2473 2194 2523 οὐ
2228 2471 2334 2541 χρὴ
2379 2472 2593 2542 ῥίπτειν
2635 2474 2751 2534 τοῖς
2795 2471 3025 2540 χαίροις,
3066 2491 3084 2523 ι
3138 2472 3522 2540 παραγγελίαν
3572 2470 3713 2538 είλή-

2135 2581 2340 2634 φαμεν,
2375 2582 2397 2617 ‹
2431 2564 2565 2633 μηδὲ
2598 2564 2802 2617 διδόναι
2846 2565 2916 2617 τὰ
2945 2564 3077 2631 ἅγια
3115 2568 3228 2624 τοῖς
3265 2565 3445 2628 κυσὶν,
3484 2583 3502 2616 ι
3537 2564 3713 2615 εὐνοϊ-

2133 2658 2251 2717 κοῖς
2287 2657 2388 2725 μὲν
2415 2656 2635 2709 δοκοῦσι
2691 2656 2787 2707 καὶ
2832 2655 2972 2725 ὑπὲρ
2998 2656 3096 2709 τοῦ
3135 2655 3429 2719 Δεσπότου,
3474 2655 3716 2722 ἀκαθάρ-

2133 2765 2248 2809 τοις
2290 2746 2350 2799 δὲ
2394 2746 2488 2799 καὶ
2539 2744 2860 2814 αίμοόόροις
2894 2745 2989 2796 καὶ
3039 2743 3300 2814 ἅρπαξιν.
3340 2744 3536 2811 Ὅμως
3589 2740 3714 2793 οὐδὲ

2134 2838 2343 2892 τούτων
2368 2838 2737 2904 ἀπογινώκειν
2772 2838 2900 2907 χρὴ.
2933 2838 3057 2890 οὐδὲ
3085 2834 3532 2904 ἀποστρέφεσθαί
3558 2850 3704 2892 τινα,

2132 2932 2269 2984 ἀλλὰ
2310 2930 2711 3002 προσδέχεσθαι
2746 2929 2845 2998 μὲν
2874 2929 2971 2981 καὶ
3021 2927 3225 2994 ζητεῖν,
3256 2926 3331 2988 ὡς
3372 2925 3704 2994 εἰρήκαμεν,

2135 3024 2582 3094 ὑπομιμνήσκειν
2610 3040 2669 3075 τε
2724 3022 2821 3075 καὶ
2879 3021 3170 3088 διεγείρειν
3201 3018 3338 3087 πρὸς
3391 3017 3490 3085 τὴν
3544 3016 3706 3083 μετά-

452 3118 630 3173 uertite
658 3112 970 3173 perseveret
1001 3120 1017 3171 ;
1051 3113 1370 3159 sanctorum
1400 3110 1579 3158 tamen
1636 3104 2027 3158 communione

2135 3133 2302 3179 νοιαν,
2358 3115 2455 3169 καὶ
2517 3113 2819 3183 ἀναμένειν
2875 3113 2991 3165 ἀεί’
3026 3111 3253 3172 τούτους
3311 3108 3448 3179 πρὸς
3501 3106 3707 3172 ταύτην

452 3212 562 3253 non
581 3204 800 3265 oportet
832 3210 928 3251 eos
963 3196 1201 3265 dignari,
1230 3212 1296 3250 ne
1330 3196 1383 3249 in
1449 3197 1865 3250 damnationem
1924 3197 2028 3251 im-

450 3289 752 3357 prudenter
784 3287 1131 3343 tradentibus
1159 3287 1263 3340 boc
1300 3287 1620 3355 imputetur,
1648 3296 1707 3342 ut
1763 3298 1818 3342 et
1888 3289 2032 3343 acci-

450 3379 748 3449 pientibus.

983 3476 1212 3533 CAPUT
1242 3477 1464 3535 CCLVI.

598 3570 673 3626 De
715 3570 1067 3640 confessione,
1090 3570 1348 3638 quomodo
1383 3573 1496 3625 lucc
1529 3571 1649 3641 ﬁeri
1674 3573 1887 3625 debeat.

526 3663 939 3718 Confessionem
1003 3673 1185 3717 autent
1254 3678 1360 3717 non
1421 3673 1640 3732 oportet
1712 3664 2032 3729 simpliciter

452 3756 639 3816 edere,
674 3755 768 3810 sed
799 3766 854 3808 ut
888 3754 1142 3809 Salvator
1167 3766 1355 3809 noster
1412 3754 1832 3816 demonstravit,
1903 3768 2028 3807 cum

460 3847 782 3909 Zacchmum
818 3856 872 3900 et
907 3846 1543 3922 meretricemsuscepit.
1582 3846 1677 3899 Ille
1703 3844 1847 3899 enim
1902 3859 2027 3896 cum

457 3939 743 4009 majestate
774 3935 1007 4005 quadam
1039 3946 1087 3991 et
1121 3935 1455 3989 contritione
1489 3934 1782 3989 confessus
1838 3944 1942 3995 est,
1977 3943 2030 3987 et

453 4030 706 4101 promisit
749 4045 868 4100 qua:
909 4031 1096 4101 inique
1144 4037 1391 4098 gesserat
1435 4043 1495 4082 se
1542 4040 1943 4090 correcturum,
1976 4035 2032 4082 ct

450 4137 620 4191 opera
659 4122 841 4175 divina
879 4122 1214 4174 additurum.
1259 4137 1278 4169 ι
1319 4119 1462 4172 Ecce
1501 4120 1669 4183 enim,
1710 4120 1912 4188 inquit,
1949 4119 2031 4172 di-

454 4211 679 4267 tttidium
708 4212 977 4265 bonorum
999 4224 1244 4263 meorum
1270 4252 1284 4274 ,
1308 4210 1640 4270 Domine,do
1674 4211 2027 4278 pauperibus,

450 4310 507 4355 ct
525 4302 569 4354 si
603 4302 839 4371 aliquem
877 4299 1224 4363 dci‘raudavi,
1257 4299 1423 4353 reddo
1447 4299 1839 4369 quadruplum.
1870 4319 1888 4351 ›
1936 4301 2029 4355 Illa

450 4408 602 4460 vero,
621 4394 897 4462 accipiens
921 4392 1257 4446 alabastrum
1289 4392 1574 4460 unguenti,
1594 4400 1648 4443 et
1670 4401 1821 4445 stans
1841 4393 1904 4443 ad
1935 4406 2030 4459 pe-

452 4487 550 4542 des
575 4487 720 4555 ejus,
740 4495 793 4541 et
820 4496 965 4540 retro
986 4484 1228 4554 plorans,
1249 4498 1354 4536 non
1388 4483 1530 4537 enim
1551 4482 1787 4537 audebat
1817 4497 2026 4542 coram,

452 4578 619 4646 cu-pit
648 4577 903 4647 lacrymis
936 4576 1115 4646 rigare
1159 4574 1322 4644 pedes
1352 4574 1491 4642 ejus.
1517 4583 1570 4627 et
1592 4573 1801 4639 capillis
1835 4573 2030 4640 capitis

451 4670 530 4719 sui
563 4668 740 4729 tersit,
765 4664 1145 4719 etdeosculata
1191 4674 1273 4718 est
1317 4665 1478 4731 pedes
1516 4663 1727 4731 ejus,‘et
1748 4674 2031 4731 unguento

454 4752 631 4806 unxit.
661 4750 788 4805 Ideo
808 4752 942 4806 dixit
990 4750 1168 4813 Jesus.
1195 4770 1215 4802 ι
1240 4750 1616 4804 Remittuntur
1674 4749 1773 4802 tibi
1809 4758 2031 4818 peccata

451 4853 567 4902 tua,
596 4858 614 4891 ι
638 4850 713 4905 ct,
733 4860 749 4891 ι
781 4839 1047 4904 Quoniam
1071 4840 1259 4894 dilexit
1297 4841 1549 4904 multum,
1575 4840 1664 4893 cui
1696 4848 1875 4892 autem
1900 4855 2031 4907 pau-

450 4945 576 4985 cum
627 4929 955 4994 dimittitur,
990 4944 1179 4996 parum
1232 4939 1422 4996 amat;
1473 4949 1491 4981 ι
1526 4930 1785 4984 Zacclueo
1820 4942 2029 4995 autem,

459 5037 479 5071 ι
520 5018 692 5073 Hodie
725 5021 873 5073 salus
904 5020 1031 5074 huic
1054 5022 1239 5075 d0mui
1264 5020 1403 5076 facta
1438 5033 1577 5076 est.»
1610 5020 1771 5075 Vides
1803 5030 2029 5090 pmpter

453 5112 691 5168 alacrem
724 5112 893 5165 animi
917 5111 983 5166 ad
1007 5113 1211 5168 bonum
1242 5114 1688 5181 propensionem,
1724 5122 1776 5166 et
1795 5128 2029 5166 conver-

455 5205 632 5258 sionis
654 5205 964 5270 veritatem,
984 5205 1170 5258 statim
1199 5201 1379 5257 datam
1402 5218 1527 5257 esse
1561 5218 1685 5256 cum
1720 5204 1899 5258 salute
1945 5219 2030 5255 rc-

452 5295 776 5351 missionem
808 5296 941 5363 ;sed
975 5312 1083 5350 non
1124 5296 1517 5364 paenitentibus
1551 5314 1565 5350 :
1606 5316 1624 5349 ι
1675 5297 1952 5352 Discedite
1996 5313 2025 5351 a

453 5403 564 5453 me,
584 5388 784 5457 inquit,
807 5388 1234 5458 quiopcramini
1264 5387 1651 5456 iniquitatem;
1681 5408 1698 5441 ι
1724 5398 1800 5453 et,
1829 5408 1847 5440 ς
1881 5390 2032 5445 Blas-

453 5481 844 5549 phemantibns
907 5480 960 5532 in
1013 5478 1279 5547 Spiritum
1351 5489 1626 5544 sanctum,
1677 5480 1835 5547 dixit,
1891 5495 2030 5532 nun-

456 5584 623 5642 quam
656 5572 1003 5638 remittetur;
1031 5589 1051 5624 ι
1079 5578 1134 5626 et
1160 5572 1438 5625 remittere
1472 5572 1785 5627 nolentibus
1814 5589 1828 5627 :
1869 5589 1888 5622 ι
1915 5570 2028 5625 Non

460 5662 773 5715 remittetur
803 5661 956 5716 vobis
983 5677 999 5728 ;
1046 5680 1064 5715 ι
1097 5670 1185 5716 et:
1222 5679 1243 5712 ι
1282 5660 1394 5716 Nisi
1427 5660 1807 5731 pmnitentiam
1855 5660 2032 5731 egeri-

456 5750 553 5825 tis,
580 5750 677 5822 ait,
708 5752 961 5813 similiter
994 5754 1246 5830 peribitis
1281 5770 1297 5824 5
1329 5775 1346 5806 ι
1375 5765 1429 5809 ct
1490 5770 1598 5808 non
1650 5753 2033 5810 obedientibus

2133 3208 2330 3265 ἐλθεῖν.
2366 3208 2489 3259 ἐπεὶ
2521 3208 2614 3259 καὶ
2646 3206 2775 3275 ἄχρι
2818 3205 3007 3267 τέλους
3046 3202 3205 3264 ἐλπίς
3228 3218 3242 3231 ⁸
3278 3201 3339 3253 οὐ
3372 3198 3480 3268 μὴν
3511 3198 3567 3250 δὲ
3601 3196 3709 3248 τῶν

2131 3300 2304 3365 ἁγίων
2328 3281 2645 3365 καταξιοῦν,
2672 3298 2758 3350 ἴνα
2797 3298 2872 3367 μὴ
2913 3299 2995 3358 είς
3041 3298 3244 3363 κρίμα,
3290 3293 3367 3355 ὡς
3396 3291 3492 3345 καὶ
3529 3290 3715 3343 αὐτῶν

2133 3390 2223 3445 καὶ
2252 3390 2362 3445 τῶν
2396 3391 2608 3459 ἀλόγως
2638 3390 2895 3442 διδόντων
2932 3389 3184 3455 γένηται.

2672 3480 2926 3533 ΚΕΦᾹΛ.
2969 3477 3154 3544 man

2137 3575 2272 3643 Περὶ
2319 3573 2800 3642 ἐξαγορεύσεως,
2836 3571 2996 3633 ὅπως
3029 3571 3145 3637 χρὴ
3177 3568 3404 3632 ταύτην
3422 3568 3713 3633 τίνεσθαι.

2202 3667 2316 3736 Τὴν
2357 3664 2715 3730 ὲξαγόρευσιν
2745 3661 2800 3714 δὲ
2847 3663 2948 3729 οὔχ
3004 3660 3192 3722 ἁπλῶς
3228 3658 3411 3728 χρεὼν
3444 3660 3711 3726 γίνεσθαι,

2132 3756 2247 3810 ἀλλ’
2274 3755 2350 3819 ὡς
2407 3754 2683 3814 ὑπέδειξεν
2712 3756 2739 3803 ὀ
2772 3751 2989 3818 Σωτὴρ,
3022 3750 3114 3802 ὅτε
3164 3749 3257 3802 τὸν
3300 3752 3573 3821 Ζακχαῖον
3619 3753 3713 3803 καὶ

2132 3849 2230 3914 τὴν
2267 3846 2474 3915 πόρνην
2510 3842 2753 3906 ἐδέξατο.
2799 3841 2861 3893 Ὀ
2903 3841 3003 3909 μὲν
3035 3839 3142 3906 γὰρ
3196 3840 3334 3909 μετὰ
3378 3842 3713 3910 σεμνότητος

2132 3935 2420 4003 ἐξήγγειλε
2476 3932 2660 3984 πάντα
2704 3930 2799 3984 καὶ
2858 3929 3181 3999 συντριϐἦς,
3214 3933 3308 3982 καὶ
3342 3931 3711 3999 ἐπηγγέλλετο

2132 4027 2200 4078 τὰ
2254 4026 2572 4095 ἀδικήματα
2627 4023 3032 4095 διορθώσασθαι
3107 4023 3205 4072 καὶ
3269 4022 3537 4075 ἐπιθεῖναι
3596 4023 3712 4073 θεῖα

2132 4117 2290 4186 ἔργα.
2324 4136 2342 4168 ι
2397 4115 2531 4169 Ἰδοὺ
2578 4114 2709 4182 γὰρ,
2748 4113 2903 4182 φησὶ,
2943 4111 3010 4165 τὰ
3058 4112 3235 4180 ἡμίση
3274 4111 3387 4163 τῶν
3437 4111 3715 4180 ὑπαρχὸνο

2131 4229 2239 4264 των
2270 4229 2381 4280 μοι,
2414 4209 2611 4279 Κύριε,
2641 4208 2836 4274 δίδωμι
2870 4209 2982 4266 τοῖς
3011 4208 3250 4272 πτωχοῖς
3281 4221 3294 4233 ·
3328 4205 3425 4255 καὶ
3478 4207 3530 4256 εί
3566 4204 3712 4267 τινός

2131 4310 2182 4355 τι
2241 4303 2685 4370 ἐσυκοφάντησα,
2719 4298 3022 4366 ἀποδίδωμι
3071 4295 3431 4365 τετραπλοῦν.
3472 4315 3491 4346 ι
3536 4295 3604 4347 ἸΙ
3655 4296 3712 4347 δὲ

2132 4394 2375 4447 λαϐοῦσα
2424 4393 2767 4460 ἀλάϐαστρον
2828 4390 3023 4459 μύρου,
3060 4389 3153 4439 καὶ
3187 4389 3364 4440 στᾶσα
3404 4387 3555 4454 παρὰ
3587 4387 3713 4448 τοὺς

2137 4487 2303 4546 πόδας
2343 4482 2510 4536 αὐτοῦ
2546 4482 2724 4534 ὀπίσω
2754 4480 3017 4533 κλαίουσα
3067 4477 3149 4547 (οὐ
3180 4477 3289 4544 γὰρ
3340 4476 3543 4542 ὲτόλμα
3575 4476 3710 4527 ἐνώ-

2136 4575 2278 4645 πιον)
2338 4573 2541 4643 ἤρξατο
2581 4571 2800 4640 βρέχειν
2852 4569 2982 4630 τοὺς
3037 4568 3205 4629 πόδας
3258 4564 3428 4617 αὑτοῦ
3472 4568 3583 4627 τοῖς
3614 4566 3711 4618 δά-

2135 4644 2317 4732 κρυσι,
2353 4666 2444 4715 καὶ
2473 4665 2589 4723 ταῖς
2625 4660 2771 4730 θριξὶ
2801 4659 2900 4725 τῆς
2926 4644 3171 4724 κεφαλῆς
3205 4656 3379 4724 αὐτῆς
3416 4657 3708 4724 ἐξὲμασσε,

2133 4756 2230 4808 καὶ
2287 4752 2567 4821 κατεφίλει
2624 4751 2750 4812 τοὺς
2803 4748 2971 4810 πόδας
3030 4747 3220 4808 αὐτοῦ,
3258 4749 3353 4801 καὶ
3408 4748 3598 4817 ἤλειφε
3634 4747 3712 4814 τῷ

2137 4845 2312 4915 μύρῳ.
2339 4844 2430 4895 Διὸ
2480 4845 2576 4897 καὶ
2619 4838 2775 4894 εἶπεν
2809 4840 2946 4908 αὐτῇ
2997 4839 3025 4890 ὀ
3068 4837 3299 4907 Ἰησοῦς,
3340 4856 3361 4887 ι
3407 4838 3713 4904 Ἀφέωνταί

2135 4952 2217 4987 σοι
2244 4935 2298 4985 al
2331 4931 2596 5000 ἁμαρτίαι
2622 4947 2715 4982 σου
2743 4946 2757 4960 ·
2787 4949 2805 4980 ι
2838 4928 2955 4994 καὶ,
2981 4946 3000 4979 α
3030 4927 3153 4979 Ὅτι
3179 4928 3435 4997 ἠγάπησε
3467 4926 3599 4979 πολύ
3619 4942 3632 4957 ⁸
3666 4922 3710 4993 ᾧ

2132 5027 2188 5078 δὲ
2242 5025 2421 5090 ὀλίγον
2474 5022 2715 5086 ἀφίεται,
2748 5020 2931 5085 ὀλίγον
2983 5020 3196 5087 ἀγαπᾷ,
3248 5037 3266 5068 ι
3325 5017 3481 5087 φησί.
3528 5017 3617 5086 Τῷ
3649 5017 3709 5069 δὲ

2135 5114 2406 5181 Ζακχαίῳ,
2445 5128 2462 5160 ι
2502 5110 2753 5179 Σήμερον
2804 5107 3053 5177 σωτηρία
3093 5108 3170 5176 τῷ
3208 5108 3343 5176 οἴκῳ
3384 5107 3562 5177 τούτῳ
3587 5108 3711 5174 ὲγέ-

2134 5221 2272 5257 νετο,
2314 5221 2331 5255 ι
2380 5202 2544 5272 Ὁρᾷς
2582 5199 2670 5254 διὰ
2719 5198 2780 5251 τὸ
2813 5197 3101 5267 πρόθυμον
3135 5199 3228 5251 καὶ
3275 5199 3335 5250 τὸ
3383 5199 3583 5267 ἀληθὲς
3611 5199 3707 5266 τῆς
3734 5270 3745 5277 .

2133 5294 2471 5365 ἐπιστροφῆς
2535 5296 2631 5345 καὶ
2682 5291 2783 5359 τὴν
2843 5290 3040 5358 ἄφεσιν
3091 5290 3368 5359 παρευθὺς
3421 5291 3560 5361 μετὰ
3607 5290 3708 5359 τῆς

2136 5387 2410 5455 σωτηρίας
2435 5382 2844 5453 χαριζομένηνς
2888 5380 3054 5433 Ἀλλὰ
3077 5382 3189 5441 τοῖς
3221 5380 3296 5449 μὴ
3333 5379 3708 5449 μετανοοῦσιν,

2140 5498 2160 5531 ι
2208 5478 2512 5547 ’Λπὸστητε
2551 5473 2647 5527 ἀπ’
2695 5472 2853 5543 ἐμοῦ.
2892 5473 3080 5541 φησιν,
3117 5472 3166 5523 οί
3219 5471 3578 5541 ἐργαζόμενοι
3609 5472 3711 5539 τὴν

2135 5568 2385 5638 ἀνομίαν.
2424 5584 2443 5619 ι
2484 5567 2613 5631 Kal,
2651 5583 2670 5616 ι
2702 5565 2826 5626 Τοῖς
2859 5562 3268 5632 βλασφημοῦσιν
3299 5563 3377 5624 είς
3399 5562 3462 5614 τὸ
3486 5562 3709 5630 Πνεῦμα

2135 5665 2196 5717 τὸ
2224 5664 2378 5730 ἆγιον
2424 5659 2676 5729 οὐδαμῶς
2732 5676 2861 5712 ποτε
2909 5656 3268 5725 ἀφεθήσεται,
3310 5676 3327 5707 ι
3365 5658 3576 5727 εἴρηκε,
3614 5656 3710 5706 καὶ

2134 5754 2249 5815 τοῖς
2310 5750 2386 5822 μὴ
2454 5749 2673 5820 ἀφιέναι
2736 5749 2984 5802 θέλουσιν
3056 5748 3158 5799 οὐκ
3225 5746 3504 5816 ἀφίεσθαι.
3555 5746 3704 5811 Καὶ,
