4108 6262
454 393 565 463 483

520 589 635 639 bus.

521 696 767 751 Primum
816 694 1036 764 quidem
1078 706 1231 746 mens
1298 691 1351 744 in
1412 688 1578 763 corde
1635 688 1885 757 producit
1944 684 2028 739 νιιι

449 789 622 845 bonas
644 787 1005 855 cogitationes
1037 785 1103 837 ad
1134 799 1230 837 eas
1262 782 1574 844 attendens,
1612 781 1695 832 vel
1725 780 1894 831 tualas
1922 793 2027 829 nun

457 877 769 934 attendens.
805 875 944 929 llinc
976 873 1387 928 attendentibus
1418 887 1512 941 per
1562 870 1887 923 rationalem
1949 868 2030 919 la-

452 972 714 1025 eultatem
786 967 1046 1021 memoria
1101 964 1216 1027 Dei,
1250 964 1462 1018 ctlides
1512 974 1683 1024 recta,
1737 962 1915 1013 oratio
1975 968 2030 1011 et

454 1063 710 1121 attentio,
750 1068 900 1112 recte
930 1057 1269 1125 diriguntur,
1301 1053 1549 1108 laudatio
1589 1066 1811 1120 quoque
1831 1060 1886 1102 et
1908 1064 2029 1118 gra-

454 1158 658 1208 tiarum
689 1152 837 1204 actio
869 1149 979 1202 Deo
1040 1148 1285 1211 redditae,
1323 1160 1473 1215 quae,
1533 1154 1593 1199 ut
1640 1144 1900 1206 diximus,
1961 1140 2029 1193 ad

453 1239 777 1294 rationalem
804 1238 1097 1308 pertinent.
1124 1236 1201 1287 All
1233 1233 1562 1287 irasciliilem
1596 1230 1912 1285 facultatem
1934 1242 2031 1296 per

459 1339 698 1384 mentem
734 1330 1009 1397 pertinent
1069 1328 1239 1389 zelus,
1274 1326 1491 1377 excitus
1543 1337 1640 1389 pro
1699 1321 1921 1390 pietate,
1974 1328 2032 1372 et

457 1401 633 1475 sacris
665 1420 901 1489 hymnis,
945 1428 1001 1472 et
1031 1418 1256 1486 agendis
1309 1416 1421 1467 Deo
1488 1412 1682 1482 gratiis
1721 1412 1922 1465 ardens
1978 1418 2032 1463 et

455 1512 777 1565 vehemens.
804 1508 882 1561 Ad
917 1506 1402 1575 concupiscibilem
1460 1517 1589 1557 vero
1643 1517 1739 1571 per
1767 1510 2029 1563 mentem,

458 1603 705 1656 Charitas
740 1604 793 1653 in
834 1600 1023 1663 lleum,
1057 1608 1109 1651 et
1137 1600 1191 1651 in
1214 1598 1518 1667 proximum
1540 1612 1664 1650 vera
1687 1606 1742 1649 et
1775 1607 2033 1662 germana

459 1707 723 1761 amorque
753 1693 805 1745 in
847 1693 1055 1754 divina,
1082 1691 1354 1757 boua’que
1388 1697 1446 1742 et
1479 1687 1799 1757 spirituales
1824 1685 2036 1763 (τοδίιῶ

459 1788 659 1839 tiones.
687 1784 783 1837 llis
816 1783 1094 1836 contraria
1129 1796 1238 1834 non
1278 1778 1694 1834 attendentibus
1723 1780 1980 1830 accidunt
2016 1789 2033 1843 ;

1281 388 1667 450 SYMEONIS
1701 389 1803 447 'l‘lI
1818 387 1996 447 ESSA
2012 386 2151 446 [ΟΝ
2167 384 2471 445 lCENSlS
2514 381 2868 446 ARCHIEP.

516 525 709 583 atque:
738 515 791 565 in
823 508 1152 564 contrarium
1223 508 1471 560 accidunt
1536 520 1638 558 non
1701 502 2022 558 altendemi-
2056 512 2094 564 Α

3596 373 3703 443 486

2198 500 2462 567 μητικῴ·
2513 501 2609 553 καὶ
2667 500 2786 553 ὅσα
2847 498 3208 553 τούναντίον
3259 497 3576 567 συμϐαίνει
3613 504 3706 570 μὴ

2198 571 2634 638 προσέχουσιν.

2200 682 2306 733 Καὶ
2344 680 2560 747 πρῶτον
2599 679 2701 745 μὲν
2727 680 2755 731 ό
2799 678 2925 740 νοῦς
2959 681 3017 731 ἐν
3049 680 3112 747 τῇ
3160 676 3361 748 καρδίᾳ
3407 678 3636 745 γεννῶν,
3667 677 3705 746 ἢ

2126 772 2252 830 τοὺς
2307 770 2545 836 ἀγαθοὺς
2598 772 2654 821 ἐν
2720 772 2983 839 προσοχῇ,
3037 771 3066 837 ἢ
3116 770 3243 831 τοὺς
3299 768 3573 837 πονηροὺς
3627 770 3707 838 μὴ

2129 862 2417 930 προσέχων
2451 856 2727 930 ἀπογεννᾷ
2777 860 3097 929 λογισμούς.
3136 860 3423 914 Ἐντεῦθεν
3451 857 3544 914 οὗν
3593 865 3709 921 τοῖς

2131 954 2231 1021 μὲν
2268 956 2593 1023 προσέχουσι
2653 955 2742 1006 διὰ
2796 954 2888 1007 τοῦ
2948 953 3262 1020 λογιστικοῦ
3321 955 3509 1023 μνήμη
3543 954 3704 1020 Θεοῦ,

2131 1045 2228 1097 καὶ
2275 1045 2457 1108 πίστις
2507 1046 2667 1114 ὀρθὴ,
2702 1046 2981 1116 προσευχὴ
3013 1062 3072 1098 τε
3113 1047 3209 1097 καὶ
3237 1045 3479 1113 προσοχὴ
3514 1060 3710 1110 κατορ-

2132 1136 2338 1201 θοῦται,
2366 1138 2458 1189 καὶ
2510 1136 2785 1203 δοξολογία
2835 1140 2932 1189 καὶ
2995 1137 3315 1206 εὐχαριστία
3357 1135 3493 1189 Θεοῦ
3520 1152 3535 1168 ⁸
3572 1136 3607 1189 ἃ
3645 1136 3711 1206 δὴ

2132 1229 2225 1281 τοῦ
2274 1228 2585 1297 λογιστικοῦ
2635 1232 2797 1290 εἰσιν,
2838 1228 2913 1290 ὡς
2964 1231 3269 1297 εἰρήκαμεν
3295 1242 3310 1259 ο
3344 1226 3439 1279 τοῦ
3473 1226 3710 1293 θυμικοῦ

2130 1318 2187 1370 δὲ
2242 1319 2328 1371 διὰ
2378 1319 2473 1371 τοῦ
2532 1317 2649 1379 νοὸς
2708 1318 2868 1387 ζῆλος
2921 1320 3016 1370 καὶ
3053 1318 3321 1384 διέγερσις
3354 1316 3492 1384 ὑπὲρ
3524 1332 3582 1367 τε
3611 1315 3713 1381 τῆς

2132 1410 2414 1470 εὐσεϐείας
2458 1409 2550 1461 καὶ
2598 1409 2706 1463 τῶν
2750 1408 2912 1478 ιερῶν
2957 1409 3144 1477 ὕμνων
3178 1410 3273 1462 καὶ
3315 1408 3416 1476 τῆς
3450 1407 3587 1460 Θεοῦ
3622 1408 3715 1457 εὑ-

2134 1500 2424 1570 χαριστίας
2476 1500 2678 1569 θερμός
2710 1517 2770 1552 τε
2825 1502 2919 1552 καὶ
2970 1500 3187 1561 ἔντονος
3215 1515 3228 1529 ⁸
3261 1500 3355 1551 τοῦ
3390 1498 3716 1568 ἐπιθυμητι-

2135 1594 2230 1645 κοῦ
2258 1592 2313 1643 δὲ
2344 1593 2430 1644 διὰ
2465 1592 2557 1644 τοῦ
2590 1592 2704 1652 νοὸς
2757 1592 2949 1660 ἀγάπη
2980 1591 3115 1661 πρὸς
3148 1592 3240 1644 τὸν
3270 1591 3420 1653 Θεὸν,
3454 1594 3546 1643 καὶ
3577 1590 3713 1656 πρὸς

2134 1683 2225 1736 τὸν
2255 1682 2486 1752 πλησίον
2526 1683 2735 1753 ἀληθὴς
2776 1685 2873 1736 καὶ
2917 1683 3141 1752 γνησία,
3172 1683 3269 1735 καὶ
3302 1682 3442 1752 ἔρως
3474 1684 3612 1749 πρὸς
3646 1682 3717 1735 τὰ

2140 1775 2278 1838 θεῖα,
2321 1775 2411 1827 καὶ
2440 1774 2635 1841 ἀγαθοὶ
2674 1776 2766 1826 καὶ
2801 1775 3164 1840 πνευματικοὶ
3197 1771 3475 1840 λογισμοί.
3506 1773 3716 1827 Τάναν-

461 1886 646 1931 mente
669 1874 889 1944 Quidem
912 1873 1121 1927 homini
1151 1872 1382 1925 minime
1414 1869 1765 1938 temperanti,
1817 1882 1911 1936 per
1944 1881 2036 1921 ra-

2153 1866 2228 1917 τία
2274 1866 2333 1918 δέ
2378 1865 2587 1917 τούτων
2614 1866 2726 1926 τοῖς
2780 1864 2854 1933 μὴ
2884 1865 3219 1933 προσέχουσι
3258 1863 3550 1934 συμϐαίνει
3580 1881 3594 1895 ’
3621 1866 3717 1916 καὶ

464 1967 721 2023 tioualem
754 1965 1065 2018 facultatem
1111 1974 1258 2015 recta
1298 1977 1410 2014 non
1469 1960 1713 2030 cogitare
1768 1958 1835 2012 de
1893 1969 2036 2011 recta

464 2059 588 2122 (ille,
648 2066 702 2111 et
756 2071 864 2109 uno
915 2056 967 2107 iu
1030 2051 1301 2107 Trinitate
1362 2051 1591 2121 Deo.et.
1640 2050 1805 2105 Verbi
1865 2050 2043 2104 incar-

470 2152 716 2211 natione,
781 2155 835 2200 et
883 2146 1100 2198 caeteris
1154 2158 1276 2211 quae
1323 2142 1389 2195 ad
1446 2140 1614 2195 Deum
1673 2139 2038 2193 referuntur:

465 2242 552 2296 bis
615 2240 980 2308 adjungeuda,
1048 2222 1405 2305 ingratitudo,
1452 2234 1809 2302 blasphemia,
1868 2239 1922 2285 et
1958 2244 2044 2284 re-

469 2344 589 2382 rmu
645 2328 713 2381 ad
772 2326 1097 2394 apostasiam
1138 2326 1495 2393 vergentium,
1545 2331 1599 2376 et
1643 2322 2040 2375 diabolicarum

468 2421 790 2489 phantasiae.
814 2416 913 2471 Per
940 2415 1297 2485 irascibilem,
1379 2414 1555 2469 zelum
1604 2412 1658 2465 in
1720 2413 1879 2465 malis
1944 2410 2044 2465 de-

469 2521 815 2572 monstrare,
877 2508 929 2561 in
978 2506 1199 2560 fratrem
1253 2505 1458 2574 aliquid
1507 2502 1728 2568 moliri,
1776 2502 2040 2564 invidere,

470 2597 768 2661 fascinare,
801 2598 1006 2654 furere.
1037 2596 1336 2649 vindictam
1368 2607 1636 2663 qua-rere,
1661 2591 1835 2646 etalia
1868 2591 2044 2657 plera-

467 2692 800 2761 queirarum
836 2690 996 2758 plena
1069 2701 1352 2757 peragere.
1402 2683 1507 2739 Per
1554 2683 2041 2752 concupisc-ihilem

469 2797 623 2844 vero,
642 2782 989 2834 ambitiosum
1010 2795 1154 2839 esse,
1180 2775 1535 2846 pecuniarum
1555 2775 1739 2826 animo
1764 2771 2043 2842 cupidum,

470 2888 593 2939 quae
625 2870 855 2938 proximi
888 2878 1016 2922 sunt
1061 2867 1478 2935 concupiscere,
1535 2875 1728 2917 contra
1778 2862 2042 2915 rationem

470 2973 523 3017 οι
554 2962 814 3015 decorum
850 2962 988 3012 bona
1027 2960 1209 3013 aliena
1247 2972 1432 3011 amare
1467 2966 1561 3009 θυι
1615 2964 2040 3008 marcescentcm

468 3054 659 3109 carnis
709 3052 1198 3121 pulchritudinem,
1310 3065 1509 3118 pravos
1583 3045 2043 3115 concupiscentia:

2142 1956 2218 2025 τῷ
2251 1958 2349 2026 μὲν
2385 1956 2465 2009 νοῒ
2532 1956 2607 2026 μὴ
2642 1956 2869 2022 νήφοντι
2910 1955 2988 2025 τῷ
3029 1956 3304 2027 ἀνθρώπῳ
3335 1957 3424 2009 διὰ
3448 1955 3542 2009 τοῦ
3573 1955 3720 2022 λογι-

2144 2047 2330 2101 στικοῦ
2391 2049 2452 2100 τὸ
2503 2048 2603 2100 οὐκ
2653 2047 2790 2116 ὀρθὰ
2844 2046 3156 2114 λογίζεσθαι
3192 2050 3321 2118 περὶ
3375 2048 3473 2118 τὴν
3517 2046 3720 2116 εὐσεΰῆ

2144 2141 2329 2194 πίστιν
2361 2140 2454 2192 καὶ
2505 2140 2596 2192 τὸν
2628 2140 2685 2190 ἐν
2720 2139 2914 2208 Τριάδι
2976 2140 3137 2208 μόνον
3185 2140 3318 2193 Θεὸν
3370 2143 3465 2194 καὶ
3495 2140 3595 2210 τὴν
3624 2141 3719 2193 τοῦ

2143 2233 2320 2298 Λόγοι.
2370 2232 2666 2299 σάρκωσιν,
2699 2231 2794 2283 καὶ
2849 2232 3016 2283 λοιπά
3065 2233 3147 2293 εἰς
3197 2232 3329 2286 Θεὶν
3383 2233 3718 2302 ἀνλγόμενιι,

2145 2325 2240 2376 καὶ
2281 2321 2576 2391 ἀχαριστία
2627 2321 2719 2374 καὶ
2754 2321 3098 2390 βλασφημία,
3129 2322 3224 2375 καὶ
3270 2325 3331 2375 τὸ
3375 2324 3723 2377 ἀποστατικὰ

2146 2414 2239 2465 καὶ
2287 2411 2613 2479 δαιμονιώδη
2663 2412 3073 2479 φαντάζεσθαι·
3114 2411 3204 2463 διά
3253 2411 3310 2465 δὲ
3345 2413 3441 2465 τοῦ
3484 2413 3719 2482 θυμιυῦ

2145 2504 2205 2555 τὸ
2235 2502 2429 2571 ζηλοῦν
2461 2505 2553 2555 ἐπὶ
2599 2503 2880 2571 πονηροῖς,
2926 2505 3018 2553 καὶ
3068 2504 3210 2556 κατά
3238 2502 3335 2555 τοῦ
3362 2504 3594 2572 ἀδελφοῦ
3625 2522 3725 2573 με-

2145 2593 2325 2659 λετᾷν,
2358 2594 2454 2646 καὶ
2483 2593 2886 2663 διαφθονείσθαι
2919 2595 3013 2647 καὶ
3043 2594 3367 2664 βασκαίνειν
3397 2599 3492 2649 καὶ
3528 2600 3723 2666 μαίνε-

2148 2686 2298 2750 σθαι,
2330 2688 2424 2737 καὶ
2462 2685 2881 2738 ἀνταποδιδόναι
2938 2685 3151 2754 ζητεῖν,
3198 2689 3293 2739 καὶ
3324 2687 3459 2741 ἀλλα
3499 2688 3725 2741 πλεῖστα

2147 2775 2407 2845 θυμοειδῆ
2442 2779 2686 2845 ἐνεργεῖν
2716 2793 2732 2808 ’
2764 2777 2853 2829 διὰ
2895 2778 2989 2830 τοῦ
3036 2779 3441 2849 ἐπιθυμητικοῦ
3472 2780 3529 2832 δὲ
3575 2781 3728 2847 φιλο-

2145 2868 2337 2931 δοξεῖν,
2369 2867 2731 2936 φιλαργυρεῖν
2778 2869 2938 2938 187
2965 2870 3024 2920 ἐν
3062 2868 3278 2940 καρδίᾳ,
3317 2870 3411 2923 καὶ
3433 2870 3725 2938 ἐπιθυμεῖν

2152 2956 2259 3008 τῶν
2298 2956 2389 3008 τοῦ
2435 2955 2686 3023 πλησίον,
2736 2957 2869 3026 ἐρᾷν
2921 2959 3247 3026 παραλόγως
3294 2958 3514 3026 ἀγαθῶν
3562 2957 3723 3011 ἀλλο·

2149 3046 2340 3115 τρίων,
2378 3047 2409 3115 ἢ
2443 3045 2672 3109 κάλλους
2709 3049 3111 3117 μαραινομένου
3145 3049 3365 3119 σαρκδς,
3405 3048 3627 3118 ἐμπαθῆ
3659 3064 3720 3101 τι

474 3155 654 3199 motus
674 3144 1013 3211 cogitatione
1055 3142 1416 3204 conservare,
1443 3155 1533 3194 res
1568 3138 1824 3193 sordidas
1862 3137 2046 3189 animo

2153 3136 2499 3197 διανοεῖσθαι,
2549 3138 2641 3190 καὶ
2678 3137 2901 3206 τρέφειν
2935 3140 2993 3191 ἐν
3036 3142 3104 3207 τῇ
3132 3139 3277 3210 ψυχῇ
3333 3142 3587 3211 ῥυπαρὰ,
3633 3140 3727 3192 καὶ

472 3238 687 3290 nutrire
713 3244 768 3288 et
818 3234 1022 3298 fovere,
1051 3233 1339 3301 onmisque
1391 3232 1610 3300 generis
1650 3229 2041 3296 impuritatem,

471 3327 875 3392 velutjumcnta
896 3326 1098 3386 vivere,
1118 3324 1447 3391 etjumentis
1472 3322 1652 3390 pejora
1672 3321 1854 3373 animo
1878 3317 2048 3384 agita-

476 3432 557 3469 re.
584 3413 713 3467 Haec
744 3414 941 3480 hisque
967 3413 1170 3465 similia
1212 3412 1518 3465 secundam
1607 3408 1843 3462 trifidam
1902 3408 2046 3458 illam

411 3532 417 3537 ~
475 3504 887 3560 distinctionem
918 3503 982 3554 ad
1010 3511 1243 3555 mentem
1281 3508 1551 3569 spectant.

1039 3609 1267 3666 CAPUT
1290 3610 1519 3666 CCLXI.

477 3705 610 3768 Qum
629 3711 769 3755 recte
799 3702 967 3770 faciat
988 3701 1142 3754 homo
1175 3702 1385 3754 ratione
1418 3717 1536 3753 cum
1581 3702 1853 3766 tripertita
1882 3700 2054 3766 facul-

550 3781 656 3825 tate
684 3774 873 3824 ultima:
897 3774 941 3826 si
980 3771 1237 3836 attendat,
1277 3783 1325 3825 et
1356 3788 1472 3841 quw
1495 3779 1667 3838 peccet
1712 3772 1759 3824 si
1782 3774 2054 3825 attendere

552 3844 858 3911 neglexerit.

549 3952 747 4009 lterum
785 3962 934 4008 recte
982 3955 1095 4023 agit
1136 3955 1299 4008 homo
1361 3953 1666 4008 secundum
1722 3968 2052 4019 sermonem,

484 4060 579 4114 per
613 4045 938 4101 rationalem
964 4044 1314 4107 facultatem,
1336 4045 1423 4113 pie
1452 4054 1506 4097 et
1528 4052 1717 4099 sancte
1745 4054 2057 4100 commotus

480 4144 536 4189 et
554 4135 823 4204 impulsus
841 4134 908 4188 ad
947 4134 1068 4188 fidei
1110 4148 1554 4198 senuones,cum
1582 4133 1797 4202 publice
1816 4144 1868 4187 et
1887 4135 2059 4188 conli-

484 4227 677 4280 denter
713 4225 882 4279 Deum
898 4224 1056 4295 juxta
1075 4224 1396 4279 catholicam
1415 4223 1576 4278 fidem
1598 4226 1913 4288 confitetur,
1934 4241 2059 4280 eum

484 4320 670 4372 laudat
700 4325 753 4370 et
778 4318 1043 4380 celebrat,
1069 4318 1275 4384 gratias
1311 4316 1445 4385 agit,
1470 4317 1631 4369 docet
1651 4317 1856 4381 divina,
1892 4316 2063 4369 inter-

484 4417 754 4475 pretatur,
783 4408 1064 4458 veritalem
1096 4408 1146 4458 in
1180 4408 1438 4460 ommhus
1459 4404 1769 4475 proﬁtetur,
1790 4406 2062 4473 judicium

2149 3229 2269 3282 ὅλον
2312 3227 2679 3297 ἀκαθαρσίαν,
2712 3231 2800 3282 καὶ
2831 3228 2903 3292 ὡς
2935 3230 3003 3282 τὰ
3040 3232 3211 3302 κτήνη
3261 3226 3422 3295 εἶναι,
3450 3232 3548 3285 καὶ
3598 3248 3733 3298 κτη-

2149 3320 2255 3372 νῶν
2306 3320 2376 3387 τῇ
2436 3317 2647 3389 διανοίᾳ
2692 3319 2931 3389 χείρονα.
2970 3320 3079 3373 Καὶ
3136 3322 3310 3374 ταῦτα
3359 3322 3458 3392 μὲν
3516 3323 3610 3376 καὶ
3663 3324 3732 3376 τὰ

2149 3410 2309 3478 ὃμοια
2338 3406 2431 3459 τοῦ
2468 3406 2583 3469 νοὸς
2608 3407 2695 3462 διὰ
2722 3406 2818 3460 τοῦ
2841 3409 3138 3479 τριμεροῦς
3161 3409 3378 3466 τούτου.

2667 3652 2672 3657 .
2723 3608 2972 3664 ΚΕΦΑΛ.
3009 3571 3171 3667 ΣὲΑο.

2157 3706 2314 3756 Ὅσα
2352 3697 2634 3775 κατι)ροοξ
2682 3701 2715 3751 ὀ
2747 3699 3072 3775 ,ἄνθρωπος
3128 3703 3207 3775 τῷ
3252 3706 3404 3775 λόγῳ
3443 3707 3604 3775 μετὰ
3630 3704 3735 3761 τοῦ

2218 3772 2530 3894 τριᾶιεροῦς
2562 3767 2669 3837 τῆς
2718 3770 2948 3838 ψυχῆς,
2982 3767 3082 3828 καί
3114 3767 3232 3827 ὅσα
3273 3767 3515 3843 ἀλίἐλῶν
3540 3781 3734 3845 πλημ-

2228 3859 2298 3894 ιιε
2344 3859 2415 3894 ει.

2221 3859 2415 3909 gestet.

2230 3951 2320 4021 Τῷ
2360 3951 2504 4023 λόγῳ
2537 3953 2593 4006 δὲ
2638 3954 2926 4024 ἄνθρωπος
2988 3954 3152 4008 πάλιν
3189 3955 3456 4025 κατορθοῖ
3501 3954 3590 4009 διὰ
3633 3956 3733 4024 μὲν

2160 4041 2255 4095 τοῦ
2296 4042 2604 4110 λογιστικοῦ
2647 4044 2967 4112 κινούμενος
3020 4044 3268 4107 εὐσεὸῶς-
3294 4045 3389 4099 καὶ
3418 4046 3635 4113 ἀγαθῶς
3678 4047 3735 4099 ἐν

2160 4136 2273 4197 τοῖς
2314 4136 2410 4205 τῆς
2461 4136 2698 4198 πίστεως
2741 4136 2942 4204 λόγοις,
2992 4140 3087 4191 κα)⁴
3134 4139 3417 4208 παρρησίᾳ
3459 4138 3737 4208 ὁμολογῶν

2162 4228 2251 4280 τὸν
2275 4228 2408 4280 Θεὸν
2438 4228 2756 4297 ὁρθοδόξως,
2784 4228 3081 4297 δοξολογῶν
3109 4246 3169 4282 τε
3200 4230 3365 4285 αὑτὸν
3392 4230 3484 4283 καὶ
3519 4230 3739 4300 εὐχαρι-

2167 4320 2306 4371 στῶν
2329 4320 2424 4372 καὶ
2439 4320 2720 4387 ἀνυμνῶν,
2752 4320 3095 4374 ἐκδιδάσκων
3124 4338 3183 4373 τε
3211 4324 3276 4374 τὰ
3306 4323 3424 4374 θεία
3457 4332 3547 4375 καὶ
3566 4322 3740 4392 ἑρμη-

2167 4409 2356 4475 νεύων,
2408 4412 2691 4479 ἀληθεύων
2738 4413 2797 4463 ἐν
2832 4414 2990 4475 πᾶσι,
3034 4413 3239 4481 κρίνων
3287 4413 3466 4481 κρῖμα
3510 4412 3738 4476 δίκαιον,

477 4497 686 4568 justum
711 4497 945 4568 judicat,
986 4499 1128 4551 bona
1155 4506 1209 4550 et
1230 4498 1414 4549 divina
1444 4498 1626 4549 omnia
1658 4496 1930 4564 loquitur;
1970 4510 2063 4562 per

2170 4500 2276 4552 πᾶν
2316 4500 2519 4567 ἀγαθὸν
2564 4504 2657 4555 καὶ
2703 4501 2846 4554 θεῖον
2896 4501 3109 4556 λαλῶν·
3153 4502 3241 4554 διὰ
3276 4502 3370 4556 τοῦ
3421 4502 3653 4570 θυμικοῦ
3683 4502 3743 4556 δὲ

487 4590 694 4645 irascib
722 4591 827 4645 lem
857 4606 1011 4654 vero,
1042 4606 1305 4645 sermone
1330 4605 1453 4644 cum
1511 4589 1633 4642 zelo
1680 4588 1748 4641 ad
1805 4591 2067 4640 virtutem

484 4684 731 4737 excitans
753 4723 767 4748 ,
802 4683 854 4735 in
882 4682 972 4736 Dei
1001 4684 1252 4753 gloriam,
1283 4694 1337 4735 et
1401 4681 1633 4735 fratrum
1693 4680 2068 4733 defensionem

487 4774 742 4841 loquens,
762 4773 1093 4829 adversariis
1122 4774 1706 4845 contradicms,impie
1747 4784 1989 4842 agentes,
2018 4781 2071 4825 et

487 4866 666 4933 legum
698 4868 1144 4933 praevaricatores
1174 4868 1529 4937 redargucns,
1557 4883 1740 4921 coram
1774 4866 1993 4933 regibus
2020 4875 2072 4919 et

489 4948 828 5025 principibus
857 4957 1194 5012 confidenter
1226 4958 1476 5025 loquens,
1506 4967 1561 5011 et
1591 4974 1686 5011 eos
1716 4958 2072 5011 terrel‘acieus

486 5048 713 5118 justitia:
759 5050 1149 5117 patrocinans;
1189 5064 1285 5119 per
1328 5048 1802 5117 concupiscibilem
1870 5062 2070 5112 autem,

487 5138 664 5192 Deum
700 5138 934 5193 laudans
963 5148 1016 5192 et
1041 5139 1349 5203 celebrans,
1379 5154 1648 5193 cuarrans
1719 5139 1837 5205 ejus
1884 5153 2068 5207 opera,

487 5244 543 5285 ct
575 5232 831 5286 laudibus
859 5246 983 5284 cum
1016 5245 1182 5300 super
1214 5231 1399 5284 omnia
1422 5230 1684 5296 efferens,
1749 5241 1803 5284 et
1830 5246 1929 5300 pro
1949 5232 2073 5286 aliis

489 5328 818 5392 deprecans,
842 5337 1027 5391 pacem
1052 5338 1172 5377 cum
1209 5323 1470 5378 fratribus
1514 5337 1840 5392 procurans,
1872 5337 2075 5389 eosque

495 5418 728 5472 invicem
760 5418 1150 5482 reconcilians,
1181 5431 1279 5486 pro
1306 5418 1417 5472 illis
1446 5415 1591 5485 apud
1637 5426 1877 5484 reges-ct
1908 5415 2075 5469 duces

498 5512 697 5579 quibus
723 5509 903 5565 verbis
935 5511 1223 5579 modisque
1255 5510 1477 5579 poterit,
1545 5507 1913 5563 iutercedens.
1947 5507 2075 5561 Ser-

494 5617 658 5657 mone
688 5618 818 5657 vero
843 5604 1045 5658 labitur
1075 5605 1241 5658 homo
1278 5617 1375 5672 per
1413 5600 1763 5667 rationalem,
1797 5615 1922 5654 cum
1960 5615 2073 5653 uta-

506 5695 554 5747 le
585 5693 878 5764 instigatus
905 5695 1077 5751 Deum
1107 5696 1297 5764 lingua
1324 5693 1691 5763 blasphemat,
1722 5707 1845 5745 cum
1908 5693 2072 5746 abne-

498 5794 609 5854 gat,
641 5787 848 5855 gratias
873 5786 951 5840 illi
985 5805 1092 5842 non
1123 5790 1259 5856 agit,
1289 5786 1422 5840 nillil
1449 5785 1753 5841 secundum
1787 5786 2072 5840 (OllSL‘lL‘ll-

2172 4590 2312 4656 μετὰ
2355 4589 2521 4658 ζήλου
2552 4592 2631 4662 τῷ
2663 4592 2807 4662 λόγῳ
2847 4592 3132 4663 διεγείρων
3179 4594 3313 4665 πρὸς
3357 4597 3560 4660 ἀρετὰς
3602 4594 3743 4665 ὑπὲρ

2170 4681 2263 4733 τοῦ
2295 4682 2428 4733 Θεοῦ
2461 4700 2523 4734 τε
2549 4682 2726 4735 λαλῶν
2755 4687 2850 4738 καὶ
2878 4685 2985 4737 τῶν
3016 4686 3284 4750 ἀδελφῶν,
3314 4687 3609 4755 ἀντιλέγων
3632 4689 3744 4750 τοῖς

2173 4774 2460 4836 ἐναντίοις,
2516 4774 2761 4843 ἐλέγχων
2828 4774 3163 4838 ἀσεϐοῦντας
3221 4779 3319 4828 καὶ⁵
3372 4779 3744 4847 παρανόμους,

2172 4865 2402 4916 ἐνώπιον
2438 4863 2702 4932 βασιλέων
2720 4882 2778 4917 τε
2812 4869 2908 4917 καὶ
2940 4869 3218 4936 ἀρχόντων
3251 4868 3537 4938 παρρησίᾳ
3571 4868 3749 4920 λαλῶν

2173 4958 2269 5009 καὶ
2314 4959 2668 5025 πτοούμενος,
2708 4959 2801 5011 καὶ
2849 4960 2946 5027 τῆς
2992 4960 3343 5030 δικαιοσύνης
3390 4961 3747 5031 ὐπερμαχων’

2173 5047 2262 5099 διὰ
2310 5049 2403 5100 τοῦ
2448 5048 2852 5118 ἐπιθυμητικοῦ
2887 5050 2941 5102 δέ
2986 5052 3226 5104 ἐπαινῶν
3253 5054 3346 5104 καὶ
3376 5053 3632 5121 ἀνυμνῶν
3662 5052 3751 5105 τὸν

2174 5142 2330 5204 Θεὸν,
2361 5141 2808 5211 ἐκδιηγούμενος,
2850 5146 2943 5215 καὶ
2986 5146 3352 5213 ἐγκωμιάζων
3382 5146 3480 5198 καὶ
3519 5146 3753 5215 ὑπεραί-

2180 5248 2311 5299 ρων,
2344 5235 2436 5284 καὶ
2465 5232 2605 5303 ὑπὲρ
2634 5234 2811 5287 ἄλλων
2843 5237 3311 5307 προσευχόμενος,
3342 5237 3519 5291 λαλῶν
3546 5240 3614 5290 τὰ
3646 5253 3753 5290 σωο

2176 5340 2243 5392 τη
2254 5323 2419 5390 ριώδη
2430 5362 2443 5384 ,
2460 5323 2754 5392 είρηνεύων
2773 5326 2897 5387 τοὺς
2915 5328 3201 5396 ἀδελφοὺς,
3215 5330 3575 5383 καταλάσσων
3591 5329 3723 5394 ἀλλή
3734 5356 3755 5369 ο

2176 5414 2310 5477 λοις,
2359 5414 2498 5483 ὑπὲρ
2548 5415 2728 5467 αὐτῶν
2787 5418 2925 5487 πρὸς
2973 5417 3238 5486 βασιλεῖς,
3288 5410 3431 5489 ’πρὸς
3483 5420 3756 5491 ἡγεμόνας

2176 5505 2451 5574 δεόμενος,
2497 5509 2592 5560 καὶ
2641 5509 2819 5561 πάντα
2859 5509 3033 5575 λέγων
3077 5512 3217 5580 ὑπὲρ
3262 5511 3465 5565 αὐτῶν.
3521 5512 3756 5580 Σφαλλό-

2182 5614 2341 5665 μενος
2369 5596 2424 5649 δέ
2450 5597 2478 5649 ό
2510 5598 2795 5669 ἄνθρωπος
2823 5600 2901 5668 τῷ
2926 5600 3069 5672 λόγῳ
3090 5602 3179 5655 διὰ
3206 5603 3308 5672 μὲν
3335 5604 3427 5656 τοῦ
3445 5602 3757 5669 λογιστικοῦ

2177 5687 2430 5757 πονηρῶς
2489 5689 2812 5759 κινούμενος
2858 5691 3171 5764 βλασφημεῖ
3204 5697 3269 5764 τῇ
3319 5693 3543 5767 γλώσσῃ
3598 5696 3755 5748 Θεὸν.

2176 5780 2368 5836 τοῦτον
2412 5783 2684 5851 ἀρνεῖται,
2734 5782 3041 5853 ἀχαριστεῖ,
3088 5787 3240 5839 οἰδὲν
3281 5786 3419 5841 κατὰ
3456 5788 3759 5848 συνείδησιν
