4108 6262
367 365 474 432 435

1680 362 1776 422 ΗΕ
1819 359 2330 421 ΡίΕΝΙΤΕΝΤΙΛ.

3527 357 3634 424 1:86

366 480 542 548 λέγει,
591 477 864 545 ἐπιορκεῖ,
929 475 1203 545 ψεύδεται,
1265 476 1358 530 καὶ
1408 477 1557 530 οὐδὲν
1613 477 1749 538 ὅλως
1797 475 1950 528 λαλεῖ

2080 473 2182 524 iam
2217 473 2367 540 facit,
2395 475 2625 543 pejerat,
2653 475 2940 540 mentitur,
2977 473 3224 543 nihilque
3250 473 3382 527 utile
3406 477 3633 528 omnino

370 569 627 639 χρηστόν.
678 569 776 621 Διά
835 567 931 621 τοῦ
985 568 1220 638 θυμικοῦ
1264 569 1320 622 δὲ
1368 569 1600 638 λοιδορεῖ
1643 569 1721 638 τῷ
1783 570 1950 635 λόγῳ,

373 661 609 732 ύΰρίζει,
675 663 1028 730 συκοφαντεῖ,
1097 661 1412 730 προδίδωσι,
1487 661 1950 731 ψευδομαρτυρεῖ,

371 747 664 816 διαϐάλλει,
699 757 1016 825 κατηγορεῖ,
1048 754 1228 823 ςαέγει,
1265 755 1360 806 καὶ
1396 755 1506 806 πᾶν
1543 755 1568 805 ὃ
1602 769 1652 804 τι
1687 753 1828 805 κατά
1859 750 1953 804 τοῦ

373 846 604 916 πλησίον
658 845 813 898 λαλεῖ
873 847 1064 899 κακόν.
1132 846 1230 897 Διά
1287 843 1381 896 τοῦ
1436 843 1838 912 ἐπιθυμητικοῦ
1899 842 1955 893 δὲ

375 923 596 1007 ᾄσματα
621 936 774 988 λαλεῖ
797 938 1053 1006 πορνικά,
1081 935 1490 1005 αἰσχρολογίας,
1508 935 1698 998 λόγους
1727 933 1958 1002 φλυαρεῖ

375 1026 798 1094 γελωτοποιούς.
819 1027 1056 1096 Μυθώδη
1084 1027 1178 1080 καὶ
1195 1026 1418 1096 γραώδη
1439 1027 1748 1096 ἐρεύγεται,
1779 1025 1956 1076 πάντα

375 1119 534 1185 λόγον
581 1119 926 1189 ἀκαθαρσίας
969 1119 1146 1177 λαλεῖ.
1197 1117 1304 1172 Καὶ
1344 1117 1570 1172 τοιαῦτα
1619 1118 1720 1187 μὲν
1764 1118 1832 1170 τὰ
1863 1115 1956 1169 τοῦ

375 1207 559 1276 λόγου.

927 1387 971 1440 Κ
985 1387 1186 1440 ΕΦΑΛ.
1235 1385 1372 1438 ΣΞΒ⁹
1392 1425 1406 1440 .

379 1475 529 1530 Ὅσα
559 1475 680 1546 τῶν
711 1476 990 1544 πράξεων
1021 1477 1215 1545 ἀγαθὰ
1239 1477 1337 1530 διὰ
1369 1475 1475 1529 τοῦ
1508 1475 1821 1546 τριμεροῦς
1852 1473 1964 1546 τῆς

447 1545 662 1615 ψυχῆς
710 1549 1124 1616 προσέχοντος
1159 1547 1267 1599 τοῦ
1317 1546 1658 1613 ἀνθρώπου,
1693 1547 1792 1599 καὶ
1845 1545 1964 1598 ὅσα

450 1617 686 1682 πονηρὰ
701 1619 787 1684 μὴ
826 1617 1257 1684 προσέχοντος.

451 1705 575 1758 Τῶν
617 1705 874 1774 πράξεων
914 1707 972 1758 δὲ
1011 1706 1418 1774 κατορθώματα
1468 1707 1835 1775 προσέχοντος
1869 1703 1963 1758 τοῦ

2056 563 2322 630 profatur.
2349 563 2454 618 Per
2483 565 2838 632 irascibilem,
2891 579 3015 619 cum
3060 563 3226 619 verbo
3275 564 3636 629 conviciatur,

2057 651 2316 719 injuriam
2350 653 2536 718 infert,
2565 653 2756 709 fraude
2785 652 3170 720 circumvenit,
3194 655 3398 724 prodit,
3427 655 3631 709 falsum

2061 744 2434 798 testimonium
2469 747 2744 814 perhibet,
2771 747 3163 813 calumniatur,
3213 748 3506 810 detrectat,
3561 746 3646 800 via

2059 845 2300 904 tuperal,
2330 847 2383 890 et
2413 853 2536 891 cum
2560 839 2831 909 quidquid
2865 850 3056 892 contra
3089 838 3406 908 proximum
3457 841 3641 908 loqui-

2065 946 2152 985 tur
2182 932 2386 986 malum
2421 943 2526 987 est.
2561 934 2664 987 Per
2695 935 3192 1002 cmicupiscibilem
3235 950 3368 988 vero
3413 936 3634 990 cantile-

2061 1040 2160 1078 na~
2191 1025 2536 1080 meretricias
2560 1024 2793 1094 profert,
2825 1017 3346 1095 sermonesWurpes
3401 1036 3455 1080 et
3511 1028 3644 1081 ridi-

2062 1119 2216 1172 culos
2248 1118 2574 1182 deblaterat,
2603 1116 2852 1171 fabulosa
2885 1130 2938 1171 et
2963 1117 3220 1172 animalia
3245 1129 3477 1184 eructat,
3536 1120 3644 1172 im-

2063 1225 2199 1278 pura
2254 1210 2512 1278 quaelibet
2554 1209 2978 1284 verba.eﬂutit.
3031 1209 3166 1274 Quae
3212 1210 3278 1263 ad
3330 1225 3644 1266 sermonem

2065 1312 2337 1372 spectant,
2374 1313 2504 1358 sunt
2529 1302 2824 1369 ejusmodi.
2911 1357 2918 1363 _

2557 1393 2786 1449 CAPUT
2819 1393 3076 1450 CCLXII.

2067 1485 2327 1553 Quanam
2359 1489 2592 1542 actiones
2641 1488 2789 1539 bonae
2821 1502 2914 1554 per
2948 1487 3280 1556 tripartitam
3336 1487 3528 1539 animae
3565 1487 3650 1554 Ιαρ

2138 1560 2389 1611 cultatem
2443 1557 2748 1610 attendente
2796 1557 3028 1622 frontiue,
3074 1567 3121 1610 et
3174 1572 3418 1626 quwnam
3469 1571 3652 1622 prava

2140 1645 2245 1682 non
2281 1628 2608 1681 attendente.

2141 1718 2391 1773 l‘lomiuis
2423 1728 2604 1771 autem
2636 1715 2702 1769 ad
2727 1717 2974 1770 actiones
2998 1731 3128 1771 suas
3149 1716 3482 1770 attendontis
3515 1730 3650 1783 prie-

381 1795 678 1865 ἀνθρώπου
740 1795 828 1848 διὰ
878 1797 978 1863 μὲν
1026 1795 1121 1848 τοῦ
1164 1795 1473 1861 λογιστικοῦ
1511 1797 1544 1864 ἠ
1587 1796 1833 1858 ἐπίτασις
1859 1798 1968 1851 τῶν

2080 1811 2223 1866 clare
2249 1809 2388 1864 facta
2415 1822 2542 1863 sunt
2591 1824 2688 1878 per
2727 1809 3048 1862 rationalem
3077 1809 3295 1878 quidem
3336 1807 3650 1861 facultatem

383 1885 591 1954 ὕμνων,
653 1888 686 1956 ή
733 1886 952 1950 ,ἔντονος
1013 1886 1313 1954 δοξολογία,
1365 1887 1428 1942 τὸ
1483 1893 1774 1958 προσέχειν
1837 1891 1960 1943 καθ’

385 1979 598 2040 ἑαυτὸν,
634 1979 695 2031 τὸ
731 1979 993 2047 συνάγειν
1024 1985 1116 2032 τὸν
1147 1980 1274 2032 νοῦν
1305 1981 1364 2032 ὲν
1398 1980 1599 2049 ἐαυτῷ.
1635 1981 1695 2034 τὸ
1732 1984 1964 2052 προσεύ-

387 2075 579 2143 χεσθαι
610 2075 898 2143 διηνεκῶς,
927 2075 988 2126 rb
1043 2075 1185 2144 ὑπὲρ
1215 2075 1314 2144 τῆς
1367 2075 1449 2138 είς
1497 2074 1636 2128 Θεὸν
1681 2075 1962 2146 ὁρθοδόξου

388 2165 626 2228 πίστεως
657 2169 752 2218 καὶ
789 2167 957 2236 τιμῆς
983 2170 1079 2220 καὶ
1111 2165 1421 2234 δοξολογίας
1447 2167 1651 2220 διδόναι
1683 2170 1764 2230 είς
1796 2167 1966 2222 κόπον

389 2257 603 2320 ἑαυτὸν,
637 2257 670 2328 ἢ
704 2260 797 2310 καὶ
834 2258 1070 2326 θλίψεις,
1103 2259 1196 2309 κα)⁵
1224 2255 1284 2310 rb
1333 2258 1519 2324 μένειν
1549 2261 1607 2313 ὲν
1633 2261 1748 2322 τοῖς
1785 2261 1966 2330 ὀρθοῖς

389 2349 483 2400 καὶ
513 2347 676 2410 θείοις
705 2347 964 2416 ἀκίνητον
987 2365 1000 2380 ⁸
1037 2349 1128 2402 διὰ
1150 2347 1245 2401 τοῦ
1275 2348 1510 2418 θυμικοῦ
1545 2351 1600 2404 δὲ
1631 2355 1744 2414 τοῖς
1782 2352 1966 2422 ἔργοις

389 2439 450 2491 rb
479 2438 828 2506 ἀνδρίζεσθαι
868 2439 1004 2508 πρὸς
1037 2439 1136 2503 τάς
1170 2440 1393 2510 ἀρετὰς,
1426 2440 1488 2492 rb
1530 2441 1966 2511 δικαιοπραγεῖν,

392 2532 454 2582 τὸ
503 2531 704 2598 κοπιᾷν
747 2529 888 2596 ὑπὲρ
941 2528 1036 2581 τοῦ
1075 2529 1311 2594 δικαίου,
1352 2531 1415 2582 τὸ
1447 2531 1645 2596 ζηλοῦν
1689 2533 1824 2600 πρὸς
1871 2531 1972 2603 τὴν

395 2621 660 2691 ἐργασίαν
684 2622 792 2672 τῶν
825 2621 1078 2686 ἐντολῶν,
1104 2621 1164 2674 rb
1191 2622 1363 2675 ἐλεεῖν
1385 2623 1624 2692 ἀφειδῶς
1653 2623 1714 2688 ἐξ
1734 2621 1808 2678 ὧν
1831 2625 1972 2695 ἔχει,

393 2713 454 2762 τὸ
485 2713 816 2780 ἀκτημονείν
852 2711 940 2763 διὰ
983 2711 1244 2779 Χριστὸν,
1291 2713 1354 2766 τὸ
1400 2715 1624 2784 ἀμελεῖν
1672 2715 1780 2768 τῶν
1831 2718 1974 2770 κατὰ

399 2805 600 2871 σάρκα,
635 2805 726 2854 καὶ
757 2802 978 2870 φεύγειν
1009 2805 1073 2856 ἐκ
1099 2803 1194 2856 τοῦ
1225 2806 1458 2874 κόσμου,
1491 2809 1586 2860 καί
1609 2813 1972 2878 καταφρονεῖν

397 2892 505 2943 τῶν
519 2891 614 2942 τοῦ
639 2894 867 2961 κόσμου,
889 2893 948 2944 τὸ
967 2893 1234 2946 διακονεῖν
1265 2893 1536 2962 ἀδελφοῖς,
1565 2897 1628 2948 rb
1649 2899 1971 2968 ἀγρυπνεῖν,

397 2984 490 3034 καὶ
539 2984 926 3052 γυμνητεύειν,
965 2987 1058 3036 καὶ
1091 2987 1406 3055 χαμευνεῖν,
1443 2987 1503 3040 τὸ
1550 2995 1845 3059 γρηγορείν
1880 2995 1973 3044 καὶ

396 3075 669 3140 ἵπτασθαι,
717 3077 810 3127 καὶ
831 3075 1186 3144 γονυκλιτείν,
1209 3080 1270 3130 τὸ
1284 3079 1592 3148 νηστεύειν,
1623 3081 1682 3132 τὸ
1704 3081 1972 3146 ἀλουτεῖν,

397 3166 492 3216 καὶ
527 3159 854 3232 σωματικῶς
885 3167 972 3220 διὰ
1013 3169 1253 3238 Χριστὸν
1287 3169 1594 3232 θλίϐεσθαι,
1627 3173 1890 3236 πολλάκις
1917 3175 1974 3226 δὲ

397 3259 489 3309 καὶ
513 3262 832 3328 μαρτυρεῖν,
863 3258 891 3311 ὃ
921 3261 984 3331 δὴ
1013 3261 1122 3313 τῶν
1149 3261 1406 3330 πράξεων
1443 3261 1678 3330 Χριστοῦ
1709 3265 1768 3316 τὸ
1795 3265 1976 3318 τελευ-

397 3350 546 3400 ταῖόν
604 3351 756 3402 ἐστι·
793 3350 882 3404 διὰ
938 3351 1032 3404 τοῦ
1083 3352 1486 3422 ἐπιθυμητικοῦ
1533 3353 1589 3406 δὲ
1631 3354 1692 3406 rb
1721 3355 1977 3430 ἁγνεύειν

399 3445 484 3496 6ιά
519 3443 776 3514 Χριστὸν,
815 3447 875 3498 rb
919 3446 1292 3517 παρθενεύειν,
1329 3449 1390 3500 τὸ
1435 3449 1604 3501 ἐλεεῖν
1635 3451 1872 3518 πένητας

401 3537 618 3607 ἀγάπῃ,
649 3537 713 3588 τὸ
750 3539 809 3591 ἐν
839 3537 1115 3606 φυλακαῖς
1158 3539 1258 3592 καὶ
1309 3539 1562 3593 ἀσθενέσι
1607 3541 1978 3611 παραϐάλλειν

400 3631 488 3681 διὰ
504 3629 764 3698 Χριστὸν,
789 3631 850 3682 τὸ
877 3629 1132 3699 ὀρφανῶν
1159 3633 1253 3684 καὶ
1287 3631 1474 3700 χηρῶν
1499 3631 1884 3702 προΐστασθαι,
1920 3632 1980 3686 rb

399 3719 470 3771 τά
515 3721 690 3772 οἰκεῖα
747 3721 1016 3792 προέσθαι
1073 3721 1214 3792 ὑπὲρ
1263 3721 1518 3792 βοηθείας
1573 3722 1830 3790 ἀδελφοῦ,
1885 3727 1980 3778 καὶ

402 3813 552 3876 τέλος
583 3818 642 3866 ὲν
670 3815 862 3888 ἀγάπῃ
884 3816 943 3868 rb
971 3815 1232 3880 πολλάκις
1255 3816 1444 3870 δοῦναι
1495 3817 1590 3870 καὶ
1619 3819 1811 3872 ἑαυτὸν
1840 3819 1981 3886 ὑπὲρ

323 3927 332 3935 ~
405 3903 674 3974 ἀδελφῶν,
737 3905 811 3968 ὼς
847 3909 943 3959 καὶ
995 3910 1023 3959 ὁ
1055 3906 1292 3976 Χριστὸς
1351 3907 1491 3978 ὑπὲρ
1545 3905 1703 3978 ἡμῶν
1757 3909 1980 3980 ἔπραξε.

405 3996 725 4050 Τούναντίον
757 3999 814 4051 δὲ
845 3998 1226 4067 σφαλλομένου
1251 3999 1545 4068 ἀνθρώπου
1576 4001 1652 4070 τῷ
1684 4002 1980 4071 λογιστικῷ

408 4091 505 4158 μὲν
530 4093 650 4152 ταῖς
678 4092 905 4159 πράξεσι
939 4091 1105 4160 188
1138 4093 1214 4160 μὴ
1245 4093 1600 4160 προστρέχειν
1626 4091 1790 4156 θείοις
1809 4098 1984 4160 ναοῖς,

407 4184 466 4233 rb
491 4183 716 4252 ἀμελεῖν
737 4184 845 4235 τῶν
865 4185 944 4245 είς
974 4184 1140 4254 τιμὴν
1159 4181 1252 4235 τοῦ
1271 4183 1429 4250 Θεοῦ,
1447 4184 1506 4234 τὺ
1537 4185 1613 4252 μὴ
1631 4187 1825 4255 κοπιᾷν
1845 4187 1984 4256 ὑπὲρ

407 4273 501 4328 τοῦ
532 4275 670 4327 Θεοῦ
705 4277 800 4327 καὶ
830 4277 940 4326 τῶν
972 4275 1154 4338 θείων,
1186 4275 1248 4326 rb
1283 4275 1549 4344 ἁρπάζειν
1579 4277 1636 4328 δὲ
1687 4276 1890 4346 μᾶλλον
1917 4279 1986 4328 τά

410 4367 526 4419 θεῖα
576 4371 671 4420 καὶ
721 4367 876 4420 κοινά
924 4369 1122 4427 ποιεῖν,
1175 4367 1271 4420 καὶ
1323 4371 1464 4422 κοιτά
1493 4371 1602 4423 τῶν
1649 4369 1852 4422 δούλων
1889 4370 1984 4422 τοῦ

2069 1907 2277 1960 intenta
2312 1905 2642 1974 hymnorum
2667 1901 2954 1962 recitatio,
2977 1901 3274 1954 vehemens
3307 1899 3397 1950 Dei
3459 1899 3652 1952 laudae

2072 2000 2168 2062 tio,
2199 1996 2302 2052 sibi
2330 1995 2432 2064 ipsi
2472 1995 2779 2055 attendere,
2805 2001 3040 2056 mentem
3073 1992 3126 2045 in
3157 1993 3340 2060 seipso
3369 1992 3649 2070 cplligere,

2068 2089 2328 2145 continuo
2359 2101 2544 2146 orare,
2575 2100 2672 2154 pro
2709 2082 2955 2153 rectegin
2987 2083 3152 2136 Deum
3185 2083 3310 2147 hde,
3333 2091 3386 2136 et
3417 2082 3648 2150 lionore,

2069 2190 2124 2236 et
2147 2181 2464 2235 laudatione
2494 2179 2738 2244 scipsum
2775 2177 3058 2234 laboribus
3089 2185 3142 2230 et
3201 2175 3652 2230 tribulationibus

2069 2288 2362 2342 exponere,
2389 2273 2632 2337 atquein
2671 2271 2738 2324 iis
2793 2286 2915 2339 quae
2973 2278 3122 2323 recta
3186 2277 3315 2322 sunt
3357 2277 3412 2322 et
3461 2268 3650 2323 divina
3691 2323 3700 2333 _

2072 2363 2360 2416 immotum
2415 2377 2756 2430 permanere.
2787 2361 2889 2415 Per
2958 2359 3291 2416 irascibilem
3370 2361 3648 2430 Operibus,

2073 2467 2336 2520 generose
2367 2467 2426 2505 se
2451 2467 2642 2520 gerere
2665 2467 2794 2521 erga
2830 2454 3114 2513 virtutem,
3141 2454 3288 2520 juste
3321 2467 3503 2521 agere,
3554 2465 3654 2520 pro

2069 2541 2522 2610 jusolaborare,
2551 2542 2666 2595 zelo
2723 2543 2918 2596 ardere
2981 2543 3037 2595 in
3109 2545 3495 2596 mandatorum
3553 2542 3650 2597 Dei

2074 2635 2476 2702 operationem,
2513 2635 2730 2704 largiter
2757 2633 2824 2688 de
2856 2633 3014 2689 bonis
3037 2637 3152 2688 suis
3181 2637 3513 2704 pauperibus
3547 2635 3654 2689 im-

2077 2723 2293 2794 pertiri,
2320 2735 2542 2793 propter
2575 2722 2852 2778 Christum
2876 2726 3030 2778 bouis
3055 2725 3282 2794 privari.
3315 2741 3504 2780 eorum
3527 2741 3652 2796 quae

2079 2824 2209 2869 sunt
2243 2817 2542 2869 secundum
2579 2831 2802 2870 carnem
2831 2818 3037 2871 nullam
3071 2833 3262 2872 curam
3292 2820 3512 2886 habere,
3570 2822 3658 2876 fu-

2078 2922 2206 2977 gere
2235 2911 2302 2962 de
2333 2907 2562 2971 tnundo,
2623 2924 2745 2977 qua:
2790 2909 2856 2962 ad
2909 2918 3174 2962 tnundum
3223 2923 3480 2978 spectant
3528 2929 3659 2968 con-

2083 3009 2351 3062 temnere,
2421 2998 2684 3053 fratribus
2721 2999 3056 3064 ministrare,
3093 3003 3344 3068 vigilare,
3373 3011 3428 3056 et
3451 3005 3657 3059 nudum

2083 3102 2228 3152 esse,
2251 3097 2305 3141 et
2338 3089 2489 3141 humi
2521 3090 2746 3153 cubare,
2793 3091 3019 3159 vigilare
3067 3101 3122 3144 et
3171 3101 3342 3155 stare,
3391 3105 3446 3146 et
3481 3109 3661 3161 genua

2084 3177 2321 3243 ﬂectere,
2355 3179 2634 3247 jejunare.
2687 3181 2898 3234 illotum
2937 3196 3275 3249 permanere,
3304 3183 3662 3250 corporaliter

2086 3281 2307 3340 propter
2346 3271 2622 3326 Christum
2658 3272 2846 3341 aﬂligi,
2879 3273 3076 3341 saepius
3105 3281 3158 3326 et
3207 3274 3530 3342 martyrium
3563 3288 3662 3342 op-

2088 3375 2288 3434 petere,
2321 3364 2464 3431 quod
2493 3364 2776 3417 actionum
2805 3364 3248 3419 Christianorum
3281 3375 3556 3432 postrema
3579 3373 3664 3422 est

2085 3463 2397 3507 etsumma.
2427 3453 2530 3506 Per
2562 3454 3047 3523 concupiscibilem
3093 3464 3298 3520 autem,
3353 3457 3661 3512 castitatem

2087 3552 2306 3613 propter
2334 3542 2616 3596 Christum
2648 3559 2890 3609 servare,
2930 3547 3303 3614 virginitatem
3358 3547 3660 3612 custodire,

2059 3651 2210 3688 'cum
2241 3637 2509 3688 charitate
2542 3649 2842 3702 pauperum
2873 3637 3150 3700 misereri,
3181 3650 3459 3704 carceres,
3493 3646 3549 3692 et
3581 3640 3665 3690 iu-

2081 3727 2277 3780 -firmos
2309 3735 2532 3794 propter
2569 3727 2847 3778 Christum
2879 3726 3126 3790 visitare,
3160 3727 3424 3794 orphanis
3472 3736 3528 3780 et
3580 3727 3664 3780 vi-

2087 3817 2210 3872 duis
2247 3833 2480 3886 praeesse
2507 3826 2560 3871 et
2585 3818 2872 3886 prodesse,
2903 3819 3124 3885 prepria
3192 3819 3405 3887 negoria
3469 3817 3660 3872 fratris

2089 3911 2380 3982 ailjurandi
2415 3925 2580 3964 causa
2615 3910 2888 3970 deserere.
2945 3907 3276 3975 tandemque
3315 3909 3514 3976 saepius
3539 3923 3665 3964 cum

2089 4004 2354 4058 charitate
2383 4018 2442 4056 se
2466 4001 2642 4070 ipsum
2666 4015 2764 4068 pro
2788 3998 3055 4053 fratribus
3087 3999 3234 4065 dare,
3269 3999 3415 4054 sicut
3440 4014 3538 4071 pro
3559 4015 3664 4054 no-

2092 4098 2176 4150 bis
2205 4096 2337 4148 fecit.
2366 4094 2643 4147 Christus.
2707 4090 3012 4146 Cbntraria‘.
3040 4105 3195 4151 _vero
3235 4101 3364 4144 sunt
3423 4093 3663 4148 hominis

2091 4185 2330 4242 labentis
2352 4184 2650 4238 secundum
2682 4183 3008 4236 rationalem
3045 4180 3360 4234 facultatem
3387 4184 3660 4246 actiones,

2093 4279 2160 4332 ad
2191 4280 2405 4331 divinas
2435 4275 2698 4328 ecclesias
2740 4287 2845 4326 non
2875 4285 3188 4334 accurrere,
3219 4287 3338 4340 qua:
3365 4273 3431 4326 ad
3489 4273 3666 4326 hono-

2095 4386 2206 4424 rem
2244 4368 2336 4420 Dei
2361 4369 2568 4422 faciunt
2602 4379 2709 4418 non
2761 4378 2980 4431 curare,
3015 4379 3114 4432 pro
3144 4361 3253 4417 Deo
3281 4367 3554 4433 rebusque
3583 4364 3668 4419 di-

409 4459 542 4511 Θεοῦ
589 4459 871 4529 φέρεσθαι,
919 4459 1426 4528 διαλοιδορούμενον
1473 4461 1672 4523 αὐτοὺς
1706 4463 1801 4514 καὶ
1824 4478 1964 4514 κακο

2099 4462 2238 4515 vinis
2269 4475 2377 4513 non
2412 4463 2680 4524 laborare,
2728 4459 2822 4512 sed
2891 4459 3072 4525 porius
3127 4459 3314 4511 divma
3370 4473 3562 4526 rapere
3611 4465 3668 4512 et

411 4551 690 4604 ποιοῦντα·
732 4552 822 4604 διὰ
847 4551 943 4604 τοῦ
978 4551 1212 4620 θυμικοῦ
1245 4553 1300 4602 δὲ
1329 4554 1438 4614 τοῖς
1471 4551 1651 4621 ἔργοις
1675 4553 1738 4606 τὸ
1765 4553 1988 4608 τύπτειν

409 4645 694 4714 ἀδελφοὺς,
724 4647 782 4697 rb
819 4643 1088 4712 φονεύειν,
1124 4643 1188 4695 rb
1225 4644 1560 4710 ἀποκλείειν,
1594 4647 1653 4698 rb
1698 4649 1834 4699 πᾶσι
1863 4649 1988 4718 τρό-

411 4753 534 4798 ποις
580 4739 927 4800 κακοποιεῖν,
971 4735 1061 4788 διά
1091 4735 1186 4788 τοῦ
1213 4736 1616 4806 ἐπιθυμητικοῦ
1649 4737 1708 4790 δὲ
1759 4741 1817 4791 rb
1850 4755 1986 4805 πορ-

412 4829 610 4894 νεύειν,
660 4828 964 4898 μοιχεύειν,
1019 4827 1384 4894 ἀσελγαίνειν,
1439 4829 1534 4880 καὶ
1574 4827 1752 4880 πάντα
1792 4831 1862 4882 τά
1887 4831 1990 4900 τῆς

413 4922 756 4991 ἀκαθαρσίας
801 4921 1069 4990 ἐνεργεῖν,
1105 4920 1424 4989 αἱμομιξίας
1464 4936 1522 4972 τε
1559 4924 1653 4974 καὶ
1690 4922 1988 4995 ἀσωτείας,

413 5013 492 5065 ἔτι
523 5030 583 5066 τε
612 5013 674 5065 τὸ
704 5013 911 5066 ἀδικεῖν
933 5012 1000 5064 δι’
1033 5011 1510 5081 αἰσχροκέρδειαν,
1551 5013 1649 5064 καὶ
1692 5012 1986 5082 ἁρπάζειν,

414 5103 670 5156 κλέπτειν
693 5119 753 5155 τε
807 5105 903 5154 ml.
941 5099 1184 5172 μεθύειν,
1217 5101 1312 5152 καὶ
1340 5097 1752 5168 γαστρίζεσθαι,
1798 5101 1893 5153 καὶ
1920 5100 1989 5152 τὰ

429 5196 592 5248 λοιπά
624 5197 799 5248 ποιεῖν
833 5194 902 5246 δι’
941 5196 1118 5260 ἔργων
1147 5192 1248 5260 τῆς
1283 5191 1580 5258 ἐπιθυμίας
1608 5191 1778 5243 δεινά.

2097 4551 2405 4608 communia
2433 4550 2653 4613 habere,
2717 4545 3026 4617 profanare,
3083 4556 3270 4600 contra
3335 4546 3426 4600 Dei
3479 4560 3669 4602 servos

2095 4646 2300 4710 efferri,
2333 4660 2430 4698 eos
2453 4643 2676 4713 probris
2734 4650 2791 4694 et
2849 4637 3116 4694 molestiis
3165 4639 3511 4692 efficientem.
3567 4637 3670 4692 l’er

2098 4737 2426 4792 irascibilem
2479 4737 2530 4788 in
2565 4732 2866 4802 operibus,
2920 4733 3119 4786 fratres
3165 4731 3472 4798 verberare,
3523 4731 3670 4784 occi-

2097 4833 2246 4892 dere,
2273 4826 2560 4881 commoda
2591 4824 2700 4878 illis
2729 4822 3076 4878 obvenientia
3121 4823 3506 4884 intercludere,
3555 4837 3684 4876 om-'

2099 4917 2458 4984 nibusmodis
2475 4915 2734 4985 afﬂigere.
2764 4913 2866 4969 Per
2887 4914 3370 4983 concupiscibilem
3392 4915 3671 4978 fornicari,

2099 5009 2422 5074 adulterari,
2451 5007 2654 5064 lascive
2677 5015 2730 5060 et
2756 5007 3066 5074 petulanter
3091 5006 3296 5070 vivere,
3317 5015 3372 5060 et
3399 5007 3546 5059 omni
3575 5007 3675 5058 im-

2101 5100 2389 5156 munditiei
2407 5114 2604 5171 genere
2626 5115 2684 5152 se
2703 5099 2970 5168 polluere,
2994 5097 3328 5165 incestisque
3349 5105 3403 5150 et
3421 5097 3634 5150 luxurie
3657 5111 3672 5127 °

2099 5197 2301 5264 quibus
2332 5193 2510 5247 adhuc
2542 5193 2822 5262 iungenda
2867 5203 3016 5256 sunt,
3047 5193 3233 5260 inique
3260 5199 3480 5260 propter
3520 5200 3679 5257 turpe

427 5290 644 5340 lucrum
681 5301 862 5356 agere,
886 5299 1098 5354 rapere,
1135 5286 1394 5351 t'urati,et
1431 5284 1713 5353 inebriari,
1740 5284 1995 5354 helluari,
2036 5295 2336 5356 cmteraque
2381 5286 2838 5353 concupiscentia:
2883 5287 3065 5356 gravia
3116 5295 3170 5338 et
3201 5282 3468 5339 horrenda
3510 5295 3678 5351 Opera

417 5395 750 5456 perpetrare.

987 5453 1241 5504 ΚΕΦΑΛ.
1279 5449 1438 5504 ΣΞΓ’.

422 5548 551 5602 Ὀτι
605 5545 903 5614 ἀναγκαία
953 5543 1135 5598 παντὶ
1166 5544 1205 5611 ἡ
1255 5542 1714 5614 ἐξομολόγησις,
1743 5545 1873 5598 ἐπεὶ
1905 5545 2006 5600 καὶ

869 5615 1285 5685 ἁμαρτάνομεν
1321 5612 1565 5677 πάντές.

509 5711 600 5764 Ἑν
633 5711 847 5772 τούτοις
876 5706 970 5762 οὖν
1001 5707 1206 5762 ἀπασιν
1236 5703 1459 5772 ὀφείλει
1485 5702 1716 5768 ἕκαστος
1749 5705 1856 5759 τῶν
1891 5705 2006 5770 ἑξο-

428 5803 841 5872 μολογουμένων
866 5801 1058 5858 ἑαυτὸν
1087 5800 1341 5869 ὲρευνᾷν,
1373 5797 1468 5852 καὶ
1489 5799 1516 5852 ὁ
1543 5797 1846 5869 δεχόμενος
1875 5799 2005 5870 περὶ

2635 5449 2862 5506 CAPUT
2914 5449 3186 5506 CCLXIII.

2111 5544 2264 5611 Quod
2287 5545 2588 5598 necessaria
2613 5543 2824 5596 cuilibet
2857 5541 3061 5596 homini
3087 5552 3165 5596 est
3212 5542 3494 5612 confessio,
3524 5541 3686 5612 siqui-

2533 5617 2652 5668 dem
2685 5630 2861 5667 omnes
2892 5613 3270 5684 delinquimus.

2179 5709 2236 5762 In
2271 5710 2354 5763 his
2381 5708 2550 5778 igitur
2581 5707 2840 5762 omnibus
2891 5717 3104 5759 leuetur
3145 5707 3522 5776 unusquisque
3557 5717 3688 5758 cei.-

2108 5800 2377 5857 tltentium
2429 5800 2670 5868 seipsum
2705 5799 3021 5856 exaiuinare
3074 5807 3127 5854 et
3185 5799 3442 5856 scrutari.
3473 5809 3528 5853 et
3557 5809 3684 5851 cou—
