4126 6268
484 410 591 473 487

1350 400 1646 462 SYMEON
1665 400 1730 457 lS
1768 397 2514 458 'l'IlESS;\.I.O;\‘ICENSlS
2569 408 2606 453 Α
2625 392 2922 454 llClllEP.

3629 393 3737 458 488

486 523 659 577 l‘essor
685 519 752 573 de
782 531 1110 585 unoquoque
1163 530 1285 569 eum
1346 516 1721 580 interrogare;
1745 523 1797 565 et
1852 510 1896 564 si
1929 512 2058 579 quiil
2090 559 2094 569 γ

2180 513 2398 564 ἑκάστου
2426 511 2709 579 διερωτᾷν,
2736 510 2832 561 καὶ
2857 512 2902 559 εί
2936 507 3035 571 μὲν
3056 504 3423 576 κατώρθωκεν
3440 506 3645 575 ἀγαθόν
3661 525 3735 572 τι,

486 612 616 668 boni
677 608 933 677 praeclare
991 607 1143 668 fecit,
1205 604 1448 663 laudare,
1506 610 1562 654 et
1612 601 1677 653 ad
1746 600 1846 653 huc
1903 600 2055 651 illum

485 700 761 755 exhortari
816 707 870 749 et
930 700 1277 749 continuare.
1345 694 1401 744 Si
1455 706 1583 745 vero
1638 689 2059 757 deprehenderit

485 805 607 840 eum
668 788 723 839 iit
788 786 1065 853 aliquibus
1127 785 1341 851 lapsum
1392 798 1487 849 per
1544 780 1947 834 confessionem
2003 786 2061 829 et

486 878 883 949 putuitcntiaui,
912 887 970 928 ut
1013 876 1212 944 poterit
1245 889 1369 927 eum
1403 874 1661 943 corriget,
1704 883 1759 923 ct
1788 869 1853 921 ad
1888 868 2055 922 Deum

489 971 731 1029 reducet,
762 966 982 1020 Patrum
1016 966 1368 1019 delinitiones
1416 977 1668 1026 secutus,
1699 972 1756 1015 et
1798 960 2063 1027 spiritua-

488 1061 523 1112 li
563 1058 977 1127 eorumjuilicio
1029 1067 1083 1110 et
1112 1057 1431 1109 discretioni
1488 1055 1790 1107 adhaerens.
1837 1050 2062 1105 Verum-

489 1162 669 1202 tamen
694 1158 746 1202 et
777 1148 853 1201 illi
884 1148 985 1215 ipsi
1014 1148 1106 1215 qui
1136 1147 1238 1199 sibi
1272 1146 1530 1198 videntur
1564 1159 1671 1197 non
1699 1144 1858 1210 lapsi,
1887 1140 2056 1209 quod,

490 1249 547 1292 ut
571 1255 671 1306 ego
696 1240 972 1301 existimo,
1011 1238 1125 1290 ﬁeri
1160 1251 1268 1292 non
1303 1244 1501 1303 potest,
1537 1249 1737 1289 omnes
1791 1235 2063 1303 paeniten-

490 1331 621 1385 tiam
656 1346 815 1399 agerc
848 1338 1125 1382 tenentur.
1607 1310 1609 1313 ν

1013 1439 1055 1490 C
1076 1435 1243 1490 \PUT
1262 1432 1537 1488 CCLXIV.

492 1532 668 1586 Etiam
725 1535 803 1596 pie
838 1531 1085 1583 viventem
1146 1538 1386 1592 oportere
1426 1529 1519 1578 suto
1557 1526 1859 1577 obedientia
1890 1526 2063 1579 vivere

628 1612 677 1655 et
705 1618 736 1652 a
763 1601 926 1653 Putre
949 1601 1125 1666 dirigi,
1166 1613 1256 1650 nec
1284 1598 1591 1662 stbtntetipst
1627 1597 1913 1663 confidere.

564 1775 888 1828 Existimare
914 1775 1057 1826 enim
1084 1788 1143 1828 se
1175 1789 1280 1825 non
1312 1772 1442 1835 labi,
1494 1771 1598 1825 labi
1630 1781 1730 1834 est,
1767 1781 1821 1824 et
1875 1783 2066 1839 pecca—

2167 604 2411 654 ἐπαινεῖν
2442 603 2534 653 καὶ
2560 605 2696 669 πρὸς
2725 599 2892 651 τοῦτο
2936 599 3334 665 ἐπιστηρίζειν,
3371 600 3421 650 εί
3449 598 3494 651 δ’
3531 598 3737 666 ἐσφαλ-

2170 694 2331 761 μένον
2360 691 2416 744 ἐν
2443 709 2584 743 τισιν
2618 692 2777 764 εὕρῃ,
2822 691 2908 743 διὰ
2940 690 3036 756 τῆς
3066 689 3510 757 ἐξομολογήσεως
3541 706 3600 740 τε
3647 689 3738 740 καὶ

2171 783 2461 852 μετανοίας
2491 780 2840 850 διορθοῦσθαι
2868 780 3057 830 τοῦτον
3085 779 3161 840 ώς
3187 778 3441 845 δύναμις,
3475 777 3572 830 καὶ
3603 778 3738 844 πρὶς

2169 876 2303 927 Θεὸν
2347 875 2643 941 ἐπανάγειν
2673 873 2762 924 τὸν
2796 870 3146 934 πεπτωκότα,
3174 871 3290 931 τοῖς
3314 871 3461 937 ὅροις
3485 869 3592 919 τῶν
3628 870 3739 919 llat-

2167 967 2341 1029 τέρων
2366 965 2654 1032 ἑπόμενον,
2715 963 2810 1014 καὶ
2840 964 2907 1031 τῇ
2947 962 3301 1028 πνευματικῇ
3357 960 3570 1010 τούτων
3622 958 3740 1009 δια-

2171 1057 2371 1125 κρίσει.
2404 1056 2551 1122 ιΙλὴν
2583 1056 2678 1106 καὶ
2700 1055 2750 1106 οἱ
2790 1053 3075 1112 δοκοῦντες
3109 1051 3183 1121 μὴ
3226 1052 3436 1113 πεσεῖν,
3470 1050 3631 1117 ὅπερ,
3663 1048 3738 1125 ὡς

2172 1122 2284 1212 ἐγὼ
2314 1145 2543 1214 νομίζω,
2568 1143 2854 1208 ἀδύνατον,
2891 1142 3175 1210 μετανοεῖν
3203 1139 3481 1207 ὀφείλουσι
3513 1122 3739 1191 πάντεςξ

2733 1429 2979 1481 ΚΕΦΛΔ.
3011 1424 3173 1488 ΣΞΕ’,

2175 1525 2297 1579 Ὀτι
2338 1524 2438 1578 καὶ
2464 1522 2570 1575 τὸν
2608 1519 2877 1586 εὐλαϐῶς
2909 1520 3093 1580 ζῶντα
3142 1516 3392 1586 δεῖνμεθ’
3435 1513 3740 1586 ὑποταγῆς

2245 1594 2371 1661 ζῇν,
2431 1592 2530 1645 καὶ
2568 1593 2686 1645 ὑπὸ
2739 1584 2968 1658 Πατρός
3019 1585 3453 1648 κανονίζεσθαι,
3514 1584 3615 1635 καὶ
3654 1584 3738 1653 μὴ

2244 1663 2436 1728 ἐαυτῷ
2466 1661 2723 1728 θαρῤεῖν.

2249 1779 2323 1832 Τὸ
2354 1776 2463 1845 γὰρ
2492 1773 2804 1841 λογίζεσθαι
2837 1774 2912 1842 μὴ
2958 1777 3166 1833 πεσεῖν,
3214 1772 3374 1824 τοῦτο
3427 1770 3489 1826 τὸ
3550 1770 3741 1823 πεσεῖν

494 1864 1021 1926 toruuiniaxiiiuni,
1079 1862 1221 1930 quod
1279 1861 1573 1914 infeliciter
1632 1860 1796 1911 animi
1871 1873 2066 1911 vesana

2180 1871 2309 1931 ἔστι,
2342 1869 2436 1920 καὶ
2464 1868 2573 1920 τῶν
2608 1867 3028 1935 ἁμαρτημάτων
3070 1864 3130 1915 τὸ
3164 1862 3374 1931 μεῖζον.
3412 1862 3480 1915 "O
3529 1860 3595 1929 δὴ
3646 1861 3740 1911 καὶ

494 1957 729 2023 quadam
805 1953 1041 2006 elatione
1115 1953 1434 2020 patittutur,
1489 1951 1730 2004 dicentes
1781 1966 1795 2002 :
1843 1948 2071 2013 Quando

497 2062 551 2105 te
605 2049 903 2118 novimus?
944 2061 1064 2116 pro,
1104 2046 1221 2100 Non
1276 2049 1643 2113 peccavimus.
1678 2046 1831 2110 Quod
1887 2053 2067 2096 autem

497 2142 601 2193 hoc
629 2139 700 2192 sit
728 2142 1020 2190 maximum
1054 2147 1375 2205 peccatum,
1407 2138 1641 2190 dilectus
1692 2144 1746 2188 et
1779 2138 1930 2202 virgo
1962 2144 2072 2187 tes-

498 2240 666 2292 tatur,
700 2229 888 2282 dicens
926 2246 939 2282 :
976 2227 1064 2281 (Si
1095 2229 1399 2281 dixerimus
1441 2228 1587 2295 quod
1643 2235 1931 2294 peccatum
1965 2239 2071 2277 non

498 2306 786 2384 habemus,
834 2333 933 2373 nos
997 2320 1145 2387 ipsos
1212 2318 1536 2387 decipimus.
1597 2317 1653 2370 Si
1712 2320 2074 2371 conliieaiiiur

498 2421 720 2479 peccata
781 2419 989 2473 nostra,
1052 2410 1227 2462 ﬁdelis
1259 2419 1340 2461 est
1375 2417 1430 2461 et
1457 2409 1662 2477 justus,
1713 2418 1774 2461 ut
1831 2409 2075 2461 remittat

496 2507 659 2556 nobis
690 2513 931 2572 peccata.
976 2521 995 2552 ι
1033 2499 1195 2555 Vides
1226 2500 1595 2555 confessionis
1630 2500 1908 2553 virtutem.
1941 2498 2074 2553 Om-

499 2612 596 2649 nes
619 2596 789 2664 igitur
813 2596 879 2647 ad
913 2610 1032 2649 eam
1103 2592 1372 2649 edendam
1423 2592 1768 2657 festinemus,
1799 2594 1925 2660 quia
1960 2605 2077 2644 om-

500 2702 601 2740 nes
634 2702 697 2740 ea
731 2701 872 2755 opus
906 2687 1194 2750 habemus,
1227 2694 1282 2739 et
1339 2684 1497 2738 testis
1525 2683 1617 2736 Dei
1670 2681 1838 2737 frater
1886 2682 2021 2737 dicit
2057 2700 2072 2737 :

505 2777 914 2831 (Conlitetniiii
978 2777 1301 2829 alterutrum
1354 2783 1598 2841 peccata,
1629 2785 1784 2829 orate
1837 2789 1936 2843 pro
1992 2776 2074 2828 in-

501 2872 676 2924 vicem
717 2878 775 2921 ut
799 2868 1095 2923 sanemini.
1132 2884 1151 2918 i
1192 2867 1471 2921 Vulnerati
1512 2868 1658 2919 enim
1701 2877 1832 2920 sunt
1861 2881 2072 2933 omnes,

502 2958 824 3027 vibircsque
843 2967 898 3010 et
930 2956 1128 3010 livores
1181 2964 1528 3024 peccatorum
1575 2963 1814 3023 gestant,
1867 2955 2078 3009 nullus-

505 3066 616 3118 que
669 3060 755 3104 est
789 3048 882 3117 qui
945 3048 1235 3102 sanatione
1270 3059 1376 3099 non
1413 3046 1674 3116 indigeat.
1718 3045 1869 3101 Unus
1922 3049 2076 3099 solus

501 3148 588 3193 est
618 3141 737 3194 sine
764 3147 1007 3208 peccato,
1042 3138 1136 3207 qui
1200 3147 1254 3191 et
1282 3136 1566 3191 humiliter
1612 3136 1881 3200 medetur,
1911 3120 1964 3191 et
1981 3150 2077 3204 per

503 3230 871 3285 humilitatem
906 3229 1003 3307 dat
1052 3229 1210 3282 nobis
1245 3227 1533 3290 medelam.
1588 3242 1713 3281 eum
1746 3227 1910 3281 nobis
1941 3228 2075 3279 invi-

503 3338 621 3376 cem
655 3323 904 3375 accidere
963 3331 1018 3373 et
1066 3320 1343 3373 humiliari
1398 3317 1577 3387 jubet,
1612 3326 1669 3373 et
1717 3318 1785 3371 ab
1844 3317 2077 3371 invicem

504 3413 711 3466 sanari.
744 3413 799 3463 Si
825 3426 954 3465 vero
978 3419 1204 3463 sanatus
1244 3419 1330 3463 est
1382 3410 1599 3478 aliquis,
1633 3419 1685 3462 et
1714 3409 1783 3462 ad
1818 3409 2077 3461 virtutum

504 3500 880 3568 operationem
908 3499 1092 3550 animo
1119 3510 1394 3567 prompto,
1418 3498 1512 3566 qui
1544 3504 1626 3551 est
1656 3496 1952 3566 ejusmodi,
1977 3498 2080 3550 hoc

506 3592 749 3660 iiseipso
775 3603 829 3642 et
877 3589 1097 3658 praprio
1143 3592 1319 3643 marte
1378 3603 1489 3642 non
1553 3589 1925 3658 aggrediatur,
1984 3588 2079 3642 sed

507 3699 633 3736 cum
691 3682 873 3735 Patris
938 3681 1341 3744 benedictione,
1380 3693 1432 3735 et
1478 3695 1746 3735 canonem
1810 3679 2079 3751 perﬁciat,

507 3791 614 3827 inin
668 3773 970 3841 proprium,
1041 3773 1136 3827 sed
1195 3788 1319 3826 eum
1362 3774 1486 3828 viva
1544 3787 1677 3826 voce
1731 3775 1986 3842 accipiat,
2028 3781 2084 3827 et

504 3878 629 3918 cum
661 3863 828 3915 animi
875 3861 1220 3929 subjectione
1258 3863 1412 3917 illum
1465 3863 1733 3932 requirat.
1791 3864 2084 3930 nullusque

504 3955 702 4023 quovis
734 3955 894 4006 modo
926 3952 1031 4006 sibi
1063 3954 1322 4017 conliilat,
1374 3968 1551 4022 neque
1598 3970 1696 4022 per
1728 3954 1967 4023 seipsum
2018 3954 2084 4007 il-

507 4047 617 4098 lum
651 4044 907 4098 aestimet.
970 4041 1084 4096 Hoc
1129 4043 1332 4097 enima
1386 4042 1700 4098 Christiana
1755 4043 1863 4097 vita
1924 4046 2082 4115 longe

507 4148 683 4201 abest,
716 4139 842 4205 quia
876 4136 1097 4206 proprio
1135 4136 1369 4189 arbitrio
1396 4137 1581 4191 vivere
1604 4152 1712 4189 non
1743 4145 1827 4191 est
1851 4135 2081 4199 Christi,

508 4245 629 4283 cum
659 4229 912 4281 Christus
964 4242 1133 4293 usque
1176 4228 1241 4278 ait
1282 4237 1512 4281 mortem
1559 4226 1762 4281 Christi
1820 4208 2087 4282 obed‘ieiis

510 4322 674 4373 luerit
700 4320 845 4372 Patri
877 4332 1000 4372 suo.
1038 4318 1096 4371 Si
1130 4319 1296 4386 igitur
1351 4320 1463 4383 ille,
1529 4320 1657 4388 quis
1709 4322 1800 4374 illo
1868 4318 2086 4388 major?

508 4410 628 4476 Qua
666 4411 876 4461 ratione
903 4408 1105 4463 Christi
1164 4409 1371 4477 estqui
1436 4424 1542 4462 nou
1578 4410 1879 4465 secundum
1935 4410 2087 4464 Cliri-

2172 1965 2232 2027 ἐξ
2283 1960 2574 2032 ἀριστεροῦ
2606 1959 2837 2028 ἀπονοία
2868 1955 3191 2019 πεπόνθασι,
3219 1957 3355 2008 Πότε
3385 1940 3447 2008 σε
3479 1954 3692 2029 εἴδομεν
3719 1967 3737 2018 ;

2172 2057 2447 2123 λέγοντες,
2468 2053 2590 2105 ἀντὶ
2616 2051 2735 2116 τοῦ,
2757 2051 2867 2117 Οὐχ
2897 2050 3325 2119 ἡμαρτήκαμεν.
3346 2047 3468 2100 Ὅτι
3497 2046 3552 2098 δὲ
3581 2044 3742 2098 τοῦτο

2173 2165 2229 2199 τι
2267 2147 2452 2215 μεῖζον
2483 2144 2813 2212 ἁμάρτημα,
2857 2144 2884 2193 ό
2917 2140 3272 2210 ἡγοπημένος
3324 2139 3417 2191 καὶ
3474 2137 3741 2207 παρθένος

2176 2235 2447 2305 μαρτυρεῖ
2476 2232 2670 2300 λέγων,
2710 2250 2727 2282 ι
2784 2231 2911 2283 Ἐὰν
2938 2232 3182 2297 εἴπωμεν
3212 2229 3292 2282 ὅτι
3330 2229 3601 2298 ἁμαρτίαν
3641 2228 3743 2279 οὐκ

2175 2329 2394 2396 ἔχομεν,
2446 2325 2675 2386 ἑαυτοὺς
2732 2321 3053 2389 πλανῶμεν,
3094 2321 3190 2372 καὶ
3224 2320 3319 2373 ἐὰν
3377 2320 3742 2389 ὁμολογῶμεν

2173 2422 2269 2481 τὰς
2306 2417 2583 2486 ἁμαρτίας
2614 2414 2793 2483 ἡμῶν,
2835 2414 3024 2475 πιστός
3056 2415 3172 2466 ἔστι
3216 2413 3311 2467 καὶ
3364 2413 3597 2477 δίκαιος,
3652 2412 3741 2467 tvo.

2175 2510 2288 2579 ἀφῇ
2324 2509 2453 2575 ἡμῖν
2473 2508 2570 2568 τὰς
2601 2503 2897 2572 ἁμαρτίας.
2927 2520 2945 2553 ι
2967 2500 3135 2573 Ὁρᾷς
3163 2501 3396 2569 δύναμιν
3424 2502 3523 2571 τῆς
3553 2502 3746 2568 ἔξαγε⁴

2178 2599 2446 2669 ρεύσεωςς
2490 2594 2818 2665 Σπεύδωμεν
2875 2593 3056 2646 τοίνυν
3090 2593 3229 2662 πρὸς
3275 2594 3450 2662 αὐτὴν
3516 2595 3740 2656 πάντες,

2175 2688 2257 2741 ὄτι
2281 2690 2374 2740 καὶ
2402 2685 2601 2747 πάντες
2616 2683 2788 2753 αὐτῆς
2811 2680 2999 2753 χρείαν
3020 2682 3240 2752 ἔχομεν.
3268 2682 3380 2736 Καὶ
3400 2685 3428 2736 ό
3447 2681 3738 2749 θεάδελφος

2180 2780 2415 2848 μαρτυρ,
2435 2773 2934 2844 ιἘξομολογεῖσθε,
2952 2772 3149 2841 λέγων,
3200 2773 3454 2844 ἀλλήλοις
3472 2776 3540 2825 τὰ
3571 2788 3747 2841 παρα·

2179 2871 2470 2938 πτώματα,
2502 2868 2599 2920 καὶ
2617 2864 2842 2938 εῦχεσθε
2872 2864 3011 2934 ὑπὲρ
3046 2865 3311 2934 ἀλλήλων,
3346 2866 3497 2926 ὅπως
3526 2864 3744 2931 ἰαθῆτε.

2178 2958 2724 3029 Τετραυματισμένοι
2743 2957 2853 3025 γὰρ
2878 2957 3093 3020 πάντες,
3119 2956 3210 3008 καὶ
3237 2954 3518 3024 μώλωπας
3539 2970 3742 3023 κεκτη-

2182 3054 2355 3120 μένοι,
2390 3056 2484 3104 καὶ
2509 3051 2682 3113 οὐδεὶς
2712 3050 2740 3101 ὁ
2794 3049 2869 3118 μὴ
2913 3048 3011 3118 τῆς
3045 3047 3284 3117 ἰατρείας
3314 3046 3502 3116 χρείαν
3526 3044 3684 3115 ἔχων.
3713 3062 3735 3096 ι

2181 3138 2271 3204 Εἷς
2294 3131 2467 3212 ’μόνος
2503 3141 2531 3193 ὀ
2559 3140 2973 3210 ἀναμάρτητος,
3012 3139 3040 3191 ὀ
3077 3141 3174 3192 καὶ
3229 3138 3493 3206 ἰατρεύων
3553 3154 3745 3189 ταπει-

2180 3232 2307 3295 νῶς,
2334 3233 2428 3283 καὶ
2459 3227 2790 3282 ταπεινώσει
2821 3228 2996 3292 διδοὺς
3029 3231 3160 3300 ἡμῖν
3184 3229 3284 3296 τὴν
3310 3228 3553 3298 ἰατρείαν
3586 3229 3642 3279 ὲν
3666 3226 3747 3294 τῷ

2181 3324 2546 3392 προσπίπτειν
2574 3320 2830 3386 ἀλλήλοις
2867 3322 2961 3373 καὶ
3004 3320 3420 3384 ταπεινοῦσθαι,
3474 3319 3572 3372 καὶ
3608 3318 3745 3389 παρ’

2179 3412 2426 3481 ἀλλήλων
2457 3410 2720 3474 κελεύσας
2746 3411 3117 3480 ἰατρεύεσθαι.
3141 3412 3204 3463 Εί
3232 3411 3290 3463 δὲ
3316 3412 3410 3462 καὶ
3444 3410 3747 3479 ίατρευθείς

2179 3507 2263 3566 τίς
2293 3509 2410 3557 ἐστι
2442 3505 2534 3556 καὶ
2561 3503 2698 3572 πρὸς
2727 3503 2994 3572 ἐργασίαν
3028 3503 3240 3572 ἀρετῶν
3270 3499 3747 3572 προθυμούμενος,

2180 3600 2275 3650 καὶ
2308 3590 2463 3656 οὗτος
2493 3599 2595 3646 οὐκ
2662 3593 2755 3661 ἀφ’
2796 3594 2994 3645 ἑαυτοῦ
3049 3593 3184 3661 πρὸς
3244 3590 3401 3647 τοῦτο
3454 3590 3744 3656 κινείσθω,

2187 3686 2303 3754 μετ’
2345 3685 2596 3752 εὐλογίας
2624 3683 2683 3735 δὲ
2735 3684 2961 3737 ποιείτω
3014 3683 3250 3751 Πατρός,
3281 3682 3373 3735 καὶ
3426 3681 3627 3734 κανόνα
3663 3699 3756 3732 τε-

2181 3773 2346 3826 λείτω
2377 3773 2452 3843 μὴ
2486 3774 2641 3841 ἴδιον,
2686 3772 2823 3826 ἀλλὰ
2846 3772 2936 3824 διὰ
2965 3770 3147 3841 ζώσης
3208 3772 3394 3840 φωνῆς
3430 3771 3748 3843 λαμϐάνων,

2182 3868 2278 3917 καὶ
2329 3865 2448 3932 μεθ’
2484 3865 2762 3933 ὑποταγῆς
2803 3863 3056 3933 ζητείτω,
3090 3865 3184 3917 καὶ
3225 3863 3415 3934 μηδεὶς
3479 3862 3746 3932 μηδαμῶς

2184 3957 2363 4028 ἑαυτῷ
2394 3957 2689 4028 θαρρείτω,
2726 3957 2862 4028 μηδὲ
2885 3955 3168 4010 δι’ὲαυτοῦ
3218 3955 3509 4009 δοκείσθω⁹
3561 3956 3751 4025 πόρῤω

2184 4050 2290 4119 γὰρ
2312 4048 2470 4101 τοῦτο
2501 4049 2895 4119 Χριστιανικῆς
2945 4033 3113 4115 ζωῆς,
3144 4046 3205 4099 τὸ
3238 4047 3340 4118 ζῇν
3361 4048 3749 4111 αὐτεξουσίως,

2184 4137 2244 4188 οὐ
2278 4136 2375 4188 τοῦ
2407 4136 2666 4204 Χριστοῦ,
2700 4137 2824 4188 ἐπεὶ
2856 4137 3089 4205 Χριστὸς
3155 4137 3392 4206 ὑπήκοος
3440 4138 3634 4204 γέγονε
3672 4137 3751 4206 τῷ

2186 4226 2384 4280 ἑαυτοῦ
2426 4228 2603 4297 Πατρὶ
2637 4230 2802 4297 μέχρι
2855 4226 3087 4280 θανάτου
3124 4228 3383 4295 σταυροῦ.
3413 4228 3474 4278 Εἰ
3513 4224 3606 4279 οὖν
3653 4229 3756 4278 αὑ-

2184 4316 2299 4381 τὸς,
2334 4317 2421 4378 τίς
2451 4318 2643 4369 τούτου
2702 4316 2943 4387 μείζων;
2990 4319 3083 4370 καὶ
3117 4318 3235 4378 πῶς
3295 4318 3560 4385 Χριστοῦ,
3614 4320 3642 4371 ό
3675 4324 3754 4389 μὴ

2186 4408 2327 4461 κατὰ
2352 4409 2587 4478 Χριστὸν
2635 4409 2774 4475 (div;
2818 4411 2982 4462 ’Ὠστε
3015 4408 3256 4480 Χριστοῦ
3286 4410 3313 4460 ό
3343 4410 3488 4462 κατὰ
3510 4412 3749 4481 ιΧριστοι

514 4514 659 4564 stum
700 4499 881 4553 vivit?
918 4499 1190 4564 Quocirca
1229 4500 1436 4552 Christi
1501 4510 1584 4553 est
1642 4503 1734 4570 qui
1782 4501 2083 4554 secundum

2188 4497 2297 4562 ζῶν
2331 4500 2388 4549 ἐν
2421 4499 2772 4564 ταπεινώσει,
2806 4501 2901 4553 καὶ
2934 4501 3009 4570 μὴ
3043 4500 3211 4553 ποιῶν
3257 4502 3318 4553 τὸ
3366 4501 3586 4569 ἑαυτοῦ,
3617 4505 3757 4557 ἀλλὰ

510 4592 789 4645 Christum
826 4591 1033 4643 vivitin
1085 4590 1408 4653 humilitate,
1454 4605 1610 4644 suam
1670 4590 1845 4659 ipsius
1893 4593 2087 4645 volun-

512 4693 679 4736 tatem
716 4698 821 4735 non
866 4681 1090 4744 faciens,
1125 4684 1219 4735 sed
1250 4681 1490 4735 divinam
1542 4690 1777 4747 tantum,
1811 4693 1974 4752 atque
2028 4695 2088 4738 ut

512 4772 785 4837 Sulmitor,
843 4775 896 4827 in
960 4773 1300 4840 subjectione
1356 4786 1701 4840 permanens,
1754 4788 2086 4841 oransque:

518 4890 535 4914 ο
572 4863 959 4918 νιτι·υιιιιειιιειι
1013 4880 1122 4917 non
1179 4866 1433 4915 voluntas
1485 4879 1626 4929 mea,
1659 4881 1676 4913 ι
1732 4863 2090 4918 humanitatis

514 4958 789 5020 videlicet,
819 4975 837 5007 ι
877 4957 973 5011 sed
1029 4968 1120 5010 tua
1152 4956 1265 5010 ﬁat.
1306 4974 1324 5007 ι
1397 4954 1531 5021 Quae
1582 4957 1771 5010 divina
1833 4957 2086 5013 voluntas

515 5049 692 5118 ipsius
723 5061 957 5104 estcum
997 5048 1157 5104 Patre
1190 5059 1245 5102 et
1295 5058 1488 5102 sancto
1540 5046 1770 5116 Spiritu.
1845 5048 1972 5101 Ideo
2030 5058 2088 5102 ut

515 5143 751 5211 duplicis
789 5154 1019 5205 naturae,
1052 5141 1191 5195 duas
1226 5155 1448 5209 quoque
1513 5142 1754 5209 possidet
1813 5143 2089 5195 naturales

517 5236 844 5289 voluntates.
865 5233 927 5287 Et
969 5231 1391 5299 Tlteanthmpos
1430 5248 1573 5286 unus
1622 5234 1897 5287 exsistens
1935 5242 2093 5286 natu-

518 5326 685 5378 ralem
742 5327 1038 5377 humanam
1117 5324 1457 5376 voluntatem
1516 5339 1623 5393 qua
1662 5324 1922 5393 praeditus
1983 5335 2090 5389 est,

517 5430 746 5484 eamque
803 5416 1176 5483 purissimam,
1253 5415 1496 5483 nullique
1551 5416 1891 5469 accusationi
1922 5426 1975 5469 ct
2001 5429 2093 5469 ca-

520 5508 741 5559 tumniae
764 5507 1052 5559 obnoxiam
1078 5505 1225 5560 Patri
1258 5505 1513 5572 subjecit,
1544 5515 1600 5561 et
1626 5506 1863 5574 primum
1895 5507 2090 5560 volun-

526 5598 654 5651 tatis
679 5598 1028 5651 rebellionem
1054 5597 1273 5664 delevit,
1303 5599 1546 5668 duasque
1597 5597 1875 5652 naturales
1906 5612 2095 5666 opera-

2190 4589 2349 4657 μόνον
2380 4589 2439 4640 τὸ
2479 4588 2620 4641 θεῖον
2653 4589 2885 4659 θέλημα,
2923 4595 3019 4644 καὶ
3043 4595 3100 4645 ὲν
3140 4595 3387 4665 ὑποταγῇ
3434 4596 3634 4663 μένων,
3677 4597 3753 4659 ὡς

2186 4679 2327 4743 atate
2344 4678 2554 4747 Σωτὴρ,
2579 4699 2597 4730 ι
2625 4680 2771 4749 Πλὴν
2801 4682 2876 4751 μὴ
2904 4682 2966 4733 τὸ
2985 4682 3197 4751 θέλημά
3221 4701 3348 4752 μου,
3373 4703 3392 4736 ι
3416 4688 3512 4752 τῆς
3540 4687 3754 4755 ἀνθρω⁹
3814 4694 3818 4696 ‘

2187 4772 2417 4837 πότητος
2444 4766 2721 4839 δηλονότιξ
2746 4791 2764 4823 ι
2794 4773 2931 4826 ἀλλὰ
2962 4776 3023 4826 τὸ
3050 4775 3139 4827 σὸν
3166 4778 3429 4842 γενέσθω,
3468 4796 3486 4828 ι
3527 4780 3758 4848 εὐχόμεο

2187 4878 2297 4923 νος.
2322 4864 2494 4931 Ὅπερ
2514 4862 2659 4919 θεῖον
2681 4864 2909 4936 θέλημα,
2938 4870 3032 4921 καὶ
3058 4867 3223 4922 αὑτοῦ
3240 4872 3358 4924 ἐστι
3387 4872 3524 4939 μετὰ
3545 4872 3757 4940 11ατρὸ;

2189 4953 2279 5005 καὶ
2313 4954 2407 5006 τοῦ
2457 4956 2615 5023 ἁγίου
2670 4958 3014 5028 Πνεῦματος.
3046 4961 3137 5012 Διὸ
3187 4962 3261 5023 ὡς
3304 4962 3494 5033 διφυὴς
3526 4963 3623 5026 ὢν,
3665 4968 3761 5017 καὶ

2188 5044 2281 5096 δύο
2315 5050 2521 5115 φυσικὰ
2554 5048 2843 5118 θελήματα
2883 5053 3246 5120 κεκτημένος,
3277 5056 3367 5107 καὶ
3408 5056 3762 5123 θεάνθρωπος

2193 5139 2373 5206 μόνος,
2402 5140 2461 5192 τὸ
2500 5143 2730 5209 φυσικὸν
2783 5144 3135 5212 ἀνθρώπινον
3178 5147 3392 5217 θέλημα
3430 5150 3760 5221 ἀδιάϐλητον

2191 5229 2330 5298 ἔχων
2368 5234 2460 5284 καὶ
2509 5231 2751 5303 καθαρὸν
2803 5235 3075 5289 ὑπέτασσε
3109 5237 3186 5307 τῷ
3245 5241 3443 5310 Πατρὶ,
3475 5243 3573 5311 τὴν
3605 5245 3760 5314 πρώ-

2194 5341 2294 5392 την
2324 5327 2388 5377 ἐκ
2413 5324 2721 5397 θελήματος
2755 5332 3047 5401 παρακοὴν
3077 5335 3342 5403 ἀναιρῶν,
3377 5340 3470 5393 καὶ
3511 5338 3606 5390 δύο
3658 5356 3761 5406 (ρυ-

2192 5414 2351 5478 σικὰς
2387 5417 2634 5473 πλουτῶν
2697 5423 3005 5492 ἐνεργείας,
3063 5420 3148 5491 εἷς
3178 5428 3351 5480 τελῶν
3415 5430 3551 5499 ὑπὲρ
3603 5431 3766 5498 λόγον

2189 5510 2256 5576 τῇ
2288 5509 2601 5576 ὑποστάσει,
2632 5516 2755 5576 ταῖς
2811 5515 2867 5567 δὲ
2900 5516 2992 5568 δύο
3044 5517 3239 5582 φύσεσι
3289 5518 3532 5591 διπλοῦς,
3567 5519 3637 5573 δι’
3666 5523 3768 5573 αὐ-

2193 5598 2300 5652 τῶν
2331 5600 2526 5664 όλικῶς
2564 5603 2713 5671 ἡμᾶς
2748 5605 3108 5672 ἁνακαινίσας
3150 5611 3378 5665 ἑυέωσε.

527 5692 703 5742 tiones
734 5689 951 5755 ditavit,
983 5707 1123 5744 unus
1150 5707 1384 5761 persona
1408 5694 1678 5751 cxsistens
1716 5692 2085 5759 inelIabiliter,
2125 5696 2337 5755 duabus
2372 5714 2501 5756 vero
2527 5701 2741 5758 naturis
2776 5702 3000 5775 duplex,
3042 5721 3133 5775 per
3161 5723 3297 5777 quas
3359 5709 3598 5766 totaliter
3665 5725 3774 5768 nos

524 5792 796 5837 reuovans
832 5779 1132 5835 deilicavit.
