4108 6262
402 333 509 398 489

1693 345 1793 404 DE
1834 344 2331 408 ΡίΕΝΙΤΕΝΤΙΑ.

3527 345 3634 407 490

471 445 564 498 Ἐν
591 447 656 517 τῇ
693 448 950 518 μετανοίᾳ
978 449 1034 504 δὲ
1088 451 1180 504 καὶ
1210 451 1268 505 τὸ
1299 454 1398 521 τῆς
1439 457 1722 521 μετανοίας
1753 452 1957 522 ἅγγελιε

2148 456 2207 509 1η
2272 459 2594 527 poenitentia
2665 474 2791 514 vero
2846 468 2899 515 et
2961 458 3296 530 ptenitentiae
3355 457 3630 530 angelicas

400 536 498 590 κδν
523 536 834 608 εὑρίσκεται
859 539 1061 609 σχῆμαο
1088 543 1216 610 περὶ
1240 536 1300 596 οὗ
1325 546 1388 614 δὴ
1415 546 1509 598 καὶ
1534 547 1966 616 προειρήκαμεν.

2072 545 2348 602 invenitur
2377 549 2592 607 habitus
2625 567 2640 604 :
2669 550 2736 605 de
2771 567 2878 620 quo
2902 549 3012 619 jam
3045 564 3210 620 supra
3251 549 3514 606 diximus.
3545 550 3638 602 At.

402 627 548 697 Πλὴν
575 629 872 696 ἀναγκαῖον
904 632 1065 684 πάλιν
1104 635 1247 701 ἐρεῖν
1314 636 1461 698 ὅπως
1516 653 1574 688 τε
1615 636 1777 706 189
1802 637 1957 689 τελεῖ-

2072 645 2248 690 tamen
2287 641 2648 694 necessarium
2682 650 2764 694 est
2794 641 2987 694 iterum
3018 639 3289 709 quomodo
3317 639 3640 695 conﬁciatur

401 735 510 785 ται,
545 719 640 774 καὶ
662 721 728 774 τὰ
747 722 1001 791 περὶτῶν
1033 725 1314 793 συμϐόλων
1347 727 1534 782 αὑτοῦ.

955 837 1203 892 ΚΕΦΑΛ.
1244 839 1405 895 ΣΞΕ’.

397 922 561 976 Διατί
588 920 656 978 τὸ
683 919 804 979 τῶν
823 927 1134 1058 μοναχῶιὶ
1152 929 1366 998 σχῆμα
1401 929 1730 1000 ἀγγελικόν
1754 928 1966 999 ὀνομά-

1123 1015 1271 1052 εται.

1123 1015 1246 1052 εται
1257 1038 1271 1052 ο

465 1081 631 1136 ’Λλλὰ
660 1085 777 1148 πῶς
833 1087 1122 1156 μετανοίας
1164 1089 1351 1158 σχῆμα
1381 1089 1598 1158 λέγεται
1620 1090 1717 1144 καὶ
1746 1090 1966 1159 ἀγγελι-

397 1174 492 1228 κόν
505 1190 522 1240 ;
575 1175 697 1226 ἐπεὶ
741 1174 800 1228 οῦ
860 1180 1281 1249 περιπίπτουσιν
1318 1179 1559 1248 ἄγγελοι,
1593 1181 1737 1235 εῐποι
1769 1199 1852 1245 τις
1875 1183 1962 1248 ἂν,

396 1264 476 1316 ὅτι
521 1265 640 1318 οὐδὲ
664 1265 822 1333 φύσει
854 1267 915 1320 τὸ
938 1269 1293 1337 περιπίπτειν
1326 1271 1531 1335 αὐτοῖς.
1569 1273 1667 1336 ⁸ος
1695 1273 1962 1339 ἀκουέτω,

396 1357 469 1417 ὡς
496 1355 557 1409 τδ
583 1356 851 1425 ἄτρεπτον
878 1359 976 1412 καὶ
1014 1360 1266 1414 ἄπτωτον
1299 1360 1434 1415 Θεοῦ
1479 1362 1666 1432 μόνου,
1701 1362 1788 1417 ἀεὶ
1812 1362 1964 1428 ὄντος

394 1446 490 1498 καὶ
523 1445 880 1500 ἀναλλοιώτου
929 1448 1202 1518 μένοντος.
1252 1449 1377 1515 Τοῖς
1423 1452 1750 1522 ἀρξαμένοις
1779 1455 1837 1507 δὲ
1868 1455 1965 1507 καὶ

393 1539 634 1601 κτιστοῖς
681 1538 963 1604 ἀλλοίωσις
989 1541 1207 1597 ἕπεται.
1275 1544 1384 1597 Καὶ
1414 1543 1594 1613 δῆλον,
1621 1544 1697 1608 ὦς
1728 1562 1872 1610 τινες
1904 1547 1967 1600 ὲκ
2007 1539 2018 1556 ⁹

390 1629 501 1682 τῶν
558 1631 804 1699 ἀγγέλων
835 1633 1338 1705 περιπεπτώκασιν,
1397 1636 1534 1690 ἀλλὰ
1581 1637 1640 1691 τὸ
1675 1640 1964 1710 προσέχειν

2068 735 2122 781 et
2161 727 2228 781 de
2252 727 2370 798 ejus
2403 731 2662 799 symbolis
2697 731 2899 783 dicere.

2602 821 2832 879 CAPUT
2859 821 3108 878 CCLXV.

2070 908 2248 973 Quare
2273 911 2654 978 paenitentia“:
2698 922 2748 966 et
2798 915 3124 968 monachalis
3158 912 3369 967 habitus
3401 911 3638 982 angelico

2559 984 2768 1037 nomine
2797 984 3095 1052 appellatur
3122 986 3150 1039 ?

2139 1069 2244 1124 Sed
2285 1072 2558 1139 quomodo
2590 1073 2926 1142 paenitentum
2973 1075 3192 1130 habitus
3227 1075 3426 1129 dicitur
3470 1087 3634 1142 ange-

2067 1161 2223 1226 licus,
2252 1160 2485 1217 fortasse
2535 1163 2681 1218 dicet
2724 1164 2944 1229 aliquis,
2975 1179 3098 1219 cum
3147 1165 3324 1232 angeli
3384 1179 3492 1218 non
3540 1178 3637 1216 ca-

2067 1253 2217 1318 dant,
2246 1264 2434 1305 natura
2467 1267 2571 1307 non
2605 1263 2688 1309 est
2731 1255 2810 1310 eis
2851 1265 2912 1309 ut
2940 1255 3137 1310 cadere
3164 1257 3410 1324 possint?
3437 1253 3639 1308 Audiat

2069 1341 2694 1399 isteimmutabilitatem
2749 1354 2805 1399 et
2833 1345 3248 1416 impeceantiam
3297 1344 3468 1399 solius
3511 1356 3634 1399 esse

2071 1431 2161 1486 Dei
2197 1435 2289 1503 qui
2323 1449 2538 1504 semper
2576 1443 2661 1490 est
2702 1445 2756 1489 et
2803 1437 3158 1492 immutabilis
3198 1442 3500 1506 permanet,
3550 1449 3638 1488 res

2068 1535 2246 1578 autem
2281 1540 2401 1593 qua:
2439 1535 2721 1595 cmperunt
2769 1536 2825 1584 et
2873 1535 3069 1582 creata:
3099 1535 3230 1582 sunt
3266 1527 3495 1581 mutatio
3548 1541 3638 1580 se-

2067 1616 2269 1684 quitur,
2303 1617 2447 1685 quod
2498 1617 2662 1686 liquet
2729 1633 2851 1672 cum
2895 1617 3138 1672 nonnulli
3165 1631 3232 1671 ex
3260 1616 3467 1686 angelis
3501 1615 3636 1685 lapsi

392 1720 609 1789 αὐτοὺς,
643 1725 738 1775 καὶ
790 1725 1196 1791 ταπεινοῦσθαι,
1231 1729 1346 1794 ,καὶ
1376 1729 1624 1784 ὑπείκειν
1671 1731 1811 1800 Θεῷ,
1868 1732 1957 1786 καὶ

2070 1706 2270 1762 fuerint
2287 1724 2303 1775 ;
2334 1709 2428 1763 sed
2472 1723 2566 1763 eos
2598 1709 2706 1764 Deo
2734 1711 3030 1776 adhaerere,
3061 1725 3242 1766 coram
3275 1724 3341 1765 eo
3365 1707 3632 1763 humiliari

391 1785 740 1885 λειτουργοὺς
785 1812 925 1870 εἶναι
983 1785 1282 1890 καθαροὺς,
1333 1822 1428 1874 καὶ
1460 1825 1634 1878 ποιεῖν
1659 1825 1720 1877 τὸ
1752 1785 1957 1894 θέλημα

2064 1797 2220 1866 eique
2263 1801 2510 1866 obedire,
2540 1801 2775 1856 mundos
2803 1817 2927 1857 esse
2971 1803 3272 1867 ministros,
3303 1801 3488 1856 facere
3512 1797 3632 1870 ejus

391 1903 580 1969 αὐτοῦ,
606 1905 748 1960 καθά
770 1907 1104 1977 γέγραπται,
1125 1909 1284 1963 τοῦτό
1307 1913 1422 1966 ἐστι
1447 1913 1506 1966 τὸ
1525 1914 1786 1981 ἀγγέλους
1803 1909 1963 1970 εἶναι.

2069 1889 2404 1947 voluntatem
2431 1893 2573 1947 sicut
2616 1894 2879 1962 scriptum
2915 1903 3019 1959 est,
3059 1893 3172 1948 haec
3202 1901 3284 1948 est
3312 1892 3633 1963 angelorum

393 1995 658 2066 Ἀγγελος
686 1999 794 2070 γὰρ
821 2001 850 2052 ὁ
871 2000 1214 2070 ἀναγγέλλων
1251 2001 1319 2056 τὰ
1341 2002 1434 2056 τοῦ
1463 1980 1622 2058 Θεοῦ.
1679 2004 1844 2059 Ὅθεν
1873 2008 1957 2058 καὶ

2068 1980 2326 2036 conditio.
2375 1981 2508 2036 Nam
2539 1985 2763 2055 angelus
2796 1985 2939 2040 idem
2972 1994 3130 2042 sonat
3169 2001 3234 2041 ac
3263 1999 3444 2040 rerum
3485 1984 3631 2040 divi-

393 2089 641 2157 μοναχδς,
671 2089 720 2142 εί
758 2092 852 2144 καὶ
899 2092 996 2157 τῆς
1052 2094 1559 2164 παραπεπτωκυίας
1599 2094 1813 2165 φύσεώς
1847 2097 1962 2150 ἐστι

388 2179 497 2233 τῶν
526 2179 850 2250 ἀνθρώπων,
900 2182 1016 2236 ἀλλ’
1049 2183 1202 2254 ίσχὺν
1262 2184 1389 2256 ἔσχε
1448 2185 1825 2257 προθυμηθεὶς
1869 2186 1963 2240 τοῦ

390 2275 580 2327 πατεῖν
636 2272 819 2328 ἐπάνω
857 2273 1037 2344 ὖφεων
1073 2277 1169 2329 καὶ
1206 2277 1512 2348 σκορπίων,
1538 2278 1632 2331 καὶ
1659 2279 1752 2332 ἐπὶ
1781 2279 1962 2333 πᾶσαν

388 2365 487 2435 τὴν
508 2365 738 2437 δύναμιν
787 2367 880 2422 τοῦ
943 2368 1161 2439 ἐχθροῦ.
1211 2369 1321 2423 Καὶ
1371 2370 1524 2424 οὐδὲν
1579 2369 1741 2424 αὑτὸν
1775 2370 1836 2424 οῦ
1885 2371 1962 2440 μὴ

389 2455 657 2527 ἀδικήσει.
681 2457 1067 2526 Ἔξερχὸμενος
1127 2460 1308 2514 τοίνυν
1365 2460 1525 2523 οὗτος
1572 2459 1666 2513 τοῦ
1703 2461 1842 2528 βίου,
1868 2462 1962 2513 καὶ

389 2547 592 2617 κόσμον
618 2549 713 2601 καὶ⁵
739 2549 932 2616 γονέας
959 2549 1052 2602 καὶ
1083 2551 1318 2616 γυναῖκα
1351 2552 1445 2603 καὶ
1483 2549 1649 2603 τέκνα
1681 2552 1777 2604 καὶ
1802 2551 1961 2603 ἀδελ-

390 2639 525 2706 φοὺς
574 2637 796 2706 ἀφιεὶς,
854 2639 952 2706 τὴν
1000 2637 1110 2692 τῶν
1171 2639 1417 2708 ἀγγέλων
1474 2641 1726 2710 μιμεῖται
1788 2641 1957 2710 ζωήν.

404 2726 806 2796 ’Δπροσπαθεῖς
850 2727 957 2797 γὰρ
993 2719 1140 2782 οὗτοι
1177 2727 1284 2782 τῶν
1315 2729 1483 2792 κάτω,
1524 2731 1616 2783 καὶ
1659 2729 1735 2802 μή
1769 2731 1961 2799 γενεὰν

393 2817 594 2888 σαρκὸς
650 2819 884 2889 ἔχοντες,
943 2821 1079 2873 ἀλλὰ
1131 2821 1224 2873 καὶ
1250 2819 1311 2875 τὸ
1333 2821 1516 2877 δοῦναι
1559 2823 1734 2890 λόγον,
1779 2825 1960 2893 αῖρειν

394 2909 478 2963 ἐπ’
507 2908 671 2978 ὤμων
695 2910 926 2979 Χριστοῦ
959 2910 1052 2964 τὸν
1094 2912 1343 2982 σταυρὸν,
1397 2914 1491 2966 καὶ
1521 2915 1698 2984 τούτῳ
1729 2914 1956 2969 ἀκολου-

390 3001 500 3053 θεῖν
528 2999 646 3052 κατ’
690 3000 855 3070 ἴχνος,
889 3005 980 3055 καί
1015 3001 1255 3071 ὑπήκοον
1299 2998 1462 3068 εἶναι,
1495 3003 1592 3056 καὶ
1612 3005 1957 3077 ἀρνήσασθαι

2066 2085 2261 2126 narum
2307 2073 2552 2131 nuntius.
2617 2075 2772 2132 Unde
2802 2087 2855 2130 et
2884 2077 3206 2142 monachus,
3240 2077 3343 2132 etsi
3369 2077 3530 2147 lapse
3560 2075 3634 2132 sit

2065 2161 2350 2218 hominum
2395 2175 2624 2230 naturae,
2671 2177 2933 2235 attamen,
2985 2169 3030 2224 si
3077 2169 3358 2226 voluntate
3399 2169 3634 2231 ferveat.

2064 2251 2320 2308 virtutem
2353 2255 2516 2312 habet
2543 2258 2853 2314 ambula’ndi
2888 2275 3055 2330 super
3080 2269 3362 2331 serpentes
3389 2269 3445 2316 et
3481 2274 3634 2316 scor-

2063 2342 2256 2412 piones
2317 2354 2372 2400 et
2431 2362 2595 2417 super
2654 2364 2872 2405 omnem
2921 2352 3128 2408 inimici
3185 2360 3533 2423 potestatem,
3580 2363 3635 2407 et
3710 2369 3718 2372 -

2063 2438 2202 2492 nihil
2233 2438 2281 2493 ei
2325 2441 2558 2496 nocebit.
2610 2443 2710 2499 Hic
2762 2446 2926 2516 igitur
2958 2464 2988 2504 e
3014 2449 3122 2503 vita
3153 2463 3432 2520 egressus,
3473 2466 3631 2504 mun-

2063 2528 2246 2594 doque
2272 2537 2326 2584 et
2357 2533 2700 2600 parentibus,
2731 2537 2977 2602 muliere,
3018 2539 3142 2593 ﬁliis
3179 2549 3340 2611 atque
3370 2542 3629 2596 fratribus

2062 2617 2357 2686 derelictis,
2415 2623 2580 2677 vitam
2634 2627 2949 2695 angelorum
3005 2630 3284 2697 imitatur;
3351 2632 3438 2686 isti
3484 2633 3628 2688 enim

2062 2708 2210 2763 nullo
2247 2713 2587 2768 terrestrium
2625 2730 2810 2772 amore
2840 2726 3112 2786 tenentur,
3147 2737 3325 2792 neque
3356 2724 3628 2780 carnalem

2062 2799 2265 2856 habent
2343 2806 2841 2876 propinquitatem,
2922 2812 3018 2867 sed
3093 2813 3314 2885 insuper
3365 2817 3628 2873 rati-mem

2060 2893 2401 2961 submittere,
2434 2911 2600 2967 super
2635 2899 2892 2956 humeros
2935 2918 3153 2960 crucem
3179 2906 3382 2964 Christi
3414 2913 3628 2978 tollere,

2059 2986 2178 3056 ejus
2209 2989 2364 3057 sequi
2395 2992 2644 3062 vestigia,
2671 2992 2902 3048 docilem
2938 3010 3082 3063 esse,
3115 3001 3297 3056 omnia
3330 3005 3624 3074 abnegare,

388 3087 587 3155 πάντα,
610 3089 704 3142 καὶ
732 3090 808 3161 μὴ
839 3093 1011 3144 ποιεῖν
1030 3093 1230 3146 οίκεῖον
1253 3093 1484 3163 θέλημα,
1519 3094 1679 3164 ἔργον
1705 3097 1954 3164 ἀγγέλων

2060 3079 2339 3148 propriam
2407 3083 2735 3141 voluntatem
2795 3103 2903 3143 non
2959 3089 3156 3153 facere,
3219 3092 3319 3147 hoc
3361 3105 3440 3150 est
3489 3112 3628 3166 opus

387 3181 551 3234 ἐστίν.
578 3199 594 3234 ι
627 3181 906 3248 Εὐλογεῖτε
935 3183 1061 3254 γὰρ,
1095 3185 1248 3253 φησὶ,
1263 3183 1356 3238 τὸν
1386 3184 1607 3256 Κύριον,
1631 3186 1829 3250 πάντες
1852 3189 1955 3258 ἄγ-

387 3269 534 3338 γελοι
558 3268 746 3323 αὐτοῦ.
778 3272 1001 3324 Δυνατοῖ
1039 3273 1206 3340 ίσχύῖ,
1236 3273 1514 3337 ποιοῦντες
1554 3274 1644 3329 τὸν
1674 3275 1830 3344 λόγον
1859 3279 1957 3330 αὑο

386 3360 501 3425 τοῦ,
525 3359 616 3412 τοῦ
649 3360 881 3414 ἀκοῦσαι
909 3362 1006 3430 τῆς
1036 3363 1216 3432 φωνῆς
1253 3363 1346 3416 τοῦ
1375 3363 1537 3430 λόγου
1566 3365 1756 3422 αὐτοῦ.
1786 3367 1953 3421 Εὐλο-

385 3454 530 3520 γεῖτε
555 3450 648 3504 τὸν
677 3450 904 3521 Κύριον,
929 3453 1103 3506 πᾶσαι
1135 3453 1190 3506 αἱ
1215 3453 1474 3531 δυνάμεις
1499 3455 1685 3521 αὑτοῦ,
1715 3456 1955 3531 λειτουρ-

382 3543 474 3612 γοὶ
501 3542 690 3611 αὑτοῦ,
722 3543 773 3597 οῖ
796 3543 1074 3608 ποιοῦντες
1112 3547 1172 3599 τὸ
1206 3529 1418 3618 θέλημα
1446 3549 1663 3603 αὑτοῦ.»
1712 3529 1906 3622 Ὀρᾶτε
1933 3567 1950 3618 ;

395 3635 529 3689 Ἰδοὺ
573 3633 695 3688 καθ’
740 3635 998 3706 ὁμοίωσιν
1033 3637 1282 3705 ἀγγέλων
1309 3641 1372 3694 τὸ
1409 3641 1620 3712 σχῆμα,
1654 3641 1750 3695 καὶ
1781 3643 1948 3698 αὑτοῦ

397 3725 572 3796 Ἰησοῦ
609 3727 867 3798 Χριστοῦ,
895 3726 1014 3794 τοῦ,
1043 3729 1140 3798 Μὴ
1170 3729 1237 3783 τὸ
1265 3730 1495 3800 θέλημά
1531 3751 1671 3802 μου,
1699 3733 1860 3789 ἀλλὰ
1881 3737 1950 3790 τὸ

381 3817 504 3873 σὸν
530 3818 811 3887 γενέσθω,
833 3819 1128 3890 εὐξαμένου
1160 3822 1300 3892 πρὸς
1327 3823 1418 3876 τὸν
1452 3825 1689 3894 Πατέρα.
1727 3827 1818 3880 Διδ
1853 3829 1948 3882 καὶ

383 3910 657 3974 Διονύσιος
684 3910 841 3964 τοῦτο
871 3911 932 3964 τὸ
965 3913 1148 3983 σχῆμα
1179 3913 1479 3984 ὑπέρτερον
1511 3919 1579 3987 τῇ
1613 3917 1947 3991 καθαρότητι

383 4000 479 4053 καὶ
503 4001 601 4072 τῆς
631 4001 738 4056 τῶν
789 4004 846 4056 ἐν
875 4002 1066 4073 κόσμῳ
1101 4004 1415 4058 ἐπισκόπων
1444 4005 1591 4076 ζωῆς
1612 4024 1796 4078 φησιν.

919 4114 1168 4170 ΚΕΦΛΛ.
1210 4115 1384 4182 Σεςτ.

381 4205 546 4260 Διατί
589 4206 881 4279 ἐπιέτλέοΥ
909 4208 965 4260 οὶ
995 4206 1114 4279 νῦν
1143 4211 1230 4272 εὶς
1262 4207 1609 4274 ἐπισκοπὴν
1656 4210 1945 4279 ἀγόμενοι

744 4274 982 4344 πρῶτον
1018 4277 1287 4345 γίνονται
1315 4279 1594 4346 μοναχοί.

453 4364 543 4418 Διὸ
573 4365 666 4420 καὶ
701 4365 737 4436 ἡ
767 4365 862 4418 τοῦ
911 4365 1150 4437 Χριστοῦ
1199 4365 1516 4436 Ἐκκλησία,
1568 4369 1694 4431 τοὺς
1725 4367 1944 4432 πλείους

2061 3170 2402 3239 angelorum.
2474 3174 2563 3229 Ait
2619 3176 2820 3232 enim:
2897 3178 3257 3237 «Benedicite
3312 3184 3628 3249 Dominum,

2061 3280 2252 3321 omnes
2302 3269 2478 3338 angeli
2528 3271 2684 3342 ejus,
2759 3283 3005 3343 potentes
3063 3277 3302 3345 virtute,
3359 3279 3620 3338 facientes

2061 3357 2283 3412 verbum
2335 3359 2484 3416 illius
2538 3363 2606 3418 ad
2665 3366 2988 3422 audiendam
3051 3383 3239 3425 vocem
3307 3386 3625 3428 sermonum

2059 3449 2198 3516 ejus.
2228 3449 2538 3509 Benedicite
2603 3454 2914 3523 Dominum,
2974 3475 3166 3517 omnes
3213 3466 3438 3520 virtutes
3485 3467 3626 3537 ejus,

2059 3539 2295 3596 ministri
2381 3544 2551 3614 ejus,
2617 3549 2710 3618 qui
2771 3547 2937 3606 facile
2993 3554 3331 3610 voluntatem
3412 3558 3552 3628 ejus.
3599 3578 3620 3613 ι

2058 3628 2371 3688 Videtisne?
2416 3635 2497 3690 En
2530 3636 2750 3693 habitus
2779 3639 2869 3695 ille
2913 3650 2998 3696 est
3026 3644 3330 3699 secundum
3360 3647 3624 3704 similitu-

2056 3718 2238 3777 dinem
2274 3725 2586 3794 angelorum
2617 3735 2672 3782 et
2699 3729 2870 3798 ipsius
2898 3729 3025 3786 Jesu
3055 3732 3254 3788 Chriin
3278 3736 3371 3805 qui
3407 3734 3623 3793 Patrem

2055 3810 2452 3882 deprecabatur
2481 3817 2670 3874 dicens
2696 3836 2709 3872 :
2773 3837 2792 3870 ι
2820 3820 2937 3874 Non
2975 3837 3091 3876 mea
3123 3825 3374 3882 voluntas
3401 3828 3494 3882 sed
3529 3837 3621 3884 tua

2054 3902 2167 3957 ﬂat.
2196 3922 2216 3956 ι
2274 3907 2400 3963 ldeo
2435 3908 2727 3981 Dionysius
2787 3911 2926 3968 dixit
2965 3915 3112 3969 hunc
3161 3915 3329 3984 ipsius
3355 3920 3478 3972 vita:
3505 3923 3620 3986 rpi-

2054 4007 2341 4065 scoporum
2393 3999 2488 4069 qui
2536 4000 2590 4055 in
2613 4002 2818 4057 mundo
2847 4013 2973 4058 sunt
2997 4003 3306 4074 integritate
3341 4018 3618 4076 praestare.

2581 4113 2809 4170 CAPUT
2839 4114 3118 4172 CCLXVI.

2057 4205 2234 4272 Quare
2265 4216 2320 4260 ut
2342 4207 2630 4279 plurimum
2662 4209 2752 4276 qui
2779 4225 2916 4262 nunc
2946 4209 3017 4264 ad
3053 4211 3412 4278 episcopafum
3436 4228 3618 4279 perve-

2397 4278 2575 4340 niunt,
2601 4279 2752 4344 prius
2792 4279 2928 4347 ﬁunt
2964 4280 3250 4334 monachi?

2121 4364 2488 4431 Quamobrem
2531 4365 2733 4421 Christi
2786 4366 3028 4422 Ecclesia
3079 4368 3368 4439 plerosque
3424 4387 3612 4427 eorum

379 4456 490 4510 τῶν
511 4458 589 4520 εἰς
619 4457 926 4530 ἐπισκοπὴν
949 4457 1234 4527 ἀγομένων
1268 4459 1396 4528 ἄρτι
1431 4458 1509 4528 τῷ
1541 4459 1668 4530 θείῳ
1705 4461 1944 4530 σχήματι

2059 4471 2186 4527 quos
2216 4457 2378 4512 modo
2400 4457 2465 4514 ad
2494 4459 2865 4528 episcopatum
2889 4461 3099 4516 extollit
3121 4462 3270 4532 prius
3293 4465 3397 4520 hoc
3430 4465 3615 4522 habitu

379 4547 554 4616 τούτῳ
593 4549 1017 4620 κατακοσμοῦσα
1066 4549 1352 4619 πρότερον,
1387 4548 1557 4613 οῦτως
1617 4553 1950 4616 ἐπισκόπους

383 4639 637 4710 καθιστᾷ,
689 4641 756 4696 τὰ
805 4641 1037 4710 μέγιστα
1081 4642 1175 4694 καὶ
1218 4641 1348 4710 ἆγια
1373 4642 1480 4696 τῶν
1507 4643 1679 4709 ἁγίων
1706 4641 1783 4712 τῷ
1812 4659 1952 4699 παν-

381 4732 518 4801 αγίῳ
547 4731 1014 4801 ὲξασφαλιζομένη
1061 4731 1155 4784 καὶ
1207 4731 1338 4801 ίερῷ
1388 4733 1652 4802 σχήματι.
1717 4732 1862 4803 Ὅρα
1894 4734 1950 4788 δὲ

382 4824 476 4875 καὶ
505 4825 653 4888 ὅπως
711 4825 945 4878 τελεῖται
998 4825 1032 4894 ή
1076 4823 1169 4877 τοῦ
1233 4825 1531 4895 μοναχικοῦ
1583 4825 1861 4896 σχήματος
1892 4825 1950 4878 έν

382 4913 600 4986 Χριστῷ
631 4915 750 4969 θεία
782 4915 993 4984 τελετή.

933 5007 1181 5062 ΚΕΦΑΛ.
1231 5005 1390 5062 ΣΞΖ’.

605 5099 618 5108 ’
694 5095 834 5162 Περὶ
854 5095 1193 5164 μοναχικῆς
1226 5095 1610 5162 τελειώσεως.

451 5190 822 5258 Προσερχεται
849 5189 878 5239 ὁ
906 5189 1135 5256 μονὰσαι
1183 5186 1505 5256 βουλόμενος
1533 5189 1823 5255 ἑκουσίως,
1861 5192 1948 5242 καὶ

381 5281 500 5344 δοὺς
525 5280 681 5346 λόγον
711 5279 812 5348 τῆς
843 5279 984 5332 κατὰ
1003 5278 1134 5332 Θεὸν
1161 5279 1326 5349 ζωῆς,
1354 5279 1710 5348 δοκιμάζεται
1737 5283 1794 5333 ἐν
1819 5281 1949 5351 ὡρι-

382 5373 566 5442 σμένῳ
593 5371 790 5440 καιρῷ,
819 5369 916 5424 καὶ
935 5368 1118 5422 πίστιν
1147 5369 1270 5432 δοὺς
1293 5369 1400 5423 ἀπὸ
1425 5373 1523 5439 τῆς
1542 5370 1705 5423 αὐτοῦ
1738 5370 1946 5441 βιοτῆς,

379 5464 473 5519 καὶ
503 5466 602 5534 τὴν
627 5462 908 5517 τελείωσιν
951 5459 1042 5514 τοῦ
1076 5463 1352 5530 σχήματος
1389 5461 1722 5530 ἐκζητήσας,
1756 5459 1840 5514 ῖνα
1873 5459 1948 5530 μὴ

379 5553 502 5627 δόξῃ
532 5553 773 5623 βιασθεὶς
802 5553 835 5622 ἢ
887 5550 1278 5619 ἀναγκασθεὶς,
1315 5552 1652 5621 προσάγεται
1689 5550 1767 5620 τῷ
1796 5551 1906 5621 ναῷ
1930 5564 1943 5582 ο

382 5647 501 5700 ἐπεὶ
530 5645 604 5708 ὡς
629 5645 798 5714 δῶρον
850 5643 1238 5713 προσφέρεται,
1291 5642 1500 5712 ἐξάγων
1541 5643 1701 5704 αὐτὸς
1755 5642 1947 5694 ἑαυτὸν

383 5737 475 5793 τοῦ
501 5738 709 5810 κόσμου
725 5749 740 5764 ⁶
760 5737 856 5789 καὶ
878 5736 982 5804 πρὸ
1001 5735 1109 5786 τῶν
1133 5734 1315 5790 πυλῶν
1332 5735 1546 5788 ἵσταται
1555 5776 1569 5803 ,
1593 5736 1715 5790 ἐπεὶ
1737 5732 1947 5788 οὐδέπω

723 5829 992 5892 Pauor.
1019 5830 1154 5892 .Gn.
1201 5830 1377 5892 CLV.

2052 4549 2346 4604 adornatos
2409 4549 2489 4605 sic
2543 4551 2831 4621 episcopos
2889 4555 3209 4621 constituit,
3271 4558 3503 4612 maxima
3561 4570 3617 4616 ct

2051 4651 2236 4695 sancta
2263 4650 2576 4696 sanctorum
2607 4644 2708 4697 hoc
2739 4643 3086 4699 sanctissimo
3118 4661 3382 4718 sacroque
3425 4651 3613 4706 habitu

2051 4731 2448 4786 conﬁrmando.
2513 4730 2643 4787 Vide
2667 4744 2846 4788 autem
2872 4735 3145 4801 quomodo
3176 4739 3268 4793 liat
3312 4742 3613 4798 monachic‘

2051 4819 2266 4875 habitus
2286 4821 2342 4875 in
2364 4809 2584 4878 Christo
2613 4823 2796 4879 divina
2825 4829 3192 4884 consecratio.

2561 4999 2790 5057 CAPUT
2855 5000 3156 5058 CCLXVII.

2439 5091 2516 5145 De
2549 5093 2848 5147 monachali
2877 5095 3224 5164 perfectione.

2119 5179 2348 5235 Accedit
2385 5181 2478 5250 qui
2509 5183 2746 5237 libenter
2793 5185 2912 5238 vult
2953 5186 3397 5258 monachiyitam
3432 5201 3616 5258 agere,

2048 5281 2102 5326 et
2123 5273 2247 5326 data
2279 5273 2492 5326 ratione
2519 5274 2646 5328 vitae
2683 5289 2805 5344 qua
2849 5287 2937 5330 est
2970 5278 3270 5332 Secundum
3321 5279 3512 5344 Deum,
3557 5279 3612 5334 in

2050 5371 2292 5431 tempore
2331 5363 2631 5423 constituto
2689 5367 2980 5433 probatur;
3031 5367 3230 5422 deinde
3277 5368 3436 5424 tidem
3477 5369 3616 5425 dans

2049 5471 2148 5525 per
2210 5469 2362 5509 suam
2427 5456 2921 5524 conversationem,
2997 5467 3051 5512 et
3114 5473 3330 5514 sacrum
3393 5461 3616 5515 habitus

2050 5545 2309 5600 induendi
2353 5545 2519 5600 ritum
2543 5559 2863 5614 exposcens,
2899 5561 2968 5602 ne
2995 5547 3248 5603 videatur
3276 5551 3384 5603 vim
3419 5565 3613 5620 passus

2052 5645 2212 5708 atque
2237 5645 2480 5702 coactus,
2505 5639 2760 5708 templum
2785 5639 2915 5707 adit,
2950 5639 3207 5709 quoniam
3235 5642 3380 5697 velut
3409 5643 3610 5698 donum

2051 5727 2400 5798 semetipsum
2449 5727 2627 5798 oiiert,
2660 5739 2715 5786 et
2764 5746 2864 5800 pro
2914 5730 3123 5788 foribus
3174 5741 3301 5799 stat,
3354 5731 3608 5804 quoniam

3142 5819 3211 5896 16
