4126 6268
447 276 539 335 491
1297 261 1595 322 SYMEON
1612 261 1678 320 IS
1708 212 2460 319 TllESSALONICENSIS
2501 252 2695 310 AIlCII
2711 255 2726 310 I
2743 253 2845 311 ΕΡ.

3594 242 3697 302 492

445 383 687 437 nondum
720 381 857 436 inter
887 380 1103 449 angelus
1153 375 1404 429 homines
1447 373 1721 442 angelicos
1756 369 2006 454 dinume-

2134 366 2471 436 τυναρίΟμιος
2507 367 2617 428 τοῖς
2675 365 2927 430 ἀγγέλοις
2985 363 3076 416 καὶ
3135 361 3448 429 ἁνῢρῗιποις
3485 359 3696 426 ἀγγελι-

447 484 598 528 ratus
659 483 762 536 est,
805 455 1109 538 sed'quasi
1162 467 1455 536 pmnitens,
1514 471 1641 519 ante
1701 461 2015 532 paradisum

445 578 609 635 atque
665 565 860 619 malum
913 572 1039 623 stat,
1076 561 1280 614 intrare
1310 570 1651 626 nequaquam
1683 553 1931 619 audens;
1965 561 2020 606 et

446 661 658 726 incepta
709 671 861 711 sacra
923 655 1249 714 initiatione,
1287 657 1407 720 post
1457 649 1689 718 primum
1735 645 1791 700 in
1830 652 2020 699 sancta

446 751 750 818 ingressum
791 764 899 818 quo
969 745 1306 817 significatur
1357 750 1608 795 naturam
1669 748 1912 794 nostram
1953 736 2021 790 ad

447 857 681 913 superna
717 841 883 894 fuisse
907 844 1266 907 assumptam,
1304 835 1419 903 ipse
1453 832 1764 897 adducitur,
1797 828 2022 900 perinde

447 951 511 987 ac
551 937 594 989 si
637 937 896 988 inventus
927 943 1072 986 esset
1105 930 1198 999 qui
1240 930 1498 997 perierat,
1549 939 1714 995 super
1764 924 2023 978 humeros

449 1027 660 1080 Domini
696 1027 786 1095 qui
821 1024 1030 1079 invenit
1062 1031 1348 1089 susceptus
1374 1029 1429 1074 et
1459 1025 1806 1089 apportatus.

941 1216 1170 1273 CAI‘UT
1201 1214 1517 1271 CCLXVIII.

447 1315 586 1379 Quid
613 1323 753 1368 notet
792 1311 931 1382 quod
956 1312 1068 1364 sine
1107 1308 1298 1391 calceis
1330 1317 1406 1361 est
1440 1315 1488 1360 et
1523 1303 1717 1369 nudus,
1748 1302 2024 1372 capiteque

1143 1387 1356 1431 intecto.

519 1481 649 1534 Ideo
697 1476 944 1529 vestibus
989 1471 1284 1526 mundanis
1332 1477 1533 1522 exutus
1571 1475 1653 1522 est
1685 1464 2026 1536 pedibusque

449 1572 613 1624 nudis
678 1577 729 1622 et
783 1569 997 1619 detecto
1038 1561 1235 1630 capite,
1298 1559 1433 1614 illud
1496 1559 1717 1628 quidem
1765 1556 2024 1626 quoniam

447 1663 634 1717 ouiuia
669 1657 854 1713 mundi
890 1641 1162 1724 superﬂua
1186 1651 1416 1720 abjecit;
1443 1652 1585 1706 istud
1613 1664 1740 1704 vero
1769 1647 2025 1718 quoniam

451 1759 610 1824 inops
661 1761 744 1806 est
808 1758 862 1804 et
926 1763 1149 1817 pauper,
1211 1746 1362 1816 quasi
1421 1744 1583 1798 fuerit
1637 1759 1667 1797 a
1724 1739 2026 1796 latronibus

451 1847 656 1902 divitiis
693 1842 980 1912 spoliatus,
1029 1847 1083 1892 et
1113 1838 1313 1891 misere
1360 1837 1680 1891 vulneratus
1710 1843 1874 1902 atque
1908 1831 2028 1900 pla-

453 1939 534 2010 gis
563 1946 825 1990 contusus
855 1932 1142 2000 nudusque
1195 1929 1511 1995 derelictus,
1561 1940 1616 1981 et
1672 1925 2028 1981 semianimus

449 2034 658 2101 jacens,
723 2027 806 2080 vel
854 2023 1017 2077 etiam
1073 2022 1226 2091 quasi
1292 2019 1449 2076 bonis
1511 2036 1540 2073 a
1591 2019 1751 2072 malis
1813 2017 2028 2070 civibus

452 2135 675 2176 ever-sus
726 2127 888 2186 atque
950 2113 1094 2168 fame
1153 2121 1209 2168 et
1256 2113 1492 2182 pessima
1546 2109 1866 2179 siliquarutn
1903 2121 2027 2162 esca

454 2213 661 2268 viribus
692 2209 1015 2263 exhaustus.

998 2301 1228 2374 CAPUT
1273 2314 1549 2372 CCLXlX.

458 2418 600 2484 Quid
623 2417 760 2486 quod
786 2418 861 2470 ita
883 2416 1057 2468 nudus
1092 2412 1398 2486 adducitur.
1425 2408 1692 2476 excipitur
1718 2407 1882 2469 ulnis,
1910 2421 2032 2474 pro-

1021 2485 1172 2547 cidit,
1194 2492 1240 2534 et
1277 2491 1488 2533 cetera.

529 2574 683 2630 Unde
717 2575 806 2628 illo
844 2577 915 2628 ita
951 2573 1100 2626 nudo
1144 2586 1171 2623 a
1203 2569 1360 2623 bonis
1403 2565 1576 2620 servis
1609 2563 1753 2616 velut
1800 2560 2026 2632 angelis,

456 2668 595 2722 viris
623 2669 836 2723 scilicet
871 2667 937 2720 ad
971 2663 1288 2735 angelorum
1317 2659 1639 2729 dignitatem
1676 2655 1902 2719 evectis,
1952 2653 2034 2705 in-

461 2763 739 2824 troducto,
775 2759 917 2814 istud
949 2758 1057 2810 alta
1090 2770 1220 2809 voce
1248 2761 1502 2807 cantatur
1530 2765 1546 2800 ε
1581 2768 1599 2799 ι
1630 2747 1821 2801 Manus
1853 2755 2034 2814 pater-

464 2865 566 2905 nas
600 2850 812 2916 aperire
842 2847 973 2901 mihi
1004 2845 1220 2900 festina.
1254 2859 1274 2894 ι
1341 2839 1573 2894 Lumina
1599 2852 1814 2905 quoque
1840 2850 2030 2888 accen-

457 2949 664 2994 duntur
694 2939 894 3009 quibus
924 2938 1046 2991 data
1077 2935 1247 3006 gratia
1264 2942 1320 2988 et
1341 2930 1660 2985 illutninatio
1686 2924 2033 2992 coelestisque

2121 461 2256 534 κοῖς.
2299 457 2464 510 ’Λλλά
2489 457 2581 508 καὶ
2621 457 2696 519 ὡς
2747 455 3045 524 μετανοῶν,
3097 454 3205 525 πρὸ
3235 453 3328 505 τοῦ
3360 451 3695 521 παραδείσου

2121 547 2338 602 καὶτοῦ
2368 548 2600 620 οὐρανοῦ
2654 550 2870 601 ἵσταται
2921 545 3296 614 εἰσενεχθῆναι
3341 543 3696 606 ὲκδυσωπῶν,

2121 639 2218 693 καὶ⁷
2267 639 2369 708 τῆς
2429 640 2582 710 ἱερᾶς
2613 637 2924 708 ἀρξαμένης
2970 634 3385 706 μυσταγωγίας,
3426 631 3564 700 μετά
3600 630 3697 698 τὴν

2123 729 2346 800 πρώτην
2373 731 2452 792 είς
2485 731 2551 782 τὰ
2576 729 2710 797 ἆγια
2747 728 2976 792 εἴσοδον,
3011 727 3044 797 ἢ
3074 725 3224 794 δηλοῖ
3253 723 3353 793 τὴν
3403 721 3498 774 τοῦ
3523 737 3694 789 προσ-

2124 821 2410 890 λήμματος
2445 821 2603 892 ἡμῶν
2633 821 2712 882 είς
2736 821 2804 874 τὰ
2838 819 2952 874 ἀνω
2989 815 3383 890 προσαγωγὴν,
3415 814 3513 865 καὶ
3537 811 3698 874 αὐτὸς

2125 913 2479 980 προσάγεται,
2511 912 2586 971 ὡς
2625 911 2686 963 τὸ
2715 910 2991 972 ἀπολωλὸς
3038 906 3306 978 εὑρεθεὶς,
3337 904 3429 956 καὶ
3469 902 3562 954 ἐπὶ
3592 900 3699 951 τῶν

2125 1002 2290 1073 ὤμων
2325 1002 2417 1057 τοῦ
2471 1001 2767 1074 εὐρηκότος
2799 999 3074 1055 Δεσπότω
3117 997 3348 1068 ληφθεὶς
3386 994 3481 1049 καὶ
3514 993 3700 1047 ἀνενεο

2125 1093 2300 1164 χθείς.

2694 1212 2941 1266 ΚΕΦΑΛ.
2979 1207 3148 1263 ΣΞΙΥ.

2132 1298 2193 1353 Ti
2221 1299 2287 1353 τὸ
2315 1299 2690 1356 ἁνυπόδετον
2727 1305 2826 1358 καί
2856 1302 3091 1373 γυμνὸν
3124 1295 3281 1354 εἶναι
3308 1294 3408 1350 καὶ
3433 1288 3701 1356 ἀσκεπῆ.

2199 1477 2292 1531 se
2325 1479 2416 1532 καὶ
2444 1480 2652 1550 γυμνδς
2690 1479 2802 1534 τῶν
2842 1479 3128 1549 κοσμικῶν
3179 1478 3328 1530 ἔστιν
3361 1472 3698 1542 ἐνδυμάτων,

2129 1570 2226 1624 καὶ
2248 1567 2572 1634 ἀνυπόδετός
2595 1589 2654 1625 τε
2687 1571 2781 1624 καὶ
2831 1571 3080 1640 ἀσκεπής
3100 1583 3115 1598 °
3144 1569 3203 1622 τὸ
3233 1568 3356 1638 μὲν,
3379 1565 3463 1619 ὅτι
3496 1563 3564 1616 τὰ
3602 1578 3723 1612 πε-ιν

2133 1663 2288 1731 ριττὰ
2312 1663 2406 1715 καὶ
2460 1663 2555 1716 τοῦ
2595 1663 2810 1732 κόσμου
2866 1663 3047 1716 πάντα
3073 1658 3346 1730 ἀπέρριψε
3373 1674 3389 1690 ο
3425 1656 3488 1710 τὸ
3511 1654 3590 1719 δὲ,
3619 1653 3702 1705 ὅτι

2129 1755 2224 1808 καὶ
2251 1754 2423 1824 πένης
2454 1754 2577 1806 ἐστὶ
2601 1756 2697 1810 καὶ
2744 1754 2979 1824 πτωχὸς,
3015 1753 3090 1817 ὡς
3126 1751 3287 1821 190
3331 1749 3438 1802 ὐπὸ
3464 1747 3572 1800 τῶν
3607 1745 3703 1814 λη-

2132 1845 2271 1899 στῶν
2308 1845 2398 1900 τδν
2424 1845 2657 1900 πλοῦτον
2685 1847 3029 1918 ἀφαιρεθεὶς,
3057 1846 3150 1900 καὶ
3182 1843 3370 1901 δεινῶς
3393 1856 3703 1910 τραυματι-

2131 1939 2280 2002 σθεὶς
2311 1939 2408 1993 καὶ
2469 1939 2874 2009 μωλωπισθεὶς,
2931 1941 3026 1993 καὶ
3083 1937 3288 2006 γυμνὸς
3335 1933 3580 2003 ἀφεθεὶς,
3611 1931 3706 1983 καὶ

2131 2031 2367 2102 ἡμιθνὴς
2415 2031 2698 2100 κείμενος·
2737 2033 2875 2086 ἀλλὰ
2917 2032 3011 2086 και
3069 2030 3174 2085 ὐπὸ
3199 2028 3308 2082 τῶν
3337 2026 3524 2080 κακῶν
3554 2023 3704 2078 πολι-

2129 2121 2239 2176 τῶν
2291 2123 2359 2176 τὰ
2399 2123 2714 2194 ὑπάρχοντα
2771 2122 3115 2192 ἀφαιρεθεὶς,
3167 2122 3261 2175 καὶ
3285 2119 3390 2173 ὐπὸ
3425 2117 3519 2172 τοῦ
3543 2115 3703 2185 λιμοῦ

2131 2213 2226 2268 καὶ
2247 2213 2348 2282 τῆς
2376 2215 2642 2286 κακίστης
2662 2215 2872 2286 τροφῆς
2897 2215 3004 2270 τῶν
3049 2211 3318 2285 κερατίων
3345 2209 3699 2273 κατατακείς.

2697 2328 2950 2384 ΚΕΦᾹΛ.
2982 2328 3146 2384 ΣΞΘ’.

2139 2419 2205 2473 TI
2233 2420 2302 2472 τὸ
2342 2419 2498 2474 οὕτω
2545 2423 2778 2489 γυμνὸν
2818 2420 3251 2489 προσάγεσθαι,
3299 2421 3706 2488 κρατούμενον

2203 2489 2335 2555 ταῖς
2374 2490 2692 2558 ἀγκάλαις,
2724 2491 2824 2545 καί
2854 2493 3241 2555 ὑποπίπτειν,
3265 2492 3363 2545 καὶ
3397 2491 3470 2544 τὰ
3499 2489 3702 2544 λοιπά.

2205 2579 2371 2634 Ὀοεν
2401 2581 2497 2635 καὶ
2531 2583 2947 2651 προσαγομένου
2975 2583 3166 2636 τούτου
3199 2581 3410 2650 γυμνοῦ
3467 2581 3572 2635 ὑπὸ
3597 2582 3707 2634 τῶν

2135 2673 2317 2726 καλῶν
2338 2671 2538 2726 δούλων
2563 2674 2636 2736 ώς
2655 2673 2903 2742 ἀγγέλων
2919 2672 3024 2727 τῶν
3049 2674 3349 2741 ίσαγγέλων
3369 2675 3602 2745 ἀνδρῶν,
3621 2672 3702 2738 τὸ,

2141 2763 2440 2830 «Ἀγκάλας
2479 2764 2749 2832 πατρικὰς
2775 2764 3036 2828 διανοῖξαί
3083 2781 3173 2833 μοι
3220 2760 3704 2832 σπεῦσον,›ὲκφιῖ›-

2135 2872 2239 2917 νως
2267 2854 2472 2925 ᾄδεται.
2523 2855 2630 2907 Καὶ
2682 2854 2840 2922 φῶτα
2895 2855 3222 2920 ἁνάπτεται,
3280 2855 3380 2925 τὴν
3421 2855 3704 2922 διδομένην

2135 2946 2296 3016 χάριν
2342 2947 2436 2998 καὶ
2487 2945 2753 3014 ἐλλαμψιν
2807 2945 2902 2999 καὶ
2950 2945 3050 3013 τὴν
3103 2949 3278 3014 χαρὰν
3301 2943 3562 3014 δηλοῦντα
3599 2941 3700 3013 τὴν

459 3038 802 3085 monstratur
835 3028 1044 3084 laetitia.
1099 3024 1206 3079 Ter
1245 3023 1468 3093 quidem
1519 3018 1829 3091 procumbit
1860 3017 2032 3070 addu-

2134 3034 2478 3106 ἐπουράνιον.
2506 3036 2616 3090 Καὶ
2641 3035 2764 3107 τρὶς
2797 3037 2898 3107 μὲν
2937 3035 3320 3106 προσπίπτειό
3348 3033 3696 3104 προσαγόμε-

460 3130 602 3186 ctus,
658 3129 880 3189 preptcr
906 3115 1232 3170 Trinitatem
1271 3123 1328 3168 et
1358 3109 1746 3184 ingresssionis
1802 3107 2033 3160 ﬁrmita-

461 3225 591 3266 tem.
651 3211 756 3264 Ter
782 3220 960 3263 autem
989 3207 1182 3277 surgit,
1226 3206 1480 3273 quoniam
1513 3217 1544 3255 a
1584 3201 1739 3271 lapsu
1771 3200 2032 3270 erigitur;

462 3314 518 3358 et
541 3301 606 3354 ad
635 3315 816 3354 sacras
850 3299 1031 3352 valvas
1056 3298 1203 3352 velut
1235 3295 1301 3350 ad
1340 3294 1539 3350 etelum
1563 3290 2034 3361 appropinquans,

463 3411 647 3452 coram
721 3393 1014 3464 praelecto,
1088 3400 1344 3459 tanquam
1397 3388 1451 3441 in
1496 3393 1789 3456 conspectu
1863 3383 2037 3438 Patris

465 3486 703 3544 cmlestis
734 3483 1089 3554 provolvitur,
1120 3494 1355 3556 eumque
1380 3487 1438 3532 ut
1467 3478 1611 3532 lilius
1642 3476 1832 3546 procul
1875 3489 2036 3544 pcre-

466 3580 710 3648 grinatus
753 3575 1001 3630 hilariter
1052 3572 1420 3641 amplectitur.
1487 3569 1694 3625 Deinde
1739 3568 1935 3639 surgit,
1983 3576 2037 3621 et

465 3684 645 3723 coram
664 3666 932 3722 fratribus
950 3663 1259 3735 procumbit
1280 3661 1492 3716 veniam
1516 3660 1790 3732 ﬂagitans,
1813 3657 2038 3729 perinde

465 3774 527 3814 ac
558 3758 600 3812 si
635 3757 802 3812 ﬁlium
849 3762 980 3810 natu
1017 3752 1279 3820 majorem
1311 3761 1430 3804 oret
1459 3765 1528 3804 ne
1559 3750 1850 3814 irascatur,
1879 3744 2036 3817 quasi

465 3865 558 3903 eos
589 3847 782 3917 injuria
829 3845 1098 3900 all‘ecisset
1151 3843 1283 3898 dum
1337 3839 1533 3897 stolide
1590 3850 2032 3905 conversaretur,

463 3951 519 3994 ct
556 3955 678 3994 cum
705 3939 786 3994 eis
819 3936 1091 4007 simulque
1121 3948 1247 3990 cum
1281 3932 1443 3988 Patre
1473 3931 1679 3988 ctelesti
1710 3929 2039 3986 reconcilia-

466 4045 574 4086 ῐυΓο

972 4118 1202 4175 CAPUT
1230 4116 1480 4174 CCLXX.

468 4233 646 4298 Quare
673 4235 1046 4300 promissione:
1084 4233 1138 4286 in
1177 4230 1598 4300 interrogatione
1651 4228 1951 4282 consistant
1991 4237 2037 4279 et

537 4305 890 4372 responsione,
944 4306 1097 4369 idque
1147 4302 1265 4370 ﬁeri
1315 4311 1372 4354 ut
1427 4309 1614 4368 sponte
1665 4315 1728 4353 ac
1766 4300 2039 4351 voluntate

534 4374 777 4444 promitti
817 4375 1228 4427 demonstretur.
1645 4389 1660 4397 ν

535 4487 728 4543 Postea
751 4486 973 4556 iubetur
995 4499 1154 4540 aures
1181 4490 1236 4539 et
1277 4497 1339 4537 os
1360 4482 1576 4551 aperire
1601 4495 1944 4551 nequaquam
1979 4481 2036 4536 in

465 4580 753 4636 mendacio
781 4587 836 4633 et
870 4577 1243 4642 simulatione,
1294 4573 1388 4629 sed
1443 4581 1501 4628 ut
1534 4574 1814 4628 veritatem
1857 4574 2038 4642 poeni-

469 4672 651 4725 lentim
713 4685 841 4725 vero
896 4668 1245 4732 conﬁteatur,
1304 4676 1359 4721 et
1414 4666 1782 4735 interrogatus
1832 4663 2038 4719 fatetur

465 4777 625 4829 quam
659 4763 727 4813 ob
759 4776 870 4814 rem
895 4759 1223 4825 accesserit;
1257 4759 1518 4828 quoniam
1550 4758 1718 4812 vitam
1764 4757 2040 4812 desiderat

466 4851 776 4911 asceticam,
826 4858 881 4902 et
931 4849 1106 4916 poscit
1150 4854 1209 4900 ut
1261 4847 1315 4902 in
1368 4850 1594 4902 chorum
1644 4846 2037 4900 monachorum

466 4940 796 5002 ascribatur,
829 4948 884 4992 et
912 4937 1169 5007 quoniam
1201 4939 1438 4994 libenter
1477 4940 1683 5007 absque
1713 4938 2039 4994 necessitate

469 5033 701 5098 accedit,
761 5047 973 5086 necnon
1026 5033 1379 5100 semetipsum
1419 5041 1761 5085 servaturum
1808 5044 1931 5085 esse
1979 5030 2038 5084 in

465 5124 802 5193 virginitate,
841 5124 893 5176 in
925 5123 1175 5177 castitate
1206 5131 1259 5177 ct
1303 5122 1524 5191 pietate,
1559 5121 2040 5191 obcdientiamquc

465 5229 637 5283 usque
665 5214 731 5268 ad
767 5227 997 5268 mortem
1029 5212 1284 5280 pratfccto
1317 5213 1687 5282 praestiturum
1743 5213 2037 5280 promittit,

464 5322 680 5360 omnem
712 5307 875 5361 etiam
910 5305 1312 5360 alllictationem
1337 5305 1718 5372 etangustiam
1751 5317 2036 5372 passurum

468 5408 686 5466 propter
721 5413 944 5465 regnum
978 5396 1242 5451 cmlorum
1288 5404 1343 5449 et
1374 5396 1426 5449 in
1465 5395 1800 5450 monasterio
1837 5396 2041 5450 sacris-

466 5505 574 5556 que
603 5487 1086 5543 exercitationibus
1111 5502 1525 5556 permansurum
1557 5503 1726 5556 usquc
1760 5487 1825 5541 ad
1854 5496 2038 5541 extre-

468 5596 614 5635 mum
655 5581 930 5648 spiritum.
985 5579 1111 5634 "33c
1140 5581 1303 5649 igitur
1327 5581 1594 5648 pllIIICIIIIS
1625 5596 1806 5636 coram
1849 5580 1958 5635 Deo
1987 5591 2038 5635 et

469 5671 800 5736 hominibus,
866 5674 1018 5738 quasi
1061 5673 1250 5725 offerat
1294 5671 1534 5726 Creatori
1571 5672 1895 5727 sacrificium
1947 5690 2040 5728 vo-

2133 3147 2221 3192 νος
2250 3129 2336 3182 διὰ
2359 3128 2458 3199 τὴν
2487 3131 2716 3200 Τριάδα,
2738 3130 2833 3183 καὶ
2858 3130 2919 3183 τὸ
2943 3129 3157 3199 βέϐαιον
3183 3128 3284 3197 τῆς
3311 3128 3700 3198 προσαγωγῆς·

2134 3219 2424 3272 ἀνίσταται
2450 3217 2508 3271 δὲ
2529 3221 2673 3288 τρὶς,
2703 3219 2788 3272 ὃτι
2821 3219 3097 3288 ἐγείρεται
3127 3218 3190 3270 ὲκ
3230 3216 3324 3270 τοῦ
3367 3217 3663 3285 πτώματος
3684 3232 3702 3248 ο

2136 3311 2234 3364 καὶ
2272 3311 2498 3378 ἐγγίσας
2517 3313 2637 3375 ταῖς
2661 3312 2854 3382 Θύραις
2898 3314 3019 3375 ταῖς
3049 3313 3224 3381 ἱεραῖς
3259 3311 3336 3373 ὡς
3363 3310 3441 3381 τῷ
3472 3309 3708 3381 οὐρανῷ,

2134 3402 2213 3471 τῷ
2235 3401 2522 3472 καθηγητῇ
2549 3403 2886 3472 προσπίπτει
2911 3402 2987 3463 ώς
3015 3401 3095 3470 τῷ
3115 3403 3350 3474 οὐρανίῳ
3377 3403 3556 3472 Πατρί
3575 3417 3588 3432 ο
3613 3402 3709 3455 καὶ

2137 3488 2338 3557 ἱλαρῶς
2367 3490 2718 3561 προσδέχεται
2748 3490 2824 3554 ὡς
2850 3492 2876 3544 ὁ
2894 3491 3253 3561 ἀποδημήσας
3281 3492 3418 3555 υίὸς.
3453 3487 3587 3548 Εἶτα
3607 3495 3706 3548 καὶ

2135 3581 2438 3646 ἀνίσταται,
2470 3583 2563 3636 καὶ
2594 3585 2706 3645 τοῖς
2735 3582 2982 3652 ἀδελφοῖς
3011 3583 3312 3636 ὑποπίπτει
3348 3585 3703 3654 συγχώρησιν

2137 3671 2386 3739 ἐξαιτῶν,
2409 3672 2483 3738 ὡς
2512 3674 2649 3740 πρὸς
2681 3674 2773 3729 τὸν
2801 3675 3172 3746 πρεσϐύτερον
3222 3676 3338 3729 υἱὸν
3374 3675 3449 3746 μὴ
3481 3675 3709 3747 ὀργίζε-

2140 3763 2262 3818 σθαι
2292 3767 2644 3837 παρακαλῶν,
2679 3768 2758 3832 ὡς
2811 3770 2906 3823 καὶ
2935 3769 3134 3833 αὐτοὺς
3169 3768 3533 3841 καθυϐρίσας,
3582 3769 3708 3824 ἀλό-

2139 3873 2248 3924 γως
2279 3856 2733 3928 πολιτευσάμενος
2758 3875 2774 3891 ο
2829 3861 2924 3915 καὶ
2967 3860 3179 3925 τούτοις
3207 3862 3325 3932 ἅμα
3369 3861 3447 3932 τῷ
3474 3861 3711 3934 οὐρανίῳ

2140 3947 2316 4017 llatth
2339 3948 2800 4006 καταλλάσσεται.

2721 4125 2972 4185 ΚΕΦᾹΔ.
3010 4131 3128 4186 ΣΟ’.

2141 4235 2304 4288 Διατί
2329 4239 2390 4290 αὶ
2420 4238 2792 4316 ὑποσχέσεις
2819 4242 2890 4316 ἐκ
2916 4242 3223 4316 ἐρωτήσει
3242 4261 3307 4296 τε
3337 4244 3434 4298 καί
3464 4247 3710 4316 ἀποκρῖ-

2459 4325 2555 4363 σει
2575 4325 2588 4338 ·
2619 4310 2716 4363 καὶ
2749 4309 2838 4363 ὅτι
2858 4311 2956 4365 διὰ
2994 4313 3061 4366 τὸ
3087 4314 3393 4369 ἑκούσιον.

2209 4472 2344 4532 Εἶτα
2387 4479 2593 4543 ἀνοῖξαι
2623 4481 2688 4535 τὰ
2714 4474 2831 4536 ὦτα
2857 4483 2952 4536 καὶ
2997 4484 3058 4537 τὸ
3104 4483 3281 4554 στόμα
3309 4484 3708 4552 διακελεύεται,

2138 4569 2231 4623 καὶ
2261 4570 2335 4640 μὴ
2381 4571 2439 4622 ὲν
2500 4572 2789 4643 ὑποκρίσει
2816 4577 2914 4628 καὶ⁹
2973 4575 3249 4647 εἰρωνείᾳ,
3284 4577 3419 4632 ἀλλὰ
3441 4578 3510 4630 τὰ
3535 4577 3714 4648 ἀληθῆ

2137 4661 2237 4732 τῆς
2267 4662 2553 4733 μετανοίας
2582 4664 2799 4732 ἀληθῶς
2823 4667 3226 4735 ἀνομολογῆσαι
3247 4684 3261 4699 ·
3293 4670 3389 4722 καὶ
3415 4669 3709 4739 ἐρωτώμε-

2139 4768 2248 4816 νος,
2282 4752 2643 4822 καθομολογεῖ
2689 4755 2826 4809 διατί
2880 4759 3211 4827 προσῆλθεν.
3279 4761 3408 4813 Ὀτι
3439 4761 3595 4812 ποθεῖ
3619 4763 3711 4813 τὸν

2138 4844 2240 4913 τῆς
2271 4846 2558 4914 ἀσκήσεως
2583 4844 2718 4913 βίον,
2745 4847 2840 4914 καὶ
2869 4851 3252 4920 καταταγῆναι
3285 4848 3364 4920 τῷ
3413 4851 3520 4903 τῶν
3548 4868 3717 4920 μοναο

2140 4936 2340 4999 ζὸντων
2388 4937 2535 5006 χορῷ
2569 4936 2764 5006 ζητεῖ·
2799 4939 2896 4992 καὶ
2943 4941 3026 4993 ὅτι
3077 4941 3364 5006 ἑκουσίως,
3415 4944 3510 4997 καὶ
3545 4946 3715 5014 χωρίς

2139 5031 2384 5098 ἀνάγκης
2412 5031 2808 5101 προσέρχεται·
2832 5035 2924 5086 καὶ
2951 5035 3244 5101 φυλάττειν
3269 5036 3460 5088 ἑαυτὸν
3483 5038 3540 5088 ἐν
3571 5053 3715 5105 παρ-

2140 5121 2292 5192 θενίᾳ
2321 5123 2416 5176 καὶ
2450 5123 2777 5196 σωφροσύνῃ
2809 5127 2902 5178 καὶ
2925 5125 3209 5197 εὐλαϐείᾳ,
3234 5127 3329 5180 καὶ
3368 5127 3562 5192 σώζειν
3585 5129 3716 5199 ἄχρι

2141 5213 2372 5268 Θανάτου
2397 5213 2473 5285 τῷ
2517 5215 2906 5286 προϊσταμένῳ
2951 5215 3049 5287 τὴν
3078 5217 3329 5288 ὑπακοὴν
3377 5221 3718 5287 ὲπαγγέλλε⁴

2140 5323 2230 5357 τκι
2257 5321 2272 5336 ⁸
2307 5306 2399 5357 καὶ
2427 5305 2611 5358 πᾶσαν
2643 5306 2823 5376 ολίψιν
2867 5309 2960 5361 καὶ
3019 5309 3387 5380 στενοχωρίαν
3424 5308 3720 5377 ὑπομένειν

2139 5397 2229 5449 διὰ
2267 5397 2364 5466 τὴν
2402 5396 2680 5466 βασιλείαν
2712 5397 2820 5450 τῶν
2848 5399 3119 5468 οὐρανῶν,
3150 5399 3243 5450 καὶ
3274 5399 3612 5466 παραμένειν
3641 5395 3719 5466 τῷ

2147 5488 2494 5557 μοναττηρὶῳ
2535 5489 2625 5540 καὶ
2657 5490 2724 5557 τῇ
2755 5489 2990 5556 ἀσκήσει
3013 5488 3116 5550 ἕως
3141 5490 3378 5558 ἐσχάτης
3411 5487 3718 5558 ἀναπνοῆς.

2143 5579 2331 5633 Ταῦτα
2356 5580 2448 5632 οὖν
2483 5579 2914 5650 καθυποσχεοεὶς
2944 5580 3176 5632 ἐνώπιον
3217 5580 3354 5632 Θεοῦ
3385 5583 3480 5633 καὶ
3511 5579 3720 5648 ἀνθρώο

2144 5689 2282 5738 πων,
2317 5673 2388 5734 ὡς
2445 5673 2856 5742 προσαγόμενος
2910 5671 3226 5724 ὲοελόουτον
3281 5672 3432 5742 θύμα
3486 5671 3593 5736 ζῶν
3628 5671 3721 5723 καὶ
