4126 6268
422 315 532 379 493

1727 316 1823 376 DE
1865 314 2378 376 PCENITENTIA.

3557 319 3658 378 494

415 425 636 495 λογικὸν
659 423 737 494 τῷ
769 421 1034 488 κτίσαντι,
1067 425 1405 493 κατηχεῖται.
1439 425 1547 477 Καὶ
1585 423 1684 492 τῆς
1708 424 1975 478 τελειοτά-

2094 426 2406 491 luntarium,
2438 427 2619 480 vivum
2649 439 2704 482 et
2731 427 3072 493 rationabile,
3092 420 3417 495 instruitur,
3444 441 3500 487 et
3533 449 3658 504 per-

415 537 517 588 της
551 517 696 583 ζωῆς
749 515 1041 583 ὑφηγεῖται
1075 514 1224 581 αὑτῷ
1253 517 1280 568 ὁ
1331 515 1512 584 ἱερεὺς
1543 520 1642 585 τὴν
1676 515 1980 572 πολιτείαν.

416 609 528 663 Καὶ
548 608 624 667 ὡς
659 603 913 657 πεινάσαι
945 602 1076 670 ἔχει,
1119 605 1214 656 καὶ
1259 605 1506 674 διψῆσαι,
1545 605 1641 658 καὶ
1671 607 1984 674 γυμνητεῦ-

421 719 510 755 σαι
537 699 624 752 διὰ
675 697 933 767 Χριστὸν,
973 698 1064 750 τὸν
1112 697 1283 750 ταῦτα
1331 700 1574 753 παθόντα
1628 701 1770 769 ὑπὲρ
1801 702 1983 772 ἡμῶν,

418 795 512 846 καὶ
535 790 897 855 ὀνειδισθῆναι
927 785 1020 839 καὶ
1049 787 1413 857 χλευασθῆναι
1442 789 1535 842 καὶ
1561 789 1862 861 διωχθῆναι
1888 792 1985 844 καὶ

417 883 594 937 πάντα
647 880 840 932 παθεῖν
897 877 972 929 δι’
1030 878 1216 940 αὐτὸν,
1277 880 1372 931 καὶ
1401 880 1635 952 χαίρειν,
1669 881 1758 934 ὅτε
1809 881 1986 934 ταῦτα

413 975 592 1029 πάντα
617 975 775 1027 πάθοι
801 971 889 1026 διὰ
922 972 1156 1042 Χριστόν
1176 988 1190 1003 ·
1219 971 1318 1023 καὶ
1347 971 1429 1023 ὅτι
1465 972 1692 1042 μεγίστη
1719 972 1751 1040 ἡ
1782 971 1984 1040 δωρεάο

413 1067 510 1118 καὶ
561 1065 814 1134 δεύτερον
870 1064 1153 1134 βάπτισμα
1175 1062 1469 1131 λαμϐάνει,
1513 1065 1609 1122 καὶ
1659 1063 1985 1134 καθαίρεται

413 1157 524 1209 τῶν
553 1155 878 1224 ἀμαρτιῶνο
943 1156 1037 1208 καὶ
1092 1156 1206 1216 υίὸς
1238 1154 1413 1222 φωτὸς
1465 1153 1782 1207 δείκνυται⁶
1833 1153 1928 1206 καὶ
1959 1152 1987 1206 ὁ

414 1249 623 1316 Κύριος
675 1249 836 1318 ἡμῶν
885 1247 976 1300 ἐπ’
1008 1247 1155 1316 αὖτῷ
1185 1246 1366 1317 χαίρει
1405 1245 1545 1314 μετά
1597 1245 1707 1298 τῶν
1734 1245 1986 1314 ἀγγέλων

414 1339 602 1407 αὐτοῦ,
637 1339 782 1393 θύων
833 1337 986 1410 αὐτῷ
1019 1338 1113 1391 τὸν
1177 1339 1378 1407 μόσχον
1405 1337 1497 1390 τὸν
1546 1336 1812 1401 σιτευτὸν,
1847 1337 1986 1406 ὅπερ

414 1434 565 1488 ἐστὶν
596 1432 760 1487 αὐτοῦ
790 1433 852 1484 τὸ
881 1431 1043 1500 σῶμα
1083 1430 1177 1484 καὶ
1200 1426 1360 1498 αἷμα.
1394 1430 1503 1484 Καὶ
1525 1431 1676 1492 ὅπως
1707 1427 1986 1496 ἀντιλογία

411 1523 517 1592 μὲν
558 1523 652 1575 καλ.
675 1519 924 1589 ἀνηκοῖα,
956 1519 1306 1588 ὑπερηφανία
1326 1534 1385 1570 τε
1409 1517 1501 1570 καὶ
1519 1517 1587 1570 τὰ
1614 1515 1779 1570 λοιπὰ
1805 1515 1986 1570 πάντα

415 1611 586 1674 δεινὰ,
618 1612 808 1682 πόρρω
839 1607 950 1663 εἷεν
971 1608 1066 1661 ἀπ’
1086 1606 1274 1674 αὑτοῦ,
1305 1607 1529 1660 πλουτεῖ
1558 1606 1615 1660 δὲ
1661 1607 1762 1676 τὴν
1791 1605 1986 1660 ταπεί-

414 1721 583 1758 νωσιν
605 1704 699 1757 καὶ
727 1703 826 1774 τὴν
855 1701 1100 1770 ὑπακοὴν
1137 1699 1233 1754 καὶ
1277 1698 1634 1768 φιλαδελφίαν
1672 1699 1770 1752 καὶ
1809 1696 1987 1751 ὲπιείο

417 1812 600 1863 κειαν,
631 1794 736 1865 τὴν
759 1792 990 1862 μελέτην
1018 1807 1076 1844 τε
1109 1789 1206 1846 καὶ
1236 1791 1540 1872 ἀνάγνωσιν
1569 1791 1679 1844 τῶν
1710 1789 1869 1843 θείων
1894 1789 1984 1842 λο-

411 1890 575 1958 γίων,
607 1888 702 1941 καὶ
756 1888 989 1957 τήρησιν
1028 1885 1128 1955 τῆς
1166 1883 1402 1956 καρδίας
1432 1883 1540 1936 ἀπὸ
1568 1882 1678 1935 τῶν
1720 1880 1986 1954 ῥυπαρῶν

416 1980 697 2052 λογισμῶν
725 1995 740 2010 °
763 1978 843 2032 ἔτι
875 1978 930 2030 δὲ
959 1975 1220 2047 ἐργασίαν
1257 1975 1356 2046 τὴν
1392 1973 1533 2027 κατά
1574 1972 1806 2042 δύναμιν
1841 1991 1855 2006 ·
1889 1973 1988 2026 καὶ

417 2072 570 2134 τέλος
601 2070 927 2140 ἐξαγγελίαν
974 2068 1083 2122 τῶν
1136 2070 1238 2136 τῆς
1268 2067 1504 2137 καρδίας
1549 2064 1814 2134 κρυπτῶν
1845 2065 1988 2118 κατά

412 2164 516 2224 τὰς
546 2161 693 2230 ἱεράς
727 2179 785 2214 τε
810 2159 902 2212 καὶ
933 2158 1084 2221 θείας
1123 2158 1428 2226 ὑποθήκας.
1460 2155 1553 2209 ίΔι’
1582 2150 1657 2210 ὧν
1686 2155 1986 2222 δείκνυται,

419 2251 494 2313 ὡς
518 2251 625 2317 ἀρα
659 2249 832 2312 καλῶς
857 2247 1069 2318 εἴρηται
1096 2248 1156 2300 τὸ
1192 2247 1382 2317 σχῆμα
1414 2245 1475 2300 τὸ
1502 2243 1668 2315 ἅγιον
1705 2245 1764 2298 ὲν
1795 2245 1860 2314 τῇ
1896 2260 1991 2314 με-

417 2337 609 2406 τανοίᾳ
645 2330 807 2390 εἶναι.

971 2424 1222 2478 ΚΕΦΑΛ.
1269 2424 1439 2476 ΣΟΑἏ

668 2519 730 2571 Τί
761 2518 800 2586 ἡ
832 2515 950 2571 τῶν
977 2515 1193 2585 τριχῶν
1211 2515 1492 2584 σημαίνει
1525 2515 1736 2582 κουρά.

489 2607 676 2663 Ταῦτα
700 2604 794 2661 οὗν
827 2607 1007 2660 πάντα
1037 2604 1484 2675 καθομολογήσας
1535 2603 1624 2655 ἐπ’
1661 2602 1836 2661 ἑλπίδι
1889 2603 1990 2673 τῆς

421 2703 700 2771 δυνάμεως
727 2701 821 2755 τοῦ
845 2698 1108 2772 Χριστοῦ,
1133 2699 1229 2752 καὶ
1256 2695 1658 2766 συνταξάμενος
1689 2697 1747 2748 ὲν
1778 2697 1992 2760 τούτοις

430 2795 612 2862 μένειν
640 2793 766 2863 ἄχρι
797 2793 982 2854 τέλους
1014 2791 1161 2860 ζωῆς
1197 2788 1388 2852 αὐτοῦ,
1420 2787 1686 2848 ἑκουσίως
1716 2788 1823 2856 γὰρ
1854 2788 1994 2856 Χρι-

424 2884 533 2954 στῷ
567 2883 898 2950 ἀνατίθεται,
957 2883 1200 2951 κείρεται
1255 2877 1621 2950 σταυροειδῶς
1670 2876 1770 2941 τὰς
1796 2878 1994 2950 τρίχας

420 2976 519 3045 τῆς
544 2976 790 3046 κεφαλῆς
825 2979 905 3038 είς
929 2975 988 3029 τὸ
1008 2975 1180 3044 δνομα
1209 2973 1308 3044 τῆς
1331 2971 1561 3042 Τριάδος
1589 2987 1604 3004 ο
1641 2971 1731 3025 διά
1761 2971 1860 3042 μὲν
1887 2971 1994 3043 τῆς

2090 514 2400 571 fectissimae
2439 517 2564 573 vitae
2585 518 3053 575 conversationem
3091 520 3240 574 illum
3281 520 3441 576 docet
3469 537 3654 579 sacer-

2089 609 2209 673 dos,
2261 609 2437 678 aperit
2486 610 2649 664 etiam
2702 617 2964 679 quantum
3021 612 3232 667 esurire
3277 613 3549 683 Oportebit
3604 625 3660 669 et

2089 698 2244 753 sitire
2299 708 2354 754 et
2410 701 2592 756 nudus
2624 716 2744 757 esse
2783 709 3010 772 propter
3061 701 3340 758 Christum
3393 705 3485 775 qui
3532 707 3657 762 talia

2088 799 2309 860 propter
2355 806 2458 847 nos
2512 793 2784 859 toleravit,
2829 809 3045 849 necnon
3094 793 3310 864 injuriis
3355 796 3549 853 lacessi
3600 807 3658 854 et

2089 881 2261 948 illudi,
2326 891 2380 937 et
2437 885 2868 952 persecutionem
2921 885 3033 955 pati
3089 887 3383 956 omniaque
3432 899 3657 959 pr0pter

2089 987 2214 1026 eum
2269 973 2432 1039 ferre,
2488 982 2542 1028 et
2569 975 2805 1043 gaudere
2834 977 3052 1044 quando
3079 977 3178 1032 ista
3210 978 3392 1031 omnia
3434 988 3659 1049 propter

2087 1062 2363 1118 Christum
2395 1065 2652 1134 patietur,
2716 1075 2772 1120 et
2796 1069 3057 1135 quoniam
3105 1069 3206 1123 hoc
3234 1077 3322 1123 est
3353 1070 3655 1124 maximum

2089 1152 2316 1220 donum,
2345 1162 2402 1210 et
2436 1155 2561 1224 quia
2593 1156 2898 1211 secundum
2933 1158 3130 1227 accipit
3158 1159 3508 1227 baptismum,
3544 1171 3598 1216 et
3628 1177 3660 1216 a

2088 1245 2327 1313 peccatis
2370 1246 2686 1312 mandatur,
2735 1255 2791 1302 et
2848 1249 2991 1302 ﬁlius
3048 1250 3188 1303 lucis
3243 1253 3570 1320 ostenditur,
3604 1265 3663 1308 et

2090 1326 2352 1386 Dominus
2379 1341 2566 1388 noster
2611 1336 2679 1388 de
2733 1349 2799 1389 eo
2848 1337 3047 1402 gaudet
3103 1352 3226 1392 cum
3263 1340 3470 1406 angelis
3516 1342 3656 1410 ejus,

2089 1420 2343 1476 occidens
2393 1423 2443 1478 ei
2482 1425 2706 1479 vitulum
2741 1427 3068 1497 saginatum,
3095 1429 3238 1498 quod
3266 1439 3350 1484 est
3377 1431 3512 1500 {ejus
3537 1446 3662 1487 cor-

2090 1525 2196 1580 pus
2216 1518 2272 1566 et
2301 1514 2523 1584 sanguis
2549 1531 2564 1580 ;
2618 1516 2824 1572 indicat
2849 1517 3014 1574 etiam
3042 1520 3318 1586 quomodo
3345 1521 3576 1577 rebellio
3605 1531 3660 1577 et

2091 1599 2462 1658 inobedientia
2493 1613 2658 1675 atque
2687 1608 2942 1676 superbia
2971 1618 3276 1680 cmteraque
3300 1613 3441 1667 mala
3474 1614 3658 1670 omnia

2087 1693 2276 1760 procul
2319 1694 2390 1749 ab
2413 1709 2482 1750 eo
2509 1696 2688 1751 fututa
2719 1699 2852 1766 sint,
2885 1701 2979 1757 scd
3020 1716 3142 1756 eum
3164 1703 3384 1758 divitem
3417 1703 3655 1760 futurum

2089 1796 2212 1836 esse
2257 1784 2584 1853 humilitate,
2638 1789 2989 1856 obetlientia,
3043 1792 3281 1848 fraterna
3339 1796 3654 1859 dilectione,

2090 1874 2536 1942 mansuetudine,
2569 1877 2925 1937 meditatione
2960 1890 3012 1936 et
3043 1883 3320 1950 agnitione
3349 1885 3656 1941 divinorum

2089 1977 2427 2033 sermonum,
2461 1982 2673 2023 necnon
2697 1983 2794 2024 cor
2812 1985 2934 2026 esse
2965 1983 3306 2029 servaturum
3334 1976 3402 2031 ab
3429 1977 3660 2047 impuris

2090 2058 2506 2124 cogitationibus
2535 2069 2588 2115 et
2603 2073 2866 2132 quantum
2900 2065 3096 2134 poterit
3112 2077 3486 2137 operaturum.
3509 2069 3662 2126 Deni-

2089 2160 2195 2214 que
2224 2148 2537 2204 abscondita
2559 2153 2736 2207 cordis
2767 2155 3081 2211 manifestat
3104 2159 3406 2213 secundum
3441 2172 3660 2217 sanctas

2089 2237 2408 2309 divinasque
2425 2241 2816 2298 institutiones.
2845 2245 3051 2310 Quibus
3067 2249 3390 2315 ostenditur,
3413 2252 3658 2307 habitum

2093 2340 2339 2383 sanctum
2371 2345 2514 2397 esse,
2541 2342 2701 2403 prout
2735 2344 2880 2390 recte
2927 2337 3181 2406 diximus,
3229 2339 3282 2394 in
3317 2343 3657 2411 poenitentia.

2601 2421 2832 2478 CAPUT
2869 2423 3144 2482 CCLXXI.

2373 2510 2514 2575 Quid
2537 2513 2733 2567 indicet
2775 2525 2994 2570 tonsura
3033 2521 3374 2589 capillorum.

2162 2597 2368 2655 Idcirco
2424 2601 2539 2656 lucc
2586 2604 2770 2658 omnia
2824 2605 3108 2663 confessus
3172 2610 3227 2666 in
3283 2626 3382 2681 spe
3442 2613 3695 2671 virtutis

2090 2691 2291 2747 Christi
2314 2731 2330 2756 ,
2369 2703 2424 2748 et
2460 2693 2719 2751 fratribus
2751 2705 3036 2768 cooptatus
3071 2702 3213 2758 inter
3249 2717 3344 2760 eos
3383 2720 3554 2777 usque
3591 2709 3660 2763 ad

2094 2781 2255 2837 ﬁnem
2285 2784 2412 2840 vita:
2443 2800 2554 2840 sure
2581 2802 2988 2857 permansurus,
3010 2791 3246 2848 libenter
3267 2796 3415 2852 enim
3442 2798 3661 2855 Christo

2093 2873 2335 2942 dicatur,
2370 2875 2423 2930 in
2452 2877 2674 2933 modum
2709 2880 2888 2935 crucis
2922 2881 3134 2952 capillis
3163 2885 3359 2956 capitis
3397 2889 3661 2946 tondetur

2093 2962 2150 3016 in
2193 2965 2420 3021 nomine
2452 2966 2754 3035 Trinitatis,
2791 2985 2891 3040 per
2923 2969 3247 3030 Trinitatem
3281 2989 3658 3050 consecratus,

419 3068 650 3138 Τριάδος
675 3066 1017 3137 τελούμενος,
1048 3064 1138 3119 διὰ
1167 3065 1223 3118 δὲ
1248 3061 1345 3118 τοῦ
1395 3059 1634 3134 σταυροῦ
1656 3061 1756 3133 τὴν
1782 3061 1988 3133 νέκρω-

2095 3069 2189 3124 per
2231 3071 2449 3112 crucem
2492 3074 2624 3115 vero
2664 3075 2725 3116 se
2773 3071 3044 3119 mortuum
3091 3067 3297 3124 mundo
3329 3073 3656 3138 ostendens,

420 3175 508 3212 σιν
529 3159 622 3212 τοῦ
666 3160 875 3229 κόσμου
905 3157 1102 3229 δηλῶν,
1135 3156 1230 3209 καὶ
1283 3154 1718 3225 σφραγιζόμενος
1739 3152 1819 3224 τῷ
1849 3154 1990 3225 ὑπὲρ

425 3249 578 3320 19],
610 3251 766 3320 ἡμῶν
822 3249 1224 3319 σταυρωθέντι·
1274 3247 1364 3301 διὰ
1412 3245 1470 3300 δὲ
1517 3246 1618 3316 τῆς
1649 3246 1994 3315 ἀφαιρέσεως

421 3345 516 3397 καὶ
544 3342 744 3410 κουρᾶς
765 3341 873 3394 τῶν
901 3340 1102 3410 τριχῶν
1126 3338 1381 3408 ἀπαρχὴν
1413 3339 1478 3390 ὲκ
1511 3337 1606 3390 τοῦ
1640 3337 1894 3406 σώματος
1919 3337 1995 3401 ὡς

420 3429 612 3490 θυσίαν
642 3430 966 3501 προσφέρων
992 3431 1070 3501 τῷ
1095 3429 1284 3500 Κυρίῳ
1305 3446 1320 3464 ο
1352 3430 1434 3483 ὅτι
1467 3430 1589 3491 ὅλος
1624 3429 1992 3500 προσάγεται,

423 3523 518 3576 καὶ
545 3522 868 3591 ἀφιεροῦται
897 3521 1138 3590 Χριστῷ,
1189 3521 1285 3574 καὶ
1313 3521 1388 3584 ὡς
1413 3521 1504 3590 ⁴τὰ
1544 3519 1786 3591 περιττὰ
1817 3520 1994 3574 πάντα

422 3617 518 3671 καὶ
543 3615 616 3668 τά
642 3613 736 3668 τοῦ
765 3613 973 3683 κόσμου
1006 3611 1428 3682 ἀποτιθέμενος.

964 3728 1214 3784 ΚΕΦΑΛ.
1266 3727 1434 3781 ΣΟΒ’.

528 3821 630 3890 Τίς
657 3822 694 3891 ἡ
718 3820 971 3890 δύναμις
994 3819 1115 3874 τῶν
1136 3819 1250 3887 πρὸ
1281 3817 1392 3888 τῆς
1413 3819 1638 3890 κουρᾶς
1662 3820 1885 3890 εὐχῶν.

495 3979 610 4050 Πρδ
638 3979 736 4050 τῆς
776 3978 981 4049 κουρᾶς
1025 3977 1102 4044 δὲ,
1156 3976 1294 4048 μετά
1321 3975 1422 4039 τὰς
1455 3977 1804 4047 ὑποσχέσεις,
1827 3978 1996 4052 εὐχὰς

425 4074 577 4145 παρά
602 4071 696 4126 τοῦ
723 4073 910 4142 ίερέως
929 4072 1140 4141 δέχεται
1166 4069 1339 4141 ἱεράς.
1375 4071 1485 4124 Καὶ
1511 4073 1543 4141 ή
1579 4072 1676 4141 μὲν
1709 4072 1880 4139 ἔστιν,
1907 4074 1995 4129 ἵνα

423 4169 453 4218 ὁ
485 4162 893 4234 πανοικτίρμων
914 4163 1048 4226 Θεὸς
1073 4161 1394 4228 ὑποδέξαιτο
1447 4162 1614 4216 αὑτὸν
1655 4163 1732 4226 ὡς
1755 4165 1993 4233 προσελ-

425 4255 588 4309 θόντα
608 4293 624 4320 ,
657 4257 750 4308 καί
781 4252 1214 4321 ὑπαγκαλίσαιτο
1240 4252 1315 4316 ὡς
1337 4251 1428 4305 τὸν
1447 4252 1678 4320 ἄσωτον,
1705 4253 1802 4307 καὶ
1827 4254 1926 4307 ὑπε
1937 4272 1994 4324 ρ-

425 4344 657 4398 ασπίσαι
712 4343 878 4396 αὑτοῦ
911 4342 1000 4395 διὰ
1026 4342 1154 4404 τοὺς
1194 4343 1280 4394 ἀεὶ
1337 4340 1716 4410 πολεμοῦντας
1736 4357 1751 4373 ·
1781 4343 1878 4395 καὶ
1903 4342 1993 4395 ίνα

2093 3154 2148 3201 et
2187 3149 2546 3207 conﬁrmatus
2592 3153 2642 3208 ei
2689 3155 2781 3224 qui
2837 3171 2937 3226 pro
2985 3158 3144 3215 nobis
3189 3160 3659 3234 fuitcrucilixus;

2094 3252 2191 3307 per
2227 3249 2509 3298 tonsuram
2543 3252 2726 3301 autem
2759 3254 2815 3303 et
2843 3263 3088 3306 rasuram
3123 3253 3314 3323 capitis
3355 3258 3510 3325 quasi
3549 3261 3664 3328 pri-

2093 3331 2276 3387 mitias
2302 3348 2367 3388 ex
2396 3350 2626 3405 corpore
2657 3337 2714 3392 in
2746 3341 3074 3398 sacriﬁcium
3107 3344 3218 3401 Deo
3248 3347 3488 3414 oll'erret,
3519 3347 3661 3422 quo-

2094 3422 2240 3476 niam
2289 3422 2406 3492 ipse
2448 3433 2595 3481 totus
2640 3427 2868 3484 olIertur
2914 3438 2970 3488 ct
3015 3432 3246 3491 Domino
3281 3450 3657 3511 consecratur,

2093 3523 2148 3567 et
2179 3515 2333 3584 quasi
2365 3515 2548 3570 omnia
2583 3519 2852 3588 superﬂua
2884 3530 2939 3577 et
2966 3525 3243 3583 mundana
3279 3529 3572 3601 abjiceret.

2585 3722 2816 3778 CAPUT
2855 3725 3152 3783 CCLXXII.

2095 3809 2355 3878 Quaenam
2383 3810 2705 3882 signiﬁcatio
2734 3829 2946 3882 precum
2987 3836 3102 3888 qua:
3138 3829 3372 3880 tonsum
3421 3831 3664 3896 praemito

2787 3893 2992 3937 (untur.
3079 3915 3086 3922 ο

2811 3897 2992 3942 untur.
3079 3915 3086 3922 ·

2164 3977 2234 4029 At
2263 3983 2388 4031 ante
2412 3985 2713 4046 tonsuram,
2740 3987 2868 4048 post
2894 3991 3141 4035 votorum
3164 3988 3658 4056 nuncupationem,
3709 4038 3713 4042 .

2095 4080 2284 4135 preces
2329 4081 2512 4122 sacras
2549 4082 2581 4121 a
2624 4069 2910 4124 sacerdote
2953 4071 3176 4140 accipit.
3214 4073 3392 4130 Prima
3439 4077 3660 4146 quidem

2096 4166 2261 4212 estut
2283 4159 2444 4215 totius
2468 4159 2856 4216 misericordiae
2879 4163 3022 4218 Deus
3048 4164 3198 4218 illum
3228 4175 3287 4220 ut
3314 4170 3664 4230 accedentem

2095 4248 2376 4318 suscipiat,
2414 4259 2470 4304 et
2517 4252 2878 4322 amplectatur
2906 4263 2966 4310 ut
2991 4255 3314 4328 prodigum,
3347 4269 3401 4314 et
3447 4269 3665 4318 tueatur

2097 4336 2358 4393 adversus
2419 4339 2669 4396 inimicos
2727 4340 2931 4413 jugiter
3002 4347 3401 4415 aggredicntes.
3485 4349 3666 4421 thue

427 4437 658 4490 πάντοτε
689 4434 786 4488 σὺν
827 4433 974 4502 αὐτῷ
1003 4429 1064 4506 ᾖ,
1091 4431 1417 4501 ξεύφραίνων
1449 4429 1612 4484 αὐτοῦ
1646 4433 1741 4484 καὶ
1769 4432 1990 4500 γλυκαί-

2100 4442 2316 4498 sempcr
2348 4429 2418 4485 sit
2445 4445 2570 4485 cum
2605 4447 2692 4496 eo,
2718 4432 2998 4489 delectans
3027 4445 3082 4490 et
3111 4437 3395 4493 lastiﬁeans
3420 4455 3514 4494 cor
3544 4441 3665 4511 ejus

425 4541 534 4579 νων
553 4530 652 4595 τὴν
682 4525 908 4594 καρδίαν
929 4527 995 4592 τῇ
1029 4523 1373 4592 παρακλήσει
1425 4521 1522 4575 τοῦ
1559 4521 1707 4575 θείου
1744 4523 1994 4594 Πνεῦμα-

425 4633 536 4682 τος,
568 4615 733 4682 ἀξιῶν
767 4615 928 4667 αὐτὸν
951 4613 1047 4668 καὶ
1074 4614 1174 4680 τῆς
1233 4613 1452 4683 μερίδος
1479 4612 1588 4665 τῶν
1615 4612 1800 4680 ὁσίων,
1833 4607 1910 4669 ὢν
1938 4613 1998 4666 τὸ

428 4707 619 4776 σχῆμα
665 4705 927 4770 ἐνδύεται,
981 4705 1071 4758 ἵνα
1103 4705 1199 4758 καὶ
1249 4705 1348 4757 σὺν
1394 4704 1578 4768 αὐτοῖς
1607 4704 1999 4776 κληρονομήσῃ

427 4798 525 4868 τὴν
561 4797 838 4867 βασιλείαν
868 4795 976 4848 τῶν
997 4794 1266 4864 οὐρανῶν,
1288 4796 1345 4848 ὲν
1376 4794 1526 4864 αὖτῷ
1555 4795 1632 4866 τῷ
1652 4796 1900 4866 Χριστῷ,
1937 4797 2000 4848 ὃν

426 4891 524 4943 καὶ
551 4889 764 4956 εὐλογεῖ
797 4889 895 4941 σὺν
929 4886 1005 4956 τῷ
1047 4887 1224 4956 Πατρί
1257 4887 1350 4940 καὶ
1380 4885 1457 4956 τῷ
1489 4886 1792 4956 Πνεὺματι.
1843 4886 1995 4956 Αὕτη

426 4980 533 5050 γὰρ
564 4981 598 5051 ἡ
624 4980 818 5049 κλῆσις
849 4978 1027 5030 πάντα
1061 4978 1129 5031 τὰ
1159 4978 1276 5029 θεία
1305 4977 1509 5044 δίδωσι,
1550 4977 1644 5029 καὶ
1673 4977 1764 5029 τὸν
1811 4976 2000 5030 τελούο

431 5089 590 5142 μενον
613 5071 829 5124 τελειοῖ.
858 5071 1093 5123 Ἔπειτα
1125 5069 1434 5138 σφραγίσας
1472 5069 1656 5134 αὑτὸν,
1711 5070 1810 5122 καὶ
1860 5073 1996 5140 πρὸς

434 5163 697 5225 ἀνατολὰς
742 5161 1024 5231 στραφεὶς,
1083 5160 1181 5230 τὴν
1230 5160 1565 5228 τελεωτέραν
1596 5160 1745 5226 λέγει
1797 5161 1986 5231 εὐχὴν,

428 5255 516 5307 ἐπ’
539 5256 766 5323 ἐδάφους
790 5254 1042 5322 κειμένου
1077 5251 1170 5305 τοῦ
1218 5251 1570 5320 τελουμένου.
1619 5269 1637 5302 ι
1678 5252 1738 5305 '0
1772 5250 1869 5315 ὣν,
1901 5253 1999 5305 Δέ-

429 5362 623 5413 σποτα,
657 5345 849 5415 Κύριε,
875 5346 902 5396 ὁ
952 5344 1089 5413 μετά
1122 5342 1214 5394 τοῦ
1248 5342 1450 5405 ζῶντος
1498 5343 1595 5396 καὶ
1625 5344 1995 5397 ἐνυποστάτου

425 5437 603 5505 Λόγου
635 5453 753 5503 σου,
783 5437 878 5489 καὶ
909 5433 1004 5487 τοῦ
1034 5434 1187 5504 παρά
1216 5431 1309 5485 σοῦ
1345 5433 1787 5504 ἐκπορευομένου
1824 5434 1994 5487 Ilvati-

429 5542 598 5594 ματος
625 5526 724 5595 τῆς
758 5524 1016 5596 ἀληθείας
1041 5539 1056 5554 ⁸
1099 5543 1118 5576 ι
1158 5522 1217 5576 ὃν
1249 5523 1343 5576 καὶ
1381 5523 1512 5577 θεὸν
1532 5524 1777 5590 ἀγγέλων
1807 5527 1995 5594 φησίν,

423 5611 470 5686 ᾧ
506 5620 602 5672 καὶ
623 5617 692 5670 τὰ
725 5618 977 5687 Σεραφὶμ
1011 5615 1378 5686 παρίστανται
1402 5615 1767 5683 ἀνυμνοῦντα,
1809 5618 1902 5668 καὶ
1937 5617 1999 5669 τὸ

432 5709 550 5778 φῶς
597 5707 659 5762 τὸ
705 5707 956 5778 ἀληθινὸν
1011 5707 1072 5760 τὸ
1131 5704 1364 5774 φωτίζον
1423 5705 1626 5773 πάντα,
1662 5704 1824 5764 αὐτὸν
1858 5701 1996 5761 εἶναι

2101 4519 2472 4577 consolatione
2523 4520 2793 4592 Spiritus,
2842 4537 2966 4578 eum
3019 4525 3251 4593 dignans
3308 4529 3398 4596 qui
3452 4541 3661 4598 partem

2100 4610 2297 4666 habeat
2340 4625 2462 4664 cum
2515 4611 2721 4667 sanctis
2765 4626 2997 4682 quorum
3045 4613 3220 4668 induit
3269 4613 3555 4682 habitum;
3607 4631 3665 4674 ut

2100 4715 2223 4756 cum
2279 4700 2359 4754 eis
2411 4710 2777 4768 consequatur
2833 4717 3057 4772 regnum
3115 4703 3377 4758 caelorum
3433 4707 3486 4760 in
3548 4707 3668 4776 ipso

2097 4791 2316 4846 Christo
2346 4806 2506 4860 quem
2547 4791 2823 4846 benedicit
2855 4808 2980 4846 cum
3014 4793 3174 4847 Patre
3206 4802 3260 4848 et
3295 4794 3539 4864 Spiritu;
3575 4797 3665 4851 illa

2099 4882 2244 4937 enim
2280 4882 2554 4937 invocatio
2584 4882 2768 4938 divina
2801 4882 2894 4938 dat
2924 4883 3108 4937 onmia
3138 4894 3193 4938 et
3224 4884 3500 4941 initiatum
3541 4903 3668 4958 pcr-
3743 4881 3747 4884 ’

2100 4972 2230 5026 Ilcit.
2257 4970 2461 5027 Deinde
2487 4987 2610 5028 eum
2642 4973 2863 5044 signans
2887 4983 2942 5028 et
2974 4974 3041 5029 ad
3072 4975 3341 5030 orientem
3366 4991 3665 5034 conversus

2099 5062 2484 5132 perfectiorem
2538 5065 2673 5120 dicit
2713 5066 3020 5120 oralionem
3048 5106 3062 5132 ,
3099 5067 3315 5122 initiato
3354 5069 3572 5139 jacente
3608 5071 3665 5125 in

2098 5155 2414 5228 pavimento
2446 5173 2459 5210 :
2494 5175 2512 5209 ι
2547 5158 2586 5209 0
2614 5167 2669 5210 tu
2697 5158 2791 5223 qui
2825 5173 2906 5223 es,
2938 5157 3166 5212 Domine
3193 5158 3357 5224 Deus,
3385 5175 3508 5214 cum
3543 5163 3667 5216 vivo

2099 5259 2153 5304 et
2193 5251 2646 5307 consubstantiali
2687 5255 2862 5308 Verbo
2895 5265 3022 5321 tuo,
3065 5267 3120 5311 et
3168 5255 3495 5326 procedente
3535 5269 3566 5308 a
3614 5263 3668 5309 te

2101 5337 2311 5407 Spiritu
2368 5338 2707 5395 veritatis....
2771 5361 2789 5393 ›
2824 5382 2838 5408 ,
2905 5360 3069 5413 quem
3124 5344 3292 5400 Deum
3347 5344 3665 5414 angelorum
3713 5344 3717 5348 ⁷

2099 5430 2362 5500 appellat,
2404 5431 2491 5486 cui
2545 5431 2830 5505 Seraphim
2878 5437 3221 5492 concinendo
3269 5437 3670 5506 circumstant,

2099 5537 2335 5592 eumque
2371 5539 2558 5579 verum
2593 5540 2716 5580 esse
2764 5526 2946 5580 lumen
2991 5543 3101 5585 nuo
3141 5529 3518 5582 illinninantur
3553 5544 3674 5582 om-

2099 5615 2214 5681 nia,
2235 5619 2388 5688 cujus
2421 5619 2714 5688 splendore
2746 5628 2993 5689 stupent,
3027 5630 3136 5675 lota
3160 5635 3522 5690 supernorum
3558 5624 3671 5692 pri-

2101 5706 2500 5777 tnogenitorum
2559 5709 2796 5765 Ecclesia
2871 5719 3136 5778 testatur,
3192 5721 3248 5766 ct
3306 5719 3560 5785 precatur
3615 5723 3674 5766 ut

2288 5917 2344 5961 ἢ
